  <div class='ocr_page' id='page_1' title='image "/cluster/home/n/w/nwhite01/storage/ocr_20150623/19/hvd.32044015471345/191.png"; bbox 0 0 3994 6314; ppageno 0'>
   <div class='ocr_carea' id='block_1_1' title="bbox 362 248 3660 333">
    <p class='ocr_par' dir='ltr' id='par_1_1' title="bbox 362 248 3660 333">
     <span class='ocr_line' id='line_1_1' title="bbox 362 248 3660 333; baseline -0.002 -3"><span class='ocrx_word' id='word_1_1' title='bbox 362 273 472 331; x_wconf 74' lang='lat'><strong>375</strong></span> <span class='ocrx_word' id='word_1_2' title='bbox 1024 248 1034 259; x_wconf 89' lang='grc'><em>’</em></span> <span class='ocrx_word' id='word_1_3' title='bbox 1436 269 1786 333; x_wconf 78' lang='lat' dir='ltr'><strong><em>APPENDIX</em></strong></span> <span class='ocrx_word' id='word_1_4' title='bbox 1823 270 1917 325; x_wconf 82' lang='lat' dir='ltr'><strong><em>AD</em></strong></span> <span class='ocrx_word' id='word_1_5' title='bbox 1954 266 2191 326; x_wconf 70' lang='lat' dir='ltr'><strong><em>orsus</em></strong></span> <span class='ocrx_word' id='word_1_6' title='bbox 2226 267 2536 327; x_wconf 73' lang='lat' dir='ltr'><strong><em>suvnucn.</em></strong></span> <span class='ocrx_word' id='word_1_7' title='bbox 3561 265 3660 325; x_wconf 75' lang='lat'><strong><em>576</em></strong></span> 
     </span>
    </p>
   </div>
   <div class='ocr_carea' id='block_1_2' title="bbox 366 382 3386 461">
    <p class='ocr_par' dir='ltr' id='par_1_2' title="bbox 366 382 3386 461">
     <span class='ocr_line' id='line_1_2' title="bbox 366 382 3386 461; baseline 0.001 -20"><span class='ocrx_word' id='word_1_8' title='bbox 366 383 506 441; x_wconf 74' lang='grc'><strong>1215</strong></span> <span class='ocrx_word' id='word_1_9' title='bbox 526 383 764 456; x_wconf 80' lang='lat' dir='ltr'><strong><em>Namque</em></strong></span> <span class='ocrx_word' id='word_1_10' title='bbox 790 384 866 440; x_wconf 88' lang='lat' dir='ltr'><strong><em>ita</em></strong></span> <span class='ocrx_word' id='word_1_11' title='bbox 895 382 958 439; x_wconf 91' lang='lat' dir='ltr'><strong><em>de</em></strong></span> <span class='ocrx_word' id='word_1_12' title='bbox 984 386 1145 458; x_wconf 82' lang='lat' dir='ltr'><strong><em>gestis</em></strong></span> <span class='ocrx_word' id='word_1_13' title='bbox 1164 396 1379 442; x_wconf 85' lang='lat' dir='ltr'><strong><em>ventura</em></strong></span> <span class='ocrx_word' id='word_1_14' title='bbox 1406 388 1635 461; x_wconf 89' lang='lat' dir='ltr'><strong><em>insignia</em></strong></span> <span class='ocrx_word' id='word_1_15' title='bbox 1659 389 1863 461; x_wconf 79' lang='lat' dir='ltr'><strong><em>formis,</em></strong></span> <span class='ocrx_word' id='word_1_16' title='bbox 1991 386 2038 446; x_wconf 87' lang='lat' dir='ltr'><strong>A</strong></span> <span class='ocrx_word' id='word_1_17' title='bbox 2212 383 2457 458; x_wconf 77' lang='lat' dir='ltr'><strong><em>Allegant</em></strong></span> <span class='ocrx_word' id='word_1_18' title='bbox 2485 384 2685 442; x_wconf 78' lang='lat' dir='ltr'><strong><em>nescire</em></strong></span> <span class='ocrx_word' id='word_1_19' title='bbox 2717 384 2890 454; x_wconf 83' lang='lat' dir='ltr'><strong><em>dolos,</em></strong></span> <span class='ocrx_word' id='word_1_20' title='bbox 2921 401 3129 455; x_wconf 81' lang='lat' dir='ltr'><strong><em>seseque</em></strong></span> <span class='ocrx_word' id='word_1_21' title='bbox 3156 389 3386 459; x_wconf 82' lang='lat' dir='ltr'><strong><em>fatentur</em></strong></span> 
     </span>
    </p>
   </div>
   <div class='ocr_carea' id='block_1_3' title="bbox 515 475 3505 553">
    <p class='ocr_par' dir='ltr' id='par_1_3' title="bbox 515 475 3505 553">
     <span class='ocr_line' id='line_1_3' title="bbox 515 475 3505 553; baseline 0 -20"><span class='ocrx_word' id='word_1_22' title='bbox 515 476 584 533; x_wconf 87' lang='lat' dir='ltr'><strong><em>Ut</em></strong></span> <span class='ocrx_word' id='word_1_23' title='bbox 616 484 814 545; x_wconf 88' lang='lat' dir='ltr'><strong><em>septem</em></strong></span> <span class='ocrx_word' id='word_1_24' title='bbox 835 476 1081 550; x_wconf 75' lang='lat' dir='ltr'><strong><em>foecunda</em></strong></span> <span class='ocrx_word' id='word_1_25' title='bbox 1107 480 1238 534; x_wconf 87' lang='lat' dir='ltr'><strong><em>satis</em></strong></span> <span class='ocrx_word' id='word_1_26' title='bbox 1268 484 1334 536; x_wconf 88' lang='lat' dir='ltr'><strong><em>sit</em></strong></span> <span class='ocrx_word' id='word_1_27' title='bbox 1358 490 1495 537; x_wconf 91' lang='lat' dir='ltr'><strong><em>terra</em></strong></span> <span class='ocrx_word' id='word_1_28' title='bbox 1527 498 1618 553; x_wconf 88' lang='lat' dir='ltr'><strong><em>per</em></strong></span> <span class='ocrx_word' id='word_1_29' title='bbox 1642 498 1827 551; x_wconf 89' lang='lat' dir='ltr'><strong><em>annos,</em></strong></span> <span class='ocrx_word' id='word_1_30' title='bbox 2219 475 2312 533; x_wconf 88' lang='lat' dir='ltr'><strong><em>Bis</em></strong></span> <span class='ocrx_word' id='word_1_31' title='bbox 2340 494 2488 534; x_wconf 90' lang='lat' dir='ltr'><strong><em>senos</em></strong></span> <span class='ocrx_word' id='word_1_32' title='bbox 2516 480 2786 551; x_wconf 85' lang='lat' dir='ltr'><strong><em>quondam</em></strong></span> <span class='ocrx_word' id='word_1_33' title='bbox 2812 481 3004 552; x_wconf 76' lang='lat' dir='ltr'><strong><em>fratres</em></strong></span> <span class='ocrx_word' id='word_1_34' title='bbox 3032 481 3261 552; x_wconf 90' lang='lat' dir='ltr'><strong><em>genitore</em></strong></span> <span class='ocrx_word' id='word_1_35' title='bbox 3284 479 3377 536; x_wconf 91' lang='lat' dir='ltr'><strong><em>sub</em></strong></span> <span class='ocrx_word' id='word_1_36' title='bbox 3401 495 3505 535; x_wconf 90' lang='lat' dir='ltr'><strong><em>uno</em></strong></span> 
     </span>
    </p>
   </div>
   <div class='ocr_carea' id='block_1_4' title="bbox 512 569 3637 653">
    <p class='ocr_par' dir='ltr' id='par_1_4' title="bbox 512 569 3637 653">
     <span class='ocr_line' id='line_1_4' title="bbox 512 569 3637 653; baseline -0 -25"><span class='ocrx_word' id='word_1_37' title='bbox 512 574 676 645; x_wconf 82' lang='lat' dir='ltr'><strong><em>Atque</em></strong></span> <span class='ocrx_word' id='word_1_38' title='bbox 694 574 886 645; x_wconf 91' lang='lat' dir='ltr'><strong><em>famem</em></strong></span> <span class='ocrx_word' id='word_1_39' title='bbox 910 574 1082 630; x_wconf 89' lang='lat' dir='ltr'><strong><em>diram</em></strong></span> <span class='ocrx_word' id='word_1_40' title='bbox 1104 576 1262 648; x_wconf 79' lang='lat' dir='ltr'><strong><em>parili</em></strong></span> <span class='ocrx_word' id='word_1_41' title='bbox 1289 593 1409 632; x_wconf 88' lang='lat' dir='ltr'><strong><em>cum</em></strong></span> <span class='ocrx_word' id='word_1_42' title='bbox 1428 587 1658 650; x_wconf 89' lang='lat' dir='ltr'><strong><em>tempore</em></strong></span> <span class='ocrx_word' id='word_1_43' title='bbox 1684 579 1897 653; x_wconf 84' lang='lat' dir='ltr'><strong><em>gignat:</em></strong></span> <span class='ocrx_word' id='word_1_44' title='bbox 2076 569 2565 645; x_wconf 72' lang='lat' dir='ltr'><strong><em>i265Conspicuam</em></strong></span> <span class='ocrx_word' id='word_1_45' title='bbox 2586 574 2808 630; x_wconf 90' lang='lat' dir='ltr'><strong><em>tenuisse</em></strong></span> <span class='ocrx_word' id='word_1_46' title='bbox 2831 573 3068 642; x_wconf 90' lang='lat' dir='ltr'><strong><em>domum,</em></strong></span> <span class='ocrx_word' id='word_1_47' title='bbox 3098 572 3178 628; x_wconf 91' lang='lat' dir='ltr'><strong><em>his</em></strong></span> <span class='ocrx_word' id='word_1_48' title='bbox 3209 572 3447 628; x_wconf 88' lang='lat' dir='ltr'><strong><em>ontnibus</em></strong></span> <span class='ocrx_word' id='word_1_49' title='bbox 3477 586 3637 627; x_wconf 89' lang='lat' dir='ltr'><strong><em>unum</em></strong></span> 
     </span>
    </p>
   </div>
   <div class='ocr_carea' id='block_1_5' title="bbox 516 665 3415 741">
    <p class='ocr_par' dir='ltr' id='par_1_5' title="bbox 516 665 3415 741">
     <span class='ocr_line' id='line_1_5' title="bbox 516 665 3415 741; baseline 0 -19"><span class='ocrx_word' id='word_1_50' title='bbox 516 668 647 735; x_wconf 93' lang='lat' dir='ltr'><strong><em>Quis</em></strong></span> <span class='ocrx_word' id='word_1_51' title='bbox 674 668 878 739; x_wconf 84' lang='lat' dir='ltr'><strong><em>penitus</em></strong></span> <span class='ocrx_word' id='word_1_52' title='bbox 901 667 1058 724; x_wconf 87' lang='lat' dir='ltr'><strong><em>tellus</em></strong></span> <span class='ocrx_word' id='word_1_53' title='bbox 1082 669 1371 727; x_wconf 80' lang='lat' dir='ltr'><strong><em>sitientibus</em></strong></span> <span class='ocrx_word' id='word_1_54' title='bbox 1392 672 1545 727; x_wconf 90' lang='lat' dir='ltr'><strong><em>arida</em></strong></span> <span class='ocrx_word' id='word_1_55' title='bbox 1572 672 1711 727; x_wconf 88' lang='lat' dir='ltr'><strong><em>venis</em></strong></span> <span class='ocrx_word' id='word_1_56' title='bbox 2218 665 2553 722; x_wconf 83' lang='lat' dir='ltr'><strong><em>Postremmn</em></strong></span> <span class='ocrx_word' id='word_1_57' title='bbox 2581 679 2708 723; x_wconf 90' lang='lat' dir='ltr'><strong><em>natu</em></strong></span> <span class='ocrx_word' id='word_1_58' title='bbox 2737 669 2936 741; x_wconf 85' lang='lat' dir='ltr'><strong><em>patrios</em></strong></span> <span class='ocrx_word' id='word_1_59' title='bbox 2962 684 3167 724; x_wconf 86' lang='lat' dir='ltr'><strong><em>servare</em></strong></span> <span class='ocrx_word' id='word_1_60' title='bbox 3192 668 3415 735; x_wconf 84' lang='lat' dir='ltr'><strong><em>labores,</em></strong></span> 
     </span>
    </p>
   </div>
   <div class='ocr_carea' id='block_1_6' title="bbox 519 757 3473 836">
    <p class='ocr_par' dir='ltr' id='par_1_6' title="bbox 519 757 3473 836">
     <span class='ocr_line' id='line_1_6' title="bbox 519 757 3473 836; baseline 0 -22"><span class='ocrx_word' id='word_1_61' title='bbox 519 757 734 815; x_wconf 81' lang='lat' dir='ltr'><strong><em>Pallida</em></strong></span> <span class='ocrx_word' id='word_1_62' title='bbox 758 760 999 833; x_wconf 70' lang='lat' dir='ltr'><strong><em>pulvereo</em></strong></span> <span class='ocrx_word' id='word_1_63' title='bbox 1025 773 1292 817; x_wconf 81' lang='lat' dir='ltr'><strong><em>consumat</em></strong></span> <span class='ocrx_word' id='word_1_64' title='bbox 1323 764 1561 836; x_wconf 84' lang='lat' dir='ltr'><strong><em>gramina</em></strong></span> <span class='ocrx_word' id='word_1_65' title='bbox 1588 763 1754 819; x_wconf 87' lang='lat' dir='ltr'><strong><em>sulco.</em></strong></span> <span class='ocrx_word' id='word_1_66' title='bbox 2218 757 2309 815; x_wconf 78' lang='lat' dir='ltr'><strong><em>Ast</em></strong></span> <span class='ocrx_word' id='word_1_67' title='bbox 2338 759 2501 815; x_wconf 90' lang='lat' dir='ltr'><strong><em>alium</em></strong></span> <span class='ocrx_word' id='word_1_68' title='bbox 2525 759 2712 815; x_wconf 85' lang='lat' dir='ltr'><strong><em>celebri</em></strong></span> <span class='ocrx_word' id='word_1_69' title='bbox 2735 761 2846 832; x_wconf 84' lang='lat' dir='ltr'><strong><em>jam</em></strong></span> <span class='ocrx_word' id='word_1_70' title='bbox 2879 761 3079 833; x_wconf 89' lang='lat' dir='ltr'><strong><em>pridem</em></strong></span> <span class='ocrx_word' id='word_1_71' title='bbox 3109 761 3288 833; x_wconf 80' lang='lat' dir='ltr'><strong><em>defore</em></strong></span> <span class='ocrx_word' id='word_1_72' title='bbox 3310 760 3473 816; x_wconf 84' lang='lat' dir='ltr'><strong><em>letho.</em></strong></span> 
     </span>
    </p>
   </div>
   <div class='ocr_carea' id='block_1_7' title="bbox 372 851 3606 930">
    <p class='ocr_par' dir='ltr' id='par_1_7' title="bbox 372 851 3606 930">
     <span class='ocr_line' id='line_1_7' title="bbox 372 851 3606 930; baseline -0 -22"><span class='ocrx_word' id='word_1_73' title='bbox 372 852 758 926; x_wconf 71' lang='lat' dir='ltr'><strong><em>1220Namque</em></strong></span> <span class='ocrx_word' id='word_1_74' title='bbox 785 852 1079 926; x_wconf 83' lang='lat' dir='ltr'><strong><em>duplicibus</em></strong></span> <span class='ocrx_word' id='word_1_75' title='bbox 1098 857 1398 930; x_wconf 85' lang='lat' dir='ltr'><strong><em>junguntur</em></strong></span> <span class='ocrx_word' id='word_1_76' title='bbox 1421 857 1621 913; x_wconf 89' lang='lat' dir='ltr'><strong><em>somnia</em></strong></span> <span class='ocrx_word' id='word_1_77' title='bbox 1640 857 1779 926; x_wconf 80' lang='lat' dir='ltr'><strong><em>visis,</em></strong></span> <span class='ocrx_word' id='word_1_78' title='bbox 2219 851 2292 908; x_wconf 82' lang='lat' dir='ltr'><strong><em>Se</em></strong></span> <span class='ocrx_word' id='word_1_79' title='bbox 2319 851 2487 908; x_wconf 88' lang='lat' dir='ltr'><strong><em>diram</em></strong></span> <span class='ocrx_word' id='word_1_80' title='bbox 2518 853 2680 909; x_wconf 90' lang='lat' dir='ltr'><strong><em>vitare</em></strong></span> <span class='ocrx_word' id='word_1_81' title='bbox 2700 853 2923 924; x_wconf 81' lang='lat' dir='ltr'><strong><em>famem,</em></strong></span> <span class='ocrx_word' id='word_1_82' title='bbox 2947 863 3238 925; x_wconf 84' lang='lat' dir='ltr'><strong><em>terramque</em></strong></span> <span class='ocrx_word' id='word_1_83' title='bbox 3266 852 3606 909; x_wconf 87' lang='lat' dir='ltr'><strong><em>Chanannam</em></strong></span> 
     </span>
    </p>
   </div>
   <div class='ocr_carea' id='block_1_8' title="bbox 515 942 3359 1021">
    <p class='ocr_par' dir='ltr' id='par_1_8' title="bbox 515 942 3359 1021">
     <span class='ocr_line' id='line_1_8' title="bbox 515 942 3359 1021; baseline 0.001 -18"><span class='ocrx_word' id='word_1_84' title='bbox 515 948 665 1003; x_wconf 87' lang='lat' dir='ltr'><strong><em>Certa</em></strong></span> <span class='ocrx_word' id='word_1_85' title='bbox 695 947 833 1003; x_wconf 83' lang='lat' dir='ltr'><strong><em>Deus</em></strong></span> <span class='ocrx_word' id='word_1_86' title='bbox 856 950 1045 1021; x_wconf 88' lang='lat' dir='ltr'><strong><em>juncta</em></strong></span> <span class='ocrx_word' id='word_1_87' title='bbox 1064 950 1276 1006; x_wconf 84' lang='lat' dir='ltr'><strong><em>mandat</em></strong></span> <span class='ocrx_word' id='word_1_88' title='bbox 1303 960 1539 1007; x_wconf 87' lang='lat' dir='ltr'><strong><em>constare</em></strong></span> <span class='ocrx_word' id='word_1_89' title='bbox 1560 961 1787 1009; x_wconf 85' lang='lat' dir='ltr'><strong><em>tonante.</em></strong></span> <span class='ocrx_word' id='word_1_90' title='bbox 2220 942 2445 1015; x_wconf 70' lang='grc' dir='ltr'><strong><em>Εποεοε,</em></strong></span> <span class='ocrx_word' id='word_1_91' title='bbox 2472 948 2618 1002; x_wconf 77' lang='grc' dir='ltr'><strong><em>ιεηαὶ</em></strong></span> <span class='ocrx_word' id='word_1_92' title='bbox 2645 946 2977 1002; x_wconf 80' lang='lat' dir='ltr'><strong><em>damnantem</em></strong></span> <span class='ocrx_word' id='word_1_93' title='bbox 3002 948 3197 1003; x_wconf 75' lang='lat' dir='ltr'><strong><em>semina</em></strong></span> <span class='ocrx_word' id='word_1_94' title='bbox 3224 948 3359 1018; x_wconf 74' lang='lat' dir='ltr'><strong><em>fotu,</em></strong></span> 
     </span>
    </p>
   </div>
   <div class='ocr_carea' id='block_1_9' title="bbox 518 1037 3430 1116">
    <p class='ocr_par' dir='ltr' id='par_1_9' title="bbox 518 1037 3430 1116">
     <span class='ocr_line' id='line_1_9' title="bbox 518 1037 3430 1116; baseline -0 -19"><span class='ocrx_word' id='word_1_95' title='bbox 518 1042 657 1112; x_wconf 90' lang='lat' dir='ltr'><strong><em>Quin</em></strong></span> <span class='ocrx_word' id='word_1_96' title='bbox 674 1046 849 1116; x_wconf 88' lang='lat' dir='ltr'><strong><em>potius</em></strong></span> <span class='ocrx_word' id='word_1_97' title='bbox 874 1044 997 1099; x_wconf 91' lang='lat' dir='ltr'><strong><em>dum</em></strong></span> <span class='ocrx_word' id='word_1_98' title='bbox 1021 1054 1227 1116; x_wconf 87' lang='lat' dir='ltr'><strong><em>tempus</em></strong></span> <span class='ocrx_word' id='word_1_99' title='bbox 1252 1047 1421 1115; x_wconf 87' lang='lat' dir='ltr'><strong><em>adest,</em></strong></span> <span class='ocrx_word' id='word_1_100' title='bbox 1443 1049 1567 1103; x_wconf 89' lang='lat' dir='ltr'><strong><em>dum</em></strong></span> <span class='ocrx_word' id='word_1_101' title='bbox 1587 1065 1713 1105; x_wconf 90' lang='lat' dir='ltr'><strong><em>cura</em></strong></span> <span class='ocrx_word' id='word_1_102' title='bbox 1737 1049 1975 1108; x_wconf 72' lang='lat' dir='ltr'><strong><em>medendi</em></strong></span> <span class='ocrx_word' id='word_1_103' title='bbox 2076 1037 2444 1097; x_wconf 68' lang='lat' dir='ltr'><strong><em>1270Poscere</em></strong></span> <span class='ocrx_word' id='word_1_104' title='bbox 2470 1041 2672 1097; x_wconf 89' lang='lat' dir='ltr'><strong><em>venales</em></strong></span> <span class='ocrx_word' id='word_1_105' title='bbox 2698 1042 2915 1113; x_wconf 85' lang='lat' dir='ltr'><strong><em>species,</em></strong></span> <span class='ocrx_word' id='word_1_106' title='bbox 2945 1040 3243 1114; x_wconf 88' lang='lat' dir='ltr'><strong><em>licitataque</em></strong></span> <span class='ocrx_word' id='word_1_107' title='bbox 3263 1041 3430 1113; x_wconf 90' lang='lat' dir='ltr'><strong><em>farra.</em></strong></span> 
     </span>
    </p>
   </div>
   <div class='ocr_carea' id='block_1_10' title="bbox 1784 1131 3390 1217">
    <p class='ocr_par' dir='ltr' id='par_1_10' title="bbox 1784 1131 3390 1217">
     <span class='ocr_line' id='line_1_10' title="bbox 1784 1131 3390 1217; baseline 0.002 -31"><span class='ocrx_word' id='word_1_108' title='bbox 1784 1142 1901 1217; x_wconf 55' lang='grc' dir='ltr'><strong><em>[ια’</em></strong></span> <span class='ocrx_word' id='word_1_109' title='bbox 2221 1131 2502 1206; x_wconf 80' lang='lat' dir='ltr'><strong><em>Eloquitur</em></strong></span> <span class='ocrx_word' id='word_1_110' title='bbox 2520 1145 2679 1203; x_wconf 88' lang='lat' dir='ltr'><strong><em>vates,</em></strong></span> <span class='ocrx_word' id='word_1_111' title='bbox 2703 1138 2919 1192; x_wconf 82' lang='lat' dir='ltr'><strong><em>rectoris</em></strong></span> <span class='ocrx_word' id='word_1_112' title='bbox 2948 1135 3156 1191; x_wconf 86' lang='lat' dir='ltr'><strong><em>nomine</em></strong></span> <span class='ocrx_word' id='word_1_113' title='bbox 3171 1136 3390 1207; x_wconf 87' lang='lat' dir='ltr'><strong><em>jurans,</em></strong></span> 
     </span>
    </p>
   </div>
   <div class='ocr_carea' id='block_1_11' title="bbox 514 1224 3463 1303">
    <p class='ocr_par' dir='ltr' id='par_1_11' title="bbox 514 1224 3463 1303">
     <span class='ocr_line' id='line_1_11' title="bbox 514 1224 3463 1303; baseline 0.001 -22"><span class='ocrx_word' id='word_1_114' title='bbox 514 1226 669 1300; x_wconf 85' lang='lat' dir='ltr'><strong><em>Elige</em></strong></span> <span class='ocrx_word' id='word_1_115' title='bbox 695 1228 759 1283; x_wconf 85' lang='lat' dir='ltr'><strong><em>tle</em></strong></span> <span class='ocrx_word' id='word_1_116' title='bbox 785 1229 990 1284; x_wconf 90' lang='lat' dir='ltr'><strong><em>cunctis</em></strong></span> <span class='ocrx_word' id='word_1_117' title='bbox 1020 1246 1309 1301; x_wconf 86' lang='lat' dir='ltr'><strong><em>procerem,</em></strong></span> <span class='ocrx_word' id='word_1_118' title='bbox 1340 1232 1429 1301; x_wconf 87' lang='lat' dir='ltr'><strong><em>qui</em></strong></span> <span class='ocrx_word' id='word_1_119' title='bbox 1457 1234 1705 1303; x_wconf 75' lang='lat' dir='ltr'><strong><em>praescius</em></strong></span> <span class='ocrx_word' id='word_1_120' title='bbox 1726 1234 1935 1302; x_wconf 89' lang='lat' dir='ltr'><strong><em>horum,</em></strong></span> <span class='ocrx_word' id='word_1_121' title='bbox 2050 1268 2056 1273; x_wconf 92' lang='lat'><strong><em>-</em></strong></span> <span class='ocrx_word' id='word_1_122' title='bbox 2222 1224 2551 1283; x_wconf 77' lang='lat' dir='ltr'><strong><em>Claudendas</em></strong></span> <span class='ocrx_word' id='word_1_123' title='bbox 2577 1228 2714 1283; x_wconf 86' lang='lat' dir='ltr'><strong><em>dura</em></strong></span> <span class='ocrx_word' id='word_1_124' title='bbox 2725 1232 2944 1303; x_wconf 87' lang='lat' dir='ltr'><strong><em>juvenes</em></strong></span> <span class='ocrx_word' id='word_1_125' title='bbox 2972 1229 3229 1298; x_wconf 89' lang='lat' dir='ltr'><strong><em>custodia,</em></strong></span> <span class='ocrx_word' id='word_1_126' title='bbox 3261 1229 3424 1284; x_wconf 87' lang='lat' dir='ltr'><strong><em>donec</em></strong></span> <span class='ocrx_word' id='word_1_127' title='bbox 3458 1262 3463 1270; x_wconf 88' lang='lat'><strong><em>-</em></strong></span> 
     </span>
    </p>
   </div>
   <div class='ocr_carea' id='block_1_12' title="bbox 523 1320 3682 1407">
    <p class='ocr_par' dir='ltr' id='par_1_12' title="bbox 523 1320 3682 1407">
     <span class='ocr_line' id='line_1_12' title="bbox 523 1320 3682 1407; baseline -0.003 -18"><span class='ocrx_word' id='word_1_128' title='bbox 523 1328 554 1382; x_wconf 79' lang='grc'><strong>-1</strong></span> <span class='ocrx_word' id='word_1_129' title='bbox 565 1328 800 1383; x_wconf 70' lang='lat' dir='ltr'><strong><em>udict&#39;bus</em></strong></span> <span class='ocrx_word' id='word_1_130' title='bbox 831 1330 1038 1401; x_wconf 77' lang='lat' dir='ltr'><strong><em>positis,</em></strong></span> <span class='ocrx_word' id='word_1_131' title='bbox 1075 1339 1235 1385; x_wconf 86' lang='lat' dir='ltr'><strong><em>lotam</em></strong></span> <span class='ocrx_word' id='word_1_132' title='bbox 1262 1331 1496 1387; x_wconf 74' lang='lat' dir='ltr'><strong><em>sublimis</em></strong></span> <span class='ocrx_word' id='word_1_133' title='bbox 1528 1333 1819 1407; x_wconf 60' lang='lat' dir='ltr'><strong><em>.l’gyptum</em></strong></span> <span class='ocrx_word' id='word_1_134' title='bbox 2222 1320 2541 1376; x_wconf 83' lang='lat' dir='ltr'><strong><em>Germanum</em></strong></span> <span class='ocrx_word' id='word_1_135' title='bbox 2566 1321 2859 1390; x_wconf 68' lang='lat' dir='ltr'><strong><em>exhibeant,</em></strong></span> <span class='ocrx_word' id='word_1_136' title='bbox 2882 1323 3083 1397; x_wconf 87' lang='lat' dir='ltr'><strong><em>genitor</em></strong></span> <span class='ocrx_word' id='word_1_137' title='bbox 3104 1338 3255 1394; x_wconf 85' lang='lat' dir='ltr'><strong><em>quem</em></strong></span> <span class='ocrx_word' id='word_1_138' title='bbox 3283 1322 3424 1377; x_wconf 90' lang='lat' dir='ltr'><strong><em>mitis</em></strong></span> <span class='ocrx_word' id='word_1_139' title='bbox 3446 1320 3682 1379; x_wconf 81' lang='lat' dir='ltr'><strong><em>habebat.</em></strong></span> 
     </span>
    </p>
   </div>
   <div class='ocr_carea' id='block_1_13' title="bbox 378 1416 1955 1497">
    <p class='ocr_par' dir='ltr' id='par_1_13' title="bbox 378 1417 1951 1497">
     <span class='ocr_line' id='line_1_13' title="bbox 378 1417 1951 1497; baseline 0.006 -25"><span class='ocrx_word' id='word_1_140' title='bbox 378 1417 815 1491; x_wconf 70' lang='lat' dir='ltr'><strong><em>1225Temperet,</em></strong></span> <span class='ocrx_word' id='word_1_141' title='bbox 830 1431 878 1477; x_wconf 90' lang='lat' dir='ltr'><strong><em>et</em></strong></span> <span class='ocrx_word' id='word_1_142' title='bbox 897 1422 1110 1493; x_wconf 80' lang='lat' dir='ltr'><strong><em>quintus</em></strong></span> <span class='ocrx_word' id='word_1_143' title='bbox 1123 1439 1439 1495; x_wconf 87' lang='lat' dir='ltr'><strong><em>quacumque</em></strong></span> <span class='ocrx_word' id='word_1_144' title='bbox 1461 1441 1524 1479; x_wconf 73' lang='lat' dir='ltr'><strong><em>etv</em></strong></span> <span class='ocrx_word' id='word_1_145' title='bbox 1538 1422 1701 1480; x_wconf 79' lang='lat' dir='ltr'><strong><em>messe</em></strong></span> <span class='ocrx_word' id='word_1_146' title='bbox 1716 1436 1951 1497; x_wconf 73' lang='lat' dir='ltr'><strong><em>reposcat</em></strong></span> 
     </span>
    </p>
   </div>
   <div class='ocr_carea' id='block_1_14' title="bbox 1885 1416 3462 1497">
    <p class='ocr_par' dir='ltr' id='par_1_14' title="bbox 1885 1416 3462 1490">
     <span class='ocr_line' id='line_1_14' title="bbox 1885 1416 3462 1490; baseline -0.007 -8"><span class='ocrx_word' id='word_1_147' title='bbox 1885 1436 1974 1482; x_wconf 58' lang='lat' dir='ltr'><strong><em>“at.</em></strong></span> <span class='ocrx_word' id='word_1_148' title='bbox 2224 1416 2523 1474; x_wconf 86' lang='lat' dir='ltr'><strong><em>Nectuntur</em></strong></span> <span class='ocrx_word' id='word_1_149' title='bbox 2553 1420 2695 1473; x_wconf 88' lang='lat' dir='ltr'><strong><em>trina</em></strong></span> <span class='ocrx_word' id='word_1_150' title='bbox 2723 1419 2919 1490; x_wconf 89' lang='lat' dir='ltr'><strong><em>pariter</em></strong></span> <span class='ocrx_word' id='word_1_151' title='bbox 2943 1417 3037 1473; x_wconf 90' lang='lat' dir='ltr'><strong><em>sub</em></strong></span> <span class='ocrx_word' id='word_1_152' title='bbox 3056 1434 3186 1472; x_wconf 87' lang='lat' dir='ltr'><strong><em>cura</em></strong></span> <span class='ocrx_word' id='word_1_153' title='bbox 3210 1427 3462 1484; x_wconf 89' lang='lat' dir='ltr'><strong><em>tuentum,</em></strong></span> 
     </span>
    </p>
   </div>
   <div class='ocr_carea' id='block_1_15' title="bbox 526 1509 3504 1591">
    <p class='ocr_par' dir='ltr' id='par_1_15' title="bbox 526 1509 3504 1591">
     <span class='ocr_line' id='line_1_15' title="bbox 526 1509 3504 1591; baseline -0.001 -21"><span class='ocrx_word' id='word_1_154' title='bbox 526 1512 595 1569; x_wconf 89' lang='lat' dir='ltr'><strong><em>Ut</em></strong></span> <span class='ocrx_word' id='word_1_155' title='bbox 615 1531 732 1586; x_wconf 71' lang='lat' dir='ltr'><strong><em>qua&#39;</em></strong></span> <span class='ocrx_word' id='word_1_156' title='bbox 753 1517 921 1588; x_wconf 88' lang='lat' dir='ltr'><strong><em>prima</em></strong></span> <span class='ocrx_word' id='word_1_157' title='bbox 943 1516 1102 1571; x_wconf 84' lang='lat' dir='ltr'><strong><em>datur</em></strong></span> <span class='ocrx_word' id='word_1_158' title='bbox 1128 1517 1381 1587; x_wconf 75' lang='lat' dir='ltr'><strong><em>foecundis</em></strong></span> <span class='ocrx_word' id='word_1_159' title='bbox 1409 1519 1560 1591; x_wconf 87' lang='lat' dir='ltr'><strong><em>copia</em></strong></span> <span class='ocrx_word' id='word_1_160' title='bbox 1588 1521 1759 1590; x_wconf 86' lang='lat' dir='ltr'><strong><em>terris,</em></strong></span> <span class='ocrx_word' id='word_1_161' title='bbox 2082 1509 2519 1584; x_wconf 72' lang='lat' dir='ltr'><strong><em>1275Laxatique</em></strong></span> <span class='ocrx_word' id='word_1_162' title='bbox 2546 1512 2755 1577; x_wconf 87' lang='lat' dir='ltr'><strong><em>dehinc,</em></strong></span> <span class='ocrx_word' id='word_1_163' title='bbox 2788 1529 2946 1567; x_wconf 89' lang='lat' dir='ltr'><strong><em>unum</em></strong></span> <span class='ocrx_word' id='word_1_164' title='bbox 2975 1512 3172 1584; x_wconf 86' lang='lat' dir='ltr'><strong><em>liquere</em></strong></span> <span class='ocrx_word' id='word_1_165' title='bbox 3199 1511 3504 1567; x_wconf 88' lang='lat' dir='ltr'><strong><em>tenendum.</em></strong></span> 
     </span>
    </p>
   </div>
   <div class='ocr_carea' id='block_1_16' title="bbox 481 1606 3510 1687">
    <p class='ocr_par' dir='ltr' id='par_1_16' title="bbox 481 1606 3510 1687">
     <span class='ocr_line' id='line_1_16' title="bbox 481 1606 3510 1687; baseline 0.003 -23"><span class='ocrx_word' id='word_1_166' title='bbox 481 1609 621 1664; x_wconf 74' lang='lat' dir='ltr'><strong><em>&#39;Jus</em></strong></span> <span class='ocrx_word' id='word_1_167' title='bbox 649 1619 815 1666; x_wconf 87' lang='lat' dir='ltr'><strong><em>teneat</em></strong></span> <span class='ocrx_word' id='word_1_168' title='bbox 845 1612 1046 1665; x_wconf 83' lang='lat' dir='ltr'><strong><em>steriles</em></strong></span> <span class='ocrx_word' id='word_1_169' title='bbox 1077 1614 1396 1684; x_wconf 87' lang='lat' dir='ltr'><strong><em>consumptis</em></strong></span> <span class='ocrx_word' id='word_1_170' title='bbox 1428 1614 1663 1687; x_wconf 72' lang='lat' dir='ltr'><strong><em>frugibus</em></strong></span> <span class='ocrx_word' id='word_1_171' title='bbox 1688 1610 1874 1672; x_wconf 83' lang='lat' dir='ltr'><strong><em>annos.</em></strong></span> <span class='ocrx_word' id='word_1_172' title='bbox 2227 1606 2341 1661; x_wconf 70' lang='lat' dir='ltr'><strong><em>Nec</em></strong></span> <span class='ocrx_word' id='word_1_173' title='bbox 2371 1607 2539 1661; x_wconf 67' lang='lat' dir='ltr'><strong><em>&quot;unus</em></strong></span> <span class='ocrx_word' id='word_1_174' title='bbox 2562 1606 2765 1662; x_wconf 78' lang='lat' dir='ltr'><strong><em>occulto</em></strong></span> <span class='ocrx_word' id='word_1_175' title='bbox 2795 1615 3088 1680; x_wconf 70' lang='lat' dir='ltr'><strong><em>rumpentes</em></strong></span> <span class='ocrx_word' id='word_1_176' title='bbox 3116 1607 3277 1663; x_wconf 84' lang='lat' dir='ltr'><strong><em>corda</em></strong></span> <span class='ocrx_word' id='word_1_177' title='bbox 3305 1606 3510 1674; x_wconf 72' lang='lat' dir='ltr'><strong><em>dolore.</em></strong></span> 
     </span>
    </p>
   </div>
   <div class='ocr_carea' id='block_1_17' title="bbox 520 1698 3688 1775">
    <p class='ocr_par' dir='ltr' id='par_1_17' title="bbox 520 1698 3688 1775">
     <span class='ocr_line' id='line_1_17' title="bbox 520 1698 3688 1775; baseline -0.001 -19"><span class='ocrx_word' id='word_1_178' title='bbox 520 1702 794 1773; x_wconf 81' lang='lat' dir='ltr'><strong><em>Accipitur</em></strong></span> <span class='ocrx_word' id='word_1_179' title='bbox 824 1701 1013 1769; x_wconf 84' lang='lat' dir='ltr'><strong><em>plausu</em></strong></span> <span class='ocrx_word' id='word_1_180' title='bbox 1045 1720 1318 1774; x_wconf 87' lang='lat' dir='ltr'><strong><em>procerum</em></strong></span> <span class='ocrx_word' id='word_1_181' title='bbox 1343 1708 1595 1763; x_wconf 82' lang='lat' dir='ltr'><strong><em>sententia</em></strong></span> <span class='ocrx_word' id='word_1_182' title='bbox 1624 1708 1768 1762; x_wconf 76' lang='lat' dir='ltr'><strong><em>ratis.</em></strong></span> <span class='ocrx_word' id='word_1_183' title='bbox 2227 1698 2662 1767; x_wconf 86' lang='lat' dir='ltr'><strong><em>Commemorant,</em></strong></span> <span class='ocrx_word' id='word_1_184' title='bbox 2680 1717 2837 1768; x_wconf 88' lang='lat' dir='ltr'><strong><em>quant</em></strong></span> <span class='ocrx_word' id='word_1_185' title='bbox 2845 1703 2995 1774; x_wconf 87' lang='lat' dir='ltr'><strong><em>justa</em></strong></span> <span class='ocrx_word' id='word_1_186' title='bbox 3015 1700 3112 1755; x_wconf 84' lang='lat' dir='ltr'><strong><em>sibi</em></strong></span> <span class='ocrx_word' id='word_1_187' title='bbox 3131 1700 3432 1756; x_wconf 87' lang='lat' dir='ltr'><strong><em>discrimina</em></strong></span> <span class='ocrx_word' id='word_1_188' title='bbox 3446 1708 3688 1775; x_wconf 81' lang='lat' dir='ltr'><strong><em>surgunt,</em></strong></span> 
     </span>
    </p>
   </div>
   <div class='ocr_carea' id='block_1_18' title="bbox 523 1791 3691 1873">
    <p class='ocr_par' dir='ltr' id='par_1_18' title="bbox 523 1791 3691 1873">
     <span class='ocr_line' id='line_1_18' title="bbox 523 1791 3691 1873; baseline -0.001 -23"><span class='ocrx_word' id='word_1_189' title='bbox 523 1796 647 1871; x_wconf 82' lang='lat' dir='ltr'><strong><em>Ipse</em></strong></span> <span class='ocrx_word' id='word_1_190' title='bbox 675 1800 830 1853; x_wconf 86' lang='lat' dir='ltr'><strong><em>etiam</em></strong></span> <span class='ocrx_word' id='word_1_191' title='bbox 850 1798 1059 1854; x_wconf 84' lang='lat' dir='ltr'><strong><em>tandem</em></strong></span> <span class='ocrx_word' id='word_1_192' title='bbox 1090 1801 1269 1855; x_wconf 74' lang='lat' dir='ltr'><strong><em>sedato</em></strong></span> <span class='ocrx_word' id='word_1_193' title='bbox 1299 1810 1504 1873; x_wconf 77' lang='lat' dir='ltr'><strong><em>pectore</em></strong></span> <span class='ocrx_word' id='word_1_194' title='bbox 1523 1816 1693 1858; x_wconf 76' lang='grc' dir='ltr'><strong><em>νεοιοι-</em></strong></span> <span class='ocrx_word' id='word_1_195' title='bbox 2014 1793 2056 1853; x_wconf 80' lang='lat' dir='ltr'><strong><em>ll</em></strong></span> <span class='ocrx_word' id='word_1_196' title='bbox 2233 1791 2384 1860; x_wconf 84' lang='lat' dir='ltr'><strong><em>Quod</em></strong></span> <span class='ocrx_word' id='word_1_197' title='bbox 2406 1794 2617 1864; x_wconf 86' lang='lat' dir='ltr'><strong><em>fratrem</em></strong></span> <span class='ocrx_word' id='word_1_198' title='bbox 2646 1794 2957 1849; x_wconf 89' lang='lat' dir='ltr'><strong><em>immeritum</em></strong></span> <span class='ocrx_word' id='word_1_199' title='bbox 2988 1794 3144 1849; x_wconf 91' lang='lat' dir='ltr'><strong><em>vetito</em></strong></span> <span class='ocrx_word' id='word_1_200' title='bbox 3175 1795 3520 1852; x_wconf 86' lang='lat' dir='ltr'><strong><em>transcribere</em></strong></span> <span class='ocrx_word' id='word_1_201' title='bbox 3545 1810 3691 1867; x_wconf 82' lang='lat' dir='ltr'><strong><em>pace,</em></strong></span> 
     </span>
    </p>
   </div>
   <div class='ocr_carea' id='block_1_19' title="bbox 383 1884 1960 1965">
    <p class='ocr_par' dir='ltr' id='par_1_19' title="bbox 383 1888 1733 1965">
     <span class='ocr_line' id='line_1_19' title="bbox 383 1888 1733 1965; baseline 0.007 -21"><span class='ocrx_word' id='word_1_202' title='bbox 383 1888 525 1948; x_wconf 72' lang='grc'><strong>1250</strong></span> <span class='ocrx_word' id='word_1_203' title='bbox 538 1889 672 1947; x_wconf 85' lang='lat' dir='ltr'><strong><em>Vera</em></strong></span> <span class='ocrx_word' id='word_1_204' title='bbox 697 1903 1057 1948; x_wconf 88' lang='lat' dir='ltr'><strong><em>renarrantem</em></strong></span> <span class='ocrx_word' id='word_1_205' title='bbox 1082 1894 1220 1948; x_wconf 89' lang='lat' dir='ltr'><strong><em>celso</em></strong></span> <span class='ocrx_word' id='word_1_206' title='bbox 1248 1893 1496 1949; x_wconf 86' lang='lat' dir='ltr'><strong><em>sublimat</em></strong></span> <span class='ocrx_word' id='word_1_207' title='bbox 1520 1896 1733 1965; x_wconf 85' lang='lat' dir='ltr'><strong><em>honore,</em></strong></span> 
     </span>
    </p>
   </div>
   <div class='ocr_carea' id='block_1_20' title="bbox 1864 1884 3441 1965">
    <p class='ocr_par' dir='ltr' id='par_1_20' title="bbox 2231 1884 3441 1960">
     <span class='ocr_line' id='line_1_20' title="bbox 2231 1884 3441 1960; baseline 0.002 -19"><span class='ocrx_word' id='word_1_208' title='bbox 2231 1884 2505 1942; x_wconf 87' lang='lat' dir='ltr'><strong><em>Commissi</em></strong></span> <span class='ocrx_word' id='word_1_209' title='bbox 2536 1903 2651 1941; x_wconf 92' lang='lat' dir='ltr'><strong><em>sero</em></strong></span> <span class='ocrx_word' id='word_1_210' title='bbox 2671 1904 2848 1960; x_wconf 77' lang='lat' dir='ltr'><strong><em>poenas</em></strong></span> <span class='ocrx_word' id='word_1_211' title='bbox 2873 1889 2967 1943; x_wconf 89' lang='lat' dir='ltr'><strong><em>sub</em></strong></span> <span class='ocrx_word' id='word_1_212' title='bbox 2984 1887 3170 1956; x_wconf 87' lang='lat' dir='ltr'><strong><em>judice</em></strong></span> <span class='ocrx_word' id='word_1_213' title='bbox 3194 1889 3441 1960; x_wconf 88' lang='lat' dir='ltr'><strong><em>pendant.</em></strong></span> 
     </span>
    </p>
   </div>
   <div class='ocr_carea' id='block_1_21' title="bbox 529 1981 3514 2062">
    <p class='ocr_par' dir='ltr' id='par_1_21' title="bbox 529 1981 3514 2062">
     <span class='ocr_line' id='line_1_21' title="bbox 529 1981 3514 2062; baseline 0 -23"><span class='ocrx_word' id='word_1_214' title='bbox 529 1984 949 2059; x_wconf 81' lang='lat' dir='ltr'><strong><em>Prtefectumque</em></strong></span> <span class='ocrx_word' id='word_1_215' title='bbox 967 1987 1116 2060; x_wconf 86' lang='lat' dir='ltr'><strong><em>jubet</em></strong></span> <span class='ocrx_word' id='word_1_216' title='bbox 1147 1995 1279 2042; x_wconf 89' lang='lat' dir='ltr'><strong><em>totas</em></strong></span> <span class='ocrx_word' id='word_1_217' title='bbox 1308 2004 1363 2043; x_wconf 89' lang='lat' dir='ltr'><strong><em>se</em></strong></span> <span class='ocrx_word' id='word_1_218' title='bbox 1392 1990 1528 2060; x_wconf 90' lang='lat' dir='ltr'><strong><em>ferre</em></strong></span> <span class='ocrx_word' id='word_1_219' title='bbox 1556 2008 1647 2062; x_wconf 86' lang='lat' dir='ltr'><strong><em>per</em></strong></span> <span class='ocrx_word' id='word_1_220' title='bbox 1674 1991 1844 2057; x_wconf 71' lang='lat' dir='ltr'><strong><em>urbes,</em></strong></span> <span class='ocrx_word' id='word_1_221' title='bbox 2088 1981 2610 2055; x_wconf 70' lang='lat' dir='ltr'><strong><em>HBOIngravatltasc</em></strong></span> <span class='ocrx_word' id='word_1_222' title='bbox 2635 1982 2788 2039; x_wconf 89' lang='lat' dir='ltr'><strong><em>dictis</em></strong></span> <span class='ocrx_word' id='word_1_223' title='bbox 2808 1983 3057 2040; x_wconf 83' lang='lat' dir='ltr'><strong><em>Rubenus</em></strong></span> <span class='ocrx_word' id='word_1_224' title='bbox 3084 2000 3205 2040; x_wconf 89' lang='lat' dir='ltr'><strong><em>vera</em></strong></span> <span class='ocrx_word' id='word_1_225' title='bbox 3216 2001 3514 2055; x_wconf 89' lang='lat' dir='ltr'><strong><em>renarrans,</em></strong></span> 
     </span>
    </p>
   </div>
   <div class='ocr_carea' id='block_1_22' title="bbox 526 2074 3588 2153">
    <p class='ocr_par' dir='ltr' id='par_1_22' title="bbox 526 2074 3588 2153">
     <span class='ocr_line' id='line_1_22' title="bbox 526 2074 3588 2153; baseline 0.001 -24"><span class='ocrx_word' id='word_1_226' title='bbox 526 2074 664 2132; x_wconf 85' lang='lat' dir='ltr'><strong><em>Inde</em></strong></span> <span class='ocrx_word' id='word_1_227' title='bbox 693 2078 854 2134; x_wconf 84' lang='lat' dir='ltr'><strong><em>anulo</em></strong></span> <span class='ocrx_word' id='word_1_228' title='bbox 884 2078 1104 2151; x_wconf 82' lang='lat' dir='ltr'><strong><em>digitum</em></strong></span> <span class='ocrx_word' id='word_1_229' title='bbox 1127 2079 1259 2134; x_wconf 80' lang='lat' dir='ltr'><strong><em>vatis</em></strong></span> <span class='ocrx_word' id='word_1_230' title='bbox 1283 2079 1513 2153; x_wconf 72' lang='lat' dir='ltr'><strong><em>fulgente</em></strong></span> <span class='ocrx_word' id='word_1_231' title='bbox 1534 2093 1768 2153; x_wconf 61' lang='lat' dir='ltr'><strong><em>coronat,</em></strong></span> <span class='ocrx_word' id='word_1_232' title='bbox 2230 2076 2303 2130; x_wconf 77' lang='lat' dir='ltr'><strong><em>Ac</em></strong></span> <span class='ocrx_word' id='word_1_233' title='bbox 2332 2076 2499 2130; x_wconf 90' lang='lat' dir='ltr'><strong><em>scelus</em></strong></span> <span class='ocrx_word' id='word_1_234' title='bbox 2528 2076 2861 2148; x_wconf 85' lang='lat' dir='ltr'><strong><em>immensum,</em></strong></span> <span class='ocrx_word' id='word_1_235' title='bbox 2895 2093 3006 2132; x_wconf 88' lang='lat' dir='ltr'><strong><em>sese</em></strong></span> <span class='ocrx_word' id='word_1_236' title='bbox 3036 2075 3266 2143; x_wconf 89' lang='lat' dir='ltr'><strong><em>nolente,</em></strong></span> <span class='ocrx_word' id='word_1_237' title='bbox 3298 2087 3588 2149; x_wconf 87' lang='lat' dir='ltr'><strong><em>peractum.</em></strong></span> 
     </span>
    </p>
   </div>
   <div class='ocr_carea' id='block_1_23' title="bbox 470 2166 3550 2249">
    <p class='ocr_par' dir='ltr' id='par_1_23' title="bbox 470 2166 3550 2249">
     <span class='ocr_line' id='line_1_23' title="bbox 470 2166 3550 2249; baseline 0.002 -26"><span class='ocrx_word' id='word_1_238' title='bbox 470 2171 474 2175; x_wconf 89' lang='grc'><strong>’</strong></span> <span class='ocrx_word' id='word_1_239' title='bbox 530 2168 753 2242; x_wconf 87' lang='lat' dir='ltr'><strong><em>Bgssina</em></strong></span> <span class='ocrx_word' id='word_1_240' title='bbox 794 2188 915 2226; x_wconf 76' lang='lat' dir='ltr'><strong><em>mox</em></strong></span> <span class='ocrx_word' id='word_1_241' title='bbox 941 2189 1120 2228; x_wconf 79' lang='lat' dir='ltr'><strong><em>croceo</em></strong></span> <span class='ocrx_word' id='word_1_242' title='bbox 1152 2174 1437 2229; x_wconf 79' lang='lat' dir='ltr'><strong><em>circumdat</em></strong></span> <span class='ocrx_word' id='word_1_243' title='bbox 1468 2174 1635 2247; x_wconf 77' lang='lat' dir='ltr'><strong><em>pallia</em></strong></span> <span class='ocrx_word' id='word_1_244' title='bbox 1663 2179 1836 2249; x_wconf 60' lang='grc' dir='ltr'><strong><em>ρεριο,</em></strong></span> <span class='ocrx_word' id='word_1_245' title='bbox 2232 2166 2490 2224; x_wconf 85' lang='lat' dir='ltr'><strong><em>Flectitur</em></strong></span> <span class='ocrx_word' id='word_1_246' title='bbox 2521 2168 2604 2226; x_wconf 86' lang='lat' dir='ltr'><strong><em>his</em></strong></span> <span class='ocrx_word' id='word_1_247' title='bbox 2632 2179 2793 2238; x_wconf 88' lang='lat' dir='ltr'><strong><em>vates,</em></strong></span> <span class='ocrx_word' id='word_1_248' title='bbox 2825 2187 3074 2243; x_wconf 86' lang='lat' dir='ltr'><strong><em>germana</em></strong></span> <span class='ocrx_word' id='word_1_249' title='bbox 3093 2173 3281 2246; x_wconf 90' lang='lat' dir='ltr'><strong><em>jurgia</em></strong></span> <span class='ocrx_word' id='word_1_250' title='bbox 3309 2188 3550 2243; x_wconf 87' lang='lat' dir='ltr'><strong><em>noscens,</em></strong></span> 
     </span>
    </p>
   </div>
   <div class='ocr_carea' id='block_1_24' title="bbox 528 2263 3489 2342">
    <p class='ocr_par' dir='ltr' id='par_1_24' title="bbox 528 2263 3489 2342">
     <span class='ocr_line' id='line_1_24' title="bbox 528 2263 3489 2342; baseline 0.002 -25"><span class='ocrx_word' id='word_1_251' title='bbox 528 2263 750 2321; x_wconf 65' lang='lat' dir='ltr'><strong><em>Fletcilis</em></strong></span> <span class='ocrx_word' id='word_1_252' title='bbox 776 2266 1014 2321; x_wconf 86' lang='lat' dir='ltr'><strong><em>induitur</em></strong></span> <span class='ocrx_word' id='word_1_253' title='bbox 1043 2283 1137 2339; x_wconf 83' lang='lat' dir='ltr'><strong><em>per</em></strong></span> <span class='ocrx_word' id='word_1_254' title='bbox 1168 2268 1362 2323; x_wconf 85' lang='lat' dir='ltr'><strong><em>collum</em></strong></span> <span class='ocrx_word' id='word_1_255' title='bbox 1393 2270 1618 2326; x_wconf 70' lang='lat' dir='ltr'><strong><em>circulus</em></strong></span> <span class='ocrx_word' id='word_1_256' title='bbox 1646 2276 1784 2342; x_wconf 63' lang='grc' dir='ltr'><strong><em>ατη-ί,</em></strong></span> <span class='ocrx_word' id='word_1_257' title='bbox 2230 2264 2540 2320; x_wconf 84' lang='lat' dir='ltr'><strong><em>Luminibus</em></strong></span> <span class='ocrx_word' id='word_1_258' title='bbox 2561 2265 2737 2320; x_wconf 89' lang='lat' dir='ltr'><strong><em>tacitis</em></strong></span> <span class='ocrx_word' id='word_1_259' title='bbox 2767 2281 3040 2322; x_wconf 76' lang='lat' dir='ltr'><strong><em>conversus</em></strong></span> <span class='ocrx_word' id='word_1_260' title='bbox 3065 2265 3241 2338; x_wconf 85' lang='lat' dir='ltr'><strong><em>ﬂebile</em></strong></span> <span class='ocrx_word' id='word_1_261' title='bbox 3266 2267 3489 2341; x_wconf 87' lang='lat' dir='ltr'><strong><em>plangit.</em></strong></span> 
     </span>
    </p>
   </div>
   <div class='ocr_carea' id='block_1_25' title="bbox 385 2355 3461 2433">
    <p class='ocr_par' dir='ltr' id='par_1_25' title="bbox 385 2355 3461 2433">
     <span class='ocr_line' id='line_1_25' title="bbox 385 2355 3461 2433; baseline 0.003 -21"><span class='ocrx_word' id='word_1_262' title='bbox 385 2355 528 2415; x_wconf 69' lang='lat'><strong>1255</strong></span> <span class='ocrx_word' id='word_1_263' title='bbox 548 2357 712 2428; x_wconf 83' lang='lat' dir='ltr'><strong><em>Atque</em></strong></span> <span class='ocrx_word' id='word_1_264' title='bbox 743 2376 903 2416; x_wconf 88' lang='lat' dir='ltr'><strong><em>navus</em></strong></span> <span class='ocrx_word' id='word_1_265' title='bbox 935 2369 1105 2415; x_wconf 84' lang='lat' dir='ltr'><strong><em>rector</em></strong></span> <span class='ocrx_word' id='word_1_266' title='bbox 1133 2377 1292 2417; x_wconf 87' lang='lat' dir='ltr'><strong><em>curru</em></strong></span> <span class='ocrx_word' id='word_1_267' title='bbox 1317 2362 1589 2418; x_wconf 87' lang='lat' dir='ltr'><strong><em>sublimior</em></strong></span> <span class='ocrx_word' id='word_1_268' title='bbox 1616 2374 1805 2421; x_wconf 75' lang='lat' dir='ltr'><strong><em>exstat.</em></strong></span> <span class='ocrx_word' id='word_1_269' title='bbox 2236 2357 2363 2415; x_wconf 75' lang='grc' dir='ltr'><strong><em>Ηωε</em></strong></span> <span class='ocrx_word' id='word_1_270' title='bbox 2388 2360 2522 2415; x_wconf 84' lang='lat' dir='ltr'><strong><em>inter</em></strong></span> <span class='ocrx_word' id='word_1_271' title='bbox 2539 2360 2710 2415; x_wconf 86' lang='lat' dir='ltr'><strong><em>media</em></strong></span> <span class='ocrx_word' id='word_1_272' title='bbox 2740 2364 2963 2433; x_wconf 80' lang='lat' dir='ltr'><strong><em>fratrum</em></strong></span> <span class='ocrx_word' id='word_1_273' title='bbox 2992 2359 3240 2416; x_wconf 84' lang='lat' dir='ltr'><strong><em>Simeona</em></strong></span> <span class='ocrx_word' id='word_1_274' title='bbox 3265 2378 3461 2417; x_wconf 85' lang='lat' dir='ltr'><strong><em>corona</em></strong></span> 
     </span>
    </p>
   </div>
   <div class='ocr_carea' id='block_1_26' title="bbox 527 2449 3466 2534">
    <p class='ocr_par' dir='ltr' id='par_1_26' title="bbox 527 2449 3466 2534">
     <span class='ocr_line' id='line_1_26' title="bbox 527 2449 3466 2534; baseline 0.001 -27"><span class='ocrx_word' id='word_1_275' title='bbox 527 2449 896 2525; x_wconf 87' lang='lat' dir='ltr'><strong><em>Clamosusque</em></strong></span> <span class='ocrx_word' id='word_1_276' title='bbox 924 2471 1096 2528; x_wconf 72' lang='lat' dir='ltr'><strong><em>praeco</em></strong></span> <span class='ocrx_word' id='word_1_277' title='bbox 1120 2466 1366 2512; x_wconf 80' lang='lat' dir='ltr'><strong><em>terrorem</em></strong></span> <span class='ocrx_word' id='word_1_278' title='bbox 1384 2458 1586 2530; x_wconf 84' lang='lat' dir='ltr'><strong><em>judicis</em></strong></span> <span class='ocrx_word' id='word_1_279' title='bbox 1606 2471 1782 2534; x_wconf 86' lang='lat' dir='ltr'><strong><em>auget.</em></strong></span> <span class='ocrx_word' id='word_1_280' title='bbox 2091 2456 2524 2527; x_wconf 70' lang='lat' dir='ltr'><strong><em>1285Acoipitur,</em></strong></span> <span class='ocrx_word' id='word_1_281' title='bbox 2549 2454 2688 2526; x_wconf 84' lang='lat' dir='ltr'><strong><em>fidus</em></strong></span> <span class='ocrx_word' id='word_1_282' title='bbox 2717 2456 2917 2511; x_wconf 89' lang='lat' dir='ltr'><strong><em>cunctis</em></strong></span> <span class='ocrx_word' id='word_1_283' title='bbox 2937 2455 3270 2513; x_wconf 86' lang='lat' dir='ltr'><strong><em>redeuntibus</em></strong></span> <span class='ocrx_word' id='word_1_284' title='bbox 3298 2457 3466 2513; x_wconf 87' lang='lat' dir='ltr'><strong><em>obses.</em></strong></span> 
     </span>
    </p>
   </div>
   <div class='ocr_carea' id='block_1_27' title="bbox 534 2545 3529 2625">
    <p class='ocr_par' dir='ltr' id='par_1_27' title="bbox 534 2545 3529 2625">
     <span class='ocr_line' id='line_1_27' title="bbox 534 2545 3529 2625; baseline 0.002 -25"><span class='ocrx_word' id='word_1_285' title='bbox 534 2545 676 2615; x_wconf 86' lang='lat' dir='ltr'><strong><em>Quin</em></strong></span> <span class='ocrx_word' id='word_1_286' title='bbox 706 2550 863 2602; x_wconf 90' lang='lat' dir='ltr'><strong><em>etiam</em></strong></span> <span class='ocrx_word' id='word_1_287' title='bbox 885 2547 1075 2620; x_wconf 87' lang='lat' dir='ltr'><strong><em>legitur</em></strong></span> <span class='ocrx_word' id='word_1_288' title='bbox 1094 2552 1312 2622; x_wconf 71' lang='lat' dir='ltr'><strong><em>conjux,</em></strong></span> <span class='ocrx_word' id='word_1_289' title='bbox 1335 2551 1421 2606; x_wconf 90' lang='lat' dir='ltr'><strong><em>cui</em></strong></span> <span class='ocrx_word' id='word_1_290' title='bbox 1449 2567 1633 2607; x_wconf 86' lang='lat' dir='ltr'><strong><em>nomen</em></strong></span> <span class='ocrx_word' id='word_1_291' title='bbox 1663 2552 1915 2624; x_wconf 80' lang='lat' dir='ltr'><strong><em>Asennes,</em></strong></span> <span class='ocrx_word' id='word_1_292' title='bbox 2236 2550 2370 2606; x_wconf 85' lang='lat' dir='ltr'><strong><em>Tum</em></strong></span> <span class='ocrx_word' id='word_1_293' title='bbox 2396 2550 2557 2621; x_wconf 87' lang='lat' dir='ltr'><strong><em>petita</em></strong></span> <span class='ocrx_word' id='word_1_294' title='bbox 2586 2548 2685 2604; x_wconf 88' lang='lat' dir='ltr'><strong><em>sibi</em></strong></span> <span class='ocrx_word' id='word_1_295' title='bbox 2703 2552 2920 2623; x_wconf 88' lang='lat' dir='ltr'><strong><em>juvenes</em></strong></span> <span class='ocrx_word' id='word_1_296' title='bbox 2947 2551 3210 2622; x_wconf 90' lang='lat' dir='ltr'><strong><em>frumenta</em></strong></span> <span class='ocrx_word' id='word_1_297' title='bbox 3233 2562 3529 2625; x_wconf 88' lang='lat' dir='ltr'><strong><em>capessunt,</em></strong></span> 
     </span>
    </p>
   </div>
   <div class='ocr_carea' id='block_1_28' title="bbox 536 2640 3520 2717">
    <p class='ocr_par' dir='ltr' id='par_1_28' title="bbox 536 2640 3520 2717">
     <span class='ocr_line' id='line_1_28' title="bbox 536 2640 3520 2717; baseline 0.002 -24"><span class='ocrx_word' id='word_1_298' title='bbox 536 2640 704 2707; x_wconf 85' lang='lat' dir='ltr'><strong><em>Quam</em></strong></span> <span class='ocrx_word' id='word_1_299' title='bbox 732 2641 910 2713; x_wconf 87' lang='lat' dir='ltr'><strong><em>genuit</em></strong></span> <span class='ocrx_word' id='word_1_300' title='bbox 938 2641 1081 2697; x_wconf 90' lang='lat' dir='ltr'><strong><em>claro</em></strong></span> <span class='ocrx_word' id='word_1_301' title='bbox 1111 2641 1360 2715; x_wconf 89' lang='lat' dir='ltr'><strong><em>Petafras</em></strong></span> <span class='ocrx_word' id='word_1_302' title='bbox 1387 2655 1658 2703; x_wconf 84' lang='lat' dir='ltr'><strong><em>stemmate</em></strong></span> <span class='ocrx_word' id='word_1_303' title='bbox 1680 2659 1842 2715; x_wconf 73' lang='lat' dir='ltr'><strong><em>vates,</em></strong></span> <span class='ocrx_word' id='word_1_304' title='bbox 2204 2652 2207 2657; x_wconf 81' lang='lat'><em>‘</em></span> <span class='ocrx_word' id='word_1_305' title='bbox 2238 2643 2600 2715; x_wconf 90' lang='lat' dir='ltr'><strong><em>Immensoque</em></strong></span> <span class='ocrx_word' id='word_1_306' title='bbox 2628 2660 2810 2717; x_wconf 82' lang='lat' dir='ltr'><strong><em>graves</em></strong></span> <span class='ocrx_word' id='word_1_307' title='bbox 2840 2652 3089 2715; x_wconf 88' lang='lat' dir='ltr'><strong><em>urgentur</em></strong></span> <span class='ocrx_word' id='word_1_308' title='bbox 3115 2644 3345 2717; x_wconf 88' lang='lat' dir='ltr'><strong><em>pondere</em></strong></span> <span class='ocrx_word' id='word_1_309' title='bbox 3369 2645 3520 2710; x_wconf 89' lang='lat' dir='ltr'><strong><em>muli,</em></strong></span> 
     </span>
    </p>
   </div>
   <div class='ocr_carea' id='block_1_29' title="bbox 534 2731 3557 2811">
    <p class='ocr_par' dir='ltr' id='par_1_29' title="bbox 534 2731 3557 2811">
     <span class='ocr_line' id='line_1_29' title="bbox 534 2731 3557 2811; baseline 0.002 -25"><span class='ocrx_word' id='word_1_310' title='bbox 534 2731 621 2787; x_wconf 75' lang='lat' dir='ltr'><em>Ex</em></span> <span class='ocrx_word' id='word_1_311' title='bbox 646 2750 748 2803; x_wconf 91' lang='lat' dir='ltr'><strong><em>qua</em></strong></span> <span class='ocrx_word' id='word_1_312' title='bbox 774 2735 1047 2805; x_wconf 88' lang='lat' dir='ltr'><strong><em>confestim</em></strong></span> <span class='ocrx_word' id='word_1_313' title='bbox 1076 2738 1284 2809; x_wconf 88' lang='lat' dir='ltr'><strong><em>genitor</em></strong></span> <span class='ocrx_word' id='word_1_314' title='bbox 1303 2738 1363 2809; x_wconf 75' lang='lat' dir='ltr'><strong><em>ﬁt</em></strong></span> <span class='ocrx_word' id='word_1_315' title='bbox 1390 2740 1609 2811; x_wconf 86' lang='lat' dir='ltr'><strong><em>pignore</em></strong></span> <span class='ocrx_word' id='word_1_316' title='bbox 1629 2741 1772 2797; x_wconf 84' lang='lat' dir='ltr'><strong><em>bino.</em></strong></span> <span class='ocrx_word' id='word_1_317' title='bbox 2234 2737 2456 2807; x_wconf 83' lang='lat' dir='ltr'><strong><em>Jamque</em></strong></span> <span class='ocrx_word' id='word_1_318' title='bbox 2485 2736 2584 2791; x_wconf 81' lang='lat' dir='ltr'><strong><em>vite</em></strong></span> <span class='ocrx_word' id='word_1_319' title='bbox 2615 2735 2807 2802; x_wconf 90' lang='lat' dir='ltr'><strong><em>medio,</em></strong></span> <span class='ocrx_word' id='word_1_320' title='bbox 2832 2737 2958 2791; x_wconf 89' lang='lat' dir='ltr'><strong><em>dum</em></strong></span> <span class='ocrx_word' id='word_1_321' title='bbox 2984 2736 3135 2791; x_wconf 88' lang='lat' dir='ltr'><strong><em>solvit</em></strong></span> <span class='ocrx_word' id='word_1_322' title='bbox 3162 2737 3371 2792; x_wconf 88' lang='lat' dir='ltr'><strong><em>vincula</em></strong></span> <span class='ocrx_word' id='word_1_323' title='bbox 3396 2739 3557 2805; x_wconf 87' lang='lat' dir='ltr'><strong><em>sacci,</em></strong></span> 
     </span>
    </p>
   </div>
   <div class='ocr_carea' id='block_1_30' title="bbox 390 2820 3603 2905">
    <p class='ocr_par' dir='ltr' id='par_1_30' title="bbox 390 2820 3603 2905">
     <span class='ocr_line' id='line_1_30' title="bbox 390 2820 3603 2905; baseline 0.003 -29"><span class='ocrx_word' id='word_1_324' title='bbox 390 2820 531 2879; x_wconf 73' lang='grc'><strong><em>1240</em></strong></span> <span class='ocrx_word' id='word_1_325' title='bbox 550 2822 757 2881; x_wconf 86' lang='lat' dir='ltr'><strong><em>Dicitur</em></strong></span> <span class='ocrx_word' id='word_1_326' title='bbox 788 2829 1021 2883; x_wconf 88' lang='lat' dir='ltr'><strong><em>anterior</em></strong></span> <span class='ocrx_word' id='word_1_327' title='bbox 1052 2828 1346 2899; x_wconf 77' lang='lat' dir='ltr'><strong><em>Manasses,</em></strong></span> <span class='ocrx_word' id='word_1_328' title='bbox 1364 2834 1554 2903; x_wconf 89' lang='lat' dir='ltr'><strong><em>junior</em></strong></span> <span class='ocrx_word' id='word_1_329' title='bbox 1578 2833 1828 2905; x_wconf 82' lang='lat' dir='ltr'><strong><em>Ephrem.</em></strong></span> <span class='ocrx_word' id='word_1_330' title='bbox 2236 2828 2515 2885; x_wconf 84' lang='lat' dir='ltr'><strong><em>Fratribus</em></strong></span> <span class='ocrx_word' id='word_1_331' title='bbox 2538 2830 2774 2884; x_wconf 89' lang='lat' dir='ltr'><strong><em>inventos</em></strong></span> <span class='ocrx_word' id='word_1_332' title='bbox 2803 2829 3021 2900; x_wconf 86' lang='lat' dir='ltr'><strong><em>quidam</em></strong></span> <span class='ocrx_word' id='word_1_333' title='bbox 3046 2830 3136 2883; x_wconf 88' lang='lat' dir='ltr'><strong><em>dat</em></strong></span> <span class='ocrx_word' id='word_1_334' title='bbox 3162 2829 3324 2884; x_wconf 85' lang='lat' dir='ltr'><strong><em>visere</em></strong></span> <span class='ocrx_word' id='word_1_335' title='bbox 3345 2845 3603 2887; x_wconf 86' lang='lat' dir='ltr'><strong><em>nummos.</em></strong></span> 
     </span>
    </p>
   </div>
   <div class='ocr_carea' id='block_1_31' title="bbox 531 2916 3569 2996">
    <p class='ocr_par' dir='ltr' id='par_1_31' title="bbox 531 2916 3569 2996">
     <span class='ocr_line' id='line_1_31' title="bbox 531 2916 3569 2996; baseline 0.002 -26"><span class='ocrx_word' id='word_1_336' title='bbox 531 2916 755 2989; x_wconf 75' lang='lat' dir='ltr'><strong><em>.Egypti</em></strong></span> <span class='ocrx_word' id='word_1_337' title='bbox 781 2920 911 2975; x_wconf 89' lang='lat' dir='ltr'><strong><em>vatis</em></strong></span> <span class='ocrx_word' id='word_1_338' title='bbox 937 2932 1181 2994; x_wconf 87' lang='lat' dir='ltr'><strong><em>suggestu</em></strong></span> <span class='ocrx_word' id='word_1_339' title='bbox 1209 2925 1397 2980; x_wconf 85' lang='lat' dir='ltr'><strong><em>nobilis</em></strong></span> <span class='ocrx_word' id='word_1_340' title='bbox 1428 2924 1558 2996; x_wconf 88' lang='lat' dir='ltr'><strong><em>alto,</em></strong></span> <span class='ocrx_word' id='word_1_341' title='bbox 2099 2922 2310 2982; x_wconf 61' lang='lat'><strong><em>£290“</em></strong></span> <span class='ocrx_word' id='word_1_342' title='bbox 2340 2924 2511 2978; x_wconf 87' lang='lat' dir='ltr'><strong><em>cuncti</em></strong></span> <span class='ocrx_word' id='word_1_343' title='bbox 2539 2923 2759 2996; x_wconf 90' lang='lat' dir='ltr'><strong><em>faciunt,</em></strong></span> <span class='ocrx_word' id='word_1_344' title='bbox 2786 2922 2951 2995; x_wconf 87' lang='lat' dir='ltr'><strong><em>pretio</em></strong></span> <span class='ocrx_word' id='word_1_345' title='bbox 2981 2937 3103 2976; x_wconf 68' lang='lat' dir='ltr'><strong><em>mox.</em></strong></span> <span class='ocrx_word' id='word_1_346' title='bbox 3133 2920 3318 2976; x_wconf 89' lang='lat' dir='ltr'><strong><em>deinde</em></strong></span> <span class='ocrx_word' id='word_1_347' title='bbox 3345 2930 3569 2993; x_wconf 88' lang='lat' dir='ltr'><strong><em>reperto,</em></strong></span> 
     </span>
    </p>
   </div>
   <div class='ocr_carea' id='block_1_32' title="bbox 534 3011 3530 3094">
    <p class='ocr_par' dir='ltr' id='par_1_32' title="bbox 534 3011 3530 3094">
     <span class='ocr_line' id='line_1_32' title="bbox 534 3011 3530 3094; baseline 0.002 -29"><span class='ocrx_word' id='word_1_348' title='bbox 534 3011 802 3083; x_wconf 84' lang='lat' dir='ltr'><strong><em>Quidquid</em></strong></span> <span class='ocrx_word' id='word_1_349' title='bbox 824 3014 909 3069; x_wconf 77' lang='lat' dir='ltr'><strong><em>vix</em></strong></span> <span class='ocrx_word' id='word_1_350' title='bbox 926 3017 1095 3087; x_wconf 87' lang='lat' dir='ltr'><strong><em>potuit</em></strong></span> <span class='ocrx_word' id='word_1_351' title='bbox 1109 3019 1357 3092; x_wconf 86' lang='lat' dir='ltr'><strong><em>jejunum</em></strong></span> <span class='ocrx_word' id='word_1_352' title='bbox 1384 3037 1646 3077; x_wconf 88' lang='lat' dir='ltr'><strong><em>assumere</em></strong></span> <span class='ocrx_word' id='word_1_353' title='bbox 1671 3031 1897 3094; x_wconf 85' lang='lat' dir='ltr'><strong><em>tempus,</em></strong></span> <span class='ocrx_word' id='word_1_354' title='bbox 2243 3019 2499 3075; x_wconf 81' lang='lat' dir='ltr'><strong><em>Mirantes</em></strong></span> <span class='ocrx_word' id='word_1_355' title='bbox 2526 3034 2731 3073; x_wconf 89' lang='lat' dir='ltr'><strong><em>summa</em></strong></span> <span class='ocrx_word' id='word_1_356' title='bbox 2757 3019 2959 3087; x_wconf 86' lang='lat' dir='ltr'><strong><em>proceri</em></strong></span> <span class='ocrx_word' id='word_1_357' title='bbox 2986 3015 3267 3070; x_wconf 89' lang='lat' dir='ltr'><strong><em>certamine</em></strong></span> <span class='ocrx_word' id='word_1_358' title='bbox 3288 3015 3530 3070; x_wconf 88' lang='lat' dir='ltr'><strong><em>laudant.</em></strong></span> 
     </span>
    </p>
   </div>
   <div class='ocr_carea' id='block_1_33' title="bbox 540 3104 3545 3186">
    <p class='ocr_par' dir='ltr' id='par_1_33' title="bbox 540 3104 3545 3186">
     <span class='ocr_line' id='line_1_33' title="bbox 540 3104 3545 3186; baseline 0.002 -26"><span class='ocrx_word' id='word_1_359' title='bbox 540 3104 745 3162; x_wconf 81' lang='lat' dir='ltr'><strong><em>Horrea</em></strong></span> <span class='ocrx_word' id='word_1_360' title='bbox 776 3108 931 3178; x_wconf 87' lang='lat' dir='ltr'><strong><em>plena</em></strong></span> <span class='ocrx_word' id='word_1_361' title='bbox 962 3120 1160 3179; x_wconf 85' lang='lat' dir='ltr'><strong><em>tenens,</em></strong></span> <span class='ocrx_word' id='word_1_362' title='bbox 1184 3122 1241 3167; x_wconf 87' lang='lat' dir='ltr'><strong><em>ut</em></strong></span> <span class='ocrx_word' id='word_1_363' title='bbox 1266 3130 1383 3168; x_wconf 90' lang='lat' dir='ltr'><strong><em>cum</em></strong></span> <span class='ocrx_word' id='word_1_364' title='bbox 1411 3131 1497 3172; x_wconf 88' lang='lat' dir='ltr'><strong><em>res</em></strong></span> <span class='ocrx_word' id='word_1_365' title='bbox 1527 3127 1758 3185; x_wconf 89' lang='lat' dir='ltr'><strong><em>posceret</em></strong></span> <span class='ocrx_word' id='word_1_366' title='bbox 1787 3120 1885 3186; x_wconf 89' lang='lat' dir='ltr'><strong><em>uti,</em></strong></span> <span class='ocrx_word' id='word_1_367' title='bbox 2247 3113 2472 3184; x_wconf 82' lang='lat' dir='ltr'><strong><em>Jamque</em></strong></span> <span class='ocrx_word' id='word_1_368' title='bbox 2498 3111 2628 3166; x_wconf 89' lang='lat' dir='ltr'><strong><em>adeo</em></strong></span> <span class='ocrx_word' id='word_1_369' title='bbox 2657 3114 2843 3181; x_wconf 82' lang='lat' dir='ltr'><strong><em>patria:</em></strong></span> <span class='ocrx_word' id='word_1_370' title='bbox 2873 3111 3147 3165; x_wconf 87' lang='lat' dir='ltr'><strong><em>subeuntes</em></strong></span> <span class='ocrx_word' id='word_1_371' title='bbox 3174 3109 3355 3164; x_wconf 86' lang='lat' dir='ltr'><strong><em>limina</em></strong></span> <span class='ocrx_word' id='word_1_372' title='bbox 3384 3110 3545 3179; x_wconf 83' lang='lat' dir='ltr'><strong><em>sedis,</em></strong></span> 
     </span>
    </p>
   </div>
   <div class='ocr_carea' id='block_1_34' title="bbox 536 3195 3525 3281">
    <p class='ocr_par' dir='ltr' id='par_1_34' title="bbox 536 3195 3525 3281">
     <span class='ocr_line' id='line_1_34' title="bbox 536 3195 3525 3281; baseline 0.002 -28"><span class='ocrx_word' id='word_1_373' title='bbox 536 3197 805 3271; x_wconf 87' lang='lat' dir='ltr'><strong><em>Proferret</em></strong></span> <span class='ocrx_word' id='word_1_374' title='bbox 834 3204 1034 3257; x_wconf 87' lang='lat' dir='ltr'><strong><em>cunctis</em></strong></span> <span class='ocrx_word' id='word_1_375' title='bbox 1058 3206 1387 3273; x_wconf 88' lang='lat' dir='ltr'><strong><em>poscentibus</em></strong></span> <span class='ocrx_word' id='word_1_376' title='bbox 1411 3209 1591 3263; x_wconf 89' lang='lat' dir='ltr'><strong><em>abdita</em></strong></span> <span class='ocrx_word' id='word_1_377' title='bbox 1614 3211 1781 3281; x_wconf 88' lang='lat' dir='ltr'><strong><em>farra.</em></strong></span> <span class='ocrx_word' id='word_1_378' title='bbox 2024 3195 2069 3258; x_wconf 89' lang='lat' dir='ltr'><strong>C</strong></span> <span class='ocrx_word' id='word_1_379' title='bbox 2244 3205 2493 3261; x_wconf 77' lang='lat' dir='ltr'><strong><em>Gratatur</em></strong></span> <span class='ocrx_word' id='word_1_380' title='bbox 2520 3204 2735 3260; x_wconf 86' lang='lat' dir='ltr'><strong><em>reduces</em></strong></span> <span class='ocrx_word' id='word_1_381' title='bbox 2759 3203 2980 3278; x_wconf 90' lang='lat' dir='ltr'><strong><em>genitor,</em></strong></span> <span class='ocrx_word' id='word_1_382' title='bbox 3004 3218 3264 3274; x_wconf 87' lang='lat' dir='ltr'><strong><em>unumque</em></strong></span> <span class='ocrx_word' id='word_1_383' title='bbox 3287 3203 3525 3271; x_wconf 83' lang='lat' dir='ltr'><strong><em>requirit.</em></strong></span> 
     </span>
    </p>
   </div>
   <div class='ocr_carea' id='block_1_35' title="bbox 391 3291 3708 3375">
    <p class='ocr_par' dir='ltr' id='par_1_35' title="bbox 391 3291 3708 3375">
     <span class='ocr_line' id='line_1_35' title="bbox 391 3291 3708 3375; baseline 0.002 -28"><span class='ocrx_word' id='word_1_384' title='bbox 391 3291 535 3349; x_wconf 73' lang='grc'><strong><em>1245</em></strong></span> <span class='ocrx_word' id='word_1_385' title='bbox 556 3292 687 3348; x_wconf 90' lang='lat' dir='ltr'><strong><em>Post</em></strong></span> <span class='ocrx_word' id='word_1_386' title='bbox 717 3295 803 3349; x_wconf 92' lang='lat' dir='ltr'><strong><em>ubi</em></strong></span> <span class='ocrx_word' id='word_1_387' title='bbox 832 3296 949 3350; x_wconf 91' lang='lat' dir='ltr'><strong><em>dira</em></strong></span> <span class='ocrx_word' id='word_1_388' title='bbox 977 3301 1161 3367; x_wconf 87' lang='lat' dir='ltr'><strong><em>fames,</em></strong></span> <span class='ocrx_word' id='word_1_389' title='bbox 1191 3309 1351 3354; x_wconf 88' lang='lat' dir='ltr'><strong><em>totunt</em></strong></span> <span class='ocrx_word' id='word_1_390' title='bbox 1381 3300 1577 3370; x_wconf 76' lang='lat' dir='ltr'><strong><em>diffusa</em></strong></span> <span class='ocrx_word' id='word_1_391' title='bbox 1594 3322 1686 3375; x_wconf 90' lang='lat' dir='ltr'><strong><em>per</em></strong></span> <span class='ocrx_word' id='word_1_392' title='bbox 1717 3305 1913 3373; x_wconf 84' lang='lat' dir='ltr'><strong><em>orbem,</em></strong></span> <span class='ocrx_word' id='word_1_393' title='bbox 2247 3301 2437 3357; x_wconf 87' lang='lat' dir='ltr'><strong><em>Omnia</em></strong></span> <span class='ocrx_word' id='word_1_394' title='bbox 2466 3317 2804 3374; x_wconf 89' lang='lat' dir='ltr'><strong><em>cognoscens,</em></strong></span> <span class='ocrx_word' id='word_1_395' title='bbox 2828 3316 3187 3370; x_wconf 71' lang='lat' dir='ltr'><strong><em>nurnmosque,</em></strong></span> <span class='ocrx_word' id='word_1_396' title='bbox 3219 3307 3268 3354; x_wconf 91' lang='lat' dir='ltr'><strong><em>et</em></strong></span> <span class='ocrx_word' id='word_1_397' title='bbox 3295 3298 3435 3354; x_wconf 87' lang='lat' dir='ltr'><strong><em>dona</em></strong></span> <span class='ocrx_word' id='word_1_398' title='bbox 3462 3300 3708 3372; x_wconf 86' lang='lat' dir='ltr'><strong><em>capessit,</em></strong></span> 
     </span>
    </p>
   </div>
   <div class='ocr_carea' id='block_1_36' title="bbox 533 3383 3597 3470">
    <p class='ocr_par' dir='ltr' id='par_1_36' title="bbox 533 3383 3597 3470">
     <span class='ocr_line' id='line_1_36' title="bbox 533 3383 3597 3470; baseline 0.004 -32"><span class='ocrx_word' id='word_1_399' title='bbox 533 3383 760 3457; x_wconf 91' lang='lat' dir='ltr'><strong><em>Cogebat</em></strong></span> <span class='ocrx_word' id='word_1_400' title='bbox 789 3387 1043 3459; x_wconf 81' lang='lat' dir='ltr'><strong><em>trepidos,</em></strong></span> <span class='ocrx_word' id='word_1_401' title='bbox 1076 3401 1277 3459; x_wconf 89' lang='lat' dir='ltr'><strong><em>poterat</em></strong></span> <span class='ocrx_word' id='word_1_402' title='bbox 1299 3392 1442 3463; x_wconf 91' lang='lat' dir='ltr'><strong><em>quod</em></strong></span> <span class='ocrx_word' id='word_1_403' title='bbox 1467 3398 1726 3466; x_wconf 81' lang='lat' dir='ltr'><strong><em>rnandier,</em></strong></span> <span class='ocrx_word' id='word_1_404' title='bbox 1757 3413 1885 3465; x_wconf 88' lang='lat' dir='ltr'><strong><em>esse,</em></strong></span> <span class='ocrx_word' id='word_1_405' title='bbox 2101 3396 2565 3467; x_wconf 72' lang='lat' dir='ltr'><strong><em>l295€onquestus</em></strong></span> <span class='ocrx_word' id='word_1_406' title='bbox 2594 3396 2838 3470; x_wconf 86' lang='lat' dir='ltr'><strong><em>graviter,</em></strong></span> <span class='ocrx_word' id='word_1_407' title='bbox 2866 3394 3029 3450; x_wconf 90' lang='lat' dir='ltr'><strong><em>alium</em></strong></span> <span class='ocrx_word' id='word_1_408' title='bbox 3048 3397 3166 3466; x_wconf 87' lang='lat' dir='ltr'><strong><em>jam</em></strong></span> <span class='ocrx_word' id='word_1_409' title='bbox 3194 3393 3372 3465; x_wconf 90' lang='lat' dir='ltr'><strong><em>defore</em></strong></span> <span class='ocrx_word' id='word_1_410' title='bbox 3398 3403 3597 3449; x_wconf 90' lang='lat' dir='ltr'><strong><em>natum.</em></strong></span> 
     </span>
    </p>
   </div>
   <div class='ocr_carea' id='block_1_37' title="bbox 534 3476 3428 3561">
    <p class='ocr_par' dir='ltr' id='par_1_37' title="bbox 534 3476 3428 3561">
     <span class='ocr_line' id='line_1_37' title="bbox 534 3476 3428 3561; baseline 0.003 -30"><span class='ocrx_word' id='word_1_411' title='bbox 534 3476 833 3533; x_wconf 88' lang='lat' dir='ltr'><strong><em>Conclamat</em></strong></span> <span class='ocrx_word' id='word_1_412' title='bbox 866 3481 1117 3549; x_wconf 88' lang='lat' dir='ltr'><strong><em>populus,</em></strong></span> <span class='ocrx_word' id='word_1_413' title='bbox 1148 3499 1421 3557; x_wconf 89' lang='lat' dir='ltr'><strong><em>regemque</em></strong></span> <span class='ocrx_word' id='word_1_414' title='bbox 1439 3486 1698 3561; x_wconf 84' lang='lat' dir='ltr'><strong><em>efflagitat</em></strong></span> <span class='ocrx_word' id='word_1_415' title='bbox 1722 3506 1885 3545; x_wconf 90' lang='lat' dir='ltr'><strong><em>escas.</em></strong></span> <span class='ocrx_word' id='word_1_416' title='bbox 2241 3492 2412 3548; x_wconf 84' lang='lat' dir='ltr'><strong><em>Accisi</em></strong></span> <span class='ocrx_word' id='word_1_417' title='bbox 2440 3508 2559 3546; x_wconf 90' lang='lat' dir='ltr'><strong><em>cum</em></strong></span> <span class='ocrx_word' id='word_1_418' title='bbox 2583 3488 2917 3556; x_wconf 86' lang='lat' dir='ltr'><strong><em>deinde-cibi,</em></strong></span> <span class='ocrx_word' id='word_1_419' title='bbox 2946 3489 3257 3558; x_wconf 88' lang='lat' dir='ltr'><strong><em>advectaque</em></strong></span> <span class='ocrx_word' id='word_1_420' title='bbox 3282 3489 3428 3557; x_wconf 91' lang='lat' dir='ltr'><strong><em>farra</em></strong></span> 
     </span>
    </p>
   </div>
   <div class='ocr_carea' id='block_1_38' title="bbox 534 3566 3442 3658">
    <p class='ocr_par' dir='ltr' id='par_1_38' title="bbox 534 3566 3442 3658">
     <span class='ocr_line' id='line_1_38' title="bbox 534 3566 3442 3658; baseline 0.003 -35"><span class='ocrx_word' id='word_1_421' title='bbox 534 3566 638 3624; x_wconf 91' lang='lat' dir='ltr'><strong><em>Ille</em></strong></span> <span class='ocrx_word' id='word_1_422' title='bbox 656 3570 804 3643; x_wconf 88' lang='lat' dir='ltr'><strong><em>jubet</em></strong></span> <span class='ocrx_word' id='word_1_423' title='bbox 824 3588 1089 3644; x_wconf 88' lang='lat' dir='ltr'><strong><em>procerem</em></strong></span> <span class='ocrx_word' id='word_1_424' title='bbox 1115 3578 1309 3631; x_wconf 73' lang='lat' dir='ltr'><strong><em>mwstis</em></strong></span> <span class='ocrx_word' id='word_1_425' title='bbox 1353 3577 1480 3633; x_wconf 88' lang='lat' dir='ltr'><strong><em>dare</em></strong></span> <span class='ocrx_word' id='word_1_426' title='bbox 1507 3584 1657 3649; x_wconf 91' lang='lat' dir='ltr'><strong><em>farra</em></strong></span> <span class='ocrx_word' id='word_1_427' title='bbox 1682 3579 1989 3654; x_wconf 79' lang='lat' dir='ltr'><strong><em>Iosephum,</em></strong></span> <span class='ocrx_word' id='word_1_428' title='bbox 2243 3584 2503 3658; x_wconf 85' lang='lat' dir='ltr'><strong><em>Cogebant</em></strong></span> <span class='ocrx_word' id='word_1_429' title='bbox 2530 3598 2714 3639; x_wconf 89' lang='lat' dir='ltr'><strong><em>rursus</em></strong></span> <span class='ocrx_word' id='word_1_430' title='bbox 2742 3581 2925 3653; x_wconf 88' lang='lat' dir='ltr'><strong><em>pretiis</em></strong></span> <span class='ocrx_word' id='word_1_431' title='bbox 2953 3581 3201 3637; x_wconf 88' lang='lat' dir='ltr'><strong><em>alimenta</em></strong></span> <span class='ocrx_word' id='word_1_432' title='bbox 3230 3595 3442 3651; x_wconf 88' lang='lat' dir='ltr'><strong><em>parare,</em></strong></span> 
     </span>
    </p>
   </div>
   <div class='ocr_carea' id='block_1_39' title="bbox 536 3660 3705 3753">
    <p class='ocr_par' dir='ltr' id='par_1_39' title="bbox 536 3660 3705 3753">
     <span class='ocr_line' id='line_1_39' title="bbox 536 3660 3705 3753; baseline 0.004 -37"><span class='ocrx_word' id='word_1_433' title='bbox 536 3660 816 3719; x_wconf 88' lang='lat' dir='ltr'><strong><em>Parentent</em></strong></span> <span class='ocrx_word' id='word_1_434' title='bbox 845 3666 1075 3733; x_wconf 87' lang='lat' dir='ltr'><strong><em>monitis,</em></strong></span> <span class='ocrx_word' id='word_1_435' title='bbox 1106 3678 1421 3739; x_wconf 89' lang='lat' dir='ltr'><strong><em>cunctosque</em></strong></span> <span class='ocrx_word' id='word_1_436' title='bbox 1438 3670 1658 3742; x_wconf 72' lang='lat' dir='ltr'><strong><em>explevit</em></strong></span> <span class='ocrx_word' id='word_1_437' title='bbox 1687 3689 1919 3731; x_wconf 81' lang='lat' dir='ltr'><strong><em>ovantes.</em></strong></span> <span class='ocrx_word' id='word_1_438' title='bbox 2244 3682 2354 3739; x_wconf 84' lang='lat' dir='ltr'><strong><em>Sed</em></strong></span> <span class='ocrx_word' id='word_1_439' title='bbox 2380 3697 2619 3736; x_wconf 86' lang='lat' dir='ltr'><strong><em>revocare</em></strong></span> <span class='ocrx_word' id='word_1_440' title='bbox 2636 3678 2859 3753; x_wconf 86' lang='lat' dir='ltr'><strong><em>gradum</em></strong></span> <span class='ocrx_word' id='word_1_441' title='bbox 2888 3675 3151 3746; x_wconf 73' lang='lat' dir='ltr'><strong><em>Memphis</em></strong></span> <span class='ocrx_word' id='word_1_442' title='bbox 3168 3692 3311 3731; x_wconf 89' lang='lat' dir='ltr'><strong><em>mens</em></strong></span> <span class='ocrx_word' id='word_1_443' title='bbox 3333 3691 3436 3730; x_wconf 92' lang='lat' dir='ltr'><strong><em>non</em></strong></span> <span class='ocrx_word' id='word_1_444' title='bbox 3458 3676 3705 3744; x_wconf 86' lang='lat' dir='ltr'><strong><em>erat-ulli,</em></strong></span> 
     </span>
    </p>
   </div>
   <div class='ocr_carea' id='block_1_40' title="bbox 394 3753 3584 3842">
    <p class='ocr_par' dir='ltr' id='par_1_40' title="bbox 394 3753 3584 3842">
     <span class='ocr_line' id='line_1_40' title="bbox 394 3753 3584 3842; baseline 0.004 -31"><span class='ocrx_word' id='word_1_445' title='bbox 394 3753 537 3811; x_wconf 68' lang='grc'><strong><em>1250</em></strong></span> <span class='ocrx_word' id='word_1_446' title='bbox 557 3753 712 3812; x_wconf 85' lang='lat' dir='ltr'><strong><em>CAP.</em></strong></span> <span class='ocrx_word' id='word_1_447' title='bbox 744 3757 903 3814; x_wconf 76' lang='lat' dir='ltr'><strong><em>XLII.</em></strong></span> <span class='ocrx_word' id='word_1_448' title='bbox 959 3756 1168 3816; x_wconf 83' lang='lat' dir='ltr'><strong><em>Interea</em></strong></span> <span class='ocrx_word' id='word_1_449' title='bbox 1200 3760 1451 3832; x_wconf 77' lang='lat' dir='ltr'><strong><em>Iacobus,</em></strong></span> <span class='ocrx_word' id='word_1_450' title='bbox 1490 3767 1614 3837; x_wconf 81' lang='lat' dir='ltr'><strong><em>fleto</em></strong></span> <span class='ocrx_word' id='word_1_451' title='bbox 1640 3768 1758 3838; x_wconf 86' lang='lat' dir='ltr'><strong><em>jam</em></strong></span> <span class='ocrx_word' id='word_1_452' title='bbox 1816 3772 1996 3839; x_wconf 73' lang='lat' dir='ltr'><strong><em>funere</em></strong></span> <span class='ocrx_word' id='word_1_453' title='bbox 2244 3774 2318 3830; x_wconf 87' lang='lat' dir='ltr'><strong><em>Ni</em></strong></span> <span class='ocrx_word' id='word_1_454' title='bbox 2349 3774 2622 3828; x_wconf 88' lang='lat' dir='ltr'><strong><em>minimum</em></strong></span> <span class='ocrx_word' id='word_1_455' title='bbox 2648 3775 2863 3842; x_wconf 88' lang='lat' dir='ltr'><strong><em>fratrem</em></strong></span> <span class='ocrx_word' id='word_1_456' title='bbox 2887 3786 3057 3825; x_wconf 86' lang='lat' dir='ltr'><strong><em>secum</em></strong></span> <span class='ocrx_word' id='word_1_457' title='bbox 3087 3776 3234 3840; x_wconf 89' lang='lat' dir='ltr'><strong><em>pater</em></strong></span> <span class='ocrx_word' id='word_1_458' title='bbox 3262 3769 3336 3823; x_wconf 91' lang='lat' dir='ltr'><strong><em>ire</em></strong></span> <span class='ocrx_word' id='word_1_459' title='bbox 3356 3768 3584 3840; x_wconf 87' lang='lat' dir='ltr'><strong><em>juberet.</em></strong></span> 
     </span>
    </p>
   </div>
   <div class='ocr_carea' id='block_1_41' title="bbox 1762 3863 3669 3944">
    <p class='ocr_par' dir='ltr' id='par_1_41' title="bbox 1762 3863 3669 3944">
     <span class='ocr_line' id='line_1_41' title="bbox 1762 3863 3669 3944; baseline -0.003 -20"><span class='ocrx_word' id='word_1_460' title='bbox 1762 3869 1919 3944; x_wconf 88' lang='lat' dir='ltr'><strong><em>[nati,</em></strong></span> <span class='ocrx_word' id='word_1_461' title='bbox 2099 3870 2410 3938; x_wconf 76' lang='lat' dir='ltr'><strong><em>1300Qucm</em></strong></span> <span class='ocrx_word' id='word_1_462' title='bbox 2425 3885 2543 3923; x_wconf 90' lang='lat' dir='ltr'><strong><em>cum</em></strong></span> <span class='ocrx_word' id='word_1_463' title='bbox 2553 3868 2708 3942; x_wconf 87' lang='lat' dir='ltr'><strong><em>plura</em></strong></span> <span class='ocrx_word' id='word_1_464' title='bbox 2722 3882 2924 3938; x_wconf 89' lang='lat' dir='ltr'><strong><em>gemens</em></strong></span> <span class='ocrx_word' id='word_1_465' title='bbox 2936 3863 3094 3920; x_wconf 85' lang='lat' dir='ltr'><strong><em>nollet</em></strong></span> <span class='ocrx_word' id='word_1_466' title='bbox 3111 3864 3372 3920; x_wconf 88' lang='lat' dir='ltr'><strong><em>dimittere</em></strong></span> <span class='ocrx_word' id='word_1_467' title='bbox 3385 3881 3669 3936; x_wconf 85' lang='lat' dir='ltr'><strong><em>quoquam,</em></strong></span> 
     </span>
    </p>
   </div>
   <div class='ocr_carea' id='block_1_42' title="bbox 535 3952 3358 4036">
    <p class='ocr_par' dir='ltr' id='par_1_42' title="bbox 535 3952 3358 4036">
     <span class='ocr_line' id='line_1_42' title="bbox 535 3952 3358 4036; baseline 0.001 -26"><span class='ocrx_word' id='word_1_468' title='bbox 535 3952 627 4009; x_wconf 85' lang='lat' dir='ltr'><strong><em>Bis</em></strong></span> <span class='ocrx_word' id='word_1_469' title='bbox 651 3955 835 4027; x_wconf 85' lang='lat' dir='ltr'><strong><em>quinos</em></strong></span> <span class='ocrx_word' id='word_1_470' title='bbox 852 3959 1070 4029; x_wconf 84' lang='lat' dir='ltr'><strong><em>juvenes</em></strong></span> <span class='ocrx_word' id='word_1_471' title='bbox 1090 3978 1370 4019; x_wconf 86' lang='lat' dir='ltr'><strong><em>numeroso</em></strong></span> <span class='ocrx_word' id='word_1_472' title='bbox 1399 3981 1426 4018; x_wconf 91' lang='lat' dir='ltr'><strong><em>e</em></strong></span> <span class='ocrx_word' id='word_1_473' title='bbox 1452 3967 1685 4036; x_wconf 89' lang='lat' dir='ltr'><strong><em>germine</em></strong></span> <span class='ocrx_word' id='word_1_474' title='bbox 1706 3968 1880 4033; x_wconf 89' lang='lat' dir='ltr'><strong><em>mittit,</em></strong></span> <span class='ocrx_word' id='word_1_475' title='bbox 2242 3966 2493 4021; x_wconf 85' lang='lat' dir='ltr'><strong><em>Rubenus</em></strong></span> <span class='ocrx_word' id='word_1_476' title='bbox 2522 3963 2630 4036; x_wconf 82' lang='lat' dir='ltr'><strong><em>fido</em></strong></span> <span class='ocrx_word' id='word_1_477' title='bbox 2662 3978 2965 4036; x_wconf 86' lang='lat' dir='ltr'><strong><em>germanum</em></strong></span> <span class='ocrx_word' id='word_1_478' title='bbox 2991 3958 3224 4033; x_wconf 90' lang='lat' dir='ltr'><strong><em>postulat</em></strong></span> <span class='ocrx_word' id='word_1_479' title='bbox 3252 3977 3358 4025; x_wconf 88' lang='lat' dir='ltr'><strong><em>ore,</em></strong></span> 
     </span>
    </p>
   </div>
   <div class='ocr_carea' id='block_1_43' title="bbox 540 4048 3491 4133">
    <p class='ocr_par' dir='ltr' id='par_1_43' title="bbox 540 4048 3491 4133">
     <span class='ocr_line' id='line_1_43' title="bbox 540 4048 3491 4133; baseline 0.002 -28"><span class='ocrx_word' id='word_1_480' title='bbox 540 4048 642 4117; x_wconf 86' lang='lat' dir='ltr'><strong><em>Qui</em></strong></span> <span class='ocrx_word' id='word_1_481' title='bbox 668 4050 954 4125; x_wconf 90' lang='lat' dir='ltr'><strong><em>longinqua</em></strong></span> <span class='ocrx_word' id='word_1_482' title='bbox 981 4053 1130 4127; x_wconf 85' lang='lat' dir='ltr'><strong><em>(sibi)</em></strong></span> <span class='ocrx_word' id='word_1_483' title='bbox 1161 4057 1329 4126; x_wconf 88' lang='lat' dir='ltr'><strong><em>pretio</em></strong></span> <span class='ocrx_word' id='word_1_484' title='bbox 1356 4058 1618 4129; x_wconf 89' lang='lat' dir='ltr'><strong><em>frumenta</em></strong></span> <span class='ocrx_word' id='word_1_485' title='bbox 1643 4072 1920 4133; x_wconf 87' lang='lat' dir='ltr'><strong><em>pararent:</em></strong></span> <span class='ocrx_word' id='word_1_486' title='bbox 2241 4059 2471 4116; x_wconf 87' lang='lat' dir='ltr'><strong><em>Securus</em></strong></span> <span class='ocrx_word' id='word_1_487' title='bbox 2493 4057 2698 4129; x_wconf 89' lang='lat' dir='ltr'><strong><em>gemina</em></strong></span> <span class='ocrx_word' id='word_1_488' title='bbox 2728 4055 3053 4110; x_wconf 86' lang='lat' dir='ltr'><strong><em>committens</em></strong></span> <span class='ocrx_word' id='word_1_489' title='bbox 3082 4054 3305 4129; x_wconf 87' lang='lat' dir='ltr'><strong><em>pignora</em></strong></span> <span class='ocrx_word' id='word_1_490' title='bbox 3334 4056 3491 4123; x_wconf 81' lang='lat' dir='ltr'><strong><em>patri.</em></strong></span> 
     </span>
    </p>
   </div>
   <div class='ocr_carea' id='block_1_44' title="bbox 531 4146 3469 4226">
    <p class='ocr_par' dir='ltr' id='par_1_44' title="bbox 531 4146 3469 4226">
     <span class='ocr_line' id='line_1_44' title="bbox 531 4146 3469 4226; baseline 0.001 -27"><span class='ocrx_word' id='word_1_491' title='bbox 531 4146 600 4200; x_wconf 82' lang='lat' dir='ltr'><strong><em>At</em></strong></span> <span class='ocrx_word' id='word_1_492' title='bbox 626 4147 896 4202; x_wconf 88' lang='lat' dir='ltr'><strong><em>minimunt</em></strong></span> <span class='ocrx_word' id='word_1_493' title='bbox 926 4150 1127 4205; x_wconf 90' lang='lat' dir='ltr'><strong><em>cunctis</em></strong></span> <span class='ocrx_word' id='word_1_494' title='bbox 1156 4148 1524 4226; x_wconf 88' lang='lat' dir='ltr'><strong><em>Benjaminum</em></strong></span> <span class='ocrx_word' id='word_1_495' title='bbox 1546 4171 1649 4209; x_wconf 87' lang='lat' dir='ltr'><strong><em>non</em></strong></span> <span class='ocrx_word' id='word_1_496' title='bbox 1671 4156 1793 4211; x_wconf 88' lang='lat' dir='ltr'><strong><em>sinit</em></strong></span> <span class='ocrx_word' id='word_1_497' title='bbox 1819 4157 1915 4225; x_wconf 88' lang='lat' dir='ltr'><strong><em>ire,</em></strong></span> <span class='ocrx_word' id='word_1_498' title='bbox 2241 4152 2587 4221; x_wconf 88' lang='lat' dir='ltr'><strong><em>Prosequitur</em></strong></span> <span class='ocrx_word' id='word_1_499' title='bbox 2616 4149 2649 4205; x_wconf 85' lang='lat' dir='ltr'><strong><em>J</em></strong></span> <span class='ocrx_word' id='word_1_500' title='bbox 2656 4150 2811 4217; x_wconf 89' lang='lat' dir='ltr'><strong><em>udas,</em></strong></span> <span class='ocrx_word' id='word_1_501' title='bbox 2842 4165 2952 4204; x_wconf 87' lang='lat' dir='ltr'><strong><em>sese</em></strong></span> <span class='ocrx_word' id='word_1_502' title='bbox 2981 4165 3077 4204; x_wconf 89' lang='lat' dir='ltr'><strong><em>nec</em></strong></span> <span class='ocrx_word' id='word_1_503' title='bbox 3101 4165 3254 4222; x_wconf 89' lang='lat' dir='ltr'><strong><em>posse</em></strong></span> <span class='ocrx_word' id='word_1_504' title='bbox 3283 4150 3469 4205; x_wconf 87' lang='lat' dir='ltr'><strong><em>reverti</em></strong></span> 
     </span>
    </p>
   </div>
   <div class='ocr_carea' id='block_1_45' title="bbox 536 4239 3454 4319">
    <p class='ocr_par' dir='ltr' id='par_1_45' title="bbox 536 4239 3454 4319">
     <span class='ocr_line' id='line_1_45' title="bbox 536 4239 3454 4319; baseline -0.001 -18"><span class='ocrx_word' id='word_1_505' title='bbox 536 4239 810 4298; x_wconf 80' lang='lat' dir='ltr'><strong><em>Invalidus</em></strong></span> <span class='ocrx_word' id='word_1_506' title='bbox 836 4243 1030 4300; x_wconf 82' lang='lat' dir='ltr'><strong><em>durum</em></strong></span> <span class='ocrx_word' id='word_1_507' title='bbox 1056 4255 1274 4318; x_wconf 87' lang='lat' dir='ltr'><strong><em>nequeat</em></strong></span> <span class='ocrx_word' id='word_1_508' title='bbox 1298 4264 1362 4301; x_wconf 89' lang='lat' dir='ltr'><strong><em>ne</em></strong></span> <span class='ocrx_word' id='word_1_509' title='bbox 1390 4252 1529 4319; x_wconf 89' lang='lat' dir='ltr'><strong><em>ferre</em></strong></span> <span class='ocrx_word' id='word_1_510' title='bbox 1559 4250 1805 4307; x_wconf 83' lang='lat' dir='ltr'><strong><em>laborem.</em></strong></span> <span class='ocrx_word' id='word_1_511' title='bbox 2239 4242 2565 4310; x_wconf 86' lang='lat' dir='ltr'><strong><em>Proclamat,</em></strong></span> <span class='ocrx_word' id='word_1_512' title='bbox 2596 4242 2756 4316; x_wconf 86' lang='lat' dir='ltr'><strong><em>rigidi</em></strong></span> <span class='ocrx_word' id='word_1_513' title='bbox 2785 4251 3000 4296; x_wconf 88' lang='lat' dir='ltr'><strong><em>testatus</em></strong></span> <span class='ocrx_word' id='word_1_514' title='bbox 3030 4240 3184 4296; x_wconf 91' lang='lat' dir='ltr'><strong><em>verba</em></strong></span> <span class='ocrx_word' id='word_1_515' title='bbox 3216 4239 3454 4313; x_wconf 76' lang='lat' dir='ltr'><strong><em>Iosephi.</em></strong></span> 
     </span>
    </p>
   </div>
   <div class='ocr_carea' id='block_1_46' title="bbox 390 4320 3708 4412">
    <p class='ocr_par' dir='ltr' id='par_1_46' title="bbox 390 4320 3708 4412">
     <span class='ocr_line' id='line_1_46' title="bbox 390 4320 3708 4412; baseline 0.001 -22"><span class='ocrx_word' id='word_1_516' title='bbox 390 4331 531 4392; x_wconf 74' lang='grc'><strong><em>1255</em></strong></span> <span class='ocrx_word' id='word_1_517' title='bbox 550 4333 716 4407; x_wconf 81' lang='lat' dir='ltr'><strong><em>Atque</em></strong></span> <span class='ocrx_word' id='word_1_518' title='bbox 733 4336 821 4391; x_wconf 89' lang='lat' dir='ltr'><strong><em>ubi</em></strong></span> <span class='ocrx_word' id='word_1_519' title='bbox 832 4340 953 4410; x_wconf 88' lang='lat' dir='ltr'><strong><em>jam</em></strong></span> <span class='ocrx_word' id='word_1_520' title='bbox 975 4335 1154 4396; x_wconf 73' lang='lat' dir='ltr'><strong><em>Furias</em></strong></span> <span class='ocrx_word' id='word_1_521' title='bbox 1178 4350 1478 4411; x_wconf 87' lang='lat' dir='ltr'><strong><em>perventum</em></strong></span> <span class='ocrx_word' id='word_1_522' title='bbox 1507 4342 1578 4397; x_wconf 87' lang='lat' dir='ltr'><strong><em>ad</em></strong></span> <span class='ocrx_word' id='word_1_523' title='bbox 1606 4345 1792 4400; x_wconf 73' lang='lat' dir='ltr'><strong><em>moenia</em></strong></span> <span class='ocrx_word' id='word_1_524' title='bbox 1841 4356 1993 4402; x_wconf 82' lang='lat' dir='ltr'><strong><em>terrte</em></strong></span> <span class='ocrx_word' id='word_1_525' title='bbox 2098 4340 2240 4399; x_wconf 75' lang='grc'><strong><em>1505</em></strong></span> <span class='ocrx_word' id='word_1_526' title='bbox 2276 4338 2433 4396; x_wconf 75' lang='lat' dir='ltr'><strong><em>CAP.</em></strong></span> <span class='ocrx_word' id='word_1_527' title='bbox 2490 4337 2672 4394; x_wconf 80' lang='lat' dir='ltr'><strong><em>XLIII.</em></strong></span> <span class='ocrx_word' id='word_1_528' title='bbox 2722 4335 2856 4394; x_wconf 78' lang='lat' dir='ltr'><strong><em>Htec</em></strong></span> <span class='ocrx_word' id='word_1_529' title='bbox 2895 4336 2985 4391; x_wconf 91' lang='lat' dir='ltr'><strong><em>ubi</em></strong></span> <span class='ocrx_word' id='word_1_530' title='bbox 3024 4320 3334 4410; x_wconf 78' lang='lat' dir='ltr'><strong><em>grandtevus</em></strong></span> <span class='ocrx_word' id='word_1_531' title='bbox 3371 4337 3574 4408; x_wconf 91' lang='lat' dir='ltr'><strong><em>genitor</em></strong></span> <span class='ocrx_word' id='word_1_532' title='bbox 3593 4341 3708 4412; x_wconf 89' lang='lat' dir='ltr'><strong><em>jant</em></strong></span> 
     </span>
    </p>
   </div>
   <div class='ocr_carea' id='block_1_47' title="bbox 1794 4427 3371 4512">
    <p class='ocr_par' dir='ltr' id='par_1_47' title="bbox 1794 4428 3371 4512">
     <span class='ocr_line' id='line_1_47' title="bbox 1794 4428 3371 4512; baseline 0 -29"><span class='ocrx_word' id='word_1_533' title='bbox 1794 4438 1913 4512; x_wconf 51' lang='grc' dir='ltr'><strong><em>[ειη</em></strong></span> <span class='ocrx_word' id='word_1_534' title='bbox 3209 4428 3371 4501; x_wconf 83' lang='lat' dir='ltr'><strong><em>[mitit</em></strong></span> 
     </span>
    </p>
   </div>
   <div class='ocr_carea' id='block_1_48' title="bbox 2057 4427 3634 4512">
    <p class='ocr_par' dir='ltr' id='par_1_48' title="bbox 3209 4427 3634 4501">
     <span class='ocr_line' id='line_1_48' title="bbox 3209 4427 3634 4501; baseline -0.002 -18"><span class='ocrx_word' id='word_1_535' title='bbox 3209 4428 3413 4501; x_wconf 88' lang='lat' dir='ltr'><strong><em>[mitior</em></strong></span> <span class='ocrx_word' id='word_1_536' title='bbox 3435 4427 3634 4499; x_wconf 81' lang='lat' dir='ltr'><strong><em>hausit,</em></strong></span> 
     </span>
    </p>
   </div>
   <div class='ocr_carea' id='block_1_49' title="bbox 532 4519 3635 4600">
    <p class='ocr_par' dir='ltr' id='par_1_49' title="bbox 532 4519 3635 4600">
     <span class='ocr_line' id='line_1_49' title="bbox 532 4519 3635 4600; baseline 0.001 -24"><span class='ocrx_word' id='word_1_537' title='bbox 532 4519 816 4576; x_wconf 86' lang='lat' dir='ltr'><strong><em>Summissi</em></strong></span> <span class='ocrx_word' id='word_1_538' title='bbox 844 4524 1036 4594; x_wconf 87' lang='lat' dir='ltr'><strong><em>petiere</em></strong></span> <span class='ocrx_word' id='word_1_539' title='bbox 1055 4524 1246 4592; x_wconf 90' lang='lat' dir='ltr'><strong><em>solum,</em></strong></span> <span class='ocrx_word' id='word_1_540' title='bbox 1278 4525 1597 4600; x_wconf 89' lang='lat' dir='ltr'><strong><em>fratremque</em></strong></span> <span class='ocrx_word' id='word_1_541' title='bbox 1617 4531 1869 4600; x_wconf 85' lang='lat' dir='ltr'><strong><em>salutant,</em></strong></span> <span class='ocrx_word' id='word_1_542' title='bbox 2239 4527 2343 4584; x_wconf 88' lang='lat' dir='ltr'><strong><em>Dat</em></strong></span> <span class='ocrx_word' id='word_1_543' title='bbox 2363 4528 2629 4599; x_wconf 82' lang='lat' dir='ltr'><strong><em>juvenem,</em></strong></span> <span class='ocrx_word' id='word_1_544' title='bbox 2663 4526 2815 4597; x_wconf 91' lang='lat' dir='ltr'><strong><em>largo</em></strong></span> <span class='ocrx_word' id='word_1_545' title='bbox 2834 4524 3153 4596; x_wconf 87' lang='lat' dir='ltr'><strong><em>perfundens</em></strong></span> <span class='ocrx_word' id='word_1_546' title='bbox 3184 4523 3400 4594; x_wconf 84' lang='lat' dir='ltr'><strong><em>ﬂumine</em></strong></span> <span class='ocrx_word' id='word_1_547' title='bbox 3416 4522 3635 4578; x_wconf 85' lang='lat' dir='ltr'><strong><em>vultum.</em></strong></span> 
     </span>
    </p>
   </div>
   <div class='ocr_carea' id='block_1_50' title="bbox 532 4600 3635 4691">
    <p class='ocr_par' dir='ltr' id='par_1_50' title="bbox 532 4600 3635 4691">
     <span class='ocr_line' id='line_1_50' title="bbox 532 4600 3635 4691; baseline 0.001 -22"><span class='ocrx_word' id='word_1_548' title='bbox 532 4613 784 4671; x_wconf 72' lang='lat' dir='ltr'><strong><em>Mirantes</em></strong></span> <span class='ocrx_word' id='word_1_549' title='bbox 815 4615 959 4672; x_wconf 89' lang='lat' dir='ltr'><strong><em>celsa</em></strong></span> <span class='ocrx_word' id='word_1_550' title='bbox 977 4617 1253 4674; x_wconf 84' lang='lat' dir='ltr'><strong><em>sublimem</em></strong></span> <span class='ocrx_word' id='word_1_551' title='bbox 1271 4621 1394 4675; x_wconf 89' lang='lat' dir='ltr'><strong><em>sede</em></strong></span> <span class='ocrx_word' id='word_1_552' title='bbox 1417 4622 1697 4691; x_wconf 87' lang='lat' dir='ltr'><strong><em>sedentem,</em></strong></span> <span class='ocrx_word' id='word_1_553' title='bbox 2023 4600 2070 4661; x_wconf 77' lang='grc'><strong><em>³)</em></strong></span> <span class='ocrx_word' id='word_1_554' title='bbox 2241 4621 2335 4678; x_wconf 90' lang='lat' dir='ltr'><strong><em>Illi</em></strong></span> <span class='ocrx_word' id='word_1_555' title='bbox 2361 4621 2573 4690; x_wconf 87' lang='lat' dir='ltr'><strong><em>abeunt,</em></strong></span> <span class='ocrx_word' id='word_1_556' title='bbox 2601 4634 2874 4691; x_wconf 88' lang='lat' dir='ltr'><strong><em>secumque</em></strong></span> <span class='ocrx_word' id='word_1_557' title='bbox 2889 4617 3078 4673; x_wconf 81' lang='lat' dir='ltr'><strong><em>vehunt</em></strong></span> <span class='ocrx_word' id='word_1_558' title='bbox 3103 4614 3211 4672; x_wconf 90' lang='lat' dir='ltr'><strong><em>leve</em></strong></span> <span class='ocrx_word' id='word_1_559' title='bbox 3236 4617 3430 4672; x_wconf 88' lang='lat' dir='ltr'><strong><em>olentia</em></strong></span> <span class='ocrx_word' id='word_1_560' title='bbox 3457 4613 3635 4685; x_wconf 81' lang='lat' dir='ltr'><strong><em>thura,</em></strong></span> 
     </span>
    </p>
   </div>
   <div class='ocr_carea' id='block_1_51' title="bbox 535 4706 3633 4786">
    <p class='ocr_par' dir='ltr' id='par_1_51' title="bbox 535 4706 3633 4786">
     <span class='ocr_line' id='line_1_51' title="bbox 535 4706 3633 4786; baseline 0 -24"><span class='ocrx_word' id='word_1_561' title='bbox 535 4706 652 4762; x_wconf 88' lang='lat' dir='ltr'><strong><em>Nec</em></strong></span> <span class='ocrx_word' id='word_1_562' title='bbox 670 4717 842 4764; x_wconf 87' lang='lat' dir='ltr'><strong><em>tamen</em></strong></span> <span class='ocrx_word' id='word_1_563' title='bbox 858 4720 1146 4781; x_wconf 85' lang='lat' dir='ltr'><strong><em>agnoscunt</em></strong></span> <span class='ocrx_word' id='word_1_564' title='bbox 1164 4710 1321 4785; x_wconf 90' lang='lat' dir='ltr'><strong><em>longo</em></strong></span> <span class='ocrx_word' id='word_1_565' title='bbox 1342 4722 1461 4784; x_wconf 86' lang='lat' dir='ltr'><strong><em>post</em></strong></span> <span class='ocrx_word' id='word_1_566' title='bbox 1482 4721 1711 4786; x_wconf 65' lang='lat' dir='ltr'><strong><em>temwre</em></strong></span> <span class='ocrx_word' id='word_1_567' title='bbox 1728 4717 1910 4772; x_wconf 87' lang='lat' dir='ltr'><strong><em>visum.</em></strong></span> <span class='ocrx_word' id='word_1_568' title='bbox 2244 4713 2545 4782; x_wconf 86' lang='lat' dir='ltr'><strong><em>Incensum,</em></strong></span> <span class='ocrx_word' id='word_1_569' title='bbox 2568 4722 2620 4768; x_wconf 90' lang='lat' dir='ltr'><strong><em>et</em></strong></span> <span class='ocrx_word' id='word_1_570' title='bbox 2639 4720 2843 4785; x_wconf 87' lang='lat' dir='ltr'><strong><em>guttam</em></strong></span> <span class='ocrx_word' id='word_1_571' title='bbox 2862 4713 3163 4785; x_wconf 88' lang='lat' dir='ltr'><strong><em>jungentes,</em></strong></span> <span class='ocrx_word' id='word_1_572' title='bbox 3187 4726 3308 4764; x_wconf 89' lang='lat' dir='ltr'><strong><em>cum</em></strong></span> <span class='ocrx_word' id='word_1_573' title='bbox 3333 4708 3633 4775; x_wconf 85' lang='lat' dir='ltr'><strong><em>terebintho,</em></strong></span> 
     </span>
    </p>
   </div>
   <div class='ocr_carea' id='block_1_52' title="bbox 534 4801 3406 4881">
    <p class='ocr_par' dir='ltr' id='par_1_52' title="bbox 534 4801 3406 4881">
     <span class='ocr_line' id='line_1_52' title="bbox 534 4801 3406 4881; baseline 0 -24"><span class='ocrx_word' id='word_1_574' title='bbox 534 4801 675 4871; x_wconf 89' lang='lat' dir='ltr'><strong><em>Quos</em></strong></span> <span class='ocrx_word' id='word_1_575' title='bbox 698 4802 785 4857; x_wconf 88' lang='lat' dir='ltr'><strong><em>ubi</em></strong></span> <span class='ocrx_word' id='word_1_576' title='bbox 805 4804 1089 4875; x_wconf 66' lang='lat' dir='ltr'><strong><em>perspexit,</em></strong></span> <span class='ocrx_word' id='word_1_577' title='bbox 1113 4806 1329 4860; x_wconf 90' lang='lat' dir='ltr'><strong><em>memori</em></strong></span> <span class='ocrx_word' id='word_1_578' title='bbox 1353 4822 1468 4860; x_wconf 88' lang='lat' dir='ltr'><strong><em>cum</em></strong></span> <span class='ocrx_word' id='word_1_579' title='bbox 1489 4816 1655 4862; x_wconf 89' lang='lat' dir='ltr'><strong><em>mente</em></strong></span> <span class='ocrx_word' id='word_1_580' title='bbox 1668 4808 1918 4881; x_wconf 87' lang='lat' dir='ltr'><strong><em>propheta</em></strong></span> <span class='ocrx_word' id='word_1_581' title='bbox 2246 4807 2395 4864; x_wconf 89' lang='lat' dir='ltr'><strong><em>Inter</em></strong></span> <span class='ocrx_word' id='word_1_582' title='bbox 2425 4808 2670 4863; x_wconf 88' lang='lat' dir='ltr'><strong><em>odoratas</em></strong></span> <span class='ocrx_word' id='word_1_583' title='bbox 2698 4812 2963 4877; x_wconf 85' lang='lat' dir='ltr'><strong><em>portantes</em></strong></span> <span class='ocrx_word' id='word_1_584' title='bbox 2984 4803 3137 4858; x_wconf 90' lang='lat' dir='ltr'><strong><em>mella</em></strong></span> <span class='ocrx_word' id='word_1_585' title='bbox 3161 4818 3376 4872; x_wconf 87' lang='lat' dir='ltr'><strong><em>vapores</em></strong></span> <span class='ocrx_word' id='word_1_586' title='bbox 3392 4847 3406 4872; x_wconf 91' lang='lat'><strong><em>,</em></strong></span> 
     </span>
    </p>
   </div>
   <div class='ocr_carea' id='block_1_53' title="bbox 310 4893 3675 4975">
    <p class='ocr_par' dir='ltr' id='par_1_53' title="bbox 310 4893 3675 4975">
     <span class='ocr_line' id='line_1_53' title="bbox 310 4893 3675 4975; baseline -0.001 -23"><span class='ocrx_word' id='word_1_587' title='bbox 310 4952 327 4963; x_wconf 37' lang='grc' dir='ltr'><em>κ</em></span> <span class='ocrx_word' id='word_1_588' title='bbox 389 4893 529 4953; x_wconf 71' lang='grc'><strong><em>1260</em></strong></span> <span class='ocrx_word' id='word_1_589' title='bbox 550 4895 818 4963; x_wconf 88' lang='lat' dir='ltr'><strong><em>Increpat,</em></strong></span> <span class='ocrx_word' id='word_1_590' title='bbox 852 4905 900 4949; x_wconf 90' lang='lat' dir='ltr'><strong><em>et</em></strong></span> <span class='ocrx_word' id='word_1_591' title='bbox 928 4897 1093 4951; x_wconf 87' lang='lat' dir='ltr'><strong><em>multa</em></strong></span> <span class='ocrx_word' id='word_1_592' title='bbox 1119 4908 1369 4971; x_wconf 83' lang='lat' dir='ltr'><strong><em>proterret</em></strong></span> <span class='ocrx_word' id='word_1_593' title='bbox 1395 4916 1518 4954; x_wconf 88' lang='lat' dir='ltr'><strong><em>voce</em></strong></span> <span class='ocrx_word' id='word_1_594' title='bbox 1546 4912 1807 4969; x_wconf 87' lang='lat' dir='ltr'><strong><em>paventes,</em></strong></span> <span class='ocrx_word' id='word_1_595' title='bbox 2098 4899 2310 4961; x_wconf 76' lang='grc' dir='ltr'><strong>151οΕι</strong></span> <span class='ocrx_word' id='word_1_596' title='bbox 2338 4900 2600 4975; x_wconf 88' lang='lat' dir='ltr'><strong><em>geminum</em></strong></span> <span class='ocrx_word' id='word_1_597' title='bbox 2630 4897 2871 4969; x_wconf 88' lang='lat' dir='ltr'><strong><em>pretium,</em></strong></span> <span class='ocrx_word' id='word_1_598' title='bbox 2923 4903 3193 4951; x_wconf 89' lang='lat' dir='ltr'><strong><em>consertus</em></strong></span> <span class='ocrx_word' id='word_1_599' title='bbox 3236 4911 3302 4949; x_wconf 89' lang='lat' dir='ltr'><strong><em>ne</em></strong></span> <span class='ocrx_word' id='word_1_600' title='bbox 3339 4895 3471 4965; x_wconf 86' lang='lat' dir='ltr'><strong><em>foret</em></strong></span> <span class='ocrx_word' id='word_1_601' title='bbox 3501 4910 3675 4961; x_wconf 90' lang='lat' dir='ltr'><strong><em>error,</em></strong></span> 
     </span>
    </p>
   </div>
   <div class='ocr_carea' id='block_1_54' title="bbox 531 4989 3631 5065">
    <p class='ocr_par' dir='ltr' id='par_1_54' title="bbox 531 4989 3631 5065">
     <span class='ocr_line' id='line_1_54' title="bbox 531 4989 3631 5065; baseline -0.001 -20"><span class='ocrx_word' id='word_1_602' title='bbox 531 4990 791 5046; x_wconf 88' lang='lat' dir='ltr'><strong><em>Scitatum</em></strong></span> <span class='ocrx_word' id='word_1_603' title='bbox 818 4990 1017 5045; x_wconf 87' lang='lat' dir='ltr'><strong><em>venisse</em></strong></span> <span class='ocrx_word' id='word_1_604' title='bbox 1038 4990 1228 5061; x_wconf 89' lang='lat' dir='ltr'><strong><em>ferens,</em></strong></span> <span class='ocrx_word' id='word_1_605' title='bbox 1261 5007 1376 5062; x_wconf 76' lang='lat' dir='ltr'><strong><em>qua:</em></strong></span> <span class='ocrx_word' id='word_1_606' title='bbox 1396 4993 1547 5062; x_wconf 88' lang='lat' dir='ltr'><strong><em>copia</em></strong></span> <span class='ocrx_word' id='word_1_607' title='bbox 1572 4997 1803 5065; x_wconf 87' lang='lat' dir='ltr'><strong><em>frugum,</em></strong></span> <span class='ocrx_word' id='word_1_608' title='bbox 2236 4993 2460 5052; x_wconf 86' lang='lat' dir='ltr'><strong><em>Condita</em></strong></span> <span class='ocrx_word' id='word_1_609' title='bbox 2485 4992 2624 5064; x_wconf 88' lang='lat' dir='ltr'><strong><em>quod</em></strong></span> <span class='ocrx_word' id='word_1_610' title='bbox 2653 4991 2846 5045; x_wconf 88' lang='lat' dir='ltr'><strong><em>clausis</em></strong></span> <span class='ocrx_word' id='word_1_611' title='bbox 2875 4990 3078 5060; x_wconf 87' lang='lat' dir='ltr'><strong><em>fuerant</em></strong></span> <span class='ocrx_word' id='word_1_612' title='bbox 3108 4990 3421 5044; x_wconf 88' lang='lat' dir='ltr'><strong><em>numisntata</em></strong></span> <span class='ocrx_word' id='word_1_613' title='bbox 3446 4989 3631 5043; x_wconf 86' lang='lat' dir='ltr'><strong><em>saccis.</em></strong></span> 
     </span>
    </p>
   </div>
   <div class='ocr_carea' id='block_1_55' title="bbox 533 5081 3493 5157">
    <p class='ocr_par' dir='ltr' id='par_1_55' title="bbox 533 5081 3493 5157">
     <span class='ocr_line' id='line_1_55' title="bbox 533 5081 3493 5157; baseline 0 -18"><span class='ocrx_word' id='word_1_614' title='bbox 533 5084 698 5151; x_wconf 83' lang='lat' dir='ltr'><strong><em>Quive</em></strong></span> <span class='ocrx_word' id='word_1_615' title='bbox 719 5083 816 5140; x_wconf 89' lang='lat' dir='ltr'><strong><em>viri</em></strong></span> <span class='ocrx_word' id='word_1_616' title='bbox 836 5085 1053 5157; x_wconf 86' lang='lat' dir='ltr'><strong><em>pingues</em></strong></span> <span class='ocrx_word' id='word_1_617' title='bbox 1083 5093 1289 5140; x_wconf 84' lang='lat' dir='ltr'><strong><em>teneant</em></strong></span> <span class='ocrx_word' id='word_1_618' title='bbox 1317 5086 1666 5142; x_wconf 88' lang='lat' dir='ltr'><strong><em>moderamine</em></strong></span> <span class='ocrx_word' id='word_1_619' title='bbox 1693 5098 1873 5146; x_wconf 87' lang='lat' dir='ltr'><strong><em>terras.</em></strong></span> <span class='ocrx_word' id='word_1_620' title='bbox 2243 5088 2385 5156; x_wconf 91' lang='lat' dir='ltr'><strong><em>Quos</em></strong></span> <span class='ocrx_word' id='word_1_621' title='bbox 2405 5085 2493 5140; x_wconf 88' lang='lat' dir='ltr'><strong><em>ubi</em></strong></span> <span class='ocrx_word' id='word_1_622' title='bbox 2520 5086 2801 5157; x_wconf 84' lang='lat' dir='ltr'><strong><em>conspicua</em></strong></span> <span class='ocrx_word' id='word_1_623' title='bbox 2830 5084 2957 5139; x_wconf 85' lang='lat' dir='ltr'><strong><em>vidit</em></strong></span> <span class='ocrx_word' id='word_1_624' title='bbox 2986 5081 3247 5156; x_wconf 75' lang='lat' dir='ltr'><strong><em>Iosephus</em></strong></span> <span class='ocrx_word' id='word_1_625' title='bbox 3274 5084 3328 5139; x_wconf 89' lang='lat' dir='ltr'><strong><em>in</em></strong></span> <span class='ocrx_word' id='word_1_626' title='bbox 3349 5084 3493 5153; x_wconf 89' lang='lat' dir='ltr'><strong><em>aula,</em></strong></span> 
     </span>
    </p>
   </div>
   <div class='ocr_carea' id='block_1_56' title="bbox 463 5201 3705 5296">
    <p class='ocr_par' dir='ltr' id='par_1_56' title="bbox 463 5201 3705 5296">
     <span class='ocr_line' id='line_1_56' title="bbox 463 5201 3705 5296; baseline 0.001 -18"><span class='ocrx_word' id='word_1_627' title='bbox 463 5220 815 5296; x_wconf 54' lang='lat' dir='ltr'><strong><em>1355.Eortc,</em></strong></span> <span class='ocrx_word' id='word_1_628' title='bbox 846 5222 1189 5296; x_wconf 75' lang='lat' dir='ltr'><strong><em>itadigestis.</em></strong></span> <span class='ocrx_word' id='word_1_629' title='bbox 1222 5294 1267 5296; x_wconf 19' lang='grc' dir='ltr'>Μ</span> <span class='ocrx_word' id='word_1_630' title='bbox 1335 5294 1342 5296; x_wconf 19' lang='grc' dir='ltr'><strong>Α</strong></span> <span class='ocrx_word' id='word_1_631' title='bbox 2096 5236 2183 5282; x_wconf 84' lang='lat' dir='ltr'><strong><em>tur</em></strong></span> <span class='ocrx_word' id='word_1_632' title='bbox 2247 5225 2445 5282; x_wconf 82' lang='lat' dir='ltr'><strong><em>deesse</em></strong></span> <span class='ocrx_word' id='word_1_633' title='bbox 2494 5223 2693 5294; x_wconf 82' lang='lat' dir='ltr'><strong><em>aliquis</em></strong></span> <span class='ocrx_word' id='word_1_634' title='bbox 2746 5239 2940 5279; x_wconf 86' lang='lat' dir='ltr'><strong><em>versus</em></strong></span> <span class='ocrx_word' id='word_1_635' title='bbox 3001 5222 3069 5278; x_wconf 84' lang='lat' dir='ltr'><strong><em>ad</em></strong></span> <span class='ocrx_word' id='word_1_636' title='bbox 3122 5201 3452 5279; x_wconf 79' lang='lat' dir='ltr'><strong><em>sententiam</em></strong></span> <span class='ocrx_word' id='word_1_637' title='bbox 3521 5225 3705 5296; x_wconf 77' lang='lat' dir='ltr'><strong><em>expri-</em></strong></span> 
     </span>
    </p>
   </div>
   <div class='ocr_carea' id='block_1_57' title="bbox 459 5293 2364 5366">
    <p class='ocr_par' dir='ltr' id='par_1_57' title="bbox 459 5293 2364 5366">
     <span class='ocr_line' id='line_1_57' title="bbox 459 5293 2364 5366; baseline 0.001 -16"><span class='ocrx_word' id='word_1_638' title='bbox 459 5293 623 5350; x_wconf 72' lang='lat' dir='ltr'><strong><em>i‘221.</em></strong></span> <span class='ocrx_word' id='word_1_639' title='bbox 656 5293 772 5348; x_wconf 82' lang='lat' dir='ltr'><strong><em>Non</em></strong></span> <span class='ocrx_word' id='word_1_640' title='bbox 796 5293 1120 5364; x_wconf 79' lang='lat' dir='ltr'><strong><em>intelligitur</em></strong></span> <span class='ocrx_word' id='word_1_641' title='bbox 1142 5294 1273 5366; x_wconf 86' lang='lat' dir='ltr'><strong><em>quid</em></strong></span> <span class='ocrx_word' id='word_1_642' title='bbox 1301 5294 1376 5366; x_wconf 83' lang='lat' dir='ltr'><strong><em>sit</em></strong></span> <span class='ocrx_word' id='word_1_643' title='bbox 1385 5297 1570 5366; x_wconf 90' lang='lat' dir='ltr'><strong><em>juncta</em></strong></span> <span class='ocrx_word' id='word_1_644' title='bbox 1591 5302 1804 5349; x_wconf 90' lang='lat' dir='ltr'><strong><em>tonante</em></strong></span> <span class='ocrx_word' id='word_1_645' title='bbox 1815 5314 1835 5364; x_wconf 86' lang='lat'><strong><em>,-</em></strong></span> <span class='ocrx_word' id='word_1_646' title='bbox 1860 5296 1982 5353; x_wconf 82' lang='lat' dir='ltr'><strong><em>vide</em></strong></span> <span class='ocrx_word' id='word_1_647' title='bbox 2090 5298 2364 5355; x_wconf 84' lang='lat' dir='ltr'><strong><em>mendam.</em></strong></span> 
     </span>
    </p>
   </div>
   <div class='ocr_carea' id='block_1_58' title="bbox 384 5366 3699 5439">
    <p class='ocr_par' dir='ltr' id='par_1_58' title="bbox 384 5366 3699 5439">
     <span class='ocr_line' id='line_1_58' title="bbox 384 5366 3699 5439; baseline 0.001 -16"><span class='ocrx_word' id='word_1_648' title='bbox 384 5382 517 5423; x_wconf 86' lang='lat' dir='ltr'><strong><em>num</em></strong></span> <span class='ocrx_word' id='word_1_649' title='bbox 559 5366 853 5421; x_wconf 83' lang='lat' dir='ltr'><strong><em>restituere</em></strong></span> <span class='ocrx_word' id='word_1_650' title='bbox 891 5374 1142 5436; x_wconf 83' lang='lat' dir='ltr'><strong><em>oporteat</em></strong></span> <span class='ocrx_word' id='word_1_651' title='bbox 1183 5377 1321 5421; x_wconf 89' lang='lat' dir='ltr'><strong><em>certa</em></strong></span> <span class='ocrx_word' id='word_1_652' title='bbox 1353 5366 1494 5422; x_wconf 90' lang='lat' dir='ltr'><strong><em>Deus</em></strong></span> <span class='ocrx_word' id='word_1_653' title='bbox 1520 5367 1735 5421; x_wconf 87' lang='lat' dir='ltr'><strong><em>mandat</em></strong></span> <span class='ocrx_word' id='word_1_654' title='bbox 1756 5368 1986 5437; x_wconf 88' lang='lat' dir='ltr'><strong><em>junctim</em></strong></span> <span class='ocrx_word' id='word_1_655' title='bbox 2165 5367 2327 5427; x_wconf 76' lang='grc'><strong>1255.</strong></span> <span class='ocrx_word' id='word_1_656' title='bbox 2361 5368 2540 5436; x_wconf 62' lang='lat' dir='ltr'><strong><em>Varia,</em></strong></span> <span class='ocrx_word' id='word_1_657' title='bbox 2568 5382 2666 5423; x_wconf 89' lang='lat' dir='ltr'><strong><em>seu</em></strong></span> <span class='ocrx_word' id='word_1_658' title='bbox 2688 5366 2903 5439; x_wconf 83' lang='lat' dir='ltr'><strong><em>Pharos</em></strong></span> <span class='ocrx_word' id='word_1_659' title='bbox 2927 5367 3186 5439; x_wconf 84' lang='lat' dir='ltr'><strong><em>oppidum</em></strong></span> <span class='ocrx_word' id='word_1_660' title='bbox 3215 5376 3334 5421; x_wconf 84' lang='lat' dir='ltr'><strong><em>erat</em></strong></span> <span class='ocrx_word' id='word_1_661' title='bbox 3366 5366 3611 5439; x_wconf 64' lang='lat' dir='ltr'><strong><em>Egypti,</em></strong></span> <span class='ocrx_word' id='word_1_662' title='bbox 3646 5371 3699 5425; x_wconf 91' lang='lat' dir='ltr'><strong><em>in</em></strong></span> 
     </span>
    </p>
   </div>
   <div class='ocr_carea' id='block_1_59' title="bbox 386 5438 3702 5510">
    <p class='ocr_par' dir='ltr' id='par_1_59' title="bbox 386 5438 3702 5510">
     <span class='ocr_line' id='line_1_59' title="bbox 386 5438 3702 5510; baseline 0.001 -15"><span class='ocrx_word' id='word_1_663' title='bbox 386 5448 624 5495; x_wconf 87' lang='lat' dir='ltr'><strong><em>constare</em></strong></span> <span class='ocrx_word' id='word_1_664' title='bbox 649 5448 892 5510; x_wconf 82' lang='lat' dir='ltr'><strong><em>tyranno.</em></strong></span> <span class='ocrx_word' id='word_1_665' title='bbox 1385 5509 1388 5510; x_wconf 16' lang='grc' dir='ltr'><em>ν</em></span> <span class='ocrx_word' id='word_1_666' title='bbox 2089 5442 2270 5498; x_wconf 85' lang='lat' dir='ltr'><strong><em>insula</em></strong></span> <span class='ocrx_word' id='word_1_667' title='bbox 2316 5455 2457 5510; x_wconf 86' lang='lat' dir='ltr'><strong><em>pene</em></strong></span> <span class='ocrx_word' id='word_1_668' title='bbox 2503 5438 2811 5494; x_wconf 84' lang='lat' dir='ltr'><strong><em>continenti</em></strong></span> <span class='ocrx_word' id='word_1_669' title='bbox 2837 5438 3047 5508; x_wconf 72' lang='lat' dir='ltr'><strong><em>juncta,</em></strong></span> <span class='ocrx_word' id='word_1_670' title='bbox 3100 5442 3373 5510; x_wconf 80' lang='lat' dir='ltr'><strong><em>quondam</em></strong></span> <span class='ocrx_word' id='word_1_671' title='bbox 3427 5438 3601 5507; x_wconf 68' lang='lat' dir='ltr'><strong><em>regia,</em></strong></span> <span class='ocrx_word' id='word_1_672' title='bbox 3632 5441 3702 5498; x_wconf 80' lang='lat' dir='ltr'><strong><em>de</em></strong></span> 
     </span>
    </p>
   </div>
   <div class='ocr_carea' id='block_1_60' title="bbox 458 5509 3700 5584">
    <p class='ocr_par' dir='ltr' id='par_1_60' title="bbox 458 5509 3700 5584">
     <span class='ocr_line' id='line_1_60' title="bbox 458 5509 3700 5584; baseline 0 -18"><span class='ocrx_word' id='word_1_673' title='bbox 458 5510 619 5567; x_wconf 65' lang='grc'><strong>1118.</strong></span> <span class='ocrx_word' id='word_1_674' title='bbox 663 5509 792 5584; x_wconf 78' lang='lat' dir='ltr'><strong><em>Quis</em></strong></span> <span class='ocrx_word' id='word_1_675' title='bbox 835 5524 933 5580; x_wconf 87' lang='lat' dir='ltr'><strong><em>pro</em></strong></span> <span class='ocrx_word' id='word_1_676' title='bbox 955 5510 1118 5581; x_wconf 90' lang='lat' dir='ltr'><strong><em>queis,</em></strong></span> <span class='ocrx_word' id='word_1_677' title='bbox 1152 5510 1238 5567; x_wconf 85' lang='lat' dir='ltr'><strong><em>vel</em></strong></span> <span class='ocrx_word' id='word_1_678' title='bbox 1281 5509 1487 5582; x_wconf 88' lang='lat' dir='ltr'><strong><em>quibus,</em></strong></span> <span class='ocrx_word' id='word_1_679' title='bbox 1536 5518 1595 5564; x_wconf 83' lang='lat' dir='ltr'><strong><em>ut</em></strong></span> <span class='ocrx_word' id='word_1_680' title='bbox 1624 5510 1764 5567; x_wconf 86' lang='lat' dir='ltr'><strong><em>alias</em></strong></span> <span class='ocrx_word' id='word_1_681' title='bbox 1791 5510 1983 5568; x_wconf 85' lang='lat' dir='ltr'><strong><em>obser-</em></strong></span> <span class='ocrx_word' id='word_1_682' title='bbox 2085 5528 2189 5584; x_wconf 86' lang='lat' dir='ltr'><strong><em>qua</em></strong></span> <span class='ocrx_word' id='word_1_683' title='bbox 2217 5513 2492 5584; x_wconf 80' lang='lat' dir='ltr'><strong><em>Lucanus,</em></strong></span> <span class='ocrx_word' id='word_1_684' title='bbox 2530 5511 2669 5584; x_wconf 58' lang='lat' dir='ltr'><strong><em>libr.</em></strong></span> <span class='ocrx_word' id='word_1_685' title='bbox 2694 5527 2762 5565; x_wconf 81' lang='lat' dir='ltr'><strong><em>x:</em></strong></span> <span class='ocrx_word' id='word_1_686' title='bbox 2803 5510 2974 5567; x_wconf 86' lang='lat' dir='ltr'><strong><em>Fama</em></strong></span> <span class='ocrx_word' id='word_1_687' title='bbox 3000 5509 3211 5583; x_wconf 88' lang='lat' dir='ltr'><strong><em>quidem</em></strong></span> <span class='ocrx_word' id='word_1_688' title='bbox 3236 5512 3436 5581; x_wconf 75' lang='lat' dir='ltr'><strong><em>generis</em></strong></span> <span class='ocrx_word' id='word_1_689' title='bbox 3473 5510 3700 5568; x_wconf 85' lang='lat' dir='ltr'><strong><em>Pharias</em></strong></span> 
     </span>
    </p>
   </div>
   <div class='ocr_carea' id='block_1_61' title="bbox 379 5581 1956 5640">
    <p class='ocr_par' dir='ltr' id='par_1_61' title="bbox 379 5581 1301 5639">
     <span class='ocr_line' id='line_1_61' title="bbox 379 5581 1301 5639; baseline 0 -2"><span class='ocrx_word' id='word_1_690' title='bbox 379 5584 653 5639; x_wconf 77' lang='lat' dir='ltr'><strong><em>vavimus.</em></strong></span> <span class='ocrx_word' id='word_1_691' title='bbox 684 5582 863 5638; x_wconf 65' lang='lat' dir='ltr'><strong><em>Mur.</em></strong></span> <span class='ocrx_word' id='word_1_692' title='bbox 1296 5581 1301 5582; x_wconf 55' lang='grc'><strong>“</strong></span> 
     </span>
    </p>
   </div>
   <div class='ocr_carea' id='block_1_62' title="bbox 1254 5581 2831 5640">
    <p class='ocr_par' dir='ltr' id='par_1_62' title="bbox 1296 5581 2831 5640">
     <span class='ocr_line' id='line_1_62' title="bbox 1296 5581 2831 5640; baseline -0.005 3"><span class='ocrx_word' id='word_1_693' title='bbox 1296 5581 1301 5582; x_wconf 21' lang='grc' dir='ltr'>ί</span> <span class='ocrx_word' id='word_1_694' title='bbox 2083 5581 2166 5640; x_wconf 83' lang='lat' dir='ltr'><strong><em>me</em></strong></span> <span class='ocrx_word' id='word_1_695' title='bbox 2187 5584 2339 5639; x_wconf 71' lang='lat' dir='ltr'><strong><em>duxit</em></strong></span> <span class='ocrx_word' id='word_1_696' title='bbox 2360 5582 2429 5637; x_wconf 91' lang='lat' dir='ltr'><strong><em>ad</em></strong></span> <span class='ocrx_word' id='word_1_697' title='bbox 2457 5581 2831 5638; x_wconf 63' lang='lat' dir='ltr'><strong><em>ttrbe8.\MART.</em></strong></span> 
     </span>
    </p>
   </div>
   <div class='ocr_carea' id='block_1_63' title="bbox 457 5651 2034 5726">
    <p class='ocr_par' dir='ltr' id='par_1_63' title="bbox 457 5651 1504 5726">
     <span class='ocr_line' id='line_1_63' title="bbox 457 5651 1504 5726; baseline 0 -16"><span class='ocrx_word' id='word_1_698' title='bbox 457 5653 620 5726; x_wconf 66' lang='grc'><strong>1220.</strong></span> <span class='ocrx_word' id='word_1_699' title='bbox 652 5654 837 5725; x_wconf 77' lang='lat' dir='ltr'><strong><em>Lege:</em></strong></span> <span class='ocrx_word' id='word_1_700' title='bbox 870 5651 1011 5710; x_wconf 88' lang='lat' dir='ltr'><strong><em>Nam</em></strong></span> <span class='ocrx_word' id='word_1_701' title='bbox 1035 5670 1154 5726; x_wconf 80' lang='lat' dir='ltr'><strong><em>quoe</em></strong></span> <span class='ocrx_word' id='word_1_702' title='bbox 1188 5654 1504 5724; x_wconf 85' lang='lat' dir='ltr'><strong><em>duplicibus.</em></strong></span> 
     </span>
    </p>
   </div>
   <div class='ocr_carea' id='block_1_64' title="bbox 1456 5651 3033 5726">
    <p class='ocr_par' dir='ltr' id='par_1_64' title="bbox 1456 5652 3033 5726">
     <span class='ocr_line' id='line_1_64' title="bbox 1456 5652 3033 5726; baseline 0.001 -17"><span class='ocrx_word' id='word_1_703' title='bbox 1456 5670 1504 5710; x_wconf 48' lang='grc' dir='ltr'><strong><em>ις.</em></strong></span> <span class='ocrx_word' id='word_1_704' title='bbox 2082 5652 2083 5655; x_wconf 38' lang='grc'><em>“</em></span> <span class='ocrx_word' id='word_1_705' title='bbox 2157 5655 2317 5711; x_wconf 69' lang='grc' dir='ltr'><strong><em>ίίὃὸ.</em></strong></span> <span class='ocrx_word' id='word_1_706' title='bbox 2361 5655 2645 5726; x_wconf 68' lang='lat' dir='ltr'><strong><em>F0rte,_ex</em></strong></span> <span class='ocrx_word' id='word_1_707' title='bbox 2666 5655 2747 5709; x_wconf 87' lang='lat' dir='ltr'><strong><em>his</em></strong></span> <span class='ocrx_word' id='word_1_708' title='bbox 2777 5654 3033 5710; x_wconf 89' lang='lat' dir='ltr'><strong><em>omnibus.</em></strong></span> 
     </span>
    </p>
   </div>
   <div class='ocr_carea' id='block_1_65' title="bbox 455 5724 3099 5798">
    <p class='ocr_par' dir='ltr' id='par_1_65' title="bbox 455 5724 3099 5798">
     <span class='ocr_line' id='line_1_65' title="bbox 455 5724 3099 5798; baseline -0 -18"><span class='ocrx_word' id='word_1_709' title='bbox 455 5724 615 5798; x_wconf 35' lang='lat'><strong><em>@271.</em></strong></span> <span class='ocrx_word' id='word_1_710' title='bbox 648 5724 960 5798; x_wconf 62' lang='lat' dir='ltr'><strong><em>Lugendum</em></strong></span> <span class='ocrx_word' id='word_1_711' title='bbox 991 5724 1139 5798; x_wconf 83' lang='lat' dir='ltr'><strong><em>puto,</em></strong></span> <span class='ocrx_word' id='word_1_712' title='bbox 1174 5726 1442 5782; x_wconf 86' lang='lat' dir='ltr'><strong><em>Sustineat</em></strong></span> <span class='ocrx_word' id='word_1_713' title='bbox 1470 5727 1687 5782; x_wconf 89' lang='lat' dir='ltr'><strong><em>steriles.</em></strong></span> <span class='ocrx_word' id='word_1_714' title='bbox 2149 5727 2310 5784; x_wconf 75' lang='grc'><strong>1278.</strong></span> <span class='ocrx_word' id='word_1_715' title='bbox 2356 5724 2515 5798; x_wconf 83' lang='lat' dir='ltr'><strong><em>Pace,</em></strong></span> <span class='ocrx_word' id='word_1_716' title='bbox 2550 5724 2689 5782; x_wconf 83' lang='lat' dir='ltr'><strong><em>forte</em></strong></span> <span class='ocrx_word' id='word_1_717' title='bbox 2719 5736 2888 5797; x_wconf 85' lang='lat' dir='ltr'><strong><em>pacto.</em></strong></span> <span class='ocrx_word' id='word_1_718' title='bbox 2918 5726 3099 5798; x_wconf 77' lang='lat' dir='ltr'><strong><em>MART.</em></strong></span> 
     </span>
    </p>
   </div>
   <div class='ocr_carea' id='block_1_66' title="bbox 456 5795 3195 5870">
    <p class='ocr_par' dir='ltr' id='par_1_66' title="bbox 456 5795 3195 5870">
     <span class='ocr_line' id='line_1_66' title="bbox 456 5795 3195 5870; baseline 0 -20"><span class='ocrx_word' id='word_1_719' title='bbox 456 5795 615 5852; x_wconf 61' lang='grc' dir='ltr'><strong><em>ηιξ.</em></strong></span> <span class='ocrx_word' id='word_1_720' title='bbox 658 5795 842 5865; x_wconf 76' lang='lat' dir='ltr'><strong><em>Forte,</em></strong></span> <span class='ocrx_word' id='word_1_721' title='bbox 881 5795 1177 5867; x_wconf 76' lang='lat' dir='ltr'><strong><em>absumere;</em></strong></span> <span class='ocrx_word' id='word_1_722' title='bbox 1213 5814 1310 5870; x_wconf 80' lang='lat' dir='ltr'><strong><em>pro</em></strong></span> <span class='ocrx_word' id='word_1_723' title='bbox 1362 5812 1640 5854; x_wconf 81' lang='lat' dir='ltr'><strong><em>assumere.</em></strong></span> <span class='ocrx_word' id='word_1_724' title='bbox 1678 5798 1784 5856; x_wconf 89' lang='lat' dir='ltr'><strong><em>Sed</em></strong></span> <span class='ocrx_word' id='word_1_725' title='bbox 1823 5799 1973 5856; x_wconf 86' lang='lat' dir='ltr'><strong><em>vide-</em></strong></span> <span class='ocrx_word' id='word_1_726' title='bbox 2149 5799 2307 5855; x_wconf 82' lang='grc'><strong>1507.</strong></span> <span class='ocrx_word' id='word_1_727' title='bbox 2348 5797 2614 5869; x_wconf 74' lang='lat' dir='ltr'><strong><em>Corrige:</em></strong></span> <span class='ocrx_word' id='word_1_728' title='bbox 2651 5795 2775 5855; x_wconf 84' lang='lat' dir='ltr'><strong><em>bene</em></strong></span> <span class='ocrx_word' id='word_1_729' title='bbox 2801 5798 2995 5855; x_wconf 86' lang='lat' dir='ltr'><strong><em>olentia</em></strong></span> <span class='ocrx_word' id='word_1_730' title='bbox 3021 5797 3195 5853; x_wconf 84' lang='lat' dir='ltr'><strong><em>thura.</em></strong></span> 
     </span>
    </p>
   </div>
  </div>
