3994 6314
412 298 524 365 585

561 419 677 477 Nec
705 430 876 480 tamen
898 424 1086 484 insano
1107 429 1285 486 metuit
1317 430 1644 491 circumdata
1667 438 1855 508 ﬂuctu,

452 510 526 570 65
561 512 875 590 Exiguoque
896 520 1044 592 fretis
1066 520 1295 580 innitens
1332 524 1452 581 orbe
1486 528 1701 596 resistit,

561 607 638 666 Te
659 609 790 668 duce
815 614 1110 686 confidens,
1145 622 1298 693 cujus
1322 623 1613 680 venerabile
1645 637 1853 694 pactum

561 702 770 762 Nectum
817 707 931 781 lege
971 712 1089 784 pari
1124 728 1521 788 summumque,
1554 719 1813 794 imumque
1851 740 2015 792 perre-

1830 828 1922 875 uat

1830 828 1922 875 uat

560 890 676 947 Nec
698 894 823 951 sinit
843 896 1109 971 impositos
1129 917 1389 974 quoquam
1414 814 1942 983 transcendcre[;’incs:

560 986 633 1042 Ac
656 1004 720 1045 ne
749 993 909 1060 plana
936 992 1089 1049 nimis
1115 995 1291 1063 tellus,
1315 997 1393 1053 vel
1420 999 1561 1054 nuda
1575 1002 1797 1072 jaceret,

450 1076 521 1135 70
564 1079 765 1137 Vilibus
787 1086 1045 1155 aptandas
1063 1088 1267 1157 iussisti
1296 1108 1566 1165 assurgere
1585 1097 1742 1152 colles

559 1173 880 1248 Grandibus,
910 1188 959 1235 et
988 1179 1161 1253 largos
1188 1183 1489 1241 umbracula
1508 1196 1677 1246 texere
1706 1193 1873 1250 lucos.

557 1268 694 1326 Tum
716 1288 781 1326 ne
804 1282 983 1330 vastus
1011 1287 1134 1348 agat
1162 1279 1305 1334 silvis
1330 1283 1654 1352 torpentibus
1681 1287 1885 1359 horror,

561 1361 873 1422 Innumeros
898 1371 1051 1439 fastus
1075 1374 1306 1443 proceris
1332 1374 1553 1432 saltibus
1581 1379 1766 1446 addis,

556 1456 745 1515 Incola
771 1478 834 1517 ne
854 1466 1071 1535 nemori,
1100 1482 1199 1521 neu
1230 1468 1362 1524 desit
1388 1472 1567 1541 praeda
1596 1477 1807 1544 petenti.

451 1550 522 1607 75
559 1550 692 1608 Tum
714 1554 947 1612 volucres
966 1558 1182 1628 multas,
1200 1570 1246 1616 et
1278 1564 1421 1621 mille
1448 1570 1693 1625 examina
1720 1587 1901 1628 vocum

560 1646 777 1704 Hortali
805 1651 1079 1710 harmonia
1103 1654 1239 1712 lucis
1263 1674 1511 1718 resonare
1540 1668 1767 1720 canoris.

557 1740 651 1797 Sic
669 1760 867 1799 annum
905 1746 1103 1817 placuit
1123 1751 1283 1805 variis
1303 1752 1533 1810 intexere
1557 1757 1762 1829 formis,

556 1834 626 1891 Et
650 1837 762 1893 vice
774 1841 1019 1910 jucunda
1048 1844 1354 1900 mortalibus
1380 1847 1573 1905 addere
1599 1853 1828 1922 fructum
1848 1870 1867 1908 :

555 1931 678 1987 Neu
708 1950 906 2007 semper
931 1936 1141 2008 prolixa
1167 1938 1281 1997 dies
1310 1941 1464 1996 nimis
1491 1944 1663 2000 ureret
1691 1946 1885 2015 orbem,

445 2024 516 2081 80
555 2025 701 2084 Neve
727 2028 896 2085 brevis
907 2032 1114 2102 justum
1136 2044 1340 2105 raperet
1366 2039 1691 2096 nascentibus
1720 2042 1891 2115 ignem
1916 2061 1934 2099 :

473 2180 489 2193 Q
552 2121 626 2175 Ac
651 2138 718 2177 ne
745 2132 994 2193 perpetuo
1013 2136 1245 2196 quateret
1269 2129 1417 2185 labor
1435 2132 1611 2187 omnia
1631 2134 1750 2189 nisu
1773 2176 1789 2202 ,

556 2213 662 2269 Dat
681 2216 906 2284 requiem
928 2218 1077 2288 fessis
1099 2221 1367 2278 hominum
1390 2241 1497 2280 non:
1515 2228 1723 2283 roscida
1745 2231 1887 2286 curis
1918 2247 1940 2289 :

559 2308 729 2381 thue
750 2312 979 2370 humana
1003 2316 1150 2372 salus
1172 2334 1409 2373 securum
1438 2321 1645 2377 duceret
1671 2338 1835 2379 rerum
1857 2367 1872 2392 ,

554 2399 755 2470 Sponte
782 2405 1038 2463 salutares
1065 2410 1129 2463 de
1158 2411 1363 2484 caespite
1380 2414 1599 2487 surgitis
1625 2414 1818 2473 herbce.

445 2491 515 2548 85
554 2493 670 2551 Has
697 2495 857 2553 Pater
875 2500 987 2569 ipse
1005 2502 1128 2558 serit
1149 2514 1302 2570 nutu,
1333 2523 1438 2561 non
1462 2523 1664 2565 vomere
1697 2511 1858 2569 dives.

624 2587 748 2644 Non
774 2607 869 2662 ego
899 2596 1092 2664 ferrato
1121 2606 1319 2669 tegerer
1343 2599 1387 2655 si
1410 2600 1606 2657 viscera
1633 2621 1806 2670 muro,

553 2678 749 2739 Ferrea
767 2701 885 2754 vox,
918 2687 1210 2762 linguaeque
1236 2694 1406 2763 forent
1432 2696 1560 2752 mihi
1591 2699 1733 2755 mille
1755 2704 1962 2758 canenti
1990 2746 2004 2771 ,

551 2773 775 2832 Munera
795 2789 980 2836 cuncta
999 2798 1182 2854 queam
1210 2797 1395 2843 vestrm
1417 2789 1624 2861 pietatis
1648 2791 1807 2848 obire.

553 2871 661 2927 Sed
681 2884 826 2946 pater
847 2877 936 2933 ille
967 2889 1085 2935 tuus
1107 2893 1306 2937 secreta
1332 2884 1390 2938 in
1410 2884 1532 2940 sede
1552 2886 1778 2956 locatus,

442 2961 515 3019 90
555 2962 667 3019 Nec
686 2971 927 3037 cuiquam
958 2972 1071 3026 visu
1103 2973 1301 3043 facilis,
1333 2978 1634 3049 cunctisque
1664 2984 1960 3040 tremendus
1986 3026 2001 3053 ,

547 3057 623 3115 Te
647 3062 788 3117 misit
820 3063 1101 3123 Dominum
1132 3070 1304 3139 tefris,
1327 3073 1541 3145 vittaque
1570 3077 1895 3149 magistrum.

547 3149 619 3208 Et
642 3156 876 3228 quisquis
911 3170 1093 3216 natum
1114 3164 1260 3231 justo
1290 3175 1559 3222 veneratur
1584 3168 1803 3239 honore,

545 3246 806 3304 Ambobus
829 3268 927 3305 sua
947 3262 1063 3307 vota
1092 3255 1256 3324 dicat,
1287 3258 1544 3332 vitamque
1570 3279 1869 3334 perennem.

546 3336 628 3393 Tu
650 3343 803 3406 casti,
819 3345 1048 3416 rectique
1073 3354 1250 3416 tenam,
1284 3359 1333 3403 et
1356 3354 1564 3421 flectere
1586 3354 1722 3426 leges

402 3428 473 3486 95
548 3432 678 3525 Post
704 3438 899 3493 crimen
927 3440 1120 3509 facilis,
1147 3444 1194 3497 si
1219 3461 1371 3516 quem
1401 3449 1644 3504 vecordia
1669 3467 1899 3525 praeceps

548 3524 771 3598 Depulit
799 3546 831 3583 a
852 3530 993 3587 vobis
1016 3536 1325 3606 praescripto
1364 3539 1530 3595 limite
1561 3542 1700 3597 vitae.

547 3616 619 3673 Te
645 3618 861 3676 Genitor
886 3634 1064 3680 nostra
1092 3637 1399 3699 paterentur
1425 3643 1481 3685 ut
1508 3649 1600 3687 ora
1620 3636 1791 3704 tueri,

547 3707 732 3765 Induit
754 3712 981 3771 humana
1001 3718 1160 3789 facie,
1189 3722 1528 3795 membrisque
1555 3725 1785 3781 caducis.

549 3802 679 3872 Quis
712 3814 929 3861 tentaret
948 3812 1087 3865 enim
1107 3813 1324 3887 fragiles
1364 3816 1602 3872 attollere
1624 3819 1785 3887 visus,

400 3892 506 3953 100
544 3895 609 3953 Si
631 3896 787 3954 (olent
817 3904 1036 3974 trepidis
1062 3906 1311 3963 voluisset
1326 3909 1506 3965 sistere
1539 3913 1710 3983 terris,

398 4082 537 4170 velut
557 4096 863 4170 perpetuum
878 4100 1097 4170 portum
1124 4103 1285 4170 nauta
1317 4097 1469 4151 sciret
1489 4097 1678 4170 ubique
1699 4114 1802 4154 non
1824 4098 2000 4155 deesse

402 4157 835 4283 arboribus,
863 4162 980 4233 fixit
1011 4165 1209 4222 insulas
1228 4167 1283 4222 in
1314 4178 1472 4239 ponto
1508 4157 1721 4226 Créator
1751 4171 1997 4241 Optimus

610 4248 693 4283 us.

466 4245 693 4289 adimus.

590 4302 851 4385 Suspicor
874 4309 1159 4385 quidquam
1188 4325 1286 4382 pro
1308 4328 1588 4385 quoquam.

474 4372 537 4446 :ll
550 4414 563 4428 .
594 4372 874 4446 Fortasse,
886 4372 1183 4437 'Grandius.

472 4444 560 4526 '_'l7.
588 4445 803 4526 Similia
826 4444 990 4506 habet
1019 4453 1362 4526 Dracontius,
1389 4454 1671 4513 Satisfact.
1703 4471 1848 4513 vers.
1868 4456 2000 4526 9.47,

399 4514 703 4589 aliiquejhi
738 4537 766 4573 ει
799 4535 886 4575 me
911 4523 1181 4589 producti.

474 4531 601 4640 "gae
632 4531 703 4573 un
738 4537 766 4573 ει
799 4535 886 4575 me
911 4531 1181 4589 producti.

471 4586 506 4642 8
550 4627 564 4641 .
596 4586 798 4645 Confer
820 4600 940 4650 not.
966 4595 1032 4649 ad
1060 4595 1319 4651 Dracont.
1343 4598 1384 4653 l.
1408 4613 1468 4653 nt
1494 4614 1548 4656 ν.
1572 4600 1663 4656 27.

468 4658 559 4714 86.
597 4660 784 4718 Adisis
816 4673 933 4717 not.
965 4666 1031 4720 ad
1079 4667 1341 4724 Dracont.
1382 4669 1506 4726 libr.
1550 4687 1611 4727 ιιι
1659 4686 1808 4728 vers.
1842 4671 1991 4728 552:

403 4727 755 4805 Non‘si_mihi
783 4737 949 4805 ferrea
978 4753 1079 4792 vox
1104 4740 1194 4792 sit.

599 4803 761 4878 [’lura
783 4800 862 4862 'de
891 4803 977 4862 his
1006 4810 1072 4863 ad
1104 4811 1117 4863 ι
1144 4820 1358 4865 racont.
1388 4811 1512 4866 libr.
1544 4829 1602 4878 ιι,
1635 4830 1689 4870 v.
1724 4813 1851 4870 690.

471 4871 563 4958 l9_6.
593 4874 819 4958 Scilicet
869 4899 901 4936 a
948 4879 1110 4958 limite
1155 4883 1274 4937 vitae
1309 4871 1616 4955 praescripto
1660 4886 1802 4941 vobis
1837 4900 1937 4958 pro
1966 4905 1998 4942 a

398 4945 559 5019 vobis.
593 4944 690 5019 γει
725 4949 845 5019 lege
869 4971 900 5007 a
928 4953 1094 5008 nobis.

470 5016 563 5073 97.
594 5016 872 5099 Barthius,
890 5024 1186 5099 libruxxv.
1232 5041 1283 5081 c.
1319 5026 1372 5091 7,
1405 5025 1661 5096 afﬁrmat,
1698 5040 1845 5083 tueor
1872 5045 1997 5099 pas-

398 5087 514 5170 sive
546 5094 795 5163 usurpari
827 5087 1135 5172 avacthio,
1162 5107 1216 5154 et
1238 5099 1307 5152 ah
1334 5087 1557 5154 auctore
1590 5087 1750 5172 hujus
1794 5087 1994 5157 carini-

399 5160 487 5216 nis
514 5178 528 5215 :
559 5160 887 5234 quamquam
913 5168 981 5223 dc
1011 5160 1127 5224 hoc
1159 5179 1345 5226 certus
1400 5187 1504 5226 non
1536 5160 1679 5240 erat,
1708 5188 1829 5229 cum
1861 5175 1998 5232 liber

400 5232 476 5288 illi
527 5236 593 5289 ad
647 5251 864 5293 manum
915 5256 1020 5295 non
1051 5252 1222 5296 esset.
1278 5242 1337 5298 Si
1391 5242 1532 5299 hunc
1564 5245 1742 5301 locum
1794 5246 1991 5304 innuit.

399 5306 531 5360 tueri
555 5308 641 5363 hic
662 5310 926 5380 accipitur
968 5327 1066 5379 pro
1110 5313 1300 5368 intueri
1342 5317 1539 5371 active.
1586 5317 1793 5373 Sensus
1844 5306 1990 5375 enini

397 5388 523 5507 est]:
551 5390 815 5507 utlnostrn
838 5398 932 5438 ora
966 5393 1285 5457 paterentur
1318 5396 1370 5443 te
1398 5388 1561 5458 tueri,
1588 5389 1819 5446 Genitor
1839 5391 1991 5448 tein—

397 5487 410 5504 .
435 5466 487 5506 ut
521 5493 535 5507 .
564 5467 594 5507 e
622 5468 672 5506 c.

396 5466 535 5515 .Illll,
564 5466 672 5507 CIC.

466 5525 593 5599 102.
620 5523 1040 5599 Legamdelicta
1064 5545 1161 5599 pro
1182 5530 1398 5587 directa.

464 5596 590 5655 104..
618 5597 723 5654 Pro
748 5597 938 5654 dubias
956 5596 1104 5656 aliud
1136 5603 1376 5660 mallem.

356 5734 361 5739 η
612 5670 836 5728 Scilicet
862 5682 922 5727 ut
983 5687 1072 5729 res
1098 5676 1276 5747 aliqua
1323 5677 1592 5751 insignem
1627 5689 1777 5739 tuum
1808 5694 1987 5740 ortum

380 5740 715 5895 ΐθῗῖξιῗθὲίίρ
728 5830 922 5895 versus
944 5827 999 5873 et
1016 5819 1275 5892 'sequens
1286 5823 1500 5881 obscuri
1517 5836 1662 5895 sunt,
1683 5836 1739 5884 et
1755 5828 1988 5886 fortasse

378 5886 658 5959 corrupti.
677 5886 946 5959 Innuitur,
966 5902 1021 5952 lll
1040 5886 1191 5964 puto,
1210 5904 1469 5969 perpetva
1486 5886 1771 5973 virginitas
1789 5902 1984 5972 [πείρην-

1500 316 1852 376 APPENDIX
1889 317 1984 376 AD
2020 316 2255 376 OPERA
2284 319 2604 379 'JUVENCI.

2043 440 2100 498 Α

3615 322 3718 384 581

2268 436 2449 504 Qualis
2477 454 2550 509 cs,
2584 439 2780 511 ingenti
2820 456 2937 495 cum
2968 448 3176 513 torques
3202 440 3428 514 fulmina
3457 440 3658 508 dextra,

2265 532 2683 607 Prtesentemque
2698 534 2855 610 jubes
2895 536 3096 592 directa
3117 553 3391 610 pavescere
3410 552 3609 611 plenam
3630 551 3649 594 :

2278 626 2370 684 Vel
2390 645 2506 683 cum
2537 630 2772 701 placatus
2806 632 3005 701 campis
3031 633 3327 688 sitientibus
3356 632 3547 688 imbres

2266 720 2486 791 Dividis,
2520 733 2567 777 et
2596 724 2783 780 dubias
2811 726 2970 781 sulcis
2995 724 3247 799 producis
3276 728 3517 783 aristas?

2122 812 2228 870 105
2267 813 2350 870 Νε
2381 824 2552 871 tamen
2576 817 2834 889 insignem
2863 834 2947 873 res
2978 819 3128 874 nulla
3143 819 3434 875 ostenderet
3461 830 3649 890 ortum,

2270 908 2482 981 Virgine
2507 910 2814 981 concipieris
2836 928 2856 967 :
2888 929 2991 967 non
3020 913 3221 985 sufﬁcit
3247 930 3361 969 esse
3390 914 3651 986 pudicam,

2264 1000 2379 1057 Nec
2404 1018 2520 1074 qua:
2545 1012 2707 1073 nupta
2730 1013 2887 1076 queat
2902 1003 3128 1061 Domino
3149 1009 3471 1079 conjungere
3488 1010 3711 1078 fratrem,

2267 1094 2350 1151 Ne
2375 1097 2557 1167 procul
2583 1112 2647 1151 ea:
2675 1106 2820 1152 utero
2847 1100 3091 1170 contagio
3120 1100 3290 1170 turpis
3321 1099 3541 1156 abesset.

2263 1187 2318 1242 11
2326 1204 2394 1243 0a:
2416 1188 2504 1243 ubi
2522 1206 2765 1260 processu
2788 1189 2919 1259 felix
2938 1191 3190 1246 maturuit
3210 1200 3360 1261 tetas,

2118 1280 2224 1338 110
2258 1279 2525 1337 lndociles
2547 1283 2746 1338 animos
2771 1283 2983 1343 monitis
3010 1300 3214 1339 servare
3239 1285 3469 1357 paternis

2263 1372 2602 1447 Aggrederis,
2630 1386 2927 1447 rectumque
2948 1376 3086 1431 viam
3114 1377 3407 1434 labentibus
3433 1378 3610 1447 offers.
3700 1448 3703 1451 _

2263 1469 2430 1539 Atque
2456 1476 2510 1523 ut
2556 1468 2715 1524 missa
2739 1468 2848 1523 Deo
2872 1470 3081 1540 penitus
3107 1480 3369 1541 praecepta
3398 1481 3646 1545 paterent,

2262 1560 2549 1633 Imperium
2578 1572 2631 1617 tu
2654 1564 2807 1618 morti
2832 1562 3048 1634 adimis,
3074 1563 3355 1637 morboque
3374 1566 3544 1622 soluto

2260 1657 2548 1725 Desperata
2574 1657 2730 1731 jubes
2754 1657 3083 1730 apprendere
3113 1658 3292 1713 munia
3334 1660 3474 1727 vitm,

2119 1748 2222 1805 115
2264 1747 2611 1818 Restituisque
2626 1748 2760 1804 diem
2790 1752 2961 1817 cwcis,
2989 1759 3036 1805 et
3058 1766 3121 1805 ne
3148 1751 3274 1821 quid
3302 1753 3547 1807 inausum

2259 1839 2503 1896 Restaret
2531 1830 2756 1911 penitus,
2785 1859 2888 1913 quo
2924 1842 3158 1911 perfidus
3181 1858 3329 1899 error
3357 1842 3543 1911 obiret,

2263 1931 2464 1988 Indicis
2491 1949 2700 1989 sensum
2729 1934 2968 2006 tumulis,
2995 1944 3044 1990 et
3073 1936 3285 1990 condita
3307 1936 3511 2007 pridem

2258 2027 2494 2084 Membra
2514 2031 2675 2102 jubes
2694 2031 2883 2085 iterum
2902 2047 3116 2104 superas
3131 2047 3439 2104 consurgere
3460 2032 3515 2086 in
3536 2047 3710 2105 auras,

2257 2122 2660 2195 Agnoscuntque
2681 2139 2837 2179 suum
2859 2124 3053 2179 dilecta
3080 2125 3337 2180 cadavera
3366 2142 3573 2182 nomen.

2116 2212 2218 2270 1‘20
2256 2215 2320 2269 At
2341 2225 2613 2288 postquam
2635 2216 2799 2287 legem
2818 2226 3042 2273 sectator
3065 2217 3280 2273 idoneus
3303 2218 3503 2287 hausit,

2259 2309 2328 2367 Ut
2348 2327 2403 2366 se
2428 2310 2641 2366 mortali
2662 2311 2885 2368 caelestis
2914 2313 3135 2385 spiritus
3153 2314 3281 2370 aula
3332 2348 3343 2359 ι

2255 2405 2502 2475 Exueret,
2528 2407 2628 2479 legi
2651 2407 2928 2470 intentum,
2954 2424 3061 2480 quo
3084 2416 3274 2465 cuncta
3294 2408 3502 2467 doceres

2255 2499 2367 2555 Pro
2393 2516 2593 2555 summo
2620 2499 2897 2555 toleranda
2918 2499 3055 2572 Deo,
3088 2512 3326 2575 recteque
3373 2521 3645 2577 perennem

2257 2593 2565 2667 Contemptu
2590 2594 2774 2649 mortis
2802 2594 2901 2649 sibi
2927 2612 3178 2667 quemque
3220 2614 3486 2654 assumere
3514 2601 3665 2656 vitam
3692 2612 3712 2657 .'

2112 2690 2218 2748 123
2258 2692 2353 2750 Sic
2377 2692 2634 2766 completa
2655 2692 2826 2763 ferens
2848 2691 3113 2748 Genitoris
3125 2694 3304 2766 jussu,
3324 2694 3509 2752 redisti

2253 2786 2336 2842 Ad
2355 2790 2545 2842 summi
2565 2795 2761 2841 secreta
2786 2787 2920 2858 poli,
2945 2802 3051 2858 qua
3080 2787 3285 2844 lucidus
3315 2787 3475 2845 aether

2254 2878 2422 2951 Pigra
2440 2889 2571 2935 vetat
2604 2880 2816 2950 proprio
2843 2880 3151 2936 succendere
3179 2880 3359 2937 nubila
3388 2882 3513 2938 caelo
3537 2899 3559 2938 :

2254 2976 2420 3047 Atque
2446 2983 2502 3031 ut
2528 2984 2671 3030 certa
2690 2975 2825 3045 foret
2852 2976 3111 3048 pereuntis
3140 2977 3290 3050 copia
3318 2980 3502 3043 turbae,

2255 3069 2386 3137 Quae
2406 3078 2664 3142 pracepta
2692 3068 2793 3124 Dei
2830 3069 3139 3124 miserandis
3167 3070 3379 3125 auribus
3406 3081 3568 3139 arcet,

2113 3161 2219 3219 150
2261 3160 2372 3216 Nec
2397 3178 2530 3216 nova
2558 3160 2830 3233 defunctos
2859 3163 3171 3235 iampridem
3213 3166 3346 3236 jura
3372 3172 3641 3221 tenerent:

2246 3252 2482 3311 Carceris
2506 3254 2696 3325 inferni
2715 3254 2925 3325 feralia,
2950 3254 3113 3309 libera
3135 3255 3306 3323 nobis,

2254 3348 2701 3419 lnnumeramque
2714 3347 2871 3420 jubes
2901 3349 3119 3404 tenebris
3146 3366 3406 3422 emergere
3438 3350 3658 3422 plebem.

2252 3442 2354 3497 His
2381 3451 2584 3496 tantum
2606 3442 2820 3510 clausis,
2844 3460 2975 3515 quos
3009 3444 3169 3517 impia
3198 3446 3302 3499 vita
3329 3448 3522 3502 notarit
3555 3462 3575 3502 :

2251 3535 2321 3591 Et
2344 3537 2459 3591 loca
2483 3553 2751 3610 poenarum
2770 3539 2997 3594 venturis
3014 3539 3205 3594 dividis
3234 3538 3451 3606 umbris,

2108 3627 2213 3685 135
2253 3629 2385 3697 Qua:
2428 3629 2523 3684 tibi
2569 3645 2673 3684 non
2700 3629 2953 3709 credant,
3000 3630 3080 3686 vel
3126 3647 3245 3703 qua:
3283 3649 3336 3687 se
3373 3635 3581 3691 credere
3606 3635 3707 3707 ﬁn-

3515 3728 3537 3803 [
3562 3739 3705 3801 gant.

2252 3819 2445 3876 Sancte
2475 3816 2633 3887 Deus,
2659 3819 2951 3891 summique
2977 3818 3080 3875 Dei
3098 3820 3385 3877 venerabile
3410 3824 3618 3897 pignus,
3795 3850 3799 3854 ί

2256 3914 2337 3970 Ad
2362 3914 2511 3987 cujus
2541 3930 2725 3969 nomen
2754 3914 2980 3971 violenta
3010 3923 3172 3970 morte
3191 3915 3384 3987 fugatte

2101 4114 2274 4166 rae,et
2300 4104 2504 4159 clarum
2537 4103 2589 4158 id
2613 4113 2717 4170 est,
2747 4106 2791 4161 si
2820 4119 2965 4160 vers.
2993 4118 3110 4174 seq.
3138 4103 3289 4174 legas
3316 4113 3374 4159 ut
3402 4107 3608 4172 procul.

2176 4174 2300 4229 112.
2332 4174 2496 4251 Missa
2527 4174 2635 4230 Deo
2655 4192 2752 4251 pro
2774 4177 2931 4231 missa
2955 4192 2988 4229 a
3010 4174 3143 4243 Deo,
3168 4175 3347 4246 qualia
3375 4177 3545 4234 multa
3568 4177 3707 4251 apud

2109 4244 2414 4302 iuvencum
2444 4244 2756 4303 observavi.

2174 4318 2299 4391 115.
2333 4317 2418 4391 Νε
2440 4320 2566 4390 quid
2588 4319 2851 4387 inausum,
2895 4334 2961 4376 ex
2998 4318 3243 4390 Virgilio,
3279 4318 3317 4376 Ι.
3351 4336 3467 4388 vm,
3496 4339 3549 4378 ν.
3579 4321 3707 4391 205,

2103 4390 2249 4461 quod
2282 4399 2333 4445 et
2360 4390 2453 4461 alii
2485 4391 2680 4445 imitati
2714 4403 2867 4447 sunt.

2180 4461 2302 4518 118.
2330 4460 2401 4516 Ut
2423 4462 2659 4519 cadaver
2678 4463 2892 4520 Lazari.

2175 4532 2301 4589 120.
2333 4532 2592 4590 Fortasse
2620 4535 2844 4606 respicit
2886 4534 3055 4591 verba
3103 4533 3333 4606 Christi,
3363 4537 3706 4595 Consumma-

2102 4614 2212 4659 tum
2242 4614 2338 4673 est,
2367 4622 2489 4674 quae
2515 4607 2583 4662 ad
2604 4607 2834 4664 calicem
2878 4607 3147 4677 passionis
3179 4609 3479 4676 pertinent.

2172 4677 2296 4752 126.
2344 4677 2555 4735 Secreta
2578 4678 2709 4752 poli,
2737 4689 2797 4735 ut
2825 4678 3129 4747 Iuvencus,
3174 4680 3273 4736 lib.
3302 4697 3348 4751 ι,
3382 4697 3529 4739 vers.
3555 4683 3701 4741 2l0:

2101 4746 2230 4805 Cceli
2250 4759 2464 4806 secreta.

2177 4820 2298 4878 127.
2329 4821 2555 4893 Corrigo
2586 4824 2856 4879 succedere
2878 4838 2975 4893 pro
3010 4826 3336 4881 succendere.

2176 4894 2298 4968 150.
2333 4896 2831 4968 Αίῃὶηιεάνεηεηάε
2854 4907 2938 4951 est
2956 4896 3249 4968 peculiaris
3279 4898 3440 4968 hujus
3462 4900 3703 4956 auctoris

2102 4966 2292 5037 opinio
2321 4985 2335 5020 :
2364 4966 2445 5022 Ne
2484 4983 2581 5024 eos
2609 4968 2700 5038 qui
2748 4968 2861 5039 jam
2895 4967 3106 5033 pridem
3163 4966 3405 5024 defuncti
3456 4969 3700 5037 fuerant,

2102 5054 2239 5093 nova
2293 5039 2498 5111 Christi
2550 5050 2822 5111 praecepta
2854 5048 3126 5111 tenerent,
3158 5050 3252 5095 aut
3278 5057 3344 5096 ex
3372 5043 3454 5098 eis
3489 5044 3700 5111 judica-

2102 5119 2312 5176 rentur,
2335 5110 2502 5180 jussit
2550 5110 2822 5174 Christus,
2859 5110 2976 5167 loca
3014 5109 3202 5166 feralia
3232 5115 3471 5168 carceris
3491 5109 3699 5170 inferni

2102 5181 2394 5256 lihera,iet
2437 5198 2609 5256 vacua
2645 5183 2832 5249 nobis,
2881 5182 3092 5256 scilicet
3121 5182 3207 5238 his
3252 5185 3342 5255 qui
3382 5196 3505 5256 post
3550 5187 3704 5242 Chri-

2105 5264 2248 5308 stum
2301 5255 2468 5308 l'uturi
2499 5262 2674 5317 erant,
2741 5270 3025 5310 remanere
3080 5255 3394 5311 innumeris
3440 5258 3569 5313 inde
3593 5274 3697 5313 cx-

2105 5327 2292 5397 tractis
2321 5336 2377 5379 et
2405 5325 2488 5380 his
2510 5333 2720 5381 tantum
2748 5326 2999 5391 retentis,
3024 5340 3160 5393 quos
3190 5327 3352 5397 impia
3383 5328 3489 5383 vita
3517 5346 3698 5385 macu-

2104 5396 2327 5471 laverat.
2355 5397 2495 5452 ana
2540 5411 2680 5471 ergo
2713 5411 2994 5467 pmnarum
3027 5398 3233 5462 divisit,
3274 5411 3326 5453 et
3358 5412 3568 5471 partem
3613 5402 3697 5457 his

2102 5468 2173 5545 ita
2202 5471 2431 5545 retentis
2473 5469 2751 5545 reliquit,
2782 5478 2988 5539 partem
3042 5468 3473 5545 reservavit—his
3520 5475 3613 5545 qui
3644 5475 3694 5527 in

2099 5537 2375 5595 Christum
2453 5555 2558 5594 non
2603 5537 2963 5608 crederent,
3029 5551 3123 5596 aut
3186 5542 3394 5611 ﬁngent
3463 5537 3696 5601 se'cre-

2098 5614 2231 5670 dere
2259 5654 2273 5680 ,
2306 5613 2431 5683 quia
2471 5611 2681 5668 scilicet
2719 5611 2882 5669 [idem
2911 5613 3067 5669 bonis
3117 5614 3378 5686 operibus
3402 5633 3509 5671 non
3542 5627 3693 5673 tene-

2096 5687 2248 5743 hunL

2170 5757 2296 5814 154.
2328 5756 2550 5815 Umbras
2590 5767 2751 5816 vocat
2812 5758 3134 5829 defunctos,
3178 5761 3364 5830 phrasi
3411 5776 3475 5816 ex
3514 5761 3691 5818 ethni-

2095 5831 2177 5886 cis
2239 5831 2410 5901 petita
2453 5872 2467 5898 ,
2547 5830 2645 5888 sed
2704 5848 2809 5903 qua
2867 5830 2959 5886 alii
3023 5831 3310 5890 christiani
3365 5843 3543 5906 poeta:
3605 5833 3688 5889 usi

2093 5914 2238 5959 Slllll‘.
