  <div class='ocr_page' id='page_1' title='image "/cluster/home/n/w/nwhite01/storage/ocr_20150623/19/hvd.32044015471345/199.png"; bbox 0 0 3994 6314; ppageno 0'>
   <div class='ocr_carea' id='block_1_1' title="bbox 445 238 551 303">
    <p class='ocr_par' dir='ltr' id='par_1_1' title="bbox 445 238 551 303">
     <span class='ocr_line' id='line_1_1' title="bbox 445 238 551 303; baseline -0.009 0"><span class='ocrx_word' id='word_1_1' title='bbox 445 238 551 303; x_wconf 74' lang='grc'><strong>391</strong></span> 
     </span>
    </p>
   </div>
   <div class='ocr_carea' id='block_1_2' title="bbox 574 365 1759 438">
    <p class='ocr_par' dir='ltr' id='par_1_2' title="bbox 574 365 1759 438">
     <span class='ocr_line' id='line_1_2' title="bbox 574 365 1759 438; baseline 0.003 -21"><span class='ocrx_word' id='word_1_2' title='bbox 574 365 762 430; x_wconf 77' lang='lat' dir='ltr'><strong>Nudus,</strong></span> <span class='ocrx_word' id='word_1_3' title='bbox 788 380 963 435; x_wconf 81' lang='lat' dir='ltr'><strong>egens,</strong></span> <span class='ocrx_word' id='word_1_4' title='bbox 987 366 1207 422; x_wconf 78' lang='lat' dir='ltr'><strong>Veneris</strong></span> <span class='ocrx_word' id='word_1_5' title='bbox 1223 370 1490 438; x_wconf 81' lang='lat' dir='ltr'><strong>naufragus</strong></span> <span class='ocrx_word' id='word_1_6' title='bbox 1503 374 1553 424; x_wconf 84' lang='lat' dir='ltr'><strong>in</strong></span> <span class='ocrx_word' id='word_1_7' title='bbox 1576 371 1759 424; x_wconf 86' lang='lat' dir='ltr'><strong>tabula.</strong></span> 
     </span>
    </p>
   </div>
   <div class='ocr_carea' id='block_1_3' title="bbox 521 452 2048 548">
    <p class='ocr_par' dir='ltr' id='par_1_3' title="bbox 521 475 2048 548">
     <span class='ocr_line' id='line_1_3' title="bbox 521 475 2048 548; baseline 0.002 -18"><span class='ocrx_word' id='word_1_8' title='bbox 521 475 663 531; x_wconf 88' lang='lat' dir='ltr'><strong>Citat</strong></span> <span class='ocrx_word' id='word_1_9' title='bbox 686 475 815 532; x_wconf 99' lang='lat' dir='ltr'><strong>item</strong></span> <span class='ocrx_word' id='word_1_10' title='bbox 841 476 1131 534; x_wconf 83' lang='lat' dir='ltr'><strong>Rhabanus</strong></span> <span class='ocrx_word' id='word_1_11' title='bbox 1156 479 1213 534; x_wconf 93' lang='lat' dir='ltr'><strong>in</strong></span> <span class='ocrx_word' id='word_1_12' title='bbox 1243 481 1571 536; x_wconf 89' lang='lat' dir='ltr'><strong>mirabilium</strong></span> <span class='ocrx_word' id='word_1_13' title='bbox 1599 480 1899 537; x_wconf 86' lang='lat' dir='ltr'><strong>carminum</strong></span> <span class='ocrx_word' id='word_1_14' title='bbox 1931 491 2048 548; x_wconf 84' lang='lat' dir='ltr'><strong>pro-</strong></span> 
     </span>
    </p>
   </div>
   <div class='ocr_carea' id='block_1_4' title="bbox 443 565 2047 646">
    <p class='ocr_par' dir='ltr' id='par_1_4' title="bbox 443 565 2047 646">
     <span class='ocr_line' id='line_1_4' title="bbox 443 565 2047 646; baseline 0.002 -23"><span class='ocrx_word' id='word_1_15' title='bbox 443 565 570 638; x_wconf 86' lang='lat' dir='ltr'><strong>logo</strong></span> <span class='ocrx_word' id='word_1_16' title='bbox 623 584 749 624; x_wconf 90' lang='lat' dir='ltr'><strong>cum</strong></span> <span class='ocrx_word' id='word_1_17' title='bbox 776 570 926 626; x_wconf 90' lang='lat' dir='ltr'><strong>enim</strong></span> <span class='ocrx_word' id='word_1_18' title='bbox 952 571 1030 626; x_wconf 93' lang='lat' dir='ltr'><strong>ait</strong></span> <span class='ocrx_word' id='word_1_19' title='bbox 1052 573 1268 642; x_wconf 87' lang='lat' dir='ltr'><strong>punctis</strong></span> <span class='ocrx_word' id='word_1_20' title='bbox 1294 573 1618 646; x_wconf 90' lang='lat' dir='ltr'><strong>quibusdam</strong></span> <span class='ocrx_word' id='word_1_21' title='bbox 1644 588 1832 629; x_wconf 88' lang='lat' dir='ltr'><strong>versus</strong></span> <span class='ocrx_word' id='word_1_22' title='bbox 1859 580 2047 627; x_wconf 80' lang='lat' dir='ltr'><strong>notare</strong></span> 
     </span>
    </p>
   </div>
   <div class='ocr_carea' id='block_1_5' title="bbox 446 661 2046 740">
    <p class='ocr_par' dir='ltr' id='par_1_5' title="bbox 446 661 2046 740">
     <span class='ocr_line' id='line_1_5' title="bbox 446 661 2046 740; baseline 0.002 -23"><span class='ocrx_word' id='word_1_23' title='bbox 446 661 703 732; x_wconf 90' lang='lat' dir='ltr'><strong>solitum,</strong></span> <span class='ocrx_word' id='word_1_24' title='bbox 735 673 792 720; x_wconf 88' lang='lat' dir='ltr'><strong>et</strong></span> <span class='ocrx_word' id='word_1_25' title='bbox 818 674 1106 737; x_wconf 78' lang='lat' dir='ltr'><strong>propterea</strong></span> <span class='ocrx_word' id='word_1_26' title='bbox 1146 666 1292 726; x_wconf 89' lang='lat' dir='ltr'><strong>illius</strong></span> <span class='ocrx_word' id='word_1_27' title='bbox 1328 683 1390 727; x_wconf 89' lang='lat' dir='ltr'><strong>se</strong></span> <span class='ocrx_word' id='word_1_28' title='bbox 1424 669 1682 740; x_wconf 82' lang='lat' dir='ltr'><strong>exemplo</strong></span> <span class='ocrx_word' id='word_1_29' title='bbox 1727 681 1917 723; x_wconf 89' lang='lat' dir='ltr'><strong>versus</strong></span> <span class='ocrx_word' id='word_1_30' title='bbox 1961 663 2046 720; x_wconf 85' lang='lat' dir='ltr'><strong>fa-</strong></span> 
     </span>
    </p>
   </div>
   <div class='ocr_carea' id='block_1_6' title="bbox 443 755 994 828">
    <p class='ocr_par' dir='ltr' id='par_1_6' title="bbox 443 755 994 828">
     <span class='ocr_line' id='line_1_6' title="bbox 443 755 994 828; baseline 0.007 -17"><span class='ocrx_word' id='word_1_31' title='bbox 443 763 660 812; x_wconf 89' lang='lat' dir='ltr'><strong>cturum</strong></span> <span class='ocrx_word' id='word_1_32' title='bbox 684 755 994 828; x_wconf 79' lang='lat' dir='ltr'><strong>pollicetur.</strong></span> 
     </span>
    </p>
   </div>
   <div class='ocr_carea' id='block_1_7' title="bbox 1086 242 3113 341">
    <p class='ocr_par' dir='ltr' id='par_1_7' title="bbox 1086 242 3113 341">
     <span class='ocr_line' id='line_1_7' title="bbox 1086 242 3113 341; baseline 0.003 -35"><span class='ocrx_word' id='word_1_33' title='bbox 1086 246 1427 311; x_wconf 85' lang='lat' dir='ltr'><strong>EPISTOLA</strong></span> <span class='ocrx_word' id='word_1_34' title='bbox 1462 242 1839 310; x_wconf 73' lang='lat' dir='ltr'><strong>PORPHYRII</strong></span> <span class='ocrx_word' id='word_1_35' title='bbox 1878 246 1971 309; x_wconf 85' lang='lat' dir='ltr'><strong>AD</strong></span> <span class='ocrx_word' id='word_1_36' title='bbox 2007 251 2546 316; x_wconf 78' lang='lat' dir='ltr'><strong>CONSTANTINUM</strong></span> <span class='ocrx_word' id='word_1_37' title='bbox 2581 251 3113 341; x_wconf 59' lang='lat' dir='ltr'><strong>IMPERATOREM.</strong></span> 
     </span>
    </p>
   </div>
   <div class='ocr_carea' id='block_1_8' title="bbox 3650 248 3760 314">
    <p class='ocr_par' dir='ltr' id='par_1_8' title="bbox 3650 248 3760 314">
     <span class='ocr_line' id='line_1_8' title="bbox 3650 248 3760 314; baseline -0.018 0"><span class='ocrx_word' id='word_1_38' title='bbox 3650 248 3760 314; x_wconf 70' lang='lat'><strong>392</strong></span> 
     </span>
    </p>
   </div>
   <div class='ocr_carea' id='block_1_9' title="bbox 2069 369 3754 448">
    <p class='ocr_par' dir='ltr' id='par_1_9' title="bbox 2069 369 3754 448">
     <span class='ocr_line' id='line_1_9' title="bbox 2069 369 3754 448; baseline -0.001 -20"><span class='ocrx_word' id='word_1_39' title='bbox 2069 388 2122 444; x_wconf 76' lang='grc' dir='ltr'>Α</span> <span class='ocrx_word' id='word_1_40' title='bbox 2149 374 2297 430; x_wconf 84' lang='lat' dir='ltr'><strong>Inter</strong></span> <span class='ocrx_word' id='word_1_41' title='bbox 2324 377 2612 448; x_wconf 72' lang='lat' dir='ltr'><strong>fragmenta</strong></span> <span class='ocrx_word' id='word_1_42' title='bbox 2642 374 2883 432; x_wconf 89' lang='lat' dir='ltr'><strong>Petronii</strong></span> <span class='ocrx_word' id='word_1_43' title='bbox 2912 373 3139 448; x_wconf 83' lang='lat' dir='ltr'><strong>Arbitri,</strong></span> <span class='ocrx_word' id='word_1_44' title='bbox 3166 372 3238 448; x_wconf 78' lang='lat' dir='ltr'><strong>ad</strong></span> <span class='ocrx_word' id='word_1_45' title='bbox 3262 371 3426 438; x_wconf 84' lang='lat' dir='ltr'><strong>illud,</strong></span> <span class='ocrx_word' id='word_1_46' title='bbox 3457 369 3637 429; x_wconf 83' lang='lat' dir='ltr'><strong>Crede</strong></span> <span class='ocrx_word' id='word_1_47' title='bbox 3662 387 3754 428; x_wconf 86' lang='lat' dir='ltr'><strong>ra-</strong></span> 
     </span>
    </p>
   </div>
   <div class='ocr_carea' id='block_1_10' title="bbox 2375 446 3541 516">
    <p class='ocr_par' dir='ltr' id='par_1_10' title="bbox 2375 446 3541 516">
     <span class='ocr_line' id='line_1_10' title="bbox 2375 446 3541 516; baseline -0.004 -13"><span class='ocrx_word' id='word_1_48' title='bbox 2375 446 2482 503; x_wconf 80' lang='lat' dir='ltr'><strong>tem</strong></span> <span class='ocrx_word' id='word_1_49' title='bbox 2509 448 2713 516; x_wconf 86' lang='lat' dir='ltr'><strong>ventis,</strong></span> <span class='ocrx_word' id='word_1_50' title='bbox 2746 456 2854 505; x_wconf 87' lang='lat' dir='ltr'><strong>etc.</strong></span> <span class='ocrx_word' id='word_1_51' title='bbox 2871 490 2886 516; x_wconf 94' lang='lat'><strong>,</strong></span> <span class='ocrx_word' id='word_1_52' title='bbox 2920 447 3089 502; x_wconf 85' lang='lat' dir='ltr'><strong>nescio</strong></span> <span class='ocrx_word' id='word_1_53' title='bbox 3111 446 3230 516; x_wconf 85' lang='lat' dir='ltr'><strong>quis</strong></span> <span class='ocrx_word' id='word_1_54' title='bbox 3250 452 3541 499; x_wconf 87' lang='lat' dir='ltr'><strong>annotavit.</strong></span> 
     </span>
    </p>
   </div>
   <div class='ocr_carea' id='block_1_11' title="bbox 2225 567 3751 646">
    <p class='ocr_par' dir='ltr' id='par_1_11' title="bbox 2225 567 3751 646">
     <span class='ocr_line' id='line_1_11' title="bbox 2225 567 3751 646; baseline -0.003 -18"><span class='ocrx_word' id='word_1_55' title='bbox 2225 573 2341 628; x_wconf 70' lang='lat' dir='ltr'><strong>Nisi</strong></span> <span class='ocrx_word' id='word_1_56' title='bbox 2370 574 2436 629; x_wconf 88' lang='lat' dir='ltr'><strong>sit</strong></span> <span class='ocrx_word' id='word_1_57' title='bbox 2464 573 2646 646; x_wconf 84' lang='lat' dir='ltr'><strong>potius</strong></span> <span class='ocrx_word' id='word_1_58' title='bbox 2672 571 2959 646; x_wconf 87' lang='lat' dir='ltr'><strong>Porphyrii</strong></span> <span class='ocrx_word' id='word_1_59' title='bbox 2986 579 3163 643; x_wconf 66' lang='lat' dir='ltr'><strong>poetic</strong></span> <span class='ocrx_word' id='word_1_60' title='bbox 3184 570 3284 627; x_wconf 86' lang='lat' dir='ltr'><strong>sub</strong></span> <span class='ocrx_word' id='word_1_61' title='bbox 3310 567 3672 626; x_wconf 88' lang='lat' dir='ltr'><strong>Constantino</strong></span> <span class='ocrx_word' id='word_1_62' title='bbox 3697 568 3751 624; x_wconf 89' lang='lat' dir='ltr'><strong>iu</strong></span> 
     </span>
    </p>
   </div>
   <div class='ocr_carea' id='block_1_12' title="bbox 2152 658 3754 737">
    <p class='ocr_par' dir='ltr' id='par_1_12' title="bbox 2152 658 3754 737">
     <span class='ocr_line' id='line_1_12' title="bbox 2152 658 3754 737; baseline -0.003 -15"><span class='ocrx_word' id='word_1_63' title='bbox 2152 665 2402 722; x_wconf 80' lang='lat' dir='ltr'><strong>exsilium</strong></span> <span class='ocrx_word' id='word_1_64' title='bbox 2425 665 2602 733; x_wconf 87' lang='lat' dir='ltr'><strong>missi,</strong></span> <span class='ocrx_word' id='word_1_65' title='bbox 2636 665 2795 734; x_wconf 83' lang='lat' dir='ltr'><strong>cuius</strong></span> <span class='ocrx_word' id='word_1_66' title='bbox 2823 665 3085 737; x_wconf 86' lang='lat' dir='ltr'><strong>pleraque</strong></span> <span class='ocrx_word' id='word_1_67' title='bbox 3108 661 3269 719; x_wconf 88' lang='lat' dir='ltr'><strong>video</strong></span> <span class='ocrx_word' id='word_1_68' title='bbox 3290 658 3551 719; x_wconf 86' lang='lat' dir='ltr'><strong>Petronio</strong></span> <span class='ocrx_word' id='word_1_69' title='bbox 3566 668 3754 718; x_wconf 91' lang='lat' dir='ltr'><strong>nostro</strong></span> 
     </span>
    </p>
   </div>
   <div class='ocr_carea' id='block_1_13' title="bbox 2151 757 2753 816">
    <p class='ocr_par' dir='ltr' id='par_1_13' title="bbox 2151 757 2753 816">
     <span class='ocr_line' id='line_1_13' title="bbox 2151 757 2753 816; baseline -0.002 -1"><span class='ocrx_word' id='word_1_70' title='bbox 2151 759 2289 816; x_wconf 89' lang='lat' dir='ltr'><strong>vela</strong></span> <span class='ocrx_word' id='word_1_71' title='bbox 2318 759 2538 816; x_wconf 89' lang='lat' dir='ltr'><strong>Criticis</strong></span> <span class='ocrx_word' id='word_1_72' title='bbox 2565 757 2753 816; x_wconf 81' lang='lat' dir='ltr'><strong>tribui.</strong></span> 
     </span>
    </p>
   </div>
   <div class='ocr_carea' id='block_1_14' title="bbox 798 1086 3370 1233">
    <p class='ocr_par' dir='ltr' id='par_1_14' title="bbox 798 1086 3370 1233">
     <span class='ocr_line' id='line_1_14' title="bbox 798 1086 3370 1233; baseline -0.004 -4"><span class='ocrx_word' id='word_1_73' title='bbox 798 1145 1371 1233; x_wconf 90' lang='lat' dir='ltr'><strong>EPISTOLA</strong></span> <span class='ocrx_word' id='word_1_74' title='bbox 1447 1086 2100 1233; x_wconf 75' lang='lat' dir='ltr'><strong>PORPHYRﬁ</strong></span> <span class='ocrx_word' id='word_1_75' title='bbox 2169 1146 2331 1232; x_wconf 90' lang='lat' dir='ltr'><strong>AD</strong></span> <span class='ocrx_word' id='word_1_76' title='bbox 2407 1139 3370 1231; x_wconf 88' lang='lat' dir='ltr'><strong>CONSTANTINUM.</strong></span> 
     </span>
    </p>
   </div>
   <div class='ocr_carea' id='block_1_15' title="bbox 706 1301 3505 1371">
    <p class='ocr_par' dir='ltr' id='par_1_15' title="bbox 706 1301 3505 1371">
     <span class='ocr_line' id='line_1_15' title="bbox 706 1301 3505 1371; baseline -0.001 -17"><span class='ocrx_word' id='word_1_77' title='bbox 706 1303 957 1357; x_wconf 73' lang='lat' dir='ltr'><strong>DOMINO</strong></span> <span class='ocrx_word' id='word_1_78' title='bbox 988 1304 1433 1359; x_wconf 79' lang='lat' dir='ltr'><strong>CONSTANTINO</strong></span> <span class='ocrx_word' id='word_1_79' title='bbox 1486 1304 1765 1371; x_wconf 71' lang='lat' dir='ltr'><strong>MAXIMO,</strong></span> <span class='ocrx_word' id='word_1_80' title='bbox 1817 1304 1950 1370; x_wconf 89' lang='lat' dir='ltr'><strong>PIO,</strong></span> <span class='ocrx_word' id='word_1_81' title='bbox 2007 1303 2266 1358; x_wconf 81' lang='lat' dir='ltr'><strong>INVICTO</strong></span> <span class='ocrx_word' id='word_1_82' title='bbox 2314 1304 2395 1357; x_wconf 82' lang='grc' dir='ltr'>ΕΤ</span> <span class='ocrx_word' id='word_1_83' title='bbox 2419 1302 2829 1366; x_wconf 78' lang='lat' dir='ltr'><strong>VENEBABILI,</strong></span> <span class='ocrx_word' id='word_1_84' title='bbox 2874 1302 3129 1356; x_wconf 67' lang='lat' dir='ltr'><strong>SEHPER</strong></span> <span class='ocrx_word' id='word_1_85' title='bbox 3181 1301 3505 1357; x_wconf 79' lang='lat' dir='ltr'><strong>AUGUSTO.</strong></span> 
     </span>
    </p>
   </div>
   <div class='ocr_carea' id='block_1_16' title="bbox 510 1597 3751 1685">
    <p class='ocr_par' dir='ltr' id='par_1_16' title="bbox 510 1597 3751 1685">
     <span class='ocr_line' id='line_1_16' title="bbox 510 1597 3751 1685; baseline -0.006 -13"><span class='ocrx_word' id='word_1_86' title='bbox 510 1614 740 1685; x_wconf 88' lang='lat' dir='ltr'><strong>Fateor,</strong></span> <span class='ocrx_word' id='word_1_87' title='bbox 772 1616 996 1674; x_wconf 89' lang='lat' dir='ltr'><strong>domine</strong></span> <span class='ocrx_word' id='word_1_88' title='bbox 1018 1613 1378 1672; x_wconf 81' lang='lat' dir='ltr'><strong>Constantine</strong></span> <span class='ocrx_word' id='word_1_89' title='bbox 1401 1654 1417 1680; x_wconf 92' lang='lat'><strong>,</strong></span> <span class='ocrx_word' id='word_1_90' title='bbox 1462 1611 1697 1667; x_wconf 79' lang='lat' dir='ltr'><strong>maxime</strong></span> <span class='ocrx_word' id='word_1_91' title='bbox 1725 1607 1955 1673; x_wconf 83' lang='lat' dir='ltr'><strong>invicte,</strong></span> <span class='ocrx_word' id='word_1_92' title='bbox 1991 1613 2048 1663; x_wconf 90' lang='lat' dir='ltr'><strong>et</strong></span> <span class='ocrx_word' id='word_1_93' title='bbox 2075 1607 2124 1668; x_wconf 89' lang='lat' dir='ltr'><strong>B</strong></span> <span class='ocrx_word' id='word_1_94' title='bbox 2152 1611 2327 1669; x_wconf 88' lang='lat' dir='ltr'><strong>tutes,</strong></span> <span class='ocrx_word' id='word_1_95' title='bbox 2364 1601 2505 1657; x_wconf 85' lang='lat' dir='ltr'><strong>inter</strong></span> <span class='ocrx_word' id='word_1_96' title='bbox 2530 1599 2834 1671; x_wconf 87' lang='lat' dir='ltr'><strong>triumphos</strong></span> <span class='ocrx_word' id='word_1_97' title='bbox 2861 1608 2916 1655; x_wconf 89' lang='lat' dir='ltr'><strong>et</strong></span> <span class='ocrx_word' id='word_1_98' title='bbox 2945 1599 3193 1667; x_wconf 86' lang='lat' dir='ltr'><strong>laureas,</strong></span> <span class='ocrx_word' id='word_1_99' title='bbox 3223 1598 3372 1654; x_wconf 88' lang='lat' dir='ltr'><strong>inter</strong></span> <span class='ocrx_word' id='word_1_100' title='bbox 3400 1597 3579 1668; x_wconf 88' lang='lat' dir='ltr'><strong>legum</strong></span> <span class='ocrx_word' id='word_1_101' title='bbox 3627 1610 3751 1653; x_wconf 88' lang='lat' dir='ltr'><strong>san-</strong></span> 
     </span>
    </p>
   </div>
   <div class='ocr_carea' id='block_1_17' title="bbox 435 1689 3750 1781">
    <p class='ocr_par' dir='ltr' id='par_1_17' title="bbox 435 1689 3750 1781">
     <span class='ocr_line' id='line_1_17' title="bbox 435 1689 3750 1781; baseline -0.005 -19"><span class='ocrx_word' id='word_1_102' title='bbox 435 1721 546 1762; x_wconf 88' lang='lat' dir='ltr'><strong>non</strong></span> <span class='ocrx_word' id='word_1_103' title='bbox 579 1706 758 1765; x_wconf 88' lang='lat' dir='ltr'><strong>minus</strong></span> <span class='ocrx_word' id='word_1_104' title='bbox 798 1709 999 1780; x_wconf 84' lang='lat' dir='ltr'><strong>pietate</strong></span> <span class='ocrx_word' id='word_1_105' title='bbox 1024 1722 1189 1781; x_wconf 88' lang='lat' dir='ltr'><strong>quam</strong></span> <span class='ocrx_word' id='word_1_106' title='bbox 1213 1706 1418 1763; x_wconf 83' lang='lat' dir='ltr'><strong>virtute</strong></span> <span class='ocrx_word' id='word_1_107' title='bbox 1446 1703 1759 1777; x_wconf 75' lang='lat' dir='ltr'><strong>prtecipue,</strong></span> <span class='ocrx_word' id='word_1_108' title='bbox 1799 1698 2045 1772; x_wconf 84' lang='lat' dir='ltr'><strong>quamvis</strong></span> <span class='ocrx_word' id='word_1_109' title='bbox 2150 1694 2366 1751; x_wconf 90' lang='lat' dir='ltr'><strong>ctiones</strong></span> <span class='ocrx_word' id='word_1_110' title='bbox 2391 1704 2448 1751; x_wconf 88' lang='lat' dir='ltr'><strong>et</strong></span> <span class='ocrx_word' id='word_1_111' title='bbox 2469 1692 2615 1766; x_wconf 83' lang='lat' dir='ltr'><strong>jura,</strong></span> <span class='ocrx_word' id='word_1_112' title='bbox 2645 1694 2808 1750; x_wconf 90' lang='lat' dir='ltr'><strong>etiam</strong></span> <span class='ocrx_word' id='word_1_113' title='bbox 2840 1693 3009 1750; x_wconf 86' lang='lat' dir='ltr'><strong>Musis</strong></span> <span class='ocrx_word' id='word_1_114' title='bbox 3039 1690 3135 1749; x_wconf 87' lang='lat' dir='ltr'><strong>tibi</strong></span> <span class='ocrx_word' id='word_1_115' title='bbox 3177 1690 3538 1747; x_wconf 80' lang='lat' dir='ltr'><strong>familiaribus</strong></span> <span class='ocrx_word' id='word_1_116' title='bbox 3565 1689 3589 1722; x_wconf 72' lang='grc'><strong><em>⁵</em></strong></span> <span class='ocrx_word' id='word_1_117' title='bbox 3614 1689 3750 1747; x_wconf 88' lang='lat' dir='ltr'><strong>adeo</strong></span> 
     </span>
    </p>
   </div>
   <div class='ocr_carea' id='block_1_18' title="bbox 432 1785 3751 1874">
    <p class='ocr_par' dir='ltr' id='par_1_18' title="bbox 432 1785 3751 1874">
     <span class='ocr_line' id='line_1_18' title="bbox 432 1785 3751 1874; baseline -0.004 -19"><span class='ocrx_word' id='word_1_118' title='bbox 432 1812 603 1856; x_wconf 85' lang='lat' dir='ltr'><strong>avara</strong></span> <span class='ocrx_word' id='word_1_119' title='bbox 631 1810 796 1874; x_wconf 90' lang='lat' dir='ltr'><strong>atque</strong></span> <span class='ocrx_word' id='word_1_120' title='bbox 846 1802 989 1858; x_wconf 89' lang='lat' dir='ltr'><strong>ultra</strong></span> <span class='ocrx_word' id='word_1_121' title='bbox 1036 1800 1291 1858; x_wconf 87' lang='lat' dir='ltr'><strong>meritum</strong></span> <span class='ocrx_word' id='word_1_122' title='bbox 1330 1796 1526 1870; x_wconf 88' lang='lat' dir='ltr'><strong>cupida</strong></span> <span class='ocrx_word' id='word_1_123' title='bbox 1573 1793 1863 1867; x_wconf 78' lang='lat' dir='ltr'><strong>parvitatis</strong></span> <span class='ocrx_word' id='word_1_124' title='bbox 1906 1807 2045 1848; x_wconf 82' lang='lat' dir='ltr'><strong>meae</strong></span> <span class='ocrx_word' id='word_1_125' title='bbox 2146 1795 2335 1854; x_wconf 75' lang='lat' dir='ltr'><strong>v‘acas,</strong></span> <span class='ocrx_word' id='word_1_126' title='bbox 2366 1796 2426 1844; x_wconf 91' lang='lat' dir='ltr'><strong>ut</strong></span> <span class='ocrx_word' id='word_1_127' title='bbox 2453 1787 2595 1844; x_wconf 91' lang='lat' dir='ltr'><strong>inter</strong></span> <span class='ocrx_word' id='word_1_128' title='bbox 2616 1795 2695 1843; x_wconf 89' lang='lat' dir='ltr'><strong>tot</strong></span> <span class='ocrx_word' id='word_1_129' title='bbox 2721 1788 2922 1845; x_wconf 68' lang='lat' dir='ltr'><strong>divinae</strong></span> <span class='ocrx_word' id='word_1_130' title='bbox 2943 1787 3246 1859; x_wconf 73' lang='lat' dir='ltr'><strong>maiestatis</strong></span> <span class='ocrx_word' id='word_1_131' title='bbox 3271 1786 3526 1858; x_wconf 90' lang='lat' dir='ltr'><strong>insignia,</strong></span> <span class='ocrx_word' id='word_1_132' title='bbox 3554 1785 3751 1858; x_wconf 83' lang='lat' dir='ltr'><strong>quibus</strong></span> 
     </span>
    </p>
   </div>
   <div class='ocr_carea' id='block_1_19' title="bbox 431 1889 2039 1967">
    <p class='ocr_par' dir='ltr' id='par_1_19' title="bbox 431 1889 2039 1967">
     <span class='ocr_line' id='line_1_19' title="bbox 431 1889 2039 1967; baseline -0.005 -19"><span class='ocrx_word' id='word_1_133' title='bbox 431 1903 584 1962; x_wconf 91' lang='lat' dir='ltr'><strong>vota,</strong></span> <span class='ocrx_word' id='word_1_134' title='bbox 618 1894 943 1967; x_wconf 83' lang='lat' dir='ltr'><strong>infatigabili</strong></span> <span class='ocrx_word' id='word_1_135' title='bbox 969 1893 1277 1952; x_wconf 60' lang='lat' dir='ltr'><strong>clementiae</strong></span> <span class='ocrx_word' id='word_1_136' title='bbox 1300 1903 1406 1949; x_wconf 78' lang='lat' dir='ltr'><strong>tute</strong></span> <span class='ocrx_word' id='word_1_137' title='bbox 1423 1889 1744 1962; x_wconf 75' lang='lat' dir='ltr'><strong>dignatione</strong></span> <span class='ocrx_word' id='word_1_138' title='bbox 1765 1893 2039 1958; x_wconf 90' lang='lat' dir='ltr'><strong>superata.</strong></span> 
     </span>
    </p>
   </div>
   <div class='ocr_carea' id='block_1_20' title="bbox 2148 1880 3749 1955">
    <p class='ocr_par' dir='ltr' id='par_1_20' title="bbox 2148 1880 3749 1955">
     <span class='ocr_line' id='line_1_20' title="bbox 2148 1880 3749 1955; baseline -0.002 -16"><span class='ocrx_word' id='word_1_139' title='bbox 2148 1883 2381 1940; x_wconf 87' lang='lat' dir='ltr'><strong>invictus</strong></span> <span class='ocrx_word' id='word_1_140' title='bbox 2411 1898 2632 1955; x_wconf 85' lang='lat' dir='ltr'><strong>semper</strong></span> <span class='ocrx_word' id='word_1_141' title='bbox 2660 1883 2714 1939; x_wconf 92' lang='lat' dir='ltr'><strong>in</strong></span> <span class='ocrx_word' id='word_1_142' title='bbox 2750 1882 2943 1955; x_wconf 84' lang='lat' dir='ltr'><strong>primis</strong></span> <span class='ocrx_word' id='word_1_143' title='bbox 2977 1898 3038 1941; x_wconf 91' lang='lat' dir='ltr'><strong>es</strong></span> <span class='ocrx_word' id='word_1_144' title='bbox 3059 1927 3074 1953; x_wconf 95' lang='lat'><strong>,</strong></span> <span class='ocrx_word' id='word_1_145' title='bbox 3102 1882 3265 1954; x_wconf 85' lang='lat' dir='ltr'><strong>hujus</strong></span> <span class='ocrx_word' id='word_1_146' title='bbox 3293 1881 3460 1938; x_wconf 90' lang='lat' dir='ltr'><strong>etiam</strong></span> <span class='ocrx_word' id='word_1_147' title='bbox 3488 1881 3657 1938; x_wconf 87' lang='lat' dir='ltr'><strong>studii</strong></span> <span class='ocrx_word' id='word_1_148' title='bbox 3697 1880 3749 1937; x_wconf 93' lang='lat' dir='ltr'><strong>in</strong></span> 
     </span>
    </p>
   </div>
   <div class='ocr_carea' id='block_1_21' title="bbox 426 1969 3751 2059">
    <p class='ocr_par' dir='ltr' id='par_1_21' title="bbox 426 1969 3751 2059">
     <span class='ocr_line' id='line_1_21' title="bbox 426 1969 3751 2059; baseline -0.002 -18"><span class='ocrx_word' id='word_1_149' title='bbox 426 1983 642 2059; x_wconf 82' lang='lat' dir='ltr'><strong>Quippe</strong></span> <span class='ocrx_word' id='word_1_150' title='bbox 667 1988 755 2045; x_wconf 91' lang='lat' dir='ltr'><strong>cui</strong></span> <span class='ocrx_word' id='word_1_151' title='bbox 783 1989 921 2044; x_wconf 88' lang='lat' dir='ltr'><strong>satis</strong></span> <span class='ocrx_word' id='word_1_152' title='bbox 947 1986 1273 2059; x_wconf 89' lang='lat' dir='ltr'><strong>abundeque</strong></span> <span class='ocrx_word' id='word_1_153' title='bbox 1295 1982 1620 2048; x_wconf 77' lang='lat' dir='ltr'><strong>suffecerat,</strong></span> <span class='ocrx_word' id='word_1_154' title='bbox 1651 1992 1873 2037; x_wconf 87' lang='lat' dir='ltr'><strong>carmen</strong></span> <span class='ocrx_word' id='word_1_155' title='bbox 1896 1978 2041 2051; x_wconf 91' lang='lat' dir='ltr'><strong>quod</strong></span> <span class='ocrx_word' id='word_1_156' title='bbox 2144 1984 2197 2032; x_wconf 85' lang='lat' dir='ltr'><strong>te</strong></span> <span class='ocrx_word' id='word_1_157' title='bbox 2229 1976 2392 2033; x_wconf 91' lang='lat' dir='ltr'><strong>micet</strong></span> <span class='ocrx_word' id='word_1_158' title='bbox 2423 1976 2686 2049; x_wconf 87' lang='lat' dir='ltr'><strong>splendor</strong></span> <span class='ocrx_word' id='word_1_159' title='bbox 2716 1977 2997 2050; x_wconf 84' lang='lat' dir='ltr'><strong>egregius.</strong></span> <span class='ocrx_word' id='word_1_160' title='bbox 3041 1969 3314 2034; x_wconf 73' lang='lat' dir='ltr'><strong>Nimii-um</strong></span> <span class='ocrx_word' id='word_1_161' title='bbox 3348 1991 3511 2048; x_wconf 85' lang='lat' dir='ltr'><strong>agere</strong></span> <span class='ocrx_word' id='word_1_162' title='bbox 3548 1976 3751 2049; x_wconf 77' lang='lat' dir='ltr'><strong>gratias</strong></span> 
     </span>
    </p>
   </div>
   <div class='ocr_carea' id='block_1_22' title="bbox 428 2069 3748 2151">
    <p class='ocr_par' dir='ltr' id='par_1_22' title="bbox 428 2069 3748 2151">
     <span class='ocr_line' id='line_1_22' title="bbox 428 2069 3748 2151; baseline -0.003 -17"><span class='ocrx_word' id='word_1_163' title='bbox 428 2080 775 2147; x_wconf 31' lang='lat' dir='ltr'><strong>arctioribus,</strong></span> <span class='ocrx_word' id='word_1_164' title='bbox 809 2079 1085 2137; x_wconf 80' lang='lat' dir='ltr'><strong>Musarum</strong></span> <span class='ocrx_word' id='word_1_165' title='bbox 1135 2079 1431 2151; x_wconf 87' lang='lat' dir='ltr'><strong>ligaveram</strong></span> <span class='ocrx_word' id='word_1_166' title='bbox 1468 2074 1735 2143; x_wconf 82' lang='lat' dir='ltr'><strong>vinculis,</strong></span> <span class='ocrx_word' id='word_1_167' title='bbox 1780 2088 1892 2145; x_wconf 93' lang='lat' dir='ltr'><strong>quo</strong></span> <span class='ocrx_word' id='word_1_168' title='bbox 1917 2072 2043 2145; x_wconf 88' lang='lat' dir='ltr'><strong>plus</strong></span> <span class='ocrx_word' id='word_1_169' title='bbox 2144 2069 2564 2137; x_wconf 82' lang='lat' dir='ltr'><strong>audebo,&#39;cum</strong></span> <span class='ocrx_word' id='word_1_170' title='bbox 2611 2070 2743 2128; x_wconf 83' lang='lat' dir='ltr'><strong>exili</strong></span> <span class='ocrx_word' id='word_1_171' title='bbox 2776 2086 3036 2128; x_wconf 85' lang='lat' dir='ltr'><strong>sermone</strong></span> <span class='ocrx_word' id='word_1_172' title='bbox 3067 2086 3135 2128; x_wconf 90' lang='lat' dir='ltr'><strong>ne</strong></span> <span class='ocrx_word' id='word_1_173' title='bbox 3161 2069 3511 2143; x_wconf 85' lang='lat' dir='ltr'><strong>perminimis</strong></span> <span class='ocrx_word' id='word_1_174' title='bbox 3531 2069 3748 2142; x_wconf 89' lang='lat' dir='ltr'><strong>quidem</strong></span> 
     </span>
    </p>
   </div>
   <div class='ocr_carea' id='block_1_23' title="bbox 432 2163 3747 2241">
    <p class='ocr_par' dir='ltr' id='par_1_23' title="bbox 432 2163 3747 2241">
     <span class='ocr_line' id='line_1_23' title="bbox 432 2163 3747 2241; baseline -0.003 -13"><span class='ocrx_word' id='word_1_175' title='bbox 432 2171 573 2228; x_wconf 88' lang='lat' dir='ltr'><strong>mihi</strong></span> <span class='ocrx_word' id='word_1_176' title='bbox 604 2172 836 2229; x_wconf 68' lang='lat' dir='ltr'><strong>sincerae</strong></span> <span class='ocrx_word' id='word_1_177' title='bbox 864 2171 1173 2229; x_wconf 81' lang='lat' dir='ltr'><strong>devotionis</strong></span> <span class='ocrx_word' id='word_1_178' title='bbox 1201 2171 1475 2237; x_wconf 86' lang='lat' dir='ltr'><strong>studium,</strong></span> <span class='ocrx_word' id='word_1_179' title='bbox 1507 2177 1669 2241; x_wconf 87' lang='lat' dir='ltr'><strong>quam</strong></span> <span class='ocrx_word' id='word_1_180' title='bbox 1698 2165 1901 2239; x_wconf 88' lang='lat' dir='ltr'><strong>ingenii</strong></span> <span class='ocrx_word' id='word_1_181' title='bbox 1932 2164 2041 2220; x_wconf 90' lang='lat' dir='ltr'><strong>mei</strong></span> <span class='ocrx_word' id='word_1_182' title='bbox 2149 2163 2345 2220; x_wconf 87' lang='lat' dir='ltr'><strong>referri</strong></span> <span class='ocrx_word' id='word_1_183' title='bbox 2393 2163 2560 2236; x_wconf 83' lang='lat' dir='ltr'><strong>digne</strong></span> <span class='ocrx_word' id='word_1_184' title='bbox 2586 2164 2608 2196; x_wconf 78' lang='grc'><strong><em>⁵</em></strong></span> <span class='ocrx_word' id='word_1_185' title='bbox 2636 2166 2884 2237; x_wconf 89' lang='lat' dir='ltr'><strong>possint,</strong></span> <span class='ocrx_word' id='word_1_186' title='bbox 2921 2174 2978 2221; x_wconf 93' lang='lat' dir='ltr'><strong>et</strong></span> <span class='ocrx_word' id='word_1_187' title='bbox 3020 2175 3102 2232; x_wconf 88' lang='lat' dir='ltr'><strong>tn,</strong></span> <span class='ocrx_word' id='word_1_188' title='bbox 3140 2164 3226 2235; x_wconf 90' lang='lat' dir='ltr'><strong>pie</strong></span> <span class='ocrx_word' id='word_1_189' title='bbox 3253 2165 3574 2236; x_wconf 84' lang='lat' dir='ltr'><strong>imperator,</strong></span> <span class='ocrx_word' id='word_1_190' title='bbox 3600 2170 3747 2220; x_wconf 85' lang='lat' dir='ltr'><strong>tanta</strong></span> 
     </span>
    </p>
   </div>
   <div class='ocr_carea' id='block_1_24' title="bbox 430 2262 2037 2338">
    <p class='ocr_par' dir='ltr' id='par_1_24' title="bbox 430 2262 2037 2338">
     <span class='ocr_line' id='line_1_24' title="bbox 430 2262 2037 2338; baseline -0.004 -16"><span class='ocrx_word' id='word_1_191' title='bbox 430 2267 677 2338; x_wconf 86' lang='lat' dir='ltr'><strong>parvitas</strong></span> <span class='ocrx_word' id='word_1_192' title='bbox 707 2265 993 2338; x_wconf 57' lang='lat' dir='ltr'><strong>praestitit,</strong></span> <span class='ocrx_word' id='word_1_193' title='bbox 1025 2266 1080 2323; x_wconf 91' lang='lat' dir='ltr'><strong>in</strong></span> <span class='ocrx_word' id='word_1_194' title='bbox 1118 2277 1269 2335; x_wconf 88' lang='lat' dir='ltr'><strong>tuas,</strong></span> <span class='ocrx_word' id='word_1_195' title='bbox 1310 2263 1692 2337; x_wconf 88' lang='lat' dir='ltr'><strong>augustissime</strong></span> <span class='ocrx_word' id='word_1_196' title='bbox 1720 2262 2037 2333; x_wconf 86' lang='lat' dir='ltr'><strong>imperator,</strong></span> 
     </span>
    </p>
   </div>
   <div class='ocr_carea' id='block_1_25' title="bbox 428 2352 2038 2430">
    <p class='ocr_par' dir='ltr' id='par_1_25' title="bbox 428 2352 2038 2430">
     <span class='ocr_line' id='line_1_25' title="bbox 428 2352 2038 2430; baseline -0.007 -11"><span class='ocrx_word' id='word_1_197' title='bbox 428 2377 623 2419; x_wconf 87' lang='lat' dir='ltr'><strong>manus</strong></span> <span class='ocrx_word' id='word_1_198' title='bbox 651 2362 871 2419; x_wconf 88' lang='lat' dir='ltr'><strong>venisse</strong></span> <span class='ocrx_word' id='word_1_199' title='bbox 900 2361 1189 2429; x_wconf 88' lang='lat' dir='ltr'><strong>victrices,</strong></span> <span class='ocrx_word' id='word_1_200' title='bbox 1244 2360 1535 2430; x_wconf 85' lang='lat' dir='ltr'><strong>legendum</strong></span> <span class='ocrx_word' id='word_1_201' title='bbox 1582 2357 1756 2414; x_wconf 90' lang='lat' dir='ltr'><strong>oculis</strong></span> <span class='ocrx_word' id='word_1_202' title='bbox 1801 2357 1930 2411; x_wconf 88' lang='lat' dir='ltr'><strong>tuis.</strong></span> <span class='ocrx_word' id='word_1_203' title='bbox 1976 2352 2038 2409; x_wconf 85' lang='lat' dir='ltr'><strong>In</strong></span> 
     </span>
    </p>
   </div>
   <div class='ocr_carea' id='block_1_26' title="bbox 429 2438 2039 2528">
    <p class='ocr_par' dir='ltr' id='par_1_26' title="bbox 429 2438 2039 2528">
     <span class='ocr_line' id='line_1_26' title="bbox 429 2438 2039 2528; baseline -0.006 -17"><span class='ocrx_word' id='word_1_204' title='bbox 429 2471 540 2528; x_wconf 86' lang='lat' dir='ltr'><strong>quo</strong></span> <span class='ocrx_word' id='word_1_205' title='bbox 564 2454 696 2511; x_wconf 89' lang='lat' dir='ltr'><strong>mibi</strong></span> <span class='ocrx_word' id='word_1_206' title='bbox 721 2456 738 2487; x_wconf 76' lang='grc' dir='ltr'>ί</span> <span class='ocrx_word' id='word_1_207' title='bbox 770 2470 871 2526; x_wconf 90' lang='lat' dir='ltr'><strong>pro</strong></span> <span class='ocrx_word' id='word_1_208' title='bbox 901 2454 1175 2511; x_wconf 83' lang='lat' dir='ltr'><strong>Heliconis</strong></span> <span class='ocrx_word' id='word_1_209' title='bbox 1200 2451 1422 2509; x_wconf 89' lang='lat' dir='ltr'><strong>verticis</strong></span> <span class='ocrx_word' id='word_1_210' title='bbox 1446 2438 1693 2517; x_wconf 86' lang='lat' dir='ltr'><strong>nemore,</strong></span> <span class='ocrx_word' id='word_1_211' title='bbox 1720 2463 1820 2521; x_wconf 92' lang='lat' dir='ltr'><strong>pro</strong></span> <span class='ocrx_word' id='word_1_212' title='bbox 1847 2446 2039 2503; x_wconf 85' lang='lat' dir='ltr'><strong>Casta-</strong></span> 
     </span>
    </p>
   </div>
   <div class='ocr_carea' id='block_1_27' title="bbox 421 2540 2035 2618">
    <p class='ocr_par' dir='ltr' id='par_1_27' title="bbox 421 2540 2035 2618">
     <span class='ocr_line' id='line_1_27' title="bbox 421 2540 2035 2618; baseline -0.006 -12"><span class='ocrx_word' id='word_1_213' title='bbox 421 2548 484 2606; x_wconf 91' lang='lat' dir='ltr'><strong>lii</strong></span> <span class='ocrx_word' id='word_1_214' title='bbox 513 2549 677 2606; x_wconf 89' lang='lat' dir='ltr'><strong>fontis</strong></span> <span class='ocrx_word' id='word_1_215' title='bbox 703 2548 901 2606; x_wconf 90' lang='lat' dir='ltr'><strong>haustu</strong></span> <span class='ocrx_word' id='word_1_216' title='bbox 931 2547 1219 2614; x_wconf 78' lang='lat' dir='ltr'><strong>versinco,</strong></span> <span class='ocrx_word' id='word_1_217' title='bbox 1251 2560 1352 2618; x_wconf 89' lang='lat' dir='ltr'><strong>pro</strong></span> <span class='ocrx_word' id='word_1_218' title='bbox 1390 2543 1664 2618; x_wconf 86' lang='lat' dir='ltr'><strong>Apollinis</strong></span> <span class='ocrx_word' id='word_1_219' title='bbox 1694 2543 1828 2616; x_wconf 78' lang='lat' dir='ltr'><strong>lyra:</strong></span> <span class='ocrx_word' id='word_1_220' title='bbox 1859 2540 2035 2597; x_wconf 79' lang='lat' dir='ltr'><strong>Musa-</strong></span> 
     </span>
    </p>
   </div>
   <div class='ocr_carea' id='block_1_28' title="bbox 421 2635 2037 2711">
    <p class='ocr_par' dir='ltr' id='par_1_28' title="bbox 421 2635 2037 2711">
     <span class='ocr_line' id='line_1_28' title="bbox 421 2635 2037 2711; baseline -0.007 -10"><span class='ocrx_word' id='word_1_221' title='bbox 421 2660 545 2701; x_wconf 86' lang='lat' dir='ltr'><strong>rum</strong></span> <span class='ocrx_word' id='word_1_222' title='bbox 599 2642 1018 2701; x_wconf 89' lang='lat' dir='ltr'><strong>concinentibus</strong></span> <span class='ocrx_word' id='word_1_223' title='bbox 1057 2640 1272 2711; x_wconf 90' lang='lat' dir='ltr'><strong>choris,</strong></span> <span class='ocrx_word' id='word_1_224' title='bbox 1320 2636 1646 2709; x_wconf 60' lang='lat' dir='ltr'><strong>ceterisque</strong></span> <span class='ocrx_word' id='word_1_225' title='bbox 1690 2649 1814 2708; x_wconf 73' lang='lat' dir='ltr'><strong>quae</strong></span> <span class='ocrx_word' id='word_1_226' title='bbox 1858 2635 2037 2706; x_wconf 87' lang='lat' dir='ltr'><strong>poetis</strong></span> 
     </span>
    </p>
   </div>
   <div class='ocr_carea' id='block_1_29' title="bbox 425 2726 2037 2808">
    <p class='ocr_par' dir='ltr' id='par_1_29' title="bbox 425 2726 2037 2808">
     <span class='ocr_line' id='line_1_29' title="bbox 425 2726 2037 2808; baseline -0.007 -14"><span class='ocrx_word' id='word_1_227' title='bbox 425 2752 548 2794; x_wconf 86' lang='lat' dir='ltr'><strong>mos</strong></span> <span class='ocrx_word' id='word_1_228' title='bbox 578 2747 663 2795; x_wconf 88' lang='lat' dir='ltr'><strong>est</strong></span> <span class='ocrx_word' id='word_1_229' title='bbox 691 2753 913 2794; x_wconf 87' lang='lat' dir='ltr'><strong>carmen</strong></span> <span class='ocrx_word' id='word_1_230' title='bbox 952 2733 1315 2808; x_wconf 81' lang='lat' dir='ltr'><strong>pangentibus</strong></span> <span class='ocrx_word' id='word_1_231' title='bbox 1346 2731 1604 2788; x_wconf 87' lang='lat' dir='ltr'><strong>invocare</strong></span> <span class='ocrx_word' id='word_1_232' title='bbox 1624 2772 1641 2799; x_wconf 92' lang='lat'><strong>,</strong></span> <span class='ocrx_word' id='word_1_233' title='bbox 1672 2730 1749 2786; x_wconf 90' lang='lat' dir='ltr'><strong>tui</strong></span> <span class='ocrx_word' id='word_1_234' title='bbox 1778 2726 1909 2784; x_wconf 91' lang='lat' dir='ltr'><strong>mihi</strong></span> <span class='ocrx_word' id='word_1_235' title='bbox 1938 2743 2037 2783; x_wconf 85' lang='lat' dir='ltr'><strong>no-</strong></span> 
     </span>
    </p>
   </div>
   <div class='ocr_carea' id='block_1_30' title="bbox 420 2822 2035 2897">
    <p class='ocr_par' dir='ltr' id='par_1_30' title="bbox 420 2822 2035 2897">
     <span class='ocr_line' id='line_1_30' title="bbox 420 2822 2035 2897; baseline -0.006 -10"><span class='ocrx_word' id='word_1_236' title='bbox 420 2829 588 2887; x_wconf 87' lang='lat' dir='ltr'><strong>minis</strong></span> <span class='ocrx_word' id='word_1_237' title='bbox 617 2838 826 2886; x_wconf 72' lang='lat' dir='ltr'><strong>mtcrna</strong></span> <span class='ocrx_word' id='word_1_238' title='bbox 854 2828 1093 2886; x_wconf 83' lang='lat' dir='ltr'><strong>felicitas</strong></span> <span class='ocrx_word' id='word_1_239' title='bbox 1111 2868 1128 2897; x_wconf 92' lang='lat'><strong>,</strong></span> <span class='ocrx_word' id='word_1_240' title='bbox 1160 2836 1217 2884; x_wconf 89' lang='lat' dir='ltr'><strong>et</strong></span> <span class='ocrx_word' id='word_1_241' title='bbox 1249 2825 1372 2897; x_wconf 82' lang='lat' dir='ltr'><strong>ejus</strong></span> <span class='ocrx_word' id='word_1_242' title='bbox 1405 2822 1756 2879; x_wconf 81' lang='lat' dir='ltr'><strong>multiformis</strong></span> <span class='ocrx_word' id='word_1_243' title='bbox 1785 2836 1907 2878; x_wconf 89' lang='lat' dir='ltr'><strong>cum</strong></span> <span class='ocrx_word' id='word_1_244' title='bbox 1936 2835 2035 2877; x_wconf 82' lang='lat' dir='ltr'><strong>sua</strong></span> 
     </span>
    </p>
   </div>
   <div class='ocr_carea' id='block_1_31' title="bbox 418 2913 2037 2994">
    <p class='ocr_par' dir='ltr' id='par_1_31' title="bbox 418 2913 2037 2994">
     <span class='ocr_line' id='line_1_31' title="bbox 418 2913 2037 2994; baseline -0.007 -15"><span class='ocrx_word' id='word_1_245' title='bbox 418 2922 777 2981; x_wconf 86' lang='lat' dir='ltr'><strong>veneratione</strong></span> <span class='ocrx_word' id='word_1_246' title='bbox 825 2919 1109 2994; x_wconf 70' lang='lat' dir='ltr'><strong>praefatio,</strong></span> <span class='ocrx_word' id='word_1_247' title='bbox 1159 2916 1500 2976; x_wconf 88' lang='lat' dir='ltr'><strong>incentivum</strong></span> <span class='ocrx_word' id='word_1_248' title='bbox 1539 2915 1741 2973; x_wconf 89' lang='lat' dir='ltr'><strong>cecinit</strong></span> <span class='ocrx_word' id='word_1_249' title='bbox 1782 2913 1850 2970; x_wconf 92' lang='lat' dir='ltr'><strong>ad</strong></span> <span class='ocrx_word' id='word_1_250' title='bbox 1875 2915 1896 2946; x_wconf 85' lang='grc'>¹</span> <span class='ocrx_word' id='word_1_251' title='bbox 1936 2926 2037 2968; x_wconf 91' lang='lat' dir='ltr'><strong>au-</strong></span> 
     </span>
    </p>
   </div>
   <div class='ocr_carea' id='block_1_32' title="bbox 2141 2257 3749 2329">
    <p class='ocr_par' dir='ltr' id='par_1_32' title="bbox 2141 2257 3749 2329">
     <span class='ocr_line' id='line_1_32' title="bbox 2141 2257 3749 2329; baseline 0.001 -17"><span class='ocrx_word' id='word_1_252' title='bbox 2141 2257 2495 2328; x_wconf 70' lang='lat' dir='ltr'><strong>praestiteris,</strong></span> <span class='ocrx_word' id='word_1_253' title='bbox 2529 2267 2589 2314; x_wconf 93' lang='lat' dir='ltr'><strong>ut</strong></span> <span class='ocrx_word' id='word_1_254' title='bbox 2617 2258 2763 2316; x_wconf 92' lang='lat' dir='ltr'><strong>istud</strong></span> <span class='ocrx_word' id='word_1_255' title='bbox 2791 2273 2889 2329; x_wconf 92' lang='lat' dir='ltr'><strong>pro</strong></span> <span class='ocrx_word' id='word_1_256' title='bbox 2912 2257 3219 2315; x_wconf 74' lang='lat' dir='ltr'><strong>benefactis</strong></span> <span class='ocrx_word' id='word_1_257' title='bbox 3249 2259 3358 2315; x_wconf 87' lang='lat' dir='ltr'><strong>tuis</strong></span> <span class='ocrx_word' id='word_1_258' title='bbox 3384 2274 3453 2315; x_wconf 88' lang='lat' dir='ltr'><strong>ne</strong></span> <span class='ocrx_word' id='word_1_259' title='bbox 3478 2258 3749 2315; x_wconf 83' lang='lat' dir='ltr'><strong>facundis-</strong></span> 
     </span>
    </p>
   </div>
   <div class='ocr_carea' id='block_1_33' title="bbox 2140 2352 3748 2425">
    <p class='ocr_par' dir='ltr' id='par_1_33' title="bbox 2140 2352 3748 2425">
     <span class='ocr_line' id='line_1_33' title="bbox 2140 2352 3748 2425; baseline 0.001 -19"><span class='ocrx_word' id='word_1_260' title='bbox 2140 2352 2298 2408; x_wconf 91' lang='lat' dir='ltr'><strong>simis</strong></span> <span class='ocrx_word' id='word_1_261' title='bbox 2336 2352 2560 2424; x_wconf 88' lang='lat' dir='ltr'><strong>quidem</strong></span> <span class='ocrx_word' id='word_1_262' title='bbox 2601 2352 2777 2424; x_wconf 91' lang='lat' dir='ltr'><strong>possit</strong></span> <span class='ocrx_word' id='word_1_263' title='bbox 2815 2352 3070 2425; x_wconf 82' lang='lat' dir='ltr'><strong>impleri?</strong></span> <span class='ocrx_word' id='word_1_264' title='bbox 3100 2353 3316 2409; x_wconf 87' lang='lat' dir='ltr'><strong>Etenim</strong></span> <span class='ocrx_word' id='word_1_265' title='bbox 3348 2353 3396 2409; x_wconf 89' lang='lat' dir='ltr'><strong>si</strong></span> <span class='ocrx_word' id='word_1_266' title='bbox 3425 2352 3539 2420; x_wconf 88' lang='lat' dir='ltr'><strong>ita,</strong></span> <span class='ocrx_word' id='word_1_267' title='bbox 3572 2361 3634 2408; x_wconf 92' lang='lat' dir='ltr'><strong>ut</strong></span> <span class='ocrx_word' id='word_1_268' title='bbox 3662 2367 3748 2409; x_wconf 86' lang='lat' dir='ltr'><strong>sa-</strong></span> 
     </span>
    </p>
   </div>
   <div class='ocr_carea' id='block_1_34' title="bbox 2141 2443 3747 2517">
    <p class='ocr_par' dir='ltr' id='par_1_34' title="bbox 2141 2443 3747 2517">
     <span class='ocr_line' id='line_1_34' title="bbox 2141 2443 3747 2517; baseline 0.001 -18"><span class='ocrx_word' id='word_1_269' title='bbox 2141 2443 2425 2515; x_wconf 90' lang='lat' dir='ltr'><strong>pientibus</strong></span> <span class='ocrx_word' id='word_1_270' title='bbox 2478 2445 2726 2515; x_wconf 86' lang='lat' dir='ltr'><strong>placuit,</strong></span> <span class='ocrx_word' id='word_1_271' title='bbox 2774 2444 3017 2502; x_wconf 85' lang='lat' dir='ltr'><strong>maxime</strong></span> <span class='ocrx_word' id='word_1_272' title='bbox 3062 2446 3383 2517; x_wconf 86' lang='lat' dir='ltr'><strong>imperator,</strong></span> <span class='ocrx_word' id='word_1_273' title='bbox 3426 2444 3747 2502; x_wconf 66' lang='lat' dir='ltr'><strong>aestimanda</strong></span> 
     </span>
    </p>
   </div>
   <div class='ocr_carea' id='block_1_35' title="bbox 2134 2538 3751 2613">
    <p class='ocr_par' dir='ltr' id='par_1_35' title="bbox 2134 2538 3751 2613">
     <span class='ocr_line' id='line_1_35' title="bbox 2134 2538 3751 2613; baseline 0.001 -19"><span class='ocrx_word' id='word_1_274' title='bbox 2134 2548 2301 2607; x_wconf 86' lang='lat' dir='ltr'><strong>sunt,</strong></span> <span class='ocrx_word' id='word_1_275' title='bbox 2335 2555 2446 2595; x_wconf 88' lang='lat' dir='ltr'><strong>non</strong></span> <span class='ocrx_word' id='word_1_276' title='bbox 2476 2539 2812 2596; x_wconf 89' lang='lat' dir='ltr'><strong>numeranda</strong></span> <span class='ocrx_word' id='word_1_277' title='bbox 2838 2538 3045 2611; x_wconf 85' lang='lat' dir='ltr'><strong>judicia</strong></span> <span class='ocrx_word' id='word_1_278' title='bbox 3068 2586 3082 2611; x_wconf 86' lang='lat'><strong>,</strong></span> <span class='ocrx_word' id='word_1_279' title='bbox 3125 2541 3216 2613; x_wconf 92' lang='lat' dir='ltr'><strong>qui</strong></span> <span class='ocrx_word' id='word_1_280' title='bbox 3246 2540 3560 2610; x_wconf 87' lang='lat' dir='ltr'><strong>hujusmodi</strong></span> <span class='ocrx_word' id='word_1_281' title='bbox 3595 2540 3751 2597; x_wconf 88' lang='lat' dir='ltr'><strong>testi-</strong></span> 
     </span>
    </p>
   </div>
   <div class='ocr_carea' id='block_1_36' title="bbox 2136 2632 3751 2705">
    <p class='ocr_par' dir='ltr' id='par_1_36' title="bbox 2136 2632 3751 2705">
     <span class='ocr_line' id='line_1_36' title="bbox 2136 2632 3751 2705; baseline 0.002 -18"><span class='ocrx_word' id='word_1_282' title='bbox 2136 2632 2380 2689; x_wconf 88' lang='lat' dir='ltr'><strong>monium</strong></span> <span class='ocrx_word' id='word_1_283' title='bbox 2407 2641 2745 2689; x_wconf 89' lang='lat' dir='ltr'><strong>consecutus</strong></span> <span class='ocrx_word' id='word_1_284' title='bbox 2768 2646 2891 2687; x_wconf 92' lang='lat' dir='ltr'><strong>sum</strong></span> <span class='ocrx_word' id='word_1_285' title='bbox 2924 2633 3143 2703; x_wconf 88' lang='lat' dir='ltr'><strong>pietatis</strong></span> <span class='ocrx_word' id='word_1_286' title='bbox 3171 2643 3277 2688; x_wconf 63' lang='lat' dir='ltr'><strong>tuae</strong></span> <span class='ocrx_word' id='word_1_287' title='bbox 3309 2632 3627 2705; x_wconf 77' lang='lat' dir='ltr'><strong>dignatione</strong></span> <span class='ocrx_word' id='word_1_288' title='bbox 3645 2647 3751 2691; x_wconf 70' lang='lat' dir='ltr'><strong>cae-</strong></span> 
     </span>
    </p>
   </div>
   <div class='ocr_carea' id='block_1_37' title="bbox 2138 2724 3748 2798">
    <p class='ocr_par' dir='ltr' id='par_1_37' title="bbox 2138 2724 3748 2798">
     <span class='ocr_line' id='line_1_37' title="bbox 2138 2724 3748 2798; baseline 0 -15"><span class='ocrx_word' id='word_1_289' title='bbox 2138 2725 2298 2792; x_wconf 85' lang='lat' dir='ltr'><strong>lesti,</strong></span> <span class='ocrx_word' id='word_1_290' title='bbox 2322 2725 2433 2797; x_wconf 83' lang='lat' dir='ltr'><strong>jam</strong></span> <span class='ocrx_word' id='word_1_291' title='bbox 2481 2726 2610 2782; x_wconf 80' lang='lat' dir='ltr'><strong>licet</strong></span> <span class='ocrx_word' id='word_1_292' title='bbox 2646 2724 2903 2782; x_wconf 86' lang='lat' dir='ltr'><strong>Parnassi</strong></span> <span class='ocrx_word' id='word_1_293' title='bbox 2936 2725 3063 2798; x_wconf 86' lang='lat' dir='ltr'><strong>juga</strong></span> <span class='ocrx_word' id='word_1_294' title='bbox 3094 2740 3321 2783; x_wconf 88' lang='lat' dir='ltr'><strong>securus</strong></span> <span class='ocrx_word' id='word_1_295' title='bbox 3366 2725 3666 2797; x_wconf 81' lang='lat' dir='ltr'><strong>ingrediar,</strong></span> <span class='ocrx_word' id='word_1_296' title='bbox 3694 2735 3748 2783; x_wconf 89' lang='lat' dir='ltr'><strong>et</strong></span> 
     </span>
    </p>
   </div>
   <div class='ocr_carea' id='block_1_38' title="bbox 2136 2820 3743 2894">
    <p class='ocr_par' dir='ltr' id='par_1_38' title="bbox 2136 2820 3743 2894">
     <span class='ocr_line' id='line_1_38' title="bbox 2136 2820 3743 2894; baseline 0.002 -18"><span class='ocrx_word' id='word_1_297' title='bbox 2136 2821 2206 2876; x_wconf 91' lang='lat' dir='ltr'><strong>ab</strong></span> <span class='ocrx_word' id='word_1_298' title='bbox 2239 2820 2376 2892; x_wconf 88' lang='lat' dir='ltr'><strong>ipsis</strong></span> <span class='ocrx_word' id='word_1_299' title='bbox 2409 2822 2570 2878; x_wconf 83' lang='lat' dir='ltr'><strong>Aonii</strong></span> <span class='ocrx_word' id='word_1_300' title='bbox 2597 2821 2821 2878; x_wconf 89' lang='lat' dir='ltr'><strong>verticis</strong></span> <span class='ocrx_word' id='word_1_301' title='bbox 2851 2820 3029 2894; x_wconf 80' lang='lat' dir='ltr'><strong>adytis</strong></span> <span class='ocrx_word' id='word_1_302' title='bbox 3060 2822 3335 2879; x_wconf 90' lang='lat' dir='ltr'><strong>deducere</strong></span> <span class='ocrx_word' id='word_1_303' title='bbox 3364 2821 3598 2878; x_wconf 89' lang='lat' dir='ltr'><strong>audeam</strong></span> <span class='ocrx_word' id='word_1_304' title='bbox 3625 2822 3743 2879; x_wconf 84' lang='lat' dir='ltr'><strong>Mu-</strong></span> 
     </span>
    </p>
   </div>
   <div class='ocr_carea' id='block_1_39' title="bbox 2138 2915 3743 2988">
    <p class='ocr_par' dir='ltr' id='par_1_39' title="bbox 2138 2915 3743 2988">
     <span class='ocr_line' id='line_1_39' title="bbox 2138 2915 3743 2988; baseline 0.002 -19"><span class='ocrx_word' id='word_1_305' title='bbox 2138 2929 2248 2982; x_wconf 89' lang='lat' dir='ltr'><strong>sas,</strong></span> <span class='ocrx_word' id='word_1_306' title='bbox 2286 2925 2434 2971; x_wconf 88' lang='lat' dir='ltr'><strong>tutus</strong></span> <span class='ocrx_word' id='word_1_307' title='bbox 2476 2930 2824 2988; x_wconf 90' lang='lat' dir='ltr'><strong>quocumque</strong></span> <span class='ocrx_word' id='word_1_308' title='bbox 2853 2930 3011 2972; x_wconf 89' lang='lat' dir='ltr'><strong>mens</strong></span> <span class='ocrx_word' id='word_1_309' title='bbox 3036 2916 3135 2973; x_wconf 91' lang='lat' dir='ltr'><strong>ibit</strong></span> <span class='ocrx_word' id='word_1_310' title='bbox 3166 2918 3219 2971; x_wconf 90' lang='lat' dir='ltr'><strong>in</strong></span> <span class='ocrx_word' id='word_1_311' title='bbox 3249 2916 3492 2973; x_wconf 89' lang='lat' dir='ltr'><strong>carmina</strong></span> <span class='ocrx_word' id='word_1_312' title='bbox 3513 2958 3530 2986; x_wconf 91' lang='lat'><strong>,</strong></span> <span class='ocrx_word' id='word_1_313' title='bbox 3572 2924 3629 2973; x_wconf 90' lang='lat' dir='ltr'><strong>et</strong></span> <span class='ocrx_word' id='word_1_314' title='bbox 3654 2915 3743 2973; x_wconf 86' lang='lat' dir='ltr'><strong>di-</strong></span> 
     </span>
    </p>
   </div>
   <div class='ocr_carea' id='block_1_40' title="bbox 415 3005 3743 3087">
    <p class='ocr_par' dir='ltr' id='par_1_40' title="bbox 415 3005 3743 3087">
     <span class='ocr_line' id='line_1_40' title="bbox 415 3005 3743 3087; baseline -0.002 -14"><span class='ocrx_word' id='word_1_315' title='bbox 415 3016 659 3073; x_wconf 88' lang='lat' dir='ltr'><strong>dendum</strong></span> <span class='ocrx_word' id='word_1_316' title='bbox 680 3058 697 3084; x_wconf 96' lang='lat'><strong>,</strong></span> <span class='ocrx_word' id='word_1_317' title='bbox 730 3025 784 3072; x_wconf 89' lang='lat' dir='ltr'><strong>et</strong></span> <span class='ocrx_word' id='word_1_318' title='bbox 811 3015 878 3071; x_wconf 92' lang='lat' dir='ltr'><strong>ad</strong></span> <span class='ocrx_word' id='word_1_319' title='bbox 908 3012 1311 3087; x_wconf 82' lang='lat' dir='ltr'><strong>expediendum</strong></span> <span class='ocrx_word' id='word_1_320' title='bbox 1355 3010 1564 3083; x_wconf 88' lang='lat' dir='ltr'><strong>pariter</strong></span> <span class='ocrx_word' id='word_1_321' title='bbox 1607 3008 1883 3081; x_wconf 86' lang='lat' dir='ltr'><strong>ingenium</strong></span> <span class='ocrx_word' id='word_1_322' title='bbox 1933 3005 2033 3062; x_wconf 90' lang='lat' dir='ltr'><strong>tri-</strong></span> <span class='ocrx_word' id='word_1_323' title='bbox 2056 3009 2103 3074; x_wconf 89' lang='lat' dir='ltr'><strong><em>C</em></strong></span> <span class='ocrx_word' id='word_1_324' title='bbox 2136 3010 2266 3065; x_wconf 78' lang='lat' dir='ltr'><strong>vina</strong></span> <span class='ocrx_word' id='word_1_325' title='bbox 2291 3010 2623 3080; x_wconf 86' lang='lat' dir='ltr'><strong>judiciorum</strong></span> <span class='ocrx_word' id='word_1_326' title='bbox 2658 3020 2876 3067; x_wconf 88' lang='lat' dir='ltr'><strong>tuorum</strong></span> <span class='ocrx_word' id='word_1_327' title='bbox 2910 3013 3236 3069; x_wconf 88' lang='lat' dir='ltr'><strong>auctoritate</strong></span> <span class='ocrx_word' id='word_1_328' title='bbox 3262 3012 3506 3067; x_wconf 90' lang='lat' dir='ltr'><strong>munitus</strong></span> <span class='ocrx_word' id='word_1_329' title='bbox 3528 3053 3544 3080; x_wconf 92' lang='lat'><strong>,</strong></span> <span class='ocrx_word' id='word_1_330' title='bbox 3582 3020 3743 3084; x_wconf 89' lang='lat' dir='ltr'><strong>atque</strong></span> 
     </span>
    </p>
   </div>
   <div class='ocr_carea' id='block_1_41' title="bbox 415 3099 2029 3167">
    <p class='ocr_par' dir='ltr' id='par_1_41' title="bbox 415 3099 2029 3167">
     <span class='ocr_line' id='line_1_41' title="bbox 415 3099 2029 3167; baseline -0.007 0"><span class='ocrx_word' id='word_1_331' title='bbox 415 3108 535 3167; x_wconf 91' lang='lat' dir='ltr'><strong>buit</strong></span> <span class='ocrx_word' id='word_1_332' title='bbox 584 3119 639 3165; x_wconf 88' lang='lat' dir='ltr'><strong>et</strong></span> <span class='ocrx_word' id='word_1_333' title='bbox 684 3106 964 3165; x_wconf 81' lang='lat' dir='ltr'><strong>effectum.</strong></span> <span class='ocrx_word' id='word_1_334' title='bbox 1016 3106 1278 3163; x_wconf 68' lang='lat' dir='ltr'><strong>Romanae</strong></span> <span class='ocrx_word' id='word_1_335' title='bbox 1329 3103 1499 3161; x_wconf 64' lang='lat' dir='ltr'><strong>Musae</strong></span> <span class='ocrx_word' id='word_1_336' title='bbox 1549 3101 1779 3159; x_wconf 87' lang='lat' dir='ltr'><strong>antistes</strong></span> <span class='ocrx_word' id='word_1_337' title='bbox 1829 3099 2029 3157; x_wconf 90' lang='lat' dir='ltr'><strong>nobilis</strong></span> 
     </span>
    </p>
   </div>
   <div class='ocr_carea' id='block_1_42' title="bbox 412 3192 2027 3267">
    <p class='ocr_par' dir='ltr' id='par_1_42' title="bbox 412 3192 2027 3267">
     <span class='ocr_line' id='line_1_42' title="bbox 412 3192 2027 3267; baseline -0.007 -9"><span class='ocrx_word' id='word_1_338' title='bbox 412 3200 771 3267; x_wconf 81' lang='lat' dir='ltr'><strong>Mantuanus,</strong></span> <span class='ocrx_word' id='word_1_339' title='bbox 822 3214 1017 3256; x_wconf 87' lang='lat' dir='ltr'><strong>serena</strong></span> <span class='ocrx_word' id='word_1_340' title='bbox 1048 3198 1143 3255; x_wconf 83' lang='lat' dir='ltr'><strong>lux</strong></span> <span class='ocrx_word' id='word_1_341' title='bbox 1189 3205 1375 3253; x_wconf 87' lang='lat' dir='ltr'><strong>vatum</strong></span> <span class='ocrx_word' id='word_1_342' title='bbox 1402 3240 1418 3266; x_wconf 94' lang='lat'><strong>,</strong></span> <span class='ocrx_word' id='word_1_343' title='bbox 1447 3202 1505 3252; x_wconf 90' lang='lat' dir='ltr'><strong>et</strong></span> <span class='ocrx_word' id='word_1_344' title='bbox 1533 3193 1657 3250; x_wconf 82' lang='lat' dir='ltr'><strong>fons</strong></span> <span class='ocrx_word' id='word_1_345' title='bbox 1689 3192 1810 3264; x_wconf 87' lang='lat' dir='ltr'><strong>puri</strong></span> <span class='ocrx_word' id='word_1_346' title='bbox 1840 3202 2027 3248; x_wconf 88' lang='lat' dir='ltr'><strong>necta-</strong></span> 
     </span>
    </p>
   </div>
   <div class='ocr_carea' id='block_1_43' title="bbox 415 3283 2021 3360">
    <p class='ocr_par' dir='ltr' id='par_1_43' title="bbox 415 3283 2021 3360">
     <span class='ocr_line' id='line_1_43' title="bbox 415 3283 2021 3360; baseline -0.007 -10"><span class='ocrx_word' id='word_1_347' title='bbox 415 3293 525 3360; x_wconf 88' lang='lat' dir='ltr'><strong>ris,</strong></span> <span class='ocrx_word' id='word_1_348' title='bbox 558 3293 678 3350; x_wconf 91' lang='lat' dir='ltr'><strong>vela</strong></span> <span class='ocrx_word' id='word_1_349' title='bbox 711 3291 977 3350; x_wconf 84' lang='lat' dir='ltr'><strong>fecundus</strong></span> <span class='ocrx_word' id='word_1_350' title='bbox 1011 3290 1066 3347; x_wconf 90' lang='lat' dir='ltr'><strong>in</strong></span> <span class='ocrx_word' id='word_1_351' title='bbox 1094 3291 1337 3348; x_wconf 89' lang='lat' dir='ltr'><strong>carmina</strong></span> <span class='ocrx_word' id='word_1_352' title='bbox 1360 3288 1382 3321; x_wconf 86' lang='grc'>⁸</span> <span class='ocrx_word' id='word_1_353' title='bbox 1408 3287 1643 3355; x_wconf 83' lang='lat' dir='ltr'><strong>exaltat,</strong></span> <span class='ocrx_word' id='word_1_354' title='bbox 1674 3300 1739 3342; x_wconf 92' lang='lat' dir='ltr'><strong>ac</strong></span> <span class='ocrx_word' id='word_1_355' title='bbox 1759 3300 1820 3342; x_wconf 88' lang='lat' dir='ltr'><strong>se</strong></span> <span class='ocrx_word' id='word_1_356' title='bbox 1850 3283 2021 3355; x_wconf 87' lang='lat' dir='ltr'><strong>pluri-</strong></span> 
     </span>
    </p>
   </div>
   <div class='ocr_carea' id='block_1_44' title="bbox 415 3378 2025 3457">
    <p class='ocr_par' dir='ltr' id='par_1_44' title="bbox 415 3378 2025 3457">
     <span class='ocr_line' id='line_1_44' title="bbox 415 3378 2025 3457; baseline -0.006 -15"><span class='ocrx_word' id='word_1_357' title='bbox 415 3402 565 3443; x_wconf 87' lang='lat' dir='ltr'><strong>mum</strong></span> <span class='ocrx_word' id='word_1_358' title='bbox 586 3386 787 3457; x_wconf 87' lang='lat' dir='ltr'><strong>jactat,</strong></span> <span class='ocrx_word' id='word_1_359' title='bbox 814 3393 870 3442; x_wconf 90' lang='lat' dir='ltr'><strong>et</strong></span> <span class='ocrx_word' id='word_1_360' title='bbox 894 3386 1090 3441; x_wconf 89' lang='lat' dir='ltr'><strong>iterum</strong></span> <span class='ocrx_word' id='word_1_361' title='bbox 1116 3399 1182 3441; x_wconf 92' lang='lat' dir='ltr'><strong>ac</strong></span> <span class='ocrx_word' id='word_1_362' title='bbox 1208 3383 1411 3454; x_wconf 67' lang='lat' dir='ltr'><strong>saepius</strong></span> <span class='ocrx_word' id='word_1_363' title='bbox 1435 3380 1753 3438; x_wconf 73' lang='lat' dir='ltr'><strong>Mecmnatis</strong></span> <span class='ocrx_word' id='word_1_364' title='bbox 1779 3378 2025 3436; x_wconf 82' lang='lat' dir='ltr'><strong>testimo-</strong></span> 
     </span>
    </p>
   </div>
   <div class='ocr_carea' id='block_1_45' title="bbox 414 3471 2018 3551">
    <p class='ocr_par' dir='ltr' id='par_1_45' title="bbox 414 3471 2018 3551">
     <span class='ocr_line' id='line_1_45' title="bbox 414 3471 2018 3551; baseline -0.004 -15"><span class='ocrx_word' id='word_1_365' title='bbox 414 3479 509 3536; x_wconf 92' lang='lat' dir='ltr'><strong>nio</strong></span> <span class='ocrx_word' id='word_1_366' title='bbox 541 3478 826 3551; x_wconf 82' lang='lat' dir='ltr'><strong>gloriatur.</strong></span> <span class='ocrx_word' id='word_1_367' title='bbox 857 3478 996 3548; x_wconf 86' lang='lat' dir='ltr'><strong>Quid</strong></span> <span class='ocrx_word' id='word_1_368' title='bbox 1025 3492 1127 3550; x_wconf 88' lang='lat' dir='ltr'><strong>ego</strong></span> <span class='ocrx_word' id='word_1_369' title='bbox 1149 3477 1342 3533; x_wconf 86' lang='lat' dir='ltr'><strong>faciam</strong></span> <span class='ocrx_word' id='word_1_370' title='bbox 1366 3475 1515 3531; x_wconf 87' lang='lat' dir='ltr'><strong>tenui</strong></span> <span class='ocrx_word' id='word_1_371' title='bbox 1543 3488 1749 3545; x_wconf 90' lang='lat' dir='ltr'><strong>pauper</strong></span> <span class='ocrx_word' id='word_1_372' title='bbox 1776 3471 2018 3544; x_wconf 91' lang='lat' dir='ltr'><strong>ingenio,</strong></span> 
     </span>
    </p>
   </div>
   <div class='ocr_carea' id='block_1_46' title="bbox 418 3566 2023 3645">
    <p class='ocr_par' dir='ltr' id='par_1_46' title="bbox 418 3566 2023 3645">
     <span class='ocr_line' id='line_1_46' title="bbox 418 3566 2023 3645; baseline -0.006 -16"><span class='ocrx_word' id='word_1_373' title='bbox 418 3572 604 3629; x_wconf 87' lang='lat' dir='ltr'><strong>meriti</strong></span> <span class='ocrx_word' id='word_1_374' title='bbox 633 3588 780 3627; x_wconf 93' lang='lat' dir='ltr'><strong>nunc</strong></span> <span class='ocrx_word' id='word_1_375' title='bbox 807 3586 981 3645; x_wconf 89' lang='lat' dir='ltr'><strong>usque</strong></span> <span class='ocrx_word' id='word_1_376' title='bbox 1008 3570 1295 3643; x_wconf 76' lang='lat' dir='ltr'><strong>perparvi?</strong></span> <span class='ocrx_word' id='word_1_377' title='bbox 1330 3569 1585 3627; x_wconf 64' lang='lat' dir='ltr'><strong>Caelestis</strong></span> <span class='ocrx_word' id='word_1_378' title='bbox 1609 3566 1796 3639; x_wconf 78' lang='lat' dir='ltr'><strong>iudicii</strong></span> <span class='ocrx_word' id='word_1_379' title='bbox 1831 3566 2023 3638; x_wconf 88' lang='lat' dir='ltr'><strong>digna-</strong></span> 
     </span>
    </p>
   </div>
   <div class='ocr_carea' id='block_1_47' title="bbox 414 3660 2020 3738">
    <p class='ocr_par' dir='ltr' id='par_1_47' title="bbox 414 3660 2020 3738">
     <span class='ocr_line' id='line_1_47' title="bbox 414 3660 2020 3738; baseline -0.005 -15"><span class='ocrx_word' id='word_1_380' title='bbox 414 3668 566 3723; x_wconf 89' lang='lat' dir='ltr'><strong>tione</strong></span> <span class='ocrx_word' id='word_1_381' title='bbox 615 3667 944 3724; x_wconf 90' lang='lat' dir='ltr'><strong>immensum</strong></span> <span class='ocrx_word' id='word_1_382' title='bbox 974 3666 1114 3723; x_wconf 88' lang='lat' dir='ltr'><strong>mihi</strong></span> <span class='ocrx_word' id='word_1_383' title='bbox 1145 3664 1358 3738; x_wconf 90' lang='lat' dir='ltr'><strong>pondus</strong></span> <span class='ocrx_word' id='word_1_384' title='bbox 1397 3663 1709 3734; x_wconf 89' lang='lat' dir='ltr'><strong>impositum</strong></span> <span class='ocrx_word' id='word_1_385' title='bbox 1736 3670 1858 3729; x_wconf 89' lang='lat' dir='ltr'><strong>est,</strong></span> <span class='ocrx_word' id='word_1_386' title='bbox 1902 3660 2020 3733; x_wconf 89' lang='lat' dir='ltr'><strong>ejus</strong></span> 
     </span>
    </p>
   </div>
   <div class='ocr_carea' id='block_1_48' title="bbox 413 3756 2014 3834">
    <p class='ocr_par' dir='ltr' id='par_1_48' title="bbox 413 3756 2014 3834">
     <span class='ocr_line' id='line_1_48' title="bbox 413 3756 2014 3834; baseline -0.005 -14"><span class='ocrx_word' id='word_1_387' title='bbox 413 3760 762 3834; x_wconf 85' lang='lat' dir='ltr'><strong>imperatoris</strong></span> <span class='ocrx_word' id='word_1_388' title='bbox 788 3761 1131 3831; x_wconf 87' lang='lat' dir='ltr'><strong>testimonio,</strong></span> <span class='ocrx_word' id='word_1_389' title='bbox 1164 3760 1257 3833; x_wconf 89' lang='lat' dir='ltr'><strong>qui</strong></span> <span class='ocrx_word' id='word_1_390' title='bbox 1286 3760 1433 3816; x_wconf 89' lang='lat' dir='ltr'><strong>inter</strong></span> <span class='ocrx_word' id='word_1_391' title='bbox 1458 3757 1589 3816; x_wconf 91' lang='lat' dir='ltr'><strong>belli</strong></span> <span class='ocrx_word' id='word_1_392' title='bbox 1620 3757 1878 3831; x_wconf 83' lang='lat' dir='ltr'><strong>pacisque</strong></span> <span class='ocrx_word' id='word_1_393' title='bbox 1906 3756 2014 3814; x_wconf 88' lang='lat' dir='ltr'><strong>vir-</strong></span> 
     </span>
    </p>
   </div>
   <div class='ocr_carea' id='block_1_49' title="bbox 486 3921 1472 4027">
    <p class='ocr_par' dir='ltr' id='par_1_49' title="bbox 486 3921 1472 4027">
     <span class='ocr_line' id='line_1_49' title="bbox 486 3921 1472 4027; baseline -0.003 -47"><span class='ocrx_word' id='word_1_394' title='bbox 486 3923 515 4027; x_wconf 54' lang='lat'>:</span> <span class='ocrx_word' id='word_1_395' title='bbox 535 3921 972 4027; x_wconf 37' lang='lat' dir='ltr'><strong>Perdgfl&#39;icgnis,</strong></span> <span class='ocrx_word' id='word_1_396' title='bbox 1004 3931 1063 3982; x_wconf 90' lang='lat' dir='ltr'><strong>et</strong></span> <span class='ocrx_word' id='word_1_397' title='bbox 1085 3922 1167 3981; x_wconf 87' lang='lat' dir='ltr'><strong>sic</strong></span> <span class='ocrx_word' id='word_1_398' title='bbox 1188 3921 1472 3994; x_wconf 89' lang='lat' dir='ltr'><strong>deinceps.</strong></span> 
     </span>
    </p>
   </div>
   <div class='ocr_carea' id='block_1_50' title="bbox 486 3995 897 4125">
    <p class='ocr_par' dir='ltr' id='par_1_50' title="bbox 486 3995 897 4125">
     <span class='ocr_line' id='line_1_50' title="bbox 491 3995 897 4054; baseline 0.007 -5"><span class='ocrx_word' id='word_1_399' title='bbox 491 3995 515 4027; x_wconf 84' lang='grc'>²</span> <span class='ocrx_word' id='word_1_400' title='bbox 542 3995 897 4054; x_wconf 80' lang='lat' dir='ltr'><strong>Audiendum.</strong></span> 
     </span>
     <span class='ocr_line' id='line_1_51' title="bbox 486 4064 777 4125; baseline 0.003 -2"><span class='ocrx_word' id='word_1_401' title='bbox 486 4064 509 4100; x_wconf 84' lang='grc'>³</span> <span class='ocrx_word' id='word_1_402' title='bbox 535 4067 777 4125; x_wconf 72' lang='lat' dir='ltr'><strong>Exultat.</strong></span> 
     </span>
    </p>
   </div>
   <div class='ocr_carea' id='block_1_51' title="bbox 491 4226 2011 4288">
    <p class='ocr_par' dir='ltr' id='par_1_51' title="bbox 491 4226 2011 4288">
     <span class='ocr_line' id='line_1_52' title="bbox 491 4226 2011 4288; baseline -0.001 -4"><span class='ocrx_word' id='word_1_403' title='bbox 491 4226 720 4288; x_wconf 71' lang='lat' dir='ltr'><strong>Maxime</strong></span> <span class='ocrx_word' id='word_1_404' title='bbox 753 4230 1129 4288; x_wconf 80' lang='lat' dir='ltr'><strong>invicte.Pctri</strong></span> <span class='ocrx_word' id='word_1_405' title='bbox 1154 4228 1354 4287; x_wconf 75' lang='lat' dir='ltr'><strong>Pithmi</strong></span> <span class='ocrx_word' id='word_1_406' title='bbox 1392 4227 1561 4286; x_wconf 92' lang='lat' dir='ltr'><strong>editio</strong></span> <span class='ocrx_word' id='word_1_407' title='bbox 1587 4228 1727 4284; x_wconf 83' lang='lat' dir='ltr'><strong>inter</strong></span> <span class='ocrx_word' id='word_1_408' title='bbox 1755 4226 2011 4285; x_wconf 83' lang='lat' dir='ltr'><strong>Veterum</strong></span> 
     </span>
    </p>
   </div>
   <div class='ocr_carea' id='block_1_52' title="bbox 421 4299 2013 4388">
    <p class='ocr_par' dir='ltr' id='par_1_52' title="bbox 421 4299 2013 4388">
     <span class='ocr_line' id='line_1_53' title="bbox 421 4299 2013 4388; baseline -0.001 -32"><span class='ocrx_word' id='word_1_409' title='bbox 421 4300 835 4388; x_wconf 55' lang='lat' dir='ltr'><strong>Epigilmmata</strong></span> <span class='ocrx_word' id='word_1_410' title='bbox 850 4304 1230 4388; x_wconf 14' lang='lat' dir='ltr'><strong>AetAPoematia,</strong></span> <span class='ocrx_word' id='word_1_411' title='bbox 1253 4309 1541 4374; x_wconf 90' lang='lat' dir='ltr'><strong>procurata</strong></span> <span class='ocrx_word' id='word_1_412' title='bbox 1572 4299 1819 4372; x_wconf 88' lang='lat' dir='ltr'><strong>Lugduni</strong></span> <span class='ocrx_word' id='word_1_413' title='bbox 1852 4300 2013 4368; x_wconf 82' lang='grc'><strong>1596,</strong></span> 
     </span>
    </p>
   </div>
   <div class='ocr_carea' id='block_1_53' title="bbox 419 4377 1570 4529">
    <p class='ocr_par' dir='ltr' id='par_1_53' title="bbox 419 4377 1570 4529">
     <span class='ocr_line' id='line_1_54' title="bbox 419 4377 1524 4498; baseline 0.004 -73"><span class='ocrx_word' id='word_1_414' title='bbox 419 4388 544 4498; x_wconf 56' lang='grc' dir='ltr'><strong>ιηιῖ</strong></span> <span class='ocrx_word' id='word_1_415' title='bbox 569 4377 697 4444; x_wconf 77' lang='grc'><strong>579,</strong></span> <span class='ocrx_word' id='word_1_416' title='bbox 728 4377 931 4460; x_wconf 67' lang='lat' dir='ltr'><strong>omittit</strong></span> <span class='ocrx_word' id='word_1_417' title='bbox 961 4377 1224 4458; x_wconf 42' lang='lat' dir='ltr'><strong>maxime.</strong></span> <span class='ocrx_word' id='word_1_418' title='bbox 1350 4446 1361 4457; x_wconf 44' lang='lat'>.</span> <span class='ocrx_word' id='word_1_419' title='bbox 1471 4446 1482 4458; x_wconf 42' lang='lat'><strong><em>.</em></strong></span> <span class='ocrx_word' id='word_1_420' title='bbox 1512 4446 1524 4458; x_wconf 43' lang='lat'>.</span> 
     </span>
     <span class='ocr_line' id='line_1_55' title="bbox 498 4445 1570 4529; baseline 0 -29"><span class='ocrx_word' id='word_1_421' title='bbox 498 4446 1001 4529; x_wconf 48' lang='lat' dir='ltr'><strong>&quot;ngtigabiliflept.</strong></span> <span class='ocrx_word' id='word_1_422' title='bbox 1034 4446 1177 4529; x_wconf 59' lang='lat' dir='ltr'><strong>Prtb.</strong></span> <span class='ocrx_word' id='word_1_423' title='bbox 1207 4445 1570 4529; x_wconf 68' lang='lat' dir='ltr'><strong>infatigabilis.</strong></span> 
     </span>
    </p>
   </div>
   <div class='ocr_carea' id='block_1_54' title="bbox 491 4515 1290 4583">
    <p class='ocr_par' dir='ltr' id='par_1_54' title="bbox 491 4515 1290 4583">
     <span class='ocr_line' id='line_1_56' title="bbox 491 4515 1290 4583; baseline 0 -12"><span class='ocrx_word' id='word_1_424' title='bbox 491 4515 803 4583; x_wconf 60' lang='lat' dir='ltr'><strong>Suﬁ&#39;ecirat.</strong></span> <span class='ocrx_word' id='word_1_425' title='bbox 838 4518 983 4573; x_wconf 88' lang='lat' dir='ltr'><strong>Pith.</strong></span> <span class='ocrx_word' id='word_1_426' title='bbox 1008 4515 1290 4583; x_wconf 71' lang='lat' dir='ltr'><strong>suﬂ&#39;ecerit.</strong></span> 
     </span>
    </p>
   </div>
   <div class='ocr_carea' id='block_1_55' title="bbox 490 4585 1357 4662">
    <p class='ocr_par' dir='ltr' id='par_1_55' title="bbox 490 4585 1357 4662">
     <span class='ocr_line' id='line_1_57' title="bbox 490 4585 1357 4662; baseline 0.002 -22"><span class='ocrx_word' id='word_1_427' title='bbox 490 4585 820 4662; x_wconf 53' lang='lat' dir='ltr'><strong>{ﬁguret-am.</strong></span> <span class='ocrx_word' id='word_1_428' title='bbox 843 4588 986 4662; x_wconf 90' lang='lat' dir='ltr'><strong>Pilh_.</strong></span> <span class='ocrx_word' id='word_1_429' title='bbox 1003 4588 1357 4662; x_wconf 73' lang='lat' dir='ltr'><strong>illigaveram.</strong></span> 
     </span>
    </p>
   </div>
   <div class='ocr_carea' id='block_1_56' title="bbox 488 4658 1601 4732">
    <p class='ocr_par' dir='ltr' id='par_1_56' title="bbox 488 4658 1601 4732">
     <span class='ocr_line' id='line_1_58' title="bbox 488 4658 1601 4732; baseline -0.003 -17"><span class='ocrx_word' id='word_1_430' title='bbox 488 4658 606 4732; x_wconf 73' lang='lat' dir='ltr'><strong>Quo</strong></span> <span class='ocrx_word' id='word_1_431' title='bbox 625 4662 745 4732; x_wconf 81' lang='lat' dir='ltr'><strong>plus</strong></span> <span class='ocrx_word' id='word_1_432' title='bbox 778 4658 1112 4732; x_wconf 34' lang='lat' dir='ltr'><strong>miliitPitb.‘</strong></span> <span class='ocrx_word' id='word_1_433' title='bbox 1132 4660 1289 4732; x_wconf 79' lang='lat' dir='ltr'><strong>quod_</strong></span> <span class='ocrx_word' id='word_1_434' title='bbox 1291 4658 1437 4732; x_wconf 82' lang='lat' dir='ltr'><strong>prius</strong></span> <span class='ocrx_word' id='word_1_435' title='bbox 1459 4658 1601 4732; x_wconf 82' lang='lat' dir='ltr'><strong>mihi.</strong></span> 
     </span>
    </p>
   </div>
   <div class='ocr_carea' id='block_1_57' title="bbox 487 4728 2010 4804">
    <p class='ocr_par' dir='ltr' id='par_1_57' title="bbox 487 4728 2010 4804">
     <span class='ocr_line' id='line_1_59' title="bbox 487 4728 2010 4804; baseline 0.002 -19"><span class='ocrx_word' id='word_1_436' title='bbox 487 4729 598 4787; x_wconf 87' lang='lat' dir='ltr'><strong>Pro</strong></span> <span class='ocrx_word' id='word_1_437' title='bbox 614 4728 911 4804; x_wconf 70' lang='lat' dir='ltr'><strong>Heliconis.</strong></span> <span class='ocrx_word' id='word_1_438' title='bbox 928 4731 1075 4804; x_wconf 84' lang='lat' dir='ltr'><strong>Pith.</strong></span> <span class='ocrx_word' id='word_1_439' title='bbox 1118 4728 1212 4804; x_wconf 81' lang='lat' dir='ltr'><strong>pro</strong></span> <span class='ocrx_word' id='word_1_440' title='bbox 1235 4728 1520 4798; x_wconf 74' lang='lat' dir='ltr'><strong>Heliconii,</strong></span> <span class='ocrx_word' id='word_1_441' title='bbox 1570 4728 1713 4801; x_wconf 91' lang='lat' dir='ltr'><strong>quod</strong></span> <span class='ocrx_word' id='word_1_442' title='bbox 1756 4728 2010 4789; x_wconf 85' lang='lat' dir='ltr'><strong>Barthius</strong></span> 
     </span>
    </p>
   </div>
   <div class='ocr_carea' id='block_1_58' title="bbox 414 4801 1921 4870">
    <p class='ocr_par' dir='ltr' id='par_1_58' title="bbox 414 4801 1921 4870">
     <span class='ocr_line' id='line_1_60' title="bbox 414 4801 1921 4870; baseline -0.003 -10"><span class='ocrx_word' id='word_1_443' title='bbox 414 4804 642 4870; x_wconf 87' lang='lat' dir='ltr'><strong>mavult,</strong></span> <span class='ocrx_word' id='word_1_444' title='bbox 675 4804 782 4860; x_wconf 94' lang='lat' dir='ltr'><strong>col.</strong></span> <span class='ocrx_word' id='word_1_445' title='bbox 818 4801 991 4858; x_wconf 73' lang='grc'>1107-</span> <span class='ocrx_word' id='word_1_446' title='bbox 1119 4801 1128 4804; x_wconf 80' lang='grc'><strong><em>“</em></strong></span> <span class='ocrx_word' id='word_1_447' title='bbox 1918 4850 1921 4855; x_wconf 85' lang='grc'><strong>.</strong></span> 
     </span>
    </p>
   </div>
   <div class='ocr_carea' id='block_1_59' title="bbox 485 4874 1458 4948">
    <p class='ocr_par' dir='ltr' id='par_1_59' title="bbox 485 4874 1458 4948">
     <span class='ocr_line' id='line_1_61' title="bbox 485 4874 1458 4948; baseline -0.002 -16"><span class='ocrx_word' id='word_1_448' title='bbox 485 4874 744 4948; x_wconf 78' lang='lat' dir='ltr'><strong>Apollinis</strong></span> <span class='ocrx_word' id='word_1_449' title='bbox 771 4875 919 4948; x_wconf 65' lang='lat' dir='ltr'><strong>lyre.</strong></span> <span class='ocrx_word' id='word_1_450' title='bbox 944 4874 1099 4948; x_wconf 64' lang='lat' dir='ltr'><strong>Pith.</strong></span> <span class='ocrx_word' id='word_1_451' title='bbox 1124 4874 1299 4948; x_wconf 63' lang='lat' dir='ltr'><strong>Apoll.</strong></span> <span class='ocrx_word' id='word_1_452' title='bbox 1322 4874 1458 4948; x_wconf 74' lang='lat' dir='ltr'><strong>lyra.</strong></span> 
     </span>
    </p>
   </div>
   <div class='ocr_carea' id='block_1_60' title="bbox 538 4945 2010 5006">
    <p class='ocr_par' dir='ltr' id='par_1_60' title="bbox 538 4945 2010 5006">
     <span class='ocr_line' id='line_1_62' title="bbox 538 4945 2010 5006; baseline 0.001 -3"><span class='ocrx_word' id='word_1_453' title='bbox 538 4945 593 5003; x_wconf 86' lang='lat' dir='ltr'><strong>ui</strong></span> <span class='ocrx_word' id='word_1_454' title='bbox 616 4946 742 5002; x_wconf 84' lang='lat' dir='ltr'><strong>milii</strong></span> <span class='ocrx_word' id='word_1_455' title='bbox 770 4945 1015 5002; x_wconf 80' lang='lat' dir='ltr'><strong>nominis.</strong></span> <span class='ocrx_word' id='word_1_456' title='bbox 1042 4945 1188 5003; x_wconf 69' lang='lat' dir='ltr'><strong>Pith.</strong></span> <span class='ocrx_word' id='word_1_457' title='bbox 1229 4947 1305 5002; x_wconf 85' lang='lat' dir='ltr'><strong>tui</strong></span> <span class='ocrx_word' id='word_1_458' title='bbox 1328 4945 1555 5003; x_wconf 87' lang='lat' dir='ltr'><strong>mini....</strong></span> <span class='ocrx_word' id='word_1_459' title='bbox 1579 4962 1722 5003; x_wconf 87' lang='lat' dir='ltr'><strong>nom.</strong></span> <span class='ocrx_word' id='word_1_460' title='bbox 1753 4945 2010 5006; x_wconf 83' lang='lat' dir='ltr'><strong>Barthius</strong></span> 
     </span>
    </p>
   </div>
   <div class='ocr_carea' id='block_1_61' title="bbox 418 5018 1187 5095">
    <p class='ocr_par' dir='ltr' id='par_1_61' title="bbox 418 5018 1187 5095">
     <span class='ocr_line' id='line_1_63' title="bbox 418 5018 1187 5095; baseline -0.008 -16"><span class='ocrx_word' id='word_1_461' title='bbox 418 5019 634 5095; x_wconf 74' lang='lat' dir='ltr'><strong>legebat</strong></span> <span class='ocrx_word' id='word_1_462' title='bbox 655 5019 730 5073; x_wconf 84' lang='lat' dir='ltr'><strong>tui</strong></span> <span class='ocrx_word' id='word_1_463' title='bbox 752 5018 915 5073; x_wconf 80' lang='lat' dir='ltr'><strong>divini</strong></span> <span class='ocrx_word' id='word_1_464' title='bbox 939 5019 1187 5095; x_wconf 78' lang='lat' dir='ltr'><strong>nominis.</strong></span> 
     </span>
    </p>
   </div>
   <div class='ocr_carea' id='block_1_62' title="bbox 484 5090 2007 5164">
    <p class='ocr_par' dir='ltr' id='par_1_62' title="bbox 484 5090 2007 5164">
     <span class='ocr_line' id='line_1_64' title="bbox 484 5090 2007 5164; baseline -0.001 -15"><span class='ocrx_word' id='word_1_465' title='bbox 484 5090 613 5150; x_wconf 75' lang='lat' dir='ltr'><strong>Cum</strong></span> <span class='ocrx_word' id='word_1_466' title='bbox 635 5107 731 5145; x_wconf 89' lang='lat' dir='ltr'><strong>sua</strong></span> <span class='ocrx_word' id='word_1_467' title='bbox 755 5091 1084 5164; x_wconf 78' lang='lat' dir='ltr'><strong>veneratione</strong></span> <span class='ocrx_word' id='word_1_468' title='bbox 1106 5091 1369 5164; x_wconf 75' lang='lat' dir='ltr'><strong>prwfatio.</strong></span> <span class='ocrx_word' id='word_1_469' title='bbox 1389 5090 1536 5147; x_wconf 83' lang='lat' dir='ltr'><strong>Pitli.</strong></span> <span class='ocrx_word' id='word_1_470' title='bbox 1567 5107 1685 5146; x_wconf 87' lang='lat' dir='ltr'><strong>cum</strong></span> <span class='ocrx_word' id='word_1_471' title='bbox 1719 5108 1817 5147; x_wconf 91' lang='lat' dir='ltr'><strong>sua</strong></span> <span class='ocrx_word' id='word_1_472' title='bbox 1855 5108 2007 5148; x_wconf 79' lang='lat' dir='ltr'><strong>vene-</strong></span> 
     </span>
    </p>
   </div>
   <div class='ocr_carea' id='block_1_63' title="bbox 414 5161 1831 5238">
    <p class='ocr_par' dir='ltr' id='par_1_63' title="bbox 414 5161 1831 5238">
     <span class='ocr_line' id='line_1_65' title="bbox 414 5161 1831 5238; baseline -0.019 -16"><span class='ocrx_word' id='word_1_473' title='bbox 414 5165 613 5238; x_wconf 51' lang='lat' dir='ltr'><strong>rabili.</strong></span> <span class='ocrx_word' id='word_1_474' title='bbox 647 5161 969 5238; x_wconf 78' lang='lat' dir='ltr'><strong>.._prtelatio.</strong></span> <span class='ocrx_word' id='word_1_475' title='bbox 1216 5161 1225 5163; x_wconf 51' lang='lat'><strong><em>‘</em></strong></span> <span class='ocrx_word' id='word_1_476' title='bbox 1274 5232 1332 5238; x_wconf 68' lang='lat'>__</span> <span class='ocrx_word' id='word_1_477' title='bbox 1364 5233 1377 5238; x_wconf 71' lang='lat'>_</span> <span class='ocrx_word' id='word_1_478' title='bbox 1484 5234 1500 5238; x_wconf 30' lang='grc' dir='ltr'><strong>Α</strong></span> <span class='ocrx_word' id='word_1_479' title='bbox 1826 5192 1831 5195; x_wconf 87' lang='grc'>.</span> 
     </span>
    </p>
   </div>
   <div class='ocr_carea' id='block_1_64' title="bbox 407 5232 1626 5307">
    <p class='ocr_par' dir='ltr' id='par_1_64' title="bbox 407 5232 1626 5307">
     <span class='ocr_line' id='line_1_66' title="bbox 407 5232 1626 5307; baseline -0.003 -14"><span class='ocrx_word' id='word_1_480' title='bbox 407 5274 418 5307; x_wconf 55' lang='grc' dir='ltr'><strong><em>ι</em></strong></span> <span class='ocrx_word' id='word_1_481' title='bbox 484 5232 817 5307; x_wconf 74' lang='lat' dir='ltr'><strong>Audendum,</strong></span> <span class='ocrx_word' id='word_1_482' title='bbox 840 5244 889 5307; x_wconf 85' lang='lat' dir='ltr'><strong>et</strong></span> <span class='ocrx_word' id='word_1_483' title='bbox 913 5250 1030 5307; x_wconf 71' lang='lat' dir='ltr'><strong>exp.</strong></span> <span class='ocrx_word' id='word_1_484' title='bbox 1053 5235 1123 5291; x_wconf 84' lang='grc' dir='ltr'><strong>Τὸ</strong></span> <span class='ocrx_word' id='word_1_485' title='bbox 1142 5232 1420 5307; x_wconf 69' lang='lat' dir='ltr'><strong>e_ta_Pith.</strong></span> <span class='ocrx_word' id='word_1_486' title='bbox 1452 5234 1626 5291; x_wconf 86' lang='lat' dir='ltr'><strong>abest.</strong></span> 
     </span>
    </p>
   </div>
   <div class='ocr_carea' id='block_1_65' title="bbox 483 5304 1681 5366">
    <p class='ocr_par' dir='ltr' id='par_1_65' title="bbox 483 5304 1681 5366">
     <span class='ocr_line' id='line_1_67' title="bbox 483 5304 1681 5366; baseline -0.003 -1"><span class='ocrx_word' id='word_1_487' title='bbox 483 5309 710 5365; x_wconf 87' lang='lat' dir='ltr'><strong>Antistes</strong></span> <span class='ocrx_word' id='word_1_488' title='bbox 730 5305 918 5363; x_wconf 88' lang='lat' dir='ltr'><strong>nobilis</strong></span> <span class='ocrx_word' id='word_1_489' title='bbox 954 5304 1125 5361; x_wconf 68' lang='lat' dir='ltr'><strong>ﬂant.</strong></span> <span class='ocrx_word' id='word_1_490' title='bbox 1156 5305 1302 5361; x_wconf 88' lang='lat' dir='ltr'><strong>Pith.</strong></span> <span class='ocrx_word' id='word_1_491' title='bbox 1331 5304 1498 5362; x_wconf 86' lang='lat' dir='ltr'><strong>nobis.</strong></span> <span class='ocrx_word' id='word_1_492' title='bbox 1525 5307 1681 5366; x_wconf 80' lang='lat' dir='ltr'><strong>Male.</strong></span> 
     </span>
    </p>
   </div>
   <div class='ocr_carea' id='block_1_66' title="bbox 481 5377 2001 5453">
    <p class='ocr_par' dir='ltr' id='par_1_66' title="bbox 481 5377 2001 5453">
     <span class='ocr_line' id='line_1_68' title="bbox 481 5377 2001 5453; baseline 0.001 -16"><span class='ocrx_word' id='word_1_493' title='bbox 481 5381 759 5449; x_wconf 83' lang='lat' dir='ltr'><strong>Nectaris,</strong></span> <span class='ocrx_word' id='word_1_494' title='bbox 796 5378 911 5434; x_wconf 82' lang='lat' dir='ltr'><strong>vela</strong></span> <span class='ocrx_word' id='word_1_495' title='bbox 941 5377 1217 5450; x_wconf 74' lang='lat' dir='ltr'><strong>fecundus.</strong></span> <span class='ocrx_word' id='word_1_496' title='bbox 1260 5377 1405 5434; x_wconf 86' lang='lat' dir='ltr'><strong>Pith.</strong></span> <span class='ocrx_word' id='word_1_497' title='bbox 1456 5382 1679 5436; x_wconf 82' lang='lat' dir='ltr'><strong>nectaris</strong></span> <span class='ocrx_word' id='word_1_498' title='bbox 1727 5381 2001 5453; x_wconf 75' lang='lat' dir='ltr'><strong>fecundus.</strong></span> 
     </span>
    </p>
   </div>
   <div class='ocr_carea' id='block_1_67' title="bbox 410 5453 1023 5512">
    <p class='ocr_par' dir='ltr' id='par_1_67' title="bbox 410 5453 1023 5512">
     <span class='ocr_line' id='line_1_69' title="bbox 410 5453 1023 5512; baseline -0.013 1"><span class='ocrx_word' id='word_1_499' title='bbox 410 5454 550 5512; x_wconf 77' lang='lat' dir='ltr'><strong>Male</strong></span> <span class='ocrx_word' id='word_1_500' title='bbox 576 5453 781 5508; x_wconf 90' lang='lat' dir='ltr'><strong>omittit</strong></span> <span class='ocrx_word' id='word_1_501' title='bbox 810 5465 1023 5508; x_wconf 90' lang='lat' dir='ltr'><strong>vocem.</strong></span> 
     </span>
    </p>
   </div>
   <div class='ocr_carea' id='block_1_68' title="bbox 473 5519 1785 5582">
    <p class='ocr_par' dir='ltr' id='par_1_68' title="bbox 473 5519 1785 5582">
     <span class='ocr_line' id='line_1_70' title="bbox 473 5519 1785 5582; baseline -0.003 0"><span class='ocrx_word' id='word_1_502' title='bbox 473 5526 543 5582; x_wconf 88' lang='lat' dir='ltr'><strong>In</strong></span> <span class='ocrx_word' id='word_1_503' title='bbox 566 5525 798 5580; x_wconf 82' lang='lat' dir='ltr'><strong>carmina</strong></span> <span class='ocrx_word' id='word_1_504' title='bbox 822 5523 1037 5579; x_wconf 70' lang='lat' dir='ltr'><strong>exultat.</strong></span> <span class='ocrx_word' id='word_1_505' title='bbox 1062 5519 1204 5578; x_wconf 86' lang='lat' dir='ltr'><strong>Pith.</strong></span> <span class='ocrx_word' id='word_1_506' title='bbox 1232 5522 1287 5577; x_wconf 91' lang='lat' dir='ltr'><strong>in</strong></span> <span class='ocrx_word' id='word_1_507' title='bbox 1310 5524 1538 5578; x_wconf 82' lang='lat' dir='ltr'><strong>carmine</strong></span> <span class='ocrx_word' id='word_1_508' title='bbox 1565 5523 1785 5580; x_wconf 72' lang='lat' dir='ltr'><strong>exultat.</strong></span> 
     </span>
    </p>
   </div>
   <div class='ocr_carea' id='block_1_69' title="bbox 475 5593 1960 5681">
    <p class='ocr_par' dir='ltr' id='par_1_69' title="bbox 475 5593 1960 5681">
     <span class='ocr_line' id='line_1_71' title="bbox 475 5593 1960 5681; baseline -0.001 -28"><span class='ocrx_word' id='word_1_509' title='bbox 475 5598 645 5681; x_wconf 55' lang='lat' dir='ltr'><strong>Tenui</strong></span> <span class='ocrx_word' id='word_1_510' title='bbox 667 5612 861 5671; x_wconf 84' lang='lat' dir='ltr'><strong>pauper</strong></span> <span class='ocrx_word' id='word_1_511' title='bbox 879 5595 1112 5681; x_wconf 59' lang='lat' dir='ltr'><strong>ingenio:</strong></span> <span class='ocrx_word' id='word_1_512' title='bbox 1148 5593 1719 5681; x_wconf 39' lang='lat' dir='ltr'><strong>Pit&#39;l‘i.‘_tenuis&#39;pauperl</strong></span> <span class='ocrx_word' id='word_1_513' title='bbox 1738 5596 1960 5679; x_wconf 74' lang='lat' dir='ltr'><strong>ingenii.</strong></span> 
     </span>
    </p>
   </div>
   <div class='ocr_carea' id='block_1_70' title="bbox 476 5666 1779 5725">
    <p class='ocr_par' dir='ltr' id='par_1_70' title="bbox 476 5666 1779 5725">
     <span class='ocr_line' id='line_1_72' title="bbox 476 5666 1779 5725; baseline -0.002 -1"><span class='ocrx_word' id='word_1_514' title='bbox 476 5666 798 5725; x_wconf 81' lang='lat' dir='ltr'><strong>Immensum</strong></span> <span class='ocrx_word' id='word_1_515' title='bbox 822 5666 955 5723; x_wconf 84' lang='lat' dir='ltr'><strong>mihi</strong></span> <span class='ocrx_word' id='word_1_516' title='bbox 967 5667 1193 5725; x_wconf 75' lang='lat' dir='ltr'><strong>pondus.</strong></span> <span class='ocrx_word' id='word_1_517' title='bbox 1222 5666 1369 5723; x_wconf 84' lang='lat' dir='ltr'><strong>Pith.</strong></span> <span class='ocrx_word' id='word_1_518' title='bbox 1401 5666 1779 5722; x_wconf 33' lang='lat' dir='ltr'><strong>omittit’milti.</strong></span> 
     </span>
    </p>
   </div>
   <div class='ocr_carea' id='block_1_71' title="bbox 473 5738 1997 5810">
    <p class='ocr_par' dir='ltr' id='par_1_71' title="bbox 473 5738 1997 5810">
     <span class='ocr_line' id='line_1_73' title="bbox 473 5738 1997 5810; baseline -0.001 -13"><span class='ocrx_word' id='word_1_519' title='bbox 473 5739 655 5797; x_wconf 83' lang='lat' dir='ltr'><strong>Etiam</strong></span> <span class='ocrx_word' id='word_1_520' title='bbox 698 5740 872 5796; x_wconf 76' lang='lat' dir='ltr'><strong>Musis</strong></span> <span class='ocrx_word' id='word_1_521' title='bbox 916 5738 1009 5794; x_wconf 83' lang='lat' dir='ltr'><strong>tibi</strong></span> <span class='ocrx_word' id='word_1_522' title='bbox 1046 5738 1393 5810; x_wconf 80' lang='lat' dir='ltr'><strong>familiaribus</strong></span> <span class='ocrx_word' id='word_1_523' title='bbox 1435 5741 1564 5795; x_wconf 82' lang='lat' dir='ltr'><strong>adeo</strong></span> <span class='ocrx_word' id='word_1_524' title='bbox 1622 5755 1792 5798; x_wconf 80' lang='lat' dir='ltr'><strong>vacas.</strong></span> <span class='ocrx_word' id='word_1_525' title='bbox 1854 5738 1997 5801; x_wconf 83' lang='lat' dir='ltr'><strong>Pith.</strong></span> 
     </span>
    </p>
   </div>
   <div class='ocr_carea' id='block_1_72' title="bbox 406 5809 1514 5885">
    <p class='ocr_par' dir='ltr' id='par_1_72' title="bbox 406 5809 1514 5885">
     <span class='ocr_line' id='line_1_74' title="bbox 406 5809 1514 5885; baseline -0.005 -11"><span class='ocrx_word' id='word_1_526' title='bbox 406 5810 540 5874; x_wconf 67' lang='lat' dir='ltr'><strong>Haec</strong></span> <span class='ocrx_word' id='word_1_527' title='bbox 559 5830 594 5868; x_wconf 90' lang='lat' dir='ltr'><strong>a</strong></span> <span class='ocrx_word' id='word_1_528' title='bbox 620 5810 790 5870; x_wconf 75' lang='lat' dir='ltr'><strong>Musis</strong></span> <span class='ocrx_word' id='word_1_529' title='bbox 814 5811 910 5869; x_wconf 88' lang='lat' dir='ltr'><strong>tibi</strong></span> <span class='ocrx_word' id='word_1_530' title='bbox 938 5809 1287 5885; x_wconf 78' lang='lat' dir='ltr'><strong>familiaribus</strong></span> <span class='ocrx_word' id='word_1_531' title='bbox 1308 5809 1514 5868; x_wconf 84' lang='lat' dir='ltr'><strong>laudas.</strong></span> 
     </span>
    </p>
   </div>
   <div class='ocr_carea' id='block_1_73' title="bbox 2136 3103 3741 3176">
    <p class='ocr_par' dir='ltr' id='par_1_73' title="bbox 2136 3103 3741 3176">
     <span class='ocr_line' id='line_1_75' title="bbox 2136 3103 3741 3176; baseline 0.001 -17"><span class='ocrx_word' id='word_1_532' title='bbox 2136 3104 2189 3159; x_wconf 91' lang='lat' dir='ltr'><strong>in</strong></span> <span class='ocrx_word' id='word_1_533' title='bbox 2240 3118 2363 3160; x_wconf 87' lang='lat' dir='ltr'><strong>mea</strong></span> <span class='ocrx_word' id='word_1_534' title='bbox 2409 3103 2783 3162; x_wconf 88' lang='lat' dir='ltr'><strong>blandimenta</strong></span> <span class='ocrx_word' id='word_1_535' title='bbox 2837 3106 2962 3176; x_wconf 91' lang='lat' dir='ltr'><strong>plus</strong></span> <span class='ocrx_word' id='word_1_536' title='bbox 3007 3105 3298 3173; x_wconf 89' lang='lat' dir='ltr'><strong>credulus,</strong></span> <span class='ocrx_word' id='word_1_537' title='bbox 3344 3106 3606 3161; x_wconf 91' lang='lat' dir='ltr'><strong>universo</strong></span> <span class='ocrx_word' id='word_1_538' title='bbox 3653 3120 3741 3162; x_wconf 87' lang='lat' dir='ltr'><strong>me</strong></span> 
     </span>
    </p>
   </div>
   <div class='ocr_carea' id='block_1_74' title="bbox 2132 3195 3739 3271">
    <p class='ocr_par' dir='ltr' id='par_1_74' title="bbox 2132 3195 3739 3271">
     <span class='ocr_line' id='line_1_76' title="bbox 2132 3195 3739 3271; baseline 0.004 -20"><span class='ocrx_word' id='word_1_539' title='bbox 2132 3195 2256 3251; x_wconf 83' lang='lat' dir='ltr'><strong>orbi</strong></span> <span class='ocrx_word' id='word_1_540' title='bbox 2297 3196 2564 3264; x_wconf 89' lang='lat' dir='ltr'><strong>placuisse</strong></span> <span class='ocrx_word' id='word_1_541' title='bbox 2608 3197 2978 3269; x_wconf 84' lang='lat' dir='ltr'><strong>contendam,</strong></span> <span class='ocrx_word' id='word_1_542' title='bbox 3010 3198 3103 3271; x_wconf 87' lang='lat' dir='ltr'><strong>qui</strong></span> <span class='ocrx_word' id='word_1_543' title='bbox 3133 3199 3353 3271; x_wconf 87' lang='lat' dir='ltr'><strong>placere</strong></span> <span class='ocrx_word' id='word_1_544' title='bbox 3394 3200 3545 3271; x_wconf 89' lang='lat' dir='ltr'><strong>potui</strong></span> <span class='ocrx_word' id='word_1_545' title='bbox 3574 3198 3739 3257; x_wconf 88' lang='lat' dir='ltr'><strong>totius</strong></span> 
     </span>
    </p>
   </div>
   <div class='ocr_carea' id='block_1_75' title="bbox 2132 3288 3741 3365">
    <p class='ocr_par' dir='ltr' id='par_1_75' title="bbox 2132 3288 3741 3365">
     <span class='ocr_line' id='line_1_77' title="bbox 2132 3288 3741 3365; baseline 0.002 -20"><span class='ocrx_word' id='word_1_546' title='bbox 2132 3288 2281 3346; x_wconf 88' lang='lat' dir='ltr'><strong>orbis</strong></span> <span class='ocrx_word' id='word_1_547' title='bbox 2318 3292 2661 3360; x_wconf 87' lang='lat' dir='ltr'><strong>imperatori.</strong></span> <span class='ocrx_word' id='word_1_548' title='bbox 2703 3292 2955 3365; x_wconf 86' lang='lat' dir='ltr'><strong>Denique</strong></span> <span class='ocrx_word' id='word_1_549' title='bbox 2976 3303 3185 3365; x_wconf 90' lang='lat' dir='ltr'><strong>oratus,</strong></span> <span class='ocrx_word' id='word_1_550' title='bbox 3209 3294 3600 3365; x_wconf 87' lang='lat' dir='ltr'><strong>augustissime</strong></span> <span class='ocrx_word' id='word_1_551' title='bbox 3639 3292 3741 3349; x_wconf 91' lang='lat' dir='ltr'><strong>do-</strong></span> 
     </span>
    </p>
   </div>
   <div class='ocr_carea' id='block_1_76' title="bbox 2130 3383 3738 3460">
    <p class='ocr_par' dir='ltr' id='par_1_76' title="bbox 2130 3383 3738 3460">
     <span class='ocr_line' id='line_1_78' title="bbox 2130 3383 3738 3460; baseline 0.004 -21"><span class='ocrx_word' id='word_1_552' title='bbox 2130 3383 2308 3449; x_wconf 91' lang='lat' dir='ltr'><strong>mine,</strong></span> <span class='ocrx_word' id='word_1_553' title='bbox 2370 3384 2669 3441; x_wconf 85' lang='lat' dir='ltr'><strong>temeritati</strong></span> <span class='ocrx_word' id='word_1_554' title='bbox 2729 3401 2865 3442; x_wconf 72' lang='lat' dir='ltr'><strong>meae</strong></span> <span class='ocrx_word' id='word_1_555' title='bbox 2914 3385 2981 3443; x_wconf 93' lang='lat' dir='ltr'><strong>da</strong></span> <span class='ocrx_word' id='word_1_556' title='bbox 3031 3386 3279 3455; x_wconf 87' lang='lat' dir='ltr'><strong>veniam,</strong></span> <span class='ocrx_word' id='word_1_557' title='bbox 3330 3395 3388 3442; x_wconf 90' lang='lat' dir='ltr'><strong>et</strong></span> <span class='ocrx_word' id='word_1_558' title='bbox 3429 3403 3554 3460; x_wconf 57' lang='lat' dir='ltr'><strong>quae</strong></span> <span class='ocrx_word' id='word_1_559' title='bbox 3592 3402 3738 3445; x_wconf 89' lang='lat' dir='ltr'><strong>nunc</strong></span> 
     </span>
    </p>
   </div>
   <div class='ocr_carea' id='block_1_77' title="bbox 2130 3479 3734 3555">
    <p class='ocr_par' dir='ltr' id='par_1_77' title="bbox 2130 3479 3734 3555">
     <span class='ocr_line' id='line_1_79' title="bbox 2130 3479 3734 3555; baseline 0.002 -21"><span class='ocrx_word' id='word_1_560' title='bbox 2130 3493 2347 3551; x_wconf 92' lang='lat' dir='ltr'><strong>quoque</strong></span> <span class='ocrx_word' id='word_1_561' title='bbox 2385 3479 2606 3550; x_wconf 88' lang='lat' dir='ltr'><strong>pietatis</strong></span> <span class='ocrx_word' id='word_1_562' title='bbox 2648 3488 2756 3537; x_wconf 70' lang='lat' dir='ltr'><strong>tute</strong></span> <span class='ocrx_word' id='word_1_563' title='bbox 2792 3481 2982 3539; x_wconf 80' lang='lat' dir='ltr'><strong>favore</strong></span> <span class='ocrx_word' id='word_1_564' title='bbox 3022 3497 3189 3538; x_wconf 88' lang='lat' dir='ltr'><strong>ausus</strong></span> <span class='ocrx_word' id='word_1_565' title='bbox 3224 3498 3343 3538; x_wconf 91' lang='lat' dir='ltr'><strong>sum</strong></span> <span class='ocrx_word' id='word_1_566' title='bbox 3370 3481 3579 3555; x_wconf 89' lang='lat' dir='ltr'><strong>illigare</strong></span> <span class='ocrx_word' id='word_1_567' title='bbox 3604 3524 3619 3548; x_wconf 96' lang='lat'><strong>,</strong></span> <span class='ocrx_word' id='word_1_568' title='bbox 3646 3481 3734 3538; x_wconf 86' lang='lat' dir='ltr'><strong>di-</strong></span> 
     </span>
    </p>
   </div>
   <div class='ocr_carea' id='block_1_78' title="bbox 2130 3573 3735 3647">
    <p class='ocr_par' dir='ltr' id='par_1_78' title="bbox 2130 3573 3735 3647">
     <span class='ocr_line' id='line_1_80' title="bbox 2130 3573 3735 3647; baseline 0.002 -19"><span class='ocrx_word' id='word_1_569' title='bbox 2130 3582 2363 3647; x_wconf 81' lang='lat' dir='ltr'><strong>gnanter</strong></span> <span class='ocrx_word' id='word_1_570' title='bbox 2386 3573 2613 3631; x_wconf 89' lang='lat' dir='ltr'><strong>admitte</strong></span> <span class='ocrx_word' id='word_1_571' title='bbox 2647 3595 2662 3631; x_wconf 91' lang='lat'><strong>:</strong></span> <span class='ocrx_word' id='word_1_572' title='bbox 2687 3574 2946 3632; x_wconf 60' lang='lat' dir='ltr'><strong>Audacius</strong></span> <span class='ocrx_word' id='word_1_573' title='bbox 2976 3591 3114 3634; x_wconf 72' lang='lat' dir='ltr'><strong>meae</strong></span> <span class='ocrx_word' id='word_1_574' title='bbox 3130 3575 3373 3633; x_wconf 87' lang='lat' dir='ltr'><strong>fomitem</strong></span> <span class='ocrx_word' id='word_1_575' title='bbox 3392 3574 3735 3634; x_wconf 81' lang='lat' dir='ltr'><strong>auctoritatis</strong></span> 
     </span>
    </p>
   </div>
   <div class='ocr_carea' id='block_1_79' title="bbox 2130 3667 3069 3727">
    <p class='ocr_par' dir='ltr' id='par_1_79' title="bbox 2130 3667 3069 3727">
     <span class='ocr_line' id='line_1_81' title="bbox 2130 3667 3069 3727; baseline -0.001 -2"><span class='ocrx_word' id='word_1_576' title='bbox 2130 3678 2238 3726; x_wconf 73' lang='lat' dir='ltr'><strong>tuae</strong></span> <span class='ocrx_word' id='word_1_577' title='bbox 2258 3668 2548 3726; x_wconf 87' lang='lat' dir='ltr'><strong>clementia</strong></span> <span class='ocrx_word' id='word_1_578' title='bbox 2578 3667 2889 3726; x_wconf 86' lang='lat' dir='ltr'><strong>suscitavit.</strong></span> <span class='ocrx_word' id='word_1_579' title='bbox 2915 3668 3069 3727; x_wconf 84' lang='lat' dir='ltr'><strong>Vale.</strong></span> 
     </span>
    </p>
   </div>
   <div class='ocr_carea' id='block_1_80' title="bbox 2200 3926 2636 3986">
    <p class='ocr_par' dir='ltr' id='par_1_80' title="bbox 2200 3926 2636 3986">
     <span class='ocr_line' id='line_1_82' title="bbox 2200 3926 2636 3986; baseline 0.014 -6"><span class='ocrx_word' id='word_1_580' title='bbox 2200 3926 2223 3958; x_wconf 62' lang='grc' dir='ltr'>δ</span> <span class='ocrx_word' id='word_1_581' title='bbox 2253 3926 2434 3984; x_wconf 80' lang='lat' dir='ltr'><strong>Laude</strong></span> <span class='ocrx_word' id='word_1_582' title='bbox 2461 3945 2636 3986; x_wconf 86' lang='lat' dir='ltr'><strong>vacas.</strong></span> 
     </span>
    </p>
   </div>
   <div class='ocr_carea' id='block_1_81' title="bbox 2199 3998 3165 4128">
    <p class='ocr_par' dir='ltr' id='par_1_81' title="bbox 2199 3998 3165 4128">
     <span class='ocr_line' id='line_1_83' title="bbox 2200 3998 3165 4075; baseline 0.003 -22"><span class='ocrx_word' id='word_1_583' title='bbox 2200 4000 2221 4030; x_wconf 76' lang='grc'>⁸</span> <span class='ocrx_word' id='word_1_584' title='bbox 2248 3998 2413 4074; x_wconf 84' lang='lat' dir='ltr'><strong>Cujus</strong></span> <span class='ocrx_word' id='word_1_585' title='bbox 2432 4018 2497 4057; x_wconf 76' lang='lat' dir='ltr'><strong>ea:</strong></span> <span class='ocrx_word' id='word_1_586' title='bbox 2516 4001 2660 4058; x_wconf 87' lang='lat' dir='ltr'><strong>illius</strong></span> <span class='ocrx_word' id='word_1_587' title='bbox 2688 4013 2923 4059; x_wconf 78' lang='lat' dir='ltr'><strong>sermone</strong></span> <span class='ocrx_word' id='word_1_588' title='bbox 2947 4002 3165 4075; x_wconf 84' lang='lat' dir='ltr'><strong>permin.</strong></span> 
     </span>
     <span class='ocr_line' id='line_1_84' title="bbox 2199 4068 2449 4128; baseline 0.016 -4"><span class='ocrx_word' id='word_1_589' title='bbox 2199 4072 2221 4103; x_wconf 76' lang='grc'>⁸</span> <span class='ocrx_word' id='word_1_590' title='bbox 2250 4068 2449 4128; x_wconf 85' lang='lat' dir='ltr'><strong>Possit.</strong></span> 
     </span>
    </p>
   </div>
   <div class='ocr_carea' id='block_1_82' title="bbox 2128 4230 3719 4314">
    <p class='ocr_par' dir='ltr' id='par_1_82' title="bbox 2128 4230 3719 4314">
     <span class='ocr_line' id='line_1_85' title="bbox 2128 4230 3719 4314; baseline 0.005 -30"><span class='ocrx_word' id='word_1_591' title='bbox 2128 4303 2141 4313; x_wconf 43' lang='lat'><em>.</em></span> <span class='ocrx_word' id='word_1_592' title='bbox 2198 4230 2397 4314; x_wconf 65' lang='lat' dir='ltr'><strong>quibus</strong></span> <span class='ocrx_word' id='word_1_593' title='bbox 2418 4234 2643 4290; x_wconf 86' lang='lat' dir='ltr'><strong>invictus</strong></span> <span class='ocrx_word' id='word_1_594' title='bbox 2668 4252 2871 4314; x_wconf 79' lang='lat' dir='ltr'><strong>semper</strong></span> <span class='ocrx_word' id='word_1_595' title='bbox 2901 4237 2955 4290; x_wconf 89' lang='lat' dir='ltr'><strong>in</strong></span> <span class='ocrx_word' id='word_1_596' title='bbox 2979 4237 3160 4309; x_wconf 82' lang='lat' dir='ltr'><strong>primis</strong></span> <span class='ocrx_word' id='word_1_597' title='bbox 3182 4251 3253 4291; x_wconf 88' lang='lat' dir='ltr'><strong>es.</strong></span> <span class='ocrx_word' id='word_1_598' title='bbox 3281 4235 3431 4293; x_wconf 86' lang='lat' dir='ltr'><strong>Pith.</strong></span> <span class='ocrx_word' id='word_1_599' title='bbox 3460 4238 3649 4312; x_wconf 86' lang='lat' dir='ltr'><strong>quibus</strong></span> <span class='ocrx_word' id='word_1_600' title='bbox 3672 4246 3719 4294; x_wconf 86' lang='lat' dir='ltr'><strong>et</strong></span> 
     </span>
    </p>
   </div>
   <div class='ocr_carea' id='block_1_83' title="bbox 2122 4310 2967 4380">
    <p class='ocr_par' dir='ltr' id='par_1_83' title="bbox 2122 4310 2967 4380">
     <span class='ocr_line' id='line_1_86' title="bbox 2122 4310 2967 4380; baseline 0.005 -23"><span class='ocrx_word' id='word_1_601' title='bbox 2122 4310 2343 4380; x_wconf 62' lang='lat' dir='ltr'><strong>inuictus</strong></span> <span class='ocrx_word' id='word_1_602' title='bbox 2370 4322 2569 4380; x_wconf 81' lang='lat' dir='ltr'><strong>semper</strong></span> <span class='ocrx_word' id='word_1_603' title='bbox 2597 4314 2645 4363; x_wconf 80' lang='lat' dir='ltr'><strong>et</strong></span> <span class='ocrx_word' id='word_1_604' title='bbox 2669 4310 2867 4380; x_wconf 72' lang='lat' dir='ltr'><strong>primus</strong></span> <span class='ocrx_word' id='word_1_605' title='bbox 2892 4324 2967 4363; x_wconf 84' lang='lat' dir='ltr'><strong>es.</strong></span> 
     </span>
    </p>
   </div>
   <div class='ocr_carea' id='block_1_84' title="bbox 2196 4372 3432 4451">
    <p class='ocr_par' dir='ltr' id='par_1_84' title="bbox 2196 4372 3432 4451">
     <span class='ocr_line' id='line_1_87' title="bbox 2196 4372 3432 4451; baseline 0.006 -23"><span class='ocrx_word' id='word_1_606' title='bbox 2196 4372 2326 4451; x_wconf 66' lang='lat' dir='ltr'><strong>Qum</strong></span> <span class='ocrx_word' id='word_1_607' title='bbox 2351 4372 2489 4432; x_wconf 71' lang='lat' dir='ltr'><strong>exili</strong></span> <span class='ocrx_word' id='word_1_608' title='bbox 2501 4372 2757 4435; x_wconf 78' lang='lat' dir='ltr'><strong>sermone.</strong></span> <span class='ocrx_word' id='word_1_609' title='bbox 2774 4378 2923 4435; x_wconf 87' lang='lat' dir='ltr'><strong>Pitb.</strong></span> <span class='ocrx_word' id='word_1_610' title='bbox 2956 4380 3103 4451; x_wconf 84' lang='lat' dir='ltr'><strong>cujus</strong></span> <span class='ocrx_word' id='word_1_611' title='bbox 3129 4381 3255 4436; x_wconf 64' lang='lat' dir='ltr'><strong>erili</strong></span> <span class='ocrx_word' id='word_1_612' title='bbox 3275 4398 3432 4438; x_wconf 87' lang='lat' dir='ltr'><strong>serm.</strong></span> 
     </span>
    </p>
   </div>
   <div class='ocr_carea' id='block_1_85' title="bbox 2040 4445 3712 4531">
    <p class='ocr_par' dir='ltr' id='par_1_85' title="bbox 2040 4445 3712 4531">
     <span class='ocr_line' id='line_1_88' title="bbox 2040 4445 3712 4531; baseline 0.009 -32"><span class='ocrx_word' id='word_1_613' title='bbox 2040 4452 2096 4513; x_wconf 77' lang='grc' dir='ltr'><strong>Β</strong></span> <span class='ocrx_word' id='word_1_614' title='bbox 2194 4445 2277 4531; x_wconf 50' lang='lat' dir='ltr'><strong>llic</strong></span> <span class='ocrx_word' id='word_1_615' title='bbox 2302 4451 2623 4531; x_wconf 78' lang='lat' dir='ltr'><strong>perminimis</strong></span> <span class='ocrx_word' id='word_1_616' title='bbox 2651 4470 2704 4522; x_wconf 88' lang='lat' dir='ltr'><strong>q.</strong></span> <span class='ocrx_word' id='word_1_617' title='bbox 2730 4469 2775 4505; x_wconf 91' lang='lat' dir='ltr'><strong>r.</strong></span> <span class='ocrx_word' id='word_1_618' title='bbox 2804 4451 2858 4506; x_wconf 79' lang='lat' dir='ltr'><strong>tl.</strong></span> <span class='ocrx_word' id='word_1_619' title='bbox 2884 4445 3107 4525; x_wconf 80' lang='lat' dir='ltr'><strong>possint.</strong></span> <span class='ocrx_word' id='word_1_620' title='bbox 3144 4451 3288 4511; x_wconf 85' lang='lat' dir='ltr'><strong>Pith.</strong></span> <span class='ocrx_word' id='word_1_621' title='bbox 3318 4456 3641 4527; x_wconf 75' lang='lat' dir='ltr'><strong>prominintis</strong></span> <span class='ocrx_word' id='word_1_622' title='bbox 3662 4477 3712 4531; x_wconf 71' lang='grc' dir='ltr'><strong>ᾳ.</strong></span> 
     </span>
    </p>
   </div>
   <div class='ocr_carea' id='block_1_86' title="bbox 2120 4519 3715 4681">
    <p class='ocr_par' dir='ltr' id='par_1_86' title="bbox 2120 4519 3715 4681">
     <span class='ocr_line' id='line_1_89' title="bbox 2120 4519 3715 4681; baseline 0.008 -35"><span class='ocrx_word' id='word_1_623' title='bbox 2120 4519 2686 4681; x_wconf 25' lang='lat' dir='ltr'><strong>f.1(1V.e’.)f?i‘csift:itlissi-inis</strong></span> <span class='ocrx_word' id='word_1_624' title='bbox 2717 4612 2868 4681; x_wconf 21' lang='lat' dir='ltr'><strong>qup‘.</strong></span> <span class='ocrx_word' id='word_1_625' title='bbox 2896 4595 3313 4681; x_wconf 41' lang='lat' dir='ltr'><strong>inipleriz&#39;Pith.</strong></span> <span class='ocrx_word' id='word_1_626' title='bbox 3345 4615 3411 4655; x_wconf 84' lang='lat' dir='ltr'><strong>ne</strong></span> <span class='ocrx_word' id='word_1_627' title='bbox 3438 4616 3471 4655; x_wconf 90' lang='lat' dir='ltr'><strong>a</strong></span> <span class='ocrx_word' id='word_1_628' title='bbox 3500 4600 3715 4671; x_wconf 79' lang='lat' dir='ltr'><strong>facund.</strong></span> 
     </span>
    </p>
   </div>
   <div class='ocr_carea' id='block_1_87' title="bbox 2111 4665 3368 4813">
    <p class='ocr_par' dir='ltr' id='par_1_87' title="bbox 2111 4665 3368 4813">
     <span class='ocr_line' id='line_1_90' title="bbox 2111 4665 3368 4788; baseline 0.01 -73"><span class='ocrx_word' id='word_1_629' title='bbox 2111 4679 2164 4734; x_wconf 87' lang='lat' dir='ltr'><strong>q.</strong></span> <span class='ocrx_word' id='word_1_630' title='bbox 2283 4665 2506 4748; x_wconf 76' lang='lat' dir='ltr'><strong>impleri.</strong></span> <span class='ocrx_word' id='word_1_631' title='bbox 2532 4665 2755 4752; x_wconf 79' lang='lat' dir='ltr'><strong>Absque</strong></span> <span class='ocrx_word' id='word_1_632' title='bbox 2783 4665 3368 4754; x_wconf 65' lang='lat' dir='ltr'><strong>interrogandisigno.</strong></span> 
     </span>
     <span class='ocr_line' id='line_1_91' title="bbox 2206 4737 3315 4813; baseline 0.006 -23"><span class='ocrx_word' id='word_1_633' title='bbox 2206 4752 2303 4813; x_wconf 59' lang='lat' dir='ltr'><strong>nm</strong></span> <span class='ocrx_word' id='word_1_634' title='bbox 2332 4737 2450 4792; x_wconf 82' lang='lat' dir='ltr'><strong>licet</strong></span> <span class='ocrx_word' id='word_1_635' title='bbox 2472 4737 2915 4813; x_wconf 75' lang='lat' dir='ltr'><strong>Parnassi._Pttlt.</strong></span> <span class='ocrx_word' id='word_1_636' title='bbox 2933 4757 3051 4813; x_wconf 69' lang='lat' dir='ltr'><strong>1am</strong></span> <span class='ocrx_word' id='word_1_637' title='bbox 3073 4749 3315 4813; x_wconf 76' lang='lat' dir='ltr'><strong>omittit.</strong></span> 
     </span>
    </p>
   </div>
   <div class='ocr_carea' id='block_1_88' title="bbox 2193 4806 3712 4892">
    <p class='ocr_par' dir='ltr' id='par_1_88' title="bbox 2193 4806 3712 4892">
     <span class='ocr_line' id='line_1_92' title="bbox 2193 4806 3712 4892; baseline 0.01 -31"><span class='ocrx_word' id='word_1_638' title='bbox 2193 4806 2530 4892; x_wconf 64' lang='lat' dir='ltr'><strong>Quocumque</strong></span> <span class='ocrx_word' id='word_1_639' title='bbox 2558 4826 2701 4892; x_wconf 78' lang='lat' dir='ltr'><strong>mens</strong></span> <span class='ocrx_word' id='word_1_640' title='bbox 2723 4810 2815 4865; x_wconf 89' lang='lat' dir='ltr'><strong>ibit</strong></span> <span class='ocrx_word' id='word_1_641' title='bbox 2838 4812 2894 4865; x_wconf 87' lang='lat' dir='ltr'><strong>in</strong></span> <span class='ocrx_word' id='word_1_642' title='bbox 2924 4806 3177 4869; x_wconf 74' lang='lat' dir='ltr'><strong>carmina.</strong></span> <span class='ocrx_word' id='word_1_643' title='bbox 3214 4812 3361 4871; x_wconf 84' lang='lat' dir='ltr'><strong>Pith.</strong></span> <span class='ocrx_word' id='word_1_644' title='bbox 3389 4832 3712 4892; x_wconf 80' lang='lat' dir='ltr'><strong>quacumque</strong></span> 
     </span>
    </p>
   </div>
   <div class='ocr_carea' id='block_1_89' title="bbox 2111 4879 2672 4947">
    <p class='ocr_par' dir='ltr' id='par_1_89' title="bbox 2111 4879 2672 4947">
     <span class='ocr_line' id='line_1_93' title="bbox 2111 4879 2672 4947; baseline 0.012 -16"><span class='ocrx_word' id='word_1_645' title='bbox 2111 4892 2255 4933; x_wconf 83' lang='lat' dir='ltr'><strong>mens</strong></span> <span class='ocrx_word' id='word_1_646' title='bbox 2278 4879 2393 4947; x_wconf 86' lang='lat' dir='ltr'><strong>ibit,</strong></span> <span class='ocrx_word' id='word_1_647' title='bbox 2423 4879 2672 4938; x_wconf 77' lang='lat' dir='ltr'><strong>carmine.</strong></span> 
     </span>
    </p>
   </div>
   <div class='ocr_carea' id='block_1_90' title="bbox 2181 4950 3713 5028">
    <p class='ocr_par' dir='ltr' id='par_1_90' title="bbox 2181 4950 3713 5028">
     <span class='ocr_line' id='line_1_94' title="bbox 2181 4950 3713 5028; baseline 0.01 -24"><span class='ocrx_word' id='word_1_648' title='bbox 2181 4950 2355 5008; x_wconf 79' lang='lat' dir='ltr'><strong>Ausus</strong></span> <span class='ocrx_word' id='word_1_649' title='bbox 2395 4969 2512 5009; x_wconf 90' lang='lat' dir='ltr'><strong>sum</strong></span> <span class='ocrx_word' id='word_1_650' title='bbox 2550 4951 2778 5028; x_wconf 86' lang='lat' dir='ltr'><strong>illigare.</strong></span> <span class='ocrx_word' id='word_1_651' title='bbox 2830 4954 2976 5012; x_wconf 87' lang='lat' dir='ltr'><strong>Pith.</strong></span> <span class='ocrx_word' id='word_1_652' title='bbox 3009 4974 3167 5015; x_wconf 86' lang='lat' dir='ltr'><strong>ausus</strong></span> <span class='ocrx_word' id='word_1_653' title='bbox 3193 4975 3311 5016; x_wconf 87' lang='lat' dir='ltr'><strong>sum</strong></span> <span class='ocrx_word' id='word_1_654' title='bbox 3341 4960 3573 5019; x_wconf 80' lang='lat' dir='ltr'><strong>versibus</strong></span> <span class='ocrx_word' id='word_1_655' title='bbox 3606 4963 3713 5018; x_wconf 84' lang='lat' dir='ltr'><strong>illi-</strong></span> 
     </span>
    </p>
   </div>
   <div class='ocr_carea' id='block_1_91' title="bbox 2108 5039 2253 5095">
    <p class='ocr_par' dir='ltr' id='par_1_91' title="bbox 2108 5039 2253 5095">
     <span class='ocr_line' id='line_1_95' title="bbox 2108 5039 2253 5095; baseline 0 0"><span class='ocrx_word' id='word_1_656' title='bbox 2108 5039 2253 5095; x_wconf 63' lang='lat' dir='ltr'><strong>gate-</strong></span> 
     </span>
    </p>
   </div>
   <div class='ocr_carea' id='block_1_92' title="bbox 2193 5092 3706 5173">
    <p class='ocr_par' dir='ltr' id='par_1_92' title="bbox 2193 5092 3706 5173">
     <span class='ocr_line' id='line_1_96' title="bbox 2193 5092 3706 5173; baseline 0.013 -26"><span class='ocrx_word' id='word_1_657' title='bbox 2193 5092 2339 5173; x_wconf 72' lang='lat' dir='ltr'><strong>Vale.</strong></span> <span class='ocrx_word' id='word_1_658' title='bbox 2361 5094 2557 5173; x_wconf 26' lang='lat' dir='ltr'><strong>‘Abest</strong></span> <span class='ocrx_word' id='word_1_659' title='bbox 2582 5112 2614 5154; x_wconf 91' lang='lat' dir='ltr'><strong>a</strong></span> <span class='ocrx_word' id='word_1_660' title='bbox 2641 5096 2787 5173; x_wconf 79' lang='lat' dir='ltr'><strong>Pith.</strong></span> <span class='ocrx_word' id='word_1_661' title='bbox 2808 5099 3083 5173; x_wconf 80' lang='lat' dir='ltr'><strong>Barthius</strong></span> <span class='ocrx_word' id='word_1_662' title='bbox 3113 5103 3451 5173; x_wconf 84' lang='lat' dir='ltr'><strong>ascripserat</strong></span> <span class='ocrx_word' id='word_1_663' title='bbox 3480 5123 3495 5163; x_wconf 91' lang='lat'><strong>:</strong></span> <span class='ocrx_word' id='word_1_664' title='bbox 3529 5125 3551 5160; x_wconf 87' lang='lat' dir='ltr'><strong>s</strong></span> <span class='ocrx_word' id='word_1_665' title='bbox 3590 5107 3706 5166; x_wconf 87' lang='lat' dir='ltr'><strong>Non</strong></span> 
     </span>
    </p>
   </div>
   <div class='ocr_carea' id='block_1_93' title="bbox 2109 5166 3702 5248">
    <p class='ocr_par' dir='ltr' id='par_1_93' title="bbox 2109 5166 3702 5248">
     <span class='ocr_line' id='line_1_97' title="bbox 2109 5166 3702 5248; baseline 0.009 -26"><span class='ocrx_word' id='word_1_666' title='bbox 2109 5166 2251 5248; x_wconf 43' lang='lat' dir='ltr'><strong>ideo.</strong></span> <span class='ocrx_word' id='word_1_667' title='bbox 2284 5167 2640 5248; x_wconf 71' lang='lat' dir='ltr'><strong>dubitandum</strong></span> <span class='ocrx_word' id='word_1_668' title='bbox 2688 5170 2762 5248; x_wconf 84' lang='lat' dir='ltr'><strong>de</strong></span> <span class='ocrx_word' id='word_1_669' title='bbox 2805 5172 3143 5248; x_wconf 84' lang='lat' dir='ltr'><strong>ingenuitate</strong></span> <span class='ocrx_word' id='word_1_670' title='bbox 3184 5166 3348 5248; x_wconf 68' lang='lat' dir='ltr'><strong>huius</strong></span> <span class='ocrx_word' id='word_1_671' title='bbox 3415 5180 3702 5248; x_wconf 68' lang='lat' dir='ltr'><strong>epistolae,</strong></span> 
     </span>
    </p>
   </div>
   <div class='ocr_carea' id='block_1_94' title="bbox 2108 5238 3705 5310">
    <p class='ocr_par' dir='ltr' id='par_1_94' title="bbox 2108 5238 3705 5310">
     <span class='ocr_line' id='line_1_98' title="bbox 2108 5238 3705 5310; baseline 0.009 -17"><span class='ocrx_word' id='word_1_672' title='bbox 2108 5238 2253 5310; x_wconf 90' lang='lat' dir='ltr'><strong>quod</strong></span> <span class='ocrx_word' id='word_1_673' title='bbox 2292 5241 2444 5295; x_wconf 91' lang='lat' dir='ltr'><strong>multi</strong></span> <span class='ocrx_word' id='word_1_674' title='bbox 2481 5238 2939 5300; x_wconf 75' lang='lat' dir='ltr'><strong>Constantiniano</strong></span> <span class='ocrx_word' id='word_1_675' title='bbox 2975 5261 3095 5301; x_wconf 78' lang='lat' dir='ltr'><strong>:evo</strong></span> <span class='ocrx_word' id='word_1_676' title='bbox 3122 5238 3318 5304; x_wconf 78' lang='lat' dir='ltr'><strong>melius</strong></span> <span class='ocrx_word' id='word_1_677' title='bbox 3346 5238 3541 5308; x_wconf 81' lang='lat' dir='ltr'><strong>Latine</strong></span> <span class='ocrx_word' id='word_1_678' title='bbox 3567 5238 3705 5310; x_wconf 53' lang='lat' dir='ltr'><strong>scril</strong></span> 
     </span>
    </p>
   </div>
   <div class='ocr_carea' id='block_1_95' title="bbox 2106 5315 3703 5397">
    <p class='ocr_par' dir='ltr' id='par_1_95' title="bbox 2106 5315 3703 5397">
     <span class='ocr_line' id='line_1_99' title="bbox 2106 5315 3703 5397; baseline 0.009 -30"><span class='ocrx_word' id='word_1_679' title='bbox 2106 5321 2379 5397; x_wconf 49' lang='lat' dir='ltr'><strong>pserunti</strong></span> <span class='ocrx_word' id='word_1_680' title='bbox 2410 5327 2533 5397; x_wconf 82' lang='lat' dir='ltr'><strong>nam</strong></span> <span class='ocrx_word' id='word_1_681' title='bbox 2563 5325 2618 5370; x_wconf 90' lang='lat' dir='ltr'><strong>et</strong></span> <span class='ocrx_word' id='word_1_682' title='bbox 2642 5316 2791 5397; x_wconf 72' lang='lat' dir='ltr'><strong>alios</strong></span> <span class='ocrx_word' id='word_1_683' title='bbox 2805 5315 2934 5373; x_wconf 88' lang='lat' dir='ltr'><strong>licet</strong></span> <span class='ocrx_word' id='word_1_684' title='bbox 2953 5326 3182 5397; x_wconf 78' lang='lat' dir='ltr'><strong>notare,</strong></span> <span class='ocrx_word' id='word_1_685' title='bbox 3210 5328 3267 5397; x_wconf 78' lang='lat' dir='ltr'><strong>et</strong></span> <span class='ocrx_word' id='word_1_686' title='bbox 3313 5323 3396 5377; x_wconf 89' lang='lat' dir='ltr'><strong>sic</strong></span> <span class='ocrx_word' id='word_1_687' title='bbox 3442 5331 3501 5379; x_wconf 89' lang='lat' dir='ltr'><strong>et</strong></span> <span class='ocrx_word' id='word_1_688' title='bbox 3534 5325 3703 5397; x_wconf 86' lang='lat' dir='ltr'><strong>pejus</strong></span> 
     </span>
    </p>
   </div>
   <div class='ocr_carea' id='block_1_96' title="bbox 2107 5384 3702 5466">
    <p class='ocr_par' dir='ltr' id='par_1_96' title="bbox 2107 5384 3702 5466">
     <span class='ocr_line' id='line_1_100' title="bbox 2107 5384 3702 5466; baseline 0.009 -29"><span class='ocrx_word' id='word_1_689' title='bbox 2107 5384 2269 5466; x_wconf 71' lang='lat' dir='ltr'><strong>etiam</strong></span> <span class='ocrx_word' id='word_1_690' title='bbox 2292 5424 2308 5449; x_wconf 86' lang='lat'><strong>,</strong></span> <span class='ocrx_word' id='word_1_691' title='bbox 2339 5386 2575 5466; x_wconf 60' lang='lat' dir='ltr'><strong>Jocutos</strong></span> <span class='ocrx_word' id='word_1_692' title='bbox 2599 5402 2636 5466; x_wconf 89' lang='lat'><strong>;_</strong></span> <span class='ocrx_word' id='word_1_693' title='bbox 2664 5388 2859 5466; x_wconf 88' lang='lat' dir='ltr'><strong>ut_si_nt</strong></span> <span class='ocrx_word' id='word_1_694' title='bbox 2881 5384 3635 5466; x_wconf 54' lang='lat' dir='ltr'><strong>exemplo_,:_chorograph&#39;ia&#39;</strong></span> <span class='ocrx_word' id='word_1_695' title='bbox 3670 5410 3702 5450; x_wconf 82' lang='lat' dir='ltr'><strong>a</strong></span> 
     </span>
    </p>
   </div>
   <div class='ocr_carea' id='block_1_97' title="bbox 2105 5453 3699 5539">
    <p class='ocr_par' dir='ltr' id='par_1_97' title="bbox 2105 5453 3699 5539">
     <span class='ocr_line' id='line_1_101' title="bbox 2105 5453 3699 5539; baseline 0.009 -31"><span class='ocrx_word' id='word_1_696' title='bbox 2105 5453 2307 5539; x_wconf 56' lang='lat' dir='ltr'><strong>Jacobo</strong></span> <span class='ocrx_word' id='word_1_697' title='bbox 2334 5453 2676 5539; x_wconf 58' lang='lat' dir='ltr'><strong>quiholredo</strong></span> <span class='ocrx_word' id='word_1_698' title='bbox 2695 5500 2710 5526; x_wconf 93' lang='lat'><strong>,</strong></span> <span class='ocrx_word' id='word_1_699' title='bbox 2734 5453 3080 5539; x_wconf 76' lang='lat' dir='ltr'><strong>Itinerarium</strong></span> <span class='ocrx_word' id='word_1_700' title='bbox 3141 5453 3699 5539; x_wconf 52' lang='lat' dir='ltr'><strong>llierosol‘y&#39;fmitanum</strong></span> 
     </span>
    </p>
   </div>
   <div class='ocr_carea' id='block_1_98' title="bbox 2106 5524 3699 5610">
    <p class='ocr_par' dir='ltr' id='par_1_98' title="bbox 2106 5524 3699 5610">
     <span class='ocr_line' id='line_1_102' title="bbox 2106 5524 3699 5610; baseline 0.011 -31"><span class='ocrx_word' id='word_1_701' title='bbox 2106 5524 2331 5610; x_wconf 49' lang='lat' dir='ltr'><strong>auPetro</strong></span> <span class='ocrx_word' id='word_1_702' title='bbox 2358 5527 2589 5610; x_wconf 75' lang='lat' dir='ltr'><strong>Pithceo,</strong></span> <span class='ocrx_word' id='word_1_703' title='bbox 2611 5524 2944 5610; x_wconf 74' lang='lat' dir='ltr'><strong>prdmulgata</strong></span> <span class='ocrx_word' id='word_1_704' title='bbox 2967 5536 3249 5610; x_wconf 89' lang='lat' dir='ltr'><strong>opuscula.</strong></span> <span class='ocrx_word' id='word_1_705' title='bbox 3277 5524 3699 5610; x_wconf 56' lang='lat' dir='ltr'><strong>Nos&#39;inscriptis</strong></span> 
     </span>
    </p>
   </div>
   <div class='ocr_carea' id='block_1_99' title="bbox 2108 5596 3697 5679">
    <p class='ocr_par' dir='ltr' id='par_1_99' title="bbox 2108 5596 3697 5679">
     <span class='ocr_line' id='line_1_103' title="bbox 2108 5596 3697 5679; baseline 0.012 -29"><span class='ocrx_word' id='word_1_706' title='bbox 2108 5596 2262 5679; x_wconf 77' lang='lat' dir='ltr'><strong>libris</strong></span> <span class='ocrx_word' id='word_1_707' title='bbox 2284 5608 2341 5679; x_wconf 78' lang='lat' dir='ltr'><strong>et</strong></span> <span class='ocrx_word' id='word_1_708' title='bbox 2372 5600 2524 5669; x_wconf 89' lang='lat' dir='ltr'><strong>plura</strong></span> <span class='ocrx_word' id='word_1_709' title='bbox 2554 5596 2683 5656; x_wconf 87' lang='lat' dir='ltr'><strong>talia</strong></span> <span class='ocrx_word' id='word_1_710' title='bbox 2711 5596 3019 5679; x_wconf 60' lang='lat' dir='ltr'><strong>supéresse&#39;</strong></span> <span class='ocrx_word' id='word_1_711' title='bbox 3040 5607 3321 5669; x_wconf 86' lang='lat' dir='ltr'><strong>novimus.</strong></span> <span class='ocrx_word' id='word_1_712' title='bbox 3360 5617 3418 5665; x_wconf 88' lang='lat' dir='ltr'><strong>et</strong></span> <span class='ocrx_word' id='word_1_713' title='bbox 3460 5612 3548 5667; x_wconf 90' lang='lat' dir='ltr'><strong>vel</strong></span> <span class='ocrx_word' id='word_1_714' title='bbox 3577 5596 3697 5667; x_wconf 64' lang='lat' dir='ltr'><strong>6m-</strong></span> 
     </span>
    </p>
   </div>
   <div class='ocr_carea' id='block_1_100' title="bbox 2107 5671 3697 5754">
    <p class='ocr_par' dir='ltr' id='par_1_100' title="bbox 2107 5671 3697 5754">
     <span class='ocr_line' id='line_1_104' title="bbox 2107 5671 3697 5754; baseline 0.011 -32"><span class='ocrx_word' id='word_1_715' title='bbox 2107 5671 2259 5754; x_wconf 70' lang='lat' dir='ltr'><strong>nium</strong></span> <span class='ocrx_word' id='word_1_716' title='bbox 2301 5671 2727 5754; x_wconf 45' lang='lat' dir='ltr'><strong>loco.ponamus</strong></span> <span class='ocrx_word' id='word_1_717' title='bbox 2776 5671 3184 5754; x_wconf 72' lang='lat' dir='ltr'><strong>Commentaria</strong></span> <span class='ocrx_word' id='word_1_718' title='bbox 3216 5679 3268 5734; x_wconf 91' lang='lat' dir='ltr'><strong>in</strong></span> <span class='ocrx_word' id='word_1_719' title='bbox 3296 5680 3549 5739; x_wconf 88' lang='lat' dir='ltr'><strong>Psalmos</strong></span> <span class='ocrx_word' id='word_1_720' title='bbox 3589 5685 3697 5739; x_wconf 86' lang='lat' dir='ltr'><strong>Ar-</strong></span> 
     </span>
    </p>
   </div>
   <div class='ocr_carea' id='block_1_101' title="bbox 2106 5739 3696 5814">
    <p class='ocr_par' dir='ltr' id='par_1_101' title="bbox 2106 5739 3696 5814">
     <span class='ocr_line' id='line_1_105' title="bbox 2106 5739 3696 5814; baseline 0.011 -19"><span class='ocrx_word' id='word_1_721' title='bbox 2106 5739 2256 5814; x_wconf 80' lang='lat' dir='ltr'><strong>nobii</strong></span> <span class='ocrx_word' id='word_1_722' title='bbox 2286 5739 2535 5814; x_wconf 81' lang='lat' dir='ltr'><strong>alicujus,</strong></span> <span class='ocrx_word' id='word_1_723' title='bbox 2559 5753 2719 5803; x_wconf 78' lang='lat' dir='ltr'><strong>aetate</strong></span> <span class='ocrx_word' id='word_1_724' title='bbox 2758 5758 2909 5804; x_wconf 88' lang='lat' dir='ltr'><strong>certe</strong></span> <span class='ocrx_word' id='word_1_725' title='bbox 2946 5747 3170 5805; x_wconf 86' lang='lat' dir='ltr'><strong>minime</strong></span> <span class='ocrx_word' id='word_1_726' title='bbox 3202 5754 3529 5812; x_wconf 60' lang='lat' dir='ltr'><strong>retentioris</strong></span> <span class='ocrx_word' id='word_1_727' title='bbox 3577 5753 3696 5812; x_wconf 84' lang='lat' dir='ltr'><strong>istis</strong></span> 
     </span>
    </p>
   </div>
   <div class='ocr_carea' id='block_1_102' title="bbox 2107 5810 3289 5891">
    <p class='ocr_par' dir='ltr' id='par_1_102' title="bbox 2107 5810 3289 5891">
     <span class='ocr_line' id='line_1_106' title="bbox 2107 5810 3289 5891; baseline 0.008 -22"><span class='ocrx_word' id='word_1_728' title='bbox 2107 5810 2216 5870; x_wconf 88' lang='lat' dir='ltr'><strong>huc</strong></span> <span class='ocrx_word' id='word_1_729' title='bbox 2243 5810 2455 5886; x_wconf 78' lang='lat' dir='ltr'><strong>positis,</strong></span> <span class='ocrx_word' id='word_1_730' title='bbox 2483 5810 2694 5874; x_wconf 81' lang='lat' dir='ltr'><strong>titulum</strong></span> <span class='ocrx_word' id='word_1_731' title='bbox 2722 5819 3087 5891; x_wconf 72' lang='lat' dir='ltr'><strong>prazferenlia,</strong></span> <span class='ocrx_word' id='word_1_732' title='bbox 3110 5831 3217 5879; x_wconf 90' lang='lat' dir='ltr'><strong>etc.</strong></span> <span class='ocrx_word' id='word_1_733' title='bbox 3268 5840 3289 5878; x_wconf 71' lang='grc' dir='ltr'><strong><em>ο</em></strong></span> 
     </span>
    </p>
   </div>
   <div class='ocr_carea' id='block_1_103' title="bbox 3991 4042 3994 5302">
    <p class='ocr_par' dir='ltr' id='par_1_103' title="bbox 3991 5108 3994 5302">
     <span class='ocr_line' id='line_1_107' title="bbox 3991 5108 3994 5302; baseline 0 0"><span class='ocrx_word' id='word_1_734' title='bbox 3991 5108 3994 5302; x_wconf 68' lang='lat' dir='ltr'><strong>l</strong></span> 
     </span>
    </p>
   </div>
  </div>
