4060 6320
301 288 403 350 435
1102 291 1382 351 C(ELIUS
1421 290 1773 350 SEDULIUS.
1814 321 1885 332 -—
1922 287 2263 348 EPISTOLA
2302 291 2786 349 DEDICATURIA.
3493 284 3602 345 ηδ

1777 435 1954 445 ——————

1518 435 1769 446 —.—~

310 424 3595 486 Μ

1573 620 1743 666 ANNO
1786 621 2015 667 DOMINI
2062 618 2335 664 CCCXC“.

770 775 1773 941 COELIUS
1906 724 3143 939 SEDULIUS.

1410 1047 1560 1108 (Edit.
1586 1047 1650 1097 ab
1672 1045 1885 1096 Arevalo
1906 1043 2072 1095 Romae
2098 1043 2222 1095 1794
2244 1046 2465 1107 recusa.)

1162 1344 1760 1529 @pistola
1866 1348 2679 1491 hebicatoria.

289 1721 725 1779 Eminentissimo
748 1733 795 1780 et
826 1725 1249 1781 reverendissimo
1272 1725 1497 1795 principi
1524 1733 1571 1781 et
1599 1725 1667 1780 Ι).
1695 1725 1763 1780 ι).
1794 1725 1892 1781 FBA

2003 1739 2093 1783 sco
2113 1726 2361 1782 ANTONIO
2379 1742 2447 1782 ne.
2469 1725 2792 1781 Lonanzsm
2821 1740 2889 1780 ET
2918 1723 3140 1780 Bumou
3168 1723 3230 1780 S.
3257 1723 3330 1780 Β.
3356 1723 3423 1781 Ε.
3458 1742 3606 1796 pres-

357 1817 539 1889 bytero
563 1819 842 1888 cardinali,
870 1818 1251 1893 archiepiscopo
1277 1818 1544 1884 Toletano,
1575 1818 1956 1891 Hispaniarum
1985 1820 2217 1893 priniati,
2245 1820 2560 1874 cancellario
2588 1819 2777 1894 majori
2801 1816 3063 1886 Castellw,
3088 1816 3333 1890 praeclari
3354 1818 3485 1892 regii
3514 1836 3612 1873 or-

355 1912 495 1965 dinis
527 1910 811 1984 Hispanici
840 1911 1016 1989 Caroli
1045 1910 1167 1979 III,
1201 1929 1390 1984 magna
1417 1929 1567 1967 cruce
1596 1912 1875 1984 insignito,
1905 1923 2031 1979 etc.,
2061 1913 2363 1969 FAUSTINUS
2391 1915 2700 1968 AREVALUS.

364 2003 480 2060 Etsi
501 2006 704 2078 optime
729 2005 984 2079 intelligo,
1007 2008 1416 2062 eminentissime
1442 2008 1707 2080 princeps,
1737 2023 1852 2061 eum
1885 2017 1932 2062 te
1962 2023 2091 2074 esse,
2125 2008 2214 2080 qui
2237 2007 2532 2061 studiorum
2562 2022 2815 2073 meorum,
2837 2005 3088 2075 quidquid
3116 2014 3260 2067 sunt,
3293 2005 3616 2073 qualiacum-

286 2112 380 2169 que
402 2107 549 2163 sunt,
583 2098 835 2153 rationem
861 2117 892 2153 a
917 2116 995 2154 me
1021 2116 1181 2173 prope
1212 2102 1335 2173 jure
1376 2109 1463 2155 tuo
1503 2111 1729 2173 repetere
1757 2102 1946 2173 possis,
1982 2118 2193 2171 meaque
2225 2103 2401 2156 omnia
2429 2102 2519 2156 tibi
2558 2100 2752 2169 deberi,
2788 2104 2980 2168 tamen,
3020 2099 3177 2155 libere
3204 2111 3260 2156 ut
3300 2101 3500 2173 loquar,
3531 2102 3617 2156 via:

289 2206 424 2244 nunc
448 2190 666 2261 quidem
688 2190 985 2245 inducerem
1013 2192 1267 2258 animum,
1296 2201 1353 2246 ut
1374 2194 1444 2246 ad
1464 2201 1534 2257 te,
1561 2195 1661 2247 ista
1687 2194 1943 2265 dignitate
1968 2193 2158 2257 virum,
2185 2201 2258 2247 tot
2289 2193 2447 2259 curis,
2482 2202 2553 2247 tot
2587 2193 2883 2247 muneribus
2915 2192 3236 2261 districtum,
3265 2192 3487 2247 alterum
3516 2192 3617 2248 hoc

289 2284 526 2340 laborum
555 2301 790 2341 meorum
813 2287 867 2340 in
895 2284 1219 2342 Christianos
1241 2297 1418 2360 poetas
1445 2289 1699 2360 specimen
1727 2291 2002 2357 mitterem,
2028 2291 2131 2343 nisi
2153 2290 2227 2342 ita
2255 2288 2464 2354 crebris,
2497 2306 2559 2353 ac
2589 2290 2790 2360 magnis
2819 2306 2851 2342 a
2883 2298 2950 2355 te,
2978 2286 3405 2344 lucubrationum
3428 2288 3617 2360 hujus-

289 2378 487 2433 cemodi
518 2393 756 2432 mearum
784 2380 1011 2447 nomine,
1044 2380 1341 2435 cumulatus
1383 2380 1642 2450 beneﬁciis
1677 2399 1859 2451 essem,
1907 2391 1962 2435 ut
2004 2382 2160 2453 facile
2182 2382 2411 2452 credam,
2443 2391 2491 2438 te
2523 2382 2800 2438 Sedulium
2844 2398 3043 2445 meum,
3077 2397 3229 2452 quem
3263 2383 3514 2438 reverenti
3564 2390 3615 2437 et

289 2471 546 2526 submisso
577 2472 756 2524 animo
779 2488 915 2525 nunc
943 2471 1125 2539 o/fero,
1159 2472 1381 2544 benigno
1404 2481 1449 2526 et
1473 2471 1683 2545 placido
1707 2473 1851 2527 vultu
1873 2483 2251 2546 suscepturum.

359 2563 553 2636 Atque,
574 2571 636 2616 ut
654 2562 763 2617 alia
783 2561 882 2616 hoc
907 2562 1021 2618 loco
1048 2572 1547 2634 prwteream,unum
1568 2562 1721 2619 modo
1750 2579 2154 2618 commemorare
2180 2564 2308 2618 mihi
2332 2563 2484 2619 liceat
2515 2580 2533 2618 :
2561 2563 2700 2634 quod
2722 2573 2889 2618 tamen
2918 2580 3018 2618 non
3049 2563 3118 2616 ad
3148 2562 3311 2617 ullam
3337 2564 3614 2629 doctrinae,

288 2662 374 2708 aut
395 2652 599 2725 ingenii
625 2654 727 2707 mei
756 2654 1253 2709 commendationem
1273 2655 1467 2710 dictum
1488 2657 1652 2711 videri
1680 2656 1853 2721 velim,
1880 2673 1995 2727 qua:
2022 2674 2179 2728 quam
2201 2658 2303 2711 sint
2330 2657 2539 2727 exigua,
2568 2658 2769 2725 sentio;
2792 2656 2882 2712 sed
2903 2656 2972 2712 ad
2995 2666 3099 2712 tua:
3119 2657 3275 2711 unius
3304 2657 3615 2729 singularis,

290 2758 442 2820 atque
474 2746 802 2803 incredibilis
839 2748 1085 2804 adversus
1113 2747 1427 2804 Christiana:
1455 2749 1766 2804 litteratum
1786 2749 2007 2804 cultores
2037 2751 2416 2821 propensionis,
2448 2760 2497 2806 et
2530 2751 2875 2820 beneﬁcentia:
2900 2751 3344 2825 priedicationem.
3376 2751 3611 2807 Comme-

290 2855 520 2908 morare,
551 2840 791 2911 inquam,
823 2839 921 2896 hoc
958 2858 1119 2896 unum
1147 2841 1277 2897 mihi
1308 2843 1482 2912 liceat,
1517 2840 1740 2897 voluisse
1771 2852 1837 2904 te,
1869 2842 2004 2897 inter
2023 2844 2272 2915 imagines
2302 2845 2525 2897 virorum
2564 2844 2804 2899 doctrina
2841 2845 3148 2913 illustrium,
3177 2861 3292 2916 qua:
3312 2846 3366 2900 in
3406 2845 3618 2918 publica

291 2934 517 2990 istarum
549 2944 762 2989 tuarum
787 2934 978 2990 mdium
1008 2934 1535 3006 arcliiepiscOpalium
1564 2933 1871 2990 bibliotheca
1903 2936 2162 2999 visuntur,
2211 2952 2377 2991 nteant
2424 2952 2627 3008 quoque
2670 2937 2951 3008 imaginem
2972 2978 2988 3004 ,
3018 2952 3050 2989 α
3082 2936 3279 3006 pictore
3326 2937 3379 2990 in
3431 2938 3614 3007 primis
3684 2954 3689 2959 ‘

291 3029 432 3085 claro
467 3028 850 3086 Bonaventura
877 3029 1066 3086 Salesa
1088 3029 1156 3084 ad
1180 3030 1350 3083 vivum
1377 3045 1697 3101 expressam,
1731 3028 1998 3085 collocari.

365 3126 410 3179 ο
438 3141 559 3181 rem
588 3124 919 3197 praeclaram,
952 3126 1021 3180 ad
1048 3142 1203 3197 quam
1230 3142 1536 3195 numquam,
1571 3143 1688 3181 vere
1715 3135 1769 3180 ut
1801 3127 2008 3197 loquar,
2039 3143 2103 3181 ne
2131 3127 2396 3182 somnians
2417 3125 2622 3199 quidem
2646 3125 2994 3195 aspirussent!
3026 3123 3070 3178 Ο
3098 3125 3342 3179 eximiam
3373 3132 3535 3193 tuam,
3560 3134 3617 3180 ut

293 3219 428 3288 dixi,
463 3221 722 3276 adversus
752 3220 1064 3276 Christiana;-
1088 3222 1398 3276 litteratura:
1427 3222 1689 3278 studiosos
1713 3223 2131 3296 prapensionem,
2162 3234 2210 3277 et
2241 3223 2682 3278 benevolentiam!
2707 3219 2792 3276 En
2827 3222 3009 3295 igitur,
3042 3220 3436 3276 clementissime
3471 3223 3617 3292 prin-

292 3332 427 3389 ceps,
455 3331 652 3370 novum
676 3317 814 3370 hunc
840 3330 1007 3369 meum
1033 3322 1273 3368 conatum
1297 3316 1349 3369 in
1373 3332 1433 3369 ea
1456 3316 1649 3382 studia,
1680 3333 1796 3388 qua:
1819 3324 2086 3388 tantopere
2114 3334 2281 3383 amas,
2311 3317 2460 3384 colis,
2493 3333 2781 3388 promoves.

365 3412 622 3481 Quamvis
648 3418 842 3478 autem,
887 3418 941 3463 ut
979 3408 1209 3464 .Iuvenco
1239 3411 1572 3477 imitatorem,
1601 3427 1664 3465 ac
1689 3412 2002 3484 discipulum
2028 3428 2181 3467 suum
2210 3415 2264 3466 in
2295 3415 2637 3469 sacrosanctis
2667 3411 2969 3485 Evangeliis
3005 3413 3234 3469 carmine
3274 3413 3623 3486 explanandis

293 3507 609 3579 adjungam,
637 3503 913 3561 Sedulium
940 3521 1076 3559 nunc
1107 3504 1279 3573 potius
1307 3505 1482 3574 edam,
1514 3522 1667 3577 quam
1711 3523 1871 3560 unum
1912 3507 2137 3575 aliquem
2162 3523 2226 3562 ea:
2253 3509 2483 3575 antiquis
2534 3507 2789 3577 Hispanis
2842 3506 3105 3573 Patribus,
3151 3517 3322 3564 tamen
3357 3525 3459 3562 non
3486 3510 3562 3563 ita
3589 3527 3624 3564 a

293 3604 459 3676 priori
488 3601 584 3657 illo
610 3617 725 3655 meo
754 3600 992 3656 instituto
1016 3604 1223 3669 recessi,
1257 3596 1313 3657 ut
1346 3605 1556 3659 concilii
1587 3603 1833 3671 Romani,
1863 3606 2023 3676 quod,
2072 3603 2302 3659 Damaso
2331 3608 2598 3679 pontiﬁce,
2631 3607 2864 3661 habitum
2886 3606 2985 3677 fuit
3013 3607 3076 3660 de
3099 3606 3497 3678 Scripturarum
3536 3608 3622 3663 di-

294 3697 539 3752 vinarum
567 3711 769 3750 canone
792 3696 1175 3764 constituendo,
1206 3713 1270 3752 ex
1308 3696 1574 3751 Vaticanis
1604 3698 1952 3753 monumentis
1980 3700 2116 3753 inter
2142 3700 2457 3771 appendices
2486 3699 2791 3756 illustrandi
2825 3701 3145 3756 occasionem
3174 3701 3401 3756 oblatam
3439 3701 3622 3759 libenti

294 3790 471 3844 animo
499 3804 607 3843 non
635 3787 970 3857 arripuerim.

368 3881 555 3952 Neque
590 3881 798 3952 majora
835 3882 889 3935 in
934 3879 1181 3935 Ecclesia:
1213 3878 1465 3947 Hispana:
1492 3880 1668 3945 decus,
1698 3881 1745 3933 si
1788 3880 1951 3933 vitam
1982 3878 2142 3947 Deus,
2172 3892 2219 3936 et
2245 3884 2376 3937 vires
2405 3884 2716 3956 suppeditet,
2748 3886 2961 3954 aggredi
2991 3886 3256 3954 desistam,
3284 3896 3370 3942 tuo
3398 3889 3620 3945 maxime

296 3986 605 4048 provocatus
632 3973 890 4045 exemplo,
915 3974 1003 4044 qui
1030 3971 1490 4027 innumerabilibus
1519 3972 1659 4026 curis
1681 3970 2016 4043 amplissima:
2045 3982 2145 4026 tua:
2171 3973 2466 4040 diwceseos,
2496 3973 2713 4043 aliisque
2734 3975 2975 4046 negotiis,
3001 3992 3118 4046 qua:
3144 3976 3397 4048 peculiari
3418 3980 3621 4033 ratione

295 4073 359 4128 ab
381 4073 579 4143 optimo
611 4080 661 4124 et
690 4067 1097 4142 prudentissimo
1147 4084 1264 4138 rege
1287 4066 1473 4121 Carolo
1514 4064 1602 4120 IV
1630 4065 1722 4119 tibi
1751 4066 2026 4121 commissa
2051 4066 2309 4138 singulari
2334 4067 2593 4139 sapientia
2618 4067 2816 4139 exples,
2849 4067 3027 4122 studia
3059 4070 3213 4123 etiam
3244 4087 3416 4136 sacra,
3438 4073 3496 4125 'et
3527 4071 3608 4124 la-

299 4168 444 4222 bores
479 4164 638 4220 addis
665 4162 925 4236 palazstra:
953 4163 1241 4231 litterariae,
1275 4162 1327 4214 in
1356 4178 1457 4228 qua
1487 4160 1834 4214 immortalem
1860 4159 2081 4214 nominis
2119 4160 2340 4229 gloriam
2378 4170 2424 4213 et
2451 4161 2626 4214 multis
2656 4160 2868 4232 jamdiu
2898 4161 3161 4227 praeclaris
3199 4160 3436 4233 operibus
3463 4163 3615 4218 editis

296 4260 642 4333 comparasti,
675 4268 722 4312 et
752 4274 917 4329 nuper
942 4258 1084 4311 tertio
1118 4255 1376 4311 volumine
1408 4255 1631 4311 Patrum
1652 4255 2024 4312 Toletanorum
2055 4258 2109 4312 in
2137 4255 2397 4327 publicam
2431 4256 2614 4324 lucem,
2645 4266 2690 4309 et
2712 4254 2997 4318 utilitatem
3018 4258 3203 4311 emisso
3223 4257 3413 4313 mirum
3433 4259 3487 4312 in
3505 4275 3620 4313 mo-

299 4356 420 4411 dum
451 4355 669 4410 auxisti.
3055 4339 3077 4358 ’

312 4470 319 4477 υ
375 4448 655 4504 Enimvero
683 4459 841 4515 neque
870 4443 1115 4497 immensa
1146 4443 1245 4496 ista
1275 4452 1363 4497 tua
1400 4443 1456 4495 in
1507 4439 1837 4495 sublevandis
1888 4440 2152 4495 hominum
2195 4439 2440 4492 (erumnis
2500 4437 2877 4505 muniﬁcentia,
2939 4453 3102 4509 neque
3145 4441 3285 4493 novis
3330 4438 3623 4512 ingentibus

298 4542 615 4614 sumptibus,
646 4549 692 4593 et
715 4536 961 4592 subsidiis
995 4538 1064 4590 ad
1093 4538 1497 4606 promovendum
1523 4550 1617 4606 pro
1649 4534 1842 4603 patria,
1873 4543 1922 4588 et
1950 4533 2201 4614 religione
2236 4542 2531 4604 susceptum
2562 4532 2753 4587 bellum
2773 4530 3194 4598 subministratis,
3228 4533 3501 4589 deterritus
3543 4553 3620 4603 es,

298 4610 574 4712 quantinus
597 4635 693 4688 hac
717 4637 871 4686 etiam
900 4632 954 4685 in
980 4641 1126 4702 parte
1158 4629 1378 4694 publica:
1404 4630 1620 4682 utilitati
1645 4628 1986 4700 prospiceres.
2022 4610 2225 4700 Quippe
2250 4627 2699 4698 persuasissimum
2738 4626 2829 4679 tibi
2861 4635 2956 4692 est,
2995 4635 3046 4679 ut
3083 4626 3151 4680 ad
3174 4626 3361 4696 impios
3388 4624 3623 4682 homines

301 4733 662 4799 debellandos,
691 4729 777 4800 qui
803 4744 948 4782 arma
970 4738 1148 4782 contra
1161 4728 1290 4797 jura
1320 4726 1493 4780 omnia
1517 4725 1716 4791 divina,
1749 4735 1796 4779 et
1825 4726 2053 4780 humana
2096 4734 2443 4799 sumpserunt,
2482 4723 2768 4778 necessaria
2798 4731 2913 4775 sunt
2943 4737 3110 4786 arma,
3141 4722 3215 4776 ita
3243 4721 3311 4775 ad
3339 4721 3623 4793 impietatis

301 4832 495 4884 semina
521 4828 731 4899 penitus
756 4823 1037 4891 evellenda,
1067 4839 1184 4894 qua:
1214 4821 1400 4891 ubique
1430 4830 1704 4887 terrarum,
1744 4836 1847 4873 non
1878 4821 2016 4881 dico,
2046 4824 2195 4893 jacta
2223 4830 2364 4884 sunt,
2396 4820 2485 4873 sed
2512 4818 2793 4871 insolenter
2824 4816 3116 4882 luxuriant,
3156 4815 3459 4889 evangelica:
3495 4816 3625 4888 legis

304 4923 637 4988 documenta,
662 4935 727 4975 ea:
747 4935 834 4973 ore
857 4917 1181 4988 potissimum
1207 4925 1432 4971 veterum
1464 4917 1830 4989 magistrorum
1858 4917 2113 4987 exposita,
2141 4915 2329 4986 possint
2359 4931 2466 4969 esse
2491 4931 2594 4968 non.
2636 4914 2807 4967 solum
2842 4909 3126 4981 offerenda,
3165 4911 3254 4967 sed
3281 4910 3434 4966 etiam
3461 4908 3631 4965 incul-

304 5016 492 5070 cauda.

381 5103 800 5162 Prudentissime
824 5118 942 5155 vero
972 5118 1005 5153 a
1032 5110 1080 5154 te
1104 5101 1298 5170 factum
1325 5112 1419 5166 est,
1468 5100 1608 5172 quod
1652 5097 2034 5169 antiquioribus
2076 5097 2196 5152 aliis
2222 5095 2492 5150 Toletanis
2519 5094 2766 5149 Patribus
2811 5093 3125 5149 Rodericum
3154 5091 3490 5158 Ximenium,
3522 5106 3624 5145 sa:-

306 5199 410 5252 culi
440 5213 538 5253 xm
554 5196 886 5266 scriptorem,
910 5192 1246 5266 conjunxeris
1280 5209 1298 5248 :
1329 5193 1479 5261 cujus
1503 5192 1623 5259 viri,
1648 5190 1927 5244 sanctitate
1949 5189 2071 5242 vita:
2092 5204 2236 5260 teque
2264 5204 2325 5242 ac
2348 5188 2588 5242 doctrina
2613 5187 2856 5260 insignis,
2885 5187 3017 5239 inter
3036 5193 3255 5239 cceteras
3275 5182 3485 5237 virtutes
3503 5182 3630 5237 reli-

309 5293 510 5364 giosum
554 5306 676 5362 erga
702 5287 872 5343 sedem
900 5286 1242 5358 apostolicam
1288 5286 1582 5341 Romanam
1614 5284 1912 5352 obsequium
1936 5282 2052 5337 licet
2085 5282 2341 5336 admirari
2368 5298 2386 5336 :
2414 5282 2552 5352 quod
2582 5281 2671 5336 tibi
2709 5280 2998 5351 exemplum
3022 5277 3334 5331 imitandum
3371 5275 3627 5346 quodam-

310 5388 460 5442 modo
488 5383 814 5457 propositum
842 5381 1026 5454 fuisse,
1059 5396 1122 5434 ea:
1144 5380 1211 5433 iis
1242 5379 1430 5434 litteris
1458 5379 1673 5453 colligo,
1704 5395 1834 5448 quas
1861 5386 1964 5430 tua:
1989 5376 2184 5447 pariter
2209 5391 2332 5445 erga
2367 5376 2599 5429 eamdem
2632 5379 2856 5445 primam
2884 5370 3057 5423 sedem
3101 5367 3245 5423 Petri
3290 5367 3629 5422 venerationis

309 5490 482 5547 testes,
515 5487 566 5534 et
590 5474 796 5531 obsides
823 5475 891 5527 ad
920 5471 1028 5528 SS.
1056 5469 1126 5525 D.
1160 5470 1231 5525 N.
1267 5469 1425 5525 Pium
1460 5470 1536 5525 Vl
1566 5470 1727 5526 Pont.
1755 5468 1904 5524 Max.
1929 5468 2204 5524 mittendas
2231 5469 2447 5523 curasti.

386 5574 531 5641 Quos
556 5568 723 5644 igitur
750 5564 878 5620 mihi
907 5565 1113 5620 animos
1139 5563 1323 5628 addes,
1352 5563 1755 5618 eminentissime
1782 5564 2043 5631 princeps,
2076 5559 2121 5615 si
2152 5575 2252 5613 me.
2275 5575 2336 5611 ac
2362 5574 2502 5613 meas
2522 5554 3073 5611 commentatiunculas
3099 5550 3235 5644 tueri
3263 5548 3485 5644 pergas!
3513 5548 3628 5602 Ne-

314 5686 412 5740 que
436 5678 484 5723 te
509 5641 757 5739 pluribus
780 5659 1036 5716 distinebo
1060 5673 1079 5713 :
1100 5656 1193 5714 sed
1211 5656 1379 5713 verbis
1400 5667 1601 5713 tantum
1623 5656 1831 5713 Sedulii
1865 5672 1929 5712 ea:
1959 5654 2177 5729 epistola
2199 5650 2523 5707 dedicatoria
2541 5652 2711 5724 operis
2744 5645 3020 5702 Paschalis
3050 5644 3118 5698 ad
3150 5641 3520 5740 macedoniam
3549 5658 3634 5740 re—

319 5736 519 5833 petitis,
542 5752 857 5829 deprecabor
887 5769 906 5808 :
934 5750 1083 5808 Fave
1113 5748 1371 5819 primum,
1406 5761 1464 5806 ut
1491 5750 1590 5807 alii
1609 5749 1852 5817 faveant,
1875 5758 1932 5806 et
1952 5747 2192 5807 omnium
2216 5746 2493 5803 mentibus
2513 5743 2787 5802 sententia
2808 5756 2869 5799 se
2896 5740 3139 5811 probatae
3161 5738 3363 5810 jugiter
3382 5736 3628 5792 auctori-

325 5853 450 5909 tatis
472 5845 747 5908 infundat.
