4060 6320
273 301 377 361 ῶῖ

1653 287 2192 355 οιωικαουεω,

3472 294 3579 355 138

273 427 445 473 vcter.
467 426 605 473 ωηο
629 415 674 483 l,
838 414 968 484 563,
996 414 1234 469 similem
1283 412 1627 468 notationem
1660 411 1875 482 profert
1900 415 1951 475 Α
1977 424 2108 482 una,
2129 412 2422 471 deﬁciente
2444 416 2761 472 membrana
2785 416 2891 473 hoc
2914 417 3038 473 loco
3056 413 3325 488 disrupta,
3347 414 3402 471 in
3421 408 3583 487 cuius

270 527 339 568 ex
364 524 501 565 mss.
531 509 729 566 codice
762 507 1118 566 Corbeiettsis
1158 505 1505 563 bibliotheca:
1538 524 1552 560 :
1603 503 1659 578 6
1690 504 1881 560 Hiero-

266 618 463 675 nymus
491 602 548 656 in
579 599 1161 675 catalope:Sedalittt,
1206 604 1322 656 etc.
1378 600 1483 655 Pro
1537 608 1758 653 metrum
1795 608 1882 654 eet

272 703 584 761 metrorum,
606 701 666 749 et
691 693 1034 749 Mabillonius
1057 692 1279 764 supplet
1307 702 1594 746 taetros-unt
1633 690 1880 763 (gotteri-

274 788 399 859 bus)
424 786 717 855 heroicam,
747 797 855 843 etc.
887 788 1082 843 Postea
1112 786 1324 856 scripsit
1349 786 1405 840 in
1424 794 1681 856 tempore.
1712 784 1883 840 Error

264 879 428 937 illico
448 879 889 951 deprehenditur
917 881 972 935 in
1000 878 1322 950 Hieronymi
1345 877 1567 934 nomine
1593 894 1609 931 :
1633 891 1757 932 nam
1784 875 1884 933 Se-

277 974 413 1031 dulii
467 974 845 1047 tlieronymus
873 973 926 1028 in
950 987 1056 1029 suo
1098 971 1427 1042 scriptorum
1470 971 1726 1043 catalogo
1774 984 1882 1027 non

278 1067 552 1140 meminit,
592 1083 772 1139 neque
800 1067 1118 1124 meminisse
1140 1067 1339 1137 potuit,
1370 1065 1574 1138 quippe
1622 1067 1715 1137 qui
1757 1072 1881 1122 eum

278 1163 442 1232 longe
464 1169 633 1217 tetate
662 1160 1029 1233 praeessem.

349 1256 400 1309 7.
442 1253 734 1311 Librarius
761 1253 948 1325 igitur,
991 1254 1112 1326 ejus
1157 1254 1455 1311 notationis
1511 1260 1742 1322 auctor,
1790 1265 1885 1310 aut

277 1349 624 1420 exscriptor,
652 1364 751 1420 pro
790 1348 1080 1407 Gcnnadio
1103 1350 1500 1422 Hieronymum
1522 1349 1741 1421 posuit:
1764 1364 1886 1421 quae

280 1442 651 1499 ltallucinatio
672 1442 817 1513 apud
855 1442 997 1499 alios
1021 1442 1185 1500 etiam
1224 1443 1573 1510 observatur,
1604 1442 1756 1499 .inde
1780 1485 1796 1511 ,
1827 1452 1886 1498 ut

278 1546 431 1609 puto,
467 1542 690 1607 exorta,
719 1535 865 1608 quod
895 1535 1210 1594 Gennadius
1229 1536 1538 1607 catalogum
1557 1534 1885 1606 scripton

277 1630 334 1687 S.
367 1630 691 1703 Hieronymi
722 1631 1150 1699 continuaverit,
1180 1641 1239 1689 et
1262 1643 1490 1702 uterque
1523 1632 1805 1703 catalogus
1830 1632 1885 1686 in

270 1740 443 1789 unum
478 1725 741 1781 volumen
772 1737 919 1795 saepe
949 1735 1266 1796 compactos
1304 1724 1487 1782 fuerit.
1539 1725 1885 1782 Gennadium

1966 514 2138 575 tergo
2171 508 2389 579 legitur,
2420 509 2618 581 Incipit
2644 511 2820 584 glossa
2847 512 2909 567 de
2930 518 3086 584 prora
3110 506 3314 569 Sedulii
3326 526 3348 580 ,‘
3368 518 3427 569 et
3450 518 3585 583 pau-

1980 612 2065 655 cas
2096 599 2255 656 linea
2296 601 2606 671 glossarum
2638 605 3022 675 subjiciuntur.
3048 604 3348 678 Georgius,
3378 606 3434 662 in
3466 612 3584 663 not.

1984 694 2073 747 ad.
2104 686 2398 749 Baroniutn
2425 741 2439 764 ,
2467 706 2612 752 anno
2641 698 2747 755 494
2768 741 2785 767 ,
2815 698 2987 755 refert
3037 699 3199 756 verba
3228 687 3586 770 hujuscemet

1985 788 2191 844 codicis
2217 830 2231 854 ,
2254 796 2417 859 quem
2445 790 2589 847 inter
2617 792 3014 849 Ottobonianos
3042 802 3215 863 notat,
3244 808 3397 852 num.
3433 790 3540 854 555
3562 839 3578 866 ,

1987 880 2116 936 olim
2166 881 2222 937 in
2256 881 2594 939 bibliotheca
2626 885 2831 956 regina:
2879 887 3179 944 Succorum
3212 896 3366 946 num.
3404 887 3586 947 i396:

1983 974 2325 1046 interpungit
2348 984 2560 1036 autem.
2594 985 2652 1032 et
2680 978 2834 1049 legit,
2865 980 3062 1035 docuit.
3098 978 3166 1035 In
3205 981 3405 1037 Achaia
3432 976 3593 1040 libros

1984 1084 2113 1153 stag
2124 1070 2332 1141 scripsit
2356 1070 2411 1125 in
2430 1080 2659 1143 tempore
2676 1072 3054 1142 itttperatorttm
3074 1075 3290 1131 minoris
3314 1074 3591 1134 Theodosii

1986 1163 2086 1233 ﬁlii
2117 1165 2353 1231 Arcadii,
2386 1173 2436 1219 et
2474 1164 2855 1223 Valentiniani.
2889 1168 3181 1224 Constantii
3230 1180 3355 1242 patr.
3387 1170 3497 1228 Sed
3533 1174 3589 1228 itt

1986 1256 2177 1313 codice
2207 1258 2283 1312 ita
2310 1259 2576 1328 scriptum
2606 1271 2695 1315 est
2725 1300 2739 1328 ,
2773 1271 2835 1316 ut
2881 1274 2985 1332 ego
3012 1262 3279 1333 descripsi
3329 1272 3342 1320 ξ
3388 1264 3457 1320 de
3486 1276 3594 1336 quo

1986 1351 2208 1406 iterum.
2235 1350 2508 1408 Scribitur
2528 1361 2718 1410 autem
2732 1353 2986 1410 Αγεὴωῆ
3010 1360 3087 1423 et,
3113 1356 3401 1426 mendose,
3432 1356 3592 1414 Vale-

1988 1445 2124 1499 tiani
2147 1486 2164 1513 ,
2196 1445 2280 1502 vel
2318 1445 2657 1513 Valentiani,
2689 1456 2792 1518 pro
2843 1444 3224 1506 Valentiniani.
3252 1444 3596 1509 Mabillonius

1989 1541 2097 1598 Ioc.
2131 1543 2227 1598 cit.
2262 1543 2510 1600 Analect.
2548 1584 2562 1607 ,
2595 1559 2665 1600 ex
2695 1550 2915 1602 vetusto
2944 1548 3243 1621 exemplari
3276 1551 3595 1607 monasterii

1990 1636 2257 1701 Lit-ensis,
2292 1638 2459 1693 verba
2487 1637 2682 1693 eadem
2712 1648 2835 1708 quae
2864 1646 2996 1695 sunt
3027 1640 3081 1695 in
3114 1640 3227 1696 Ott.
3254 1640 3279 1696 i
3312 1636 3595 1699 describit:

1991 1727 2190 1797 Incipit
2218 1745 2336 1795 ars,
2370 1738 2503 1799 etc.,
2532 1729 2628 1786 sed
2665 1728 2894 1787 exhibet
2921 1734 3233 1789 consulente
3270 1742 3373 1804 pro
3410 1742 3600 1790 consti-

276 1819 461 1890 ipsum
489 1819 816 1875 Toletanutn
840 1819 1140 1875 antistitem
1168 1819 1274 1876 sibi
1301 1820 1457 1876 tinxit
1476 1817 1749 1875 Notkerus
1770 1817 1893 1874 Bal—
1920 1810 1967 1871 Β
1998 1823 2152 1891 lente,
2184 1834 2237 1877 et
2271 1822 2476 1878 omittit
2506 1825 2564 1877 in
2590 1834 2713 1895 poet
2745 1826 2992 1896 scripsit,
3023 1834 3079 1883 et
3120 1824 3348 1885 verbum
3378 1836 3594 1901 postre-

281 1913 465 1981 bulus,
491 1911 663 1983 quod,
687 1922 749 1968 ut
775 1913 1058 1982 conjicere
1088 1913 1250 1982 libet,
1282 1912 1617 1969 lldefonsum
1664 1912 1887 1969 Toleta-

281 2019 408 2061 num
438 2004 779 2075 antistitem,
815 2005 869 2060 itt
901 2005 1085 2077 aliquo
1104 2005 1372 2063 Gettnadii
1392 2006 1578 2061 codice
1596 2006 1884 2062 continua-

287 2107 460 2154 torem
492 2097 803 2153 istiusmodi
834 2098 1064 2169 catalogi
1092 2098 1418 2170 scriptorum
1467 2097 1758 2171 illustrium
1802 2114 1889 2154 re-

286 2192 545 2262 perisset.
584 2189 762 2246 Verba
793 2189 1036 2247 Natkerii
1084 2199 1242 2257 sunt,
1289 2204 1414 2259 cap.
1449 2192 1503 2257 7,
1546 2190 1616 2247 de
1657 2192 1884 2262 interpr.

282 2284 340 2342 S.
367 2284 675 2356 Scriptura
704 2302 719 2340 :
771 2283 833 2339 Si
863 2293 1037 2340 tanton
1059 2285 1302 2356 antiquos
1341 2292 1582 2341 auctores
1616 2300 1765 2340 nosse
1802 2301 1890 2339 uo-

283 2378 465 2449 lueris,
495 2377 609 2453 lege
628 2378 822 2433 librum
849 2378 982 2434 beati
1005 2377 1319 2449 Hieronymi
1359 2378 1422 2431 de
1445 2376 1737 2432 illustribus
1766 2377 1891 2432 uiris

282 2493 311 2528 α
350 2474 413 2530 S.
451 2472 621 2530 Petro
664 2490 829 2545 usque
853 2473 923 2527 ad
955 2473 1216 2545 seipsum,
1266 2480 1317 2527 et
1362 2469 1617 2527 Gennadii
1659 2470 1893 2526 Toletani

281 2569 514 2641 episcopi
542 2566 608 2621 ab
629 2567 905 2622 Ambrosio
952 2583 1117 2639 usque
1161 2566 1231 2621 ad
1263 2565 1499 2621 eumdem
1538 2563 1889 2620 Geanadiam.

280 2660 428 2717 idem
461 2660 582 2716 fere
609 2661 812 2729 repetit
838 2675 959 2730 cap.
992 2660 1082 2716 ll.

352 2753 410 2810 8.
453 2751 645 2808 Refert
670 2750 1015 2818 Sirtnondus,
1052 2751 1119 2807 ad
1146 2751 1453 2807 Ennodiunt
1506 2751 1601 2806 lib.
1635 2767 1675 2815 l,
1731 2750 1890 2822 epist.

282 2846 375 2912 ει.
408 2862 477 2903 ex
509 2846 746 2917 integris
772 2843 1044 2902 Gettnadii
1093 2844 1503 2916 exemplaribus
1525 2858 1585 2900 se
1610 2842 1891 2911 didicisse,

285 2941 571 2999 Sedulium
598 2940 746 2997 diem
769 2955 928 2996 suum
958 2940 1188 3006 obiisse,
1211 2934 1524 2996 Theodosio
1544 2939 1789 3009 iuniore,
1810 2938 1896 2992 cui

287 3050 422 3105 opus
466 3033 697 3096 dicavit.
749 3043 803 3089 et
847 3032 1232 3089 Valentiniano
1279 3031 1664 3104 regnantibus.
1715 3029 1895 3086 Verba

1992 1931 2140 1971 mum
2169 1931 2295 1988 post.

2068 2011 2157 2065 l0.
2193 2011 2452 2067 Nonnihil
2482 2011 2554 2068 ab
2582 2012 2670 2071 his
2698 2012 2956 2070 diﬁ‘erunt
2983 2014 3093 2071 duo
3123 2016 3218 2071 alii
3250 2014 3495 2085 codices,
3518 2008 3599 2074 sl-

1994 2110 2078 2159 ter
2103 2103 2643 2173 Almeloveeaianus,
2667 2116 2836 2176 quem
2865 2104 3196 2164 Arntzenius
3225 2107 3600 2179 laudat;aiter

1992 2197 2374 2261 Britannicus,
2406 2210 2568 2267 quem
2601 2200 2709 2255 500
2733 2208 3001 2257 annorum
3030 2201 3166 2259 dicit
3192 2200 3459 2260 Cellarius
3487 2251 3500 2275 ,
3530 2214 3599 2262 ex

1994 2288 2221 2347 Usserio
2245 2333 2262 2357 ,
2292 2290 2362 2347 de
2410 2291 2545 2346 Brit.
2578 2292 2781 2349 oculos.
2812 2295 3084 2364 printortl.
3117 2302 3242 2366 cap.
3293 2297 3380 2353 l6.
3410 2296 3599 2354 Codex

1997 2380 2518 2439 Alnteloveeniattus
2556 2384 2637 2440 sic
2669 2384 2837 2441 habet
2866 2403 2880 2440 :
2912 2385 3167 2442 Sedulius
3192 2389 3462 2459 uersi/iens
3494 2390 3605 2460 pii-

1996 2490 2080 2529 mo
2106 2476 2290 2533 laicus.
2323 2476 2378 2529 in
2408 2475 2577 2531 Italia
2606 2476 3001 2548 philosbpniant
3032 2481 3245 2548 didicit;
3273 2491 3456 2553 postea
3481 2500 3600 2539 cum

1995 2568 2116 2622 aliis
2146 2578 2366 2623 metrum
2419 2571 2648 2625 ersiclnt
2681 2570 2990 2628 Macedonio
3018 2574 3288 2642 esttlante,
3320 2576 3375 2631 tn
3404 2577 3601 2632 Achaia

1997 2660 2158 2715 libros
2186 2674 2309 2716 suos
2338 2663 2549 2734 scripsit
2579 2666 2632 2717 in
2654 2672 2885 2732 tunpore
2928 2660 3188 2721 Valentini
3227 2676 3273 2721 et
3295 2664 3599 2724 Theodosii.

1999 2753 2357 2811 Emendatior
2383 2764 2469 2811 est
2505 2755 2675 2812 codex
2723 2754 3072 2831 Britannique
3096 2795 3112 2825 ,
3141 2760 3236 2829 qui
3274 2761 3352 2814 sic
3383 2752 3556 2817 refert
3584 2779 3598 2815 :

2001 2848 2250 2905 Sedulius
2273 2849 2538 2921 versiﬁctts
2564 2851 2732 2923 primo
2753 2849 2921 2906 laicus
2944 2851 2998 2905 in
3022 2852 3185 2907 Iolla
3207 2852 3601 2923 philosophiam

2000 2941 2184 2996 didicit
2218 2959 2236 2996 :
2260 2952 2441 3014 postea
2469 2959 2585 2997 cum
2614 2943 2737 2998 aliis
2767 2945 3023 2999 consuite
3062 2944 3328 3000 heroicum
3358 2952 3596 3014 marum,

2004 3033 2316 3090 Macedonio
2337 3036 2670 3103 consulente,
2700 3036 2903 3092 didicit.
2938 3036 3006 3092 In
3034 3034 3233 3092 Aeneia
3262 3037 3423 3093 libros
3474 3046 3598 3094 Cons

288 3128 562 3185 Gcnnadii
594 3143 662 3183 es
693 3126 922 3197 integris
972 3125 1383 3196 exemplaribus
1421 3124 1747 3181 Sirmondus
1789 3138 1894 3178 non
2001 3130 2209 3202 scripsit
2233 3138 2461 3202 tempore
2482 3129 2763 3185 Theodosii
2782 3140 2833 3185 st
2867 3125 3243 3187 Valentiniani.
3268 3132 3361 3188 llis
3381 3132 3603 3204 aaddc

290 3221 497 3292 profert
524 3238 538 3273 :
569 3218 691 3285 sed,
722 3228 783 3275 ut
807 3219 1067 3283 arbitror,
1094 3218 1237 3289 apud
1269 3217 1611 3275 Gennadiutn
1640 3219 1692 3272 in
1709 3232 1896 3274 exem-
1924 3207 1969 3271 C
2001 3223 2252 3279 codicem
2301 3223 2598 3293 quemdam
2644 3231 2825 3280 uteum
2851 3225 3235 3291 ubertatem,
3266 3225 3357 3294 Qui
3391 3227 3444 3280 in
3492 3226 3601 3282 title

290 3313 540 3385 plariltus
568 3311 799 3383 integris
830 3313 980 3383 legit,
1010 3310 1215 3369 obtisse
1246 3311 1556 3377 Sedulium,
1582 3311 1896 3368 Theodosio

288 3408 511 3479 juniore
554 3416 610 3463 et
662 3405 1047 3462 Valentiniano
1075 3405 1477 3477 regnantibus:
1525 3404 1670 3477 quod
1711 3414 1896 3462 autem

291 3503 547 3562 Sedulius
578 3502 897 3559 Theodosio
918 3502 1126 3573 juniori
1158 3518 1297 3571 opus
1331 3517 1488 3558 sttum
1520 3500 1807 3566 dicaverit,
1844 3499 1896 3555 id

294 3614 355 3656 ex
382 3592 777 3672 preconCepta
820 3610 915 3652 sua
962 3595 1222 3666 opinione
1270 3595 1509 3665 adjicere
1535 3593 1751 3648 videtur
1784 3592 1899 3650 Sir-

294 3693 527 3749 mondus
554 3709 573 3758 ;
601 3706 710 3763 qua
738 3690 808 3746 de
846 3704 905 3746 re
934 3689 1079 3744 alius
1122 3699 1305 3756 postea
1336 3687 1444 3743 erit
1472 3686 1777 3742 disserendi
1820 3686 1899 3742 lo-

294 3802 407 3841 cus.
440 3785 501 3840 ln
534 3782 776 3855 vulgatis
801 3781 1071 3839 Gennadii
1105 3780 1261 3837 libris
1280 3778 1414 3835 nihil
1443 3778 1675 3848 legimus
1701 3777 1773 3834 de
1800 3777 1899 3835 Se—

298 3880 468 3949 dulio,
494 3893 676 3951 neque
699 3875 918 3951 videtur
944 3874 1247 3946 quidquam
1291 3871 1436 3944 apud
1466 3870 1721 3929 eumdem
1751 3871 1897 3925 Gen.

301 3976 519 4032 nadium
552 3950 829 4044 reperisse
858 3970 1123 4037 lsidorus,
1166 3968 1261 4041 qui
1311 3971 1367 4025 in
1414 3967 1558 4025 libro
1602 3967 1673 4023 de
1716 3965 1894 4038 Scrip.

299 4071 497 4128 eccles.
513 4067 796 4126 Sedulium
821 4072 1095 4131 recenset,
1108 4072 1162 4119 et
1175 4077 1271 4118 eos
1286 4071 1492 4118 tantum
1507 4075 1797 4118 recensere
1812 4074 1899 4116 so-

297 4163 393 4231 let,
425 4163 519 4233 qui
547 4176 579 4216 a
608 4156 896 4216 Gennadio
928 4154 1283 4227 praetermissi
1323 4164 1471 4210 sunt.
1506 4153 1764 4210 Fortasse
1783 4152 1900 4222 jam

299 4266 407 4314 tum
437 4256 761 4327 imperfecta
789 4254 946 4326 plura
983 4260 1145 4308 erant
1185 4249 1525 4320 exemplaria
1575 4248 1847 4306 Gennadii
1882 4266 1895 4302 :

300 4351 396 4409 sed
424 4349 731 4419 optandum
759 4348 999 4406 maxime
1046 4344 1262 4410 fuisset,
1292 4353 1353 4401 ut
1378 4343 1708 4401 Sirmondus
1760 4343 1901 4398 inte-

301 4460 456 4516 grum
482 4441 754 4500 Gennadii
795 4440 1073 4512 exemplar
1103 4434 1265 4499 nobis
1304 4452 1413 4493 non
1452 4436 1763 4492 invidisset.
1792 4435 1903 4491 Alii

301 4537 638 4609 exemplaria
662 4533 959 4600 Gennadii,
986 4547 1109 4604 quae
1138 4530 1381 4603 perlecta
1407 4529 1694 4595 dicuntur,
1728 4528 1899 4584 inter—

306 4633 486 4703 polata
516 4631 699 4702 potius
727 4643 852 4686 esse
877 4635 1093 4700 putant.

373 4727 426 4801 5
456 4728 513 4783 9.
557 4725 634 4781 Ex
684 4722 993 4789 Gennadio,
1027 4719 1149 4778 sive
1173 4719 1315 4774 alius
1344 4718 1418 4774 sit
1461 4726 1656 4773 auctor
1681 4757 1696 4783 ,
1719 4717 1905 4773 corri-

308 4820 517 4891 gendos
545 4826 631 4875 est
657 4815 833 4873 codex
862 4808 1169 4883 Palatinus,
1201 4826 1365 4884 quem
1395 4825 1546 4866 num.
1581 4810 1615 4866 5
1645 4812 1907 4879 excitavi,

311 4913 366 4969 in
394 4927 503 4982 quo
550 4909 818 4973 asseritur
844 4950 860 4974 ,
898 4906 1183 4964 Sedulium
1226 4906 1283 4960 in
1332 4902 1619 4960 Arcadiam
1669 4904 1905 4960 venisse.

312 5005 438 5077 Legi
468 5004 617 5063 enim
655 5002 817 5059 debet
852 5002 907 5055 in
945 4999 1199 5055 Achaiam
1245 4999 1377 5055 venit
1420 5015 1440 5065 ;
1481 4998 1727 5068 quamvis
1758 4998 1911 5055 enim

311 5099 539 5155 Arcadia
568 5111 695 5168 pars
722 5096 793 5151 sit
818 5089 1062 5161 Achaite,
1096 5102 1278 5149 tamen
1306 5090 1521 5147 Achaia:
1549 5107 1751 5148 notuen
1773 5108 1915 5162 prae-

315 5191 599 5249 ferendum
632 5196 741 5246 est.
773 5186 1066 5244 Consentit
1090 5186 1265 5243 codex
1294 5185 1722 5253 Ottobonianus,
1755 5202 1904 5240 num.

315 5287 401 5354 35,
423 5297 595 5356 quem
629 5282 740 5336 Ott.
776 5282 800 5335 t
836 5280 1089 5346 nomino,
1114 5278 1204 5349 qui
1234 5288 1358 5348 post
1398 5277 1629 5349 elegiam
1663 5278 1904 5344 Sedulii,

316 5380 589 5434 Cantemus
608 5417 624 5442 ,
652 5375 731 5431 sic
759 5372 929 5430 refert
958 5386 971 5427 :
1001 5371 1196 5444 Incipit
1224 5384 1315 5426 ars
1365 5370 1571 5427 Sedulii
1607 5378 1794 5441 poene,
1818 5372 1907 5442 qui

317 5478 480 5546 primo
501 5477 667 5530 laicus
689 5473 743 5526 in
773 5470 941 5526 Italia
961 5462 1343 5541 philosOplu'am
1361 5468 1565 5536 didicit,
1593 5477 1765 5537 postea
1789 5484 1904 5520 cum

314 5573 429 5627 aliis
455 5579 738 5627 metrorum
753 5566 1026 5638 generibus
1046 5565 1310 5620 heroicam
1333 5573 1574 5630 metrum,
1594 5562 1908 5617 Macedonio

315 5665 633 5732 consulente,
663 5662 837 5717 docuit
885 5661 940 5716 in
978 5657 1200 5714 Achaia.
1247 5657 1431 5712 Libros
1469 5674 1592 5714 suos
1618 5657 1825 5729 scripsit
1855 5660 1910 5713 in

317 5768 542 5831 tempore
568 5760 945 5827 imperatorum
966 5753 1182 5809 minoris
1214 5750 1522 5821 Theodosii,
1544 5751 1642 5819 lilii
1671 5752 1908 5821 Arcadii,

321 5864 368 5909 et
405 5851 799 5920 Valentiniani,
830 5849 928 5920 ﬁlii
957 5845 1267 5904 Constantii.
1304 5844 1494 5902 Pax...
1530 5844 1737 5907 Desunt
1782 5848 1909 5903 reli-

1930 4596 1980 4656 D

1998 3314 2213 3371 Sedulii
2241 3316 2323 3371 sic
2353 3315 2519 3372 habet
2562 3333 2576 3369 :
2607 3314 2860 3372 Sedulius
2891 3326 3043 3388 poeta
3062 3356 3077 3385 ,
3111 3316 3410 3373 conatibus
3437 3315 3602 3372 Tllet»

1999 3409 2148 3464 dosio
2168 3419 2216 3463 et
2250 3408 2644 3472 Valentiniano.
2667 3412 2725 3464 in
2768 3409 2929 3466 "diu
2971 3410 3355 3482 philosophiam
3390 3404 3599 3465 didicit.

2000 3503 2139 3560 Inde
2187 3505 2256 3559 att
2298 3504 2457 3575 ﬁdem
2504 3504 2814 3560 anthelitam
2860 3516 3135 3563 conversas
3160 3547 3174 3572 ,
3208 3516 3241 3559 tt
3289 3504 3605 3560 Macedonis

2000 3599 2297 3670 presbytero
2324 3597 2613 3670 baptizatus
2655 3608 2755 3666 est,
2783 3609 2834 3654 et
2864 3599 2919 3654 in
2956 3596 3210 3654 Achaiam
3239 3604 3504 3671 profectas
3539 3590 3605 3653 liL

2001 3691 2149 3745 brum
2171 3693 2309 3745 hunc
2337 3674 2517 3746 contra
2545 3707 2797 3757 errorem,
2824 3702 2871 3746 et
2902 3691 2957 3745 in
2984 3691 3285 3746 tiaristh
3305 3690 3433 3762 ﬁdei
3453 3700 3597 3745 comi

2002 3783 2381 3837 mendatlonem
2426 3784 2660 3838 carmine
2707 3786 3017 3856 composuit.
3054 3786 3160 3841 Pro
3210 3783 3601 3853 Valentiniano,

2000 3878 2053 3932 in
2084 3890 2225 3932 nexu
2257 3878 2588 3944 litterarum,
2616 3878 2727 3948 legi
2758 3880 2937 3948 potest
2971 3878 3275 3935 Valentino.

2074 3972 2165 4026 ii.
2199 3970 2326 4025 llaec
2360 3985 2528 4039 pauca
2576 3986 2641 4025 ex
2673 3972 2911 4027 vetustis
2953 3970 3163 4028 Sedulii
3214 3968 3501 4029 codicibus
3534 3972 3608 4028 de

2001 4064 2121 4134 ejus
2140 4064 2249 4119 vita
2275 4063 2534 4134 colligere
2559 4064 2712 4130 licet,
2742 4079 2922 4135 neque
2944 4066 3053 4119 alia
3072 4064 3385 4135 antiquiora
3403 4066 3605 4121 adsunt

2002 4165 2377 4222 monumenta,
2402 4171 2469 4213 ex
2502 4157 2705 4226 quibus
2725 4157 2879 4228 plura
2908 4158 3197 4213 addamus.
3241 4156 3355 4214 Sed
3384 4168 3444 4213 ut
3482 4166 3605 4229 quis

2001 4251 2071 4307 de
2102 4265 2173 4307 eo
2199 4249 2364 4321 vulgo
2392 4249 2672 4317 dicuntur,
2706 4250 3052 4305 enucleatius
3082 4248 3457 4320 explicentur,
3490 4244 3609 4321 prio

2004 4362 2155 4402 mum
2180 4344 2564 4402 disserendum
2591 4355 2676 4399 est
2697 4344 2769 4399 de
2796 4343 2994 4415 patria.
3041 4343 3299 4414 Plerique
3323 4343 3611 4399 Sedulium

2004 4439 2232 4496 Scotum
2280 4438 2450 4494 fuisse
2499 4436 2801 4493 allirmant.
2852 4440 2924 4494 At
2969 4434 3239 4491 Cellsrius
3296 4443 3489 4502 tenet,
3519 4436 3615 4491 illa

2003 4539 2165 4586 actate
2199 4529 2515 4587 Hiberniam
2562 4529 2739 4585 fuisse
2765 4528 3013 4588 Sentium
3038 4560 3059 4597 φ
3087 4536 3241 4584 θιθι
3281 4528 3375 4584 illa
3414 4529 3619 4584 minori

2008 4625 2185 4681 insula
2216 4640 2417 4682 nomen
2448 4625 2774 4682 translatum
2808 4626 2989 4682 luisse
3012 4625 3073 4678 in
3092 4623 3389 4695 majorem;
3411 4625 3530 4679 sive
3557 4623 3621 4679 int
3728 4604 3729 4619 ‘

2009 4729 2217 4792 partem
2240 4720 2570 4777 Britannicae
2589 4719 2781 4776 insula
2798 4719 3279 4790 septentrionibus
3300 4720 3615 4777 obversata:-

2008 4830 2075 4870 ex
2103 4829 2215 4886 quo
2240 4815 2445 4887 arguit,
2468 4812 2755 4871 Sedulium
2787 4814 2959 4870 fuisse
2991 4813 3431 4871 Hiberniensem.
3461 4808 3621 4870 Hane

2012 4910 2187 4979 ipsam
2235 4909 2552 4979 opinionem
2608 4915 2863 4964 tenuerat
2929 4905 3188 4963 Usscrius
3243 4908 3313 4963 de
3363 4908 3615 4963 Britanni

2010 5002 2211 5057 ecclos.
2264 5001 2531 5070 primord.
2574 5015 2695 5070 cap.
2732 5000 2800 5056 i6
2844 5016 2859 5054 :
2895 4998 2972 5052 De
3017 5000 3197 5070 patria
3234 5010 3334 5054 sua
3363 4998 3614 5056 Sedulius

2010 5110 2185 5155 noster
2209 5096 2455 5151 dubitare
2485 5108 2581 5148 nos
2602 5109 2707 5173 non
2731 5094 2879 5160 sinit,
2905 5108 3020 5146 cum
3047 5093 3101 5145 in
3133 5088 3475 5160 (piscatorum
3491 5096 3614 5145 sea.

2008 5211 2130 5249 rum
2167 5189 2386 5247 exordio
2430 5197 2486 5243 ut
2525 5204 2590 5243 es
2618 5186 2907 5241 Tritlssntio
2935 5183 3303 5250 inmiserant”,
3334 5182 3618 5239 Sedulium

2013 5286 2351 5356 Scaligenans
2369 5299 2426 5336 se
2450 5290 2737 5352 nuncupat,
2760 5277 3095 5352 ejusdemque
3112 5278 3169 5330 in
3197 5275 3443 5348 epistolas
3470 5275 3613 5331 Pot!-

2008 5379 2145 5434 littus
2180 5376 2549 5431 cunctationes
2572 5408 2587 5442 ,
2611 5389 2678 5429 ea:
2710 5371 2966 5427 Faldsnsi
3014 5371 3281 5424 vetustatis
3326 5371 3617 5424 adoranda!

2010 5470 2299 5543 exemplati
2329 5469 2480 5524 edita
2499 5466 2635 5522 hanc
2658 5464 3050 5537 inscriptionem
3068 5460 3381 5531 prefer-ant:
3404 5463 3619 5518 Sedulii

2010 5567 2159 5624 Sooti
2185 5563 2547 5619 Hibemienst's
2571 5562 2633 5615 in
2666 5575 2845 5615 omnes
2870 5556 3118 5626 epistolas
3148 5553 3313 5609 Ponti
3354 5550 3620 5611 Callemu—

2010 5676 2187 5714 neunt.
2214 5657 2603 5724 Dempsterus,
2632 5654 2684 5707 in
2737 5651 2942 5705 llistor.
2986 5647 3184 5701 cccles.
3218 5647 3458 5708 Secum.
3489 5652 3615 5705 eunt

2014 5756 2083 5812 de
2112 5753 2340 5811 Sedulio
2371 5751 2502 5821 agit,
2529 5748 2787 5812 afﬁrmat,
2815 5744 2958 5798 hanc
2988 5752 3181 5799 vocem
3208 5741 3396 5800 Scottis
3420 5737 3612 5799 Iliber-

2017 5849 2213 5906 niensis
2238 5853 2554 5916 usurpatam
2579 5855 2688 5899 non
2716 5838 2885 5895 fuisse
2912 5834 3122 5894 Sedulii
3148 5850 3287 5906 aevo,
3307 5837 3403 5895 sed
3427 5847 3613 5910 postea
