4060 6320
442 258 552 314 839

1753 250 2037 309 C(ELIUS
2074 250 2436 310 SEDULIUS.

3637 257 3739 316 MO

443 377 513 434 ad
535 374 948 448 distinguendos
978 375 1173 429 Seotos
1213 372 1496 430 silvestres
1516 417 1530 440 ,
1563 387 1658 426 seu
1689 380 1978 426 montanos
2006 385 2038 426 a
2065 376 2116 434 Α
2145 370 2257 427 fere
2286 370 2692 427 commentitius
2723 371 2890 428 etiam
2921 371 3230 428 Haubertns
3261 375 3316 431 in
3346 374 3640 446 Chronico,
3671 379 3736 436 ad

444 469 886 526 mediterraneis.
919 471 990 522 At
1020 467 1280 524 Usserius
1309 465 1623 531 contendit,
1657 464 2046 520 l‘iibernienses

444 568 596 635 ipsos
643 564 817 620 dictos
859 564 1028 620 fuisse
1070 564 1255 620 Scotos
1307 561 1669 618 Hibernienses
1697 603 1711 626 ,
1741 561 1884 632 quod
1933 561 2044 631 jam

440 658 614 716 Orosii
650 667 895 730 tempore
935 657 1149 714 videtur
1172 657 1223 712 in
1250 671 1349 712 usu
1376 655 1561 712 fuisse.
1583 655 1870 711 Distinctio
1889 655 2048 710 Dem—

440 753 609 824 psteri
639 752 782 808 inter
810 751 1042 822 populos
1064 751 1210 820 ipsos
1227 749 1424 806 Scotia‘.
1451 747 1812 820 posteriorum
1833 757 2043 817 tempo-

439 862 559 903 rum
581 856 689 913 est,
724 855 782 900 ut
802 862 870 901 ex
899 845 1128 900 Diction.
1157 842 1457 914 geograph.
1483 841 1716 898 Ferrarii
1745 841 2039 912 colligitur.

516 941 608 996 12.
633 940 987 1005 Arntzenins,
1017 954 1140 994 eum
1171 939 1415 1006 Barthio,
1445 939 1790 1008 Dempstero,
1815 947 2044 991 auctore

443 1035 709 1091 Notarum
744 1036 809 1090 ad
843 1034 1145 1106 Gyraldum
1178 1075 1193 1100 ,
1223 1031 1530 1098 Borricbio,
1565 1031 1759 1088 Vussio
1786 1073 1800 1098 ,
1830 1043 1884 1087 et
1923 1029 2044 1086 aliis

439 1144 652 1200 censet,
678 1133 891 1190 Sedulii
918 1131 1147 1203 patriam
1172 1131 1339 1187 fuisse
1359 1140 1571 1200 partem
1599 1131 1792 1185 insula:
1820 1127 2042 1198 majoris

441 1229 797 1293 Britannicm,
827 1245 950 1299 qua:
975 1243 1119 1300 nunc
1143 1228 1328 1284 Scotia
1359 1226 1577 1282 dicitur.
1605 1225 1766 1280 Certe
1793 1222 2042 1293 plerique

442 1321 670 1377 Scotum
699 1337 822 1376 cum
855 1322 1185 1392 simpliciter
1213 1329 1410 1375 vocant
1453 1318 1733 1375 Sedulium
1757 1356 1771 1379 ,
1797 1316 1847 1372 id
1884 1315 2044 1370 intel-

443 1416 617 1488 ligere
645 1416 930 1482 videntur,
961 1416 1210 1485 quamvis
1242 1414 1471 1470 alteram
1507 1413 1575 1467 ab
1604 1411 1773 1466 altera
1798 1409 2038 1466 Sc0tiam

442 1508 702 1564 distincte
735 1525 842 1563 non
895 1516 1172 1578 separent.
1210 1507 1346 1562 lluic
1388 1520 1520 1560 sane
1559 1504 1843 1560 sententia:
1875 1500 2038 1557 veluti

445 1618 512 1658 ex
544 1603 594 1673 7
623 1602 899 1656 communi
949 1600 1245 1655 traditione
1290 1599 1492 1670 rigenti
1525 1597 1701 1653 libens
1744 1595 2037 1652 accedam:

450 1696 546 1751 sed
580 1695 798 1761 vellem,
825 1711 944 1750 eam
976 1695 1332 1750 validioribus
1361 1695 1694 1766 argumentis
1726 1707 1885 1762 posse
1912 1706 2042 1747 cou-

2150 481 2350 521 annum
2366 465 2494 522 528.
2509 465 2776 521 Cellarlus
2789 467 2858 523 de
2881 465 2986 523 fide
3009 467 3317 524 istiusmodi
3339 468 3735 530 Chronicorum

2152 558 2370 615 videtur
2396 558 2671 615 dubitare.
2697 558 2813 614 Nic.
2845 560 3149 628 Antonius,
3179 561 3397 617 Bibliot.
3431 563 3552 619 Vet.
3587 565 3734 638 llisp.

2151 654 2245 709 lib.
2279 670 2368 721 tu,
2398 669 2527 724 cap.
2563 655 2616 722 ὅ,
2652 671 2801 709 nmn.
2839 656 2943 710 113
2964 697 2978 721 ,
3014 655 3175 724 plane
3205 671 3324 712 eam
3357 657 3541 727 rejicit
3569 675 3582 711 :
3613 657 3738 712 Pro-

2149 746 2293 801 clivis
2322 763 2458 812 sum,
2488 759 2544 802 ut
2571 748 2800 814 credam,
2834 750 2942 816 ait',
2972 750 3256 822 episcopali
3283 765 3492 805 munere
3518 752 3572 805 in
3620 752 3740 808 His-

2147 842 2305 913 pania
2336 841 2550 910 tributo,
2578 841 2841 914 Hispanos
2861 860 3060 916 quoque
3081 846 3282 900 natales
3310 847 3635 902 subindicare
3659 866 3739 904 w-

2147 935 2302 992 luisse
2328 947 2609 992 auctorem.
2645 937 2754 993 Sed
2782 948 2886 992 tant
2922 938 3111 1008 falsum
3149 949 3224 995 est
3267 948 3437 994 ortum
3483 945 3622 1013 apud
3652 959 3739 998 nos

2147 1029 2444 1098 Sedulium,
2471 1047 2628 1103 quam
2655 1033 2950 1104 episcopum
2981 1033 3172 1088 alicubi
3203 1035 3382 1104 fuisse.
3415 1034 3536 1090 Nic.
3568 1034 3736 1092 Anto-

2147 1125 2270 1180 nius
2302 1125 2354 1178 in
2385 1124 2706 1181 refellendis
2738 1127 2886 1181 falsis
2907 1126 3215 1195 Chronieis,
3243 1144 3362 1200 qua:
3389 1130 3594 1186 saeculo
3621 1147 3740 1203 pro-

2145 1218 2289 1274 xime
2336 1217 2524 1289 elapso
2569 1220 2928 1275 disseminata
2986 1237 3081 1291 per
3138 1222 3455 1291 Histianiam
3507 1227 3739 1282 maxime

2145 1323 2290 1381 sunt,
2323 1327 2468 1383 saepe
2501 1313 2662 1379 ultra,
2687 1330 2846 1385 quam
2881 1331 2977 1385 par
3003 1328 3106 1381 esu,
3134 1331 3452 1387 progressus
3477 1317 3596 1374 luit.
3624 1317 3738 1376 Non

2149 1406 2316 1462 fuerit
2349 1407 2617 1478 Hispanus
2664 1408 2918 1464 Sedulius
2961 1427 2974 1462 :
3009 1425 3185 1479 neque
3229 1412 3372 1465 enim
3408 1411 3461 1466 id
3502 1411 3737 1469 auditum

2143 1510 2360 1556 conatat
2385 1510 2514 1556 ante
2539 1501 2838 1557 conlictum
2891 1503 3414 1572 pseudo-Dextrum.
3459 1505 3566 1561 Sed
3599 1507 3739 1578 quod

2141 1596 2345 1652 alicubi
2372 1599 2665 1668 episcopus
2710 1599 2920 1664 fuerit,
2948 1601 3184 1670 graviori
3216 1602 3543 1658 auctoritate
3591 1618 3736 1658 como

2143 1691 2426 1760 probatur,
2460 1700 2518 1744 ut
2569 1701 2754 1761 postea
2786 1707 3080 1763 exponam.
3108 1688 3385 1763 Hispanos
3413 1704 3598 1750 autem
3646 1712 3739 1751 na-

441 1791 671 1847 ﬁrmari.
707 1790 914 1846 Poterit
963 1790 1066 1846 huc
1098 1789 1244 1846 trahi
1287 1788 1668 1860 interpretatio
1721 1786 1922 1842 Barthii
1975 1786 2039 1842 ad
2072 1775 2120 1837 B
2150 1787 2285 1842 tales
2315 1787 2526 1843 Sedulii
2559 1803 2626 1843 ex
2669 1787 3034 1858 supposititiis
3071 1787 3356 1845 Chronicis
3408 1790 3741 1861 collegerunt

453 1902 599 1943 vers.
631 1886 703 1943 20
731 1887 856 1942 libr.
885 1903 926 1952 ι,
955 1887 1044 1942 ubi
1076 1889 1240 1942 verba
1273 1886 1582 1941 Rioliculove
1632 1883 1772 1940 Getis
1820 1885 2044 1954 exponit

440 1979 510 2036 de
541 1981 778 2051 quodam
810 1981 1050 2038 ridiculo
1087 1981 1190 2037 deo
1237 1991 1482 2036 veterum
1525 1980 1853 2045 Scotorum,
1888 1981 2042 2048 cujus

441 2073 821 2145 genealogiam
847 2072 1084 2128 Asserus
1116 2072 1403 2130 describit.
1434 2073 1512 2128 Ex
1536 2087 1644 2144 quo
1673 2072 2040 2142 conjecturam

440 2166 607 2221 ducet
633 2164 834 2234 aliquis
858 2207 874 2233 ,
908 2164 1190 2221 Sedulium
1221 2165 1673 2236 superstitionem
1721 2179 1834 2221 suae
1863 2165 2041 2235 gentis

443 2272 641 2318 notare
688 2261 950 2318 voluisse.
983 2261 1092 2320 Sed
1124 2261 1213 2318 illa
1244 2261 1453 2318 Barthii
1485 2303 1500 2328 ,
1531 2262 1716 2318 Asseri
1758 2262 1922 2317 etiam
1951 2302 1964 2326 ,
1988 2271 2043 2316 et

443 2354 680 2411 aliorqu
713 2355 1010 2426 esplicatio
1041 2370 1143 2411 suo
1186 2356 1305 2411 loco
1333 2371 1365 2410 a
1397 2355 1554 2411 nobis
1593 2355 1893 2427 rejicietur.
1924 2354 2040 2410 Non

437 2451 656 2508 invenio
691 2452 1064 2521 antiquiorem
1095 2451 1402 2507 Tritltemio
1433 2450 1770 2523 probabilem
1803 2451 2039 2520 scripto-

440 2560 558 2602 rem
588 2587 602 2614 ,
633 2545 729 2616 qui
777 2543 1007 2601 Sedulio
1057 2546 1298 2606 Scotiam
1351 2527 2038 2616 patriam.adjudicaverit.

441 2637 784 2694 Trithemius
813 2649 994 2694 autem
1027 2637 1186 2710 plura
1217 2638 1523 2695 babetaliis
1545 2639 1730 2709 ignota
1754 2655 1768 2692 :
1794 2637 2043 2694 Sedulius

439 2731 702 2803 presbyter
733 2733 940 2788 natione
970 2731 1181 2800 Scelus,
1213 2731 1508 2788 Hildeberti
1539 2733 1814 2788 Scotorum
1846 2732 2043 2787 archie-

437 2825 632 2897 piscOpi
653 2824 718 2879 ab
741 2825 946 2881 ineunte
971 2834 1124 2881 tetate
1145 2825 1458 2898 discipulus,
1481 2828 1562 2880 uir
1583 2827 1637 2880 in
1651 2827 1839 2880 diuinis
1863 2827 2045 2898 Scrip-

435 2918 566 2972 turis
587 2919 917 2986 exercitatus,
935 2927 982 2972 et
1004 2918 1057 2974 in
1076 2920 1411 2975 swcularibus
1433 2919 1618 2975 litteris
1639 2919 2038 2988 eruditissimus,

442 3011 674 3065 carmine
703 3010 960 3068 excellens
981 3053 996 3078 ,
1019 3023 1067 3067 et
1096 3029 1253 3083 prosa
1277 3053 1293 3081 ,
1326 3030 1503 3068 amore
1532 3014 1765 3069 discendi
1812 3013 2043 3070 Scotiam

439 3105 758 3174 relinquens,
793 3107 926 3161 venit
947 3107 1002 3160 in
1033 3105 1339 3174 Franciam,
1369 3109 1556 3163 deinde
1587 3107 1801 3162 Italiam
1831 3109 2039 3180 perlus-

2149 1882 2440 1938 Damianns
2465 1897 2495 1936 a
2529 1881 2694 1947 Goes.
2731 1895 2785 1938 et
2811 1883 3171 1939 Sebastianus
3202 1885 3515 1940 Munsterus
3546 1885 3599 1940 in
3650 1887 3739 1943 de-

2146 1975 2340 2045 seript.
2374 1976 2553 2046 ilisp.,
2587 1975 2680 2047 qui
2724 1977 2870 2031 nulla
2898 1976 3254 2032 distinctione
3273 1977 3538 2044 adhibita,
3569 1988 3625 2033 nt
3652 1979 3740 2036 ob-

2145 2079 2330 2124 servat
2372 2067 2661 2136 Usserius,
2692 2069 2972 2125 Sedulimn
3019 2080 3237 2142 poetam
3286 2071 3340 2125 in
3379 2071 3739 2142 lliSpanorum
3781 2118 3785 2122 .

2147 2178 2374 2220 numero
2424 2163 2791 2219 collocarunt.
2842 2164 3088 2220 Bivarins
3152 2179 3284 2219 vero
3347 2175 3739 2222 commentator

2147 2261 2572 2332 pseudo-Dextri
2594 2260 2801 2317 dubitat
2821 2302 2836 2326 ,
2870 2276 2936 2315 an
2969 2261 3076 2314 duo
3092 2259 3294 2316 fuerint
3314 2260 3525 2316 Sedulii
3548 2273 3736 2332 poetae.

2219 2355 2307 2409 15.
2341 2353 2566 2410 Sedulio
2620 2353 2746 2408 addi
2797 2353 2936 2408 solet
2985 2368 3302 2423 praenomen
3353 2351 3583 2420 Cwlius,
3628 2340 3738 2411 sive

2147 2447 2356 2515 Coelius,
2385 2447 2552 2517 quod,
2586 2447 2662 2502 ait
2694 2447 3046 2512 Arntzenius,
3080 2447 3327 2502 melioris
3357 2457 3499 2502 uota:
3529 2446 3737 2505 cndiCes

2145 2552 2468 2613 agnoscunt.
2496 2541 2675 2598 Facile
2698 2541 2942 2608 credam,
2972 2556 3284 2611 praenomen
3310 2541 3458 2597 Caelii
3483 2543 3536 2598 in
3561 2543 3736 2598 multis

2146 2652 2278 2692 mss.
2313 2639 2544 2708 reperiri
2578 2657 2592 2694 :
2623 2654 2746 2693 nam
2775 2647 2830 2694 et
2858 2638 3170 2694 veterrima)
3191 2637 3461 2694 editiones
3492 2638 3622 2693 illud
3649 2653 3736 2694 ex«

2146 2730 2355 2786 bibent.
2389 2731 2661 2800 Labbeus,
2689 2731 2757 2787 de
2786 2732 2989 2801 Script.
3029 2733 3262 2798 eccles.,
3295 2734 3580 2788 confirmat
3606 2775 3621 2801 ,
3645 2733 3736 2791 Se-

2144 2825 2285 2882 dulii
2314 2841 2626 2897 prmuomen
2659 2826 2744 2894 C.,
2774 2837 2870 2881 aut
2913 2824 3083 2892 Ctelii,
3116 2837 3206 2881 aut
3249 2828 3446 2882 chilii
3473 2828 3614 2898 apud
3655 2843 3735 2884 re-

2145 2921 2420 2977 centiores
2436 2921 2726 2978 esse.Hinc
2743 2921 2976 2977 fortasse
2997 2925 3047 2976 in
3068 2922 3302 2977 Diction.
3317 2921 3518 2994 Script.
3541 2924 3733 2980 eceles.

2145 3015 2439 3073 conﬁctum
2467 3015 2568 3071 fuit
2595 3015 2760 3071 Gaius
2789 3015 3028 3070 Caecilius
3059 3015 3325 3072 Sedulius.
3363 3017 3733 3086 Dempstcrus,

2147 3111 2200 3165 in
2235 3113 2441 3167 nistor.
2474 3113 2674 3168 eceles.
2705 3110 2852 3167 Scot.
2873 3154 2887 3178 ,
2918 3111 3134 3179 Caium,
3165 3121 3255 3165 aut
3288 3111 3553 3166 C(ecilium
3589 3112 3730 3168 dicit.

441 3199 593 3252 travit
613 3238 628 3264 ,
659 3207 706 3252 et
732 3199 932 3266 Asiam,
962 3209 1222 3272 postremo
1252 3201 1466 3255 Achaia:
1493 3202 1684 3270 ﬁnibus
1713 3201 1961 3254 excedens
1986 3199 2040 3254 in
2067 3173 2111 3234 θ
2146 3202 2320 3258 Meum
2365 3213 2546 3259 tamen
2579 3213 2664 3258 est
2698 3204 2938 3274 profiteri
2967 3245 2984 3272 ,
3013 3207 3064 3259 in
3091 3205 3376 3261 codicibus
3421 3221 3450 3260 a
3483 3222 3570 3261 me
3611 3207 3735 3261 visis

439 3292 562 3346 urbe
586 3290 751 3346 Roma
781 3293 1006 3349 mirabili
1027 3295 1266 3350 doctrina
1290 3296 1466 3351 clarus
1495 3294 1710 3361 effulsit.

513 3387 600 3443 15.
626 3385 744 3442 Νυη
771 3399 854 3444 est
877 3397 1042 3446 tautae
1070 3391 1412 3446 auctoritatis
1435 3388 1796 3452 Trithemins,
1815 3385 1902 3441 cui
1924 3385 2042 3440 sine

2146 3299 2252 3352 tale
2281 3313 2598 3368 praenomen
2631 3313 2738 3353 non
2771 3313 3040 3370 apparere
3065 3341 3080 3366 ,
3109 3311 3338 3371 excepto
3367 3300 3562 3356 codice
3592 3299 3734 3355 Vati-

2143 3403 2282 3444 cano
2329 3391 2530 3461 regina:
2571 3390 2874 3446 Succorum
2904 3433 2918 3456 ,
2951 3407 3101 3446 nmn.
3133 3393 3238 3447 555
3263 3433 3278 3458 ,
3309 3408 3474 3464 quem
3525 3392 3654 3465 Reg.
3687 3395 3730 3459 l,

435 3478 547 3535 alio
573 3479 712 3536 duce
763 3480 926 3537 ﬁdem
976 3493 1241 3552 prazstare
1297 3482 1612 3537 debeamus.
1658 3476 1816 3545 Quod
1862 3481 2121 3536 autem\
2145 3496 2302 3548 voco,
2328 3483 2516 3583 iniquo
2549 3483 2767 3538 inverso
2796 3484 2989 3539 ordine
3016 3495 3100 3540 est
3131 3485 3382 3540 Sedulius
3425 3483 3614 3540 Ctelius
3639 3528 3654 3552 ,
3687 3494 3738 3540 et

440 3572 585 3629 idem
619 3573 952 3631 Trithemius
982 3576 1197 3632 initium
1227 3575 1582 3644 epistolarum
1625 3570 1836 3627 Sedulii
1862 3571 1928 3625 ad
1959 3570 2042 3626 di-

440 3681 633 3723 versos
661 3669 740 3723 ait
765 3683 910 3737 esse,
943 3669 1198 3724 Sedulius
1225 3667 1526 3740 Scotigena,
1555 3665 1890 3735 Sedulioque
1916 3680 2040 3721 nos-

445 3770 532 3816 tro
560 3760 814 3817 attribuit
842 3762 1254 3819 Collectanenm
1287 3761 1341 3814 in
1388 3759 1648 3829 epistolas
1676 3759 1852 3825 Pauli,
1885 3761 2042 3829 cujus

439 3863 634 3911 auctor
660 3856 981 3912 inscribitur
1021 3853 1268 3910 Sedulius
1297 3853 1487 3910 Scotus
1515 3853 1900 3923 Hiberniensis,
1926 3857 2041 3911 haec

438 3964 554 4006 rem
607 3950 779 4006 multo
831 3948 1005 4020 magis
1057 3947 1321 4003 incertam
1383 3947 1636 4003 reddunt.
1678 3948 2043 4005 Consentinnt

443 4043 588 4099 enim
621 4044 722 4099 viri
751 4043 950 4109 critici,
986 4044 1104 4096 inec
1133 4056 1298 4112 opera
1333 4057 1440 4096 non
1471 4057 1594 4097 esse
1625 4042 1834 4099 Sedulii
1867 4043 2040 4098 nostri

440 4147 650 4209 poette,
683 4138 780 4195 sed
807 4137 1034 4193 alterius
1077 4136 1283 4193 Sedulii
1307 4137 1544 4208 junioris
1568 4182 1584 4208 ,
1615 4137 1684 4193 de
1710 4153 1820 4208 quo
1853 4146 2039 4207 postea

441 4230 644 4286 dicam.
677 4229 956 4298 Suspicari
986 4243 1118 4300 ergo
1155 4231 1441 4301 quisquam
1487 4230 1726 4299 poterit,
1757 4228 2037 4286 Sedulium

435 4337 658 4397 poetam
692 4339 720 4378 a
755 4323 1062 4378 Tritbemio
1095 4336 1150 4380 et
1181 4325 1305 4380 aliis
1330 4326 1555 4382 Scotum
1585 4325 1807 4380 natione
1835 4339 2042 4381 nuncu-

437 4421 577 4490 pari,
607 4417 732 4487 quia
766 4417 886 4487 ejus
912 4417 1179 4488 putabant
1205 4434 1328 4474 esse
1351 4435 1544 4489 Opera,
1572 4435 1694 4490 quae
1720 4418 1926 4476 Sedulii
1951 4420 2040 4489 ju-

433 4514 608 4570 nioris
633 4520 782 4576 sunt,
811 4520 868 4568 et
884 4526 1085 4568 nomen
1113 4513 1319 4569 Sedulii
1344 4515 1490 4570 Scoti
1515 4513 1836 4584 praeferunt.
1865 4513 2037 4568 immo

432 4605 709 4671 Labbeus,
738 4603 809 4660 de
831 4603 1038 4676 Script.
1067 4608 1266 4662 eccles.
1295 4616 1428 4663 tom.
1460 4607 1524 4674 ll,
1559 4617 1748 4678 aperte
1775 4606 2034 4676 affirmat,

435 4697 800 4766 recentiores,
835 4697 1188 4772 homonymia
1219 4700 1500 4766 confusos,
1529 4710 1640 4755 tres
1667 4702 1717 4754 in
1743 4715 1910 4755 unum
1939 4701 2038 4756 Se-

432 4789 616 4847 dulios
646 4789 993 4858 conludisse,
1027 4790 1308 4848 Sedulium
1345 4801 1561 4863 poetam
1596 4791 1782 4846 saeculi
1831 4807 1903 4857 tv,
1937 4793 2035 4846 Se-

431 4883 644 4940 dulium
678 4885 999 4956 episcopum
1049 4886 1244 4941 saeculi
1276 4902 1369 4942 vm
1395 4929 1411 4955 ,
1443 4895 1500 4942 et
1543 4886 1825 4942 Sedulium
1869 4887 2035 4942 inter-

431 4986 642 5048 pretem
665 4991 835 5033 sacrae
856 4977 1151 5048 Scriptura:
1167 4980 1349 5034 saeculi
1380 4994 1456 5033 Ix.

505 5070 594 5125 ut.
636 5069 745 5126 Sed
776 5070 1141 5128 abutemurne
1169 5085 1270 5127 nos
1301 5071 1402 5127 hac
1432 5069 1770 5141 conjectura,
1803 5079 1863 5127 ut
1896 5070 2033 5126 His-

425 5165 584 5236 panis
611 5164 814 5221 nostris
863 5164 1146 5222 Sedulium
1196 5174 1414 5236 poetam
1469 5166 1820 5221 annumerari
1873 5179 2033 5236 posse

426 5257 894 5327 pronuntiemus?
916 5257 1160 5314 Minime.
1193 5257 1448 5316 Veritatis
1463 5257 1610 5314 enim
1635 5273 1792 5313 amor
1822 5273 1890 5315 eo
1933 5273 2033 5314 nos

425 5349 599 5420 ducit,
630 5350 1025 5424 utjl'abulosam
1053 5365 1376 5408 censeamus
1424 5352 1800 5408 narrationem
1852 5351 2034 5408 Chro-

424 5445 532 5502 nici
561 5445 1033 5517 pseudo—Dextri
1063 5445 1130 5502 ad
1153 5461 1357 5502 annum
1379 5445 1507 5514 428,
1533 5461 1684 5502 num.
1705 5447 1732 5501 1
1762 5444 2026 5502 :Faetadio

422 5541 565 5609 ponti
570 5540 658 5610 ﬁci
674 5537 926 5597 Toletano
946 5539 1174 5595 succedit
1187 5537 1378 5596 Isicius
1390 5539 1676 5595 monachus
1700 5538 1898 5594 Palesti
1903 5555 2023 5607 nus,

415 5633 574 5705 squi
593 5631 871 5687 Sedulium
897 5633 1318 5705 amicumjsuum,
1335 5633 1700 5707 etg‘Oretanum
1726 5634 2026 5704 episcOpum

415 5724 805 5795 praedicationis
837 5726 1011 5798 gratia
1047 5723 1218 5781 Toleti
1261 5728 1452 5782 detinet
1483 5772 1496 5794 ,
1521 5728 1611 5796 qui
1649 5725 1787 5779 dono
1833 5723 1928 5776 Dei
1971 5723 2026 5778 in

412 5815 558 5881 poesi
581 5819 916 5887 oratorinque
942 5818 1224 5887 prteclarns
1247 5819 1436 5875 multos
1461 5822 1620 5876 libros
1644 5817 1925 5890 componit.
1949 5815 2026 5869 Ita

2145 3576 2332 3631 codice
2363 3576 2527 3632 etiam
2561 3578 2783 3650 regium,
2819 3595 2970 3634 num.
2997 3579 3087 3645 29,
3123 3595 3284 3651 quem
3318 3579 3449 3653 Reg.
3481 3581 3538 3644 5,
3565 3582 3737 3651 appel-

2145 3668 2292 3735 labo,
2323 3669 2416 3723 ubi
2443 3666 2634 3724 Calius
2654 3711 2668 3737 ,
2699 3672 2816 3726 sive
2847 3670 3019 3728 Celius
3051 3672 3298 3728 Sedulius
3331 3675 3662 3730 nominatur.
3692 3675 3738 3730 Is

2145 3769 2326 3816 autem
2359 3761 2533 3817 codex
2579 3765 2992 3819 recentissimus
3020 3774 3124 3831 est,
3156 3781 3219 3820 ac
3250 3767 3336 3821 vix
3384 3782 3482 3838 pro
3513 3783 3616 3823 ms.
3649 3769 3739 3822 ba-

2144 3853 2260 3908 beri
2291 3853 2493 3910 debet:
2525 3870 2728 3912 censeo
2775 3859 2921 3913 enim
2952 3901 2966 3924 ,
2995 3858 3330 3930 exscriptum
3373 3875 3502 3915 eum
3527 3875 3650 3918 esse
3675 3877 3733 3930 es

2143 3949 2266 4005 Aldi
2294 3950 2553 4019 editione,
2581 3962 2732 4007 certe
2760 3952 3032 4023 posterior
3056 3967 3118 4008 ea
3150 3954 3369 4023 quidem
3398 3965 3501 4010 est.
3532 3954 3587 4011 In
3609 3933 3777 4027 quo!"

2144 4045 2264 4099 dam
2293 4045 2501 4100 Barthii
2521 4046 2709 4102 codice
2732 4047 3056 4102 acrostichis
3079 4047 3283 4104 Liberii
3307 4049 3510 4105 dicitur
3533 4066 3653 4106 esse
3679 4051 3738 4103 de

2145 4135 2304 4192 Caelio
2338 4137 2578 4204 Sedulio,
2609 4140 2666 4212 9
2693 4149 2752 4194 ut
2783 4140 3014 4196 referam
3058 4144 3108 4195 in
3139 4141 3391 4212 Append.
3423 4144 3575 4213 Apud
3603 4143 3736 4198 anti-

2143 4229 2364 4296 quiores
2394 4229 2675 4286 Romanos
2707 4230 2906 4288 Caelius
2940 4247 3138 4287 nomen
3180 4243 3302 4288 erat
3327 4276 3342 4301 ,
3377 4249 3484 4289 non
3533 4249 3737 4304 praenoo

2145 4338 2289 4388 men,
2321 4332 2378 4376 ut
2411 4322 2487 4377 Μ.
2513 4322 2703 4380 C(elius
2733 4323 2905 4404 Rufus
2933 4368 2947 4388 ,
2983 4325 3045 4378 L.
3077 4325 3268 4380 Ctelius
3297 4327 3568 4397 Antipater
3597 4345 3616 4382 :
3642 4327 3734 4382 sed

2143 4416 2244 4469 sub
2266 4417 2686 4490 imperatoribus
2710 4432 2908 4489 magna
2932 4417 3147 4473 invecta
3171 4427 3255 4474 est
3280 4420 3620 4490 perturbatio
3643 4436 3735 4476 no-

2143 4509 2348 4563 minum
2375 4517 2432 4564 et
2462 4512 2878 4580 pramominum.

2217 4602 2301 4656 16.
2334 4600 2544 4658 Nomen
2596 4603 2845 4659 Sedulius
2892 4606 3132 4661 occurrit
3177 4605 3320 4676 apud
3377 4605 3729 4674 Ciceronem,

2143 4695 2248 4751 Pro
2269 4695 2432 4750 domo
2462 4712 2556 4751 sua
2606 4713 2727 4767 cap.
2778 4701 2866 4765 50;
2900 4699 2953 4754 in
3005 4697 3452 4770 inscriptionibus
3480 4701 3692 4757 Gruteri
3713 4746 3725 4769 ,

2143 4802 2260 4858 pag.
2295 4788 2353 4854 4,
2390 4804 2441 4842 n.
2479 4789 2531 4853 7,
2567 4788 2632 4843 P.
2667 4790 2914 4845 Sedulius
2957 4791 3236 4859 Julianus;
3267 4802 3322 4848 et
3355 4811 3402 4862 p.
3433 4796 3559 4863 181,
3587 4813 3639 4851 n.
3675 4796 3726 4862 9,

2143 4881 2205 4946 ρ.
2236 4880 2530 4948 Sedulius;
2575 4884 2719 4953 apud
2746 4883 3118 4953 Muratorium,
3152 4903 3270 4957 pag.
3312 4889 3471 4958 1215,
3519 4890 3730 4945 Sedulio

2141 4972 2321 5042 Laeta;
2345 4984 2400 5030 et
2421 4991 2538 5045 pag.
2579 4977 2714 5042 125,
2748 4993 2799 5030 n.
2831 4979 2886 5042 ιι,
2921 4978 3035 5034 haec
3077 4979 3274 5052 legitur
3314 4981 3594 5053 inscriptio
3635 4998 3727 5053 pa-

2137 5085 2256 5125 rum
2291 5079 2559 5138 correcta,
2590 5080 2650 5125 ut
2674 5069 2928 5126 videtur:

2708 5179 2757 5228 τι.
2784 5179 3053 5220 ssnvmvs.
3082 5182 3168 5221 ru.

2725 5250 2931 5291 SEDVLI.
2959 5253 3124 5292 κΑιοιι

2709 5322 2809 5362 ωε.
2847 5324 3026 5364 NABIS.
3057 5325 3124 5366 AC

2772 5395 2890 5434 Ανο.
2922 5395 3097 5435 ARCVII

2727 5466 2983 5507 STATVAS.
3021 5469 3147 5509 IDEII

2823 5539 3020 5580 ιι.ι›.ι)

2203 5636 2348 5690 Inter
2373 5634 2717 5694 Christianos
2757 5640 3004 5696 nonnulli
3052 5653 3314 5712 apparent
3368 5644 3471 5698 hoc
3510 5641 3724 5697 nomine

2133 5731 2448 5798 nuncupati.
2497 5729 2552 5783 in
2613 5732 2833 5788 Dissert.
2884 5734 3389 5806 lsagog.Bernardi
3439 5735 3606 5800 Pezii,
3656 5730 3720 5786 ad

2138 5830 2268 5874 tom.
2304 5819 2338 5873 Ι.
2373 5821 2638 5878 Thesanr.
2699 5827 2904 5880 Anecd.
2953 5842 3075 5895 pag.
3109 5830 3141 5880 5
3190 5842 3366 5897 seqq..
3405 5835 3718 5882 recensent!“
