4060 6320
223 313 326 373 ιιι

1604 319 1974 380 PROLEGOM
1983 323 2066 380 EN
2075 327 2108 380 Α
2122 365 2136 380 .

3421 335 3530 392 442

225 432 612 504 necrologium
664 449 764 489 ms.
799 432 1043 490 Abbatia:
1093 434 1149 491 S.
1182 435 1326 491 Petri
1384 435 1682 506 Salisburgi
1727 438 1832 494 sub
1863 445 1909 506 Α
1937 441 2142 510 dulius,
2175 445 2265 514 qui
2307 444 2408 500 hoc
2458 446 2576 516 ipso
2627 456 2878 519 tempore
2907 448 3190 516 tlorebat,’
3210 450 3278 506 ab
3319 451 3543 511 ineunte

223 527 450 582 Arnone
499 528 690 596 primo
742 527 1158 598 archiepiscopo
1203 527 1604 599 Salisburgensi
1667 529 1834 584 scribi

221 631 464 691 etapium
500 630 561 676 et.
595 636 626 674 a
659 621 858 677 comvis
889 637 1058 693 usque
1089 622 1156 677 ad
1193 623 1453 678 saeculum
1479 640 1554 678 xu
1602 623 1834 693 perduc-

222 723 356 770 tum.
408 713 468 769 ln
505 716 709 772 ordine
747 719 1124 789 episcoporum
1178 727 1233 772 et
1285 718 1542 772 abbatum
1591 718 1834 774 diverso-

221 824 337 863 rum
372 809 632 866 loc0rum
654 812 974 883 designatur
997 813 1238 868 Sedolius
1266 813 1566 885 episcOpus:
1591 814 1670 868 sic
1686 814 1828 868 enim

220 903 506 958 scribitur.
545 905 823 963 Praeterea
852 922 996 962 anno
1024 909 1147 974 72-1,
1180 907 1232 961 in
1269 909 1443 977 primo
1470 909 1704 963 concilio
1724 908 1832 963 Ro-

219 1011 378 1052 mano
408 997 520 1052 sub
550 998 821 1069 Gregorio
851 1000 916 1065 Il,
941 1000 1196 1056 Sedulius
1230 1001 1520 1056 Britanniae
1542 1002 1830 1071 episcopus

218 1089 595 1160 conspicitur.
629 1092 708 1148 De
731 1093 838 1148 alio
867 1093 1091 1150 Sedulio
1113 1095 1296 1149 smculi
1326 1110 1380 1149 ιχ
1408 1094 1515 1165 agit
1558 1095 1831 1164 Hepidan-

218 1199 318 1239 nus
348 1184 671 1239 monachus
712 1185 772 1241 S.
797 1184 958 1252 Galli,
995 1187 1044 1240 in
1094 1185 1399 1241 Annalibus
1438 1201 1466 1238 a
1513 1186 1828 1241 Ducbesnio

217 1277 402 1338 editis.
438 1286 578 1332 tom.
615 1276 687 1332 lll
739 1277 993 1334 Historia.
1028 1278 1294 1342 Franciar,
1355 1293 1472 1348 pag.
1510 1280 1635 1332 475.
1668 1280 1827 1334 Anno

215 1370 336 1438 8l8,
375 1370 644 1426 Sedulius
676 1372 864 1427 Scotus
891 1373 1064 1426 clarus
1086 1373 1325 1428 habetur.
1364 1374 1460 1428 ESt
1488 1375 1652 1427 etiam
1684 1374 1830 1443 ejus-

217 1464 334 1521 dem
379 1465 654 1533 nominis,
707 1467 824 1521 sive
872 1468 1211 1537 ceguominis
1263 1468 1528 1523 Henricus
1575 1468 1826 1524 Sedulius

216 1561 423 1617 ordinis
456 1560 763 1630 Minorum,
794 1563 1027 1633 scriptor
1049 1564 1237 1619 steculi
1269 1580 1373 1618 xvn
1405 1580 1510 1619 non
1545 1563 1699 1619 valde
1731 1578 1827 1619 no-

214 1661 319 1718 tus,
352 1656 615 1724 quamvis
640 1671 780 1724 opus
811 1671 909 1726 pro
951 1656 1153 1714 celebri
1201 1657 1338 1712 libro
1369 1655 1822 1713 Conformitatuni

212 1746 269 1805 S.
296 1745 588 1802 Francisci
613 1751 916 1819 scripserit.
940 1751 1161 1806 Samuel
1185 1751 1434 1806 Hundius
1461 1752 1630 1806 latere
1656 1753 1826 1806 voluit

1938 546 2104 593 aetate
2134 540 2458 610 magistrum
2514 541 2769 599 habuerit
2822 544 3204 601 llildebertum
3246 545 3538 603 Scotorum

1935 633 2406 705 archiepiscOpum
2430 635 2454 689 ἒ

2007 727 2100 781 18.
2137 727 2253 782 Etsi
2282 739 2466 784 autem
2501 743 2606 784 non
2640 741 2879 799 constat,
2913 735 3015 788 sub
3055 734 3214 803 cujus
3241 734 3534 806 disciplina

1945 818 2203 875 Sedulius
2236 820 2306 876 ab
2345 820 2566 877 ineunte
2597 833 2754 879 aetate
2791 825 3123 896 profecerit,
3161 837 3340 884 tamen
3383 828 3534 884 nulla

1933 928 2095 969 causa
2125 922 2210 970 est
2237 929 2335 969 cur
2355 915 2646 970 credamus
2669 933 2790 972 eum
2823 919 3019 974 laicum
3043 921 3304 990 gentilem
3333 921 3525 992 fuisse,

1933 1015 2006 1072 et,
2035 1016 2322 1077 postquam
2352 1007 2752 1078 pbilosolihiam
2804 1014 2902 1083 ιι
2926 1011 3213 1081 didicerat,
3248 1013 3313 1069 ad
3357 1015 3530 1071 Deum

1931 1115 2281 1166 conversum,
2333 1100 2750 1157 Sacrantentum
2811 1103 3072 1173 Baptismi
3131 1121 3160 1159 a
3206 1105 3528 1165 Macedonio

1931 1193 2262 1263 suscepisse.
2294 1201 2352 1248 ut
2378 1204 2632 1249 narratur
2665 1196 2717 1249 in
2743 1195 2932 1252 codice
2965 1195 3250 1265 Vaticano,
3288 1215 3440 1254 num.
3473 1200 3529 1265 5,

1932 1287 2127 1353 relato,
2161 1297 2218 1342 et
2249 1289 2301 1342 in
2324 1289 2516 1344 codice
2541 1303 2665 1343 meo
2697 1289 3013 1356 chartaceo,
3043 1305 3195 1346 num.
3224 1292 3310 1345 10.
3345 1290 3402 1346 Id
3427 1306 3524 1346 au-

1929 1392 2038 1435 tem
2065 1395 2132 1436 eo
2157 1383 2338 1435 minus
2370 1382 2562 1443 credo.
2597 1398 2704 1451 quo
2735 1383 2980 1450 apertius
3002 1383 3162 1438 video
3200 1382 3344 1438 unde
3372 1398 3527 1440 error

1930 1485 2094 1529 natus
2119 1475 2306 1530 fuerit.
2336 1475 2427 1529 Ait
2461 1474 2718 1531 Sedulius
2753 1476 2804 1528 in
2834 1476 3065 1546 epistola
3100 1475 3444 1531 dedicatoria
3463 1477 3531 1532 ad

1929 1567 2341 1623 Macedonium:
2373 1565 2500 1622 Cum
2526 1569 2867 1624 stecularibus
2890 1570 3052 1642 igitur
3079 1569 3264 1624 studiis
3309 1587 3534 1640 occupa-

1927 1671 2008 1714 tus
2038 1661 2138 1713 vim
2185 1660 2503 1729 impatientis
2546 1661 2759 1731 ingenii,
2810 1660 2951 1731 quod
2993 1660 3298 1716 Dit'initatis
3348 1663 3402 1716 in
3453 1679 3537 1718 me

1928 1742 2252 1823 p'roridentia
2275 1754 2556 1823 generavit,
2607 1769 2709 1806 non
2743 1752 2963 1808 utilitati
2995 1753 3210 1820 animle,
3263 1754 3351 1808 sed
3392 1755 3538 1809 inani

209 1838 308 1894 sub
331 1842 565 1895 nomine
600 1841 809 1897 Sedulii
836 1842 1041 1909 Numae,
1077 1845 1128 1897 in
1163 1859 1353 1913 Opere,
1385 1845 1542 1899 Bulla
1565 1845 1824 1901 Innocen-
1855 1827 1897 1888 Β
1926 1849 2044 1902 rita:
2071 1848 2434 1918 dependerem,
2480 1856 2526 1901 et
2555 1847 2828 1902 litterariae
2869 1847 3082 1902 solertia
3113 1849 3412 1920 disciplima
3451 1850 3535 1905 lu-

212 1934 268 1988 tii
288 1933 338 1988 Χ
363 1935 620 1990 adversus
643 1938 871 2008 quinque
902 1939 1300 2009 prepositiones,
1329 1947 1434 1994 etc.
1483 1940 1560 1993 De
1598 1941 1817 1996 Sedulio

213 2044 358 2096 vero,
393 2031 487 2101 qui
523 2032 765 2087 concilio
789 2032 1036 2088 Romano
1067 2033 1168 2088 sub
1190 2033 1455 2105 Gregorio
1485 2035 1524 2090 ll
1552 2037 1810 2103 interfuit,

212 2121 458 2178 Labbeus
493 2125 642 2179 hanc
685 2123 857 2181 refert
888 2125 1377 2196 subseriptionttn:
1421 2127 1671 2183 Sedulius
1709 2129 1818 2200 epi-

211 2231 390 2287 scopus
434 2215 738 2271 Britannice
771 2217 836 2272 de
863 2235 1045 2288 genere
1083 2218 1360 2274 Scotorum
1390 2219 1511 2272 huic
1539 2222 1816 2276 constituto

213 2324 242 2361 a
270 2310 416 2364 nobis
458 2311 798 2382 promulgata
826 2313 1127 2383 subscripsi.
1180 2313 1235 2367 In
1267 2314 1455 2370 codice
1488 2315 1609 2370 Vat.
1646 2317 1814 2382 1542,

217 2410 296 2455 est
320 2402 581 2457 collectio
611 2418 907 2470 canonum,
931 2421 1091 2473 quam
1118 2406 1220 2477 ιο
1234 2407 1483 2461 eamdem
1509 2421 1660 2470 esse,
1696 2422 1815 2475 quae

212 2491 578 2551 Cresconiana
609 2498 815 2567 passim
837 2514 864 2552 a
892 2497 1130 2553 Baronio
1154 2501 1204 2552 in
1237 2501 1541 2554 Annalibus
1561 2508 1811 2564 vocatur,

211 2589 400 2659 aliquis
431 2592 599 2646 initio
629 2592 836 2647 codicis
867 2595 1166 2648 annotavit.
1216 2593 1321 2650 Sed
1366 2595 1665 2659 Ballerinii,
1722 2595 1812 2665 qui

215 2682 263 2738 in
293 2684 536 2742 editione
589 2701 818 2756 operum
870 2687 928 2743 S.
958 2687 1156 2743 Leonis
1185 2688 1253 2743 de
1283 2689 1699 2743 collectionibus
1727 2704 1815 2742 ca-

214 2793 407 2834 nonum
435 2780 822 2835 eruditissime
852 2791 1040 2852 agunt,
1074 2793 1224 2837 recte
1251 2781 1579 2845 observant,
1631 2781 1814 2836 diver-

213 2885 319 2927 sam
357 2873 500 2930 hanc
530 2889 662 2930 esse
711 2875 778 2928 ab
807 2890 892 2941 ea,
937 2891 1056 2943 qua:
1104 2874 1469 2930 Cresconiana
1523 2891 1551 2929 a
1581 2875 1814 2930 Baronio

215 2979 579 3037 nuncupatur.
639 2967 771 3038 Pag.
807 2970 901 3022 lill
937 2968 1099 3037 hujus
1128 2967 1331 3022 codicis
1363 2978 1486 3022 sunt
1525 2966 1684 3020 Tituli
1727 2968 1815 3020 de-

216 3072 458 3115 cretorum
493 3061 740 3134 Gregorii
773 3078 924 3130 papa:
944 3063 1198 3134 junioris,
1234 3063 1283 3115 li.
1331 3078 1406 3128 e.,
1438 3062 1690 3132 Gregorii
1744 3061 1805 3117 ll.

217 3153 402 3222 initio,
450 3158 602 3212 inter
648 3157 937 3227 episcOpos
968 3169 1327 3213 recensentur
1370 3158 1667 3211 Sinderado
1715 3156 1810 3211 Ar.

1922 1941 2062 1995 sib-ns
2083 1940 2393 2010 infructuosi
2415 1941 2609 2009 operis,
2635 1954 2738 1992 non
2762 1943 2965 1994 auctori
2985 1939 3294 2011 deseruiret,
3323 1941 3534 1997 tondent

1921 2036 2211 2089 misericors
2235 2050 2410 2088 rerum
2435 2033 2688 2089 Conditor
2709 2033 3016 2088 clementi-us
3050 2033 3305 2104 fabricam
3338 2037 3420 2090 sui
3440 2036 3535 2105 ju—

1918 2129 1992 2181 ris
2020 2128 2243 2198 aspexit,
2268 2139 2314 2181 et
2337 2127 2523 2181 stultos
2556 2129 2608 2181 in
2634 2143 2713 2180 me
2729 2127 3012 2181 inundatur
3035 2128 3308 2197 sapientia:
3336 2127 3534 2182 diutius

1919 2219 2095 2274 haberi
2118 2237 2297 2274 sensus
2320 2220 2566 2287 indoluit,
2610 2230 2724 2275 etc.
2759 2221 2884 2274 llaec
2907 2230 3114 2287 autem,
3148 2229 3204 2276 et
3230 2221 3334 2276 alia
3359 2221 3518 2275 simi-

1921 2314 2013 2379 lia,
2046 2328 2167 2382 qu:c
2199 2323 2525 2381 sequuntur,
2563 2328 2670 2367 non
2703 2322 2937 2384 arguunt
2968 2312 3245 2368 Sedulium
3269 2313 3378 2368 hoc
3403 2313 3522 2382 ipso

1920 2414 2167 2474 tempore
2195 2397 2428 2460 etlinicie
2457 2404 2835 2474 superstitioni
2867 2405 3144 2460 addictum
3161 2406 3352 2472 fuisse,
3377 2406 3526 2476 quod

1917 2498 2258 2567 gravioribus
2286 2498 2470 2552 verbis
2486 2497 2675 2553 debuit
2699 2497 3003 2562 declarari;
3031 2497 3126 2552 sed
3151 2498 3331 2552 solum
3356 2497 3530 2553 deno-

1919 2589 2289 2643 tautanitnum
2312 2587 2431 2657 ejus
2454 2587 2698 2657 profanis
2718 2587 2960 2643 deditum
2984 2588 3311 2658 disciplinis,
3340 2603 3404 2642 ac
3427 2604 3523 2659 pa-

1916 2700 2036 2739 rum
2066 2684 2274 2738 divinas
2303 2693 2611 2738 curantem.

1988 2783 2078 2838 l9.
2112 2781 2299 2850 itaque
2324 2783 2467 2854 quod
2501 2792 2689 2852 postea
2722 2783 2895 2851 addit,
2941 2784 3328 2840 Maeedonium
3374 2784 3522 2842 allo-

1914 2891 2119 2948 quens,
2174 2875 2262 2929 Me
2309 2892 2572 2941 noveram,
2610 2877 2689 2930 uel
2739 2888 2850 2941 tua,
2886 2885 3031 2948 pater
3081 2877 3394 2941 beatissime,
3437 2879 3518 2934 vel

1914 2970 2161 3037 aliorum,
2194 2987 2322 3039 quos
2351 2972 2521 3043 gratia
2559 2971 2800 3026 similiter
2829 2972 3046 3026 cmlestis
3077 2971 3329 3037 illustrat,
3363 2972 3519 3041 quid-

1914 3065 2036 3118 dam
2089 3065 2366 3136 profecisse
2413 3066 2674 3130 doctrina,
2733 3064 2783 3118 id
2831 3079 2938 3119 non
2971 3063 3199 3131 indicat,
3233 3063 3520 3120 Sedulium

1914 3173 2073 3213 sacro
2116 3158 2452 3228 Baptismate
2483 3172 2513 3211 a
2545 3157 2864 3213 Macedonio
2899 3157 3144 3212 ablutum
3192 3157 3385 3221 fuisse,
3420 3155 3522 3212 sed

213 3250 534 3322 cltiepiscopo
589 3221 901 3319 Hispaniis,
954 3253 1168 3308 Sedulio
1215 3254 1455 3323 episcopo
1487 3253 1771 3308 Britannice
1793 3296 1806 3318 ,
1839 3221 1885 3286 Ω
1919 3254 2098 3323 potius
2137 3267 2420 3308 sacrarum
2463 3251 2769 3305 litterarum
2801 3250 3086 3304 scientiam
3132 3249 3203 3302 ab
3236 3264 3302 3303 eo
3332 3262 3526 3317 perce-

215 3341 462 3418 Fergusto
535 3347 783 3419 episcOpo
851 3346 1098 3403 Scotltite.

215 3451 387 3493 vero:
449 3437 788 3494 Sinderadus
845 3439 1267 3510 archiepiscopus
1336 3441 1560 3514 regionis
1618 3440 1812 3511 Hispa-

214 3531 306 3584 nia:
338 3532 459 3586 huic
490 3533 800 3599 constituto,
835 3541 975 3596 etc.;
1027 3532 1275 3586 Sedulius
1318 3534 1585 3604 episcopus
1613 3532 1676 3584 de
1724 3548 1810 3602 ge-

215 3639 324 3678 nere
345 3624 648 3680 Britanniaz
675 3624 796 3680 huic
845 3627 1146 3693 constituto,
1171 3637 1279 3680 etc.
1315 3642 1328 3691 ;
1388 3623 1675 3696 Fel-gustus
1704 3627 1809 3697 epi—

211 3733 386 3784 scopus
442 3737 509 3775 ea:
545 3736 738 3794 genere
794 3719 1088 3774 Gothorum
1135 3720 1255 3773 huic
1325 3721 1627 3786 constituto,
1700 3731 1804 3776 etc.

212 3811 311 3868 Pro
383 3814 682 3870 Gothorum
751 3815 1038 3886 legendum
1105 3815 1318 3869 videtur
1393 3815 1686 3869 Scotorum.
1750 3813 1805 3867 In

212 3905 311 3960 alio
336 3909 528 3964 codice
555 3907 681 3962 Vat.
706 3907 865 3974 15M,
900 3908 1248 3962 nominantur
1275 3908 1439 3960 etiam
1470 3907 1522 3960 in
1552 3906 1654 3960 hoc
1679 3920 1811 3960 con-

212 3999 332 4054 cilio
359 4001 692 4056 Sinderedus
717 4000 1136 4073 archiepiswpus
1167 4001 1398 4072 Spanice.
1433 3999 1681 4054 Sedulius
1702 3999 1810 4068 epi-

212 4109 388 4166 scopus
423 4096 748 4151 Britanniae.
804 4095 872 4150 Et
914 4095 1249 4151 Sinderedus
1285 4094 1532 4164 quidem,
1565 4095 1636 4147 ita
1664 4091 1809 4147 enim

216 4187 267 4242 in
295 4193 559 4262 catalogis
592 4191 887 4260 pracsulum
920 4191 1313 4245 Toletanoruni
1350 4189 1676 4259 appellatur,
1702 4202 1811 4256 quo

213 4287 450 4354 tempore
474 4284 744 4340 Saraceni
787 4283 1104 4354 Hispaniam
1139 4291 1502 4353 occuparunt,
1551 4281 1808 4336 Toletaua

213 4377 336 4434 sede
361 4394 461 4434 sua
490 4378 714 4444 relicta,
762 4377 988 4434 Romam
1021 4377 1293 4448 confugit:
1327 4377 1580 4433 Sedulius
1605 4390 1708 4446 qua
1741 4374 1810 4430 de

213 4484 367 4526 causa
399 4473 637 4527 Romam
665 4472 1004 4536 convenerit,
1033 4472 1300 4526 incertum
1330 4469 1463 4524 mihi
1489 4477 1591 4524 est.

280 4565 363 4619 l7.
398 4565 685 4621 Sedulium
709 4575 927 4633 poetam
959 4563 1257 4618 Hildeberti
1283 4564 1568 4618 Scotorum
1597 4560 1809 4613 antisti-

1183 3348 1240 3402 ln
1317 3348 1808 3418 subscriptionibus
1857 3365 1865 3378 '

1915 3349 2082 3419 pisse.
2128 3347 2195 3402 Et
2239 3363 2362 3403 cum
2389 3345 2644 3400 Sedulius
2676 3354 2861 3414 postea
2908 3344 3150 3398 rationes
3181 3343 3374 3398 all'erat
3421 3358 3521 3398 cur

1914 3439 2235 3496 Macedonio
2261 3454 2371 3508 pra:
2401 3439 2616 3494 caeteris
2630 3452 2768 3507 opus
2794 3453 2952 3492 suum
2979 3435 3220 3506 dedicet,
3253 3451 3361 3491 non
3383 3452 3526 3506 pra:-

1916 3535 2241 3589 termisisset
2271 3534 2420 3588 clare
2467 3533 2800 3602 exprimere,
2839 3530 2881 3584 si
2930 3546 3118 3585 verum
3175 3539 3349 3596 esset,
3384 3530 3532 3600 quod

1914 3627 2218 3697 baptizatus
2250 3629 2320 3682 ab
2361 3643 2429 3683 eo
2482 3627 2718 3682 fuisset:
2757 3628 3060 3696 przrsertiut
3112 3641 3235 3680 cunt
3281 3625 3350 3680 de
3399 3625 3523 3682 aliis

1913 3721 2062 3777 dicat
2115 3723 2182 3776 ad
2231 3723 2488 3778 eumdem
2537 3722 2914 3778 Macedonium
2961 3721 3154 3776 :Alios
3196 3723 3334 3776 intra
3376 3732 3522 3794 septa

1913 3817 2084 3887 gregis
2114 3817 2189 3869 tui
2213 3832 2332 3870 oves
2359 3817 2547 3884 fecisti.

1985 3907 2075 3963 20.
2119 3907 2304 3962 Refert
2333 3906 2689 3974 Tritliemius,
2725 3907 3010 3962 Sedulium
3053 3921 3241 3961 amore
3271 3907 3517 3963 discendi

1913 4001 2129 4055 venisse
2169 4001 2222 4054 in
2270 3998 2584 4063 Franciam,
2629 4000 2826 4052 deinde
2877 3998 3080 4052 Italiam
3127 3999 3514 4067 perlustrasse,

1913 4093 2097 4149 Asiam
2127 4104 2181 4147 et
2213 4092 2498 4160 Achaiam,
2530 4102 2814 4160 postremo
2834 4092 3020 4145 Romae
3042 4091 3330 4146 claruisse.
3368 4091 3518 4147 Hanc

1916 4188 2286 4242 narrationem
2319 4186 2634 4255 amplificat,
2671 4195 2726 4239 et
2755 4195 2986 4240 exornat
3017 4184 3223 4256 Xystus
3255 4185 3518 4240 Senensis

1916 4280 1952 4334 Ι.
1997 4295 2046 4334 iv
2094 4277 2350 4333 Bibliotb.
2401 4285 2603 4345 sanct.,
2649 4277 2738 4332 ubi
2779 4277 2846 4331 de
2895 4278 3066 4332 Ctelio
3107 4275 3330 4331 Sedulio
3376 4278 3448 4329 ait
3505 4293 3518 4330 :

1920 4371 2074 4426 Velut
2097 4372 2227 4425 alter
2250 4369 2563 4438 Apollonius
2606 4367 2868 4439 Tyanazus
2900 4370 3182 4440 fugientem
3209 4368 3520 4440 sapientiam

1913 4474 2020 4519 toto
2042 4474 2297 4519 terrarum
2309 4461 2431 4516 orbe
2453 4462 2778 4531 perquirens,
2802 4460 3154 4528 Britanniam,
3174 4459 3515 4530 Hispaniam,

1914 4556 2164 4620 Galliam,
2212 4555 2448 4623 Italiam,
2486 4553 2744 4610 erciam
2795 4564 2840 4608 et
2892 4555 3070 4608 Asiam
3108 4555 3238 4606 inira
3281 4555 3518 4610 discendi

215 4657 279 4711 tis
315 4658 650 4729 discipulum
681 4619 748 4713 ab
779 4657 1005 4712 ineunte
1033 4665 1194 4711 aetate
1223 4655 1414 4717 fuisse,
1449 4651 1801 4716 'l‘ritltemius,
1837 4619 1888 4679 Ι)
1913 4652 2098 4707 ardore
2126 4649 2454 4722 perlustravit
2494 4666 2510 4703 :
2555 4649 2860 4720 tandemque
2907 4649 3086 4703 [ἔσηκε
3114 4649 3305 4702 divinis
3346 4659 3394 4702 et
3423 4649 3516 4703 hu-

214 4759 268 4802 ut
298 4749 564 4815 vidimus,
599 4757 803 4803 narrat.
854 4748 960 4806 Sed
993 4747 1044 4802 id
1078 4745 1279 4803 refellit
1318 4746 1587 4800 Baronius
1615 4744 1680 4797 ad
1711 4758 1809 4797 an-

221 4854 342 4894 num
382 4841 514 4906 429,
549 4857 701 4896 num.
727 4841 761 4896 4
788 4857 802 4905 ;
835 4841 1097 4895 observat
1123 4840 1304 4902 enim,
1336 4839 1573 4908 primum
1609 4837 1812 4891 Scotiae

219 4934 533 5005 episcopum
563 4934 734 4990 fuisse
763 4934 1093 5003 Palladium,
1119 4947 1150 4986 a
1171 4931 1473 4989 Ctelestino
1506 4931 1651 4998 Papa
1678 4929 1808 4983 llllS-

217 5040 352 5094 sum,
383 5028 536 5098 quod
561 5029 851 5082 confirmat
878 5043 946 5081 ex
969 5027 1259 5094 Prospero,
1297 5025 1350 5078 in
1377 5022 1674 5088 Chronico,
1705 5021 1807 5075 sub

218 5121 530 5176 consulibus
560 5120 874 5176 Theodosio
903 5131 959 5174 et
1011 5117 1422 5184 Valentiniano,
1472 5126 1528 5172 et
1557 5116 1610 5170 in
1643 5129 1808 5185 opere

221 5213 480 5270 adversus
510 5213 868 5282 Collatorem,
903 5213 956 5268 in
991 5214 1114 5280 lin.,
1143 5211 1233 5267 ubi
1275 5209 1638 5268 Ctelestiuum
1693 5208 1806 5262 Iau-

219 5305 368 5375 dans,
399 5309 507 5364 ait:
558 5307 815 5362 Ordinato
848 5307 1018 5364 Scotis
1040 5309 1308 5377 episcOpo,
1353 5306 1475 5359 dum
1515 5303 1809 5358 Romanam

218 5402 439 5458 insulam
464 5403 636 5457 studet
680 5419 880 5458 servare
914 5401 1243 5468 catholicam,
1279 5402 1404 5471 fecit
1448 5401 1606 5454 etiam
1628 5396 1810 5451 barba-

220 5498 709 5553 rantchristianam.
749 5498 1090 5553 Britanniam
1138 5509 1293 5551 vocat
1323 5496 1616 5552 Romanam
1660 5495 1808 5547 insu-

223 5588 337 5655 lam,
391 5592 636 5648 Scotiam
687 5591 974 5647 Barbarum
1015 5592 1173 5657 dicit,
1215 5591 1340 5661 quia
1373 5590 1479 5645 etsi
1522 5589 1634 5658 jam
1679 5587 1808 5641 olim

223 5684 371 5739 multi
398 5685 450 5740 in
496 5685 684 5741 Scotia
732 5685 940 5741 Christi
973 5686 1135 5741 fidem
1177 5684 1421 5754 amplexi
1454 5683 1689 5749 fuerant,
1727 5691 1804 5734 ta-

226 5791 340 5830 men
369 5781 606 5833 maxima
639 5793 764 5847 pars
791 5780 912 5850 ejus
939 5781 1118 5850 gentis
1151 5777 1296 5832 idola
1327 5778 1699 5834 venerabatur
1719 5817 1732 5839 ,
1756 5783 1812 5830 et

229 5865 572 5927 barbarorum
607 5872 718 5926 ritu
741 5873 981 5929 vivebat.
1013 5873 1115 5941 Qui
1141 5886 1268 5941 ergo
1294 5871 1409 5927 lieri
1433 5871 1612 5940 potuit
1637 5869 1810 5926 utSe-

1912 4747 2078 4799 manis
2109 4744 2356 4799 doctrinis
2386 4743 2608 4798 illustris
2653 4743 2749 4796 sub
2797 4742 3090 4797 Theodosio
3141 4743 3376 4814 Augusto
3421 4745 3520 4814 flo-

1911 4839 2035 4904 ruit,
2057 4839 2285 4892 carmine
2299 4837 2554 4893 excellens
2569 4846 2614 4892 et
2627 4855 2802 4909 prosa.
2827 4837 2984 4907 Quod
2999 4837 3257 4894 Sedulius
3282 4839 3333 4892 in
3353 4837 3517 4893 Fran-

1912 4932 2052 4985 ciatn
2080 4933 2316 4998 venerit,
2349 4929 2482 4984 alibi
2521 4947 2625 4984 non
2660 4931 2894 5002 legitur:
2932 4934 3034 5004 12
3061 4931 3154 4987 sed
3187 4931 3364 4987 simile
3386 4947 3516 4986 vero

1914 5036 2016 5089 est,
2048 5025 2098 5078 id
2123 5025 2194 5079 ita
2227 5023 2514 5087 accidisse,
2539 5024 2583 5076 si
2618 5024 2803 5078 natale
2827 5025 3004 5078 solutn
3039 5024 3245 5080 Sedulii
3275 5024 3514 5079 Scotiam

1911 5117 2156 5174 dicamus
2181 5133 2324 5174 esse.
2358 5117 2612 5187 Plerique
2655 5117 2874 5174 codices
2898 5133 3022 5173 eum
3063 5119 3114 5171 in
3161 5117 3309 5171 Italia
3341 5115 3521 5186 philo-

1911 5213 2158 5283 sophiam
2209 5212 2471 5267 didicisse
2519 5211 2876 5267 conﬁrmant:
2921 5212 3017 5268 sed
3066 5226 3175 5282 quo
3225 5209 3514 5279 magistro,

1912 5315 2007 5362 aut
2029 5322 2132 5375 qua
2158 5308 2211 5361 in
2241 5307 2470 5373 regione
2501 5305 2691 5372 Italiae,
2725 5322 2832 5360 non
2858 5316 3097 5360 constat.
3131 5305 3276 5360 Asiae
3307 5305 3517 5358 mentio

1912 5401 2055 5471 apud
2088 5399 2452 5456 Tritltemium
2495 5401 2758 5466 occurrit,
2788 5400 2930 5469 apud
2964 5401 3100 5454 alios
3131 5415 3240 5453 non
3270 5400 3421 5454 item.
3459 5400 3515 5455 In

1919 5494 2147 5561 Achaia,
2189 5507 2265 5560 et,
2301 5497 2344 5549 si
2378 5496 2458 5550 vis
2487 5495 2664 5551 codici
2699 5495 2966 5558 Palatino,
2999 5509 3147 5547 num.
3179 5493 3232 5554 5,
3270 5491 3518 5548 exhibito

1917 5587 2162 5651 credere,
2218 5587 2268 5642 in
2305 5589 2540 5644 Arcadia
2579 5588 2834 5644 Sedulius
2866 5586 3020 5653 vixit,
3065 5594 3348 5656 postquam
3398 5584 3518 5653 plli-

1917 5679 2224 5750 losophiam
2251 5683 2304 5736 in
2328 5680 2483 5737 italia
2504 5681 2796 5737 didicerat.

1987 5774 2082 5830 21.
2113 5774 2252 5840 Quid
2307 5785 2486 5830 autem
2533 5772 2786 5831 Sedulius
2822 5769 2998 5839 egerit
3039 5769 3094 5824 in
3141 5765 3366 5832 Achaia,
3404 5782 3515 5826 non

1920 5885 2030 5924 uno
2077 5867 2238 5923 modo
2283 5867 2502 5925 codices
2555 5881 2686 5922 mss.
2737 5871 3037 5932 exponunt.
3096 5859 3256 5918 Alius
3303 5859 3522 5918 refert:
