4060 6320
519 311 630 371 “5

1825 308 2115 368 C(ELIUS
2148 306 2510 373 ωυωυε.

3720 310 3822 370 Hi

523 429 655 489 Cant
676 429 797 485 aliis
822 437 1041 485 metrum
1065 427 1329 485 lict'sicunt
1373 424 1685 482 Macedonio
1707 427 2003 483 consulente
2026 425 2129 480 do-
2149 424 2205 487 Δ
2228 434 2420 482 narras
2446 424 2502 481 in
2530 425 2765 497 epistola
2786 424 2859 482 ad
2888 425 3298 493 Macedonians;
3340 424 3686 483 Eustathiusu
3728 442 3824 484 su-

413 508 418 517 ’
527 524 634 581 cuit
677 524 735 581 in
758 520 979 576 Achaia.
1010 520 1212 577 Alius:
1244 518 1376 575 Cum
1404 520 1523 574 aliis
1552 531 1829 574 ιηιιτοηυιι
1859 517 2129 589 generibus

529 614 792 670 heroicum
820 623 1061 677 metrum,
1103 622 1209 667 elc.
1247 611 1403 665 Alius
1431 629 1443 664 :
1474 609 1602 665 Cum
1619 612 1739 667 aliis
1759 610 2017 666 consociis
2040 608 2130 665 hc-

526 711 728 766 roicuut
778 717 1023 771 metrum,
1076 703 1384 761 Macedonio
1432 706 1752 769 consulente,
1808 703 2012 757 didicit.
2064 700 2130 756 In

526 804 729 861 Achaia
753 801 913 857 libros
943 800 1276 872 conscripsit,
1295 807 1403 857 etc.
1432 798 1575 868 Quid
1605 812 1737 869 ergo
1760 795 2132 853 retinendum?

531 898 726 955 linteo
757 911 913 953 sane.
948 895 1187 953 Verbum
1216 893 1517 949 consulente
1539 906 1609 948 eo
1640 892 1813 961 ntagis
1842 905 1929 946 me
1958 890 2131 956 ducit,

531 1000 592 1049 ut
640 991 861 1049 credam
915 988 1199 1047 Sedulius:
1249 987 1480 1044 consilio
1525 983 1834 1045 Macedonii
1879 983 2135 1040 docuisse

521 1085 663 1143 alios
694 1094 929 1143 metrum
963 1084 1245 1141 heroicum
1288 1097 1416 1139 cum
1462 1082 1587 1139 aliis
1623 1091 1923 1137 metrorum
1967 1093 2135 1150 gene-

530 1179 715 1246 ribus;
748 1193 859 1250 quo
891 1178 1152 1249 pertinet,
1180 1192 1305 1233 eum
1330 1175 1519 1233 multis
1548 1175 1602 1233 in
1635 1174 1773 1231 locis
1801 1172 1987 1228 vocari
2011 1171 2137 1228 rhe-

529 1282 732 1333 torem.
768 1271 906 1329 Vide
936 1271 1119 1328 schol.
1147 1270 1214 1327 ad
1251 1269 1468 1325 titulum
1499 1267 1751 1338 epistola:
1775 1266 1845 1322 ad
1883 1266 2136 1323 Macedo-

530 1366 709 1431 nium,
748 1366 878 1423 etin
918 1366 1006 1422 his
1033 1364 1251 1435 Proleg.
1301 1379 1452 1419 num.
1484 1361 1578 1429 25,
1619 1360 1710 1428 90,
1758 1368 1817 1417 et
1847 1359 2022 1416 schol.
2067 1358 2137 1416 ad

533 1475 685 1517 vers.
736 1460 806 1517 6t)
843 1460 881 1516 Ι.
916 1474 954 1518 ι.
998 1458 1106 1515 Sed
1154 1457 1441 1528 probabile
1485 1458 1652 1513 etiam
1705 1454 1939 1518 videtur,
1986 1468 2135 1519 eum,

539 1556 862 1614 Macedonio
911 1554 1261 1620 consulente,
1315 1553 1434 1608 sive
1484 1552 1740 1617 docente,
1796 1548 1961 1605 simul
2012 1562 2138 1603 cum

534 1650 660 1707 aliis
690 1648 988 1709 cntisociis,
1013 1662 1110 1702 seu
1138 1644 1559 1716 οοειίιίςοὶρυιίε,
1592 1652 1824 1699 metrum
1856 1641 2139 1698 heroicum

537 1744 817 1800 didicisse.
851 1743 989 1799 Huic
1016 1752 1197 1797 tamen
1227 1738 1664 1809 interpretationi
1712 1752 1819 1793 non
1880 1736 2011 1792 nihil
2042 1736 2141 1791 ob-

2230 524 2341 573 tem
2368 520 2536 588 paulo
2560 528 2687 589 post
2717 516 3071 576 Genetantini
3102 519 3362 577 sarculum
3384 521 3665 588 ﬂoruisse,
3698 534 3828 577 nom

2232 609 2400 665 nulli
2435 611 2614 667 visum
2660 619 2766 668 est.
2812 610 3004 683 Neque
3045 611 3193 668 aliud
3240 614 3312 668 de
3356 612 3463 669 hoc
3514 611 3830 671 Macedonio

2206 706 2443 785 rescire
2489 703 2657 768 licuit,
2683 719 2848 773 quem
2874 706 3054 761 minus
3084 712 3233 762 recte
3276 706 3534 761 abbatem
3567 706 3830 777 appellari

2236 797 2291 853 in
2328 813 2443 854 var.
2489 800 2621 855 lect.
2664 799 2731 856 ad
2762 800 2978 856 titulum
3022 801 3190 872 epist.
3234 800 3593 858 dedicaturus
3622 800 3829 858 Sedulii

2235 894 2750 952 animadvertemus.
2803 896 3058 965 Ejusdem
3108 896 3411 953 Macedonii
3461 895 3688 953 hortatu
3736 895 3831 953 Sco

2233 987 2418 1044 dulius
2447 1003 2670 1045 carmen
2699 990 2957 1059 paschale
3000 990 3053 1043 in
3084 1003 3304 1061 prosam
3350 990 3667 1046 cntionem
3699 1002 3830 1047 con-

2239 1082 2422 1146 vertit,
2455 1089 2513 1136 ut
2552 1096 2621 1138 ex
2662 1082 2898 1153 epistola
2940 1082 3277 1139 dedicatoria
3300 1082 3606 1153 colligitur.
3638 1082 3833 1139 Fertur

2236 1175 2423 1237 etiam,
2448 1175 2784 1246 epigramma
2812 1175 3035 1240 Asterii,
3067 1176 3158 1245 qui
3182 1175 3396 1232 Sedulii
3420 1174 3671 1230 carmina
3717 1183 3833 1245 post

2240 1268 2348 1322 lata
2390 1267 2509 1338 ejus
2554 1268 2796 1339 collegit,
2826 1266 3149 1325 Macedonio
3176 1268 3492 1325 dedicatum
3525 1265 3723 1335 fuisse,
3749 1266 3834 1324 cui

2240 1358 2491 1416 Sedulius
2517 1375 2658 1431 opus
2703 1375 2861 1417 suum
2890 1360 3262 1418 dedicaverat.
3290 1361 3452 1430 Quod
3479 1374 3591 1417 non
3619 1359 3695 1416 ita
3720 1372 3835 1417 oet-

2240 1461 2354 1508 tum
2370 1468 2515 1520 esse,
2544 1468 2644 1509 suo
2666 1454 2790 1510 loco
2815 1454 3127 1511 ostendam.

2312 1545 2404 1603 25.
2427 1547 2502 1602 De
2532 1557 2782 1618 tempore
2810 1563 2924 1617 quo
2950 1548 3209 1604 Sedulius
3236 1548 3408 1605 libros
3437 1562 3570 1605 suos
3596 1550 3835 1620 scripsit,

2244 1638 2360 1696 haec
2407 1640 2675 1697 habemus
2718 1657 2753 1697 e
2794 1657 2928 1697 mss.
2972 1642 3282 1699 codicibus.
3313 1643 3550 1713 Quidam
3583 1645 3835 1701 exhibet:

2244 1735 2430 1792 Libros
2451 1753 2575 1792 suos
2601 1738 2811 1807 scripsit
2831 1748 3065 1807 tempore
3089 1736 3443 1793 Valentiniani
3463 1749 3514 1793 et
3544 1737 3835 1797 Theodosii.

534 1848 668 1905 stat,
692 1837 839 1908 quod
860 1836 1113 1893 Sedulius
1134 1836 1188 1891 in
1212 1834 1445 1903 epistola
1468 1832 1805 1888 dedicatoria
1827 1845 1936 1887 non
1959 1830 2136 1887 solum
2171 1827 2219 1890 B
2245 1827 2425 1894 Alius,
2460 1828 2515 1883 in
2540 1836 2774 1898 tempore
2796 1828 3170 1900 imperatorum
3189 1830 3408 1884 minoris
3434 1829 3719 1885 Theodosii
3747 1830 3841 1901 [illi

538 1948 649 1987 non
694 1931 946 2000 agnoscit
994 1944 1055 1984 se
1106 1929 1158 1984 in
1200 1926 1514 1997 huiusmodi
1566 1925 1765 1981 studiis
1808 1924 2138 1994 discipulum

542 2024 863 2089 Macedonii,
909 2022 1006 2079 sed
1040 2023 1222 2092 potius
1266 2022 1470 2085 innuit,
1503 2017 1881 2075 Haeedonium
1931 2032 2043 2072 non
2085 2016 2140 2072 in

541 2116 644 2172 has
671 2115 911 2170 humiles
940 2114 1283 2183 disciplinas.
1329 2112 1424 2169 sed
1453 2112 1506 2166 in
1534 2110 1889 2167 sublitninrcs
1930 2109 2139 2164 incum-

541 2211 673 2268 bere
702 2209 926 2267 solitum
956 2209 1146 2265 fuisse.
1177 2209 1251 2264 Es
1274 2207 1493 2263 diversa
1516 2206 1681 2264 etiam
1701 2204 2142 2275 interpunctione

542 2317 743 2360 sensus
771 2301 1169 2372 aliquantulum
1200 2301 1450 2355 diversus
1482 2298 1749 2355 redditur.
1779 2296 1913 2353 Nam
1942 2297 1990 2351 si
2024 2305 2142 2365 post

542 2396 745 2464 docuit,
777 2397 866 2452 vel
895 2396 1074 2450 didicit
1103 2404 1369 2465 punctum
1396 2404 1727 2464 apponatur,
1772 2403 1901 2449 tunc
1946 2392 2145 2448 intelli-

542 2502 726 2563 getur,
762 2489 1045 2547 Sedulium
1088 2489 1144 2545 in
1184 2487 1389 2545 Achaia
1421 2488 1595 2543 libros
1634 2487 2052 2558 conscripsisse.
2087 2486 2146 2545 Si

541 2584 720 2640 oratio
751 2584 1123 2652 contionetur,
1167 2593 1223 2639 et
1268 2593 1393 2654 post
1424 2582 1623 2638 Achaia
1672 2592 1928 2653 punctum
1977 2582 2144 2638 collo-

545 2685 721 2742 cetur,
741 2685 869 2732 tunc
882 2678 1128 2749 signiﬁca
1138 2677 1210 2732 bit
1221 2693 1283 2733 ur
1305 2676 1559 2734 eumdem
1576 2679 1629 2732 in
1643 2675 1847 2732 Achaia
1862 2677 2142 2732 docuisse.

544 2773 604 2829 In
631 2771 892 2829 Ottobon.
930 2774 955 2829 l
981 2784 1036 2829 et
1065 2774 1117 2829 in
1149 2773 1307 2839 aliis,
1352 2788 1532 2842 neque
1562 2781 1685 2842 post
1713 2771 1923 2837 didicit,
1969 2784 2151 2840 neque

542 2877 670 2938 post
687 2867 881 2922 Achata
909 2877 1166 2938 punctum
1186 2868 1512 2938 apponitur;
1540 2865 1635 2921 sed
1665 2865 1848 2919 omnia
1878 2865 2001 2919 sine
2040 2862 2149 2919 ulla

543 2960 894 3018 distinctione
917 2960 1243 3032 procedunt:
1259 2960 1358 3016 sed
1381 2962 1433 3016 in
1457 2959 1626 3030 Rng
1643 2956 2152 3028 elareinterpungi-

544 3063 633 3111 tur
661 3054 835 3110 docuit
856 3055 910 3111 in
937 3056 1165 3121 Achaia;
1187 3054 1347 3110 libros
1371 3071 1497 3111 suos
1527 3053 1735 3124 scripsit
1765 3061 2013 3121 tempore,
2037 3060 2147 3107 etc.

614 3149 706 3205 22.
755 3149 864 3206 Sed
908 3152 1116 3206 utrovis
1170 3148 1336 3206 modo
1390 3147 1650 3219 periodus
1702 3145 2146 3233 interpungatur,

542 3244 676 3299 satis
703 3244 832 3301 inde
851 3244 1151 3315 colligitur,
1179 3214 1464 3299 Sedulium
1491 3243 1544 3295 in
1575 3240 1775 3296 Achaia
1808 3214 2145 3295 luisse'com.
2171 3214 2216 3278 C

544 3340 980 3406 moratum,‘cnm
993 3340 1179 3397 omnia
1196 3346 1289 3392 aut
1303 3336 1815 3406 pleraquecarmina
1831 3348 1985 3392 sacra
1995 3349 2144 3390 como

550 3432 760 3501 posuit.
784 3432 973 3489 Codex
1001 3433 1304 3497 Palatinus,
1340 3447 1489 3485 num.
1516 3431 1549 3487 5
1576 3431 1676 3503 13
1702 3431 1925 3498 relatus,
1954 3439 2145 3500 aperte

541 3524 650 3579 ait:
704 3524 854 3581 Venit
896 3527 948 3580 in
968 3525 1271 3589 Arcadiam,
1309 3523 1396 3577 ubi
1427 3523 1565 3577 hunc
1608 3523 1795 3578 librant
1837 3527 2144 3596 composuit.

544 3620 620 3672 Ac
673 3618 890 3673 videtur
937 3619 1193 3675 Sedulius
1238 3616 1527 3688 presbyter
1575 3616 1628 3670 in
1673 3615 1865 3673 eadem
1901 3617 2145 3674 Ecclesia

541 3709 740 3774 lactus,
773 3708 831 3765 in
870 3726 975 3781 qua
1020 3711 1309 3781 presbyter
1353 3720 1473 3765 erat
1503 3710 1869 3779 Macedonius,
1918 3713 2146 3769 antistes

550 3800 798 3870 Ursinus,
852 3801 1158 3873 presbyteri
1207 3803 1374 3856 etiam
1421 3802 1773 3871 Laurentius,
1803 3804 2144 3871 Gallicanus,

548 3893 803 3958 Ursinus,
853 3893 943 3949 vel
975 3892 1281 3957 Ursicinus,
1325 3902 1380 3949 et
1417 3894 1640 3965 quidam
1686 3894 1866 3963 Felix,
1900 3900 1990 3968 qui
2025 3914 2143 3963 [non

546 3987 855 4056 appellatur
883 3985 1192 4056 presbyter.
1227 3985 1283 4040 in
1330 3985 1525 4042 eadem
1573 3986 1847 4053 Ecclesia,
1885 3989 1971 4045 vel
2022 4007 2145 4060 pro-

547 4080 744 4148 vincia,
796 4078 1051 4134 lloruisse
1086 4078 1302 4134 videtur
1344 4080 1656 4152 Syncletiee
1686 4084 1839 4153 virgo
1869 4087 2143 4155 ministra,

545 4172 665 4229 sive
695 4170 1024 4235 diaconissa,
1059 4187 1221 4240 quam
1250 4172 1508 4230 Sedulius
1555 4177 1608 4230 in
1642 4176 1876 4247 cpistola
1926 4178 1995 4232 ad
2037 4178 2148 4233 Hac

544 4263 839 4320 cedonium
871 4262 1137 4331 celebrat,
1167 4280 1287 4321 cam
1317 4267 1569 4335 laudans,
1601 4269 1747 4340 quod
1787 4277 1986 4340 praeter
2010 4270 2146 4327 alias

546 4360 779 4413 virtutes
822 4354 1126 4427 Scriptum
1167 4357 1497 4415 ecclesiastici
1525 4363 1784 4435 dogmatis
1807 4363 1989 4419 sitiens
2017 4381 2143 4435 epo-

544 4449 749 4506 tam-it.
783 4445 898 4503 Non
931 4463 1062 4516 ergo
1092 4449 1311 4506 videtur
1337 4466 1462 4508 esse
1487 4453 1711 4509 diversa
1758 4454 1828 4510 ab
1856 4455 1959 4509 illa
2001 4456 2146 4527 Syn-

546 4542 747 4598 cletiee
773 4542 862 4598 cui
888 4542 1206 4599 Eustathius
1236 4542 1481 4600 Latinam
1509 4548 1817 4603 versionem
1845 4548 1901 4602 in
1930 4548 2143 4606 Hexae~

2241 1919 2495 1989 Arcadii,
2545 1930 2594 1975 et
2626 1920 2982 1976 Valentiniani
3023 1920 3121 1991 ﬁlii
3158 1921 3472 1978 Constantii.
3521 1922 3679 1978 Alius
3703 1964 3721 1989 ,
3776 1921 3840 1979 In

2244 2024 2471 2083 tempore
2508 2013 2771 2070 Valentini
2806 2023 2854 2069 et
2880 2012 3176 2071 Theodosii.
3211 2014 3402 2083 Alius,
3443 2015 3556 2089 ιε.
3596 2016 3842 2089 Tempore

2243 2102 2524 2161 Theodosii
2534 2115 2583 2161 et
2609 2104 2977 2162 Valentiniani.
2995 2105 3054 2161 In
3070 2107 3157 2162 his
3175 2105 3441 2163 Valentini
3458 2108 3718 2166 mendum
3740 2118 3839 2177 est,

2244 2212 2343 2267 pro
2382 2196 2754 2254 Valentiniani.
2786 2198 2909 2255 Alio
2935 2198 3099 2254 modo
3126 2198 3371 2255 codicem
3397 2200 3665 2256 Ottobon.
3702 2203 3729 2257 i
3767 2203 3837 2258 le-

2248 2292 2414 2362 gebat
2468 2293 2785 2348 Dominicus
2832 2292 3140 2363 Georgius,
3175 2302 3233 2348 ut
3280 2291 3397 2348 dixi
3439 2309 3595 2349 num.
3648 2294 3723 2362 9,
3749 2295 3842 2351 sed

2248 2383 2582 2441 ntembrante
2605 2385 2676 2441 ita
2708 2385 2915 2441 habent
2933 2426 2946 2450 ,
2973 2394 3033 2441 ut
3056 2387 3359 2457 exscripsi,
3386 2387 3441 2443 in
3470 2388 3675 2458 quibus
3696 2388 3836 2445 clare

2248 2487 2374 2548 post
2414 2478 2706 2534 Constantii
2748 2488 3012 2549 punctum
3038 2478 3280 2549 altigitur
3301 2489 3433 2535 ante
3455 2480 3686 2537 verbum
3724 2497 3844 2553 pas,

2246 2572 2393 2642 quod
2427 2572 2640 2628 initium
2672 2581 2762 2629 est
2789 2575 3018 2628 alterius
3050 2574 3288 2644 periodi.
3320 2574 3551 2631 Dubium
3581 2591 3717 2649 ergo
3744 2592 3844 2632 non

2249 2674 2357 2729 est,
2385 2665 2514 2735 quin
2560 2663 2817 2722 Sedulius
2842 2665 3097 2721 ﬂoruerit
3130 2677 3381 2738 tempore
3407 2667 3709 2725 Theodosii
3755 2668 3849 2725 mi-

2250 2759 2405 2813 noris
2458 2768 2512 2812 ct
2562 2759 2949 2815 Valentiniani.
3015 2760 3253 2818 Proinde
3303 2762 3632 2834 Sigehertus
3696 2766 3848 2837 longe

2248 2852 2548 2917 aberravit,
2581 2853 2674 2925 qui
2705 2855 2758 2909 in
2782 2854 2925 2910 libro
2953 2855 3022 2910 de
3052 2856 3258 2927 Script.
3288 2859 3491 2913 eccles.
3525 2858 3596 2915 de
3625 2859 3847 2916 Sedulio

2249 2947 2327 3002 ait
2350 2963 2364 3003 ;
2391 2944 2594 3002 Claruit
2617 2957 2847 3020 tempore
2871 2949 3168 3006 Constantis
3188 2959 3238 3006 et
3264 2951 3554 3007 Constantii
3574 2996 3591 3020 ,
3624 2954 3846 3024 ﬁliorum

2253 3039 2601 3099 Constantini.
2645 3043 2829 3115 Neque
2871 3045 3177 3102 audiendus
3226 3056 3312 3103 est
3358 3047 3618 3105 Heinsius
3641 3088 3658 3116 ,
3686 3050 3842 3120 epist.

2252 3135 2320 3192 ad
2371 3137 2688 3194 Reinesium
2721 3138 2848 3204 176,
2885 3149 3018 3195 tom.
3041 3140 3077 3195 ν
3110 3140 3361 3213 Sylloges
3402 3141 3592 3197 Burin.
3620 3159 3676 3214 p.
3726 3143 3841 3209 198,

2249 3231 2340 3301 qui
2380 3246 2505 3288 cum
2556 3231 2682 3287 aliis
2705 3241 2924 3288 aetatem
2954 3232 3167 3291 Sedulii
3200 3234 3286 3305 ,ad
3333 3234 3708 3291 Theodosium
3747 3236 3848 3292 Ha-

2249 3338 2416 3393 gnum
2453 3332 2676 3380 revocat
2701 3341 2765 3380 ex
2797 3325 3144 3384 dedicatione
3170 3327 3237 3383 ad
3281 3327 3669 3385 Theodosium
3698 3369 3716 3393 ,
3743 3329 3848 3387 Ro-

2248 3415 2526 3483 mulidum,
2554 3426 2685 3481 elc.,
2707 3433 2871 3488 quam
2901 3420 3111 3476 Sedulii
3138 3437 3247 3477 non
3273 3436 3399 3477 esse
3425 3421 3569 3477 inira
3600 3422 3847 3478 demons-

2250 3512 2504 3566 trabitnr.
2539 3512 2895 3583 Dempsterus
2918 3525 3185 3583 prmlerea
3214 3515 3452 3585 graviter
3472 3516 3700 3580 inbitur,
3727 3531 3843 3572 cum

2248 3607 2347 3672 ait,
2376 3605 2657 3662 Salutium
2685 3608 2987 3666 secundum
3013 3609 3279 3681 quosdam
3309 3611 3520 3668 vixisse
3543 3612 3650 3668 sub
3677 3611 3845 3668 Theo-

2249 3701 2406 3758 dosio
2432 3702 2662 3758 Seniore
2682 3717 2831 3758 anno
2857 3702 2990 3770 450,
3007 3720 3240 3775 eamque
3271 3706 3541 3762 veriorem
3569 3722 3701 3764 esse
3727 3722 3845 3763 scn-

2250 3794 2479 3861 tentiam
2507 3814 2520 3849 :
2550 3794 2785 3852 fortasse
2817 3812 2916 3866 pro
2937 3813 3085 3852 attnu
3110 3798 3249 3863 450,
3278 3797 3445 3854 alium
3477 3798 3724 3857 iudicare
3749 3814 3844 3856 voc

2248 3888 2367 3945 luit.
2397 3889 2505 3945 Alii
2553 3905 2759 3946 nntium
2801 3892 2909 3946 578
2935 3932 2949 3958 ,
2979 3907 3089 3962 quo
3118 3891 3375 3948 Sedulius
3420 3891 3722 3963 clamerit,
3754 3892 3843 3949 alii

2253 4000 2456 4041 annum
2489 3985 2588 4041 58|
2622 3986 2929 4056 assignant.

2318 4080 2409 4135 Si.
2426 4082 2559 4135 (lum
2580 4080 2990 4136 Valentinianus
3012 4080 3313 4137 Constantii
3336 4080 3481 4137 ﬁlius
3491 4096 3841 4153 regnareom-

2246 4174 2390 4243 perit
2416 4188 2562 4229 anno
2588 4172 2714 4239 ω,
2742 4173 3081 4229 Theodosius
3100 4174 3286 4244 iunior
3311 4190 3344 4230 e
3373 4175 3515 4230 vivis
3547 4176 3847 4233 excesserit

2248 4283 2395 4324 anno
2421 4267 2546 4329 450.
2564 4282 2914 4337 consequens
2932 4278 3039 4333 est,
3056 4277 3115 4323 ut
3140 4267 3280 4323 intra
3304 4282 3507 4323 annum
3523 4268 3633 4324 lii
3661 4280 3718 4326 et
3739 4268 3844 4326 £50

2247 4361 2525 4419 Sedulinm
2559 4361 2728 4417 libros
2750 4375 2879 4417 suos
2898 4362 3294 4431 conscripsisse
3322 4362 3592 4419 dicamus.
3626 4364 3846 4421 Trithe‘

2250 4459 2390 4513 mins
2411 4472 2610 4512 annum
2641 4471 2749 4527 quo
2773 4455 3029 4513 Sedulius
3057 4454 3271 4523 claruit,
3298 4455 3372 4510 ita
3411 4456 3577 4512 nobis
3607 4456 3842 4513 indicat:

2250 4549 2451 4605 Claruit
2461 4552 2557 4604 sub
2574 4548 2884 4615 ThcodOsio,
2908 4564 3048 4602 anno
3069 4546 3283 4603 Domini
3299 4547 3427 4604 450.
3442 4547 3634 4604 Justus
3659 4549 3848 4606 Fonta-

549 4649 738 4690 mcron
787 4636 846 4693 S.
893 4636 1076 4692 Basilii
1119 4637 1416 4694 dedicavit.
1450 4640 1641 4696 Exstat
1671 4656 1733 4697 ea
1780 4637 1959 4697 vers'io
2002 4644 2144 4700 inter
2168 4615 2222 4677 Ῑ)
2251 4643 2509 4708 ninus,do
2537 4643 2807 4712 Autiquit.
2831 4642 3017 4697 Home
3055 4641 3093 4696 I.
3123 4656 3162 4696 Il
3185 4681 3201 4707 ,
3235 4656 3286 4696 ι.
3311 4644 3369 4707 5,
3393 4651 3612 4713 censet,
3641 4643 3846 4700 Sedulii

546 4730 877 4799 appendices
910 4740 1047 4786 tom.
1097 4747 1116 4785 ι
1158 4746 1387 4802 operum
1427 4734 1636 4800 Basilii,
1685 4744 2015 4791 recensente
2047 4737 2145 4792 Ju-

547 4820 699 4877 liano
738 4822 969 4879 Garnier
1011 4827 1453 4896 congregationis
1501 4829 1560 4885 S.
1614 4830 1810 4885 Mauri.
1864 4831 2144 4890 Dedicatio

547 4914 629 4969 sic
673 4915 858 4984 incipit
894 4934 907 4969 :
938 4916 1252 4974 Eustathius
1281 4919 1593 4992 Sgaristicat
1641 4922 1916 4981 Germanic
1958 4927 2144 4981 diaco-

545 5007 701 5063 nt'astc
740 5007 964 5065 salutem
993 5011 1047 5065 in
1089 5010 1318 5069 Christo.
1370 5014 1690 5085 Religiosae,
1734 5018 1991 5090 simulque
2032 5029 2142 5074 stu-

546 5104 729 5160 diosus
770 5105 978 5162 animus
1024 5118 1129 5163 tua!
1170 5114 1547 5183 germanitatis,
1604 5114 1725 5168 dum
1773 5116 2147 5189 plenitudinem

548 5200 830 5256 rmlestium
844 5219 995 5257 nosse
1014 5203 1274 5259 desiderat
1295 5206 1714 5280 Scripturarutn,
1728 5220 1943 5265 cunctas
1961 5210 2146 5267 biblio-

547 5290 724 5350 thecas
752 5297 1145 5364 eoclesiasticas,
1175 5308 1223 5353 et
1253 5316 1433 5356 eorum
1472 5303 1562 5372 qui
1591 5303 1785 5372 fuerint
1826 5304 2143 5368 conditores,

543 5389 736 5445 crebris
787 5390 1087 5448 lectionibus
1136 5394 1478 5466 investigatis,
1528 5396 1757 5465 pervenit
1809 5394 2024 5449 tandem
2074 5398 2146 5452 ad

546 5479 927 5550 Hemina-on,
959 5495 1066 5542 etc.
1118 5484 1227 5542 Sed
1256 5501 1437 5555 neque
1463 5503 1532 5541 ex
1564 5486 1849 5542 Eustathio
1879 5487 2030 5554 plura
2073 5488 2143 5545 de

548 5575 649 5632 hac
679 5575 991 5647 Syueletiee
1018 5580 1222 5635 addere
1255 5590 1564 5648 possumus,
1599 5595 1777 5650 neque
1826 5581 2143 5650 Boilandus,

544 5669 634 5738 qui
678 5669 767 5724 die
800 5670 833 5724 5
872 5670 1111 5727 Januarii
1138 5674 1478 5744 Syncleticcs
1502 5690 1535 5728 α
1562 5673 1791 5729 Sedulii)
1822 5677 2056 5733 laudatae
2089 5680 2142 5733 in

545 5762 867 5832 praefatione
890 5765 1025 5823 Vita
1051 5768 1110 5823 S.
1144 5766 1479 5838 Apollinaris
1503 5767 1841 5839 Syuclettces
1860 5773 2140 5841 meminit,

538 5856 837 5931 quidquam
889 5859 1033 5917 aliud
1090 5859 1320 5931 prolem,
1373 5861 1477 5916 nisi
1528 5862 1672 5933 quod
1721 5862 1976 5921 Sedulius
2030 5868 2146 5937 ipse

2246 4754 2468 4795 cannea
2491 4738 2560 4792 ab
2586 4738 2709 4809 ipso
2730 4739 3005 4808 vulgatum
3060 4735 3227 4792 luisse
3272 4737 3416 4791 circa
3472 4751 3679 4792 annum
3707 4737 3843 4803 ‘54;

2247 4832 2515 4904 Georgius
2561 4847 2695 4887 vero
2743 4832 3083 4901 suspicatur,
3116 4830 3169 4884 id
3226 4831 3485 4886 acuisse
3523 4844 3671 4886 anno
3697 4833 3837 4899 420,

2249 4924 2391 4992 quod
2429 4925 2612 4994 arguit
2658 4939 2729 4979 ex
2780 4923 3004 4978 nomine
3032 4922 3368 4989 Constantii,
3401 4924 3545 4994 quod
3580 4927 3634 4980 in
3663 4924 3849 4982 codice

2248 5017 2615 5071 Ottubtmiano
2657 5025 2906 5084 apparet.
2954 5015 3317 5071 Coitstsntius
3341 5018 3493 5072 enim
3538 5032 3684 5072 anno
3717 5019 3845 5080 417,

2250 5112 2547 5166 Dimidium
2604 5110 2831 5164 Honorii
2881 5122 3129 5165 sororem
3179 5109 3334 5165 desit
3390 5118 3650 5179 nxsrem;
3706 5126 3845 5168 anno

2246 5208 2373 5273 hil,
2403 5212 2675 5276 Angustus
2703 5212 2788 5259 est
2816 5206 3182 5271 renuntiatus,
3207 5206 3509 5276 eodem
3539 5207 3723 5276 periit.
3746 5205 3845 5260 Ve-

2248 5314 2389 5363 rutn,
2427 5309 2485 5351 ut
2501 5297 2615 5365 jam
2643 5299 2853 5362 mortui,
2882 5296 3189 5351 Cantuarii
3230 5296 3441 5353 ruentia
3470 5296 3528 5351 lit
3575 5299 3629 5353 in
3660 5299 3847 5355 codice

2248 5392 2617 5447 Ot‘oboniano
2644 5435 2657 5455 ,
2692 5399 2752 5444 ut
2780 5390 2903 5461 ejus
2928 5391 3079 5445 lilius
3114 5389 3333 5445 dicatur
3360 5404 3487 5447 esse
3514 5392 3848 5448 Vult-minis.

2252 5500 2353 5539 nus
2379 5520 2397 5552 ,
2426 5499 2490 5538 ac
2541 5483 2913 5554 distinguatur
2963 5496 2995 5534 a
3023 5481 3237 5537 duobus
3281 5482 3686 5539 Valentinianus
3709 5527 3725 5549 ,
3754 5484 3844 5555 qui

2249 5589 2652 5649 praecesserant
2675 5619 2690 5642 ,
2716 5578 2937 5635 Seniorc
2957 5578 3137 5633 altero
3156 5612 3172 5642 ,
3202 5578 3380 5633 altera
3402 5566 3627 5634 laniare
3647 5594 3844 5633 nuncn-

2250 5680 2396 5743 pato.
2431 5670 2599 5726 Multo
2627 5686 2761 5727 vero
2786 5672 2958 5742 magis
2983 5669 3281 5740 rejicieoda
3301 5681 3391 5726 est
3407 5671 3592 5742 opinio
3614 5670 3844 5738 Usserii,

2249 5767 2339 5838 qui
2372 5765 2653 5823 Seduliutn
2677 5767 2744 5823 ad
2775 5780 2986 5823 annum
3015 5780 3191 5836 astute
3208 5764 3341 5830 494,
3368 5766 3565 5821 saltem
3605 5775 3845 5837 postne

2250 5876 2383 5919 nam
2408 5861 2475 5916 t7
2486 5860 2542 5933 0,
2572 5862 2781 5934 dejicit.
2810 5855 3227 5935 Argumentum
3251 5859 3389 5931 petit
3410 5874 3477 5918 ex
3504 5858 3842 5921 dedicatione
