4060 6320
503 264 609 324 417

1812 267 2095 327 C(ELIUS
2134 268 2502 334 SEDULIUS.

3704 284 3805 343 448

506 383 657 441 aliud
685 384 885 441 clarius
913 384 1099 440 lumen
1129 381 1406 456 aliulgeat,
1438 383 1715 455 conjicere
1742 383 1902 451 libet,
1933 387 2109 444 Sedu-
2136 390 2190 450 Α
2213 405 2433 464 cumque
2462 392 2660 464 dapes;
2689 395 2754 451 2°
2783 396 2849 449 In
2880 411 3058 453 omnes
3098 396 3343 470 epistolas
3377 400 3539 457 Pauli
3583 404 3813 473 prosaice

508 478 643 535 lium
692 479 746 535 in
791 479 1022 547 Achaia,
1056 479 1148 536 ubi
1178 480 1473 553 presbyter
1502 489 1640 549 erat,
1673 489 1729 537 et
1770 481 1943 538 libros
1981 498 2110 539 suos

511 575 855 646 composuit,
905 575 973 631 ad
1014 575 1201 632 sedem
1231 576 1596 647 episcopalem
1637 575 1809 633 fuisse
1837 586 2109 643 evectum,

508 677 676 741 atque
711 668 783 724 ibi
818 668 1040 726 tandem
1086 669 1232 725 diem
1265 683 1582 740 supremum
1627 669 1854 725 obiisse.
1895 669 2115 726 Dubitet

508 762 671 819 etiam
698 763 937 834 aliquis,
979 780 1049 820 an
1078 764 1283 820 alicubi
1308 764 1549 832 .Sedulio
1601 766 1892 837 religiosus
1937 766 2113 823 honor

510 855 789 925 praestitus
845 858 1026 913 luerit.
1086 857 1341 913 Asterius
1396 873 1523 914 eum
1578 858 1735 914 vocat
1782 860 2014 932 justum,
2059 868 2116 915 et

508 949 771 1007 Alcninus
796 949 1039 1020 Beatum,
1074 962 1135 1007 ttt
1164 967 1345 1024 nuper
1371 952 1632 1009 vidimus.
1680 951 1760 1007 lta
1809 952 1971 1008 etiam
2020 968 2113 1023 ap—

512 1044 685 1112 pellat
737 1047 1047 1117 exscriptor
1090 1048 1297 1104 codicis
1343 1047 1688 1105 bibliotheca:
1734 1048 2114 1105 Laurentianze

509 1141 845 1200 Florentium
904 1144 1178 1202 referendi
1234 1161 1387 1201 num.
1452 1145 1541 1212 86,
1598 1156 1654 1200 et
1703 1154 1893 1201 uoster
1934 1144 2113 1202 codex

510 1232 646 1306 Reg.
700 1236 758 1301 2,
813 1246 873 1292 ut
929 1237 1081 1310 leges
1110 1239 1161 1293 in
1189 1238 1429 1295 Scholiis
1475 1238 1543 1294 ad
1592 1237 1804 1295 titulum
1853 1239 2116 1296 carminis

509 1328 814 1398 paschalis.
846 1330 1203 1387 Mabillonius
1228 1331 1412 1388 Veter.
1458 1332 1701 1389 Analect.
1732 1332 1907 1389 Paris.
1942 1335 2112 1402 1725,

522 1434 643 1490 pag.
695 1421 822 1490 548,
876 1437 946 1480 ex
998 1423 1188 1481 codice
1218 1423 1485 1481 Vaticano
1513 1438 1782 1479 annorum
1831 1437 1959 1481 tunc
2004 1425 2117 1481 fere

515 1514 940 1586 quingentorum
958 1518 1169 1590 profert
1187 1535 1322 1591 opus
1344 1519 1419 1575 ita
1444 1520 1802 1591 inscriptumj:
1828 1519 2112 1590 Revelatio,

512 1622 627 1679 quia
652 1617 855 1666 ostensa
883 1622 956 1665 est
984 1611 1263 1667 venerabili
1307 1613 1418 1667 viro
1451 1602 1786 1685 Hispaniensi
1830 1614 2115 1686 Eldefonso

512 1704 754 1774 episcopo
781 1705 955 1777 (anno
984 1706 1136 1777 845).
1167 1706 1227 1763 ιιι
1274 1708 1379 1764 hoc
1425 1725 1593 1780 opere
1623 1710 1702 1766 sic
1734 1711 1991 1767 laudatur
2010 1713 2112 1769 Se-

2211 478 2331 535 libri
2361 498 2478 548 stv,
2503 484 2796 557 Antequam
2822 486 3121 556 Apostolica
3150 491 3341 558 verba;
3367 491 3430 546 5°
3451 491 3531 547 De
3552 495 3815 552 miraculis

2212 570 2407 629 Christi
2436 575 2565 631 liber
2590 594 2637 645 ι,
2672 579 2716 633 Α
2742 580 2867 636 solis
2891 592 3040 638 ortus
3071 583 3321 651 cardine;
3350 585 3415 640 ιο
3452 588 3537 641 Ad
3572 586 3813 645 Theodo-

2211 669 2348 723 sium
2374 670 2741 743 imperatorem
2784 674 2918 730 liber
2953 692 3003 742 ι,
3052 678 3396 733 Romulidum
3433 680 3624 737 ductor
3650 682 3815 750 clari;

2215 762 2275 815 ὅθ
2299 761 2366 817 In
2389 767 2560 837 majus
2583 764 2822 821 uolumen
2848 766 3110 824 Prisciani
3132 771 3263 827 liber
3279 788 3325 839 ις
3350 773 3412 829 6°
3438 773 3506 827 In
3531 775 3813 831 secundam

2213 854 2491 910 editionem
2523 855 2715 913 Donati
2746 860 2875 917 liber
2901 878 2945 927 t;
2977 863 3037 917 7°
3078 861 3514 920 Exhortatorium
3543 868 3615 922 ad
3641 869 3815 938 ﬁdeles

2214 946 2343 1004 liber
2370 967 2387 1005 ι
2412 993 2425 1017 ,
2458 950 2757 1024 Cantemus,
2790 957 2943 1024 socii,
2968 955 3225 1026 Domino;
3254 961 3317 1015 8°
3344 959 3620 1032 Epistolas
3649 962 3817 1033 plures

2214 1044 2285 1097 ad
2315 1044 2544 1100 diversos
2569 1047 2698 1103 liber
2726 1064 2776 1116 ι,
2815 1050 3065 1107 Sedulius
3099 1052 3422 1124 Scotigena;
3454 1054 3519 1110 9°
3551 1054 3634 1110 De
3662 1057 3818 1112 mira—

2216 1139 2347 1193 culis
2372 1138 2565 1197 Christi
2592 1144 2826 1212 prosaice
2856 1144 2974 1200 libri
2998 1161 3058 1201 ιι.

2290 1232 2380 1288 50.
2407 1233 2573 1289 Addit
2595 1234 2944 1304 Trithemius,
2966 1240 3075 1295 alia
3102 1241 3363 1297 nonnulla
3387 1240 3678 1299 Sedulium
3705 1244 3818 1302 edi-

2217 1323 2386 1395 disse,
2418 1341 2541 1398 quae
2566 1329 2634 1385 ad
2660 1344 2813 1385 suam
2865 1332 3117 1389 notitiam
3146 1348 3254 1391 non
3284 1346 3574 1393 venerant.
3626 1336 3820 1407 Singil-

2217 1417 2371 1473 latim
2424 1420 2540 1475 haec
2598 1420 2719 1492 ipsa
2770 1438 2869 1479 nos
2916 1424 3302 1483 discutiemus.
3374 1428 3816 1488 Celeberrimum

2217 1508 2429 1564 Sedulii
2458 1526 2595 1581 opus
2622 1521 2706 1568 est
2724 1528 2945 1571 carmen
2999 1517 3282 1588 paschale.
3317 1519 3374 1575 In
3406 1537 3525 1577 var.
3570 1522 3702 1577 lect.
3758 1522 3819 1580 ad

2218 1602 2507 1673 epistolam
2561 1606 2951 1666 dedicatoriam
3002 1613 3262 1682 observo,
3298 1616 3822 1687 Macedonium,cui

2221 1710 2413 1766 poema
2438 1697 2541 1754 hoc
2562 1699 2797 1757 dicatum
2824 1711 2931 1771 est,
2962 1705 3015 1760 in
3042 1721 3176 1761 mss.
3204 1710 3388 1763 vocari
3413 1710 3822 1782 presbyterum,

511 1795 958 1869 duliuszDeﬁnit
1009 1810 1222 1856 sanctus
1272 1801 1523 1859 Sedulius
1564 1804 1875 1860 mirabiliter
1903 1807 2116 1862 dicens:

2224 1805 2331 1845 non
2386 1793 2644 1863 abbatem,
2694 1807 2751 1850 ut
2803 1797 3139 1855 Trithemius
3188 1817 3311 1855 cum
3365 1802 3632 1873 appellat.
3681 1802 3824 1860 Idem

516 1886 641 1944 Non
671 1892 797 1962 quia
820 1894 911 1964 qui
937 1909 1167 1950 summus
1210 1904 1359 1967 pater
1392 1905 1501 1964 est,
1534 1907 1643 1953 etc.
1680 1899 1785 1971 ιθ
1826 1898 1962 1956 Vide
1994 1899 2032 1954 I.
2067 1916 2112 1965 t,

516 1996 662 2037 vers.
713 1983 839 2039 519.
887 1985 968 2041 De
1014 1996 1240 2043 auctore
1289 1989 1453 2060 hujus
1496 1991 1717 2062 operis,
1761 2000 1857 2047 aut
1897 1992 1965 2048 de
2014 1996 2117 2049 hoc

520 2075 784 2145 episcopo
839 2077 1186 2149 Hispaniensi
1240 2080 1512 2138 lldefonso
1567 2082 1702 2139 nihil
1758 2084 1980 2141 aliunde
2023 2100 2119 2141 ex-

516 2168 719 2239 piscari
744 2172 918 2241 potui,
948 2174 1050 2230 nisi
1078 2176 1345 2246 suspicari
1369 2176 1556 2245 libeat,
1582 2178 1752 2237 fuisse
1780 2179 2115 2237 Adefonsum

511 2264 838 2336 episcopum
869 2269 1290 2340 Salmantinum,
1323 2273 1482 2344 cujus
1511 2274 1871 2345 epitaphium,
1904 2291 1932 2332 a
1954 2276 2117 2333 Petro

517 2357 846 2418 Pictaviensi
871 2366 1268 2436 conscriptum,
1292 2366 1492 2439 legitur
1513 2378 1648 2426 tom.
1673 2368 1827 2441 XXII,
1855 2371 2113 2428 Biblioth.

517 2451 739 2510 Patrum
773 2456 943 2528 Lugd.
991 2460 1128 2532 Ejus
1157 2476 1267 2517 non
1299 2462 1549 2518 meminit
1588 2462 1708 2520 Nic.
1762 2463 2035 2522 Antonius
2061 2464 2115 2521 in

517 2548 775 2607 Biblioth.
813 2552 966 2624 llisp.
999 2557 1191 2627 Agitur
1236 2572 1304 2614 eo
1354 2558 1408 2614 in
1458 2574 1627 2631 opere
1677 2559 1745 2615 de
1784 2560 2016 2631 panibus
2061 2563 2114 2617 in

516 2643 761 2702 Ecclesia
791 2647 1109 2717 efferendis,
1146 2662 1202 2708 et
1236 2653 1307 2711 de
1335 2654 1527 2727 signis,
1562 2671 1684 2725 quae
1710 2657 1891 2713 inesse
1917 2656 2120 2713 debent

517 2736 713 2794 hosﬁm
762 2744 1177 2801 consecrandus.
1235 2746 1465 2818 Incipit:
1500 2749 1652 2803 Anno
1702 2750 2119 2820 octingentesimo

516 2830 911 2905 quadragesimo
930 2836 1114 2906 quinto
1140 2836 1525 2895 Incarnationis
1552 2840 1765 2896 Domini
1790 2842 1950 2897 nostri
1991 2841 2118 2895 Iesu

520 2920 784 2978 Christi...
823 2926 879 2980 in
905 2928 1018 2982 visu
1046 2933 1295 3000 apparuit
1323 2932 1484 3002 mihi,
1537 2944 1650 2990 etc.
1703 2933 1825 2989 Vidi
1871 2933 2117 2991 codicem

519 3013 697 3082 ipsum
732 3017 1046 3077 Vaticanum
1080 3025 1249 3088 15H,
1304 3026 1359 3081 in
1403 3042 1515 3098 quo
1566 3036 1689 3098 post
1734 3027 2117 3084 collectionem

521 3106 915 3179 Conciliorum,
948 3116 1151 3171 sreculo
1180 3117 1399 3173 circiter
1428 3135 1457 3172 κ
1487 3120 1772 3190 scriptam,
1801 3119 2119 3176 charactere

2221 1883 2559 1942 Trithemius
2584 1892 2834 1960 agnoscit
2856 1894 3141 1965 prologum
3167 1897 3487 1965 metricum,
3537 1896 3825 1953 Paschales

2218 1978 2535 2051 quicumque
2562 1982 2748 2054 dapes;
2797 2000 2905 2041 non
2957 1996 3144 2044 tamen
3175 1988 3394 2045 videtur
3424 1988 3556 2046 huic
3601 1992 3827 2048 carmini

2216 2082 2511 2131 annectere
2558 2078 2894 2148 epigramma
2927 2080 2993 2135 ad
3024 2081 3418 2151 Theodosium,
3481 2084 3827 2141 Romulidum

2218 2166 2428 2238 ductor,
2462 2171 2604 2242 quod
2657 2188 2756 2242 pro
2778 2182 3039 2244 separato
3069 2191 3133 2231 ac
3188 2176 3406 2231 diverso
3458 2177 3605 2233 libro
3659 2179 3825 2250 ponit.

2221 2262 2506 2321 Fabricius
2535 2266 2587 2322 in
2614 2266 2875 2323 Biblioth.
2903 2278 3011 2325 vet.
3041 2270 3164 2325 Lat.
3213 2269 3475 2338 allii-mat,
3533 2271 3827 2342 epistolam

2222 2358 2563 2427 praimissam
2616 2359 2682 2415 ad
2714 2360 3089 2417 Macedonium
3130 2374 3251 2433 post
3275 2360 3490 2417 Sedulii
3533 2371 3768 2419 mortem
3796 2378 3826 2418 a

2219 2450 2421 2509 Turcio
2475 2453 2633 2509 Ruﬁo
2683 2453 2905 2510 Asterie
2956 2455 3198 2511 additam
3263 2454 3600 2512 fuisse:sed
3624 2454 3828 2511 fallitur

2220 2554 2390 2612 certe,
2424 2545 2789 2603 Itallucinattts
2821 2547 3054 2605 fortasse
3082 2564 3148 2604 ex
3172 2550 3568 2620 epigrammate
3596 2550 3821 2618 Asterii,

2222 2635 2404 2705 Sume,
2432 2654 2603 2708 sacer,
2633 2648 2743 2696 etc.
3356 2662 3361 2667 ·

2292 2734 2382 2789 51.
2422 2731 2815 2803 Controversia
2860 2751 3049 2807 magna
3081 2737 3257 2793 estde
3288 2752 3522 2793 numero
3553 2738 3821 2793 librorum

2221 2826 2480 2881 carminis
2512 2828 2808 2897 paschalis,
2840 2844 2977 2898 quos
3028 2836 3262 2900 quatuor
3286 2844 3413 2885 esse
3441 2828 3581 2884 dicit
3610 2828 3825 2886 Trithe-

2224 2919 2385 2973 mius.
2417 2919 2739 2975 Parrhasius
2769 2922 3039 2991 integrum
3072 2936 3264 2992 poema
3292 2920 3507 2977 Sedulii
3564 2922 3689 2978 sine
3721 2922 3822 2977 ulla

2222 3010 2577 3069 distinctione
2594 3014 2855 3070 librorum
2879 3014 3070 3070 edidit.
3095 3012 3279 3070 Codex
3309 3013 3608 3070 Vaticanus
3640 3030 3825 3071 secon-

2221 3102 2348 3171 dus,
2402 3121 2565 3176 quem
2621 3123 2771 3162 num.
2822 3108 2891 3162 65
2939 3106 3272 3173 describam,
3310 3115 3484 3161 totum
3512 3122 3739 3163 carmen
3772 3108 3821 3163 in

519 3202 814 3259 recentiori
870 3218 1097 3263 exarata
1148 3219 1235 3265 est
1280 3209 1559 3266 Revelatio
1603 3179 1886 3269 'Eldefonsi
1918 3215 1971 3267 in
2014 3213 2116 3270 line

2224 3200 2359 3256 duos
2412 3211 2621 3257 tantum
2661 3203 2829 3259 libros
2878 3202 3091 3258 dividit.
3146 3202 3204 3257 ιιι
3234 3210 3456 3258 secutus
3485 3210 3577 3258 est
3608 3204 3824 3274 Anony-

521 3294 829 3351 voluminis.
876 3299 1141 3356 Meudose
1180 3312 1363 3357 autem
1409 3303 1605 3373 legitur
1648 3304 1747 3357 hoc
1792 3313 1841 3358 et
1880 3304 2020 3372 ﬁlius
2047 3315 2120 3360 est

518 3400 618 3457 pro
674 3398 720 3443 ct
760 3391 902 3459 ﬁlius
947 3393 1043 3448 hoc
1095 3404 1193 3449 est.
1242 3395 1397 3463 Quod
1438 3397 1630 3450 attinet
1675 3397 1741 3450 ad
1799 3397 2117 3467 Sedulium,

517 3479 785 3550 ejusmodi
815 3486 996 3558 elogia
1011 3490 1172 3558 justi,
1204 3488 1362 3554 beati,
1395 3498 1559 3559 atque
1583 3489 1719 3543 adeo
1745 3493 1914 3546 sancti
1938 3493 2119 3561 probi-

517 3584 683 3632 tatem
733 3578 855 3649 ejus
906 3582 1035 3638 vitae
1084 3591 1317 3653 possunt
1360 3583 1724 3653 conﬁrmare,
1788 3603 1895 3643 non
1938 3597 2117 3645 autem

514 3669 755 3740 eflicere,
790 3682 849 3729 ut
879 3674 1279 3747 intelligamus,
1312 3677 1570 3733 caelestes
1598 3681 1832 3736 honores
1878 3682 1953 3737 illi
2000 3699 2117 3738 um-

522 3780 684 3836 quam
730 3768 1008 3825 exhibitos
1040 3769 1253 3836 fuisse,
1282 3785 1409 3825 cum
1460 3770 1579 3840 ejus
1628 3788 1824 3829 nomen
1871 3775 1924 3830 in
1970 3777 2120 3834 nullo

518 3861 911 3932 martyroIOgio
957 3862 1284 3931 inscriptum
1328 3863 1473 3918 inter
1518 3874 1741 3922 sanctos
1789 3871 2116 3941 reperiatur,

519 3964 695 4022 neque
724 3953 844 4022 ejus
876 3953 1140 4008 memoria
1167 3954 1220 4008 in
1247 3954 1375 4009 ullis
1399 3956 1555 4012 libris
1578 3958 1844 4031 liturgicis
1865 3964 2121 4036 religioso

517 4046 666 4099 cultu
715 4044 1047 4102 celebretur.
1094 4046 1437 4106 Bollandiani
1468 4051 1537 4106 ad
1569 4052 1712 4109 diem
1745 4057 1809 4110 12
1840 4057 2119 4114 Februarii

516 4136 661 4193 inter
693 4138 1095 4208 praetermissos
1126 4140 1371 4198 referunt
1416 4144 1479 4200 C.
1536 4142 1767 4203 Caelium
1816 4149 2116 4208 Sedulium.

516 4226 794 4301 Colganus
820 4231 888 4285 ad
922 4230 1063 4290 hanc
1103 4233 1250 4291 diem
1282 4236 1401 4307 ejus
1432 4240 1705 4306 meminit,
1760 4243 1857 4299 sed
1908 4254 2117 4303 tantum

519 4321 627 4377 sub
658 4322 813 4378 titulo
856 4322 1208 4394 Venerabilis;
1227 4329 1300 4385 ita
1324 4332 1542 4403 quidem
1568 4344 1793 4391 vocatur
1821 4337 1873 4391 in
1888 4337 2122 4397 Decreto

521 4412 834 4482 Gelasiauo,
889 4427 947 4472 ut
991 4419 1060 4474 ab
1108 4421 1405 4479 ﬂincmaro
1455 4425 1529 4481 de
1580 4441 1687 4482 non
1731 4427 1870 4482 trina
1910 4429 2123 4490 Deitate

521 4509 863 4565 venerandus.
899 4513 1254 4584 Dempsterus
1282 4518 1319 4572 l.
1361 4534 1420 4574 ιιι
1447 4519 1585 4574 Hist.
1621 4521 1836 4577 Eccles.
1866 4523 2041 4590 Scot.,
2068 4537 2124 4582 et

2226 3309 2348 3349 mus
2370 3293 2701 3351 Mellieensis
2730 3310 2852 3365 cap.
2887 3296 2957 3352 55
2980 3295 3050 3351 de
3079 3294 3281 3366 Script.
3332 3294 3648 3351 ecclesiast.
3708 3304 3852 3368 post.

2225 3385 2487 3441 Biblioth.
2548 3388 2911 3443 Benedicﬁno
2934 3418 2959 3430 -
2986 3387 3320 3443 Maurianam
3373 3387 3644 3443 Beruardi
3678 3388 3822 3443 Pez:

2224 3479 2480 3537 Sedulius
2530 3483 2746 3538 antistes
2773 3484 2841 3539 ad
2872 3482 3248 3537 Macedoniam
3304 3481 3669 3552 presbyterum
3720 3497 3825 3535 nta-

2223 3576 2443 3649 gistrum
2499 3594 2651 3631 suum
2703 3577 2867 3632 libros
2905 3578 3058 3643 duos,
3090 3578 3155 3630 de
3174 3576 3331 3630 veleri
3375 3577 3601 3641 scilicet,
3631 3585 3825 3630 etuoro

2227 3668 2579 3736 Testamento,
2608 3680 2774 3725 metro
2813 3668 3121 3740 conscripsit
3148 3669 3380 3737 heroico,
3412 3669 3608 3739 quibus
3636 3679 3688 3723 et
3712 3684 3828 3740 pro-

2224 3764 2387 3819 lixum
2415 3771 2650 3836 prosaice
2679 3766 2931 3836 scriptum
2961 3764 3249 3835 praeposuit
3269 3762 3565 3834 prologum.
3592 3763 3828 3818 Isidorus

2224 3858 2293 3915 de
2321 3857 2523 3929 Script.
2553 3860 2779 3925 cccles.,
2810 3859 2926 3915 sive
2944 3858 3014 3914 de
3036 3857 3156 3914 Vir.
3190 3857 3392 3912 illustr.
3426 3871 3549 3926 cap.
3594 3859 3687 3923 20,
3718 3867 3826 3912 tres

2226 3962 2436 4010 tantum
2470 3956 2638 4010 libros
2668 3957 2751 4010 sic
2774 3954 3062 4024 distinguit
3093 3970 3107 4007 ι
3140 3951 3389 4008 Sedulius
3431 3952 3697 4024 presbyter
3726 3951 3830 4005 edi-

2226 4048 2305 4102 dit
2329 4058 2431 4103 tres
2463 4048 2620 4102 libros
2651 4048 2915 4119 dactylico
2944 4046 3152 4101 heroico
3175 4056 3336 4099 metro
3354 4046 3828 4114 compositos,quo—

2225 4158 2342 4197 rum
2369 4144 2567 4212 primus
2597 4143 2771 4215 signa,
2800 4150 2848 4196 et
2872 4141 3087 4195 uirtutes
3138 4138 3320 4193 ueteris
3372 4136 3693 4192 Testamenti
3739 4154 3829 4208 pa-

2228 4237 2508 4291 tentissimo
2535 4244 2776 4302 resonat;
2834 4235 3019 4307 reliqui
3067 4249 3189 4288 vero
3218 4240 3485 4307 gestorum
3509 4233 3622 4305 20
3640 4232 3828 4289 Clu-isti

2225 4340 2545 4386 sacramenta
2580 4373 2595 4398 ,
2622 4332 2703 4386 vel
2727 4329 2982 4384 miracula
3009 4329 3266 4382 intonant.
3298 4327 3666 4398 Suspicantur
3691 4344 3829 4383 nou-

2227 4423 2383 4492 nulli,
2401 4426 2453 4481 in
2484 4439 2617 4481 mss.
2635 4422 3058 4479 codiceslsidori
3072 4436 3319 4477 errorem
3335 4421 3628 4489 incidisse,
3642 4423 3734 4494 qui
3755 4422 3830 4477 fa-

2226 4521 2332 4576 cile
2354 4520 2498 4576 solet
2524 4521 2578 4574 in
2607 4519 2852 4575 numeris
2864 4518 3187 4588 contingere
3215 4528 3272 4572 ut
3295 4533 3354 4571 ιιι
3371 4532 3470 4588 pro
3497 4532 3549 4572 tv
3570 4528 3772 4588 autpro
3791 4532 3822 4571 v

523 4600 693 4657 David
724 4600 1070 4664 Camerarius
1095 4610 1132 4664 Ι.
1174 4625 1233 4664 ιιι
1271 4609 1338 4666 de
1369 4610 1519 4667 Scot.
1566 4613 1699 4684 piet.
1742 4614 1813 4669 ad
1860 4616 2004 4677 diem
2032 4586 2126 4677 '20
2153 4586 2206 4646 Β
2232 4616 2492 4685 scriptum
2545 4614 2725 4670 fuerit.
2780 4613 3012 4669 Librarii
3034 4586 3215 4668 autem
3248 4586 3407 4667 facile
3429 4586 3697 4668 numeros
3722 4627 3817 4684 per

524 4693 810 4751 Februarii
836 4696 1091 4756 Sanctum
1121 4702 1348 4758 dicunt:
1375 4704 1722 4762 Camerarius
1749 4710 1844 4775 ait,
1891 4713 1960 4767 ab
2004 4712 2123 4770 aliis

524 4784 668 4841 diem
711 4786 908 4846 festum
959 4796 1085 4863 poni
1142 4797 1211 4851 15
1236 4794 1408 4854 Junii.
1461 4800 1803 4858 Bollandiani
1853 4805 1907 4860 in
1960 4809 2122 4867 nullis

525 4879 681 4938 fastis
708 4900 906 4943 nomen
948 4889 1159 4947 Sedulii
1211 4906 1557 4962 repererunt.
1609 4898 1961 4970 Dempsterus
2012 4903 2116 4960 loc.

521 4974 617 5030 cit.
652 4979 838 5048 tradit,
854 4982 1122 5041 Joannem
1146 4984 1491 5053 Gr0ppcrttm
1520 4997 1559 5044 t.
1580 4988 1828 5059 I,deAlt.
1854 5009 2115 5064 sacram.,

523 5080 646 5139 pag.
677 5071 801 5139 360,
831 5088 899 5129 ex
930 5078 1187 5133 versione
1230 5075 1611 5150 Christophori
1642 5082 1888 5141 Cassiani
1915 5087 2122 5144 Traba-

520 5162 742 5223 chcnsis
793 5169 1064 5241 probare,
1115 5171 1399 5231 Sedulium
1445 5178 1651 5235 sanctis
1698 5192 2118 5239 annumeratum

524 5272 672 5316 0888.

1142 5364 1375 5423 CAPUT
1415 5366 1479 5422 Il.

919 5452 1093 5525 Opera
1126 5456 1339 5514 Sedulii
1366 5472 1720 5518 recensentur.

588 5544 679 5599 29.
712 5544 1029 5618 Catalogum
1046 5564 1284 5620 operqu
1308 5552 1515 5611 Sedulii
1539 5557 1619 5612 sic
1640 5556 1884 5614 contexit
1905 5554 2122 5612 Tritbe-

515 5638 657 5693 mius
699 5656 713 5692 :
760 5640 822 5695 I°
876 5640 958 5694 Ad
1005 5641 1374 5704 Macedoniam
1424 5650 1674 5706 Abbatem
1721 5667 1851 5723 opus
1903 5648 2119 5721 insigne

504 5733 662 5801 juxta
689 5732 876 5790 seriem
907 5737 1065 5793 totius
1109 5739 1416 5818 Evangelii,
1467 5748 1573 5821 19
1615 5745 1757 5819 quod
1801 5745 2118 5818 prteuotauit

509 5821 728 5883 Carmen
757 5828 1020 5904 paschale,
1049 5838 1291 5909 ﬂmetrice,
1346 5842 1469 5897 libri
1496 5845 1599 5915 :IV,
1663 5837 1948 5895 Paschales
1997 5839 2119 5910 qui-

2234 4707 2445 4763 Iitteras
2472 4706 2883 4777 exprimebant,
2915 4713 2975 4759 ut
2995 4705 3041 4759 si
3076 4705 3391 4760 invenirent
3411 4719 3470 4758 ιιι
3503 4704 3684 4769 libros,
3729 4702 3826 4772 ipsi

2232 4801 2613 4857 describerent
2639 4810 2740 4855 tres
2764 4801 2945 4855 libros.
2978 4798 3236 4854 Fortasse
3259 4798 3500 4854 Isidorus
3528 4814 3653 4853 cum
3685 4799 3828 4852 Ano-

2232 4909 2398 4967 nymo
2418 4894 2717 4951 Mellicensi
2747 4908 2971 4949 carmen
3022 4891 3277 4962 paschale
3302 4893 3354 4945 in
3381 4890 3522 4946 duos
3550 4890 3726 4945 libros
3751 4889 3830 4944 di-

2229 4987 2469 5054 videbat,
2498 4986 2829 5058 tertiumque
2859 4985 3116 5052 addebat,
3166 4984 3396 5054 elegiam
3447 4982 3732 5050 nimirum,
3777 4991 3830 5038 et

2225 5079 2510 5150 hymnum,
2537 5080 2737 5151 quibus
2764 5079 2930 5135 etiam
2953 5080 3064 5134 vita
3095 5075 3297 5133 Christi
3327 5075 3640 5145 exponitur.
3665 5075 3828 5130 Jonas

2224 5174 2633 5231 Aurelianensis
2659 5175 2696 5229 l.
2730 5191 2769 5231 ιι
2799 5173 2868 5229 de
2889 5173 3032 5228 Cult.
3060 5170 3354 5241 imaginum
3383 5169 3582 5224 librum
3611 5169 3827 5223 tertium

2224 5272 2496 5327 carminis
2523 5281 2701 5335 vocat,
2733 5284 2896 5339 quem
2925 5283 3025 5323 nos
3048 5267 3297 5339 quintum
3325 5263 3588 5321 dicimus.
3633 5264 3740 5322 Sed
3764 5279 3828 5319 ex

2225 5364 2440 5420 duobus
2463 5378 2595 5418 mss.
2656 5362 2937 5417 codicibus
2964 5362 3153 5418 lsidori
3179 5362 3250 5416 de
3282 5359 3397 5416 Vir.
3433 5361 3663 5428 illustr.,
3692 5374 3825 5433 quos

2227 5456 2362 5523 vidi,
2416 5457 2651 5525 colligo,
2700 5456 3077 5525 conjecturam
3132 5453 3490 5525 quorumdam
3538 5454 3608 5509 de
3644 5469 3827 5510 errore

2228 5562 2584 5606 numerorum
2618 5548 2670 5602 in
2692 5546 2838 5602 libro
2866 5546 2927 5603 S.
2965 5546 3163 5603 lsidori
3217 5544 3575 5600 fundamento
3602 5560 3708 5599 non
3735 5559 3825 5600 ca-

2226 5659 2369 5700 rere.
2421 5642 2686 5698 Nimirum
2737 5643 2789 5697 in
2817 5641 3010 5698 codice
3040 5640 3163 5695 Vat.
3218 5638 3354 5709 Reg.
3406 5637 3513 5695 349
3534 5639 3828 5694 chartaceo

2226 5736 2699 5795 Miscellaneorum
2730 5751 2855 5809 pag.
2891 5736 2993 5793 107
3016 5742 3193 5791 exstat
3222 5732 3414 5788 Isidori
3450 5731 3590 5787 liber
3613 5730 3683 5788 de
3713 5731 3822 5789 Vir.

2225 5832 2423 5889 illustr.
2478 5830 2587 5895 iam
2641 5828 2868 5887 editioni
2928 5837 3174 5901 paratus,
3203 5835 3261 5881 ut
3287 5842 3355 5884 ex
3380 5825 3491 5883 line
3531 5835 3706 5897 patet,
3740 5825 3822 5882 ubi
