4060 6320
141 362 247 421 M3

1522 361 2059 421 PRULEGOMENA.

3345 364 3454 422 450

138 476 379 546 legitur:
416 475 480 529 Si
512 475 771 531 videbitur
804 476 868 529 R.
909 474 1059 530 Patri
1087 474 1220 530 sacri
1245 477 1430 546 palatii
1480 478 1757 549 magistro,
1786 476 1840 538 Α
1867 475 2041 547 pitula
2092 477 2278 532 ueteris
2322 475 2666 532 Testamenti.
2716 475 2987 547 Incipiunt
3058 475 3291 547 capitula
3345 476 3468 530 libri

139 567 500 639 imprimatur.
538 568 618 624 Μ.
649 568 904 623 Antonius
935 568 1182 640 Archiep.
1211 567 1422 624 Wasin.
1449 570 1468 637 (
1494 567 1756 639 obscure)

155 662 507 734 Vicesgerens.
561 663 620 719 lu
674 664 779 719 hoc
832 663 967 719 libro
998 662 1082 719 bis
1112 662 1352 736 elogium
1384 662 1597 721 Sedulii
1626 678 1761 718 con-

143 753 369 819 texitur,
398 754 763 825 scilicetcap.
794 756 883 821 tl,
910 764 966 810 et
987 770 1107 826 cap.
1123 756 1215 823 ευ
1245 754 1343 810 sed
1367 764 1532 826 caput
1546 756 1612 811 2!
1634 769 1759 811 cum

151 845 297 904 edito
320 847 516 918 elogio
556 846 853 913 consentit,
884 856 1054 919 caput
1081 863 1212 905 vero
1260 849 1320 903 ll
1357 848 1517 903 valde
1555 846 1757 916 diﬂert,

144 948 303 1013 atque
328 941 404 995 ita
449 940 623 997 habet
652 959 666 996 :
702 941 955 997 Sedulius
976 942 1260 1014 presbyter,
1292 942 1644 1013 grammatica:
1670 957 1761 1013 pe-

146 1035 274 1090 riticc
293 1033 494 1089 studiis
525 1035 597 1089 ad
623 1038 907 1106 perfectum
928 1036 1182 1102 iutbutus,
1229 1035 1393 1089 edidit
1418 1032 1628 1089 heroico
1658 1050 1765 1087 me-

148 1140 224 1184 tro
247 1130 484 1200 quinque
510 1129 836 1183 mirabilium
865 1130 1163 1184 diuinorum
1202 1127 1426 1194 libellos,
1484 1128 1765 1199 expediens

148 1225 198 1278 in
225 1223 397 1296 primo
426 1222 619 1277 ueteris
634 1221 946 1277 Testamenti
973 1223 1210 1288 virtutes,
1236 1222 1292 1276 in
1318 1222 1533 1292 reliquis
1563 1229 1760 1288 autem,

148 1327 203 1373 ut
225 1317 339 1385 ipse
369 1317 637 1387 meminit,
666 1326 885 1386 quatuor
912 1315 1314 1391 Evangeliarum
1335 1317 1588 1371 miracula
1618 1316 1763 1369 ordi—

148 1410 304 1474 nauit,
359 1410 512 1479 eique
552 1409 700 1481 aperi
734 1425 922 1463 nomen
940 1407 1218 1462 Paschalis
1235 1409 1485 1463 carminis
1512 1409 1674 1462 dedit.
1706 1407 1766 1463 In

149 1501 257 1559 alio
284 1502 484 1557 codice
536 1500 666 1558 Vat.
716 1501 940 1571 Regina:
988 1501 1115 1568 551,
1148 1501 1244 1571 qui
1274 1509 1393 1557 erat
1440 1499 1769 1557 Petavianus

149 1613 300 1654 num.
324 1598 457 1661 9.“,
491 1595 683 1651 in-lol.
717 1595 1020 1650 membran.
1054 1596 1240 1651 stcculi
1269 1610 1364 1650 xm
1390 1596 1631 1662 circiter,
1649 1603 1770 1665 post

151 1690 254 1746 alia
302 1704 479 1759 opera
531 1699 663 1744 sunt
706 1689 827 1744 libri
861 1689 929 1744 de
958 1688 1076 1744 Vir.
1102 1689 1300 1746 illustr.
1334 1689 1393 1746 S.
1427 1690 1767 1761 Hieronymi,

154 1782 439 1852 cujusdam
471 1781 760 1854 anonymi,
792 1781 1089 1850 Gennadii,
1116 1792 1172 1838 et
1204 1783 1419 1839 lsidori.
1455 1781 1588 1855 Cap.
1621 1785 1653 1838 7
1706 1786 1771 1839 li-

1860 570 2019 643 primi
2048 570 2166 625 novi
2201 568 2519 625 Testamenti
2540 586 2560 623 :
2593 569 2733 640 quod
2758 584 2787 625 a
2815 578 3001 625 vetere
3043 567 3267 625 librario
3315 568 3464 625 litte-

1861 662 1938 718 ris
1967 660 2036 718 de
2055 661 2223 718 minio
2253 662 2578 719 rubentibus
2605 664 2901 733 ascriptum
2938 663 3152 717 notavit
3180 662 3427 719 Juretus.

1934 755 2027 811 55.
2075 754 2377 823 Grunerus,
2412 763 2470 811 et
2509 755 2837 812 Arntzenius
2865 770 3089 812 carmen
3134 755 3384 812 dividunt
3409 755 3468 812 in

1862 847 2103 919 quinque
2132 847 2327 916 libros,
2360 848 2483 919 quia
2521 848 2593 902 ita
2625 846 2681 903 in
2719 847 2999 918 plerisque
3030 849 3368 907 editiouibus
3387 849 3474 906 di-

1862 939 2040 995 visum
2085 948 2431 1010 repererunt.
2480 938 2588 1009 Ipsi
2646 945 2831 994 tamen
2872 947 3128 1007 censent,
3176 943 3470 1013 genuinam

1865 1032 2131 1102 poematis
2157 1032 2483 1089 divisionem
2513 1045 2640 1087 esse
2668 1030 2720 1086 in
2750 1038 2987 1102 quatuor
3016 1032 3217 1089 libros:
3247 1050 3348 1105 pro
3369 1048 3476 1105 qua

1867 1123 2131 1195 opinione
2171 1124 2413 1196 allegant
2440 1122 2663 1179 codices
2705 1138 2846 1179 mss.
2888 1125 3342 1193 Arntzenianum,
3387 1125 3483 1183 Al-

1868 1215 2363 1285 meloveenianum,
2390 1227 2627 1285 quatuor
2657 1215 2802 1288 apud
2832 1214 3165 1284 Fabricium,
3219 1218 3477 1274 nimirum

1867 1307 2343 1374 Chemnicensem,
2372 1307 2825 1378 Gandavensem,
2848 1319 2907 1366 et
2939 1308 3098 1366 binos
3128 1310 3481 1380 Leodienses,

1871 1398 2139 1460 editiones
2182 1406 2291 1477 22
2315 1403 2576 1476 plurimas
2599 1404 2877 1475 antiquas,
2911 1414 2969 1459 ut
2990 1403 3242 1461 Veterem
3270 1407 3295 1460 1
3337 1415 3393 1461 et
3421 1406 3480 1472 2,

1872 1498 1925 1554 in
1965 1497 2161 1569 quibus
2195 1507 2378 1553 tamen
2404 1513 2469 1554 es
2504 1497 2684 1568 primo
2717 1497 2859 1553 libro
2888 1506 2944 1554 et
2966 1499 3209 1554 secundo
3248 1498 3309 1554 lit
3336 1512 3480 1553 unus

1875 1601 2107 1659 tantum,
2134 1602 2193 1647 ut
2224 1592 2278 1647 in
2307 1592 2467 1661 Aldo,
2499 1592 2745 1663 adeoque
2765 1592 2981 1661 primus
3012 1590 3152 1647 liber
3187 1601 3273 1647 est
3310 1588 3482 1648 veluti

1877 1686 2205 1742 introductio
2228 1687 2293 1741 ad
2334 1701 2492 1756 Opus,
2529 1702 2651 1741 cum
2678 1686 2732 1742 in
2771 1701 2903 1742 mss.
2938 1686 3214 1758 plerisque
3245 1695 3481 1758 quatuor

1877 1780 1999 1836 libri
2044 1781 2116 1836 ita
2166 1781 2281 1836 sint
2309 1780 2571 1847 ordinati,
2599 1792 2656 1836 ut
2709 1781 2850 1837 liber
2899 1790 3126 1853 quartus
3155 1790 3483 1838 annectatur

152 1876 236 1933 bri
263 1875 463 1931 lsiduri
485 1876 570 1931 sic
591 1877 742 1932 clare
768 1876 1009 1946 legitur:
1042 1877 1292 1933 Sedulius
1322 1880 1587 1950 presbyter
1613 1878 1772 1932 edidit
1802 1868 1851 1930 B
1880 1876 2060 1940 tertio,
2089 1883 2204 1931 tum
2252 1890 2318 1931 es
2373 1876 2566 1947 quinto
2617 1886 2867 1933 remanet
2914 1888 3159 1947 quartus.
3210 1876 3482 1948 Georgius

153 1980 373 2044 quatuor
424 1968 594 2025 libros
621 1969 884 2041 dactylico
904 1969 1322 2033 heroico‘metro,
1357 1980 1486 2037 etc.,
1513 1980 1572 2026 ut
1597 1972 1650 2026 in
1680 1985 1777 2027 ex-

157 2064 319 2122 cusis.
354 2064 569 2120 Incerta
623 2064 791 2136 igitur
811 2073 899 2121 est
941 2081 1098 2123 mens
1129 2066 1321 2122 lsidori
1351 2067 1420 2123 de
1449 2080 1682 2124 numero
1709 2067 1776 2123 li-

157 2159 382 2216 brorum
430 2160 704 2216 carminis
748 2160 1051 2232 paschalis,
1106 2169 1162 2216 et
1190 2161 1429 2233 elogium
1462 2161 1672 2219 Sedulii
1707 2179 1773 2219 ex

158 2269 277 2326 cap.
307 2255 372 2310 tl
403 2254 618 2311 codicis
650 2253 772 2311 Vat.
802 2254 937 2327 Reg.
989 2256 1093 2311 549
1123 2256 1293 2312 multo
1339 2256 1511 2328 magis
1540 2257 1605 2313 ad
1634 2258 1781 2314 veri-

164 2358 329 2405 tatem
381 2346 627 2404 accedit.

231 2444 320 2498 ‘52.
365 2441 420 2497 lu
456 2452 587 2497 uota
611 2441 685 2496 95
713 2441 780 2495 ad
803 2441 1091 2512 epistolam
1120 2440 1517 2498 dedicatoriam
1569 2441 1780 2498 Sedulii

168 2537 307 2593 inter
328 2537 517 2592 varias
545 2535 817 2593 lectiones
845 2535 1173 2603 observabo,
1221 2535 1514 2607 plerosque
1561 2536 1780 2592 codices

171 2631 281 2703 ejus
305 2630 564 2701 epistolae
592 2628 880 2695 exhibere,
915 2629 1155 2696 Quatuor
1174 2630 1336 2700 igitur
1357 2629 1674 2685 mirabilium
1704 2631 1785 2684 di-

172 2726 403 2781 vinorum
428 2723 663 2790 libellos,
695 2724 952 2795 quamvis
978 2723 1177 2779 alicubi
1207 2723 1369 2779 etiam
1400 2725 1629 2795 legatur,
1677 2724 1782 2780 Mi-

171 2819 409 2874 rabilium
443 2817 751 2871 divinorum
780 2826 881 2871 tres
908 2814 1135 2871 libellos.
1184 2815 1424 2871 Funcius
1449 2819 1552 2890 21
1586 2832 1706 2888 cap.
1751 2819 1786 2872 5

170 2910 233 2968 de
254 2911 465 2983 Vegct.
493 2909 633 2981 ling.
660 2907 778 2964 Lat.
811 2917 1021 2965 senect.
1058 2907 1110 2963 id
1138 2909 1212 2964 ita
1260 2908 1578 2979 accipiebat,
1634 2909 1787 2981 quasi

173 3003 430 3061 Sedulius
491 3012 628 3058 tunc
675 3003 849 3057 solum
906 3001 1224 3071 scripsisset
1280 3011 1691 3073 quatuorusque
1719 3003 1789 3057 ad

173 3100 487 3171 passionem,
522 3106 663 3162 etc.,
692 3096 890 3167 quibus
924 3104 1115 3165 postea
1143 3095 1422 3152 addiderit
1450 3097 1695 3168 quintum
1721 3098 1788 3154 de

171 3191 445 3260 passione,
480 3188 919 3253 resurrectione.
947 3198 1004 3243 et
1029 3188 1569 3245 ascensione.Minus
1595 3190 1646 3245 id
1677 3191 1790 3263 pla"-

1878 1971 2190 2028 Cassander
2211 1972 2264 2026 in
2296 1982 2534 2042 quatuor
2555 1966 2723 2028 etiam
2755 1971 2928 2029 libros
2958 1987 3181 2029 carmen
3226 1971 3486 2044 paschale

1880 2064 2085 2121 divisit.

1953 2161 2045 2217 54.
2076 2160 2317 2215 Titulum
2343 2161 2614 2232 poematis
2635 2160 2973 2216 Tritltemius
3011 2161 3086 2217 ait
3113 2175 3238 2218 esse
3264 2159 3489 2217 Carmen

1881 2256 2150 2327 paschale.
2183 2256 2260 2311 lta
2300 2254 2417 2325 ipse
2467 2254 2725 2311 Sedulius
2751 2255 2808 2309 in
2837 2256 3067 2325 epistola
3117 2256 3184 2311 ad
3235 2254 3489 2312 Macedo.

1882 2349 2033 2404 nium
2060 2366 2073 2403 :
2109 2347 2251 2403 Huic
2280 2359 2456 2404 autem
2486 2351 2654 2419 aperi.
2686 2352 2892 2422 fauente
2925 2349 3174 2419 Domino,
3207 2349 3491 2406 Paschalis

1882 2441 2129 2497 carminis
2158 2458 2345 2496 nomen
2377 2442 2626 2513 imposui,
2660 2442 2784 2513 quia
2814 2443 3014 2515 pascha
3039 2453 3275 2498 nostrum
3304 2443 3488 2498 immo-

1883 2533 2024 2587 latus
2055 2541 2129 2588 est
2158 2531 2442 2600 Christus;
2471 2542 2526 2588 et
2561 2533 2612 2587 in
2642 2533 2810 2589 altera
2848 2534 3083 2603 epistola
3128 2534 3194 2589 ad
3241 2534 3493 2590 Macedo-

1884 2625 2056 2693 nium,
2108 2625 2391 2697 pra-missa
2439 2640 2635 2697 prosae,
2673 2626 2836 2682 simili
2888 2628 3053 2683 modo
3093 2638 3253 2683 vocat
3281 2644 3488 2684 carmen

1885 2718 2154 2792 paschale,
2197 2718 2373 2789 ipsam
2405 2733 2538 2775 vero
2567 2733 2786 2789 prosam
2839 2735 2971 2790 apus
3012 2718 3288 2791 paschale,
3344 2720 3490 2791 quod

1887 2813 2434 2870 animadvertendum
2464 2821 2551 2870 est
2580 2823 2769 2871 contra
2815 2814 3140 2887 Gyraldum,
3170 2815 3488 2874 Nebrissen-

1888 2922 2028 2973 sem,
2060 2916 2115 2963 et
2160 2906 2320 2974 alios,
2363 2908 2453 2979 qui
2486 2909 2719 2964 carmini
2770 2909 2989 2965 titulum
3046 2909 3317 2982 alﬁnguut
3364 2928 3495 2984 opus

1891 3003 2158 3073 paschale.
2220 3001 2434 3058 Priores
2483 3004 2650 3077 igitur
2691 3003 2833 3073 libri,
2898 3005 2977 3060 ait
3028 3005 3313 3074 Sedulius,
3372 3009 3497 3080 quia

1890 3113 2039 3152 uersu
2063 3096 2253 3169 digesti
2272 3106 2412 3165 sunt,
2444 3114 2629 3152 nomen
2659 3112 2946 3155 essemus
2999 3114 3248 3156 CARlllNIS
3280 3116 3495 3172 accepe-

1892 3201 2039 3260 runt;
2067 3199 2332 3264 sequentes
2361 3200 2535 3247 autem
2562 3192 2615 3245 in
2646 3208 2822 3262 prosa,
2857 3192 3005 3247 nulla
3030 3209 3214 3248 cursus
3252 3194 3500 3249 varietate

173 3293 259 3342 cet
284 3301 300 3341 :
326 3285 501 3342 verba
533 3285 688 3342 enim
721 3282 929 3340 Sedulii
949 3300 1109 3355 usque
1163 3283 1231 3338 ad
1284 3286 1597 3359 passionem,
1654 3294 1785 3354 etc.,
1817 3268 1865 3334 Ο
1896 3286 2129 3341 conversi
2148 3329 2163 3355 ,
2196 3301 2489 3342 assensus
2512 3286 2855 3359 designantur
2884 3287 3337 3345 opt-:msvocabulo
3360 3304 3499 3342 nun-

176 3377 250 3434 ita
275 3388 405 3435 sunt
434 3377 823 3449 intelligenda,
856 3385 917 3431 ut
946 3378 1257 3448 passionem
1282 3380 1473 3449 etiam,
1505 3396 1788 3438 resurrec-

182 3473 409 3539 tionem,
457 3483 514 3529 et
562 3472 953 3527 ascensionem
1002 3472 1477 3542 comprehendere
1528 3475 1786 3531 voluerit.

182 3561 404 3621 Carmen
451 3566 643 3636 ipsum
667 3564 722 3619 in
754 3563 958 3620 nostris
988 3564 1272 3621 codicibus
1323 3582 1430 3621 non
1479 3582 1590 3623 uno
1632 3567 1795 3623 modo

188 3656 417 3714 divisum
445 3669 553 3715 est.
589 3659 730 3730 Reg.
764 3659 788 3713 1
825 3668 881 3713 et
908 3658 1021 3714 Ott.
1052 3660 1079 3713 l
1114 3660 1353 3730 primum
1397 3660 1595 3716 librum
1624 3662 1798 3717 veteri

186 3748 538 3808 Testamento
563 3751 870 3821 assignant,
906 3751 1106 3807 librum
1130 3740 1644 3809 secundum‘dicunt
1674 3767 1797 3809 esse

188 3847 417 3918 primum
454 3849 582 3903 novi
639 3846 1006 3911 Testameuti,
1065 3857 1229 3918 atque
1259 3848 1360 3902 hoc
1384 3848 1577 3903 ordine
1608 3863 1801 3918 proce-

191 3940 319 3997 dunt
338 3958 514 4014 usque
538 3940 609 3998 ad
633 3940 883 3997 ultimum
918 3941 1141 4006 librum,
1174 3942 1265 4013 qui
1299 3949 1529 4012 quartus
1578 3949 1801 3998 vocatur

194 4038 310 4092 novi
330 4037 697 4100 Testamenti,
726 4050 852 4091 eum
872 4035 943 4090 sit
971 4035 1191 4107 quintus
1220 4034 1507 4106 poematis.
1532 4034 1609 4089 Ita
1635 4035 1799 4090 etiam

195 4127 355 4186 refert
384 4130 561 4186 codex
590 4129 814 4200 optima:
838 4138 979 4185 notae
1005 4128 1060 4183 in
1090 4128 1422 4186 bibliotheca
1453 4129 1800 4198 Taurinensi,

196 4239 297 4296 quo
347 4224 716 4296 antiquiorem
763 4224 927 4279 alium
988 4231 1205 4280 exstare
1257 4240 1365 4280 non
1395 4223 1671 4290 arbitror;
1702 4223 1804 4279 etsi

199 4320 337 4374 enim
365 4318 612 4376 Mansius
648 4318 700 4373 in
728 4327 842 4372 not.
867 4317 936 4373 ad
975 4317 1118 4373 Bibl.
1176 4319 1325 4375 med.
1355 4317 1517 4375 Fabr.
1571 4329 1807 4390 quatuor

200 4417 410 4467 tantum
470 4411 639 4481 hujus
669 4408 879 4467 codicis
917 4410 1088 4467 libros
1108 4410 1268 4481 dicit,
1294 4420 1475 4467 tamen
1504 4425 1594 4467 res
1619 4412 1728 4468 alio
1747 4427 1808 4469 se

204 4504 363 4563 habet
392 4506 577 4561 modo.
614 4505 870 4576 Quinque
899 4505 1106 4575 pariter
1135 4504 1303 4561 habet
1354 4505 1525 4562 codex
1568 4505 1805 4562 Cantua-

1895 3379 2094 3451 rupati.
2164 3378 2489 3434 Ilincmarus
2520 3376 2880 3434 nihilominus
2941 3379 2994 3434 in
3051 3393 3219 3451 opere
3263 3379 3334 3436 de
3390 3394 3498 3436 non

1896 3472 2037 3527 trina
2071 3471 2283 3528 Deitate
2305 3471 2467 3527 modo
2495 3487 2626 3542 opus
2649 3472 2925 3543 paschale,
2954 3471 3119 3529 modo
3139 3488 3348 3529 carmen
3377 3490 3501 3543 pas-

1894 3564 2043 3620 chale
2076 3562 2218 3619 idem
2259 3579 2449 3635 poema
2474 3574 2651 3619 vocat.
2685 3563 2794 3621 Sed
2842 3566 3099 3636 quoniam
3132 3565 3388 3623 Sedulius
3415 3582 3504 3623 ar-

1897 3665 2213 3729 gumentum
2243 3658 2428 3728 operis
2457 3656 2526 3711 ita
2558 3657 2865 3730 praposuit,
2910 3657 3150 3724 Quatuor
3187 3675 3310 3731 ergo
3340 3660 3504 3715 mira-

1899 3749 2081 3805 bilittm
2134 3750 2432 3805 divinorum
2482 3750 2709 3817 libellos,
2765 3768 2899 3823 quos
2946 3768 3011 3807 ea:
3053 3753 3294 3826 pluribus
3335 3771 3508 3827 pauca

1900 3842 2226 3915 complexus,
2252 3853 2385 3912 etc.,
2408 3843 2659 3899 nonnulli
2684 3844 2844 3900 libros
2867 3847 3192 3902 mirabilium
3214 3849 3515 3904 divinorum

1903 3936 2319 4006 inscripserunt,
2351 3936 2496 4007 quod
2537 3936 2817 3993 Asterium
2845 3938 3083 4009 primum
3126 3942 3370 3997 omnium
3425 3943 3507 3998 l'e-

1904 4031 2047 4087 cisse
2074 4031 2383 4100 suSpicatur
2414 4030 2747 4087 Arntzenius
2778 4049 2791 4085 :
2832 4031 3212 4091 Nebrissensis
3246 4035 3504 4106 afﬁrmat,

1905 4123 1959 4179 in
1990 4123 2243 4179 omnibus
2290 4137 2461 4194 prope
2505 4124 2741 4194 antiquis
2789 4123 3071 4182 codicibus
3118 4129 3336 4183 titulum
3388 4144 3513 4187 esse

1909 4214 2240 4271 Mirabilium
2288 4216 2587 4270 divinorum
2614 4231 2766 4289 opus,
2796 4215 2850 4269 in
2890 4215 3120 4273 decreto
3151 4234 3284 4274 vero
3312 4219 3516 4277 Gelasii

1909 4310 2173 4367 Paschale
2195 4327 2328 4383 opus
2358 4327 2376 4364 :
2409 4326 2587 4382 neque
2615 4326 2920 4382 repugnare
2941 4322 3154 4379 censet,
3186 4314 3333 4385 quod
3362 4325 3513 4372 uter-

1908 4420 2018 4477 que
2055 4419 2220 4461 verus
2270 4403 2342 4458 sit
2370 4402 2563 4461 titulus
2588 4403 2657 4457 ab
2695 4414 2920 4461 auctore
2971 4405 3244 4476 praeﬁxus,
3296 4416 3356 4463 ut
3406 4409 3517 4467 duo

1910 4508 2039 4553 sunt
2081 4497 2228 4553 tituli
2260 4496 2314 4551 in
2345 4495 2588 4569 Dialogis
2618 4494 2863 4552 Platonis
2904 4508 2961 4553 et
2987 4498 3295 4555 Ciceronis.
3327 4501 3525 4559 Decre«

204 4600 401 4658 riensis
424 4600 576 4672 apud
607 4600 942 4657 Gruuerum.
970 4599 1226 4657 Usserius
1256 4615 1474 4671 quoque
1504 4600 1667 4657 testis
1721 4615 1791 4658 est

1913 4600 2024 4647 tum
2073 4588 2279 4647 Gelasii
2314 4605 2582 4661 exponam
2638 4606 2789 4645 num.
2846 4592 2950 4648 155
3000 4607 3117 4665 seq.
3178 4587 3523 4654 VeluStiorcs

204 4708 334 4751 mss.
367 4668 709 4765 exemplaria
757 4708 979 4750 carmen
1003 4692 1264 4765 paschale
1278 4668 1344 4748 in
1366 4668 1607 4765 quinque
1636 4693 1805 4751 libros
1832 4668 1886 4730 Ῑ)
1912 4684 2129 4757 quidem
2158 4688 2339 4743 nostri
2369 4684 2591 4743 codices
2622 4683 2833 4742 Sedulii
2859 4687 3085 4744 omnino
3111 4688 3363 4761 ignorant
3394 4692 3522 4748 titu-

205 4786 472 4845 dividere.
503 4787 585 4844 Ex
618 4786 784 4842 variis
808 4786 1137 4843 lectionibus
1162 4787 1219 4842 in
1247 4785 1354 4841 line
1375 4785 1811 4857 uniuscujusque

209 4876 332 4935 libri
356 4873 600 4945 notatis,
620 4887 678 4933 et
703 4878 913 4949 exipsa
944 4878 1113 4934 Prosa
1169 4876 1467 4935 Seduliana
1517 4878 1810 4951 colligitur,

211 4971 668 5029 distributionem
693 4970 860 5028 totius
882 4971 1144 5028 carminis
1169 4970 1224 5026 in
1248 4970 1491 5044 quinque
1520 4971 1689 5028 libros
1720 4987 1815 5029 ve-

212 5070 576 5125 tustissimam
590 5080 738 5134 esse,
759 5076 839 5133 et,
859 5067 1166 5135 utvidetur,
1198 5066 1268 5122 ab
1298 5068 1419 5137 ipso
1445 5065 1671 5124 Sedulio
1687 5082 1815 5139 pro-

214 5163 428 5221 iectam.
480 5164 543 5220 In
574 5164 679 5219 hac
706 5162 897 5220 eadem
946 5164 1219 5219 sententia
1256 5171 1385 5218 sunt
1431 5161 1711 5229 Barthius,
1759 5172 1821 5219 et

217 5256 608 5313 Poelmaunns.
628 5254 896 5322 Quoniam
926 5269 1059 5311 vero
1078 5253 1333 5312 Sedulius
1351 5254 1585 5326 primum
1617 5253 1815 5311 librum

219 5350 418 5406 veteris
446 5348 787 5405 Testamenti
822 5348 1069 5418 posuisse
1094 5348 1313 5406 videtur
1339 5348 1495 5421 quasi
1523 5362 1622 5420 pro
1647 5350 1821 5405 intro-

225 5440 476 5498 ductione
501 5440 574 5498 ad
602 5449 835 5512 quatuor
854 5451 1171 5513 sequentes,
1203 5442 1330 5498 inde
1352 5441 1582 5499 fortasse
1622 5442 1677 5498 in
1705 5442 1823 5512 epi-

224 5534 357 5590 stola
376 5534 445 5591 ad
469 5533 847 5591 Macedoniam
903 5544 1123 5605 quatuor
1170 5534 1487 5591 mirabilium
1532 5535 1821 5592 diuinorum

229 5630 381 5687 libros
400 5631 543 5688 dixit
575 5647 590 5685 :
622 5629 775 5686 addit
805 5629 976 5699 enim,
1035 5639 1261 5703 quatuor
1285 5632 1714 5707 evangelistarum
1743 5632 1824 5688 di-

231 5732 313 5777 cta
338 5739 666 5798 congregans
690 5723 946 5778 ordinari.
970 5722 1028 5780 Id
1058 5726 1228 5780 secuti
1250 5724 1654 5795 quodammodo
1702 5736 1831 5783 sunt

236 5816 423 5885 Aldus,
464 5828 523 5874 et
552 5817 647 5872 alii
684 5826 903 5873 veteres
935 5816 1210 5882 editores;
1240 5827 1296 5874 et
1320 5819 1374 5875 in
1426 5834 1588 5889 prosa
1638 5817 1831 5874 distin-

237 5914 370 5971 ctius
397 5912 603 5985 legitur
625 5911 692 5968 ad
720 5910 814 5967 lin.
852 5911 986 5968 tituli
1016 5927 1135 5983 cap.
1169 5912 1238 5966 2‘2
1270 5928 1289 5968 :
1320 5909 1707 5983 Explicucrunl
1750 5929 1835 5969 ca-

1913 4778 2024 4836 lum
2056 4780 2382 4836 mirabilium
2422 4780 2744 4850 divinorum,
2790 4788 2955 4853 atque
3008 4781 3147 4839 adeo
3200 4800 3268 4841 eo
3296 4784 3523 4843 inclinat

1915 4875 2151 4944 animus,
2202 4882 2260 4930 ut
2285 4874 2529 4941 credam,
2560 4888 2683 4929 eum
2714 4873 2879 4929 etiam
2910 4875 3131 4932 Asteria
3158 4878 3521 4937 recentiorem

1916 4981 2062 5024 esse.
2091 4966 2297 5023 Confer
2329 4981 2451 5021 var.
2482 4965 2612 5022 lect.
2647 4965 2715 5021 ad
2749 4981 2898 5022 vers.
2940 4967 2994 5035 l,
3023 4969 3112 5039 l7,
3146 4969 3186 5024 l.
3216 4984 3255 5034 ι,
3289 4980 3345 5026 et
3367 4987 3519 5027 num.

1918 5062 1989 5117 50
2034 5060 2281 5131 Proleg.,
2308 5059 2401 5115 ubi
2431 5075 2502 5116 ex
2548 5058 2784 5131 quodam
2816 5074 2921 5116 ms.
2947 5076 3144 5132 poema
3185 5063 3289 5119 hoc
3328 5064 3528 5123 dicitur

1921 5151 2199 5209 Canticum
2241 5152 2509 5224 paschale.
2553 5151 2740 5209 Titulo
2765 5153 3050 5222 carminis,
3082 5162 3139 5210 ct
3163 5156 3349 5225 operis
3398 5171 3527 5228 pas-

1916 5245 2091 5302 chalis
2112 5245 2378 5317 deceptus
2399 5255 2485 5301 est
2511 5244 2674 5312 Alva,
2703 5245 2798 5317 qui
2822 5247 2876 5302 in
2900 5245 3058 5303 Milit.
3082 5249 3348 5319 (Ioneept.
3376 5249 3526 5307 afﬁr-

1926 5338 2115 5409 mavit,
2147 5339 2434 5396 Sedulium
2464 5338 2830 5396 communiter
2857 5337 2965 5395 dici
2993 5338 3338 5398 Paschalem.

1999 5434 2090 5490 55.
2120 5432 2381 5489 Nonnulli
2413 5442 2535 5504 post
2562 5434 2852 5489 metricum
2882 5431 3088 5490 Sedulii
3122 5433 3407 5506 prologum
3436 5450 3535 5506 ap-

1929 5539 2139 5603 ponunt
2166 5528 2274 5602 23
2308 5526 2716 5584 Dedicationem
2743 5525 2813 5582 ad
2840 5524 3207 5582 Theodosium
3229 5526 3532 5600 Augustum

1931 5622 2243 5697 quindecim
2266 5621 2520 5680 versibus
2545 5620 2902 5690 hexametris,
2936 5619 3282 5677 Romulidum
3328 5624 3536 5691 ductor,

1932 5728 2067 5787 etc.,
2096 5733 2261 5792 quam
2292 5716 2629 5775 Tritbemius
2666 5722 2864 5787 quarto
2914 5714 3035 5771 loco
3081 5728 3355 5775 memorat
3403 5728 3542 5776 tam-

1935 5826 2095 5885 quam
2126 5810 2327 5867 librum
2354 5809 2669 5865 distinctum
2699 5805 2933 5863 Sedulii.
2988 5804 3159 5863 Iudex
3212 5818 3544 5883 expurgata-

1939 5909 2056 5967 rius
2108 5907 2372 5965 librorum
2432 5919 2529 5977 per
2576 5903 2843 5959 Joannem
2899 5901 2970 5958 Μ.
3025 5900 3547 5974 Brasicbellensem.
