4060 6320
455 336 564 396 855

1762 332 2046 391 C(EIJUS
2083 330 2449 388 SEDULIUS.

3650 331 3759 388 456

453 449 590 505 alias
610 449 678 505 ad
705 461 957 517 tte-speras
985 448 1038 505 in
1070 447 1376 518 Epiphania
1402 447 1650 503 canimus
1669 488 1684 515 ,
1721 447 2056 519 praetermis-
2083 449 2135 507 Α
2162 445 2424 514 paschali.
2459 443 2591 499 Post
2618 442 2950 514 epigramma
2973 441 3242 512 sequitur,
3271 442 3544 511 Incipiunt
3574 445 3759 498 carmi-

454 541 534 596 sis
570 542 806 597 caeteris.
840 541 937 596 llic
972 540 1220 611 Hymnus
1260 557 1382 597 cum
1427 541 1612 613 Elegia
1665 541 1872 598 Sedulii
1927 557 2063 611 prm-

451 635 740 690 termissus
792 649 821 688 a
879 633 1174 690 Parrhasio
1225 643 1310 690 est
1371 635 1424 689 in
1475 651 1572 690 sua
1619 634 1895 698 editione,
1954 633 2064 688 lor-

451 733 595 784 tasse
650 726 793 798 quod
858 726 975 782 hac
1032 728 1276 782 carmina
1335 726 1391 782 in
1444 728 1557 784 suis
1612 726 1897 782 codicibus
1953 740 2062 779 non

458 819 754 888 invenerit,
785 831 879 875 aut
901 819 1108 876 Sedulii
1156 835 1279 876 esse
1311 834 1418 876 non
1466 819 1775 875 crediderit.
1829 819 1904 873 De
1951 817 2067 873 Ele-

453 911 537 984 gia
565 913 818 968 dubitant
840 913 1088 968 nonnulli
1115 931 1128 966 :
1163 911 1311 968 atde
1343 914 1444 968 hoc
1473 911 1676 984 hymno
1722 913 1808 966 vix
1838 911 1944 966 ulla
1981 920 2067 965 est

453 1005 734 1063 dubitandi
779 1009 958 1076 ratio,
1024 1017 1081 1062 ut
1143 1023 1208 1062 ex
1276 1023 1390 1062 var.
1450 1007 1574 1061 lcet.
1632 1005 1858 1076 patebit.
1920 1002 2065 1059 Non-

461 1099 598 1156 nulli
641 1111 842 1156 vocant
865 1099 1009 1156 hunc
1046 1099 1308 1172 hymnum
1334 1100 1703 1166 acrosticbum,
1744 1097 1839 1154 sed
1886 1098 2066 1152 minus

464 1196 710 1266 proprie,
735 1211 860 1250 cum
892 1211 959 1251 ex
994 1195 1187 1264 primis
1216 1194 1412 1250 litteris
1444 1209 1698 1248 versuum
1732 1191 1939 1247 nullum
1968 1205 2066 1246 no~

459 1305 585 1346 men
615 1289 960 1346 conliciatur.
989 1287 1115 1344 Vid.
1151 1304 1264 1343 var.
1296 1289 1424 1343 lect.
1457 1285 1524 1341 ad
1556 1286 1768 1342 titulum
1799 1284 2008 1356 hymni.

533 1380 623 1436 15.
665 1381 893 1436 Librum
921 1396 936 1434 t
964 1379 1030 1434 ad
1053 1378 1421 1435 Theodosium
1453 1379 1840 1448 imperatorem
1872 1383 2066 1445 quarto

463 1473 586 1531 loco
607 1474 812 1530 iudicat
851 1474 1190 1530 Trithemius
1223 1493 1236 1530 :
1272 1473 1363 1545 qui
1393 1472 1529 1528 nihil
1557 1482 1643 1528 est
1680 1470 1827 1526 aliud
1854 1511 1869 1536 ,
1902 1485 2063 1542 quam

466 1569 744 1626 dedicatio
773 1569 839 1624 ad
870 1567 1259 1636 Theodosium,
1288 1567 1358 1623 dc
1386 1582 1490 1637 qua
1513 1581 1677 1637 supra
1699 1565 1854 1629 satis,
1879 1577 2065 1634 super-

464 1678 593 1734 que.
623 1661 777 1730 Quod
801 1673 982 1717 autem
1014 1661 1351 1716 Trithemius
1373 1659 1562 1731 quinto
1596 1659 1716 1713 loco
1747 1657 1938 1711 librum
1969 1671 1985 1708 ι
2011 1656 2063 1709 in

461 1763 631 1832 majus
661 1759 901 1814 volumen
947 1757 1254 1823 Prisciani,
1296 1765 1352 1812 et
1381 1765 1538 1811 sexto
1567 1755 1689 1810 loco
1731 1754 1965 1808 librumt
2012 1751 2064 1804 in

2169 555 2234 592 na
2263 539 2446 607 ipsius,
2483 536 2625 606 quod
2657 535 3066 606 intelligendum
3089 547 3172 592 est
3201 539 3363 605 ipsius
3388 539 3619 605 Sedulii,
3651 555 3757 595 non

2166 632 2355 684 Asterii
2375 646 2529 685 :uam
2547 630 2647 686 etsi
2670 630 2912 699 proxime
2934 633 3216 702 prmcessit
3243 631 3576 703 epigramma
3605 633 3762 690 Aste-

2167 727 2253 794 rii,
2287 729 2337 783 id
2394 743 2490 799 per
2536 743 2777 786 errorem
2829 729 3031 785 evenit.
3065 729 3241 796 Adde,
3275 729 3553 787 Asterium
3587 731 3758 804 ipsum

2167 820 2312 891 loqui
2342 821 2409 876 de
2443 821 2695 877 versibus
2723 821 2953 877 Sedulii.
3006 821 3208 878 Turcio
3255 840 3283 877 a
3316 823 3539 880 Sedulio
3574 825 3762 881 inseri-

2171 923 2344 984 pttnn,
2378 923 2432 970 et
2460 916 2684 969 miSsum
2714 914 2882 970 fuisse
2931 915 3034 971 hoc
3088 918 3416 987 epigramma
3461 917 3572 989 30
3598 918 3763 972 voluit

2168 1006 2530 1061 Panviuiusin
2548 1006 2693 1061 Fast.
2719 1007 2882 1062 Cous.
2909 1006 3280 1064 Nelirisseusis
3307 1009 3358 1063 in
3384 1010 3527 1063 notis
3542 1008 3608 1062 ad
3627 1009 3761 1064 hanc

2167 1101 2394 1170 elegiam
2428 1118 2441 1152 :
2473 1100 2608 1156 Sunt
2657 1103 2744 1170 qui
2793 1103 2992 1168 dicunt,
3024 1102 3118 1169 ait,
3163 1102 3261 1156 hoc
3322 1101 3634 1173 opusculum
3662 1118 3761 1157 non

2167 1210 2277 1248 esse
2295 1193 2488 1248 editum
2511 1212 2543 1247 a
2567 1193 2809 1262 Sedulio,
2828 1197 2917 1250 sed
2943 1197 3074 1250 inter
3094 1195 3240 1250 illius
3262 1197 3452 1268 scripta
3478 1198 3756 1264 inventum,

2166 1289 2304 1360 quod
2332 1291 2459 1344 satis
2491 1298 2562 1344 est
2610 1301 2664 1343 ut
2697 1289 2904 1345 Sedulii
2927 1300 3135 1362 putetur
3161 1308 3288 1346 esse.
3317 1290 3573 1348 Profecto
3595 1291 3762 1347 Aldus

2169 1391 2292 1452 post
2317 1397 2537 1438 carmen
2571 1383 2828 1454 paschale
2857 1385 3102 1456 proxime
3149 1395 3274 1440 ante
3301 1385 3531 1456 elegiam
3562 1385 3642 1440 sic
3671 1384 3763 1440 ha-

2167 1475 2300 1531 bet:
2335 1475 2449 1530 Hoc
2479 1477 2788 1547 opusculum
2831 1494 2932 1532 non
2983 1497 3014 1532 a
3057 1478 3274 1533 Sedulio
3310 1489 3528 1533 auctore
3570 1479 3760 1532 editum

2167 1580 2263 1636 est,
2293 1570 2382 1625 sed
2411 1588 2440 1623 a
2465 1569 2646 1625 Turtio
2668 1571 2810 1639 Rufo
2832 1571 3033 1626 Asteria
3055 1574 3195 1642 quita
3220 1572 3382 1646 (forte
3394 1571 3595 1644 quinto)
3619 1572 3682 1628 V.
3702 1572 3758 1629 Ο.

2166 1665 2445 1720 exconsnle
2469 1667 2758 1732 ordinario,
2786 1677 2941 1739 atque
2962 1670 3194 1740 patritio,
3220 1670 3307 1740 qui
3338 1668 3392 1722 id
3417 1670 3553 1724 inter
3574 1669 3762 1740 scripta

2171 1757 2376 1812 Sedulii
2401 1760 2614 1813 invenit.
2641 1759 2879 1816 Verbum
2910 1761 3220 1833 apusculum
3251 1779 3357 1818 non
3387 1762 3617 1819 carmini
3648 1778 3764 1833 pas-

457 1853 734 1908 secundam
759 1853 1039 1908 editionem
1071 1851 1268 1906 Donati
1297 1859 1570 1918 recenset,
1605 1848 1780 1918 qualia
1814 1847 1925 1901 sint
1951 1845 2066 1900 lucc
2095 1844 2142 1905 Β
2169 1851 2332 1918 cbali,
2364 1853 2506 1922 quod
2545 1854 2845 1923 przncessit,
2879 1855 2972 1910 sed
3012 1856 3225 1926 elegia},
3256 1873 3375 1926 qua:
3420 1856 3569 1911 illico
3614 1856 3764 1926 poni-

458 1961 656 2016 opera,
701 1947 793 2001 vix
842 1945 1066 2001 aliunde
1115 1944 1388 2015 expiscari
1443 1957 1756 2012 possumus.
1811 1938 2062 1996 Secunda

461 2038 632 2096 editio
651 2039 847 2096 Donati
880 2056 941 2096 ea
972 2049 1078 2104 est,
1107 2055 1230 2111 quae
1261 2039 1331 2095 de
1357 2047 1484 2094 octo
1525 2036 1772 2107 partibus
1799 2035 2068 2090 orationis

461 2135 594 2204 agit.
623 2133 882 2190 Sedulius
911 2133 1135 2205 quidem
1165 2134 1220 2188 in
1253 2133 1482 2203 epistola
1506 2133 1572 2186 ad
1605 2129 1984 2186 Maccdonium
2007 2143 2067 2184 se

460 2227 589 2282 olim
623 2235 945 2298 occupatum
985 2227 1276 2299 proﬁtetur
1304 2225 1641 2280 saecularibus
1668 2225 1875 2290 studiis,
1903 2233 1949 2276 et
1981 2224 2068 2276 lit-

463 2323 664 2377 terario:
693 2320 910 2376 solertia
931 2321 1226 2391 disciplina:
1253 2321 1452 2375 lusibus
1482 2320 1790 2390 infructuosi
1816 2319 1926 2390 29
1946 2334 2066 2388 ape-

458 2417 552 2482 ris,
587 2433 688 2472 non
713 2419 913 2472 auctori
937 2416 1053 2472 Deo
1083 2415 1387 2472 deseruiisse
1419 2431 1436 2469 :
1463 2431 1571 2485 quo
1603 2413 1828 2483 profana
1861 2411 2068 2483 quaevis

461 2527 624 2583 opera
654 2512 960 2584 intelligere
998 2525 1309 2582 possumus.
1340 2510 1398 2566 ln
1427 2508 1550 2564 cod.
1584 2507 1766 2563 Vatic.
1803 2504 1988 2561 Ottob.
2035 2507 2060 2560 1

461 2618 585 2679 post
643 2609 873 2680 elegiam
929 2607 1133 2665 Sedulii
1184 2606 1506 2672 Cantemus,
1562 2605 1715 2669 socii,
1770 2603 1886 2658 base
1943 2610 2069 2658 nota

461 2703 780 2772 apponitur,
814 2701 997 2774 incipit
1025 2717 1110 2754 ars
1143 2700 1380 2766 Sedulii,
1405 2699 1493 2769 qui
1527 2704 1694 2767 primo
1722 2695 1904 2762 laicus,
1935 2703 2064 2758 etc.,

464 2805 524 2850 ut
571 2811 724 2852 num.
778 2798 810 2850 9
854 2795 1170 2866 expositum
1211 2793 1331 2848 fuit.
1393 2792 1656 2848 Fortasse
1707 2805 1792 2842 ars
1846 2804 1909 2843 ea
1972 2787 2072 2842 Se-

466 2889 602 2946 dulii
653 2906 775 2962 qua:
821 2889 909 2945 hic
952 2890 1262 2956 indicatur,
1309 2888 1403 2944 sed
1457 2903 1562 2941 non
1619 2884 1934 2949 exhibetur,
1989 2889 2073 2937 est

461 2983 663 3054 aliquis
739 2998 808 3039 ex
882 2983 1034 3038 libris
1107 2983 1162 3037 in
1235 2981 1573 3036 Prisciauum
1649 2989 1703 3034 et
1778 2977 2067 3032 Donatum.

463 3075 712 3132 Labbeus
770 3076 823 3131 in
897 3076 1124 3132 Dissert.
1198 3073 1391 3129 histor.
1468 3072 1536 3128 de
1603 3072 1808 3142 Seript.
1864 3069 2066 3125 eeeles.

458 3179 594 3226 tom.
629 3169 692 3239 ll,
727 3185 850 3240 pag.
883 3169 986 3224 529
1011 3210 1024 3233 ,
1061 3167 1179 3224 btec
1231 3168 1505 3239 ipsissima
1542 3164 1712 3220 verba
1757 3163 1964 3232 profert
2002 3176 2068 3217 ex

453 3263 627 3320 veteri
669 3234 858 3319 codice
899 3261 1098 3318 Pithaai
1127 3302 1142 3326 ,
1191 3234 1282 3332 qui
1325 3261 1560 3316 fortasse
1613 3259 1907 3314 distinctus
1955 3274 2063 3312 uon
2093 3234 2139 3299 Ο

449 3369 536 3413 est
563 3358 633 3412 ab
665 3359 769 3412 hoc
800 3366 988 3412 nostro
1015 3356 1140 3412 Vat.
1170 3355 1356 3410 Ottob.
1392 3357 1444 3410 -l.
1473 3354 1623 3409 Idem
1650 3353 1902 3409 Labbeus
1939 3366 2061 3422 pag.

456 3453 584 3520 558,
619 3466 686 3507 ex
722 3451 1060 3507 bibliotheca
1101 3447 1328 3504 Tbuana
1368 3456 1624 3504 recenset
1665 3461 1770 3502 ms.
1800 3443 2068 3499 Commen-

464 3548 710 3602 tariolum
737 3547 790 3601 in
816 3556 980 3602 artem
1022 3543 1280 3611 Eutichii,
1311 3553 1364 3598 et
1395 3558 1459 3598 ex
1513 3559 1647 3596 mss.
1689 3539 1957 3606 Goldasti,
2005 3538 2070 3592 de

462 3640 734 3715 Regimine
755 3641 1070 3714 principum,
1103 3650 1148 3694 et
1171 3638 1548 3711 expositionem
1578 3638 1632 3690 in
1657 3644 1818 3690 artem
1843 3632 2070 3686 Priscia-

461 3736 560 3790 ni:
587 3751 709 3806 quae
737 3735 853 3806 ipse
875 3733 1100 3790 Sedulio
1132 3732 1301 3788 Scoto
1325 3773 1339 3797 ,
1371 3729 1462 3801 qui
1491 3744 1640 3784 anno
1679 3727 1786 3782 818
1812 3725 2066 3789 ﬂorebat,

460 3826 758 3900 adjudieat.
783 3825 919 3883 Cum
953 3825 1178 3882 Labbeo
1205 3823 1330 3879 facit
1358 3821 1606 3878 Oudinus
1645 3819 1712 3875 de
1743 3817 1948 3888 Script.
1983 3833 2070 3872 ec-

464 3923 600 3978 cles.
637 3921 843 3978 szeculo
873 3937 956 3988 is,
999 3921 1067 3976 ad
1096 3933 1225 3975 ann.
1269 3917 1394 3984 820,
1427 3916 1520 3987 qui
1551 3915 1653 3971 hos
1679 3913 1897 3969 codices
1934 3925 2065 3966 mss.

462 4025 764 4084 enumerat,
795 4015 848 4071 in
880 4013 1209 4070 bibliotheca
1227 4011 1721 4083 Lngduno-Batava
1762 4009 1906 4063 inter
1933 4021 2065 4061 mss.

465 4109 628 4166 codd.
654 4109 723 4166 ab
745 4108 1055 4165 hieredibus
1082 4107 1250 4164 lsaaci
1282 4105 1460 4163 Vossii
1491 4115 1708 4176 emptos
1735 4101 1858 4158 cod.
1889 4101 2067 4157 Latin.

457 4203 550 4270 21,
578 4219 726 4259 num.
756 4204 812 4270 '5,
844 4201 1089 4259 Sedulius
1119 4202 1171 4255 in
1219 4200 1584 4265 Priscianum;
1634 4197 1688 4251 in
1733 4195 2068 4252 bibliotheca

466 4281 810 4354 Norfolciana
861 4295 1100 4352 Londini
1131 4294 1254 4350 eod.
1291 4295 1383 4360 45,
1415 4292 1687 4364 Eapositio
1719 4287 1923 4345 Sedulii
1959 4287 2070 4357 epi-

462 4395 602 4465 sc0pi
623 4394 674 4446 in
704 4393 925 4458 primam
954 4391 1229 4446 editionem
1260 4387 1478 4444 Donati.
1511 4384 1712 4441 Confer
1743 4399 1895 4439 num.
1922 4382 2012 4437 88.

538 4485 628 4541 46.
659 4485 991 4540 Trithemius
1027 4485 1260 4554 septimo
1290 4484 1410 4538 loco
1452 4490 1721 4538 memorat
1751 4478 2070 4534 Exhartato-

468 4581 606 4636 rium
636 4581 703 4634 ad
725 4579 904 4650 ﬁdeles
935 4579 1126 4633 librum
1164 4595 1204 4634 ι.
1235 4578 1360 4633 Haec
1381 4586 1466 4633 est
1489 4577 1681 4646 elegia,
1713 4592 1832 4646 quae
1861 4575 1914 4630 in
1947 4573 2059 4630 edi-

469 4671 711 4730 tiouibus
736 4673 962 4728 carmini
996 4672 1237 4742 paschali
1281 4670 1548 4736 succedit,
1577 4681 1633 4725 et
1662 4669 1884 4724 inscribi
1927 4669 2070 4723 solet

471 4765 695 4823 Collatia
738 4767 917 4821 ceteris
946 4777 993 4820 et
1015 4765 1132 4819 novi
1157 4764 1490 4831 Testamenti,
1514 4772 1568 4818 et
1596 4776 1840 4817 seorsum
1869 4775 2068 4817 excusa

470 4869 556 4918 est
571 4860 624 4915 in
641 4857 871 4915 Manuali
887 4857 1094 4914 Biblico
1110 4855 1628 4913 Fraucolurti1610.
1647 4854 2066 4926 llocelegiacum

473 4967 693 5010 carmen
736 4951 963 5008 Sedulio
1012 4949 1356 5020 abjudicant,
1409 4956 1463 5004 et
1517 4947 1737 5002 Asterio
1793 4945 2070 5002 ascribunt

474 5047 749 5116 Barthius,
776 5043 1163 5117 Cuspinianus,
1196 5043 1489 5114 Leyserus,
1533 5051 1590 5097 et
1631 5039 1906 5095 nonnullae
1949 5039 2068 5094 edi-

475 5141 674 5208 tiones,
709 5155 831 5212 qua:
864 5137 1176 5194 indicantur
1206 5139 1259 5192 in
1288 5136 1535 5206 catalogo
1555 5134 1899 5192 bibliotheca:
1931 5135 2071 5205 Lug-

473 5232 864 5289 duno-Batavae
889 5247 1012 5303 pag.
1045 5231 1135 5288 '50.
1169 5229 1234 5287 G.
1272 5229 1552 5285 Fabricius
1590 5230 1642 5283 in
1684 5237 1977 5283 comment.
2010 5243 2065 5297 p.

475 5323 547 5380 25
567 5325 822 5394 afﬁrmat,
850 5325 903 5380 in
935 5323 1169 5394 antiquis
1195 5320 1473 5376 codicibus
1514 5321 1731 5376 Asterio
1761 5319 1982 5384 ascribi,
2015 5327 2070 5374 et

473 5419 726 5491 pag.156
753 5418 807 5473 in
840 5417 948 5472 alio
994 5415 1184 5472 codice
1228 5413 1336 5485 legi
1367 5413 1468 5470 sub
1518 5413 1739 5468 nomine
1787 5411 2067 5468 Claudiani

473 5511 740 5570 Mamerti.
764 5509 1090 5567 Arntzenius
1118 5523 1218 5581 pro
1247 5507 1470 5566 Sedulio
1496 5517 1720 5563 auctore
1749 5507 1949 5578 allegat
1976 5521 2069 5562 co-

472 5605 860 5673 dicem-Cant.,
891 5604 1156 5675 aliosque,
1181 5611 1236 5659 et
1266 5609 1483 5658 veteres
1507 5600 1799 5656 editiones.
1827 5600 1886 5655 1n
1917 5600 2070 5656 codi-

473 5716 536 5758 ce
565 5717 665 5758 suo
691 5701 1061 5758 Arntzeniauo
1087 5696 1152 5752 ad
1199 5696 1360 5752 tinem
1387 5694 1657 5752 Carminis
1685 5694 1950 5764 paschalis
1979 5695 2064 5749 iu-

471 5795 621 5850 venit
666 5791 871 5850 Asterii
911 5791 1245 5863 epigramma
1287 5788 1428 5844 male
1475 5787 1863 5858 transpositum
1902 5801 2064 5842 :eum

476 5887 532 5946 in
568 5888 691 5947 cod.
747 5886 976 5959 Almcl.,
1005 5895 1060 5944 et
1098 5885 1216 5943 aliis
1259 5900 1391 5942 mss.
1447 5891 1791 5955 praeponatur
1839 5881 2065 5938 carmini

2171 1954 2279 2011 tur,
2309 1947 2713 2002 accommodari
2738 1959 2935 2019 potest.
2967 1949 3166 2006 Verum
3201 1966 3266 2006 ex
3292 1967 3407 2007 var.
3443 1952 3670 2007 lection.
3700 1951 3762 2006 ad

2169 2038 2265 2092 tiu.
2291 2039 2551 2094 carminis
2577 2041 2866 2110 paschalis,
2901 2051 2956 2098 et
2987 2044 3104 2097 iuit.
3139 2043 3327 2113 elegiae
3368 2043 3572 2114 liquido
3598 2051 3760 2114 patet,

2169 2134 2400 2204 elegiam
2431 2151 2617 2191 verum
2652 2151 2787 2208 opus
2818 2155 2940 2194 esse
2969 2139 3193 2194 Sedulii.
3229 2139 3322 2194 Illa
3356 2151 3535 2196 autem
3565 2142 3766 2196 notatio

2171 2228 2292 2284 Aldi
2322 2245 2417 2298 per
2437 2246 2679 2286 errorem
2713 2234 2780 2287 ab
2801 2233 2920 2304 ipso
2939 2234 3128 2304 elegiae
3151 2235 3474 2306 applicatur,
3504 2251 3628 2290 cum
3652 2251 3766 2304 per-

2172 2323 2342 2379 tineat
2368 2325 2434 2380 ad
2465 2341 2685 2382 carmen
2717 2329 2992 2397 paschale,
3026 2337 3118 2383 aut
3147 2329 3211 2384 ad
3247 2329 3628 2386 collectionem
3656 2346 3768 2384 car-

2171 2419 2376 2473 minum
2411 2419 2642 2488 Sedulii,
2667 2423 2746 2475 uti
2775 2421 3257 2489 demonstrabitur,
3292 2440 3415 2478 cum
3459 2423 3526 2478 de
3559 2423 3768 2478 Asterio

2173 2522 2381 2583 agetur.

2242 2605 2331 2661 47.
2367 2608 2572 2662 Octavo
2601 2607 2720 2663 loco
2744 2609 3080 2665 Trithemius
3108 2610 3280 2665 refert
3302 2607 3573 2682 Epistolas
3603 2609 3770 2682 plures

2172 2703 2240 2756 ad
2267 2704 2496 2758 diversos
2529 2704 2717 2758 librum
2755 2721 2799 2770 I,
2826 2713 2879 2759 et
2924 2705 3252 2760 Arulzcnius
3298 2705 3396 2771 ait,
3428 2703 3770 2761 circumferri

2173 2795 2525 2864 epistolarum
2561 2796 2794 2866 plurium
2837 2797 2905 2852 ad
2955 2796 3203 2853 diversos
3244 2797 3435 2854 librum
3484 2814 3523 2852 ι.
3560 2797 3770 2853 lnitiutn

2174 2887 2334 2958 hujus
2368 2888 2488 2943 libri
2514 2905 2580 2943 ex
2610 2889 2910 2945 Tritltcmio
2937 2902 3017 2946 est
3048 2889 3300 2945 Sedulius
3341 2889 3626 2962 Scotigena
3659 2907 3676 2943 :
3706 2905 3767 2944 ex

2171 2999 2280 3054 quo
2306 2983 2533 3053 intelligi
2563 2993 2760 3053 potest,
2788 3001 2908 3039 eum
2947 2985 3221 3054 pertinere
3257 2983 3322 3038 ad
3363 2984 3653 3041 Sedulium
3690 2984 3766 3054 ju-

2174 3077 2407 3134 niorem.
2436 3077 2591 3132 Aliud
2625 3077 2757 3132 nihil
2784 3077 2852 3132 de
2883 3077 2983 3133 hoc
3012 3093 3176 3148 Opere
3203 3078 3445 3148 reperire
3474 3079 3644 3132 licuit.

2245 3171 2333 3225 48.
2367 3170 2520 3225 Νοηο
2555 3181 2610 3226 et
2640 3180 2916 3241 postremo
2947 3173 3070 3227 loco
3112 3188 3140 3226 a
3183 3173 3485 3227 Trithemio
3535 3189 3772 3228 comme-

2173 3270 2454 3316 morantur
2496 3263 2615 3316 libri
2662 3279 2696 3316 tt
2729 3263 2792 3316 de
2824 3262 3098 3318 Miraculis
3129 3262 3319 3318 Christi
3347 3265 3608 3334 prosaice.
3641 3264 3771 3320 For-

2173 3365 2318 3408 tasse
2349 3355 2400 3408 in
2447 3355 2687 3410 numeris
2715 3355 2854 3425 apud
2897 3356 3256 3411 Tritltcmium
3290 3373 3446 3412 error
3479 3357 3688 3423 incidit,
3719 3367 3774 3414 ut

2173 3463 2270 3516 pro
2304 3447 2564 3502 vcditum
2610 3447 2772 3504 fuerit
2819 3465 2878 3504 tt.
2903 3449 3065 3506 Certe
3125 3466 3282 3520 prosa
3334 3451 3543 3507 Sedulii
3597 3453 3775 3522 operis

2173 3539 2466 3610 paschalis,
2508 3543 2620 3598 sive
2665 3542 2733 3598 de
2778 3544 3058 3600 miraculis
3087 3544 3312 3611 ChriSIi,
3343 3555 3402 3602 ut
3443 3546 3512 3601 ait
3561 3547 3775 3603 Trithe-

2174 3633 2336 3698 mius,
2373 3649 2478 3689 non
2512 3636 2564 3689 in
2602 3635 2760 3702 duos,
2794 3637 2890 3692 sed
2921 3639 2972 3692 in
3012 3637 3250 3709 quinque
3289 3639 3460 3694 libros
3487 3639 3770 3695 distributa

2172 3737 2258 3781 est
2284 3741 2349 3781 eo
2376 3728 2488 3784 fere
2527 3728 2711 3796 modo,
2737 3746 2844 3801 quo
2871 3746 3092 3786 carmen
3129 3730 3406 3800 paschale,
3440 3742 3498 3786 ut
3530 3749 3679 3787 num.
3709 3733 3773 3786 εἰνὶ

2174 3821 2554 3880 animadverti.
2594 3824 3024 3895 Redarguendus
3064 3825 3166 3880 hoc
3199 3825 3319 3880 loco
3346 3836 3427 3880 est
3463 3825 3772 3896 Sigebcrtus

2173 3915 2241 3972 de
2269 3917 2469 3988 Script.
2493 3919 2720 3983 eccles.,
2751 3920 2842 3990 qui
2867 3921 3019 3990 prius
3050 3935 3268 3990 prosam
3300 3919 3559 3990 scriptam
3586 3920 3768 3983 fuisse,

2175 4019 2286 4065 tum
2316 4027 2535 4067 carmen
2575 4012 2832 4082 paschale
2864 4013 3159 4079 enuntiat:
3199 4012 3444 4068 Sedulius
3475 4014 3768 4086 cpiscopus,

2171 4105 2278 4172 ait,
2308 4107 2374 4159 ad
2434 4105 2800 4160 Macedoniam
2843 4107 3196 4178 presbyterum
3255 4105 3461 4176 scripsit
3508 4107 3666 4160 libros
3712 4105 3773 4158 de

2176 4199 2439 4252 miraculis
2469 4199 2651 4252 veteris
2697 4208 2745 4252 et
2788 4200 2904 4252 novi
2947 4198 3284 4266 Testamenti,
3311 4216 3440 4270 quos
3466 4212 3645 4270 postea
3682 4197 3769 4252 sub
3830 4229 3841 4239 -

2175 4290 2383 4344 metrica
2432 4288 2543 4361 lege
2587 4291 2821 4346 redactos
2877 4293 3210 4363 pra'titulauit
3251 4291 3508 4347 Pass/tale
3543 4310 3766 4347 carmen.

2175 4382 2454 4452 Reparavit
2482 4385 2616 4438 enim
2650 4385 2904 4455 dactylico
2919 4387 3146 4439 carmine
3161 4388 3334 4440 omnia
3363 4384 3574 4441 Domini
3596 4403 3766 4459 Opera.

2172 4477 2306 4532 Rem
2333 4480 2607 4534 contrario
2635 4479 2796 4534 modo
2827 4494 2886 4534 se
2929 4479 3198 4546 habuisse,
3224 4496 3291 4536 ex
3331 4481 3566 4551 cpistola
3600 4483 3764 4551 ipsius

2174 4573 2375 4630 Sedulii
2403 4574 2469 4629 ad
2498 4574 2868 4630 Macedonium
2915 4589 3091 4642 prosa:
3141 4575 3421 4645 praemissa
3457 4576 3724 4645 intelliges
3753 4591 3765 4628 :

2092 4639 2148 4701 D
2174 4665 2498 4740 Prwcepisti,
2533 4669 2809 4723 reverende
2851 4669 2922 4721 mi
2953 4666 3189 4733 Domine,
3223 4669 3486 4739 paschalis
3529 4668 3768 4723 carminis

2175 4767 2392 4824 textum,
2407 4759 2546 4830 quod
2566 4760 2742 4830 of/icio
2765 4775 2910 4831 purse
2935 4759 3216 4812 devotionis
3240 4759 3542 4832 simpliciter
3565 4777 3766 4816 exsecu-

2174 4861 2254 4905 tus
2277 4852 2415 4906 vobis
2445 4852 2608 4906 obtuli
2634 4851 3022 4924 perlegendum,
3048 4852 3100 4905 in
3125 4853 3438 4906 rhetoricum
3477 4870 3558 4907 me
3603 4864 3768 4908 trans-

2173 4949 2306 5015 ferre
2326 4944 2860 5001 sermonem.Seduiii
2887 4961 3102 5015 prosam
3137 4946 3344 5015 primtts
3374 4946 3544 5002 edidit
3575 4946 3764 5002 Frauc.

2174 5039 2394 5096 Juretus
2436 5056 2466 5096 e
2509 5057 2610 5098 ms.
2645 5040 2750 5112 31
2783 5041 3107 5097 Pithceano:
3141 5057 3336 5096 recusa
3366 5058 3426 5097 ea
3460 5051 3547 5098 est
3585 5043 3636 5098 in
3681 5057 3769 5112 ap-

2177 5133 2406 5204 pendice
2425 5133 2774 5188 Bibliotheca:
2791 5135 3010 5190 Patrum
3031 5135 3342 5205 Margariui,
3361 5135 3607 5196 Parisiis.
3627 5149 3766 5190 anno

2179 5227 2339 5291 16:24,
2371 5242 2495 5282 cum
2528 5228 2671 5282 notis
2697 5226 2894 5283 Jureti.
2921 5230 3132 5284 Prodiit
3159 5229 3321 5285 etiam
3354 5231 3406 5284 in
3436 5230 3764 5286 Bibliotheca

2177 5319 2398 5375 Patrum
2430 5321 2772 5389 Coloniensi,
2791 5338 2934 5378 anno
2967 5325 3126 5392 1618,
3152 5334 3274 5379 tom.
3319 5325 3384 5394 V,
3407 5333 3549 5396 part.
3586 5341 3625 5392 ι,
3647 5341 3764 5380 cum

2175 5412 2296 5466 aliis
2323 5413 2584 5484 operibus
2614 5413 2842 5480 Sedulii,
2876 5426 2931 5471 et
2955 5432 3146 5472 rursus
3191 5416 3242 5471 in
3293 5416 3634 5474 Bibliotheca
3664 5419 3764 5474 Pa-

2175 5515 2320 5562 trum
2347 5506 2722 5578 Lugdunensi,
2756 5509 2853 5564 sed
2886 5511 3154 5565 omittitur
3186 5525 3212 5563 a
3243 5511 3521 5583 plerisque
3547 5510 3766 5567 editori-

2175 5600 2275 5655 bus
2301 5601 2602 5656 carminum
2634 5601 2859 5658 Sedulii.
2885 5604 3260 5675 Opportunum
3286 5613 3468 5661 tamen
3497 5605 3624 5663 duxi
3649 5621 3762 5660 eam

2173 5695 2402 5752 carmini
2431 5696 2672 5766 paschali
2700 5709 3030 5765 annectere;
3061 5715 3182 5754 nam
3216 5699 3280 5754 ad
3325 5699 3762 5771 explicationem,

2173 5801 2228 5847 et
2273 5790 2600 5860 quibusdam
2655 5793 2817 5848 etiam
2863 5793 2916 5849 in
2963 5793 3100 5849 locis
3145 5791 3210 5846 ad
3254 5801 3460 5848 certam
3512 5792 3767 5850 emenda-

2177 5883 2378 5941 tionem
2409 5885 2667 5942 carminis
2695 5886 2985 5942 utilissima
3030 5899 3153 5941 esse
3196 5893 3396 5956 potest.
3420 5883 3620 5941 Nolunt
3666 5883 3763 5941 viri
