4060 6320
241 292 339 352 ιὸτ

1620 272 2154 338 PBOLEGOMENA.

3422 276 3530 333 I58

239 402 441 468 critici,
484 370 695 474 ubique
744 400 993 473 praeferri
1046 396 1334 455 lectionem
1380 409 1501 468 quae.
1551 409 1622 452 ex
1664 394 1832 450 Prosa
1859 400 1913 460 Α
1936 401 2175 462 repetam
2204 402 2325 460 qua:
2355 391 2521 445 multa
2557 391 2667 447 dixi
2704 391 2757 446 in
2791 390 3198 461 Prudentianis,
3227 392 3359 448 etin
3379 407 3534 449 com-

238 495 466 563 eruitur,
497 502 598 551 aut
636 496 689 551 ei
716 493 891 566 magis
916 490 1179 549 accedere
1206 489 1441 546 videtur.
1486 487 1698 556 Quibus
1744 501 1839 541 au-

239 595 346 642 tem
376 586 431 640 in
465 583 609 643 locis
636 584 981 658 prmferenda
1005 582 1099 651 sit,
1128 597 1251 638 cum
1277 581 1494 638 occasio
1518 595 1641 637 sese
1665 578 1836 646 dabit,

1939 483 2210 541 mentario
2238 482 2304 538 ad
2334 482 2719 540 Dittocbazum.

2011 580 2100 635 52.
2139 576 2489 645 Arntzenius,
2535 593 2602 634 ex
2648 579 2905 636 Fabricio
2925 589 3219 636 comment.
3253 581 3373 645 cit.,
3406 593 3536 652 pag.

240 691 365 737 tunc
402 680 608 737 melius
658 689 980 752 exponetur.
1021 676 1214 749 Operis
1260 676 1532 749 paschalis
1595 673 1841 730 meminit
1937 670 2027 738 25,
2062 668 2317 724 observat
2345 668 2754 726 Nebrissensem
2796 669 3128 743 epigramma
3182 673 3284 729 sub
3316 670 3533 729 Sedulii

240 773 378 831 Beda
422 774 464 828 l.
507 788 542 827 ν
573 771 779 830 Histor.
823 772 1022 830 eccles.
1051 770 1238 843 Angl.,
1282 783 1406 840 cap.
1467 768 1572 824 l9:
1615 764 1841 836 Scripsit
1942 762 2166 822 nomine
2194 763 2467 836 proferre,
2500 763 2555 819 in
2585 777 2695 834 quo
2718 762 2919 835 legitur

248 867 530 926 Adhelmus
566 877 617 925 et
644 868 710 926 de
747 867 1058 943 Virginitate
1084 864 1278 920 librum
1304 863 1573 931 eximium,
1601 877 1748 932 quem
1787 860 1845 914 in

251 960 542 1034 exemplum
569 960 778 1019 Sedulii
800 960 1057 1035 geminato
1087 973 1240 1030 opere
1269 966 1320 1013 et
1346 954 1575 1012 versibus
1601 953 1845 1009 hexame-

250 1061 351 1126 tris,
370 1066 424 1114 et
461 1072 625 1131 prosa
650 1056 956 1129 contposuil.
988 1055 1104 1110 Hoc
1132 1053 1312 1125 ipsum
1349 1051 1420 1109 de
1450 1048 1717 1107 Adhelmo
1760 1061 1847 1103 re-

252 1153 379 1223 petit
398 1152 733 1224 Anonymus
757 1148 1108 1219 Mellicensis,
1133 1162 1186 1206 c.
1226 1146 1320 1216 50,
1341 1157 1397 1203 et
1422 1145 1760 1218 Sigebertus,
1778 1141 1847 1199 de

249 1245 443 1316 Script.
466 1245 704 1311 eccles.,
726 1258 849 1316 cap.
877 1244 966 1301 66.
991 1240 1182 1299 Refert
1209 1248 1469 1311 praeterea
1498 1237 1664 1305 Beda,
1689 1250 1750 1292 se
1770 1234 1849 1290 vi-
1904 1244 1907 1245 '

252 1350 353 1395 tam
367 1339 429 1396 S.
456 1336 749 1395 Cuthberti
761 1380 775 1405 ,
801 1336 1053 1408 exemplo
1069 1334 1301 1404 Sedulii,
1325 1333 1477 1404 prius
1494 1330 1720 1388 heroico
1736 1343 1851 1385 me-

251 1446 360 1502 tro,
411 1445 469 1490 et
532 1434 883 1505 postmodum
937 1430 1102 1503 plano
1154 1443 1412 1487 sermone
1464 1424 1843 1495 descripsisse.

254 1525 425 1583 Verba
466 1542 538 1581 ex
583 1540 752 1598 opere
781 1523 1020 1596 paschali
1050 1521 1259 1581 Sedulii
1288 1520 1496 1591 profert
1524 1516 1853 1575 Paschasius

254 1618 572 1685 Bathertus,
599 1616 670 1673 de
695 1618 865 1672 Partu
896 1614 1156 1688 Virginis,
1179 1615 1323 1670 inter
1350 1627 1516 1686 opera
1536 1610 1697 1668 dubia
1719 1609 1854 1666 8.ιὶ-

254 1712 487 1781 defonsi,
538 1722 673 1769 tom.
705 1711 728 1768 I
760 1710 983 1768 Patrum
1038 1709 1448 1775 Toletanorum,
1491 1721 1613 1779 pag.
1651 1706 1756 1762 3M-
1797 1712 1854 1760 et

255 1821 368 1877 seq.

323 1900 414 1956 ιθ.
458 1897 678 1955 Praeter
704 1912 876 1969 opera
901 1911 1021 1968 quae
1067 1893 1403 1952 Tritbemius
1442 1891 1671 1950 Sedulio
1698 1890 1859 1946 attri-

257 1993 406 2061 buit,
433 1990 901 2058 Montfauconius,
936 1990 992 2045 in
1028 1989 1178 2044 Diar.
1219 1988 1370 2053 ItaI.,
1418 2002 1538 2057 cap.
1567 1985 1659 2051 21,
1689 1993 1746 2042 et
1777 1984 1864 2039 Bi-

259 2087 455 2144 blioth.
499 2083 977 2141 Bibliothecarum
1014 2096 1176 2151 mss.,
1206 2080 1403 2147 refert,
1434 2094 1505 2137 ex
1534 2076 1862 2135 bibliotheca

261 2179 619 2252 Neapolitana
652 2177 722 2234 D.
746 2176 1008 2242 Valletta,
1061 2174 1267 2231 Sedulii
1312 2183 1475 2247 poeta:
1504 2169 1774 2227 christiani
1802 2170 1866 2224 de

267 2276 467 2332 actibus
496 2276 869 2348 prophetarum
900 2271 1344 2327 membranaceus.
1374 2266 1620 2326 Similem
1645 2265 1863 2321 titulum

267 2368 414 2443 leges
455 2385 524 2425 ex
581 2368 779 2425 eodem
829 2365 1263 2430 Montfauconio,
1303 2377 1456 2417 num.
1510 2358 1599 2416 89.
1650 2358 1871 2414 Dubitat

264 2460 624 2528 Arntzenius,
646 2475 719 2516 an
745 2458 815 2516 ad
847 2457 1324 2530 supposititiorum
1353 2454 1590 2510 classem
1616 2452 1724 2508 hoc
1748 2465 1870 2506 car-

265 2570 384 2612 men
412 2554 778 2612 refereudum
811 2552 904 2623 sit,
936 2566 1007 2608 an
1039 2550 1142 2608 sub
1185 2551 1292 2605 isto
1329 2547 1489 2605 titulo
1529 2547 1699 2602 lateat
1743 2560 1869 2601 car-

265 2665 385 2706 men
418 2647 713 2721 paschale.
741 2646 800 2702 In
845 2646 986 2703 libro
1009 2643 1229 2716 quidem
1254 2643 1434 2713 primo
1471 2638 1729 2695 carminis
1767 2652 1867 2709 pa-

266 2743 467 2801 schalis
497 2741 755 2815 quaedam
773 2748 897 2797 acta
915 2738 1308 2811 prophetarum
1337 2742 1671 2791 enarrantur
1701 2749 1716 2788 :
1748 2745 1871 2802 qua:

270 2836 502 2894 fortasse
528 2849 785 2891 seorsum
832 2833 1123 2903 exscripta.
1146 2828 1477 2901 peculiarem
1509 2824 1725 2881 titulum
1764 2822 1871 2879 sibi

277 2935 681 3000 compararunt.
710 2923 1050 2995 Quamquam
1083 2929 1273 2977 totum
1301 2920 1482 2992 ipsum
1520 2932 1741 2975 carmen
1770 2930 1869 2985 pa-

272 3024 448 3080 schale
465 3025 528 3079 in
549 3020 746 3079 codice
765 3017 1171 3085 Ottoboniensi,
1195 3017 1264 3074 de
1289 3031 1396 3087 quo
1418 3029 1571 3071 num.
1596 3011 1667 3068 76
1691 3026 1870 3083 agam,

274 3120 347 3175 sic
376 3118 714 3190 inscriptum
755 3112 1013 3187 reperio,
1045 3111 1126 3169 De
1152 3112 1365 3169 Actibus
1409 3107 1802 3184 prophetarum,
1825 3114 1874 3161 et

2420 958 2433 973 .
2456 955 2475 974 .
2493 956 2507 972 .
2532 959 2546 973 .
2570 957 2582 970 .
2605 920 2934 987 Breviterque
2956 921 3228 986 trionipbos

2070 985 2277 1052 Tangit,
2303 983 2494 1037 Christe
2510 1023 2525 1048 ,
2550 992 2680 1036 tuos.

1947 1154 2135 1222 Addit,
2182 1154 2240 1210 id
2283 1154 2513 1226 reperiri
2547 1154 2602 1210 in
2656 1151 2911 1209 versibus
2961 1149 3284 1207 acrostichis
3316 1150 3540 1207 Liberii.

1948 1248 2019 1302 At
2044 1261 2174 1302 vero
2201 1244 2574 1301 Nebrissensis
2605 1259 2713 1299 non
2738 1243 2925 1299 tribuit
2948 1242 3174 1300 Sedulio
3197 1243 3299 1297 hos
3326 1258 3540 1312 versus,

1950 1337 2047 1393 sed
2080 1352 2176 1394 eos
2210 1339 2413 1393 excitat
2445 1353 2511 1393 ex
2542 1336 2938 1408 epigrammate,
2979 1334 3120 1405 quod
3152 1335 3313 1407 ipsius
3344 1333 3546 1407 (Sedu-

1949 1427 2034 1500 lii)
2056 1430 2265 1485 nomine
2294 1430 2546 1502 scriptum
2573 1429 2825 1501 reperitur
2853 1445 2871 1483 :
2902 1429 2975 1483 ita
3021 1428 3166 1483 enim
3200 1427 3462 1498 loquitur,
3490 1437 3547 1483 ut

1953 1524 2157 1581 indicet
2185 1540 2385 1581 nomen
2414 1522 2624 1581 Sedulii
2655 1523 2711 1578 in
2744 1522 2932 1593 primis
2952 1531 3008 1578 et
3030 1524 3324 1594 postremis
3350 1521 3552 1578 litteris

1953 1613 2362 1692 epigrammatis
2402 1612 2732 1688 descriptum
2764 1617 2891 1688 legi.
2923 1616 3135 1673 Sedulii
3175 1631 3366 1671 verum
3399 1615 3545 1671 aliud

1954 1713 2307 1783 epigramma,
2341 1710 2466 1768 Haec
2484 1722 2572 1767 tua
2599 1720 2881 1784 perpetuat,
2913 1719 3038 1781 post
3057 1709 3318 1782 hymnum
3345 1709 3548 1765 abece-

1883 1794 1933 1857 Β
1960 1808 2172 1864 darium
2204 1823 2233 1862 a
2268 1806 2428 1863 nobis
2465 1805 2799 1878 proferetur.

2038 1902 2127 1958 55.
2172 1901 2534 1957 Doctissimus
2580 1901 2665 1957 vir
2714 1899 2913 1956 Franc.
2963 1899 3091 1956 Aut.
3142 1899 3453 1968 Zacharias,
3504 1899 3561 1955 in

1964 1994 2224 2052 Biblioth.
2268 1996 2456 2052 select.
2491 1996 2620 2051 bist.
2656 1995 2881 2063 eccles.,
2927 2011 3029 2066 pro
3079 1995 3458 2067 supplemento
3488 1994 3556 2050 ad

1967 2087 2171 2144 Histor.
2206 2088 2411 2145 eccles.
2441 2087 2621 2143 Nata].
2652 2087 2972 2156 Alexandri,
3017 2102 3137 2159 cap.
3161 2088 3219 2154 2,
3265 2086 3294 2160 §
3327 2090 3388 2151 l,
3423 2104 3477 2142 n.
3502 2087 3558 2156 5,

1965 2181 2247 2239 Sedulium
2301 2192 2548 2240 nostrum
2596 2182 2782 2238 laudat
2830 2190 3100 2251 tamquam
3144 2191 3422 2237 auctorem
3455 2179 3562 2253 33

1966 2274 2180 2347 hymni,
2205 2274 2411 2330 Lustris
2438 2292 2527 2330 sea:
2560 2276 2649 2346 qui
2666 2277 2782 2348 jam
2802 2276 3044 2348 peractis,
3076 2276 3215 2343 sive,
3253 2284 3311 2330 ut
3341 2290 3409 2331 ex
3440 2290 3563 2330 cor-

1966 2369 2212 2425 rectione
2249 2366 2449 2425 Urbani
2479 2365 2599 2424 Vlll
2637 2383 2783 2422 nunc
2812 2368 3085 2435 canimus,
3118 2366 3309 2422 Lustra
3354 2384 3445 2423 sea:
3472 2369 3566 2440 qui

1959 2463 2077 2534 jam
2109 2461 2325 2535 peregit.
2370 2459 2482 2519 Sed
2513 2461 2744 2516 fortasse
2771 2446 2867 2531 per
2906 2475 3149 2517 errorem
3181 2459 3436 2516 Sedulius
3482 2460 3561 2515 illi

1971 2555 2171 2612 excidit
2200 2569 2301 2626 pro
2327 2554 2649 2622 Fortunato,
2675 2554 2765 2625 qui
2794 2565 2984 2609 auctor
3034 2543 3121 2608 est
3160 2553 3347 2625 hymni
3381 2552 3567 2625 Pangc

1969 2649 2148 2723 lingua
2178 2645 2720 2721 gloriosi—Proelium
2750 2646 3065 2715 certaminis,
3100 2644 3237 2712 sive,
3272 2654 3330 2700 ut
3357 2645 3409 2700 in
3441 2644 3565 2700 bre-

1969 2740 2154 2796 viariis
2207 2753 2351 2795 nunc
2396 2738 2632 2810 legitur,
2696 2736 2958 2793 Lauream
3010 2738 3332 2793 certaminis.
3387 2737 3563 2809 Ilujus

1971 2833 2157 2905 hymni
2186 2847 2316 2904 pars
2343 2841 2428 2888 est
2462 2830 2655 2887 Lustra
2689 2847 2779 2886 sea:
2808 2832 2897 2902 qui
2929 2834 3045 2905 jam
3076 2832 3296 2906 peregit.
3330 2830 3438 2886 Alii
3469 2846 3565 2884 au-

1970 2937 2176 2984 ctorem
2205 2927 2393 2983 dicunt
2421 2941 2545 2982 esse
2566 2925 2924 2982 Claudianum
2951 2924 3285 2980 Mamercum
3305 2969 3318 2992 ,
3342 2933 3403 2979 ut
3431 2924 3567 2978 ube-

1970 3021 2086 3078 rius
2140 3020 2367 3092 exposui
2414 3020 2467 3076 in
2524 3019 2909 3076 dissertatione
2954 3018 3022 3074 de
3074 3018 3260 3090 hytnn.
3321 3016 3523 3072 eccles.
3554 3059 3569 3083 ,

1974 3130 2121 3170 num.
2149 3114 2274 3179 185,
2316 3114 2370 3168 ἱη
2398 3122 2545 3169 nota.
2588 3112 2763 3182 Major
2786 3126 2909 3168 esse
2951 3120 3136 3182 posset
3182 3110 3476 3167 difﬁcultas
3504 3110 3572 3164 de

272 3220 371 3267 ιοιο
418 3209 624 3266 Ciuis“
672 3207 967 3264 δαλυαεοτίδ
1021 3221 1211 3273 ευτεαῖ
1256 3205 1506 3275 adeoque
1550 3201 1719 3259 “iam
1770 3197 1864 3255 alii
1892 3194 1937 3261 (ἶ
1970 3209 2175 3283 hymno
2208 3208 2417 3264 Vexilla
2437 3209 2571 3281 regis
2608 3205 2899 3280 prodeunt.)
2960 3223 3123 3278 quem
3158 3206 3403 3278 Angelus
3436 3206 3575 3260 Roc-

271 3304 510 3372 codices,
541 3303 639 3375 qui
671 3300 868 3358 eodem
896 3299 1057 3356 titulo
1086 3300 1142 3355 in
1172 3297 1436 3368 catalogis
1465 3300 1863 3368 praenotantur,

275 3411 490 3452 carmen
545 3395 698 3450 idem
738 3391 1017 3464 paschale,
1068 3399 1130 3446 ut
1160 3390 1424 3457 arbitror,
1458 3387 1760 3445 continent.
1792 3384 1868 3441 Ita

280 3490 435 3545 etiam
461 3486 649 3554 multi,
668 3485 890 3558 decepti
911 3485 1180 3541 varietate
1195 3482 1504 3553 titulorum,
1530 3490 1733 3551 praeter
1752 3492 1871 3534 car-

287 3597 397 3639 men
423 3581 687 3654 paschale
739 3578 965 3638 Sedulio
1020 3577 1304 3634 ascribunt
1332 3575 1439 3648 32
1480 3572 1561 3629 De
1606 3572 1784 3645 Signis
1823 3578 1872 3624 et

288 3677 544 3733 virtutibus
587 3674 784 3730 librum
812 3689 855 3741 ι,
898 3672 992 3744 qui
1031 3680 1117 3729 est
1145 3671 1283 3728 liber
1310 3667 1611 3726 tcarminis
1643 3664 1874 3737 pascha-

281 3769 347 3825 lis
376 3789 389 3825 :
420 3771 555 3826 item
578 3766 663 3824 De
692 3765 867 3824 Gestis
897 3774 946 3821 et
974 3765 1243 3820 miraculis
1273 3761 1465 3819 Christi
1496 3759 1653 3815 libros
1675 3775 1748 3828 tv,
1782 3757 1874 3829 qui

280 3873 405 3918 sunt
426 3870 659 3935 quatuor
688 3859 819 3917 libri
839 3858 1105 3916 carminis
1128 3855 1404 3930 paschalis
1427 3854 1497 3911 de
1519 3867 1664 3910 novo
1690 3851 1877 3908 Testa-

280 3963 483 4010 mento.

349 4049 437 4104 50.
477 4047 537 4105 Itt
566 4046 820 4117 catalogo
849 4044 1202 4100 bibliothecae
1231 4039 1719 4104 Ulfenbachianaa,
1752 4051 1875 4107 pag.

279 4138 405 4209 224,
447 4147 772 4198 recensetur
797 4138 1060 4193 volumen
1091 4136 1443 4192 chartaceum
1489 4130 1639 4187 iri-4°
1680 4128 1881 4186 saeculo

286 4248 360 4289 xv
379 4244 698 4301 exaratum,
726 4232 782 4288 in
810 4246 919 4304 quo
948 4240 1032 4288 est
1064 4230 1309 4288 Sedulius
1335 4236 1487 4302 poeta
1514 4227 1579 4281 de
1605 4225 1883 4298 Prwrogw-

287 4327 424 4383 tione
465 4329 574 4384 diei
602 4326 760 4394 sexti,
800 4334 848 4381 et
870 4325 1128 4380 canticum
1155 4322 1418 4396 paschale.
1451 4319 1697 4376 Meminit
1725 4317 1884 4389 hujus

287 4420 486 4476 codicis
528 4419 895 4483 Arntzenius,
927 4416 1185 4473 meminit
1226 4424 1282 4472 et
1334 4413 1636 4479 Grunerus,
1679 4410 1773 4482 qui
1802 4410 1886 4464 in-

1970 3318 2053 3365 ca,
2085 3304 2141 3357 in
2171 3302 2354 3358 Indice
2391 3300 2659 3372 Theolog.
2695 3308 2753 3356 et
2796 3300 3095 3370 Scriptur.,
3150 3300 3292 3355 inter
3340 3300 3574 3372 hymnos

1972 3395 2031 3454 S.
2074 3392 2344 3451 Ambrosii
2380 3404 2666 3452 recenset:
2706 3393 2801 3450 sed
2857 3393 3010 3449 addit
3043 3412 3056 3449 :
3108 3394 3277 3463 Sunt,
3316 3395 3406 3467 qui
3443 3394 3577 3450 hunc

1972 3486 2221 3559 hymnum
2268 3485 2609 3560 Theodulpho
2642 3485 2927 3553 ascribunt,
2968 3486 3061 3541 alii
3108 3480 3435 3556 Fortunato,
3478 3486 3574 3542 alii

1974 3597 2089 3637 vero
2122 3581 2358 3639 Sedulio.
2405 3582 2559 3637 Hunc
2595 3596 2810 3653 quoque
2840 3581 3099 3653 hymnum
3134 3579 3419 3637 Fortunati
3452 3598 3575 3639 esse

1976 3677 2233 3733 existimo
2263 3693 2277 3731 :
2307 3677 2393 3747 egi
2417 3676 2487 3732 de
2509 3690 2576 3732 eo
2607 3675 2714 3730 loc.
2749 3674 2843 3730 cit.
2879 3691 3030 3731 num.
3066 3676 3187 3730 I89.

2050 3770 2140 3826 54-.
2162 3770 2478 3835 Martenius,
2499 3778 2636 3823 tom.
2660 3766 2735 3823 IX
2759 3766 3104 3833 Collection.,
3131 3767 3243 3823 col.
3268 3769 3370 3824 126
3393 3784 3574 3841 seqq.,

1978 3865 2226 3938 producit
2252 3878 2472 3919 carmen
2501 3863 2571 3918 de
2621 3862 3006 3918 lncarnatione
3059 3878 3125 3916 ex
3173 3863 3368 3918 eodem
3402 3863 3577 3918 veteri

1980 3960 2168 4016 codice
2193 3957 2545 4025 Corbciensi,
2596 3972 2662 4011 ex
2688 3970 2799 4027 quo
2843 3971 3068 4011 carmen
3100 3955 3151 4010 in
3195 3955 3451 4012 Gcnesim
3483 3959 3580 4013 dc-

1981 4054 2199 4124 scripsit
2225 4050 2560 4107 subnomine
2586 4049 2839 4117 Iuvenci,
2872 4065 2900 4104 a
2934 4048 3093 4104 nobis
3117 4049 3261 4105 inter
3281 4066 3343 4104 su
3356 4052 3581 4122 ppositi-

1985 4149 2060 4203 tia
2079 4147 2315 4203 Jttvenci
2360 4144 2604 4200 carmina
2655 4145 2706 4197 in
2752 4142 3142 4215 appendicibus
3167 4144 3418 4198 relatum.
3446 4145 3579 4199 Car-

1984 4258 2107 4298 men
2141 4241 2211 4297 de
2232 4237 2652 4304 lncarnatione,
2678 4236 2825 4309 quod
2858 4246 2990 4291 tom.
3024 4234 3092 4289 Vl
3123 4234 3384 4290 Biblioth.
3409 4233 3573 4293 Fabr.

1987 4335 2131 4393 med.
2164 4343 2219 4390 et
2250 4332 2346 4389 inf.
2385 4329 2486 4386 aevi
2531 4345 2784 4385 rccusum
2835 4327 2959 4397 fuit,
3009 4327 3310 4383 Martenius
3356 4327 3580 4384 Sedulio

1984 4431 2236 4497 ascribit,
2260 4426 2386 4499 quia
2417 4426 2559 4482 libro
2586 4441 2603 4480 ι
2626 4426 2812 4496 operis
2842 4421 3116 4494 paschalis
3138 4425 3158 4496 (
3181 4422 3433 4494 intelligo
3458 4439 3576 4478 car-

287 4514 478 4570 scrihit
510 4533 524 4569 :
565 4511 648 4569 De
683 4512 1039 4581 Prmogativa
1078 4511 1183 4566 diei
1225 4509 1382 4565 sexti.
1413 4504 1741 4564 Arntzenius
1784 4518 1871 4576 prc

1990 4526 2141 4580 minis
2170 4520 2470 4598 paschalis)
2505 4519 2820 4592 adiungitur
2852 4530 3124 4588 tamquam
3157 4533 3282 4587 pars
3310 4517 3579 4588 ejusdem,

287 4615 434 4663 cem
454 4605 690 4662 deﬁnire
716 4620 826 4662 “0"
850 4605 1037 4672 aude"
1069 4619 1138 4659 ³η
1168 4618 1234 4660 θ’
1263 4600 1577 4674 δυεῖ¹¹⁸ω⁰δί
1598 4614 1734 4656 "‘53-
1761 4613 1886 4654 ea"
1913 4590 1968 4651 Β
1993 4619 2138 4677 nulla
2170 4590 2490 4687 interposita
2521 4590 2894 4677 distinctione,
2927 4611 3074 4667 nulla
3105 4611 3402 4678 divisione,
3433 4610 3584 4665 nullo

289 4698 526 4755 minibus
558 4697 772 4755 Sedulii
799 4698 1110 4770 deprompti
1139 4697 1250 4753 sint
1272 4710 1464 4752 versus
1496 4708 1631 4765 quos
1658 4694 1762 4750 sub
1784 4691 1885 4749 Se-

290 4790 427 4847 dulii
454 4793 685 4847 nomine
706 4790 924 4847 adducit
949 4790 1028 4848 Le
1058 4790 1258 4859 Moine,
1289 4788 1419 4845 Var.
1446 4787 1600 4845 Sacr.
1634 4797 1771 4844 tom.
1798 4785 1888 4854 III,

295 4900 412 4958 pag.
445 4884 578 4942 6'59.

384 5000 622 5054 Abluitur
643 4997 847 5050 Iudaeus
865 4999 983 5050 odor
1004 4998 1298 5059 baptismate
1321 5011 1459 5050 sacro
1472 5036 1487 5059 ,

450 5063 514 5115 Et
535 5075 664 5116 nova
685 5063 953 5127 progenies
969 5063 1159 5113 reddita
1181 5063 1335 5126 surgit
1350 5064 1507 5126 aquis.

299 5191 402 5250 Sed
451 5207 565 5248 non
620 5192 764 5247 male
805 5192 1119 5261 Suspicatur
1147 5190 1290 5246 idem
1318 5188 1667 5255 Arntzenius,
1697 5202 1761 5241 ex
1789 5185 1895 5240 les-

297 5286 489 5341 tinanti
519 5284 734 5341 calamo
755 5283 1041 5341 Sedulium
1065 5299 1165 5357 pro
1185 5283 1294 5339 alio
1322 5292 1483 5355 poeta
1513 5282 1849 5338 nominatum
1876 5293 1891 5344 ;

298 5378 500 5448 quippe
520 5385 657 5431 sunt
673 5375 984 5431 Fortunati.

369 5470 458 5525 5|.
505 5466 872 5523 Dittocltteum
903 5467 1208 5534 Prudentii,
1256 5466 1401 5538 quod
1431 5468 1610 5523 minus
1635 5465 1776 5521 bene
1806 5461 1902 5518 alii

300 5559 674 5627 Enchiridion,
709 5558 803 5614 alii
835 5558 1134 5633 Diptychon
1162 5567 1385 5628 vocant,
1416 5559 1521 5615 sub
1548 5557 1755 5616 Sedulii
1805 5573 1904 5611 no-

302 5655 449 5712 mine
478 5669 632 5723 smpe
667 5651 853 5708 laudat
892 5653 959 5710 G.
1000 5653 1282 5709 Fabricius
1331 5654 1385 5709 in
1417 5654 1721 5710 Comment.
1757 5661 1904 5722 poet.

304 5749 526 5816 christ.,
562 5757 617 5804 et
646 5745 855 5803 Sedulii
902 5762 1040 5819 opus
1077 5762 1202 5804 esse
1233 5748 1546 5819 suspicatus
1575 5757 1659 5805 est
1684 5744 1909 5802 Sichar-

307 5840 426 5900 dus.
460 5841 673 5898 Auctor
703 5852 871 5895 verus
890 5849 976 5896 est
1009 5839 1381 5896 Prudentius:
1431 5857 1539 5912 qua
1592 5840 1660 5897 de
1703 5855 1762 5897 re
1802 5854 1910 5895 non

602 5935 877 5995 ΡΑτιοι.
929 5933 1105 5995 ΧΙΧ.

1994 4713 2150 4768 titulo
2184 4709 2375 4780 :quod,
2398 4707 2577 4776 addit,
2609 4724 2723 4762 cum
2764 4705 3020 4780 singulari
3053 4704 3223 4760 studio
3277 4703 3586 4777 perlegisse-

1994 4825 2129 4873 mus,
2161 4806 2394 4862 eumdem
2418 4805 2470 4858 in
2493 4803 2655 4876 priori
2682 4809 2727 4855 et
2749 4801 2804 4855 in
2831 4800 3062 4870 sequenti
3098 4797 3454 4852 lucubratione
3479 4805 3587 4868 sty-

1996 4901 2103 4955 lum
2124 4897 2604 4953 animadvertimus.
2634 4892 2902 4949 Gallandii
2949 4893 3137 4958 verba,
3164 4906 3230 4946 ex
3262 4891 3486 4946 dissert.
3519 4889 3588 4944 de

1997 4993 2222 5050 Sedulio
2244 4992 2310 5047 ad
2345 5003 2477 5046 tom.
2521 4988 2594 5045 IX
2629 4989 2769 5044 Bibl.
2801 4987 3021 5042 Patrum
3054 4986 3216 5041 liceat
3275 4982 3407 5039 mihi
3432 4997 3592 5037 usuro

1996 5103 2126 5159 pare
2162 5105 2177 5142 :
2203 5083 2417 5141 Mallem
2444 5084 2700 5155 equidem,
2724 5089 2781 5134 ut
2808 5080 3052 5150 indefessi
3095 5078 3317 5131 editores
3370 5073 3593 5129 Benedi-

1998 5180 2122 5234 clini
2147 5178 2376 5253 graviori
2397 5185 2819 5250 argumentorum
2866 5171 3091 5242 pondere
3108 5170 3189 5223 usi
3213 5169 3452 5239 fuissent,
3479 5168 3597 5237 qui-

2000 5274 2093 5329 bus
2149 5271 2425 5329 Sedstlium
2472 5269 2632 5339 huius
2683 5266 2930 5322 carminis
2978 5272 3241 5318 auctorem
3284 5263 3593 5315 evincerent.

1999 5369 2182 5425 Mirari
2214 5366 2363 5422 subit
2389 5383 2493 5438 qua
2518 5365 2736 5421 ratione
2763 5358 3016 5418 eumdem
3041 5357 3245 5430 stylum
3278 5356 3330 5410 in
3360 5356 3601 5411 carmine

2002 5464 2071 5520 de
2093 5461 2482 5519 lncarnatione
2507 5471 2565 5516 et
2607 5461 2661 5514 in
2716 5456 2958 5513 carmine
3012 5452 3259 5522 paschali
3304 5449 3601 5505 Martenius

2009 5541 2516 5612 animadverterit:
2569 5567 2692 5606 nam
2719 5561 2938 5605 carmen
3000 5541 3069 5597 de
3092 5541 3472 5599 lncarnatione
3520 5551 3606 5598 est

2011 5660 2174 5708 cento
2200 5645 2517 5718 Virgilianis
2545 5645 2799 5700 versibus
2819 5644 3133 5704 contextus,
3161 5644 3222 5691 ut
3240 5635 3385 5691 idem
3410 5632 3623 5691 Marte-'

2017 5744 2140 5799 nius
2175 5738 2430 5794 indicatis
2481 5735 2617 5791 locis
2661 5735 2959 5788 observat:
2990 5736 3045 5779 at
3090 5741 3313 5784 carmen
3357 5724 3613 5797 paschale

2021 5838 2165 5911 stylo
2211 5834 2437 5906 proprio
2467 5829 2673 5886 Sedulii
2723 5824 2860 5889 ﬂuit,
2894 5822 3153 5891 quamvis
3207 5818 3494 5891 aliquando
3524 5820 3619 5876 he-

3153 5916 3227 5977 15
