4060 6320
551 312 659 373 459

1857 316 2135 385 coactus
2173 315 2524 387 BRDUUUS-

3725 321 3823 380 ιω

552 429 826 497 mistichia
850 429 1078 507 Virgilii,
1107 432 1192 487 vel
1222 445 1384 493 unum
1412 432 1515 489 aut'
1530 432 1762 490 alterum
1786 449 2009 497 versum
2037 436 2135 493 Se.-
2162 453 2215 511 Α
2313 435 2402 499 56,
2428 433 2699 500 Labbeus,
2744 434 2798 497 in
2827 432 2977 499 Nova
3002 433 3341 501 Bibliotheca
3371 448 3528 504 mw,
3561 435 3679 493 sive
3706 452 3826 507 spe-

549 522 729 579 dulius
759 532 1003 594 usurpet.
1026 524 1179 591 Quod
1215 534 1398 589 autem
1428 542 1648 583 carmen
1669 528 1739 587 de
1759 528 2136 591 incarnatione

550 619 692 679 libro
718 636 737 674 1
762 619 1020 675 carminis
1045 619 1316 691 paschalis
1341 636 1614 681 annexum
1635 622 1822 690 fuerit,
1855 635 2135 696 tamquam

549 727 674 783 pars
701 711 966 787 ejusdem,
1012 713 1117 775 hoc
1142 721 1296 770 certe
1318 729 1382 771 ex
1409 715 1734 779 oscitatione
1760 716 1846 773 vel
1883 717 2137 788 ignoran-

548 806 619 860 tia
647 805 856 861 librarii
883 806 1128 876 contigit.
1163 806 1336 871 Nemo
1372 808 1519 871 enim
1558 819 1666 865 tam
1689 824 1869 875 caecus
1897 809 2131 883 “est,

545 901 677 972 quin
708 901 891 958 videat
917 915 1135 957 carmen
1171 901 1239 957 de
1269 903 1644 960 lncarnatione
1670 903 1738 960 ad
1768 919 1989 960 carmen
2042 921 2132 975 pa-

543 994 729 1049 schale
755 994 907 1048 nullo
930 992 1094 1051 modo
1117 994 1395 1064 pertinere
1411 1010 1596 1069 posse.

616 1090 704 1144 55.
739 1088 1018 1153 Nonnulli,
1049 1104 1172 1144 cum
1202 1089 1489 1157 Martenio,
1522 1106 1589 1146 ex
1620 1091 2014 1162 epigrammate
2064 1089 2133 1146 ad

538 1178 934 1247 Theodosium,
965 1180 1110 1253 quod
1146 1181 1197 1235 in
1231 1181 1508 1239 nonnullis
1538 1181 1872 1247 editionibns
1900 1183 2130 1243 carmini

544 1276 786 1345 paschali
828 1276 1205 1347 praemittitur,
1240 1286 1298 1332 ut
1335 1285 1492 1334 antea
1539 1276 1876 1348 explicatum
1907 1286 2014 1341 est,
2049 1292 2132 1331 ar-

541 1379 859 1445 gumentum
887 1370 1203 1436 desumunt,
1233 1379 1290 1429 ut
1327 1369 1548 1427 Sedulio
1575 1387 1796 1435 carmen
1842 1371 1911 1426 de
1948 1372 2131 1431 lucar-

538 1464 763 1519 natione
790 1462 1123 1535 adjudicent.
1159 1462 1358 1519 Verum
1387 1464 1609 1536 quidem
1656 1476 1762 1534 εει,
1812 1465 2039 1523 carmini
2062 1464 2130 1531 de

540 1554 920 1615 incarnatione
947 1556 1141 1613 melius
1167 1557 1465 1623 convenire
1503 1558 1667 1619 verba
1698 1558 2127 1631 epigrammatis,

1176 1732 1215 1744 ..
1232 1730 1272 1744 ..
1297 1693 1516 1757 Dignare
1540 1692 1792 1747 latronem

660 1756 898 1817 Inuitum
922 1757 975 1823 in
991 1756 1171 1813 melius
1190 1757 1356 1811 divino
1370 1756 1656 1819 agnoscere
1675 1772 1844 1815 sensu.

536 1930 609 1999 At
625 1945 755 1986 vero
789 1946 963 2002 neque
986 1930 1088 1987 hoc
1105 1931 1439 2004 epigramma
1466 1941 1753 1995 auctorem
1772 1933 1935 1991 habet
1955 1932 2128 1991 Sedu-

532 2022 689 2088 lium,
707 2032 766 2077 ut
781 2024 893 2094 jam
923 2023 1207 2101 probatum
1232 2036 1335 2093 est,
1357 2024 1855 2095 nequecarminide
1878 2024 2128 2087 incarna-

537 2116 685 2173 tione
698 2132 999 2189 congruere
1022 2128 1220 2189 potest.
1237 2116 1632 2190 Argumentum
1661 2119 1805 2175 enim
1826 2118 1986 2188 hujus
2000 2132 2124 2183 car—

534 2213 699 2273 minis
727 2222 932 2267 tantum
948 2212 1352 2268 estlncarnatio
1375 2230 1387 2266 :
1411 2214 1743 2285 epigramma
1767 2221 1947 2271 autem
1973 2212 2126 2291 plura

534 2305 638 2359 alia
668 2306 908 2377 attingit,
934 2322 1054 2375 qua:
1096 2307 1148 2360 in
1182 2314 1437 2379 poemate
1465 2314 1653 2373 essent
1673 2306 1952 2376 exposita,
1975 2318 2127 2363 crea-

534 2396 740 2453 tionem
770 2397 958 2455 mundi
993 2409 1047 2454 et
1077 2398 1334 2468 hominis,
1359 2397 1552 2471 vitam,
1579 2398 1858 2466 miracula,
1892 2407 2125 2465 mortem

534 2501 589 2547 et
615 2491 990 2547 ascensionem
1016 2490 1149 2547 Jesu
1178 2491 1400 2547 Christi.
1448 2490 1509 2549 In
1547 2491 1770 2551 decreto
1810 2491 2123 2561 Gelasium),

532 2584 675 2641 inter
702 2585 829 2652 alia,
851 2588 934 2643 sic
961 2585 1195 2641 habetur
1227 2604 1239 2638 :
1272 2583 1657 2647 Centometrum
1684 2584 1749 2647 de
1772 2582 1979 2645 Christo
2008 2583 2128 2641 Vir-

532 2679 744 2751 giliauis
770 2680 1193 2754 compaginatum
1220 2680 1445 2739 versibus
1466 2679 1841 2751 apocryphum.
1877 2676 2128 2745 Blathhi—

532 2787 634 2827 nus
663 2771 880 2847 Proleg.
910 2772 980 2829 ad
1007 2777 1289 2839 Auastas.,
1315 2780 1449 2841 tom.
1476 2788 1553 2840 tv,
1577 2789 1647 2839 ex
1672 2773 1796 2833 cod.
1823 2773 1997 2831 Vatic.
2024 2773 2126 2829 Pa?

530 2865 684 2920 latin.
741 2865 891 2933 495,
952 2866 1083 2937 legit
1130 2864 1415 2925 Centonem
1460 2865 1663 2935 (forte,
1714 2866 2035 2937 Centonem)
2065 2865 2128 2923 de

531 2957 732 3013 Christo
794 2957 1123 3031 Virgilianis.
1162 2958 1587 3030 compaginatum
1634 2960 1863 3019 versibus
1906 2975 2129 3040 apocry-

530 3052 710 3122 phum.
759 3052 818 3107 In
870 3053 1053 3110 codice
1088 3060 1306 3111 Vetusto
1345 3052 1671 3109 Florentino
1720 3052 1983 3119 omissum
2007 3061 2129 3117 erat

527 3143 631 3200 hoc
658 3158 836 3218 caput.
870 3146 929 3201 ln
976 3163 1084 3201 ms.
1118 3145 1340 3201 Jurensi
1389 3147 1470 3200 sic
1492 3146 1752 3214 refertur,
1787 3144 2036 3200 Centones
2063 3144 2127 3203 de

2236 528 2370 593 uim.
2400 528 2570 599 antiq.
2604 526 2754 595 lect.,
2801 536 2945 600 part.
2975 544 3026 597 ι,
3088 546 3208 600 pag.
3237 529 3346 596 25,
3396 530 3450 587 in
3493 529 3687 587 codice
3724 547 3804 587 ms

2238 620 2457 691 optima:
2488 629 2632 677 notat
2652 633 2716 676 se
2755 620 2958 681 vidisse
2985 622 3061 683 ait
3089 618 3296 681 Sedulii
3324 617 3735 678 Collecunoutn
3774 621 3823 677 in

2237 712 2588 785 Evangeiium
2617 712 2675 773 S.
2701 711 2963 779 Metthtni,
3005 727 3076 771 ex
3106 714 3274 775 variis
3314 712 3568 777 Patribus
3588 728 3825 785 excerp-

2235 814 2374 871 tum,
2406 816 2462 867 et
2494 806 2545 861 in
2587 807 2766 877 capita
2812 805 3206 871 seu-sections»
3231 806 3337 863 553
3366 805 3626 867 divisum.
3659 805 3823 874 Idem,

2232 898 2304 963 de
2327 899 2599 970 Scriptum
2624 899 2851 968 coclea,
2884 899 3121 963 alﬂrmal
3146 898 3559 965 collectanequ
3597 900 3702 961 hoc
3728 899 3826 962 Sc-

2234 990 2368 1055 dulii
2398 990 2451 1055 in
2497 990 2809 1057 “cithelum
2858 998 3080 1059 uetare
3128 993 3185 1055 is
3228 991 3566 1061 bibliotheca
3613 994 3822 1066 conuii

2234 1083 2558 1145 Parisiensis
2577 1084 2635 1143 S.
2667 1084 2709 1149 ι.
2744 1086 2798 1151 in
2837 1084 3185 1149 nitidissimis
3232 1086 3579 1151 membranis
3610 1086 3825 1158 elegw

2234 1175 2659 1246 tissimamanu,
2694 1186 2750 1235 et
2799 1192 2923 1251 qum
2969 1177 3073 1239 τοο
3097 1186 3191 1243 aut
3218 1179 3324 1243 800
3358 1193 3538 1245 sanes
3581 1189 3819 1250 superet,

2233 1267 2597 1341 descriptum;
2626 1267 2681 1325 in
2701 1285 2809 1340 qun
2829 1270 3066 1335 citantur
3093 1284 3201 1333 non
3224 1269 3386 1335 modo
3411 1269 3472 1331 S.
3500 1270 3821 1339 Eucherius,

2235 1360 2294 1419 S.
2318 1360 2452 1431 Leo,
2483 1360 2761 1423 Arnobius
2781 1360 2990 1429 junior,
3039 1359 3273 1425 Fausuts
3303 1360 3580 1429 Reiensis,
3610 1362 3669 1417 S.
3691 1362 3823 1423 (ire.

2231 1456 2436 1529 gorius,
2483 1454 2541 1513 S.
2574 1453 3156 1523 lsidorus,Arculius,
3208 1469 3273 1521 ac
3324 1454 3462 1521 Ven,
3518 1454 3687 1519 Beda,
3731 1457 3820 1521 sed

2231 1557 2288 1611 et
2321 1550 2439 1615 ipse
2464 1558 2625 1620 poeta
2650 1548 2907 1613 Sedulius
2939 1567 2951 1605 :
2984 1549 3068 1605 sic
3108 1550 3256 1613 enim
3301 1549 3369 1609 ad
3397 1548 3491 1617 illa
3522 1550 3712 1621 verba,
3756 1548 3823 1613 Et

2232 1660 2296 1703 ne
2324 1660 2418 1701 nos
2446 1642 2664 1705 inducas
2684 1644 2738 1699 in
2760 1644 3114 1711 tentationem.
3142 1644 3224 1705 ait
3240 1656 3431 1707 auctor
3451 1642 3819 1707 Collectanei:

2233 1738 2376 1801 Hinc
2400 1737 2649 1797 Sedulius
2670 1738 2873 1812 egregie
2898 1739 3127 1799 versibus
3154 1738 3395 1807 describit
3422 1739 3600 1803 dicens
3620 1755 3641 1797 :

2356 1900 2464 1975 yiou
2484 1902 2599 1963 quia
2623 1913 2711 1975 nos
2729 1898 2964 1975 Dominus
2986 1898 3129 1975 lucis,
3152 1898 3365 1975 vitaeque
3389 1902 3619 1975 repertor

2356 1962 2411 2014 In
2435 1962 2639 2026 laqueos
2662 1964 2898 2013 tentantis
2917 1971 3059 2025 agat,
3083 1962 3185 2013 ets.

2227 2114 2428 2175 Censet
2454 2113 2726 2181 Labbens,
2772 2111 3028 2171 eumdem
3072 2111 3351 2177 Sedulium
3383 2126 3509 2177 esse
3537 2121 3816 2173 auctorem

2227 2210 2563 2269 Collectanei
2621 2212 2675 2267 in
2720 2209 2988 2282 epistolas
3046 2208 3224 2277 Pauli,
3275 2218 3330 2271 et
3383 2208 3436 2271 in
3468 2208 3817 2279 Evangeliutn

2228 2303 2493 2369 Matthaei,
2516 2304 2607 2373 qui
2635 2302 2893 2367 ﬂoruerit
2920 2302 3126 2359 saeculo
3153 2318 3231 2368 ιι,
3251 2300 3354 2365 sub
3378 2299 3583 2367 Carolo
3612 2300 3819 2370 “agno,

2226 2398 2457 2469 ejusque
2505 2394 2617 2461 tilio
2668 2395 2948 2461 Ludovico
2974 2394 3073 2451 Pio
3110 2411 3125 2451 :
3166 2394 3305 2459 ratio
3331 2393 3477 2453 enim
3510 2392 3613 2451 ista
3643 2393 3821 2463 expia.

2226 2491 2393 2549 nandi
2435 2490 2654 2557 codices
2682 2506 2870 2551 sacros
2917 2490 3064 2560 sapit
3109 2489 3337 2555 omnino
3376 2487 3604 2558 genium
3640 2486 3819 2551 saeculi

2226 2603 2311 2658 ut,
2370 2586 2435 2649 ad
2485 2587 2630 2657 quod
2681 2587 2881 2649 tertius
2932 2583 3190 2649 Sedulius
3240 2584 3310 2639 ab
3366 2583 3692 2654 Hepidannn
3736 2598 3819 2643 rev

2225 2678 2417 2735 fertur.

2297 2774 2389 2837 57,
2415 2772 2602 2833 Monet
2630 2779 2833 2841 tamen,
2877 2769 3264 2839 Aulim-tinum,
3298 2784 3421 2841 pag.
3458 2768 3561 2824 9H
3605 2767 3815 2831 Praesti:

2225 2865 2436 2937 giarum
2463 2879 2684 2929 suarum
2728 2863 2799 2925 de
2829 2862 3189 2923 Sacramenta
3233 2859 3615 2929 Eucharistim,
3649 2857 3818 2923 credis

2224 2957 2378 3015 disse
2405 2966 2689 3021 auctorem
2728 2954 3067 3017 Collectauei
3116 2958 3169 3019 in
3199 2956 3423 3013 Paulum
3452 2952 3624 3013 fuisse
3651 2952 3819 3010 Sedu—

2225 3051 2356 3119 lium
2381 3052 2722 3122 episcOpum,
2777 3050 2867 3120 qui
2899 3049 3104 3109 szeculo
3153 3065 3249 3109 vui
3274 3047 3508 3107 concilio
3550 3047 3815 3114 Romano,

2224 3160 2370 3211 prino
2396 3146 2523 3211 721,
2554 3143 2822 3211 interfuit,
2852 3143 2960 3209 Sed
2987 3159 3109 3211 eum
3141 3145 3196 3209 in
3225 3143 3575 3205 Collectanco
3604 3143 3659 3203 in
3691 3141 3818 3198 hiat;

529 3236 733 3292 Christo
762 3238 1065 3312 Virgilianis
1101 3238 1474 3308 compaginati,
1523 3238 1829 3311 apocryphi.
1884 3238 1943 3293 In
1999 3238 2123 3292 cod.
2155 3246 2200 3308 ο
2233 3239 2433 3305 malum
2459 3239 2621 3303 verba
2643 3238 2973 3309 quandoque
2995 3238 3354 3303 ὁοβιιωειβιυτ
3388 3252 3457 3295 ex
3480 3236 3622 3297 Ven.
3657 3236 3815 3302 Beda.

532 3330 708 3386 Vatic.
738 3332 900 3399 5791,
943 3346 1104 3401 quem
1146 3345 1248 3403 ego
1277 3332 1501 3395 contuli,
1543 3331 1745 3397 inveni,
1777 3329 2131 3395 Ceutonemde

529 3421 731 3479 Christo
791 3422 1097 3497 Virgiliam's
1136 3425 1557 3494 compaginatur):
1608 3423 1858 3491 versibus,
1906 3440 2127 3499 apocry-

523 3520 706 3590 phum.
751 3518 1041 3574 Praevaluit
1070 3528 1252 3573 tamen
1302 3518 1445 3587 apud
1488 3520 1690 3573 multos
1739 3517 1927 3573 titulus
1959 3516 2131 3583 Carui-

531 3622 775 3679 metrum,
804 3626 872 3666 ex
918 3621 1064 3665 centu
1116 3623 1171 3666 et
1225 3612 1657 3681 metrum:qu0d
1689 3612 1832 3665 enim
1880 3610 1956 3667 ait
1980 3626 2131 3665 com-

534 3719 804 3764 mentator
830 3708 979 3763 Artis
1018 3708 1266 3763 metrica:
1294 3707 1453 3763 Beda:
1484 3708 1535 3760 in
1559 3722 1663 3767 ms.
1700 3706 1872 3761 Vatic.
1899 3748 1915 3773 ,
1951 3704 2127 3765 Centi-

535 3815 754 3859 metrum
780 3802 972 3859 dicitur
994 3800 1121 3856 liber
1142 3812 1341 3859 centum
1362 3799 1555 3859 habens
1578 3812 1761 3867 metra,
1788 3801 2021 3856 fortasse
2048 3803 2132 3855 in-

537 3894 887 3966 telligendum
914 3903 996 3949 cst
1029 3894 1096 3947 de
1127 3892 1301 3948 Servii
1327 3891 1691 3948 Centimetro.
1723 3892 1975 3963 Plerique
2001 3910 2125 3957 cum

535 3990 594 4046 S.
628 3987 854 4054 lsidoro,
885 3985 953 4043 de
975 3985 1093 4042 Vir.
1127 3987 1351 4052 illustr.,
1388 3986 1441 4040 id
1499 3987 1775 4058 accipiunt
1796 3986 1864 4040 de
1896 3996 2129 4055 centone

536 4083 841 4155 Virgiliano
868 4081 1059 4136 Proba:
1100 4080 1392 4136 Faltoniae.
1444 4079 1503 4135 In
1533 4079 1714 4136 iudice
1744 4083 2129 4150 expurgatorio

537 4175 983 4233 Brasicheilensis
1006 4173 1323 4245 conjicitur,
1353 4188 1461 4228 non
1490 4188 1611 4228 esse
1631 4184 1916 4228 centonem
1942 4173 2132 4229 Proba:

537 4284 755 4325 carmen
783 4286 811 4323 a
838 4266 1055 4324 Gelasio
1074 4250 1220 4322 inter
1250 4265 1561 4339 apocrypha
1590 4267 1847 4321 relatum.
1888 4264 2000 4323 Cur
2030 4281 2129 4321 no-

536 4363 621 4420 bis
653 4361 925 4432 c0njicere
956 4377 1063 4416 non
1113 4361 1293 4427 liceat,
1341 4376 1561 4415 carmen
1610 4360 1678 4415 de
1731 4359 2128 4431 lncarnatione,

535 4456 681 4526 quod
708 4455 999 4509 Martenius
1029 4454 1220 4521 edidit,
1248 4469 1371 4509 esse
1394 4454 1799 4509 Centometrum
1829 4453 1918 4509 vel
1948 4454 2131 4509 Centi-

540 4557 776 4601 metrum
817 4547 884 4600 ad
938 4546 1240 4615 scripturas
1296 4545 1639 4619 apocryphas
1668 4561 1698 4599 a
1728 4545 1959 4617 ,Gelasio
1988 4546 2131 4618 reje-

2231 3328 2325 3400 qui
2346 3329 2479 3386 obiit
2505 3346 2648 3391 anno
2674 3332 2797 3398 755,
2842 3332 3007 3402 longe
3038 3331 3376 3402 probabilius
3404 3341 3515 3399 est,
3544 3340 3816 3395 auctorem

2234 3422 2393 3491 hujus
2436 3421 2787 3492 Collectanei,
2827 3436 2991 3495 atque
3039 3426 3177 3481 adeo
3216 3425 3444 3489 alterius
3490 3424 3545 3481 in
3596 3423 3819 3487 Paulum

2232 3516 2693 3586 (quandoquidem
2727 3519 2872 3577 idem
2898 3519 3181 3590 utriusque
3199 3527 3388 3585 auctor
3400 3533 3526 3581 esse
3550 3515 3823 3585 censetur)

2231 3609 2407 3669 fuisse
2436 3614 2655 3675 tertium
2681 3613 2989 3681 Sedulium,
3033 3614 3126 3685 qui
3156 3613 3365 3673 saeculo
3391 3629 3444 3669 ιι
3469 3613 3583 3684 36
3610 3613 3819 3677 claruit,

2230 3705 2347 3761 sive
2389 3705 2670 3777 presbyter
2700 3703 2901 3771 fuerit,
2951 3706 3069 3763 sive
3102 3704 3393 3776 episcopus
3435 3723 3450 3760 :
3504 3704 3647 3765 nihil
3682 3703 3817 3765 enim

2229 3802 2437 3853 certum
2460 3795 2530 3857 tie
2553 3810 2619 3853 eo
2638 3794 2920 3859 habemus.
2948 3795 3190 3868 Baylius,
3215 3796 3268 3861 in
3288 3793 3511 3860 Larisa,
3536 3794 3820 3863 Dupinium

2231 3890 2569 3960 perstringit,
2603 3890 2746 3961 quod
2778 3891 3102 3955 asseruerit,
3133 3892 3185 3945 in
3212 3889 3570 3953 Coilectauco
3614 3890 3673 3943 in
3716 3887 3822 3956 epi-

2230 3984 2399 4039 stolas
2421 3984 2571 4039 Pauli
2594 3985 2802 4040 laudari
2828 3984 3027 4040 Bedam
3057 4002 3071 4038 :
3100 3985 3244 4056 quod
3269 4000 3377 4040 non
3409 3983 3477 4039 de
3510 3984 3615 4040 hoc
3649 3982 3822 4039 Coliev

2232 4089 2445 4145 ctaneo,
2461 4077 2558 4137 sed
2566 4077 2639 4135 'de
2651 4080 2828 4137 altero
2841 4079 2894 4137 in
2910 4077 3220 4141 Hatthaeum
3245 4078 3493 4139 Labheus
3507 4077 3816 4139 tradiderat.

2232 4168 2603 4238 Mabillonius,
2635 4180 2768 4227 tom.
2800 4170 2821 4229 Ι
2846 4172 3097 4229 Analect.
3125 4182 3331 4237 vetcr.,
3354 4187 3477 4244 pag.
3505 4172 3637 4240 565,
3658 4182 3820 4227 arere

2231 4262 2393 4334 longe
2416 4263 2673 4323 aberrare
2703 4267 2781 4325 ait
2800 4281 2917 4334 eos,
2943 4265 3037 4337 qui
3074 4265 3358 4327 Sedulium
3388 4278 3670 4329 auctorem
3698 4264 3819 4322 Car-

2232 4357 2396 4415 minis
2428 4357 2700 4428 paschalis
2750 4360 3010 4423 eumdem
3056 4376 3180 4425 esse
3226 4371 3419 4433 putant
3454 4377 3519 4421 ac
3545 4358 3817 4420 Sedulinm

2232 4449 2477 4520 Scotum.
2499 4468 2595 4517 seu
2629 4454 2923 4515 ilibernunt
2954 4455 3354 4527 presbyterum,
3373 4455 3562 4515 itidem
3588 4462 3819 4525 poetam,

2232 4560 2393 4615 quem
2423 4548 2631 4607 (saeculo
2657 4563 2751 4605 rm
2792 4547 3043 4611 ﬂoruisse
3089 4559 3324 4607 constat.
3358 4547 3557 4607 Verum
3608 4556 3820 4604 contro-

539 4638 733 4694 ctum‘!
777 4638 921 4694 Sane
964 4637 1213 4694 Geiasius
1238 4648 1614 4709 argumentum
1646 4638 1905 4697 Centenis
1932 4641 2127 4695 asserit
2155 4639 2413 4715 pversia
2468 4641 2811 4709 potissimum
2870 4654 2955 4699 est
3017 4642 3084 4699 de
3130 4642 3392 4714 Operihus
3441 4641 3822 4699 Sedulicrum:

543 4747 663 4787 esse
685 4731 752 4788 de
774 4731 995 4785 Christo
1020 4748 1032 4783 :
1060 4731 1112 4785 id
1136 4741 1316 4787 autem
1346 4732 1591 4803 apprime
1612 4735 1873 4789 comenit
1900 4734 2132 4790 Centoni

546 4826 693 4881 edito
720 4839 750 4879 a
780 4821 1265 4889 Martenio;CenIo
1296 4840 1423 4877 vero
1455 4824 1645 4879 Proba:
1702 4826 1862 4879 latius
1889 4828 2135 4882 extendi-

545 4935 652 4985 tur,
676 4929 736 4973 ut
762 4918 842 4972 vel
872 4934 939 4972 ex
960 4917 1114 4971 titulo
1140 4927 1301 4987 patet,
1330 4917 1408 4971 Ad
1430 4916 1536 4988 35
1552 4918 1896 4972 testimonium
1937 4919 2136 4978 Veteris

543 5025 591 5069 et
626 5010 1141 5087 Novi‘Testamenti.
1186 5011 1491 5077 Quamnam
1532 5023 1712 5066 autem
1751 5013 2133 5071 auctoritatem

547 5106 687 5176 apud
720 5104 1019 5161 eatholicos
1050 5101 1153 5156 sibi
1189 5103 1424 5156 vindicet
1468 5101 1628 5158 Index
1653 5103 2127 5175 Brasichellensis,

548 5201 690 5271 lege,
717 5200 761 5253 si
789 5199 987 5269 placet,
1035 5196 1175 5266 apud
1210 5195 1667 5266 l’apebrochiunt,
1694 5196 1749 5250 in
1780 5200 2135 5269 responsione

543 5294 611 5347 ad
641 5292 1295 5347 exhibitionemerrorum
1318 5304 1411 5357 per
1426 5289 1801 5344 Sebastianum
1828 5310 1855 5359 εξ
1878 5293 1933 5347 S.
1968 5292 2134 5359 Paulo

545 5388 873 5457 evulgatam,
910 5396 1049 5456 part.
1084 5400 1142 5453 ιι,
1191 5392 1294 5439 art.
1328 5384 1389 5450 5,
1423 5399 1542 5456 pag.
1572 5386 1659 5439 :20.
1709 5354 1865 5441 Nam‘
1896 5388 2133 5444 haeretici

548 5481 734 5547 miras,
794 5479 889 5535 sed
942 5479 1129 5532 inanes
1196 5476 1489 5547 tragmdias
1534 5477 1603 5532 de
1649 5477 1748 5533 hoc
1802 5494 1969 5550 opere
1991 5480 2131 5551 apud

546 5574 693 5643 ipsos
717 5573 1015 5635 rarissimo,
1063 5585 1237 5640 neque
1278 5569 1421 5639 apud
1480 5578 1696 5624 uestros
1722 5571 1936 5642 quidem
1972 5574 2131 5629 valde

546 5666 724 5732 obvio,
755 5663 1012 5729 excitant,
1036 5674 1092 5717 ut
1140 5662 1408 5735 colligitur
1452 5677 1517 5717 ex
1564 5660 2044 5720 Ohservatiouibus
2077 5667 2129 5720 itt

549 5774 663 5815 rem
698 5757 1019 5821 litterariam
1050 5754 1201 5811 Halm
1234 5754 1665 5827 Magdeburgicaa
1691 5753 1848 5823 1700,
1878 5766 2009 5813 tom.
2037 5756 2126 5826 lil,

543 5855 599 5900 et
618 5848 744 5906 aliis
771 5859 902 5905 tom.
930 5864 1084 5921 seqq.

2238 4744 2363 4785 nam
2419 4730 2557 4788 duos
2612 4732 2695 4788 vel
2756 4734 2940 4803 plures
3002 4733 3258 4793 Sedulius
3335 4733 3575 4805 plerique
3625 4734 3820 4789 distin-v

2234 4834 2425 4894 gtmnt.
2490 4824 2541 4891 Is
2618 4834 2805 4889 autem
2883 4826 3175 4892 Sedulius,
3254 4842 3414 4898 quem
3486 4828 3689 4882 saeculo
3735 4841 3821 4881 vnt

2236 4914 2489 4971 ﬂoruisse
2531 4925 2779 4985 constat,
2838 4920 3129 4989 episcopus
3176 4919 3319 4974 luit:
3364 4928 3583 4990 poetam
3636 4918 3818 4977 itidem

2241 5010 2407 5064 luisse
2429 5010 2687 5082 al'lirmat,
2733 5013 2826 5067 sed
2858 5030 2966 5069 non
2998 5014 3192 5085 probat
3215 5013 3589 5081 Mabillunius,
3618 5014 3710 5086 qui
3738 5029 3820 5081 ca,

2238 5120 2360 5174 qua:
2387 5104 2653 5172 Labheus,
2687 5108 2889 5178 aliique
2912 5109 3011 5163 viri
3044 5109 3216 5165 critici
3240 5109 3309 5164 de
3337 5108 3576 5164 Sedulus
3603 5118 3820 5163 notave-

2237 5206 2391 5260 rant,
2429 5214 2536 5252 non
2582 5198 2794 5259 videtur
2825 5215 2937 5271 prta
2985 5200 3159 5256 oculis
3207 5201 3463 5257 habuisse
3502 5218 3515 5255 :
3566 5217 3691 5265 nam
3729 5213 3824 5273 pro

2235 5288 2453 5342 ineditis
2486 5291 2623 5345 inter
2653 5291 2863 5363 poetica
2911 5294 3085 5363 primo
3118 5292 3234 5348 loco
3258 5292 3408 5363 ponit
3434 5295 3821 5365 epigrammata

2236 5382 2342 5436 duo
2368 5382 2648 5437 notissima
2694 5385 2997 5441 acrosticha
3043 5387 3109 5442 de
3157 5385 3380 5447 Sedulio
3416 5386 3587 5445 multo
3616 5393 3744 5443 ante
3771 5392 3823 5447 et

2232 5492 2380 5546 serpe
2405 5480 2639 5548 vulgata.
2664 5481 2916 5543 Fortasse
2946 5484 3293 5547 Mabillunius
3324 5482 3548 5541 Sedulio
3564 5483 3821 5553 epiSCOI'O

2240 5572 2422 5625 saeculi
2461 5588 2556 5633 vttt
2604 5574 2880 5631 tribuebat
2907 5576 3135 5647 opus.de
3168 5575 3449 5648 Regimiue
3494 5572 3818 5647 principum,

2241 5665 2481 5737 oratione
2506 5668 2702 5739 partim
2729 5669 2913 5741 ligata,
2936 5670 3128 5740 partita
3152 5669 3325 5729 soluta
3361 5665 3820 5738 compositum,de

2239 5776 2346 5831 quo
2380 5776 2567 5819 rursus
2597 5779 2744 5821 num.
2776 5763 2864 5821 61.
2898 5764 3065 5821 Multo
3103 5763 3269 5837 magis
3300 5763 3562 5819 incertum
3593 5767 3698 5828 cst,
3728 5756 3821 5814 Se-

2239 5850 2449 5909 dulium
2498 5853 2643 5921 hunc
2692 5857 2904 5927 ipsum,
2955 5857 3044 5928 qui
3093 5854 3294 5915 sacculo
3336 5866 3431 5911 vm
3458 5852 3675 5921 claruit,
3702 5860 3817 5915 eus
