4060 6320
507 333 615 392 ιθδ

1791 329 2080 393 C(ELIUS
2119 329 2471 396 SEDULIUS.

3685 336 3792 396 ιθι

506 449 687 518 operis
716 453 905 503 auctor
927 454 1053 502 ante
1079 445 1340 502 mollium
1363 460 1419 501 XI
1446 459 1550 502 non
1574 445 1782 513 ﬂoruit,
1807 457 1862 503 et
1887 448 2102 505 videtur
2129 453 2183 518 Α
2205 455 2416 509 centior
2441 453 2512 509 sit
2541 454 2718 525 primo
2743 451 3086 519 charactere,
3117 452 3269 508 Liber
3294 452 3460 507 sancti
3489 451 3794 507 Columbani

513 557 635 597 esse
663 541 753 596 ille
779 541 892 612 ipse
935 554 1097 611 quem
1145 539 1329 594 laudat
1379 539 1752 610 Hepidannus,
1780 549 1836 595 et
1867 539 2103 596 fortasse

509 633 765 690 Sedulius
795 633 989 688 SCOllls
1019 675 1034 700 ,
1075 633 1230 703 cujus
1279 648 1441 688 manu
1493 632 1816 688 Psalterium
1851 633 2101 690 Grzecum

511 726 772 797 scriptum
799 735 1048 782 recenset
1075 725 1508 782 Montfauconius
1526 726 1898 798 Palmograph.
1927 725 2102 783 Graec.

515 836 598 887 ut,
631 822 686 887 7,
717 837 838 892 pag.
869 821 998 876 256.
1044 821 1400 891 Dempsterus
1427 821 1707 879 Sedulium
1731 865 1745 889 ,
1788 823 2106 893 episcopum

514 917 764 972 Crte-cum
791 957 806 982 ,
857 915 909 970 in
945 915 1203 971 Hibernia
1251 917 1358 970 coli
1387 914 1641 982 affirmat,
1672 916 1761 970 cui
1794 915 1955 971 ﬁdem
1999 930 2107 969 non

517 1008 780 1064 adhibent
810 1008 1178 1077 Bollandiani,
1203 1007 1271 1063 ad
1297 1007 1440 1064 diem
1471 1011 1533 1065 13
1566 1009 1732 1065 Junii.
1774 1007 1967 1078 Capite
1997 1007 2064 1062 l5
2091 1045 2108 1073 ,

523 1109 794 1157 memorat
815 1110 1064 1157 sanctum
1104 1101 1432 1158 Germanum
1463 1101 1966 1158 Antisiodorensem
1991 1099 2110 1170 epi-

518 1209 769 1265 scopum,
814 1195 905 1264 qui
948 1209 1068 1250 cum
1109 1194 1278 1250 Beato
1309 1194 1463 1265 Lupo
1488 1237 1504 1261 ,
1535 1195 1793 1265 episcopo
1822 1193 2114 1249 Trecensis

519 1287 779 1354 civitatis,
804 1287 858 1341 in
886 1286 1217 1342 Britanniam
1237 1287 1305 1341 ad
1329 1287 1734 1358 exstirpandam
1763 1286 2112 1356 Pelagianam

522 1379 780 1435 haeresim
809 1380 1009 1435 missus
1035 1381 1233 1437 fuerat.
1265 1380 1393 1435 Post
1415 1390 1580 1450 caput
1607 1381 1674 1435 19
1693 1426 1706 1448 ,
1732 1393 1816 1436 est
1843 1380 2112 1450 epilogus,

521 1473 616 1545 qui
641 1482 915 1544 tamquam
961 1484 1123 1546 caput
1156 1474 1228 1530 20
1251 1484 1337 1530 est
1378 1475 1686 1530 indicatus:
1717 1475 1812 1532 sed
1844 1476 2117 1548 posterior

524 1581 717 1621 manus
769 1581 1054 1622 numerum
1105 1566 1175 1620 9.0
1205 1567 1426 1622 delevit.
1461 1567 1722 1638 Prologus
1761 1576 1907 1622 totus
1951 1581 2117 1638 prosa

525 1662 774 1714 oratione
803 1659 1143 1729 conscriptus
1169 1667 1257 1715 est
1282 1702 1296 1727 ,
1325 1669 1382 1715 et
1403 1659 1470 1715 ad
1501 1660 1791 1730 quemdam
1819 1675 2000 1731 regem
2031 1659 2116 1713 di-

522 1753 738 1823 rigitur.
788 1751 940 1808 Finis
965 1770 978 1806 :
1012 1750 1247 1825 Explicit
1276 1752 1528 1808 Sedulius
1550 1753 1615 1808 de
1655 1753 1924 1826 Regimiue
1953 1751 2117 1807 Pn'n-

527 1845 725 1916 cipum.

1137 1934 1367 1994 CAPUT
1405 1937 1495 1994 Ill.

717 2031 931 2086 Codices
961 2031 1304 2101 manuscripti
1333 2030 1543 2086 Sedulii
1572 2041 1926 2087 recensentur.

599 2123 690 2179 6'2.
730 2123 1000 2191 Quoniam
1046 2123 1219 2178 multa
1267 2132 1396 2180 sunt
1421 2139 1589 2194 opera
1617 2139 1849 2196 quorum
1895 2124 2120 2180 minime

529 2225 721 2272 auctor
751 2225 836 2272 est
859 2215 1113 2273 Sedulius
1144 2227 1351 2287 noster,
1379 2219 1629 2289 quamvis
1661 2219 1865 2276 Sedulii
1902 2220 2122 2275 nomine

530 2311 787 2383 insignita
818 2311 956 2380 sint,
1003 2321 1062 2367 ut
1090 2327 1158 2368 ex
1183 2312 1363 2384 capite
1392 2313 1722 2384 praecedenti
1749 2313 1957 2386 liquido
1985 2330 2120 2370 con-

527 2423 658 2482 stat,
676 2429 772 2470 eos
793 2414 1138 2484 potissimum
1161 2414 1378 2470 codices
1404 2415 1509 2470 hoc
1532 2415 1653 2471 loco
1677 2416 2122 2472 enumerabimus

529 2511 622 2582 qui
652 2509 894 2565 carmina
917 2508 1125 2566 Sedulii
1155 2519 1207 2565 et
1235 2523 1374 2580 opus
1399 2512 1520 2579 ejus
1551 2509 1826 2580 paschale,
1852 2511 1967 2565 sive
1987 2510 2122 2565 Pro-

526 2618 642 2659 sam
673 2602 956 2658 continent
983 2619 997 2656 :
1023 2601 1262 2658 breviter
1288 2601 1651 2659 indicabimus
1677 2603 1998 2666 nonnullos.
2028 2603 2122 2674 qui

531 2711 698 2768 opera
741 2694 906 2751 dubia
947 2696 1390 2765 complectuntur
1429 2712 1445 2749 :
1489 2710 1615 2750 nam
1643 2695 1712 2751 de
1738 2697 1895 2764 aliis,
1923 2695 2122 2766 quibus

528 2804 683 2846 sacra
712 2789 996 2859 Scriptura
1024 2789 1334 2860 exponitur,
1365 2789 1581 2844 abunde
1616 2789 1823 2846 dictum
1855 2799 1939 2844 est
1969 2805 2120 2844 num.

533 2885 627 2950 45,
753 2898 906 2954 seqq.
939 2881 1435 2939 Prtestantissimus
1479 2883 1689 2940 Sedulii
1733 2883 1908 2938 codex
1947 2890 2127 2937 exstat

531 2977 588 3032 in
619 2975 950 3032 bibliotheca
979 2977 1118 3049 regii
1143 2978 1379 3034 athenaai
1411 2977 1793 3034 Taurincusis.
1827 2977 1938 3050 ω
1964 2976 2124 3032 Cata-

532 3071 690 3142 logus
736 3069 984 3126 codicum
1032 3084 1166 3125 mss.
1211 3069 1332 3140 ejus
1377 3069 1728 3125 bibliothecae
1775 3070 1956 3124 editus
2008 3077 2122 3135 est,

533 3165 690 3234 cujus
733 3172 986 3219 auctores
1036 3171 1165 3218 sunt
1215 3162 1485 3234 Josephus
1541 3162 1803 3230 Pasinus,
1857 3161 2126 3216 Antonius

2207 547 2270 600 de
2298 545 2488 612 Bobio,
2537 545 2679 616 quod
2720 547 2928 618 arguit,
2975 547 3170 600 librum
3203 546 3327 600 olim
3364 546 3696 616 pertinuisse
3725 547 3791 600 ad

2208 642 2602 698 monasrerium
2632 641 2900 697 Bobiense
2925 687 2938 710 ,
2977 641 3044 696 de
3072 657 3178 712 quo
3209 640 3332 695 vide
3363 655 3515 695 num.
3547 641 3638 695 94.
3684 639 3800 696 Etsi

2209 749 2340 790 vero
2371 736 2422 790 in
2453 731 2749 805 specimine
2791 734 3204 800 characterum,
3249 733 3390 805 quod
3439 734 3495 788 in
3536 733 3800 802 Catalogo

2211 844 2344 883 mss.
2393 827 2704 895 exhibetur,
2752 828 2948 883 litterae
2979 837 3105 883 sunt
3148 826 3500 898 majusculae,
3546 826 3668 882 sive
3694 825 3803 881 Ro-

2211 938 2407 990 mamn,
2431 933 2488 978 ut
2522 938 2666 979 nunc
2693 939 2974 991 vocamus,
3004 935 3182 979 tamen
3206 940 3273 980 ex
3299 923 3599 994 specimine
3627 922 3806 977 diver-

2213 1033 2398 1072 sorum
2431 1017 2674 1072 locorum
2722 1017 2789 1072 ad
2839 1034 2926 1074 me
2962 1017 3127 1072 misso
3154 1026 3405 1085 constat,
3439 1019 3541 1071 tria
3576 1014 3806 1086 reperiri

2214 1109 2520 1166 litterarum
2553 1127 2777 1182 genera,
2810 1111 2986 1182 qualia
3014 1112 3165 1167 multi
3189 1111 3332 1183 apud
3364 1123 3579 1167 veteres
3609 1110 3808 1165 Roma-

2215 1217 2314 1257 nos
2348 1201 2514 1258 fuisse
2541 1204 2908 1267 contendunt,
2929 1206 3078 1274 quasi
3106 1205 3228 1260 alia:
3257 1204 3465 1260 fuerint
3492 1203 3809 1273 majnsculze

2217 1295 2629 1366 inscriptionum
2660 1296 2901 1352 maxime
2930 1298 3163 1368 propriae
3183 1340 3198 1364 ,
3229 1298 3350 1353 alia:
3379 1297 3539 1368 vulgo
3571 1297 3806 1364 usitatae,

2216 1401 2277 1442 ut
2321 1390 2434 1446 fere
2479 1401 2606 1445 sunt
2636 1401 2875 1459 nostrae,
2923 1392 3048 1447 alia:
3083 1393 3311 1447 cursivze
3348 1401 3404 1448 et
3447 1391 3810 1457 minutiores,

2219 1481 2410 1536 eadem
2442 1483 2653 1550 forma,
2699 1494 2790 1538 aut
2820 1500 3012 1554 parum
3041 1485 3276 1540 diversa.
3311 1484 3474 1540 lnitio
3519 1498 3658 1554 ergo
3700 1497 3817 1537 car-

2219 1573 2384 1628 minis
2434 1573 2672 1646 scriptus
2728 1588 2954 1648 apparet
3008 1578 3182 1633 codex
3246 1577 3445 1634 litteris
3502 1575 3816 1646 majusculis

2219 1667 2531 1738 quadratis,
2574 1678 2760 1740 postea
2792 1670 2935 1727 idem
2966 1671 3220 1727 librarius
3270 1671 3500 1727 formam
3551 1671 3811 1736 mutavit,

2222 1760 2317 1815 sed
2363 1759 2469 1834 41
2505 1779 2913 1836 nonnumquam
2940 1765 3006 1820 ad
3040 1767 3247 1822 litteras
3285 1763 3621 1836 majusculas
3654 1763 3815 1829 redit,

2148 1851 2197 1912 Β
2226 1858 2531 1926 praasertim
2577 1874 2700 1915 cum
2730 1875 2925 1916 versus
2967 1860 3164 1917 litteris
3192 1860 3372 1916 rubris
3398 1859 3624 1928 scribit,
3675 1857 3818 1929 quod

2223 1951 2493 2007 interdum
2543 1954 2762 2008 accidit.
2814 1954 2990 2009 Finita
3019 1955 3248 2025 epistola
3296 1955 3362 2010 ad
3399 1952 3814 2019 Macedonium,

2225 2048 2409 2101 statim
2457 2048 2650 2119 incipit
2695 2064 2947 2113 carmen,
2983 2048 3111 2104 Cum
3140 2066 3234 2103 sua
3263 2049 3499 2120 gentiles.
3535 2046 3816 2102 Dedicatio

2225 2140 2295 2196 ad
2325 2139 2716 2208 Theodosium,
2750 2141 3095 2196 Romulidum
3135 2142 3337 2206 ductor,
3383 2141 3540 2198 deest
3569 2141 3810 2206 omnino,

2223 2233 2472 2303 adeoque
2521 2233 2622 2288 hac
2649 2233 2703 2288 in
2735 2249 2796 2289 re
2839 2233 3056 2306 decepti
3102 2246 3228 2290 sunt
3263 2244 3520 2292 auctores
3549 2234 3813 2306 Catalogi.

2225 2326 2390 2384 Deest
2440 2330 2608 2384 etiam
2657 2329 2920 2400 prologus
2974 2331 3239 2388 metricus
3286 2331 3609 2399 Paschales;
3641 2332 3734 2388 sed
3764 2331 3814 2387 in

2227 2425 2417 2480 ultimo
2449 2425 2660 2480 codicis
2694 2426 2849 2494 folio,
2897 2427 3042 2498 quod
3070 2444 3178 2482 non
3209 2427 3346 2482 satis
3375 2426 3545 2496 liquet
3576 2442 3642 2481 an
3669 2426 3816 2481 volu-

2227 2520 2362 2574 mini
2393 2519 2800 2590 superadditum
2832 2521 3023 2586 fuerit,
3051 2521 3316 2591 descripti
3357 2529 3484 2576 sunt
3515 2520 3592 2575 illi
3623 2533 3817 2576 versus

2227 2613 2633 2668 characteribus
2669 2614 2869 2684 partim
2908 2614 3116 2684 rubris,
3160 2616 3360 2686 partim
3404 2612 3614 2684 nigris,
3659 2627 3815 2669 manu

2226 2705 2624 2774 antiquissima,
2661 2705 2761 2761 sed
2784 2705 3003 2761 diversa
3031 2707 3098 2762 ab
3129 2722 3190 2761 ea
3223 2723 3343 2778 quae
3372 2722 3596 2763 carmen
3627 2721 3816 2762 exara-

2227 2797 2324 2853 vit.
2356 2797 2580 2854 Littera:
2609 2814 2807 2870 magna
2831 2815 2900 2854 ex
2929 2809 3082 2870 parte
3105 2809 3489 2856 evanuerunt:
3519 2800 3616 2856 sed
3645 2816 3815 2871 quan-

2226 2902 2342 2947 tum
2377 2893 2560 2966 colligi
2611 2903 2815 2964 potest,
2848 2893 3110 2950 mendose
3140 2895 3382 2965 scriptus
3431 2907 3519 2950 est
3565 2893 3817 2966 prologus

2228 2986 2511 3041 metricus.
2539 2986 2925 3042 Desiderantur
2948 2987 3111 3044 etiam
3138 2987 3193 3043 in
3222 2988 3416 3044 eodem
3439 2989 3616 3044 veteri
3640 3003 3816 3042 exem-

2227 3079 2374 3147 plari
2399 3079 2638 3151 hymnus
2663 3080 3024 3136 ahecedarius
3050 3081 3095 3135 Α
3124 3082 3252 3136 solis
3278 3093 3420 3136 ortus
3439 3123 3452 3148 ,
3481 3081 3815 3154 epigramma

2230 3172 2473 3241 Sedulii,
2517 3189 2708 3228 versus
2735 3175 3029 3229 acrostichi
3060 3173 3262 3231 Liberii
3299 3184 3358 3230 et
3397 3173 3672 3230 Belisarii.
3703 3173 3812 3228 Non

531 3262 835 3319 Rivautella
861 3303 876 3329 ,
917 3273 972 3317 et
999 3262 1328 3318 Franciscus
1355 3263 1544 3319 Berta.
1575 3262 1748 3318 Tomo
1780 3261 1825 3316 ll
1851 3261 2120 3330 Catalogi,
2151 3248 2198 3312 C
2233 3267 2441 3337 passim
2473 3267 2692 3338 quidem
2713 3308 2728 3332 ,
2783 3268 2880 3323 sed
2918 3269 3122 3323 alicubi
3156 3278 3340 3325 tamen
3370 3269 3604 3340 margini
3651 3268 3814 3323 ascri-

532 3373 655 3426 patt.
713 3356 844 3423 2H,
899 3355 1228 3412 describitur
1280 3356 1456 3412 codex
1504 3357 1954 3411 membranaceus
1999 3356 2126 3422 766,

534 3449 691 3520 cujus
715 3447 1047 3504 characteris
1089 3448 1364 3518 specimen
1397 3447 1714 3512 exhibetur,
1751 3460 2008 3503 constans
2053 3447 2130 3500 fo-

532 3540 622 3596 liis
649 3539 741 3604 36,
772 3538 965 3594 formae
992 3538 1299 3609 quadratae,
1332 3540 1424 3610 qui
1465 3541 1629 3595 etiam
1671 3539 1740 3594 ad
1783 3539 2042 3595 smculum
2075 3555 2131 3594 γι

537 3642 820 3714 pertinere
838 3641 1062 3696 dicitur.
1089 3640 1200 3697 Nec
1221 3642 1473 3696 dissentit
1488 3641 1750 3707 Mansius,
1773 3644 1864 3712 qui
1885 3641 2128 3697 codicem

533 3738 711 3808 ipsum
758 3734 1160 3807 perlustravit,
1210 3735 1267 3791 in
1314 3743 1433 3790 not.
1483 3735 1549 3790 ad
1582 3734 2128 3792 BiblimluFabricii.

536 3832 653 3887 l‘loc
685 3830 876 3886 ordine
912 3827 1228 3885 referuntur
1271 3843 1439 3899 opera
1478 3827 1707 3885 Sedulii.
1760 3828 1968 3896 Primo,
2013 3829 2131 3898 epi-

538 3925 680 3980 stola
725 3921 934 3980 Sedulii
984 3922 1050 3977 ad
1098 3921 1446 3978 Macedonem
1485 3921 1660 3996 (lege
1711 3921 2132 3994 Macedonium)

537 4021 775 4093 scripta,
825 4019 922 4076 sed
968 4017 1156 4074 mutila
1199 4036 1214 4072 :
1263 4019 1451 4090 incipit
1499 4020 1691 4074 enim:
1738 4018 1813 4072 Ab
1843 4017 2134 4090 Scripturis

537 4113 837 4170 celsioribus
881 4128 1098 4181 vacans,
1145 4111 1514 4168 humilioribus
1564 4129 1764 4184 quoque
1828 4121 1874 4166 te
1922 4111 2134 4165 libenter

533 4209 824 4278 impertias.
860 4205 984 4262 Non
1011 4223 1214 4278 semper
1246 4209 1423 4280 aquila
1464 4224 1627 4278 supra
1655 4207 1813 4262 nubes
1849 4207 1986 4262 elata
2015 4225 2134 4277 per-

537 4303 736 4366 volitat,
763 4310 869 4357 etc.
902 4300 961 4355 ln
989 4300 1095 4356 line
1124 4301 1410 4370 epistolae:
1432 4301 1662 4372 Explicit
1685 4301 1900 4374 epistola
1931 4301 2133 4356 Sedulii

540 4393 610 4449 ad
650 4392 971 4448 Macedoneo
998 4393 1098 4448 Pbi
1126 4395 1364 4466 feliciter.
1408 4394 1538 4450 Post
1569 4394 1858 4465 epistolam
1888 4395 2134 4466 sequitur

544 4487 792 4558 praefatio
822 4488 890 4544 ad
919 4488 1324 4558 Theodosium,
1373 4488 1739 4556 Romulidum,
1800 4500 1932 4556 etc.,
1970 4504 2131 4560 quam

541 4581 752 4638 Sedulii
783 4596 891 4637 non
923 4597 1045 4637 esse
1084 4582 1340 4639 diximus.
1372 4582 1539 4639 Liber
1569 4599 1584 4637 ι
1613 4583 1827 4654 incipit,
1857 4583 1985 4637 Cum
2015 4599 2132 4649 sua,

537 4685 644 4732 etc.
674 4674 819 4730 Nihil
863 4675 918 4729 in
963 4675 1227 4746 Catalogo
1272 4675 1473 4731 dicitur
1508 4675 1576 4730 de
1603 4677 1832 4747 prologo
1880 4676 2133 4741 metrico,

544 4766 866 4832 Paschales,
899 4777 1008 4823 etc.
1067 4767 1297 4824 Carmen
1356 4767 1593 4823 divisum
1647 4778 1731 4823 est
1782 4769 1837 4822 in
1893 4767 2134 4838 quinque

540 4860 733 4927 libros,
765 4870 822 4916 ut
848 4862 902 4916 in
934 4861 1213 4932 plerisque
1235 4861 1460 4934 optimis
1490 4861 1770 4917 codicibus
1804 4861 2131 4916 notabimus.

544 4955 674 5010 Post
721 4952 925 5008 librum
981 4953 1196 5008 tertium
1241 4952 1532 5020 carminis,
1595 4953 1688 5024 qui
1735 4953 2006 5009 secundus
2051 4966 2135 5010 est

545 5051 671 5108 novi
700 5049 1068 5119 Testamenti,
1101 5049 1430 5120 subscriptio
1478 5051 1594 5106 haec
1638 5050 1963 5106 correctoris
2002 5049 2137 5122 legi-

544 5153 636 5200 tur
681 5161 695 5196 :
737 5140 853 5215 Ego
875 5141 1234 5196 Abundantius
1276 5144 1430 5197 istum
1458 5143 1646 5197 librum
1675 5144 1869 5198 contuli
1896 5141 2133 5214 feliciter.

542 5235 788 5292 Carmini
816 5235 1054 5304 paschali
1099 5235 1338 5291 succedit
1382 5236 1555 5308 elegia
1607 5235 1902 5294 Cantemus.
1942 5239 2137 5311 llymni

541 5327 856 5386 abecedarii
889 5329 931 5383 A
951 5329 1076 5383 solis
1101 5340 1266 5397 ortus,
1310 5333 1518 5386 mentio
1550 5348 1660 5386 non
1690 5333 1748 5387 fit
1779 5334 1832 5387 in
1853 5333 2132 5405 Catalogo.

545 5423 870 5482 liberiorem
900 5425 1183 5496 magisque
1205 5435 1450 5480 exactam
1479 5426 1684 5482 codicis
1712 5428 2131 5497 descriptionem

545 5533 669 5574 cum
715 5516 1157 5586 desiderassem,
1205 5518 1347 5573 votis
1399 5521 1537 5576 meis
1580 5521 2006 5577 cumulatissime
2047 5536 2135 5578 re-

546 5612 770 5683 spondit
814 5612 1011 5668 Comes
1059 5612 1333 5669 Galeauus
1391 5614 1637 5686 Napione
1679 5615 1748 5672 de
1796 5616 2135 5682 Cocconato,

549 5705 784 5778 egregiis
810 5706 974 5762 editis
1019 5705 1279 5776 operibus
1326 5707 1507 5764 clarus
1526 5751 1542 5775 ,
1572 5717 1627 5765 et
1651 5710 1718 5765 de
1747 5709 1895 5764 omni
1929 5709 2141 5764 littera-

548 5810 684 5856 turae
717 5815 922 5871 genere
963 5800 1570 5860 benemerentissimus.
1622 5803 1680 5859 In
1724 5803 1899 5874 prima
1947 5800 2142 5873 pagina

535 5891 744 5949 codicis
785 5892 981 5963 legitur
1045 5893 1362 5956 charactere
1427 5900 1678 5972 antiquo,
1735 5898 1829 5957 sed
1887 5897 1979 5970 qui
2048 5912 2138 5954 re-

2159 4641 2213 4704 D

2231 3360 2434 3416 buntur
2467 3362 2647 3431 capita
2671 3377 2856 3416 rerum
2877 3378 3028 3433 ,quae
3059 3378 3464 3428 nonnumquam
3495 3360 3818 3426 recentiori,

2227 3465 2289 3510 ut
2319 3455 2559 3523 videtur,
2584 3456 2904 3511 charactere
2937 3455 3276 3511 indicantur.
3302 3455 3505 3510 Asterii
3538 3454 3597 3508 fit
3623 3453 3824 3508 mentio

2231 3549 2286 3604 in
2320 3550 2509 3604 ultimo
2533 3548 2663 3604 folio
2689 3549 3010 3617 voluminis,
3036 3560 3096 3604 ut
3123 3551 3233 3605 alio
3261 3550 3383 3606 loco
3413 3548 3614 3602 dicam.
3638 3545 3825 3601 Anim-

2231 3642 2466 3699 advertit
2491 3643 2735 3698 eruditus
2760 3642 3070 3712 descriptor
3101 3643 3332 3709 codicis,
3363 3656 3507 3711 saepe
3534 3653 3822 3696 occurrere

2233 3755 2260 3793 e
2293 3753 2391 3807 pro
2422 3740 2460 3806 i,
2493 3750 2551 3793 ut
2577 3738 2800 3810 explerit
2827 3753 2930 3809 pro
2959 3739 3198 3810 explicit,
3231 3737 3502 3792 ordenavit
3547 3751 3651 3808 pro
3689 3735 3820 3789 ordi-

2233 3831 2408 3899 navit,
2462 3831 2565 3886 alet
2613 3846 2712 3901 pro
2759 3832 2877 3888 alit.
2913 3831 2971 3888 In
3005 3831 3307 3902 specimine
3354 3829 3730 3886 characterum
3756 3825 3821 3882 ad

2233 3939 2321 3979 me
2349 3925 2521 3979 misso
2543 3923 2805 3990 observo,
2834 3925 3105 3980 interdum
3125 3923 3157 3978 Β
3181 3940 3277 3996 pro
3303 3939 3330 3976 ε
3353 3923 3504 3993 poni,
3531 3932 3592 3978 ut
3614 3921 3822 3988 kunant,

2234 4017 2409 4090 paska:
2432 4062 2448 4088 ,
2500 4028 2557 4075 et
2585 4036 2614 4074 ο
2647 4036 2746 4091 pro
2774 4037 2828 4086 u,
2865 4029 2923 4076 ut
2951 4019 3196 4076 Sedolius
3234 4034 3334 4090 pro
3367 4016 3620 4075 Sedulius
3663 4034 3681 4072 :
3725 4032 3826 4088 quo

2234 4111 2477 4182 pertinet
2505 4114 2559 4167 in
2592 4114 2699 4168 line
2729 4113 2986 4183 epistola:
3019 4113 3088 4166 ad
3135 4111 3453 4167 Macedoneo
3497 4127 3516 4166 :
3562 4127 3722 4175 nam,
3773 4116 3829 4163 ut

2235 4205 2451 4275 opinor,
2476 4208 2738 4277 scriptum
2768 4208 2840 4262 ita
2859 4207 2959 4262 fuit
2989 4222 3089 4279 pro
3116 4206 3504 4271 Macedoniam,
3525 4214 3579 4260 et
3598 4204 3829 4260 fortasse

2237 4297 2464 4352 evanuit
2514 4298 2656 4354 linea
2702 4315 2863 4369 supra
2912 4317 2962 4353 ο.
3014 4300 3142 4354 llaec
3188 4309 3404 4364 autem,
3455 4307 3509 4353 et
3555 4297 3828 4352 aliaame

2238 4389 2624 4447 animadversa
2653 4407 2721 4448 eo
2763 4408 2851 4449 me
2876 4393 3105 4459 ducunt,
3137 4400 3197 4447 ut
3227 4391 3512 4462 conjiciam
3533 4433 3548 4458 ,
3583 4389 3826 4445 codicem

2237 4483 2442 4540 sarculo
2469 4500 2564 4540 vm
2593 4486 2960 4558 antiquiorem
2994 4501 3099 4542 non
3130 4500 3274 4542 esse.
3300 4482 3409 4540 Alii
3436 4483 3705 4554 majorem
3737 4496 3830 4534 au-

2238 4577 2547 4648 tiquitatem
2577 4579 2653 4633 illi
2685 4579 2950 4647 tribuant,
2977 4597 3072 4652 per
3096 4595 3185 4636 me
3208 4579 3337 4635 licet
3361 4597 3373 4632 :
3400 4593 3578 4649 neque
3603 4577 3832 4632 deerunt

2239 4671 2444 4726 similia
2489 4672 2631 4746 apud
2659 4673 2797 4729 alios
2829 4674 3096 4744 exempla,
3127 4674 3327 4744 quibus
3357 4672 3498 4727 hanc
3531 4686 3686 4726 suam
3719 4669 3833 4740 opi-

2238 4761 2462 4820 nionem
2515 4777 2790 4822 tueantur.
2849 4766 3202 4832 Gallaudius,
3258 4776 3391 4821 tom.
3441 4781 3494 4820 lx
3540 4762 3828 4828 Biblioth.,

2241 4861 2295 4914 in
2345 4859 2571 4916 dissert.
2619 4863 2687 4917 de
2731 4862 2993 4934 Sedulio,
3045 4878 3115 4918 ex
3165 4861 3458 4917 collatione
3508 4859 3720 4917 codicis
3765 4858 3830 4915 ab

2240 4953 2558 5008 auctoribus
2589 4953 2828 5026 Catalogi
2865 4955 3132 5020 instituta,
3173 4955 3402 5024 colligit,
3433 4955 3616 5010 minus
3641 4969 3829 5010 emen-

2242 5048 2428 5103 datum
2461 5064 2584 5104 eum
2613 5065 2734 5105 esse
2753 5092 2768 5119 ,
2803 5065 2977 5121 neque
3004 5065 3191 5122 parum
3220 5048 3340 5119 ejus
3364 5049 3679 5104 auctoritati
3711 5046 3830 5101 olli-

2241 5155 2370 5196 cere
2401 5144 2738 5211 praemissam
2786 5143 3016 5198 carmini
3046 5143 3448 5199 dedicationem
3481 5140 3548 5196 ad
3584 5139 3832 5196 Theodo-

2241 5234 2406 5289 sium.
2443 5235 2644 5292 Verum
2687 5236 2827 5301 quod
2863 5238 3061 5292 attinet
3101 5236 3167 5290 ad
3209 5235 3648 5302 dedicationem,
3699 5233 3831 5288 falso

2241 5344 2363 5385 eam
2397 5329 2465 5384 ab
2509 5331 2827 5386 auctoribus
2855 5329 3098 5400 CataIOgi
3129 5329 3308 5386 codici
3354 5329 3555 5385 ascribi
3596 5329 3710 5399 jam
3738 5343 3833 5383 no-

2242 5423 2376 5477 tavi.
2438 5422 2677 5479 [Etatem
2728 5423 3096 5488 Abundantii,
3139 5424 3231 5494 qui
3283 5421 3527 5478 codicem
3578 5421 3828 5489 contulit,

2243 5529 2586 5586 nequaquam
2629 5519 2874 5587 reperire
2920 5516 3070 5588 potui
3113 5533 3128 5576 :
3175 5530 3354 5587 neque
3400 5516 3544 5571 enim
3592 5514 3832 5570 arbitror

2244 5623 2370 5666 esse
2419 5609 2867 5680 Abundantium,
2920 5609 2987 5666 ad
3045 5624 3206 5680 quem
3259 5618 3437 5665 exstat
3497 5609 3828 5681 epigramma

2245 5703 2502 5768 Ennodii,
2533 5702 2625 5771 qui
2658 5703 2864 5759 saeculo
2887 5718 2942 5758 vr
2973 5704 3198 5760 ineunte
3225 5702 3428 5759 ﬂoruit.

2320 5794 2409 5850 65.
2435 5795 2490 5850 ln
2519 5794 2850 5852 Bibliotheca
2882 5793 3140 5852 Vaticana
3183 5805 3382 5866 praeter
3411 5797 3652 5852 codicem
3679 5794 3827 5850 Pala-

2247 5893 2446 5958 tinum,
2475 5890 2567 5962 qui
2592 5906 2762 5963 pauca
2791 5891 2861 5949 de
2889 5891 3120 5949 Sedulio
3146 5892 3332 5962 refert,
3367 5901 3426 5948 ut
3450 5892 3558 5948 dixi
3591 5907 3738 5947 num.
3771 5889 3823 5956 5,
