4060 6320
253 269 360 328 465

1607 275 2127 338 PROLEGOMENA
2139 323 2148 334 .

3442 294 3550 353 466

252 398 306 446 et
334 388 474 444 duos
501 387 644 444 alios
665 430 681 458 ,
714 390 808 462 qui
842 389 949 464 42
981 403 1149 460 opera
1186 392 1416 451 alterius
1457 393 1664 451 Sedulii
1695 395 1853 452 exhi-
1881 398 1933 458 Α
1961 396 2164 454 mansit
2193 399 2416 468 folium,
2445 404 2500 458 in
2532 419 2641 475 quo
2669 404 2987 464 charactere
3017 359 3301 466 minutiori
3331 422 3555 469 exarata

252 483 402 549 bent,
437 490 497 537 ut
531 483 767 553 explicui
800 499 956 540 num.
988 484 1059 540 58
1092 494 1148 541 et
1178 486 1269 555 61,
1306 487 1557 545 undecim
1583 489 1727 546 alios
1758 505 1853 546 co-

249 576 399 632 dices
428 576 683 646 contuli,
729 593 868 648 quos
900 593 1048 636 nunc
1075 579 1410 642 describam.
1446 582 1559 638 Duo
1589 592 1719 638 sunt
1767 584 1852 638 bi-

248 667 544 724 bliotheca:
575 669 783 723 veteris
805 668 1107 734 Vaticanaa.
1137 675 1226 742 qui
1251 674 1574 744 simpliciter
1601 674 1854 732 Vaticani

247 762 531 830 dicuntur,
564 777 664 818 sex
697 762 1044 822 bibliothecae
1065 766 1289 838 Regina:
1305 768 1532 824 Suecor.
1561 768 1852 826 Christinaa

248 855 310 912 ad
337 855 670 912 Vaticanam
701 859 1006 927 translatae,
1067 860 1177 916 duo
1228 861 1476 917 Vaticani
1526 861 1851 918 Ottobonia-

254 953 322 1018 ni,
352 966 506 1007 unus
540 951 846 1009 Vaticanus
875 953 1130 1012 Urbinas.

315 1048 405 1104 64.
433 1046 632 1105 Codex
670 1051 958 1109 Vaticanus
1002 1053 1144 1110 1665
1184 1055 1634 1112 membranaccus
1666 1057 1849 1113 in-lol.

252 1156 418 1211 parvo
457 1144 888 1213 comprehendit
934 1147 1246 1215 Aratorem,
1293 1157 1350 1204 et
1395 1149 1701 1206 Sedulium.
1744 1151 1855 1206 Ad-

251 1243 371 1288 sunt
419 1236 631 1306 aliqute
682 1239 900 1310 glossm,
961 1256 1082 1311 qua:
1129 1240 1245 1297 fere
1288 1252 1649 1308 evanuerunt,
1695 1243 1853 1314 plura

251 1329 571 1397 compendia
587 1331 919 1403 litterarum,
935 1350 1044 1390 non
1062 1349 1231 1405 pauca
1245 1335 1464 1404 menda,
1479 1338 1854 1394 correctiones

249 1423 498 1492 quaedam
527 1440 560 1480 a
592 1442 762 1482 manu
805 1430 1005 1491 veteri.
1039 1429 1365 1501 diphthongi
1393 1447 1439 1486 te
1467 1441 1522 1487 et
1551 1448 1618 1501 oe,
1655 1431 1854 1488 litterae

252 1516 300 1581 ι,
329 1516 358 1570 b
379 1557 392 1580 .
414 1518 471 1588 Ῑ,
503 1535 558 1586 ρ,
592 1527 652 1574 et
681 1520 889 1577 similes
913 1521 1130 1594 longius
1160 1534 1511 1590 excrescunt,
1541 1525 1853 1595 praesertim

249 1611 299 1668 in
345 1614 552 1683 primis
596 1623 655 1670 et
698 1615 903 1672 ultimis
945 1617 1105 1673 lineis
1146 1635 1160 1671 :
1195 1618 1341 1689 quod
1385 1620 1563 1674 innuit
1607 1619 1852 1676 codicem

250 1719 350 1759 non
399 1721 528 1762 esse
573 1707 736 1764 valde
781 1711 1088 1782 antiquum.
1134 1711 1511 1780 Crediderim,
1563 1713 1630 1768 ad
1679 1728 1854 1772 szecuo

1955 498 2041 546 est
2061 494 2344 550 annotatio
2367 494 2479 564 jam
2511 496 2772 566 indicata,
2802 499 2920 554 Hoc
2949 518 3079 572 opus
3105 502 3374 575 Sedulius,
3408 515 3545 576 etc.,

1956 583 2044 638 cui
2071 585 2318 641 succedit
2345 588 2682 674 epigramma
2709 590 2914 648 Asterii
2939 635 2954 659 ,
2991 593 3153 651 Sume
3177 639 3192 664 ,
3225 613 3391 653 sacer.
3420 599 3552 656 Post

1961 680 2066 734 hoc
2094 680 2431 752 epigramma
2461 684 2564 738 alia
2591 694 2674 740 est
2700 687 2983 742 annotatio
3010 688 3078 744 ad
3103 691 3312 762 prologi
3338 694 3551 750 metrici

1957 773 2358 843 expositionem
2382 817 2396 839 ,
2431 791 2552 846 qua:
2601 777 2766 832 simili
2815 779 2976 836 modo
3021 782 3074 835 in
3107 781 3475 840 Ottoboniano
3505 802 3546 852 ι,

1957 883 2110 921 num.
2140 867 2232 937 75,
2257 869 2616 936 recensendo,
2647 872 2969 942 exprimitur
2993 895 3005 926 :
3034 875 3304 945 Sedulius,
3332 880 3552 950 epistola

1959 957 2270 1015 Macedonio
2319 962 2592 1032 praemissa
2619 965 2936 1035 presbytero,
2969 968 3185 1022 sedecim
3216 968 3404 1024 dehinc
3433 987 3548 1025 ver-

1957 1070 2115 1108 suum
2161 1053 2378 1126 prologo
2424 1053 2650 1110 lecturos
2702 1058 2949 1125 inritans,
3008 1069 3362 1131 paupertatem
3401 1063 3552 1118 exilis

1956 1147 2154 1220 ingenii
2182 1148 2378 1201 olerum
2411 1149 2681 1220 comparat
2701 1149 2891 1205 vilitati
2921 1169 2940 1206 :
2971 1169 3036 1206 ea:
3057 1154 3208 1224 cujus
3238 1155 3465 1209 carmine
3494 1157 3558 1210 de

1957 1240 2182 1312 singulis
2212 1242 2481 1314 utriusque
2514 1242 2831 1298 Testamenti
2862 1246 3132 1301 miraculis
3175 1247 3284 1300 hac
3318 1257 3437 1302 sunt
3463 1266 3557 1303 ca-

1958 1336 2072 1407 pita
2095 1345 2401 1405 prwnotata.
2435 1336 2738 1409 Sequuntur
2773 1339 2971 1392 indicia
3003 1340 3272 1395 titulorum
3307 1357 3411 1396 xxv
3439 1343 3552 1396 sin-

1959 1428 2097 1499 gulis
2125 1429 2448 1500 sequentibus
2481 1431 2734 1502 capitibus
2780 1432 2799 1500 (
2831 1430 2970 1486 forte
3012 1431 3168 1488 deest
3213 1433 3302 1489 hic
3330 1435 3554 1506 aliquod

1958 1523 2209 1594 verbum)
2240 1525 2346 1578 sive
2388 1533 2648 1598 cooptata.
2684 1523 3054 1597 Hieronymus,
3087 1526 3140 1580 in
3169 1526 3407 1599 catalogo
3431 1528 3559 1581 scri-

1959 1627 2190 1687 ptorum,
2226 1628 2331 1673 etc.
2368 1617 2458 1675 Sic
2478 1621 2656 1690 pergit
2681 1618 2881 1685 codex,
2906 1630 2962 1673 ut
2989 1634 3138 1674 num.
3169 1620 3202 1675 6
3223 1620 3427 1675 dictum
3447 1629 3553 1689 est,

1956 1711 2103 1766 tituli
2150 1727 2255 1766 xxv
2282 1726 2390 1767 non
2431 1722 2558 1768 sunt
2586 1713 2852 1784 expressi.
2888 1712 3242 1768 Annotationi
3295 1714 3417 1770 sine
3443 1713 3556 1768 ullo

247 1797 352 1852 lum
383 1815 444 1854 xi
478 1800 710 1856 circiter
756 1805 1030 1872 pertinere
1064 1819 1077 1856 :
1114 1803 1560 1860 Montl'auconius
1592 1821 1723 1862 vero
1748 1849 1762 1871 ,
1796 1807 1848 1862 in
1883 1785 1932 1846 Β
1961 1807 2168 1878 scripto
2202 1807 2359 1862 titulo
2388 1808 2557 1862 additi
2579 1815 2708 1863 sunt
2726 1823 2917 1864 versus
2943 1806 3239 1863 acrostichi
3268 1807 3477 1863 Liberii
3503 1814 3560 1864 et

246 1893 510 1950 Biblioth.
543 1911 706 1963 mss.,
734 1912 857 1967 pag.
891 1897 1101 1970 126,:ad
1126 1899 1388 1954 saeculum
1422 1915 1477 1954 ix
1508 1902 1698 1956 refert.
1717 1900 1851 1956 Post

247 1988 542 2044 Aratorem
577 1990 774 2062 incipit
811 1990 959 2046 illico
1004 1992 1263 2063 prologus
1293 1993 1556 2048 metricus
1597 1993 1802 2050 Sedulii
1833 2037 1848 2063 ,

247 2094 302 2139 ut
341 2085 394 2139 in
439 2083 617 2140 variis
647 2085 982 2142 lectionibus
1011 2088 1235 2144 uberius
1265 2099 1598 2160 exponetur,
1640 2098 1698 2146 et
1727 2102 1853 2161 post

247 2181 538 2252 prologum
563 2183 855 2238 metricum
881 2183 1058 2239 liberi
1087 2185 1351 2241 carminis
1375 2185 1677 2256 paschalis.
1698 2186 1755 2240 In
1783 2185 1851 2241 ﬁ-

250 2290 317 2330 ne
349 2293 363 2329 :
395 2273 637 2345 Explicit
684 2275 816 2330 liber
867 2275 1111 2343 Sedulii,
1159 2277 1352 2347 incipit
1397 2294 1605 2332 carmen
1643 2278 1850 2348 ipsius:

255 2364 564 2435 Cantemus,
596 2375 707 2424 etc.
750 2368 880 2423 Post
915 2369 1147 2440 elegiam
1183 2370 1304 2426 sine
1333 2370 1490 2426 titulo
1513 2371 1850 2442 epigramma

247 2459 480 2531 Sedulii,
539 2461 672 2517 Haec
719 2473 829 2528 tua,
876 2472 932 2518 et
979 2463 1212 2520 subinde
1261 2466 1471 2535 pariter
1518 2467 1640 2521 sine
1691 2465 1850 2520 titulo

245 2553 504 2626 hymnus,
548 2557 594 2610 A
623 2557 751 2612 solis
791 2566 966 2626 ortus,
992 2574 1100 2628 quo
1127 2559 1284 2614 linito
1315 2559 1506 2630 incipit
1527 2559 1762 2630 epistola
1783 2559 1851 2615 ad

243 2651 656 2720 Macedonium,
700 2652 798 2708 sed
835 2653 1014 2708 solum
1065 2653 1316 2724 procedit
1353 2669 1530 2725 usque
1563 2653 1631 2710 ad
1686 2654 1851 2710 verba

242 2742 314 2801 De
361 2745 698 2817 quotidiana:
749 2760 868 2800 vero
918 2746 1308 2802 misericordiae.
1362 2747 1571 2803 Desunt
1621 2746 1852 2816 reliqua,

245 2839 434 2894 avulso
467 2852 577 2893 uno
598 2838 687 2894 vel
716 2837 968 2910 pluribus
997 2838 1168 2896 foliis.
1196 2840 1298 2896 Hic
1322 2841 1452 2896 mihi
1488 2850 1574 2898 est
1596 2841 1653 2896 in
1682 2842 1856 2897 variis

255 2932 591 2989 lectionibus
613 2931 908 2989 Vaticanus
944 2933 1176 3004 primus,
1209 2934 1325 2990 sive
1365 2934 1478 2990 Vat.
1513 2936 1566 2990 1.

308 3029 404 3085 65.
432 3028 596 3084 Alter
621 3027 792 3084 codex
816 3027 1134 3095 Vaticanus,
1161 3043 1313 3083 num.
1343 3029 1506 3092 3178,
1535 3029 1724 3084 saeculi
1758 3047 1850 3096 xv,

248 3122 577 3178 chartaceus
603 3133 689 3178 est
720 3139 734 3176 :
766 3123 1009 3177 continet
1037 3123 1244 3181 Sedulii
1269 3125 1558 3195 epistolam
1582 3125 1652 3181 ad
1678 3127 1855 3184 Mace-

248 3215 496 3286 donium,
527 3217 812 3288 prologum
840 3217 1156 3288 metricum,
1194 3217 1499 3290 Paschales,
1533 3231 1587 3275 et
1626 3237 1849 3279 carmen

252 3312 300 3366 in
325 3311 467 3366 duos
491 3311 669 3366 libros
690 3310 947 3367 divisum.
977 3311 1035 3368 In
1067 3312 1173 3368 line
1199 3315 1457 3369 carminis
1489 3324 1635 3382 nota,
1657 3317 1709 3371 in
1731 3317 1855 3372 aliis

251 3409 413 3462 etiam
454 3405 744 3462 codicibus
776 3406 1052 3478 descripta
1075 3449 1088 3473 ,
1133 3407 1247 3464 Hoc
1275 3426 1406 3478 Opus
1447 3409 1697 3465 Sedulius
1721 3411 1856 3466 inter

256 3501 519 3556 chartulas
540 3543 555 3567 ,
593 3511 702 3556 etc.
724 3543 739 3568 ,
769 3501 839 3558 de
864 3517 966 3572 qua
997 3502 1153 3572 plura
1187 3502 1347 3558 infra.
1372 3503 1504 3558 Post
1530 3514 1713 3560 notam
1735 3506 1856 3561 sine

263 3600 367 3654 ullo
397 3599 567 3655 titulo
602 3598 779 3670 elegia
800 3639 815 3665 ,
849 3597 1150 3654 Cantemus.
1191 3600 1453 3670 Sequitur
1479 3614 1701 3655 carmen
1743 3600 1854 3654 Ra-

266 3691 462 3762 phaelis
518 3691 856 3747 Zovenzonii
897 3702 1113 3762 poetae,
1157 3691 1202 3746 Ο
1243 3701 1418 3746 custos
1461 3692 1752 3758 hominum,
1800 3702 1858 3749 et

262 3784 525 3858 hymnus,
575 3783 806 3859 Virginis
851 3795 1028 3858 partu.
1076 3786 1348 3857 Hymnum
1395 3785 1541 3841 hunc
1579 3802 1703 3840 cum
1734 3786 1858 3841 aliis

261 3880 600 3935 carminibus
631 3880 966 3934 Zovenzonii
1008 3879 1184 3935 edidit
1210 3880 1382 3934 Aldus
1414 3889 1541 3948 post
1569 3879 1855 3936 Sedulium

267 3979 322 4026 et
337 3971 478 4026 alios
504 3981 698 4042 poetas
722 3971 1077 4028 christianos.
1109 3972 1294 4028 Codex
1323 3989 1388 4028 ex
1415 3974 1560 4028 bono
1585 3973 1862 4042 exempla-

264 4065 307 4120 ri
334 4065 550 4120 videtur
567 4064 898 4135 descriptus,
932 4065 1028 4120 sed
1062 4065 1276 4120 mendis
1301 4082 1406 4118 non
1433 4065 1619 4132 paucis
1649 4065 1859 4121 descri-

262 4159 435 4216 bentis
462 4161 675 4216 incuria
715 4161 1028 4230 inquinatus
1058 4168 1162 4214 est.
1195 4159 1368 4231 Hujus
1398 4159 1609 4215 codicis
1651 4169 1776 4215 nota
1806 4161 1861 4214 in

261 4273 374 4312 var.
405 4258 538 4311 lect.
569 4265 653 4310 est
689 4255 812 4310 Vat.
841 4255 900 4311 2.
983 4278 990 4284 ·

332 4349 422 4405 66.
475 4347 666 4403 Codex
716 4347 1011 4403 Vaticanus
1057 4347 1279 4419 Reginae
1331 4347 1659 4418 Succorum,
1709 4363 1861 4403 num.

263 4445 387 4509 555,
421 4443 878 4498 membranaceus
899 4442 1048 4498 in-Jt°
1068 4453 1153 4497 est
1176 4442 1268 4498 ille
1299 4443 1438 4511 ipse,
1465 4456 1576 4513 quo
1607 4443 1661 4496 in
1690 4441 1864 4498 eden-

262 4535 330 4592 do
378 4537 626 4592 Juvcnco
676 4550 805 4589 usus
832 4549 971 4590 sum.
1005 4534 1294 4605 Specimen
1336 4535 1673 4589 characteris
1711 4533 1868 4588 exhi-

265 4629 351 4685 bui
385 4631 440 4685 in
487 4628 903 4697 Prolegomenis
951 4627 1017 4682 ad
1039 4627 1342 4682 Juvencum
1366 4667 1381 4693 ,
1423 4625 1531 4700 43
1567 4641 1720 4680 num.
1748 4627 1820 4680 48
1848 4667 1863 4692 ,

264 4737 386 4792 pag.
413 4720 508 4776 21.
543 4719 642 4774 Hic
677 4728 763 4774 est
791 4719 926 4773 mihi
959 4718 1356 4788 pulcherrimus
1382 4717 1553 4771 codex
1588 4717 1735 4770 inter
1766 4715 1865 4770 Se-

266 4815 540 4870 dulianos.
587 4813 717 4867 Post
757 4812 1052 4868 Juvencum
1087 4811 1275 4881 incipit
1305 4810 1536 4881 epistola
1578 4810 1645 4864 ad
1687 4810 1867 4865 Mace-

266 4907 516 4971 donium,
545 4906 794 4976 sequitur
821 4906 1078 4977 prologus
1109 4906 1389 4972 metricus,
1415 4902 1724 4969 Paschales,
1751 4912 1862 4956 tum

265 5017 490 5058 carmen
517 5001 571 5054 in
591 5001 829 5070 quinque
852 5001 1023 5054 libros
1036 5000 1411 5064 distributum,
1432 4998 1530 5054 sed
1550 4999 1622 5053 ita
1641 4997 1868 5055 utﬁnito

270 5099 448 5166 primo
479 5096 626 5150 libro
657 5094 857 5148 veteris
879 5094 1238 5161 Tcstamenti,
1271 5093 1433 5159 alter,
1465 5090 1562 5163 qui
1591 5091 1860 5160 sequitur,

271 5189 487 5243 dicatur
515 5187 727 5257 primus
754 5185 894 5240 liber
919 5186 1044 5240 novi
1075 5184 1432 5250 Testamenti,
1467 5194 1524 5239 et
1556 5182 1630 5238 ita
1652 5198 1751 5238 suo
1773 5197 1866 5238 or-

272 5281 398 5337 dine
454 5279 702 5350 reliqui,
760 5278 1078 5347 secundus,
1140 5278 1374 5344 tertius,
1426 5288 1672 5348 quartus.
1737 5275 1870 5332 Post

273 5389 496 5429 carmen
525 5371 720 5441 incipit
751 5370 984 5441 epistola
1016 5371 1300 5435 Aratoris,
1339 5368 1428 5425 vel
1458 5368 1639 5440 potius
1678 5367 1869 5423 titulus

275 5468 697 5536 epistoltemam
724 5463 922 5521 desunt
947 5465 1099 5535 plura
1124 5465 1176 5519 in
1202 5465 1307 5520 hoc
1328 5464 1541 5532 codice,
1568 5475 1626 5519 ut
1647 5479 1716 5520 ex
1740 5473 1867 5519 nota

280 5561 509 5633 margini
551 5559 762 5629 adjecta
808 5559 1103 5630 colligitur,
1136 5574 1239 5629 qua
1287 5558 1542 5629 iubemur
1591 5557 1874 5629 requirere

281 5655 333 5712 in
381 5657 489 5712 hoc
538 5654 816 5710 volumine
860 5654 1093 5725 elegiam
1143 5653 1347 5709 Sedulii
1381 5663 1504 5724 post
1528 5654 1815 5709 Aratorem
1857 5669 1871 5706 :

278 5749 373 5804 sed
403 5747 750 5805 desideratur
783 5757 930 5802 totus
986 5751 1204 5812 Arator,
1236 5759 1293 5802 et
1343 5749 1514 5819 elegia
1557 5757 1612 5804 et
1640 5749 1876 5821 hymnus

283 5839 508 5909 Sedulii,
544 5840 663 5909 qui,
697 5849 756 5894 ut
789 5849 937 5910 puto,
965 5841 1155 5911 elegiae
1183 5841 1530 5900 succedebat.
1564 5841 1754 5898 Solum
1791 5857 1880 5897 re-

1961 1902 2238 1958 Belisarii.
2267 1902 2380 1958 Etsi
2410 1912 2593 1958 autem
2622 1902 2742 1956 haec
2768 1902 2950 1957 omnia
2971 1901 3026 1955 in
3053 1900 3199 1956 hunc
3218 1901 3397 1958 locum
3427 1915 3561 1957 con-

1956 1995 2108 2066 jecta
2151 2005 2297 2063 sunt,
2343 2011 2454 2051 non
2497 1995 2718 2052 dubium
2765 2003 2852 2051 est
2892 2003 3096 2061 tamen,
3136 1993 3268 2065 quin
3311 1993 3379 2049 ad
3432 1993 3558 2049 libri

1961 2093 2183 2147 initium
2233 2093 2576 2162 potissimum
2605 2093 2936 2164 pertineant.
2978 2092 3358 2164 Exscriptores
3411 2093 3556 2148 enim

1961 2201 2112 2256 saepe
2140 2186 2194 2241 in
2227 2186 2333 2241 ﬁne
2356 2186 2539 2256 operis
2570 2185 2844 2240 addebant
2869 2202 2990 2257 qua:
3023 2186 3076 2241 in
3127 2185 3249 2241 aliis
3277 2185 3559 2242 codicibus

1961 2276 2110 2334 forte
2135 2287 2479 2348 repererant,
2524 2294 2702 2350 neque
2730 2278 2845 2336 suis
2875 2280 2931 2334 in
2961 2279 3098 2334 locis
3129 2291 3438 2351 opportune
3485 2279 3562 2334 in-

1961 2386 2154 2430 serere
2183 2381 2496 2443 potuerant.
2545 2372 2717 2428 Porro
2745 2372 2834 2428 hic
2875 2371 3047 2428 codex
3076 2372 3130 2428 in
3176 2387 3293 2427 var.
3325 2373 3451 2429 lect.
3480 2373 3561 2427 sic

1962 2467 2244 2523 notabitur
2273 2467 2406 2542 Reg.
2444 2484 2484 2536 ι,
2519 2467 2774 2524 nimirum
2802 2467 2976 2524 codex
3005 2465 3306 2524 Vaticanus
3353 2469 3559 2540 reginae

1962 2561 2260 2617 Succorum
2287 2561 2518 2632 primus.

2039 2651 2127 2706 67.
2179 2652 2234 2707 ln
2288 2653 2478 2709 eadem
2529 2653 2858 2710 bibliotheca
2919 2655 3122 2726 reginae
3171 2654 3345 2711 codex
3413 2654 3552 2722 300,

1963 2747 2411 2803 membranaceus
2457 2748 2664 2817 in-fol.,
2718 2748 2940 2805 exhibet
2960 2748 3271 2816 Aratorem,
3296 2756 3351 2804 et
3382 2749 3558 2806 Sedu-

1963 2839 2117 2906 lium,
2143 2851 2198 2894 et
2227 2841 2517 2897 nonnullos
2543 2857 2735 2898 versus
2765 2851 2886 2913 post
2914 2842 3214 2900 Sedulium.
3249 2843 3385 2899 Sunt
3411 2843 3560 2913 glos-

1961 2949 2059 3002 ste,
2096 2936 2234 2990 tituli
2281 2937 2521 3008 capitum
2567 2937 2733 2993 minio
2778 2939 2974 3005 notati,
3022 2938 3344 3011 diphthongi
3393 2955 3459 3008 te,
3509 2956 3558 3006 ε,

1961 3028 2350 3100 orthographia
2397 3031 2706 3104 dampnare,
2753 3031 3050 3104 adgredior,
3102 3032 3399 3101 istoricum,
3453 3033 3557 3086 clo-

1962 3124 2106 3192 dum,
2125 3125 2454 3198 sollempnia,
2477 3127 2723 3193 inradiat,
2747 3144 2958 3198 ymnus.
2984 3127 3131 3183 Ordo
3153 3128 3210 3183 in
3239 3127 3343 3182 hoc
3369 3127 3560 3183 codice

1960 3227 2046 3273 est
2097 3219 2325 3289 epistola
2381 3219 2447 3273 ad
2503 3219 2903 3289 Macedonium,
2953 3221 3212 3294 prologus
3260 3221 3556 3289 metricus,

1962 3311 2248 3368 Paschales
2270 3328 2492 3368 carmen
2519 3311 2631 3386 ﬂ
2657 3314 2709 3370 in
2737 3315 2975 3385 quinque
3000 3315 3170 3371 libros
3203 3314 3436 3370 divisum
3466 3329 3563 3370 eo-

1960 3405 2087 3461 dem
2119 3405 2281 3461 modo
2323 3417 2487 3477 atque
2516 3406 2569 3460 in
2598 3406 2731 3478 Reg.
2765 3407 2818 3476 1,
2849 3407 3045 3478 elegia,
3073 3406 3336 3479 hymnus,
3364 3407 3409 3461 Α
3437 3406 3563 3461 solis

1962 3510 2126 3567 ortus,
2159 3509 2215 3556 et
2259 3514 2448 3556 versus
2487 3499 2782 3559 acrostichi
2823 3500 3026 3556 Liberii
3057 3508 3114 3556 et
3140 3499 3409 3567 Belisarii,
3441 3500 3564 3555 sine

1964 3594 2075 3648 ulla
2099 3592 2484 3664 inscriptione.
2508 3594 2970 3660 Montfauconius,
2988 3593 3132 3650 Bibl.
3160 3609 3290 3650 mss.
3325 3609 3447 3665 pag.
3469 3593 3558 3659 52,

1962 3689 2072 3744 col.
2103 3689 2160 3754 2,
2219 3687 2362 3742 inter
2414 3701 2546 3742 mss.
2600 3688 2806 3757 regium
2834 3686 3047 3743 Sueciae
3092 3685 3262 3742 refert
3314 3685 3562 3742 codicem

1964 3782 2128 3848 1687,
2161 3781 2309 3836 Arati
2336 3783 2496 3855 (lege
2525 3781 2818 3854 Aratoris),
2853 3790 2901 3836 et
2941 3779 3146 3838 Sedulii
3175 3782 3430 3848 carmina,
3473 3780 3566 3850 qui

1963 3877 2199 3932 fortasse
2224 3892 2334 3931 non
2364 3885 2450 3932 est
2477 3875 2728 3932 diversus
2750 3891 2780 3931 a
2802 3884 3012 3931 nostro.
3046 3875 3144 3930 Hic
3166 3875 3336 3932 codex
3365 3876 3422 3931 in
3449 3890 3566 3930 var.

1968 3969 2097 4026 lect.
2131 3978 2217 4024 est
2236 3968 2369 4041 Reg.
2401 3970 2458 4023 2.

2039 4063 2130 4118 68.
2160 4060 2380 4117 Tertius
2403 4061 2580 4118 codex
2603 4062 2831 4132 reginae,
2864 4075 2973 4132 quo
3000 4061 3224 4128 utimur,
3257 4075 3410 4115 num.
3436 4059 3564 4125 166,

1966 4154 2097 4211 olim
2129 4154 2288 4220 1594,
2309 4153 2456 4209 iii—8°
2481 4155 2956 4219 membranaceus,
2986 4163 3113 4224 post
3133 4153 3390 4222 epistolas
3408 4167 3570 4223 quas-

1967 4248 2093 4304 dam
2124 4246 2353 4313 Sidonii,
2384 4255 2440 4302 et
2469 4245 2733 4300 nonnulla
2764 4245 2897 4311 alia,
2923 4245 3247 4302 charactere
3276 4245 3572 4316 antiquiori

1969 4341 2206 4397 fortasse
2231 4339 2420 4396 saeculi
2446 4355 2504 4407 x,
2539 4337 2699 4394 ollert
2728 4338 2888 4393 nobis
2918 4338 3204 4408 epistolam
3231 4337 3299 4393 ad
3323 4337 3574 4394 Macedo-

1969 4433 2119 4490 nium
2150 4449 2275 4489 cum
2326 4432 2552 4504 glossis,
2585 4442 2639 4488 et
2687 4441 2814 4488 nota
2863 4431 2919 4486 in
2965 4431 3075 4487 ﬁne
3122 4431 3405 4502 epistolae:
3458 4431 3573 4486 Hoc

1971 4545 2100 4602 Opus
2132 4527 2401 4593 Sedulius,
2433 4536 2538 4583 etc.
2569 4526 2829 4599 Sequitur
2869 4525 3083 4580 initium
3124 4525 3574 4599 Psychomachite

1973 4621 2280 4689 Prudentii,
2311 4630 2366 4676 et
2393 4621 2638 4676 nonnulli
2673 4635 2868 4676 versus
2898 4635 2966 4675 ex
2993 4619 3102 4676 line
3127 4619 3254 4675 libri
3279 4635 3312 4674 ν
3341 4619 3572 4677 Sedulii.

1974 4715 2217 4773 Subinde
2243 4715 2439 4786 elegia,
2469 4712 2744 4770 Cantemus
2765 4756 2781 4781 ,
2816 4723 2870 4769 et
2896 4712 3108 4768 initium
3143 4712 3353 4787 hymni,
3383 4713 3427 4768 A
3449 4713 3573 4769 solis

1975 4820 2136 4864 ortus.
2186 4809 2323 4864 Huic
2369 4808 2584 4876 codici,
2634 4822 2760 4863 cum
2806 4807 3161 4879 allegabitur,
3215 4823 3414 4864 nomen
3472 4808 3579 4864 erit

1977 4903 2107 4975 Reg.
2141 4904 2193 4958 5.

2049 4997 2137 5052 69.
2170 4995 2425 5067 Ejusdem
2469 4994 2814 5051 bibliothecae
2840 4996 3046 5067 regina:
3073 5004 3158 5052 est
3193 4994 3367 5052 codex
3398 5009 3577 5050 mem-

1974 5090 2279 5145 branaceus
2305 5089 2459 5144 in-.1°
2491 5105 2643 5143 num.
2677 5087 2838 5156 1560,
2882 5104 2994 5160 quo
3027 5091 3182 5160 plura
3213 5103 3378 5159 opera
3404 5089 3578 5144 conti-

1977 5194 2199 5249 nentur,
2238 5181 2447 5238 scilicet
2469 5180 2603 5236 Cato
2633 5182 2995 5253 phi1050phus
3025 5180 3412 5253 (Dionysius),
3447 5182 3576 5252 Epi-

1977 5276 2113 5332 Stola
2141 5273 2346 5332 Sedulii
2384 5274 2452 5330 ad
2472 5273 2846 5330 Macedoniam
2882 5275 3001 5330 sine
3037 5273 3339 5346 principio:
3381 5275 3583 5332 desunt

1981 5377 2103 5440 post
2123 5367 2628 5440 epistolamLaliquot
2641 5368 2789 5435 folia,
2814 5375 2869 5423 et
2895 5367 3089 5436 incipit
3115 5380 3309 5438 poema
3342 5366 3574 5435 Sedulii,

1979 5478 2007 5516 a
2038 5477 2180 5517 vers.
2213 5463 2309 5517 121
2335 5461 2456 5517 libri
2485 5477 2540 5516 1:
2568 5459 2704 5516 Loth
2735 5458 3071 5531 Sodomazjet
3099 5459 3302 5516 desinit
3338 5460 3392 5514 in
3424 5473 3573 5516 vers.

1979 5557 2169 5614 ultimo
2192 5555 2315 5611 libri
2349 5572 2386 5611 ιι
2411 5573 2424 5608 :
2453 5555 2559 5611 Ora
2590 5554 2722 5626 lupi.
2751 5556 2884 5623 Quae
2910 5554 2976 5609 ad
3002 5553 3282 5609 Sedulium
3307 5563 3578 5623 spectant,

1980 5650 2293 5705 charactere
2317 5648 2692 5718 antiquissimo
2727 5646 2927 5716 scripta
2956 5654 3101 5711 sunt,
3135 5655 3188 5700 et
3217 5645 3283 5698 ad
3316 5646 3576 5702 saeculum

1983 5759 2076 5798 vm
2098 5742 2344 5799 revocari
2369 5750 2598 5815 possunt
2622 5759 2634 5794 :
2664 5739 2768 5794 alia
2794 5738 3120 5794 recentioris
3143 5736 3322 5792 mtatis
3347 5750 3492 5805 sunt,
3523 5747 3584 5795 ut

1983 5853 2141 5908 opus.
2193 5835 2337 5906 quod
2382 5835 2649 5906 sequitur,
2691 5832 2790 5886 Ars
2833 5829 3044 5896 Phoceu,
3097 5840 3152 5886 et
3178 5828 3326 5883 aliud
3373 5829 3578 5888 deinde
