  <div class='ocr_page' id='page_1' title='image "/cluster/home/n/w/nwhite01/storage/ocr_20150623/19/hvd.32044015471345/239.png"; bbox 0 0 4060 6320; ppageno 0'>
   <div class='ocr_carea' id='block_1_1' title="bbox 514 255 612 310">
    <p class='ocr_par' dir='ltr' id='par_1_1' title="bbox 514 255 612 310">
     <span class='ocr_line' id='line_1_1' title="bbox 514 255 612 310; baseline 0.02 -2"><span class='ocrx_word' id='word_1_1' title='bbox 514 255 612 310; x_wconf 77' lang='grc'><strong>471</strong></span> 
     </span>
    </p>
   </div>
   <div class='ocr_carea' id='block_1_2' title="bbox 1803 240 2485 304">
    <p class='ocr_par' dir='ltr' id='par_1_2' title="bbox 1803 240 2485 304">
     <span class='ocr_line' id='line_1_2' title="bbox 1803 240 2485 304; baseline 0.001 -1"><span class='ocrx_word' id='word_1_2' title='bbox 1803 243 2086 303; x_wconf 79' lang='lat' dir='ltr'><strong>C(ELIUS</strong></span> <span class='ocrx_word' id='word_1_3' title='bbox 2122 240 2485 304; x_wconf 83' lang='lat' dir='ltr'><strong>SEDULIUS.</strong></span> 
     </span>
    </p>
   </div>
   <div class='ocr_carea' id='block_1_3' title="bbox 3693 251 3798 311">
    <p class='ocr_par' dir='ltr' id='par_1_3' title="bbox 3693 251 3798 311">
     <span class='ocr_line' id='line_1_3' title="bbox 3693 251 3798 311; baseline -0.038 -1"><span class='ocrx_word' id='word_1_4' title='bbox 3693 251 3798 311; x_wconf 67' lang='grc' dir='ltr'><strong>4η</strong></span> 
     </span>
    </p>
   </div>
   <div class='ocr_carea' id='block_1_4' title="bbox 520 362 3798 444">
    <p class='ocr_par' dir='ltr' id='par_1_4' title="bbox 520 362 3798 444">
     <span class='ocr_line' id='line_1_4' title="bbox 520 362 3798 444; baseline 0 -18"><span class='ocrx_word' id='word_1_5' title='bbox 520 373 766 442; x_wconf 81' lang='lat' dir='ltr'><strong>quamvis</strong></span> <span class='ocrx_word' id='word_1_6' title='bbox 790 373 938 428; x_wconf 92' lang='lat' dir='ltr'><strong>locus</strong></span> <span class='ocrx_word' id='word_1_7' title='bbox 963 385 1167 426; x_wconf 88' lang='lat' dir='ltr'><strong>vacuus</strong></span> <span class='ocrx_word' id='word_1_8' title='bbox 1195 369 1416 425; x_wconf 89' lang='lat' dir='ltr'><strong>relictus</strong></span> <span class='ocrx_word' id='word_1_9' title='bbox 1447 366 1633 423; x_wconf 87' lang='lat' dir='ltr'><strong>fuerit.</strong></span> <span class='ocrx_word' id='word_1_10' title='bbox 1660 365 1769 439; x_wconf 80' lang='lat'><strong>50</strong></span> <span class='ocrx_word' id='word_1_11' title='bbox 1818 363 1950 421; x_wconf 89' lang='lat' dir='ltr'><strong>Post</strong></span> <span class='ocrx_word' id='word_1_12' title='bbox 1978 377 2098 419; x_wconf 92' lang='lat' dir='ltr'><strong>car-</strong></span> <span class='ocrx_word' id='word_1_13' title='bbox 2125 365 2179 425; x_wconf 80' lang='grc' dir='ltr'>Α</span> <span class='ocrx_word' id='word_1_14' title='bbox 2203 362 2402 433; x_wconf 77' lang='lat' dir='ltr'><strong>elegia,</strong></span> <span class='ocrx_word' id='word_1_15' title='bbox 2434 362 2734 434; x_wconf 81' lang='lat' dir='ltr'><strong>Cantemus,</strong></span> <span class='ocrx_word' id='word_1_16' title='bbox 2762 382 2866 439; x_wconf 92' lang='lat' dir='ltr'><strong>qua</strong></span> <span class='ocrx_word' id='word_1_17' title='bbox 2903 367 3056 424; x_wconf 85' lang='lat' dir='ltr'><strong>llnita</strong></span> <span class='ocrx_word' id='word_1_18' title='bbox 3086 387 3099 424; x_wconf 91' lang='lat'>:</span> <span class='ocrx_word' id='word_1_19' title='bbox 3125 368 3322 442; x_wconf 76' lang='lat' dir='ltr'><strong>Incipit</strong></span> <span class='ocrx_word' id='word_1_20' title='bbox 3343 371 3566 444; x_wconf 81' lang='lat' dir='ltr'><strong>hymnus</strong></span> <span class='ocrx_word' id='word_1_21' title='bbox 3595 371 3798 429; x_wconf 87' lang='lat' dir='ltr'><strong>Sedulii</strong></span> 
     </span>
    </p>
   </div>
   <div class='ocr_carea' id='block_1_5' title="bbox 512 459 2092 536">
    <p class='ocr_par' dir='ltr' id='par_1_5' title="bbox 512 459 2092 536">
     <span class='ocr_line' id='line_1_5' title="bbox 512 459 2092 536; baseline -0.005 -15"><span class='ocrx_word' id='word_1_22' title='bbox 512 481 638 522; x_wconf 90' lang='lat' dir='ltr'><strong>men</strong></span> <span class='ocrx_word' id='word_1_23' title='bbox 664 466 917 536; x_wconf 83' lang='lat' dir='ltr'><strong>paschale</strong></span> <span class='ocrx_word' id='word_1_24' title='bbox 946 475 1030 520; x_wconf 90' lang='lat' dir='ltr'><strong>est</strong></span> <span class='ocrx_word' id='word_1_25' title='bbox 1051 464 1222 535; x_wconf 79' lang='lat' dir='ltr'><strong>elegia</strong></span> <span class='ocrx_word' id='word_1_26' title='bbox 1245 463 1541 531; x_wconf 74' lang='lat' dir='ltr'><strong>Cantemus,</strong></span> <span class='ocrx_word' id='word_1_27' title='bbox 1558 462 1676 518; x_wconf 89' lang='lat' dir='ltr'><strong>sine</strong></span> <span class='ocrx_word' id='word_1_28' title='bbox 1694 459 2053 530; x_wconf 80' lang='lat' dir='ltr'><strong>inscriptione</strong></span> <span class='ocrx_word' id='word_1_29' title='bbox 2078 474 2092 512; x_wconf 90' lang='lat'><strong>:</strong></span> 
     </span>
    </p>
   </div>
   <div class='ocr_carea' id='block_1_6' title="bbox 513 551 2099 628">
    <p class='ocr_par' dir='ltr' id='par_1_6' title="bbox 513 551 2099 628">
     <span class='ocr_line' id='line_1_6' title="bbox 513 551 2099 628; baseline -0.006 -15"><span class='ocrx_word' id='word_1_30' title='bbox 513 568 636 626; x_wconf 85' lang='lat' dir='ltr'><strong>post</strong></span> <span class='ocrx_word' id='word_1_31' title='bbox 665 558 916 628; x_wconf 83' lang='lat' dir='ltr'><strong>elegiam,</strong></span> <span class='ocrx_word' id='word_1_32' title='bbox 957 556 1207 623; x_wconf 76' lang='lat' dir='ltr'><strong>Explicit.</strong></span> <span class='ocrx_word' id='word_1_33' title='bbox 1238 554 1346 610; x_wconf 88' lang='lat' dir='ltr'><strong>Iste</strong></span> <span class='ocrx_word' id='word_1_34' title='bbox 1367 555 1496 610; x_wconf 85' lang='lat' dir='ltr'><strong>liber</strong></span> <span class='ocrx_word' id='word_1_35' title='bbox 1527 565 1607 610; x_wconf 86' lang='lat' dir='ltr'><strong>est</strong></span> <span class='ocrx_word' id='word_1_36' title='bbox 1641 554 1702 609; x_wconf 92' lang='lat' dir='ltr'><strong>S.</strong></span> <span class='ocrx_word' id='word_1_37' title='bbox 1733 552 1945 624; x_wconf 84' lang='lat' dir='ltr'><strong>Georgii</strong></span> <span class='ocrx_word' id='word_1_38' title='bbox 1979 551 2099 606; x_wconf 83' lang='lat' dir='ltr'><strong>Ma-</strong></span> 
     </span>
    </p>
   </div>
   <div class='ocr_carea' id='block_1_7' title="bbox 497 647 2100 722">
    <p class='ocr_par' dir='ltr' id='par_1_7' title="bbox 497 647 2100 722">
     <span class='ocr_line' id='line_1_7' title="bbox 497 647 2100 722; baseline -0.005 -16"><span class='ocrx_word' id='word_1_39' title='bbox 497 653 660 721; x_wconf 86' lang='lat' dir='ltr'><strong>joris,</strong></span> <span class='ocrx_word' id='word_1_40' title='bbox 683 664 788 707; x_wconf 85' lang='lat' dir='ltr'><strong>etc.</strong></span> <span class='ocrx_word' id='word_1_41' title='bbox 825 650 1176 707; x_wconf 89' lang='lat' dir='ltr'><strong>Desideratur</strong></span> <span class='ocrx_word' id='word_1_42' title='bbox 1204 650 1466 722; x_wconf 87' lang='lat' dir='ltr'><strong>hymnus,</strong></span> <span class='ocrx_word' id='word_1_43' title='bbox 1502 650 1544 702; x_wconf 86' lang='grc' dir='ltr'><em>Α</em></span> <span class='ocrx_word' id='word_1_44' title='bbox 1572 647 1698 704; x_wconf 87' lang='lat' dir='ltr'><strong>solis</strong></span> <span class='ocrx_word' id='word_1_45' title='bbox 1719 656 1888 712; x_wconf 87' lang='lat' dir='ltr'><strong>ortus,</strong></span> <span class='ocrx_word' id='word_1_46' title='bbox 1913 655 1968 699; x_wconf 88' lang='lat' dir='ltr'><strong>et</strong></span> <span class='ocrx_word' id='word_1_47' title='bbox 1993 661 2100 699; x_wconf 73' lang='lat' dir='ltr'><strong>ca:-</strong></span> 
     </span>
    </p>
   </div>
   <div class='ocr_carea' id='block_1_8' title="bbox 512 739 2095 815">
    <p class='ocr_par' dir='ltr' id='par_1_8' title="bbox 512 739 2095 815">
     <span class='ocr_line' id='line_1_8' title="bbox 512 739 2095 815; baseline -0.004 -15"><span class='ocrx_word' id='word_1_48' title='bbox 512 758 624 800; x_wconf 91' lang='lat' dir='ltr'><strong>tcra</strong></span> <span class='ocrx_word' id='word_1_49' title='bbox 649 747 831 802; x_wconf 86' lang='lat' dir='ltr'><strong>omnia</strong></span> <span class='ocrx_word' id='word_1_50' title='bbox 862 761 983 815; x_wconf 68' lang='lat' dir='ltr'><strong>qua:</strong></span> <span class='ocrx_word' id='word_1_51' title='bbox 1006 745 1059 799; x_wconf 92' lang='lat' dir='ltr'><strong>in</strong></span> <span class='ocrx_word' id='word_1_52' title='bbox 1093 745 1215 799; x_wconf 90' lang='lat' dir='ltr'><strong>aliis</strong></span> <span class='ocrx_word' id='word_1_53' title='bbox 1239 743 1522 799; x_wconf 88' lang='lat' dir='ltr'><strong>codicibus</strong></span> <span class='ocrx_word' id='word_1_54' title='bbox 1570 741 1765 797; x_wconf 87' lang='lat' dir='ltr'><strong>adesse</strong></span> <span class='ocrx_word' id='word_1_55' title='bbox 1810 741 2010 795; x_wconf 78' lang='lat' dir='ltr'><strong>solent.</strong></span> <span class='ocrx_word' id='word_1_56' title='bbox 2039 739 2095 794; x_wconf 83' lang='lat' dir='ltr'><strong>In</strong></span> 
     </span>
    </p>
   </div>
   <div class='ocr_carea' id='block_1_9' title="bbox 512 834 2098 903">
    <p class='ocr_par' dir='ltr' id='par_1_9' title="bbox 512 834 2098 903">
     <span class='ocr_line' id='line_1_9' title="bbox 512 834 2098 903; baseline -0.004 -11"><span class='ocrx_word' id='word_1_57' title='bbox 512 839 655 893; x_wconf 88' lang='lat' dir='ltr'><strong>notis</strong></span> <span class='ocrx_word' id='word_1_58' title='bbox 681 838 747 893; x_wconf 91' lang='lat' dir='ltr'><strong>ad</strong></span> <span class='ocrx_word' id='word_1_59' title='bbox 769 837 1064 894; x_wconf 87' lang='lat' dir='ltr'><strong>Juvencum</strong></span> <span class='ocrx_word' id='word_1_60' title='bbox 1090 837 1240 892; x_wconf 86' lang='lat' dir='ltr'><strong>Rom.</strong></span> <span class='ocrx_word' id='word_1_61' title='bbox 1269 835 1457 891; x_wconf 90' lang='lat' dir='ltr'><strong>vocavi</strong></span> <span class='ocrx_word' id='word_1_62' title='bbox 1480 835 1626 890; x_wconf 90' lang='lat' dir='ltr'><strong>hunc</strong></span> <span class='ocrx_word' id='word_1_63' title='bbox 1651 834 1918 900; x_wconf 88' lang='lat' dir='ltr'><strong>codicem,</strong></span> <span class='ocrx_word' id='word_1_64' title='bbox 1935 842 2098 903; x_wconf 87' lang='lat' dir='ltr'><strong>atque</strong></span> 
     </span>
    </p>
   </div>
   <div class='ocr_carea' id='block_1_10' title="bbox 513 928 1326 1002">
    <p class='ocr_par' dir='ltr' id='par_1_10' title="bbox 513 928 1326 1002">
     <span class='ocr_line' id='line_1_10' title="bbox 513 928 1326 1002; baseline -0.004 -19"><span class='ocrx_word' id='word_1_65' title='bbox 513 931 584 984; x_wconf 88' lang='lat' dir='ltr'><strong>ita</strong></span> <span class='ocrx_word' id='word_1_66' title='bbox 614 945 828 1002; x_wconf 89' lang='lat' dir='ltr'><strong>quoque</strong></span> <span class='ocrx_word' id='word_1_67' title='bbox 853 947 994 985; x_wconf 89' lang='lat' dir='ltr'><strong>nunc</strong></span> <span class='ocrx_word' id='word_1_68' title='bbox 1018 928 1326 998; x_wconf 79' lang='lat' dir='ltr'><strong>appellabo.</strong></span> 
     </span>
    </p>
   </div>
   <div class='ocr_carea' id='block_1_11' title="bbox 587 1019 2097 1094">
    <p class='ocr_par' dir='ltr' id='par_1_11' title="bbox 587 1019 2097 1094">
     <span class='ocr_line' id='line_1_11' title="bbox 587 1019 2097 1094; baseline -0.002 -16"><span class='ocrx_word' id='word_1_69' title='bbox 587 1024 670 1078; x_wconf 77' lang='lat'><strong>79.</strong></span> <span class='ocrx_word' id='word_1_70' title='bbox 727 1023 785 1078; x_wconf 89' lang='lat' dir='ltr'><strong>In</strong></span> <span class='ocrx_word' id='word_1_71' title='bbox 813 1023 1140 1080; x_wconf 85' lang='lat' dir='ltr'><strong>Bibliothec.</strong></span> <span class='ocrx_word' id='word_1_72' title='bbox 1169 1023 1428 1094; x_wconf 89' lang='lat' dir='ltr'><strong>Angelica</strong></span> <span class='ocrx_word' id='word_1_73' title='bbox 1489 1023 1674 1077; x_wconf 82' lang='lat' dir='ltr'><strong>Romae</strong></span> <span class='ocrx_word' id='word_1_74' title='bbox 1705 1030 1884 1076; x_wconf 80' lang='lat' dir='ltr'><strong>exstat</strong></span> <span class='ocrx_word' id='word_1_75' title='bbox 1924 1019 2097 1076; x_wconf 82' lang='lat' dir='ltr'><strong>codex</strong></span> 
     </span>
    </p>
   </div>
   <div class='ocr_carea' id='block_1_12' title="bbox 513 1113 2097 1187">
    <p class='ocr_par' dir='ltr' id='par_1_12' title="bbox 513 1113 2097 1187">
     <span class='ocr_line' id='line_1_12' title="bbox 513 1113 2097 1187; baseline -0.001 -17"><span class='ocrx_word' id='word_1_76' title='bbox 513 1132 612 1171; x_wconf 90' lang='lat' dir='ltr'><strong>ms.</strong></span> <span class='ocrx_word' id='word_1_77' title='bbox 649 1117 998 1183; x_wconf 88' lang='lat' dir='ltr'><strong>chartaceus,</strong></span> <span class='ocrx_word' id='word_1_78' title='bbox 1031 1133 1190 1187; x_wconf 84' lang='lat' dir='ltr'><strong>quem</strong></span> <span class='ocrx_word' id='word_1_79' title='bbox 1220 1116 1491 1187; x_wconf 90' lang='lat' dir='ltr'><strong>descripsi</strong></span> <span class='ocrx_word' id='word_1_80' title='bbox 1518 1118 1569 1171; x_wconf 92' lang='lat' dir='ltr'><strong>in</strong></span> <span class='ocrx_word' id='word_1_81' title='bbox 1595 1116 1805 1186; x_wconf 89' lang='lat' dir='ltr'><strong>Proleg.</strong></span> <span class='ocrx_word' id='word_1_82' title='bbox 1849 1114 1914 1169; x_wconf 92' lang='lat' dir='ltr'><strong>ad</strong></span> <span class='ocrx_word' id='word_1_83' title='bbox 1963 1113 2097 1168; x_wconf 77' lang='lat' dir='ltr'><strong>Pru~</strong></span> 
     </span>
    </p>
   </div>
   <div class='ocr_carea' id='block_1_13' title="bbox 510 1209 2096 1281">
    <p class='ocr_par' dir='ltr' id='par_1_13' title="bbox 510 1209 2096 1281">
     <span class='ocr_line' id='line_1_13' title="bbox 510 1209 2096 1281; baseline -0.001 -19"><span class='ocrx_word' id='word_1_84' title='bbox 510 1210 774 1276; x_wconf 89' lang='lat' dir='ltr'><strong>dentium,</strong></span> <span class='ocrx_word' id='word_1_85' title='bbox 808 1226 959 1264; x_wconf 93' lang='lat' dir='ltr'><strong>num.</strong></span> <span class='ocrx_word' id='word_1_86' title='bbox 995 1209 1083 1265; x_wconf 86' lang='lat'><strong>76.</strong></span> <span class='ocrx_word' id='word_1_87' title='bbox 1142 1211 1271 1266; x_wconf 86' lang='lat' dir='ltr'><strong>Post</strong></span> <span class='ocrx_word' id='word_1_88' title='bbox 1299 1211 1524 1281; x_wconf 80' lang='lat' dir='ltr'><strong>elegiam</strong></span> <span class='ocrx_word' id='word_1_89' title='bbox 1557 1209 1624 1264; x_wconf 90' lang='lat' dir='ltr'><strong>de</strong></span> <span class='ocrx_word' id='word_1_90' title='bbox 1673 1209 2096 1264; x_wconf 85' lang='lat' dir='ltr'><strong>Resurrectione</strong></span> 
     </span>
    </p>
   </div>
   <div class='ocr_carea' id='block_1_14' title="bbox 507 1303 2094 1375">
    <p class='ocr_par' dir='ltr' id='par_1_14' title="bbox 507 1303 2094 1375">
     <span class='ocr_line' id='line_1_14' title="bbox 507 1303 2094 1375; baseline 0 -19"><span class='ocrx_word' id='word_1_91' title='bbox 507 1303 606 1357; x_wconf 88' lang='lat' dir='ltr'><strong>sub</strong></span> <span class='ocrx_word' id='word_1_92' title='bbox 647 1303 912 1358; x_wconf 78' lang='lat' dir='ltr'><strong>Lactantii</strong></span> <span class='ocrx_word' id='word_1_93' title='bbox 971 1305 1190 1359; x_wconf 90' lang='lat' dir='ltr'><strong>nomine</strong></span> <span class='ocrx_word' id='word_1_94' title='bbox 1213 1306 1462 1375; x_wconf 89' lang='lat' dir='ltr'><strong>sequitur</strong></span> <span class='ocrx_word' id='word_1_95' title='bbox 1508 1304 1763 1373; x_wconf 86' lang='lat' dir='ltr'><strong>prologus</strong></span> <span class='ocrx_word' id='word_1_96' title='bbox 1811 1304 2094 1367; x_wconf 91' lang='lat' dir='ltr'><strong>metricus,</strong></span> 
     </span>
    </p>
   </div>
   <div class='ocr_carea' id='block_1_15' title="bbox 508 1394 2093 1466">
    <p class='ocr_par' dir='ltr' id='par_1_15' title="bbox 508 1394 2093 1466">
     <span class='ocr_line' id='line_1_15' title="bbox 508 1394 2093 1466; baseline 0.001 -16"><span class='ocrx_word' id='word_1_97' title='bbox 508 1394 714 1451; x_wconf 90' lang='lat' dir='ltr'><strong>Sedulii</strong></span> <span class='ocrx_word' id='word_1_98' title='bbox 739 1396 1044 1464; x_wconf 85' lang='lat' dir='ltr'><strong>Pascltales,</strong></span> <span class='ocrx_word' id='word_1_99' title='bbox 1079 1400 1197 1454; x_wconf 89' lang='lat' dir='ltr'><strong>sine</strong></span> <span class='ocrx_word' id='word_1_100' title='bbox 1228 1399 1338 1453; x_wconf 91' lang='lat' dir='ltr'><strong>ullo</strong></span> <span class='ocrx_word' id='word_1_101' title='bbox 1365 1399 1546 1464; x_wconf 88' lang='lat' dir='ltr'><strong>titulo,</strong></span> <span class='ocrx_word' id='word_1_102' title='bbox 1580 1409 1691 1452; x_wconf 92' lang='lat' dir='ltr'><strong>tum</strong></span> <span class='ocrx_word' id='word_1_103' title='bbox 1724 1412 1944 1452; x_wconf 81' lang='lat' dir='ltr'><strong>carmen</strong></span> <span class='ocrx_word' id='word_1_104' title='bbox 1996 1412 2093 1466; x_wconf 90' lang='lat' dir='ltr'><strong>pa-</strong></span> 
     </span>
    </p>
   </div>
   <div class='ocr_carea' id='block_1_16' title="bbox 507 1491 2096 1563">
    <p class='ocr_par' dir='ltr' id='par_1_16' title="bbox 507 1491 2096 1563">
     <span class='ocr_line' id='line_1_16' title="bbox 507 1491 2096 1563; baseline -0.001 -17"><span class='ocrx_word' id='word_1_105' title='bbox 507 1491 691 1546; x_wconf 86' lang='lat' dir='ltr'><strong>schale</strong></span> <span class='ocrx_word' id='word_1_106' title='bbox 717 1494 770 1547; x_wconf 90' lang='lat' dir='ltr'><strong>in</strong></span> <span class='ocrx_word' id='word_1_107' title='bbox 793 1505 1023 1563; x_wconf 87' lang='lat' dir='ltr'><strong>quatuor</strong></span> <span class='ocrx_word' id='word_1_108' title='bbox 1051 1495 1218 1548; x_wconf 89' lang='lat' dir='ltr'><strong>libros</strong></span> <span class='ocrx_word' id='word_1_109' title='bbox 1249 1493 1504 1556; x_wconf 88' lang='lat' dir='ltr'><strong>divisum,</strong></span> <span class='ocrx_word' id='word_1_110' title='bbox 1538 1503 1596 1548; x_wconf 93' lang='lat' dir='ltr'><strong>ut</strong></span> <span class='ocrx_word' id='word_1_111' title='bbox 1622 1496 1674 1546; x_wconf 92' lang='lat' dir='ltr'><strong>in</strong></span> <span class='ocrx_word' id='word_1_112' title='bbox 1711 1493 1836 1548; x_wconf 92' lang='lat' dir='ltr'><strong>aliis</strong></span> <span class='ocrx_word' id='word_1_113' title='bbox 1861 1493 2096 1548; x_wconf 88' lang='lat' dir='ltr'><strong>recenti-</strong></span> 
     </span>
    </p>
   </div>
   <div class='ocr_carea' id='block_1_17' title="bbox 506 1583 2094 1657">
    <p class='ocr_par' dir='ltr' id='par_1_17' title="bbox 506 1583 2094 1657">
     <span class='ocr_line' id='line_1_17' title="bbox 506 1583 2094 1657; baseline 0.001 -20"><span class='ocrx_word' id='word_1_114' title='bbox 506 1583 612 1638; x_wconf 86' lang='lat' dir='ltr'><strong>bus</strong></span> <span class='ocrx_word' id='word_1_115' title='bbox 635 1585 935 1648; x_wconf 84' lang='lat' dir='ltr'><strong>codicibus,</strong></span> <span class='ocrx_word' id='word_1_116' title='bbox 961 1601 1025 1641; x_wconf 89' lang='lat' dir='ltr'><strong>ac</strong></span> <span class='ocrx_word' id='word_1_117' title='bbox 1052 1585 1291 1655; x_wconf 91' lang='lat' dir='ltr'><strong>denique</strong></span> <span class='ocrx_word' id='word_1_118' title='bbox 1327 1587 1498 1657; x_wconf 78' lang='lat' dir='ltr'><strong>elegia</strong></span> <span class='ocrx_word' id='word_1_119' title='bbox 1529 1583 1828 1651; x_wconf 85' lang='lat' dir='ltr'><strong>Cantemus,</strong></span> <span class='ocrx_word' id='word_1_120' title='bbox 1861 1585 1982 1640; x_wconf 91' lang='lat' dir='ltr'><strong>sine</strong></span> <span class='ocrx_word' id='word_1_121' title='bbox 2009 1584 2094 1638; x_wconf 87' lang='lat' dir='ltr'><strong>in—</strong></span> 
     </span>
    </p>
   </div>
   <div class='ocr_carea' id='block_1_18' title="bbox 504 1677 2095 1748">
    <p class='ocr_par' dir='ltr' id='par_1_18' title="bbox 504 1677 2095 1748">
     <span class='ocr_line' id='line_1_18' title="bbox 504 1677 2095 1748; baseline 0 -16"><span class='ocrx_word' id='word_1_122' title='bbox 504 1677 830 1746; x_wconf 83' lang='lat' dir='ltr'><strong>scriptione,</strong></span> <span class='ocrx_word' id='word_1_123' title='bbox 863 1693 924 1732; x_wconf 92' lang='lat' dir='ltr'><strong>ac</strong></span> <span class='ocrx_word' id='word_1_124' title='bbox 945 1679 1118 1732; x_wconf 91' lang='lat' dir='ltr'><strong>solum</strong></span> <span class='ocrx_word' id='word_1_125' title='bbox 1154 1688 1278 1748; x_wconf 87' lang='lat' dir='ltr'><strong>post</strong></span> <span class='ocrx_word' id='word_1_126' title='bbox 1302 1679 1550 1733; x_wconf 90' lang='lat' dir='ltr'><strong>ultimum</strong></span> <span class='ocrx_word' id='word_1_127' title='bbox 1587 1694 1801 1734; x_wconf 90' lang='lat' dir='ltr'><strong>versum</strong></span> <span class='ocrx_word' id='word_1_128' title='bbox 1835 1679 2095 1733; x_wconf 87' lang='lat' dir='ltr'><strong>carminis</strong></span> 
     </span>
    </p>
   </div>
   <div class='ocr_carea' id='block_1_19' title="bbox 2202 455 3800 528">
    <p class='ocr_par' dir='ltr' id='par_1_19' title="bbox 2202 455 3800 528">
     <span class='ocr_line' id='line_1_19' title="bbox 2202 455 3800 528; baseline 0.008 -20"><span class='ocrx_word' id='word_1_129' title='bbox 2202 455 2508 526; x_wconf 81' lang='lat' dir='ltr'><strong>presbyteri,</strong></span> <span class='ocrx_word' id='word_1_130' title='bbox 2543 472 2739 528; x_wconf 88' lang='lat' dir='ltr'><strong>nempe</strong></span> <span class='ocrx_word' id='word_1_131' title='bbox 2769 459 2811 512; x_wconf 79' lang='grc' dir='ltr'>Α</span> <span class='ocrx_word' id='word_1_132' title='bbox 2837 459 2964 516; x_wconf 78' lang='lat' dir='ltr'><strong>solis</strong></span> <span class='ocrx_word' id='word_1_133' title='bbox 2989 469 3154 516; x_wconf 86' lang='lat' dir='ltr'><strong>ortus.</strong></span> <span class='ocrx_word' id='word_1_134' title='bbox 3187 461 3340 521; x_wconf 85' lang='lat' dir='ltr'><strong>Hunc</strong></span> <span class='ocrx_word' id='word_1_135' title='bbox 3364 463 3614 522; x_wconf 82' lang='lat' dir='ltr'><strong>codicem</strong></span> <span class='ocrx_word' id='word_1_136' title='bbox 3638 464 3800 520; x_wconf 84' lang='lat' dir='ltr'><strong>Alba-</strong></span> 
     </span>
    </p>
   </div>
   <div class='ocr_carea' id='block_1_20' title="bbox 2203 545 2904 613">
    <p class='ocr_par' dir='ltr' id='par_1_20' title="bbox 2203 545 2904 613">
     <span class='ocr_line' id='line_1_20' title="bbox 2203 545 2904 613; baseline 0.006 -13"><span class='ocrx_word' id='word_1_137' title='bbox 2203 545 2373 613; x_wconf 86' lang='lat' dir='ltr'><strong>nium,</strong></span> <span class='ocrx_word' id='word_1_138' title='bbox 2403 547 2525 602; x_wconf 83' lang='lat' dir='ltr'><strong>sive</strong></span> <span class='ocrx_word' id='word_1_139' title='bbox 2555 548 2674 604; x_wconf 80' lang='lat' dir='ltr'><strong>Alb.</strong></span> <span class='ocrx_word' id='word_1_140' title='bbox 2704 548 2904 606; x_wconf 91' lang='lat' dir='ltr'><strong>dicam.</strong></span> 
     </span>
    </p>
   </div>
   <div class='ocr_carea' id='block_1_21' title="bbox 2274 641 3800 722">
    <p class='ocr_par' dir='ltr' id='par_1_21' title="bbox 2274 641 3800 722">
     <span class='ocr_line' id='line_1_21' title="bbox 2274 641 3800 722; baseline 0.009 -27"><span class='ocrx_word' id='word_1_141' title='bbox 2274 641 2363 696; x_wconf 90' lang='grc'><strong>81.</strong></span> <span class='ocrx_word' id='word_1_142' title='bbox 2396 641 2647 699; x_wconf 82' lang='lat' dir='ltr'><strong>Referam</strong></span> <span class='ocrx_word' id='word_1_143' title='bbox 2693 661 2836 702; x_wconf 92' lang='lat' dir='ltr'><strong>nunc</strong></span> <span class='ocrx_word' id='word_1_144' title='bbox 2882 647 3097 704; x_wconf 89' lang='lat' dir='ltr'><strong>codices</strong></span> <span class='ocrx_word' id='word_1_145' title='bbox 3128 663 3286 718; x_wconf 91' lang='lat' dir='ltr'><strong>mss.,</strong></span> <span class='ocrx_word' id='word_1_146' title='bbox 3316 665 3453 722; x_wconf 89' lang='lat' dir='ltr'><strong>quos</strong></span> <span class='ocrx_word' id='word_1_147' title='bbox 3491 652 3545 706; x_wconf 93' lang='lat' dir='ltr'><strong>in</strong></span> <span class='ocrx_word' id='word_1_148' title='bbox 3575 667 3674 708; x_wconf 92' lang='lat' dir='ltr'><strong>sua</strong></span> <span class='ocrx_word' id='word_1_149' title='bbox 3703 651 3800 709; x_wconf 85' lang='lat' dir='ltr'><strong>Se-</strong></span> 
     </span>
    </p>
   </div>
   <div class='ocr_carea' id='block_1_22' title="bbox 2201 733 3802 804">
    <p class='ocr_par' dir='ltr' id='par_1_22' title="bbox 2201 733 3802 804">
     <span class='ocr_line' id='line_1_22' title="bbox 2201 733 3802 804; baseline 0.009 -17"><span class='ocrx_word' id='word_1_150' title='bbox 2201 733 2332 790; x_wconf 91' lang='lat' dir='ltr'><strong>dulii</strong></span> <span class='ocrx_word' id='word_1_151' title='bbox 2382 735 2621 794; x_wconf 90' lang='lat' dir='ltr'><strong>editione</strong></span> <span class='ocrx_word' id='word_1_152' title='bbox 2650 739 2899 796; x_wconf 89' lang='lat' dir='ltr'><strong>adhibuit</strong></span> <span class='ocrx_word' id='word_1_153' title='bbox 2927 740 3276 800; x_wconf 86' lang='lat' dir='ltr'><strong>Arntzenius.</strong></span> <span class='ocrx_word' id='word_1_154' title='bbox 3331 744 3576 800; x_wconf 88' lang='lat' dir='ltr'><strong>Primum</strong></span> <span class='ocrx_word' id='word_1_155' title='bbox 3619 746 3802 804; x_wconf 90' lang='lat' dir='ltr'><strong>laudat</strong></span> 
     </span>
    </p>
   </div>
   <div class='ocr_carea' id='block_1_23' title="bbox 2201 828 3796 915">
    <p class='ocr_par' dir='ltr' id='par_1_23' title="bbox 2201 828 3796 915">
     <span class='ocr_line' id='line_1_23' title="bbox 2201 828 3796 915; baseline 0.009 -32"><span class='ocrx_word' id='word_1_156' title='bbox 2201 828 2444 885; x_wconf 92' lang='lat' dir='ltr'><strong>codicem</strong></span> <span class='ocrx_word' id='word_1_157' title='bbox 2476 835 2717 902; x_wconf 90' lang='lat' dir='ltr'><strong>parentis</strong></span> <span class='ocrx_word' id='word_1_158' title='bbox 2767 841 2870 902; x_wconf 90' lang='lat' dir='ltr'><strong>sui,</strong></span> <span class='ocrx_word' id='word_1_159' title='bbox 2924 853 3086 907; x_wconf 88' lang='lat' dir='ltr'><strong>quem</strong></span> <span class='ocrx_word' id='word_1_160' title='bbox 3132 839 3180 893; x_wconf 91' lang='lat' dir='ltr'><strong>is</strong></span> <span class='ocrx_word' id='word_1_161' title='bbox 3223 839 3290 894; x_wconf 91' lang='lat' dir='ltr'><strong>ad</strong></span> <span class='ocrx_word' id='word_1_162' title='bbox 3336 839 3494 895; x_wconf 87' lang='lat' dir='ltr'><strong>Plinii</strong></span> <span class='ocrx_word' id='word_1_163' title='bbox 3534 841 3796 915; x_wconf 83' lang='lat' dir='ltr'><strong>Panegyr.</strong></span> 
     </span>
    </p>
   </div>
   <div class='ocr_carea' id='block_1_24' title="bbox 2201 924 3800 1004">
    <p class='ocr_par' dir='ltr' id='par_1_24' title="bbox 2201 924 3800 1004">
     <span class='ocr_line' id='line_1_24' title="bbox 2201 924 3800 1004; baseline 0.008 -27"><span class='ocrx_word' id='word_1_164' title='bbox 2201 939 2331 989; x_wconf 84' lang='lat' dir='ltr'><strong>xxv,</strong></span> <span class='ocrx_word' id='word_1_165' title='bbox 2363 924 2419 991; x_wconf 84' lang='lat'><strong>5,</strong></span> <span class='ocrx_word' id='word_1_166' title='bbox 2461 939 2514 980; x_wconf 92' lang='lat' dir='ltr'><strong>et</strong></span> <span class='ocrx_word' id='word_1_167' title='bbox 2546 943 2670 982; x_wconf 86' lang='lat' dir='ltr'><strong>xux</strong></span> <span class='ocrx_word' id='word_1_168' title='bbox 2696 970 2711 993; x_wconf 87' lang='lat'><strong>,</strong></span> <span class='ocrx_word' id='word_1_169' title='bbox 2738 929 2771 984; x_wconf 89' lang='lat'><strong>8</strong></span> <span class='ocrx_word' id='word_1_170' title='bbox 2797 971 2812 996; x_wconf 94' lang='lat'><strong>,</strong></span> <span class='ocrx_word' id='word_1_171' title='bbox 2838 930 3076 1000; x_wconf 86' lang='lat' dir='ltr'><strong>appellat</strong></span> <span class='ocrx_word' id='word_1_172' title='bbox 3103 932 3371 1004; x_wconf 86' lang='lat' dir='ltr'><strong>antiquum</strong></span> <span class='ocrx_word' id='word_1_173' title='bbox 3393 975 3409 1000; x_wconf 93' lang='lat'><strong>,</strong></span> <span class='ocrx_word' id='word_1_174' title='bbox 3441 943 3498 990; x_wconf 90' lang='lat' dir='ltr'><strong>et</strong></span> <span class='ocrx_word' id='word_1_175' title='bbox 3524 934 3800 990; x_wconf 69' lang='lat' dir='ltr'><strong>laudandae</strong></span> 
     </span>
    </p>
   </div>
   <div class='ocr_carea' id='block_1_25' title="bbox 2199 1023 3800 1086">
    <p class='ocr_par' dir='ltr' id='par_1_25' title="bbox 2199 1023 3800 1086">
     <span class='ocr_line' id='line_1_25' title="bbox 2199 1023 3800 1086; baseline 0.009 -14"><span class='ocrx_word' id='word_1_176' title='bbox 2199 1023 2464 1075; x_wconf 80' lang='lat' dir='ltr'><strong>uetustatis</strong></span> <span class='ocrx_word' id='word_1_177' title='bbox 2503 1024 2848 1078; x_wconf 79' lang='lat' dir='ltr'><strong>membranas.</strong></span> <span class='ocrx_word' id='word_1_178' title='bbox 2899 1024 3081 1081; x_wconf 88' lang='lat' dir='ltr'><strong>Codex</strong></span> <span class='ocrx_word' id='word_1_179' title='bbox 3110 1026 3197 1082; x_wconf 92' lang='lat' dir='ltr'><strong>hic</strong></span> <span class='ocrx_word' id='word_1_180' title='bbox 3223 1027 3677 1085; x_wconf 81' lang='lat' dir='ltr'><strong>membranaceus</strong></span> <span class='ocrx_word' id='word_1_181' title='bbox 3703 1030 3800 1086; x_wconf 89' lang='lat' dir='ltr'><strong>mi-</strong></span> 
     </span>
    </p>
   </div>
   <div class='ocr_carea' id='block_1_26' title="bbox 2200 1113 3797 1193">
    <p class='ocr_par' dir='ltr' id='par_1_26' title="bbox 2200 1113 3797 1193">
     <span class='ocr_line' id='line_1_26' title="bbox 2200 1113 3797 1193; baseline 0.008 -27"><span class='ocrx_word' id='word_1_182' title='bbox 2200 1113 2318 1168; x_wconf 90' lang='lat' dir='ltr'><strong>nori</strong></span> <span class='ocrx_word' id='word_1_183' title='bbox 2351 1113 2522 1169; x_wconf 81' lang='lat' dir='ltr'><strong>forma</strong></span> <span class='ocrx_word' id='word_1_184' title='bbox 2553 1116 2868 1172; x_wconf 90' lang='lat' dir='ltr'><strong>continebat</strong></span> <span class='ocrx_word' id='word_1_185' title='bbox 2887 1117 3092 1174; x_wconf 88' lang='lat' dir='ltr'><strong>Sedulii</strong></span> <span class='ocrx_word' id='word_1_186' title='bbox 3122 1134 3338 1176; x_wconf 90' lang='lat' dir='ltr'><strong>carmen</strong></span> <span class='ocrx_word' id='word_1_187' title='bbox 3369 1122 3655 1193; x_wconf 85' lang='lat' dir='ltr'><strong>paschale,</strong></span> <span class='ocrx_word' id='word_1_188' title='bbox 3684 1124 3797 1192; x_wconf 86' lang='lat' dir='ltr'><strong>epi-</strong></span> 
     </span>
    </p>
   </div>
   <div class='ocr_carea' id='block_1_27' title="bbox 2197 1207 3791 1284">
    <p class='ocr_par' dir='ltr' id='par_1_27' title="bbox 2197 1207 3791 1284">
     <span class='ocr_line' id='line_1_27' title="bbox 2197 1207 3791 1284; baseline 0.007 -26"><span class='ocrx_word' id='word_1_189' title='bbox 2197 1221 2441 1277; x_wconf 88' lang='lat' dir='ltr'><strong>gramma</strong></span> <span class='ocrx_word' id='word_1_190' title='bbox 2468 1207 2692 1272; x_wconf 87' lang='lat' dir='ltr'><strong>Asterii,</strong></span> <span class='ocrx_word' id='word_1_191' title='bbox 2712 1220 2766 1262; x_wconf 94' lang='lat' dir='ltr'><strong>et</strong></span> <span class='ocrx_word' id='word_1_192' title='bbox 2791 1208 3048 1280; x_wconf 88' lang='lat' dir='ltr'><strong>hymnum</strong></span> <span class='ocrx_word' id='word_1_193' title='bbox 3079 1214 3102 1267; x_wconf 92' lang='grc'><strong>1</strong></span> <span class='ocrx_word' id='word_1_194' title='bbox 3133 1211 3364 1280; x_wconf 86' lang='lat' dir='ltr'><strong>Sedulii,</strong></span> <span class='ocrx_word' id='word_1_195' title='bbox 3393 1213 3509 1270; x_wconf 84' lang='lat' dir='ltr'><strong>sive</strong></span> <span class='ocrx_word' id='word_1_196' title='bbox 3530 1213 3791 1284; x_wconf 89' lang='lat' dir='ltr'><strong>Elegiam,</strong></span> 
     </span>
    </p>
   </div>
   <div class='ocr_carea' id='block_1_28' title="bbox 2201 1299 3796 1374">
    <p class='ocr_par' dir='ltr' id='par_1_28' title="bbox 2201 1299 3796 1374">
     <span class='ocr_line' id='line_1_28' title="bbox 2201 1299 3796 1374; baseline 0.006 -20"><span class='ocrx_word' id='word_1_197' title='bbox 2201 1299 2490 1356; x_wconf 82' lang='lat' dir='ltr'><strong>Cantemus.</strong></span> <span class='ocrx_word' id='word_1_198' title='bbox 2525 1301 2752 1374; x_wconf 85' lang='lat' dir='ltr'><strong>Reliqua</strong></span> <span class='ocrx_word' id='word_1_199' title='bbox 2783 1303 3029 1360; x_wconf 88' lang='lat' dir='ltr'><strong>deerant.</strong></span> <span class='ocrx_word' id='word_1_200' title='bbox 3075 1307 3119 1361; x_wconf 87' lang='lat' dir='ltr'><strong>A</strong></span> <span class='ocrx_word' id='word_1_201' title='bbox 3165 1306 3328 1363; x_wconf 89' lang='lat' dir='ltr'><strong>Petro</strong></span> <span class='ocrx_word' id='word_1_202' title='bbox 3355 1307 3670 1363; x_wconf 86' lang='lat' dir='ltr'><strong>Burmanno</strong></span> <span class='ocrx_word' id='word_1_203' title='bbox 3701 1307 3796 1363; x_wconf 83' lang='lat' dir='ltr'><strong>Se-</strong></span> 
     </span>
    </p>
   </div>
   <div class='ocr_carea' id='block_1_29' title="bbox 2199 1391 3797 1462">
    <p class='ocr_par' dir='ltr' id='par_1_29' title="bbox 2199 1391 3797 1462">
     <span class='ocr_line' id='line_1_29' title="bbox 2199 1391 3797 1462; baseline 0.007 -17"><span class='ocrx_word' id='word_1_204' title='bbox 2199 1391 2378 1446; x_wconf 82' lang='lat' dir='ltr'><strong>cundo</strong></span> <span class='ocrx_word' id='word_1_205' title='bbox 2398 1392 2608 1462; x_wconf 91' lang='lat' dir='ltr'><strong>accepit</strong></span> <span class='ocrx_word' id='word_1_206' title='bbox 2630 1395 2956 1452; x_wconf 84' lang='lat' dir='ltr'><strong>Arntzenius</strong></span> <span class='ocrx_word' id='word_1_207' title='bbox 2985 1397 3227 1453; x_wconf 90' lang='lat' dir='ltr'><strong>codicem</strong></span> <span class='ocrx_word' id='word_1_208' title='bbox 3262 1399 3797 1456; x_wconf 86' lang='lat' dir='ltr'><strong>Almeloveenianum</strong></span> 
     </span>
    </p>
   </div>
   <div class='ocr_carea' id='block_1_30' title="bbox 2199 1489 3797 1564">
    <p class='ocr_par' dir='ltr' id='par_1_30' title="bbox 2199 1489 3797 1564">
     <span class='ocr_line' id='line_1_30' title="bbox 2199 1489 3797 1564; baseline 0.004 -21"><span class='ocrx_word' id='word_1_209' title='bbox 2199 1489 2423 1560; x_wconf 88' lang='lat' dir='ltr'><strong>majoris</strong></span> <span class='ocrx_word' id='word_1_210' title='bbox 2451 1491 2661 1558; x_wconf 69' lang='lat' dir='ltr'><strong>formae,</strong></span> <span class='ocrx_word' id='word_1_211' title='bbox 2693 1509 2801 1562; x_wconf 92' lang='lat' dir='ltr'><strong>quo</strong></span> <span class='ocrx_word' id='word_1_212' title='bbox 2836 1509 2965 1549; x_wconf 93' lang='lat' dir='ltr'><strong>usus</strong></span> <span class='ocrx_word' id='word_1_213' title='bbox 2994 1493 3100 1564; x_wconf 86' lang='lat' dir='ltr'><strong>jam</strong></span> <span class='ocrx_word' id='word_1_214' title='bbox 3129 1505 3287 1551; x_wconf 88' lang='lat' dir='ltr'><strong>antea</strong></span> <span class='ocrx_word' id='word_1_215' title='bbox 3317 1495 3492 1552; x_wconf 84' lang='lat' dir='ltr'><strong>luerat</strong></span> <span class='ocrx_word' id='word_1_216' title='bbox 3508 1494 3797 1562; x_wconf 84' lang='lat' dir='ltr'><strong>Cellarius,</strong></span> 
     </span>
    </p>
   </div>
   <div class='ocr_carea' id='block_1_31' title="bbox 2200 1581 3800 1660">
    <p class='ocr_par' dir='ltr' id='par_1_31' title="bbox 2200 1581 3800 1660">
     <span class='ocr_line' id='line_1_31' title="bbox 2200 1581 3800 1660; baseline 0.006 -25"><span class='ocrx_word' id='word_1_217' title='bbox 2200 1581 2270 1637; x_wconf 94' lang='lat' dir='ltr'><strong>ob</strong></span> <span class='ocrx_word' id='word_1_218' title='bbox 2308 1583 2684 1653; x_wconf 87' lang='lat' dir='ltr'><strong>antiquitatem</strong></span> <span class='ocrx_word' id='word_1_219' title='bbox 2739 1595 2793 1640; x_wconf 90' lang='lat' dir='ltr'><strong>et</strong></span> <span class='ocrx_word' id='word_1_220' title='bbox 2838 1585 3045 1640; x_wconf 83' lang='lat' dir='ltr'><strong>scholia</strong></span> <span class='ocrx_word' id='word_1_221' title='bbox 3097 1587 3345 1658; x_wconf 67' lang='lat' dir='ltr'><strong>quaedam</strong></span> <span class='ocrx_word' id='word_1_222' title='bbox 3397 1588 3800 1660; x_wconf 87' lang='lat' dir='ltr'><strong>elegantissima</strong></span> 
     </span>
    </p>
   </div>
   <div class='ocr_carea' id='block_1_32' title="bbox 2199 1677 3802 1740">
    <p class='ocr_par' dir='ltr' id='par_1_32' title="bbox 2199 1677 3802 1740">
     <span class='ocr_line' id='line_1_32' title="bbox 2199 1677 3802 1740; baseline 0.006 -11"><span class='ocrx_word' id='word_1_223' title='bbox 2199 1677 2435 1732; x_wconf 80' lang='lat' dir='ltr'><strong>maxime</strong></span> <span class='ocrx_word' id='word_1_224' title='bbox 2464 1679 2955 1735; x_wconf 88' lang='lat' dir='ltr'><strong>commendandum</strong></span> <span class='ocrx_word' id='word_1_225' title='bbox 2993 1699 3006 1735; x_wconf 91' lang='lat'><strong>:</strong></span> <span class='ocrx_word' id='word_1_226' title='bbox 3041 1682 3135 1737; x_wconf 88' lang='lat' dir='ltr'><strong>sed</strong></span> <span class='ocrx_word' id='word_1_227' title='bbox 3168 1683 3220 1736; x_wconf 92' lang='lat' dir='ltr'><strong>in</strong></span> <span class='ocrx_word' id='word_1_228' title='bbox 3252 1698 3320 1737; x_wconf 91' lang='lat' dir='ltr'><strong>eo</strong></span> <span class='ocrx_word' id='word_1_229' title='bbox 3349 1682 3802 1740; x_wconf 80' lang='lat' dir='ltr'><strong>desiderabantur</strong></span> 
     </span>
    </p>
   </div>
   <div class='ocr_carea' id='block_1_33' title="bbox 504 1763 3800 1846">
    <p class='ocr_par' dir='ltr' id='par_1_33' title="bbox 504 1763 3800 1846">
     <span class='ocr_line' id='line_1_33' title="bbox 504 1763 3800 1846; baseline 0.002 -22"><span class='ocrx_word' id='word_1_230' title='bbox 504 1769 778 1840; x_wconf 89' lang='lat' dir='ltr'><strong>paschalis</strong></span> <span class='ocrx_word' id='word_1_231' title='bbox 807 1771 1021 1842; x_wconf 83' lang='lat' dir='ltr'><strong>legitur,</strong></span> <span class='ocrx_word' id='word_1_232' title='bbox 1052 1769 1281 1838; x_wconf 76' lang='lat' dir='ltr'><strong>Explicit</strong></span> <span class='ocrx_word' id='word_1_233' title='bbox 1313 1772 1438 1826; x_wconf 81' lang='lat' dir='ltr'><strong>liber</strong></span> <span class='ocrx_word' id='word_1_234' title='bbox 1462 1770 1688 1826; x_wconf 80' lang='lat' dir='ltr'><strong>Sedulii.</strong></span> <span class='ocrx_word' id='word_1_235' title='bbox 1715 1770 1853 1827; x_wconf 86' lang='lat' dir='ltr'><strong>Sunt</strong></span> <span class='ocrx_word' id='word_1_236' title='bbox 1909 1782 2086 1825; x_wconf 90' lang='lat' dir='ltr'><strong>tamen</strong></span> <span class='ocrx_word' id='word_1_237' title='bbox 2125 1763 2171 1823; x_wconf 89' lang='lat' dir='ltr'><strong>B</strong></span> <span class='ocrx_word' id='word_1_238' title='bbox 2197 1772 2654 1837; x_wconf 79' lang='lat' dir='ltr'><strong>cunctaav.197,</strong></span> <span class='ocrx_word' id='word_1_239' title='bbox 2682 1773 2719 1826; x_wconf 94' lang='lat' dir='ltr'><strong>l.</strong></span> <span class='ocrx_word' id='word_1_240' title='bbox 2749 1770 2950 1846; x_wconf 85' lang='lat' dir='ltr'><strong>t:Cum</strong></span> <span class='ocrx_word' id='word_1_241' title='bbox 2975 1775 3310 1846; x_wconf 64' lang='lat' dir='ltr'><strong>spirante,jad</strong></span> <span class='ocrx_word' id='word_1_242' title='bbox 3328 1791 3382 1830; x_wconf 89' lang='lat' dir='ltr'><strong>v.</strong></span> <span class='ocrx_word' id='word_1_243' title='bbox 3411 1777 3496 1842; x_wconf 77' lang='grc'><strong>15,</strong></span> <span class='ocrx_word' id='word_1_244' title='bbox 3532 1776 3569 1831; x_wconf 94' lang='lat' dir='ltr'><strong>l.</strong></span> <span class='ocrx_word' id='word_1_245' title='bbox 3607 1793 3659 1832; x_wconf 85' lang='lat' dir='ltr'><strong>tv</strong></span> <span class='ocrx_word' id='word_1_246' title='bbox 3687 1794 3701 1832; x_wconf 90' lang='lat'>:</span> <span class='ocrx_word' id='word_1_247' title='bbox 3729 1775 3800 1832; x_wconf 79' lang='lat' dir='ltr'><strong>Ni</strong></span> 
     </span>
    </p>
   </div>
   <div class='ocr_carea' id='block_1_34' title="bbox 506 1863 2095 1934">
    <p class='ocr_par' dir='ltr' id='par_1_34' title="bbox 506 1863 2095 1934">
     <span class='ocr_line' id='line_1_34' title="bbox 506 1863 2095 1934; baseline 0.001 -18"><span class='ocrx_word' id='word_1_248' title='bbox 506 1863 560 1916; x_wconf 90' lang='lat' dir='ltr'><strong>in</strong></span> <span class='ocrx_word' id='word_1_249' title='bbox 593 1865 834 1917; x_wconf 85' lang='lat' dir='ltr'><strong>carmine</strong></span> <span class='ocrx_word' id='word_1_250' title='bbox 865 1865 1110 1934; x_wconf 89' lang='lat' dir='ltr'><strong>paschali</strong></span> <span class='ocrx_word' id='word_1_251' title='bbox 1134 1865 1314 1934; x_wconf 89' lang='lat' dir='ltr'><strong>capita</strong></span> <span class='ocrx_word' id='word_1_252' title='bbox 1343 1866 1460 1920; x_wconf 88' lang='lat' dir='ltr'><strong>suis</strong></span> <span class='ocrx_word' id='word_1_253' title='bbox 1484 1866 1656 1920; x_wconf 89' lang='lat' dir='ltr'><strong>titulis</strong></span> <span class='ocrx_word' id='word_1_254' title='bbox 1674 1865 1953 1920; x_wconf 89' lang='lat' dir='ltr'><strong>distincta.</strong></span> <span class='ocrx_word' id='word_1_255' title='bbox 1988 1863 2095 1919; x_wconf 59' lang='lat' dir='ltr'><strong>No.</strong></span> 
     </span>
    </p>
   </div>
   <div class='ocr_carea' id='block_1_35' title="bbox 503 1957 2096 2032">
    <p class='ocr_par' dir='ltr' id='par_1_35' title="bbox 503 1957 2096 2032">
     <span class='ocr_line' id='line_1_35' title="bbox 503 1957 2096 2032; baseline 0.003 -20"><span class='ocrx_word' id='word_1_256' title='bbox 503 1974 626 2013; x_wconf 90' lang='lat' dir='ltr'><strong>men</strong></span> <span class='ocrx_word' id='word_1_257' title='bbox 653 1959 904 2014; x_wconf 88' lang='lat' dir='ltr'><strong>monachi</strong></span> <span class='ocrx_word' id='word_1_258' title='bbox 923 1957 1304 2016; x_wconf 87' lang='lat' dir='ltr'><strong>Cisterciensis</strong></span> <span class='ocrx_word' id='word_1_259' title='bbox 1325 1961 1680 2032; x_wconf 85' lang='lat' dir='ltr'><strong>exscriptoris</strong></span> <span class='ocrx_word' id='word_1_260' title='bbox 1699 1961 1912 2016; x_wconf 90' lang='lat' dir='ltr'><strong>videtur</strong></span> <span class='ocrx_word' id='word_1_261' title='bbox 1929 1960 2096 2016; x_wconf 79' lang='lat' dir='ltr'><strong>fuisse</strong></span> 
     </span>
    </p>
   </div>
   <div class='ocr_carea' id='block_1_36' title="bbox 501 2051 2092 2120">
    <p class='ocr_par' dir='ltr' id='par_1_36' title="bbox 501 2051 2092 2120">
     <span class='ocr_line' id='line_1_36' title="bbox 501 2051 2092 2120; baseline 0.002 -16"><span class='ocrx_word' id='word_1_262' title='bbox 501 2051 756 2104; x_wconf 79' lang='lat' dir='ltr'><strong>AntOnius</strong></span> <span class='ocrx_word' id='word_1_263' title='bbox 785 2051 970 2106; x_wconf 83' lang='lat' dir='ltr'><strong>Lentos</strong></span> <span class='ocrx_word' id='word_1_264' title='bbox 994 2071 1010 2107; x_wconf 90' lang='lat'><strong><em>:</em></strong></span> <span class='ocrx_word' id='word_1_265' title='bbox 1044 2055 1281 2109; x_wconf 89' lang='lat' dir='ltr'><strong>obscure</strong></span> <span class='ocrx_word' id='word_1_266' title='bbox 1318 2055 1482 2109; x_wconf 90' lang='lat' dir='ltr'><strong>etiam</strong></span> <span class='ocrx_word' id='word_1_267' title='bbox 1527 2053 1818 2120; x_wconf 83' lang='lat' dir='ltr'><strong>indicatur,</strong></span> <span class='ocrx_word' id='word_1_268' title='bbox 1849 2053 2092 2110; x_wconf 88' lang='lat' dir='ltr'><strong>codicem</strong></span> 
     </span>
    </p>
   </div>
   <div class='ocr_carea' id='block_1_37' title="bbox 503 2145 2095 2212">
    <p class='ocr_par' dir='ltr' id='par_1_37' title="bbox 503 2145 2095 2212">
     <span class='ocr_line' id='line_1_37' title="bbox 503 2145 2095 2212; baseline 0.003 -15"><span class='ocrx_word' id='word_1_269' title='bbox 503 2145 831 2212; x_wconf 86' lang='lat' dir='ltr'><strong>pertinuisse</strong></span> <span class='ocrx_word' id='word_1_270' title='bbox 862 2145 930 2200; x_wconf 90' lang='lat' dir='ltr'><strong>ad</strong></span> <span class='ocrx_word' id='word_1_271' title='bbox 990 2148 1382 2202; x_wconf 90' lang='lat' dir='ltr'><strong>monasterium</strong></span> <span class='ocrx_word' id='word_1_272' title='bbox 1430 2147 1767 2202; x_wconf 75' lang='lat' dir='ltr'><strong>Clartevallis</strong></span> <span class='ocrx_word' id='word_1_273' title='bbox 1805 2147 2095 2203; x_wconf 85' lang='lat' dir='ltr'><strong>Mediolani</strong></span> 
     </span>
    </p>
   </div>
   <div class='ocr_carea' id='block_1_38' title="bbox 501 2238 2091 2306">
    <p class='ocr_par' dir='ltr' id='par_1_38' title="bbox 501 2238 2091 2306">
     <span class='ocr_line' id='line_1_38' title="bbox 501 2238 2091 2306; baseline 0.001 -12"><span class='ocrx_word' id='word_1_274' title='bbox 501 2238 713 2294; x_wconf 85' lang='lat' dir='ltr'><strong>ordinis</strong></span> <span class='ocrx_word' id='word_1_275' title='bbox 741 2240 1153 2306; x_wconf 85' lang='lat' dir='ltr'><strong>Cisterciensis;</strong></span> <span class='ocrx_word' id='word_1_276' title='bbox 1189 2241 1381 2296; x_wconf 68' lang='lat' dir='ltr'><strong>litterae</strong></span> <span class='ocrx_word' id='word_1_277' title='bbox 1429 2240 1576 2297; x_wconf 88' lang='lat' dir='ltr'><strong>enim</strong></span> <span class='ocrx_word' id='word_1_278' title='bbox 1608 2241 1795 2296; x_wconf 90' lang='lat' dir='ltr'><strong>multis</strong></span> <span class='ocrx_word' id='word_1_279' title='bbox 1849 2241 1900 2295; x_wconf 90' lang='lat' dir='ltr'><strong>in</strong></span> <span class='ocrx_word' id='word_1_280' title='bbox 1952 2241 2091 2298; x_wconf 87' lang='lat' dir='ltr'><strong>locis</strong></span> 
     </span>
    </p>
   </div>
   <div class='ocr_carea' id='block_1_39' title="bbox 500 2333 2090 2404">
    <p class='ocr_par' dir='ltr' id='par_1_39' title="bbox 500 2333 2090 2404">
     <span class='ocr_line' id='line_1_39' title="bbox 500 2333 2090 2404; baseline 0.003 -19"><span class='ocrx_word' id='word_1_281' title='bbox 500 2333 612 2404; x_wconf 87' lang='lat' dir='ltr'><strong>jam</strong></span> <span class='ocrx_word' id='word_1_282' title='bbox 645 2334 757 2390; x_wconf 88' lang='lat' dir='ltr'><strong>lere</strong></span> <span class='ocrx_word' id='word_1_283' title='bbox 785 2334 1302 2401; x_wconf 83' lang='lat' dir='ltr'><strong>evanuerunt.Vidi,</strong></span> <span class='ocrx_word' id='word_1_284' title='bbox 1332 2347 1386 2390; x_wconf 89' lang='lat' dir='ltr'><strong>et</strong></span> <span class='ocrx_word' id='word_1_285' title='bbox 1411 2336 1624 2390; x_wconf 83' lang='lat' dir='ltr'><strong>excussi</strong></span> <span class='ocrx_word' id='word_1_286' title='bbox 1655 2335 1798 2390; x_wconf 89' lang='lat' dir='ltr'><strong>hunc</strong></span> <span class='ocrx_word' id='word_1_287' title='bbox 1819 2335 2090 2399; x_wconf 90' lang='lat' dir='ltr'><strong>codicem,</strong></span> 
     </span>
    </p>
   </div>
   <div class='ocr_carea' id='block_1_40' title="bbox 505 2418 2093 2502">
    <p class='ocr_par' dir='ltr' id='par_1_40' title="bbox 505 2418 2093 2502">
     <span class='ocr_line' id='line_1_40' title="bbox 505 2418 2093 2502; baseline 0.002 -19"><span class='ocrx_word' id='word_1_288' title='bbox 505 2445 667 2500; x_wconf 88' lang='lat' dir='ltr'><strong>quem</strong></span> <span class='ocrx_word' id='word_1_289' title='bbox 690 2418 984 2486; x_wconf 87' lang='lat' dir='ltr'><strong>nominabo</strong></span> <span class='ocrx_word' id='word_1_290' title='bbox 1012 2429 1352 2500; x_wconf 84' lang='lat' dir='ltr'><strong>Angelicum,</strong></span> <span class='ocrx_word' id='word_1_291' title='bbox 1388 2431 1503 2486; x_wconf 87' lang='lat' dir='ltr'><strong>sive</strong></span> <span class='ocrx_word' id='word_1_292' title='bbox 1527 2431 1658 2502; x_wconf 86' lang='lat' dir='ltr'><strong>Ang.</strong></span> <span class='ocrx_word' id='word_1_293' title='bbox 1684 2431 1758 2485; x_wconf 91' lang='lat' dir='ltr'><strong>De</strong></span> <span class='ocrx_word' id='word_1_294' title='bbox 1781 2431 1889 2486; x_wconf 90' lang='lat' dir='ltr'><strong>alio</strong></span> <span class='ocrx_word' id='word_1_295' title='bbox 1906 2429 2093 2486; x_wconf 86' lang='lat' dir='ltr'><strong>codice</strong></span> 
     </span>
    </p>
   </div>
   <div class='ocr_carea' id='block_1_41' title="bbox 504 2523 2092 2597">
    <p class='ocr_par' dir='ltr' id='par_1_41' title="bbox 504 2523 2092 2597">
     <span class='ocr_line' id='line_1_41' title="bbox 504 2523 2092 2597; baseline -0.002 -17"><span class='ocrx_word' id='word_1_296' title='bbox 504 2524 859 2580; x_wconf 75' lang='lat' dir='ltr'><strong>bibliotheca:</strong></span> <span class='ocrx_word' id='word_1_297' title='bbox 889 2523 1167 2596; x_wconf 87' lang='lat' dir='ltr'><strong>Angelicae</strong></span> <span class='ocrx_word' id='word_1_298' title='bbox 1204 2525 1524 2596; x_wconf 90' lang='lat' dir='ltr'><strong>antiquiori,</strong></span> <span class='ocrx_word' id='word_1_299' title='bbox 1557 2527 1648 2597; x_wconf 92' lang='lat' dir='ltr'><strong>qui</strong></span> <span class='ocrx_word' id='word_1_300' title='bbox 1699 2525 1876 2579; x_wconf 92' lang='lat' dir='ltr'><strong>solum</strong></span> <span class='ocrx_word' id='word_1_301' title='bbox 1930 2525 2092 2580; x_wconf 90' lang='lat' dir='ltr'><strong>nobis</strong></span> 
     </span>
    </p>
   </div>
   <div class='ocr_carea' id='block_1_42' title="bbox 504 2617 2090 2687">
    <p class='ocr_par' dir='ltr' id='par_1_42' title="bbox 504 2617 2090 2687">
     <span class='ocr_line' id='line_1_42' title="bbox 504 2617 2090 2687; baseline 0.001 -14"><span class='ocrx_word' id='word_1_302' title='bbox 504 2617 726 2673; x_wconf 83' lang='lat' dir='ltr'><strong>exhibet</strong></span> <span class='ocrx_word' id='word_1_303' title='bbox 754 2633 973 2674; x_wconf 88' lang='lat' dir='ltr'><strong>carmen</strong></span> <span class='ocrx_word' id='word_1_304' title='bbox 1005 2617 1344 2674; x_wconf 81' lang='lat' dir='ltr'><strong>Romulidum</strong></span> <span class='ocrx_word' id='word_1_305' title='bbox 1375 2619 1584 2687; x_wconf 88' lang='lat' dir='ltr'><strong>ductor,</strong></span> <span class='ocrx_word' id='word_1_306' title='bbox 1613 2627 1747 2686; x_wconf 90' lang='lat' dir='ltr'><strong>etc.,</strong></span> <span class='ocrx_word' id='word_1_307' title='bbox 1780 2618 1945 2673; x_wconf 88' lang='lat' dir='ltr'><strong>verba</strong></span> <span class='ocrx_word' id='word_1_308' title='bbox 1986 2618 2090 2674; x_wconf 91' lang='lat' dir='ltr'><strong>leci</strong></span> 
     </span>
    </p>
   </div>
   <div class='ocr_carea' id='block_1_43' title="bbox 501 2711 792 2766">
    <p class='ocr_par' dir='ltr' id='par_1_43' title="bbox 501 2711 792 2766">
     <span class='ocr_line' id='line_1_43' title="bbox 501 2711 792 2766; baseline 0 -1"><span class='ocrx_word' id='word_1_309' title='bbox 501 2725 652 2766; x_wconf 89' lang='lat' dir='ltr'><strong>num.</strong></span> <span class='ocrx_word' id='word_1_310' title='bbox 703 2711 792 2766; x_wconf 81' lang='lat'><strong>57.</strong></span> 
     </span>
    </p>
   </div>
   <div class='ocr_carea' id='block_1_44' title="bbox 576 2804 2086 2874">
    <p class='ocr_par' dir='ltr' id='par_1_44' title="bbox 576 2804 2086 2874">
     <span class='ocr_line' id='line_1_44' title="bbox 576 2804 2086 2874; baseline 0.001 -14"><span class='ocrx_word' id='word_1_311' title='bbox 576 2806 665 2860; x_wconf 87' lang='lat'><strong>80.</strong></span> <span class='ocrx_word' id='word_1_312' title='bbox 712 2804 896 2858; x_wconf 93' lang='lat' dir='ltr'><strong>Alium</strong></span> <span class='ocrx_word' id='word_1_313' title='bbox 956 2804 1198 2860; x_wconf 91' lang='lat' dir='ltr'><strong>codicem</strong></span> <span class='ocrx_word' id='word_1_314' title='bbox 1241 2805 1590 2862; x_wconf 87' lang='lat' dir='ltr'><strong>chartaceum</strong></span> <span class='ocrx_word' id='word_1_315' title='bbox 1635 2806 1836 2862; x_wconf 91' lang='lat' dir='ltr'><strong>Sedulii</strong></span> <span class='ocrx_word' id='word_1_316' title='bbox 1869 2806 2086 2874; x_wconf 92' lang='lat' dir='ltr'><strong>habeo,</strong></span> 
     </span>
    </p>
   </div>
   <div class='ocr_carea' id='block_1_45' title="bbox 502 2897 2086 2970">
    <p class='ocr_par' dir='ltr' id='par_1_45' title="bbox 502 2897 2086 2970">
     <span class='ocr_line' id='line_1_45' title="bbox 502 2897 2086 2970; baseline 0.002 -17"><span class='ocrx_word' id='word_1_317' title='bbox 502 2914 663 2966; x_wconf 88' lang='lat' dir='ltr'><strong>quem</strong></span> <span class='ocrx_word' id='word_1_318' title='bbox 706 2897 837 2953; x_wconf 89' lang='lat' dir='ltr'><strong>mihi</strong></span> <span class='ocrx_word' id='word_1_319' title='bbox 872 2915 980 2954; x_wconf 92' lang='lat' dir='ltr'><strong>non</strong></span> <span class='ocrx_word' id='word_1_320' title='bbox 1011 2900 1199 2954; x_wconf 91' lang='lat' dir='ltr'><strong>multis</strong></span> <span class='ocrx_word' id='word_1_321' title='bbox 1230 2909 1356 2954; x_wconf 87' lang='lat' dir='ltr'><strong>ante</strong></span> <span class='ocrx_word' id='word_1_322' title='bbox 1403 2901 1561 2956; x_wconf 87' lang='lat' dir='ltr'><strong>annis</strong></span> <span class='ocrx_word' id='word_1_323' title='bbox 1616 2901 1948 2970; x_wconf 88' lang='lat' dir='ltr'><strong>comparavi,</strong></span> <span class='ocrx_word' id='word_1_324' title='bbox 1981 2915 2086 2956; x_wconf 69' lang='lat' dir='ltr'><strong>saa-</strong></span> 
     </span>
    </p>
   </div>
   <div class='ocr_carea' id='block_1_46' title="bbox 499 2992 2087 3063">
    <p class='ocr_par' dir='ltr' id='par_1_46' title="bbox 499 2992 2087 3063">
     <span class='ocr_line' id='line_1_46' title="bbox 499 2992 2087 3063; baseline 0.002 -17"><span class='ocrx_word' id='word_1_325' title='bbox 499 2992 627 3047; x_wconf 93' lang='lat' dir='ltr'><strong>culo</strong></span> <span class='ocrx_word' id='word_1_326' title='bbox 656 3007 726 3046; x_wconf 89' lang='lat' dir='ltr'><strong>xv</strong></span> <span class='ocrx_word' id='word_1_327' title='bbox 749 2992 975 3048; x_wconf 91' lang='lat' dir='ltr'><strong>ineunte</strong></span> <span class='ocrx_word' id='word_1_328' title='bbox 996 2994 1278 3063; x_wconf 91' lang='lat' dir='ltr'><strong>scriptum.</strong></span> <span class='ocrx_word' id='word_1_329' title='bbox 1302 2993 1570 3048; x_wconf 85' lang='lat' dir='ltr'><strong>Praecedit</strong></span> <span class='ocrx_word' id='word_1_330' title='bbox 1597 2994 1648 3048; x_wconf 94' lang='lat' dir='ltr'><strong>in</strong></span> <span class='ocrx_word' id='word_1_331' title='bbox 1676 2993 1780 3049; x_wconf 90' lang='lat' dir='ltr'><strong>hoc</strong></span> <span class='ocrx_word' id='word_1_332' title='bbox 1811 2993 2087 3049; x_wconf 88' lang='lat' dir='ltr'><strong>volumine</strong></span> 
     </span>
    </p>
   </div>
   <div class='ocr_carea' id='block_1_47' title="bbox 499 3085 2086 3158">
    <p class='ocr_par' dir='ltr' id='par_1_47' title="bbox 499 3085 2086 3158">
     <span class='ocr_line' id='line_1_47' title="bbox 499 3085 2086 3158; baseline 0.003 -18"><span class='ocrx_word' id='word_1_333' title='bbox 499 3085 743 3154; x_wconf 87' lang='lat' dir='ltr'><strong>Ovidius,</strong></span> <span class='ocrx_word' id='word_1_334' title='bbox 770 3086 833 3142; x_wconf 86' lang='lat' dir='ltr'><strong>de</strong></span> <span class='ocrx_word' id='word_1_335' title='bbox 861 3086 1108 3141; x_wconf 84' lang='lat' dir='ltr'><strong>Remedio</strong></span> <span class='ocrx_word' id='word_1_336' title='bbox 1127 3088 1340 3155; x_wconf 83' lang='lat' dir='ltr'><strong>amoris,</strong></span> <span class='ocrx_word' id='word_1_337' title='bbox 1373 3103 1497 3142; x_wconf 91' lang='lat' dir='ltr'><strong>cum</strong></span> <span class='ocrx_word' id='word_1_338' title='bbox 1525 3088 1758 3158; x_wconf 89' lang='lat' dir='ltr'><strong>glossis;</strong></span> <span class='ocrx_word' id='word_1_339' title='bbox 1794 3088 2086 3144; x_wconf 87' lang='lat' dir='ltr'><strong>Batracho-</strong></span> 
     </span>
    </p>
   </div>
   <div class='ocr_carea' id='block_1_48' title="bbox 2199 1862 3798 1942">
    <p class='ocr_par' dir='ltr' id='par_1_48' title="bbox 2199 1862 3798 1942">
     <span class='ocr_line' id='line_1_48' title="bbox 2199 1862 3798 1942; baseline 0.007 -27"><span class='ocrx_word' id='word_1_340' title='bbox 2199 1863 2414 1935; x_wconf 84' lang='lat' dir='ltr'><strong>genitor.</strong></span> <span class='ocrx_word' id='word_1_341' title='bbox 2448 1862 2669 1919; x_wconf 81' lang='lat' dir='ltr'><strong>Addidit</strong></span> <span class='ocrx_word' id='word_1_342' title='bbox 2701 1865 2842 1921; x_wconf 90' lang='lat' dir='ltr'><strong>idem</strong></span> <span class='ocrx_word' id='word_1_343' title='bbox 2877 1866 3216 1923; x_wconf 80' lang='lat' dir='ltr'><strong>Burmannus</strong></span> <span class='ocrx_word' id='word_1_344' title='bbox 3252 1867 3547 1925; x_wconf 89' lang='lat' dir='ltr'><strong>editionem</strong></span> <span class='ocrx_word' id='word_1_345' title='bbox 3582 1869 3798 1942; x_wconf 83' lang='lat' dir='ltr'><strong>Georgii</strong></span> 
     </span>
    </p>
   </div>
   <div class='ocr_carea' id='block_1_49' title="bbox 2198 1953 3798 2030">
    <p class='ocr_par' dir='ltr' id='par_1_49' title="bbox 2198 1953 3798 2030">
     <span class='ocr_line' id='line_1_49' title="bbox 2198 1953 3798 2030; baseline 0.005 -20"><span class='ocrx_word' id='word_1_346' title='bbox 2198 1953 2477 2022; x_wconf 88' lang='lat' dir='ltr'><strong>Fabricii,</strong></span> <span class='ocrx_word' id='word_1_347' title='bbox 2529 1958 2685 2027; x_wconf 90' lang='lat' dir='ltr'><strong>cujus</strong></span> <span class='ocrx_word' id='word_1_348' title='bbox 2737 1959 2972 2030; x_wconf 79' lang='lat' dir='ltr'><strong>margini</strong></span> <span class='ocrx_word' id='word_1_349' title='bbox 3018 1957 3248 2016; x_wconf 84' lang='lat' dir='ltr'><strong>Carolus</strong></span> <span class='ocrx_word' id='word_1_350' title='bbox 3275 1961 3522 2018; x_wconf 82' lang='lat' dir='ltr'><strong>Andreas</strong></span> <span class='ocrx_word' id='word_1_351' title='bbox 3555 1961 3798 2018; x_wconf 83' lang='lat' dir='ltr'><strong>Dukerus</strong></span> 
     </span>
    </p>
   </div>
   <div class='ocr_carea' id='block_1_50' title="bbox 2199 2048 3798 2121">
    <p class='ocr_par' dir='ltr' id='par_1_50' title="bbox 2199 2048 3798 2121">
     <span class='ocr_line' id='line_1_50' title="bbox 2199 2048 3798 2121; baseline 0.006 -21"><span class='ocrx_word' id='word_1_352' title='bbox 2199 2049 2470 2104; x_wconf 85' lang='lat' dir='ltr'><strong>variantes</strong></span> <span class='ocrx_word' id='word_1_353' title='bbox 2502 2048 2765 2106; x_wconf 90' lang='lat' dir='ltr'><strong>lectiones</strong></span> <span class='ocrx_word' id='word_1_354' title='bbox 2794 2066 2862 2106; x_wconf 90' lang='lat' dir='ltr'><strong>ex</strong></span> <span class='ocrx_word' id='word_1_355' title='bbox 2887 2051 3129 2108; x_wconf 88' lang='lat' dir='ltr'><strong>editione</strong></span> <span class='ocrx_word' id='word_1_356' title='bbox 3158 2052 3467 2121; x_wconf 85' lang='lat' dir='ltr'><strong>Parrhasii,</strong></span> <span class='ocrx_word' id='word_1_357' title='bbox 3499 2062 3558 2108; x_wconf 90' lang='lat' dir='ltr'><strong>et</strong></span> <span class='ocrx_word' id='word_1_358' title='bbox 3583 2055 3798 2110; x_wconf 87' lang='lat' dir='ltr'><strong>schedis</strong></span> 
     </span>
    </p>
   </div>
   <div class='ocr_carea' id='block_1_51' title="bbox 2198 2140 3798 2216">
    <p class='ocr_par' dir='ltr' id='par_1_51' title="bbox 2198 2140 3798 2216">
     <span class='ocr_line' id='line_1_51' title="bbox 2198 2140 3798 2216; baseline 0.003 -21"><span class='ocrx_word' id='word_1_359' title='bbox 2198 2140 2510 2209; x_wconf 90' lang='lat' dir='ltr'><strong>Pulmanui,</strong></span> <span class='ocrx_word' id='word_1_360' title='bbox 2550 2141 2664 2198; x_wconf 87' lang='lat' dir='ltr'><strong>sive</strong></span> <span class='ocrx_word' id='word_1_361' title='bbox 2694 2143 3036 2210; x_wconf 89' lang='lat' dir='ltr'><strong>Poelmanni,</strong></span> <span class='ocrx_word' id='word_1_362' title='bbox 3068 2146 3430 2216; x_wconf 89' lang='lat' dir='ltr'><strong>ascripserat:</strong></span> <span class='ocrx_word' id='word_1_363' title='bbox 3464 2162 3588 2216; x_wconf 63' lang='lat' dir='ltr'><strong>qua:</strong></span> <span class='ocrx_word' id='word_1_364' title='bbox 3614 2146 3798 2203; x_wconf 84' lang='lat' dir='ltr'><strong>Fabri-</strong></span> 
     </span>
    </p>
   </div>
   <div class='ocr_carea' id='block_1_52' title="bbox 2196 2233 3794 2307">
    <p class='ocr_par' dir='ltr' id='par_1_52' title="bbox 2196 2233 3794 2307">
     <span class='ocr_line' id='line_1_52' title="bbox 2196 2233 3794 2307; baseline 0.006 -21"><span class='ocrx_word' id='word_1_365' title='bbox 2196 2234 2268 2287; x_wconf 93' lang='lat' dir='ltr'><strong>cii</strong></span> <span class='ocrx_word' id='word_1_366' title='bbox 2296 2233 2464 2288; x_wconf 88' lang='lat' dir='ltr'><strong>editio</strong></span> <span class='ocrx_word' id='word_1_367' title='bbox 2492 2237 2545 2289; x_wconf 92' lang='lat' dir='ltr'><strong>in</strong></span> <span class='ocrx_word' id='word_1_368' title='bbox 2591 2235 2848 2307; x_wconf 85' lang='lat' dir='ltr'><strong>Catalogo</strong></span> <span class='ocrx_word' id='word_1_369' title='bbox 2892 2236 3238 2294; x_wconf 80' lang='lat' dir='ltr'><strong>bibliothecae</strong></span> <span class='ocrx_word' id='word_1_370' title='bbox 3273 2237 3597 2295; x_wconf 76' lang='lat' dir='ltr'><strong>Dukeriana:</strong></span> <span class='ocrx_word' id='word_1_371' title='bbox 3636 2239 3794 2306; x_wconf 46' lang='lat' dir='ltr'><strong>in.4°,</strong></span> 
     </span>
    </p>
   </div>
   <div class='ocr_carea' id='block_1_53' title="bbox 2196 2325 3794 2393">
    <p class='ocr_par' dir='ltr' id='par_1_53' title="bbox 2196 2325 3794 2393">
     <span class='ocr_line' id='line_1_53' title="bbox 2196 2325 3794 2393; baseline 0.006 -13"><span class='ocrx_word' id='word_1_372' title='bbox 2196 2341 2346 2380; x_wconf 92' lang='lat' dir='ltr'><strong>num.</strong></span> <span class='ocrx_word' id='word_1_373' title='bbox 2393 2325 2536 2393; x_wconf 76' lang='lat'><strong>571,</strong></span> <span class='ocrx_word' id='word_1_374' title='bbox 2590 2341 2948 2386; x_wconf 90' lang='lat' dir='ltr'><strong>memoratur.</strong></span> <span class='ocrx_word' id='word_1_375' title='bbox 2999 2330 3289 2389; x_wconf 90' lang='lat' dir='ltr'><strong>Lectiones</strong></span> <span class='ocrx_word' id='word_1_376' title='bbox 3331 2335 3496 2389; x_wconf 65' lang='lat' dir='ltr'><strong>variae</strong></span> <span class='ocrx_word' id='word_1_377' title='bbox 3543 2334 3598 2389; x_wconf 91' lang='lat' dir='ltr'><strong>in</strong></span> <span class='ocrx_word' id='word_1_378' title='bbox 3646 2334 3794 2391; x_wconf 65' lang='lat' dir='ltr'><strong>Poelo</strong></span> 
     </span>
    </p>
   </div>
   <div class='ocr_carea' id='block_1_54' title="bbox 2195 2419 3797 2498">
    <p class='ocr_par' dir='ltr' id='par_1_54' title="bbox 2195 2419 3797 2498">
     <span class='ocr_line' id='line_1_54' title="bbox 2195 2419 3797 2498; baseline 0.007 -26"><span class='ocrx_word' id='word_1_379' title='bbox 2195 2421 2379 2474; x_wconf 87' lang='lat' dir='ltr'><strong>manui</strong></span> <span class='ocrx_word' id='word_1_380' title='bbox 2423 2419 2640 2476; x_wconf 90' lang='lat' dir='ltr'><strong>schedis</strong></span> <span class='ocrx_word' id='word_1_381' title='bbox 2691 2422 2989 2479; x_wconf 89' lang='lat' dir='ltr'><strong>Arntzenio</strong></span> <span class='ocrx_word' id='word_1_382' title='bbox 3013 2425 3273 2481; x_wconf 87' lang='lat' dir='ltr'><strong>videntur</strong></span> <span class='ocrx_word' id='word_1_383' title='bbox 3302 2441 3369 2482; x_wconf 90' lang='lat' dir='ltr'><strong>ex</strong></span> <span class='ocrx_word' id='word_1_384' title='bbox 3416 2443 3522 2483; x_wconf 91' lang='lat' dir='ltr'><strong>ms.</strong></span> <span class='ocrx_word' id='word_1_385' title='bbox 3549 2427 3797 2498; x_wconf 85' lang='lat' dir='ltr'><strong>deprom-</strong></span> 
     </span>
    </p>
   </div>
   <div class='ocr_carea' id='block_1_55' title="bbox 2195 2514 3795 2589">
    <p class='ocr_par' dir='ltr' id='par_1_55' title="bbox 2195 2514 3795 2589">
     <span class='ocr_line' id='line_1_55' title="bbox 2195 2514 3795 2589; baseline 0.009 -25"><span class='ocrx_word' id='word_1_386' title='bbox 2195 2521 2340 2582; x_wconf 60' lang='lat' dir='ltr'><strong>ptas:</strong></span> <span class='ocrx_word' id='word_1_387' title='bbox 2375 2528 2497 2568; x_wconf 92' lang='lat' dir='ltr'><strong>nam</strong></span> <span class='ocrx_word' id='word_1_388' title='bbox 2521 2514 2816 2586; x_wconf 90' lang='lat' dir='ltr'><strong>aliquando</strong></span> <span class='ocrx_word' id='word_1_389' title='bbox 2847 2517 2900 2572; x_wconf 92' lang='lat' dir='ltr'><strong>id</strong></span> <span class='ocrx_word' id='word_1_390' title='bbox 2924 2517 3128 2573; x_wconf 90' lang='lat' dir='ltr'><strong>indicat</strong></span> <span class='ocrx_word' id='word_1_391' title='bbox 3154 2520 3272 2588; x_wconf 91' lang='lat' dir='ltr'><strong>ipse</strong></span> <span class='ocrx_word' id='word_1_392' title='bbox 3303 2519 3692 2589; x_wconf 86' lang='lat' dir='ltr'><strong>Poelmannus,</strong></span> <span class='ocrx_word' id='word_1_393' title='bbox 3743 2535 3795 2578; x_wconf 92' lang='lat' dir='ltr'><strong>ut</strong></span> 
     </span>
    </p>
   </div>
   <div class='ocr_carea' id='block_1_56' title="bbox 2195 2604 3796 2686">
    <p class='ocr_par' dir='ltr' id='par_1_56' title="bbox 2195 2604 3796 2686">
     <span class='ocr_line' id='line_1_56' title="bbox 2195 2604 3796 2686; baseline 0.009 -28"><span class='ocrx_word' id='word_1_394' title='bbox 2195 2604 2261 2660; x_wconf 90' lang='lat' dir='ltr'><strong>ad</strong></span> <span class='ocrx_word' id='word_1_395' title='bbox 2288 2621 2339 2659; x_wconf 92' lang='lat' dir='ltr'><strong>v.</strong></span> <span class='ocrx_word' id='word_1_396' title='bbox 2363 2607 2488 2671; x_wconf 70' lang='lat'><strong>276,</strong></span> <span class='ocrx_word' id='word_1_397' title='bbox 2519 2607 2558 2660; x_wconf 92' lang='lat' dir='ltr'><strong>l.</strong></span> <span class='ocrx_word' id='word_1_398' title='bbox 2587 2623 2638 2662; x_wconf 91' lang='lat' dir='ltr'><strong>v.</strong></span> <span class='ocrx_word' id='word_1_399' title='bbox 2671 2609 2951 2674; x_wconf 89' lang='lat' dir='ltr'><strong>Daumius,</strong></span> <span class='ocrx_word' id='word_1_400' title='bbox 2976 2610 3068 2681; x_wconf 91' lang='lat' dir='ltr'><strong>qui</strong></span> <span class='ocrx_word' id='word_1_401' title='bbox 3094 2618 3151 2666; x_wconf 89' lang='lat' dir='ltr'><strong>et</strong></span> <span class='ocrx_word' id='word_1_402' title='bbox 3175 2612 3290 2682; x_wconf 90' lang='lat' dir='ltr'><strong>ipse</strong></span> <span class='ocrx_word' id='word_1_403' title='bbox 3309 2611 3650 2670; x_wconf 88' lang='lat' dir='ltr'><strong>christianos</strong></span> <span class='ocrx_word' id='word_1_404' title='bbox 3673 2631 3796 2686; x_wconf 83' lang='lat' dir='ltr'><strong>poe-</strong></span> 
     </span>
    </p>
   </div>
   <div class='ocr_carea' id='block_1_57' title="bbox 2194 2697 3796 2774">
    <p class='ocr_par' dir='ltr' id='par_1_57' title="bbox 2194 2697 3796 2774">
     <span class='ocr_line' id='line_1_57' title="bbox 2194 2697 3796 2774; baseline 0.011 -23"><span class='ocrx_word' id='word_1_405' title='bbox 2194 2705 2276 2752; x_wconf 90' lang='lat' dir='ltr'><strong>tas</strong></span> <span class='ocrx_word' id='word_1_406' title='bbox 2306 2697 2469 2754; x_wconf 90' lang='lat' dir='ltr'><strong>edere</strong></span> <span class='ocrx_word' id='word_1_407' title='bbox 2499 2700 2689 2767; x_wconf 87' lang='lat' dir='ltr'><strong>voluit,</strong></span> <span class='ocrx_word' id='word_1_408' title='bbox 2724 2700 2779 2756; x_wconf 88' lang='lat' dir='ltr'><strong>in</strong></span> <span class='ocrx_word' id='word_1_409' title='bbox 2810 2702 2970 2757; x_wconf 92' lang='lat' dir='ltr'><strong>codd.</strong></span> <span class='ocrx_word' id='word_1_410' title='bbox 3015 2705 3068 2758; x_wconf 93' lang='lat' dir='ltr'><strong>in</strong></span> <span class='ocrx_word' id='word_1_411' title='bbox 3094 2703 3341 2772; x_wconf 89' lang='lat' dir='ltr'><strong>Sedulio,</strong></span> <span class='ocrx_word' id='word_1_412' title='bbox 3364 2705 3618 2774; x_wconf 85' lang='lat' dir='ltr'><strong>Aratore,</strong></span> <span class='ocrx_word' id='word_1_413' title='bbox 3647 2711 3796 2768; x_wconf 84' lang='lat' dir='ltr'><strong>aliis-</strong></span> 
     </span>
    </p>
   </div>
   <div class='ocr_carea' id='block_1_58' title="bbox 2192 2791 3790 2876">
    <p class='ocr_par' dir='ltr' id='par_1_58' title="bbox 2192 2791 3790 2876">
     <span class='ocr_line' id='line_1_58' title="bbox 2192 2791 3790 2876; baseline 0.011 -34"><span class='ocrx_word' id='word_1_414' title='bbox 2192 2804 2301 2858; x_wconf 89' lang='lat' dir='ltr'><strong>quc</strong></span> <span class='ocrx_word' id='word_1_415' title='bbox 2332 2806 2552 2845; x_wconf 89' lang='lat' dir='ltr'><strong>manum</strong></span> <span class='ocrx_word' id='word_1_416' title='bbox 2583 2791 2901 2850; x_wconf 88' lang='lat' dir='ltr'><strong>Poelmanni</strong></span> <span class='ocrx_word' id='word_1_417' title='bbox 2944 2794 3152 2860; x_wconf 88' lang='lat' dir='ltr'><strong>habuit,</strong></span> <span class='ocrx_word' id='word_1_418' title='bbox 3193 2807 3251 2854; x_wconf 91' lang='lat' dir='ltr'><strong>ut</strong></span> <span class='ocrx_word' id='word_1_419' title='bbox 3293 2808 3523 2856; x_wconf 88' lang='lat' dir='ltr'><strong>testatur</strong></span> <span class='ocrx_word' id='word_1_420' title='bbox 3552 2803 3604 2858; x_wconf 89' lang='lat' dir='ltr'><strong>in</strong></span> <span class='ocrx_word' id='word_1_421' title='bbox 3630 2807 3790 2876; x_wconf 90' lang='lat' dir='ltr'><strong>epist.</strong></span> 
     </span>
    </p>
   </div>
   <div class='ocr_carea' id='block_1_59' title="bbox 2193 2881 3794 2961">
    <p class='ocr_par' dir='ltr' id='par_1_59' title="bbox 2193 2881 3794 2961">
     <span class='ocr_line' id='line_1_59' title="bbox 2193 2881 3794 2961; baseline 0.012 -25"><span class='ocrx_word' id='word_1_422' title='bbox 2193 2881 2260 2936; x_wconf 89' lang='lat' dir='ltr'><strong>ad</strong></span> <span class='ocrx_word' id='word_1_423' title='bbox 2294 2882 2574 2939; x_wconf 84' lang='lat' dir='ltr'><strong>Heinsium</strong></span> <span class='ocrx_word' id='word_1_424' title='bbox 2603 2885 2733 2951; x_wconf 68' lang='lat'><strong>220,</strong></span> <span class='ocrx_word' id='word_1_425' title='bbox 2783 2898 2917 2942; x_wconf 91' lang='lat' dir='ltr'><strong>tom.</strong></span> <span class='ocrx_word' id='word_1_426' title='bbox 2949 2906 2981 2942; x_wconf 93' lang='lat' dir='ltr'><strong>v</strong></span> <span class='ocrx_word' id='word_1_427' title='bbox 3030 2889 3236 2961; x_wconf 89' lang='lat' dir='ltr'><strong>Syllog.</strong></span> <span class='ocrx_word' id='word_1_428' title='bbox 3269 2893 3565 2950; x_wconf 78' lang='lat' dir='ltr'><strong>Burmann.</strong></span> <span class='ocrx_word' id='word_1_429' title='bbox 3608 2897 3794 2954; x_wconf 86' lang='lat' dir='ltr'><strong>Fabri-</strong></span> 
     </span>
    </p>
   </div>
   <div class='ocr_carea' id='block_1_60' title="bbox 2191 2976 3788 3060">
    <p class='ocr_par' dir='ltr' id='par_1_60' title="bbox 2191 2976 3788 3060">
     <span class='ocr_line' id='line_1_60' title="bbox 2191 2976 3788 3060; baseline 0.009 -30"><span class='ocrx_word' id='word_1_430' title='bbox 2191 2976 2307 3031; x_wconf 90' lang='lat' dir='ltr'><strong>cius</strong></span> <span class='ocrx_word' id='word_1_431' title='bbox 2348 2992 2584 3050; x_wconf 92' lang='lat' dir='ltr'><strong>quoque,</strong></span> <span class='ocrx_word' id='word_1_432' title='bbox 2639 2978 2946 3036; x_wconf 90' lang='lat' dir='ltr'><strong>Comment.</strong></span> <span class='ocrx_word' id='word_1_433' title='bbox 2994 2981 3048 3037; x_wconf 92' lang='lat' dir='ltr'><strong>in</strong></span> <span class='ocrx_word' id='word_1_434' title='bbox 3071 2995 3219 3054; x_wconf 90' lang='lat' dir='ltr'><strong>poet.</strong></span> <span class='ocrx_word' id='word_1_435' title='bbox 3278 2985 3494 3056; x_wconf 91' lang='lat' dir='ltr'><strong>christ.,</strong></span> <span class='ocrx_word' id='word_1_436' title='bbox 3547 3003 3670 3060; x_wconf 85' lang='lat' dir='ltr'><strong>pag.</strong></span> <span class='ocrx_word' id='word_1_437' title='bbox 3701 2992 3788 3059; x_wconf 72' lang='grc'><strong>24,</strong></span> 
     </span>
    </p>
   </div>
   <div class='ocr_carea' id='block_1_61' title="bbox 2191 3070 3788 3158">
    <p class='ocr_par' dir='ltr' id='par_1_61' title="bbox 2191 3070 3788 3158">
     <span class='ocr_line' id='line_1_61' title="bbox 2191 3070 3788 3158; baseline 0.01 -33"><span class='ocrx_word' id='word_1_438' title='bbox 2191 3070 2408 3128; x_wconf 87' lang='lat' dir='ltr'><strong>codices</strong></span> <span class='ocrx_word' id='word_1_439' title='bbox 2434 3089 2463 3126; x_wconf 93' lang='lat' dir='ltr'><strong>a</strong></span> <span class='ocrx_word' id='word_1_440' title='bbox 2487 3073 2822 3129; x_wconf 88' lang='lat' dir='ltr'><strong>Poelmanno</strong></span> <span class='ocrx_word' id='word_1_441' title='bbox 2844 3075 3074 3132; x_wconf 88' lang='lat' dir='ltr'><strong>collatos</strong></span> <span class='ocrx_word' id='word_1_442' title='bbox 3104 3090 3397 3148; x_wconf 90' lang='lat' dir='ltr'><strong>memorat,</strong></span> <span class='ocrx_word' id='word_1_443' title='bbox 3425 3097 3660 3152; x_wconf 91' lang='lat' dir='ltr'><strong>quorum</strong></span> <span class='ocrx_word' id='word_1_444' title='bbox 3686 3087 3788 3158; x_wconf 69' lang='lat'><strong>53</strong></span> 
     </span>
    </p>
   </div>
   <div class='ocr_carea' id='block_1_62' title="bbox 497 3154 2080 3251">
    <p class='ocr_par' dir='ltr' id='par_1_62' title="bbox 497 3154 2080 3251">
     <span class='ocr_line' id='line_1_62' title="bbox 497 3154 2080 3251; baseline -0.001 -18"><span class='ocrx_word' id='word_1_445' title='bbox 497 3178 839 3251; x_wconf 87' lang='lat' dir='ltr'><strong>myomachia</strong></span> <span class='ocrx_word' id='word_1_446' title='bbox 856 3178 1072 3234; x_wconf 87' lang='lat' dir='ltr'><strong>Homeri</strong></span> <span class='ocrx_word' id='word_1_447' title='bbox 1092 3169 1302 3234; x_wconf 86' lang='lat' dir='ltr'><strong>Latinis</strong></span> <span class='ocrx_word' id='word_1_448' title='bbox 1322 3154 1568 3234; x_wconf 75' lang='lat' dir='ltr'><strong>versibus</strong></span> <span class='ocrx_word' id='word_1_449' title='bbox 1589 3179 1822 3246; x_wconf 88' lang='lat' dir='ltr'><strong>reddita,</strong></span> <span class='ocrx_word' id='word_1_450' title='bbox 1849 3195 1969 3248; x_wconf 70' lang='lat' dir='ltr'><strong>qua:</strong></span> <span class='ocrx_word' id='word_1_451' title='bbox 2003 3180 2080 3233; x_wconf 92' lang='lat' dir='ltr'><strong>in-</strong></span> 
     </span>
    </p>
   </div>
   <div class='ocr_carea' id='block_1_63' title="bbox 2191 3154 3780 3251">
    <p class='ocr_par' dir='ltr' id='par_1_63' title="bbox 2193 3154 3780 3246">
     <span class='ocr_line' id='line_1_63' title="bbox 2193 3154 3780 3246; baseline 0.012 -28"><span class='ocrx_word' id='word_1_452' title='bbox 2193 3173 2372 3220; x_wconf 89' lang='lat' dir='ltr'><strong>tamen</strong></span> <span class='ocrx_word' id='word_1_453' title='bbox 2403 3166 2660 3222; x_wconf 90' lang='lat' dir='ltr'><strong>lectiones</strong></span> <span class='ocrx_word' id='word_1_454' title='bbox 2688 3168 2925 3225; x_wconf 82' lang='lat' dir='ltr'><strong>diverste</strong></span> <span class='ocrx_word' id='word_1_455' title='bbox 2952 3181 3075 3226; x_wconf 91' lang='lat' dir='ltr'><strong>sunt</strong></span> <span class='ocrx_word' id='word_1_456' title='bbox 3096 3172 3166 3228; x_wconf 88' lang='lat' dir='ltr'><strong>ab</strong></span> <span class='ocrx_word' id='word_1_457' title='bbox 3191 3174 3319 3242; x_wconf 88' lang='lat' dir='ltr'><strong>illis,</strong></span> <span class='ocrx_word' id='word_1_458' title='bbox 3348 3191 3470 3246; x_wconf 68' lang='lat' dir='ltr'><strong>quae</strong></span> <span class='ocrx_word' id='word_1_459' title='bbox 3495 3179 3547 3233; x_wconf 91' lang='lat' dir='ltr'><strong>in</strong></span> <span class='ocrx_word' id='word_1_460' title='bbox 3577 3154 3780 3236; x_wconf 63' lang='grc' dir='ltr'>δάιθῖιῆ</span> 
     </span>
    </p>
   </div>
   <div class='ocr_carea' id='block_1_64' title="bbox 497 3269 2088 3343">
    <p class='ocr_par' dir='ltr' id='par_1_64' title="bbox 497 3269 2088 3343">
     <span class='ocr_line' id='line_1_64' title="bbox 497 3269 2088 3343; baseline 0.002 -18"><span class='ocrx_word' id='word_1_461' title='bbox 497 3271 649 3341; x_wconf 89' lang='lat' dir='ltr'><strong>cipit,</strong></span> <span class='ocrx_word' id='word_1_462' title='bbox 667 3269 958 3340; x_wconf 86' lang='lat' dir='ltr'><strong>Ranarum,</strong></span> <span class='ocrx_word' id='word_1_463' title='bbox 975 3288 1282 3340; x_wconf 87' lang='lat' dir='ltr'><strong>nturumque</strong></span> <span class='ocrx_word' id='word_1_464' title='bbox 1301 3271 1460 3325; x_wconf 83' lang='lat' dir='ltr'><strong>simul</strong></span> <span class='ocrx_word' id='word_1_465' title='bbox 1482 3271 1714 3326; x_wconf 85' lang='lat' dir='ltr'><strong>crudelia</strong></span> <span class='ocrx_word' id='word_1_466' title='bbox 1728 3270 1882 3326; x_wconf 86' lang='lat' dir='ltr'><strong>bella.</strong></span> <span class='ocrx_word' id='word_1_467' title='bbox 1903 3273 2088 3343; x_wconf 87' lang='lat' dir='ltr'><strong>Sequi-</strong></span> 
     </span>
    </p>
   </div>
   <div class='ocr_carea' id='block_1_65' title="bbox 497 3363 2083 3434">
    <p class='ocr_par' dir='ltr' id='par_1_65' title="bbox 497 3363 2083 3434">
     <span class='ocr_line' id='line_1_65' title="bbox 497 3363 2083 3434; baseline 0.001 -16"><span class='ocrx_word' id='word_1_468' title='bbox 497 3375 584 3418; x_wconf 89' lang='lat' dir='ltr'><strong>tur</strong></span> <span class='ocrx_word' id='word_1_469' title='bbox 603 3364 878 3431; x_wconf 88' lang='lat' dir='ltr'><strong>Sedulius,</strong></span> <span class='ocrx_word' id='word_1_470' title='bbox 911 3363 1006 3419; x_wconf 84' lang='lat' dir='ltr'><strong>sed</strong></span> <span class='ocrx_word' id='word_1_471' title='bbox 1036 3363 1189 3420; x_wconf 90' lang='lat' dir='ltr'><strong>deest</strong></span> <span class='ocrx_word' id='word_1_472' title='bbox 1212 3364 1425 3418; x_wconf 92' lang='lat' dir='ltr'><strong>initium</strong></span> <span class='ocrx_word' id='word_1_473' title='bbox 1459 3379 1630 3434; x_wconf 89' lang='lat' dir='ltr'><strong>usque</strong></span> <span class='ocrx_word' id='word_1_474' title='bbox 1649 3363 1717 3418; x_wconf 91' lang='lat' dir='ltr'><strong>ad</strong></span> <span class='ocrx_word' id='word_1_475' title='bbox 1751 3379 1900 3419; x_wconf 90' lang='lat' dir='ltr'><strong>vers.</strong></span> <span class='ocrx_word' id='word_1_476' title='bbox 1920 3363 1990 3419; x_wconf 73' lang='grc'><strong>45</strong></span> <span class='ocrx_word' id='word_1_477' title='bbox 2017 3364 2083 3419; x_wconf 83' lang='lat' dir='ltr'><strong>li-</strong></span> 
     </span>
    </p>
   </div>
   <div class='ocr_carea' id='block_1_66' title="bbox 497 3457 2086 3530">
    <p class='ocr_par' dir='ltr' id='par_1_66' title="bbox 497 3457 2086 3530">
     <span class='ocr_line' id='line_1_66' title="bbox 497 3457 2086 3530; baseline -0.002 -14"><span class='ocrx_word' id='word_1_478' title='bbox 497 3460 583 3516; x_wconf 86' lang='lat' dir='ltr'><strong>bri</strong></span> <span class='ocrx_word' id='word_1_479' title='bbox 611 3477 628 3514; x_wconf 91' lang='grc' dir='ltr'><strong>ι</strong></span> <span class='ocrx_word' id='word_1_480' title='bbox 655 3477 666 3512; x_wconf 88' lang='lat'><strong>:</strong></span> <span class='ocrx_word' id='word_1_481' title='bbox 700 3457 1034 3514; x_wconf 85' lang='lat' dir='ltr'><strong>Labruscam.</strong></span> <span class='ocrx_word' id='word_1_482' title='bbox 1064 3459 1294 3530; x_wconf 80' lang='lat' dir='ltr'><strong>Margini</strong></span> <span class='ocrx_word' id='word_1_483' title='bbox 1321 3459 1596 3513; x_wconf 86' lang='lat' dir='ltr'><strong>adduntur</strong></span> <span class='ocrx_word' id='word_1_484' title='bbox 1631 3457 1766 3512; x_wconf 90' lang='lat' dir='ltr'><strong>tituli</strong></span> <span class='ocrx_word' id='word_1_485' title='bbox 1793 3459 1964 3513; x_wconf 87' lang='lat' dir='ltr'><strong>minio</strong></span> <span class='ocrx_word' id='word_1_486' title='bbox 1990 3473 2086 3513; x_wconf 92' lang='lat' dir='ltr'><strong>no-</strong></span> 
     </span>
    </p>
   </div>
   <div class='ocr_carea' id='block_1_67' title="bbox 496 3553 2079 3624">
    <p class='ocr_par' dir='ltr' id='par_1_67' title="bbox 496 3553 2079 3624">
     <span class='ocr_line' id='line_1_67' title="bbox 496 3553 2079 3624; baseline 0 -15"><span class='ocrx_word' id='word_1_487' title='bbox 496 3555 596 3609; x_wconf 87' lang='lat' dir='ltr'><strong>tati</strong></span> <span class='ocrx_word' id='word_1_488' title='bbox 619 3572 631 3608; x_wconf 92' lang='lat'><strong>:</strong></span> <span class='ocrx_word' id='word_1_489' title='bbox 657 3554 912 3609; x_wconf 90' lang='lat' dir='ltr'><strong>carminis</strong></span> <span class='ocrx_word' id='word_1_490' title='bbox 943 3553 1214 3624; x_wconf 89' lang='lat' dir='ltr'><strong>paschalis</strong></span> <span class='ocrx_word' id='word_1_491' title='bbox 1231 3554 1431 3609; x_wconf 87' lang='lat' dir='ltr'><strong>divisio</strong></span> <span class='ocrx_word' id='word_1_492' title='bbox 1457 3562 1541 3608; x_wconf 90' lang='lat' dir='ltr'><strong>est</strong></span> <span class='ocrx_word' id='word_1_493' title='bbox 1559 3553 1611 3608; x_wconf 90' lang='lat' dir='ltr'><strong>in</strong></span> <span class='ocrx_word' id='word_1_494' title='bbox 1628 3565 1859 3624; x_wconf 89' lang='lat' dir='ltr'><strong>quatuor</strong></span> <span class='ocrx_word' id='word_1_495' title='bbox 1886 3553 2079 3620; x_wconf 89' lang='lat' dir='ltr'><strong>libros,</strong></span> 
     </span>
    </p>
   </div>
   <div class='ocr_carea' id='block_1_68' title="bbox 495 3647 2083 3718">
    <p class='ocr_par' dir='ltr' id='par_1_68' title="bbox 495 3647 2083 3718">
     <span class='ocr_line' id='line_1_68' title="bbox 495 3647 2083 3718; baseline 0.001 -16"><span class='ocrx_word' id='word_1_496' title='bbox 495 3655 556 3702; x_wconf 91' lang='lat' dir='ltr'><strong>ut</strong></span> <span class='ocrx_word' id='word_1_497' title='bbox 587 3649 639 3702; x_wconf 92' lang='lat' dir='ltr'><strong>in</strong></span> <span class='ocrx_word' id='word_1_498' title='bbox 671 3647 794 3704; x_wconf 88' lang='lat' dir='ltr'><strong>aliis</strong></span> <span class='ocrx_word' id='word_1_499' title='bbox 818 3649 1215 3705; x_wconf 89' lang='lat' dir='ltr'><strong>recentioribus</strong></span> <span class='ocrx_word' id='word_1_500' title='bbox 1244 3647 1546 3712; x_wconf 90' lang='lat' dir='ltr'><strong>codicibus,</strong></span> <span class='ocrx_word' id='word_1_501' title='bbox 1575 3649 1627 3701; x_wconf 91' lang='lat' dir='ltr'><strong>in</strong></span> <span class='ocrx_word' id='word_1_502' title='bbox 1656 3647 1851 3718; x_wconf 91' lang='lat' dir='ltr'><strong>quibus</strong></span> <span class='ocrx_word' id='word_1_503' title='bbox 1879 3662 1948 3703; x_wconf 88' lang='lat' dir='ltr'><strong>ex</strong></span> <span class='ocrx_word' id='word_1_504' title='bbox 1975 3659 2083 3704; x_wconf 92' lang='lat' dir='ltr'><strong>ter-</strong></span> 
     </span>
    </p>
   </div>
   <div class='ocr_carea' id='block_1_69' title="bbox 496 3738 2078 3814">
    <p class='ocr_par' dir='ltr' id='par_1_69' title="bbox 496 3738 2078 3814">
     <span class='ocr_line' id='line_1_69' title="bbox 496 3738 2078 3814; baseline -0.001 -16"><span class='ocrx_word' id='word_1_505' title='bbox 496 3741 574 3798; x_wconf 88' lang='lat' dir='ltr'><strong>tio</strong></span> <span class='ocrx_word' id='word_1_506' title='bbox 597 3753 651 3797; x_wconf 91' lang='lat' dir='ltr'><strong>et</strong></span> <span class='ocrx_word' id='word_1_507' title='bbox 677 3754 872 3814; x_wconf 91' lang='lat' dir='ltr'><strong>quarto</strong></span> <span class='ocrx_word' id='word_1_508' title='bbox 899 3743 1040 3799; x_wconf 92' lang='lat' dir='ltr'><strong>libro</strong></span> <span class='ocrx_word' id='word_1_509' title='bbox 1060 3743 1118 3796; x_wconf 85' lang='lat' dir='ltr'><strong>ﬁt</strong></span> <span class='ocrx_word' id='word_1_510' title='bbox 1148 3758 1291 3797; x_wconf 91' lang='lat' dir='ltr'><strong>unus</strong></span> <span class='ocrx_word' id='word_1_511' title='bbox 1316 3750 1544 3795; x_wconf 90' lang='lat' dir='ltr'><strong>tantum.</strong></span> <span class='ocrx_word' id='word_1_512' title='bbox 1562 3738 1803 3796; x_wconf 89' lang='lat' dir='ltr'><strong>Carmini</strong></span> <span class='ocrx_word' id='word_1_513' title='bbox 1834 3741 2078 3812; x_wconf 89' lang='lat' dir='ltr'><strong>paschali</strong></span> 
     </span>
    </p>
   </div>
   <div class='ocr_carea' id='block_1_70' title="bbox 492 3833 2080 3907">
    <p class='ocr_par' dir='ltr' id='par_1_70' title="bbox 492 3833 2080 3907">
     <span class='ocr_line' id='line_1_70' title="bbox 492 3833 2080 3907; baseline -0.001 -17"><span class='ocrx_word' id='word_1_514' title='bbox 492 3835 735 3890; x_wconf 87' lang='lat' dir='ltr'><strong>succedit</strong></span> <span class='ocrx_word' id='word_1_515' title='bbox 753 3835 1073 3907; x_wconf 76' lang='lat' dir='ltr'><strong>elegia,quze</strong></span> <span class='ocrx_word' id='word_1_516' title='bbox 1101 3836 1300 3890; x_wconf 89' lang='lat' dir='ltr'><strong>dicitur</strong></span> <span class='ocrx_word' id='word_1_517' title='bbox 1327 3833 1646 3907; x_wconf 81' lang='lat' dir='ltr'><strong>epigramma</strong></span> <span class='ocrx_word' id='word_1_518' title='bbox 1667 3835 1924 3888; x_wconf 82' lang='lat' dir='ltr'><strong>distichon</strong></span> <span class='ocrx_word' id='word_1_519' title='bbox 1943 3835 2080 3901; x_wconf 84' lang='lat' dir='ltr'><strong>eius-</strong></span> 
     </span>
    </p>
   </div>
   <div class='ocr_carea' id='block_1_71' title="bbox 491 3926 2079 4000">
    <p class='ocr_par' dir='ltr' id='par_1_71' title="bbox 491 3926 2079 4000">
     <span class='ocr_line' id='line_1_71' title="bbox 491 3926 2079 4000; baseline -0.001 -15"><span class='ocrx_word' id='word_1_520' title='bbox 491 3929 608 3985; x_wconf 87' lang='lat' dir='ltr'><strong>dem</strong></span> <span class='ocrx_word' id='word_1_521' title='bbox 638 3927 869 3984; x_wconf 84' lang='lat' dir='ltr'><strong>Sedulii.</strong></span> <span class='ocrx_word' id='word_1_522' title='bbox 901 3927 1104 3986; x_wconf 89' lang='lat' dir='ltr'><strong>Deinde</strong></span> <span class='ocrx_word' id='word_1_523' title='bbox 1161 3928 1393 4000; x_wconf 87' lang='lat' dir='ltr'><strong>hymnus</strong></span> <span class='ocrx_word' id='word_1_524' title='bbox 1424 3926 1667 3996; x_wconf 89' lang='lat' dir='ltr'><strong>ejusdem</strong></span> <span class='ocrx_word' id='word_1_525' title='bbox 1696 3936 1892 3998; x_wconf 64' lang='lat' dir='ltr'><strong>poetaa,</strong></span> <span class='ocrx_word' id='word_1_526' title='bbox 1921 3928 1965 3981; x_wconf 81' lang='grc' dir='ltr'><strong><em>Α</em></strong></span> <span class='ocrx_word' id='word_1_527' title='bbox 1995 3945 2079 3983; x_wconf 88' lang='lat' dir='ltr'><strong>so-</strong></span> 
     </span>
    </p>
   </div>
   <div class='ocr_carea' id='block_1_72' title="bbox 487 4021 2071 4094">
    <p class='ocr_par' dir='ltr' id='par_1_72' title="bbox 487 4021 2071 4094">
     <span class='ocr_line' id='line_1_72' title="bbox 487 4021 2071 4094; baseline -0.003 -14"><span class='ocrx_word' id='word_1_528' title='bbox 487 4026 552 4080; x_wconf 86' lang='lat' dir='ltr'><strong>lis</strong></span> <span class='ocrx_word' id='word_1_529' title='bbox 574 4035 715 4078; x_wconf 86' lang='lat' dir='ltr'><strong>ortus</strong></span> <span class='ocrx_word' id='word_1_530' title='bbox 746 4023 979 4088; x_wconf 88' lang='lat' dir='ltr'><strong>cardine,</strong></span> <span class='ocrx_word' id='word_1_531' title='bbox 997 4032 1052 4076; x_wconf 90' lang='lat' dir='ltr'><strong>et</strong></span> <span class='ocrx_word' id='word_1_532' title='bbox 1070 4023 1123 4076; x_wconf 92' lang='lat' dir='ltr'><strong>in</strong></span> <span class='ocrx_word' id='word_1_533' title='bbox 1151 4021 1260 4077; x_wconf 84' lang='lat' dir='ltr'><strong>line</strong></span> <span class='ocrx_word' id='word_1_534' title='bbox 1291 4031 1438 4085; x_wconf 88' lang='lat' dir='ltr'><strong>nota,</strong></span> <span class='ocrx_word' id='word_1_535' title='bbox 1459 4021 1704 4077; x_wconf 85' lang='lat' dir='ltr'><strong>Sedulius</strong></span> <span class='ocrx_word' id='word_1_536' title='bbox 1726 4031 1901 4094; x_wconf 86' lang='lat' dir='ltr'><strong>poeta,</strong></span> <span class='ocrx_word' id='word_1_537' title='bbox 1925 4039 2071 4078; x_wconf 91' lang='lat' dir='ltr'><strong>num.</strong></span> 
     </span>
    </p>
   </div>
   <div class='ocr_carea' id='block_1_73' title="bbox 487 4115 2074 4188">
    <p class='ocr_par' dir='ltr' id='par_1_73' title="bbox 487 4115 2074 4188">
     <span class='ocr_line' id='line_1_73' title="bbox 487 4115 2074 4188; baseline -0.002 -14"><span class='ocrx_word' id='word_1_538' title='bbox 487 4119 556 4174; x_wconf 88' lang='grc'><strong>10</strong></span> <span class='ocrx_word' id='word_1_539' title='bbox 587 4119 777 4174; x_wconf 86' lang='lat' dir='ltr'><strong>relata.</strong></span> <span class='ocrx_word' id='word_1_540' title='bbox 809 4117 1094 4174; x_wconf 82' lang='lat' dir='ltr'><strong>Accedunt</strong></span> <span class='ocrx_word' id='word_1_541' title='bbox 1124 4115 1472 4172; x_wconf 90' lang='lat' dir='ltr'><strong>miscellanea</strong></span> <span class='ocrx_word' id='word_1_542' title='bbox 1523 4116 1626 4171; x_wconf 91' lang='lat' dir='ltr'><strong>alia</strong></span> <span class='ocrx_word' id='word_1_543' title='bbox 1658 4132 1840 4184; x_wconf 89' lang='lat' dir='ltr'><strong>sacra,</strong></span> <span class='ocrx_word' id='word_1_544' title='bbox 1863 4128 1918 4173; x_wconf 89' lang='lat' dir='ltr'><strong>et</strong></span> <span class='ocrx_word' id='word_1_545' title='bbox 1945 4133 2074 4188; x_wconf 91' lang='lat' dir='ltr'><strong>pro-</strong></span> 
     </span>
    </p>
   </div>
   <div class='ocr_carea' id='block_1_74' title="bbox 483 4199 2072 4282">
    <p class='ocr_par' dir='ltr' id='par_1_74' title="bbox 483 4199 2072 4282">
     <span class='ocr_line' id='line_1_74' title="bbox 483 4199 2072 4282; baseline -0.001 -14"><span class='ocrx_word' id='word_1_546' title='bbox 483 4211 632 4279; x_wconf 79' lang='lat' dir='ltr'><strong>fana,</strong></span> <span class='ocrx_word' id='word_1_547' title='bbox 668 4213 720 4266; x_wconf 91' lang='lat' dir='ltr'><strong>in</strong></span> <span class='ocrx_word' id='word_1_548' title='bbox 750 4212 950 4282; x_wconf 90' lang='lat' dir='ltr'><strong>quibus</strong></span> <span class='ocrx_word' id='word_1_549' title='bbox 977 4211 1225 4282; x_wconf 57' lang='lat' dir='ltr'><strong>quaedam</strong></span> <span class='ocrx_word' id='word_1_550' title='bbox 1249 4210 1430 4280; x_wconf 89' lang='lat' dir='ltr'><strong>Statii,</strong></span> <span class='ocrx_word' id='word_1_551' title='bbox 1462 4208 1801 4280; x_wconf 88' lang='lat' dir='ltr'><strong>Calphurnii,</strong></span> <span class='ocrx_word' id='word_1_552' title='bbox 1835 4199 2072 4282; x_wconf 87' lang='lat' dir='ltr'><strong>Proper-</strong></span> 
     </span>
    </p>
   </div>
   <div class='ocr_carea' id='block_1_75' title="bbox 485 4303 2077 4377">
    <p class='ocr_par' dir='ltr' id='par_1_75' title="bbox 485 4303 2077 4377">
     <span class='ocr_line' id='line_1_75' title="bbox 485 4303 2077 4377; baseline -0.003 -12"><span class='ocrx_word' id='word_1_553' title='bbox 485 4309 546 4365; x_wconf 88' lang='lat' dir='ltr'><strong>tii</strong></span> <span class='ocrx_word' id='word_1_554' title='bbox 573 4319 626 4363; x_wconf 92' lang='lat' dir='ltr'><strong>ct</strong></span> <span class='ocrx_word' id='word_1_555' title='bbox 652 4307 960 4372; x_wconf 89' lang='lat' dir='ltr'><strong>Claudiani,</strong></span> <span class='ocrx_word' id='word_1_556' title='bbox 995 4307 1084 4377; x_wconf 91' lang='lat' dir='ltr'><strong>qui</strong></span> <span class='ocrx_word' id='word_1_557' title='bbox 1131 4305 1400 4376; x_wconf 81' lang='lat' dir='ltr'><strong>ConOpeus</strong></span> <span class='ocrx_word' id='word_1_558' title='bbox 1425 4303 1760 4361; x_wconf 85' lang='lat' dir='ltr'><strong>Florentinus</strong></span> <span class='ocrx_word' id='word_1_559' title='bbox 1791 4307 1914 4361; x_wconf 81' lang='lat' dir='ltr'><strong>civis</strong></span> <span class='ocrx_word' id='word_1_560' title='bbox 1941 4307 2077 4362; x_wconf 92' lang='lat' dir='ltr'><strong>dici-</strong></span> 
     </span>
    </p>
   </div>
   <div class='ocr_carea' id='block_1_76' title="bbox 483 4399 2072 4471">
    <p class='ocr_par' dir='ltr' id='par_1_76' title="bbox 483 4399 2072 4471">
     <span class='ocr_line' id='line_1_76' title="bbox 483 4399 2072 4471; baseline -0.003 -10"><span class='ocrx_word' id='word_1_561' title='bbox 483 4413 593 4461; x_wconf 89' lang='lat' dir='ltr'><strong>tur.</strong></span> <span class='ocrx_word' id='word_1_562' title='bbox 620 4402 829 4459; x_wconf 92' lang='lat' dir='ltr'><strong>Sedulii</strong></span> <span class='ocrx_word' id='word_1_563' title='bbox 853 4403 1097 4458; x_wconf 90' lang='lat' dir='ltr'><strong>carmina</strong></span> <span class='ocrx_word' id='word_1_564' title='bbox 1119 4401 1475 4470; x_wconf 87' lang='lat' dir='ltr'><strong>exscriptoris</strong></span> <span class='ocrx_word' id='word_1_565' title='bbox 1509 4399 1838 4470; x_wconf 85' lang='lat' dir='ltr'><strong>negligentia</strong></span> <span class='ocrx_word' id='word_1_566' title='bbox 1881 4416 2072 4471; x_wconf 88' lang='lat' dir='ltr'><strong>parum</strong></span> 
     </span>
    </p>
   </div>
   <div class='ocr_carea' id='block_1_77' title="bbox 480 4495 2072 4566">
    <p class='ocr_par' dir='ltr' id='par_1_77' title="bbox 480 4495 2072 4566">
     <span class='ocr_line' id='line_1_77' title="bbox 480 4495 2072 4566; baseline -0.003 -11"><span class='ocrx_word' id='word_1_567' title='bbox 480 4503 733 4556; x_wconf 88' lang='lat' dir='ltr'><strong>correcta</strong></span> <span class='ocrx_word' id='word_1_568' title='bbox 755 4505 905 4562; x_wconf 88' lang='lat' dir='ltr'><strong>sunt,</strong></span> <span class='ocrx_word' id='word_1_569' title='bbox 930 4495 1023 4551; x_wconf 91' lang='lat' dir='ltr'><strong>sed</strong></span> <span class='ocrx_word' id='word_1_570' title='bbox 1044 4496 1227 4566; x_wconf 90' lang='lat' dir='ltr'><strong>plures</strong></span> <span class='ocrx_word' id='word_1_571' title='bbox 1251 4504 1430 4549; x_wconf 87' lang='lat' dir='ltr'><strong>tamen</strong></span> <span class='ocrx_word' id='word_1_572' title='bbox 1459 4505 1755 4549; x_wconf 90' lang='lat' dir='ltr'><strong>occurrunt</strong></span> <span class='ocrx_word' id='word_1_573' title='bbox 1774 4496 1940 4549; x_wconf 73' lang='lat' dir='ltr'><strong>varia:</strong></span> <span class='ocrx_word' id='word_1_574' title='bbox 1963 4496 2072 4550; x_wconf 91' lang='lat' dir='ltr'><strong>lec-</strong></span> 
     </span>
    </p>
   </div>
   <div class='ocr_carea' id='block_1_78' title="bbox 2190 3261 3782 3330">
    <p class='ocr_par' dir='ltr' id='par_1_78' title="bbox 2190 3261 3782 3330">
     <span class='ocr_line' id='line_1_78' title="bbox 2190 3261 3782 3330; baseline 0.009 -16"><span class='ocrx_word' id='word_1_575' title='bbox 2190 3261 2566 3330; x_wconf 87' lang='lat' dir='ltr'><strong>reperiuntur:</strong></span> <span class='ocrx_word' id='word_1_576' title='bbox 2590 3279 2714 3318; x_wconf 87' lang='lat' dir='ltr'><strong>nam</strong></span> <span class='ocrx_word' id='word_1_577' title='bbox 2741 3263 2794 3318; x_wconf 91' lang='lat' dir='ltr'><strong>in</strong></span> <span class='ocrx_word' id='word_1_578' title='bbox 2819 3263 3039 3322; x_wconf 88' lang='lat' dir='ltr'><strong>schedis</strong></span> <span class='ocrx_word' id='word_1_579' title='bbox 3068 3281 3288 3324; x_wconf 88' lang='lat' dir='ltr'><strong>carmen</strong></span> <span class='ocrx_word' id='word_1_580' title='bbox 3317 3269 3524 3327; x_wconf 88' lang='lat' dir='ltr'><strong>Sedulii</strong></span> <span class='ocrx_word' id='word_1_581' title='bbox 3558 3273 3782 3329; x_wconf 89' lang='lat' dir='ltr'><strong>divisum</strong></span> 
     </span>
    </p>
   </div>
   <div class='ocr_carea' id='block_1_79' title="bbox 2189 3355 3785 3434">
    <p class='ocr_par' dir='ltr' id='par_1_79' title="bbox 2189 3355 3785 3434">
     <span class='ocr_line' id='line_1_79' title="bbox 2189 3355 3785 3434; baseline 0.009 -25"><span class='ocrx_word' id='word_1_582' title='bbox 2189 3363 2273 3410; x_wconf 92' lang='lat' dir='ltr'><strong>est</strong></span> <span class='ocrx_word' id='word_1_583' title='bbox 2308 3355 2362 3410; x_wconf 92' lang='lat' dir='ltr'><strong>in</strong></span> <span class='ocrx_word' id='word_1_584' title='bbox 2392 3356 2632 3427; x_wconf 89' lang='lat' dir='ltr'><strong>quinque</strong></span> <span class='ocrx_word' id='word_1_585' title='bbox 2661 3357 2831 3414; x_wconf 90' lang='lat' dir='ltr'><strong>libros</strong></span> <span class='ocrx_word' id='word_1_586' title='bbox 2863 3375 2876 3412; x_wconf 90' lang='lat'><strong>:</strong></span> <span class='ocrx_word' id='word_1_587' title='bbox 2924 3358 2976 3414; x_wconf 93' lang='lat' dir='ltr'><strong>in</strong></span> <span class='ocrx_word' id='word_1_588' title='bbox 3021 3359 3118 3428; x_wconf 91' lang='lat' dir='ltr'><strong>iis,</strong></span> <span class='ocrx_word' id='word_1_589' title='bbox 3164 3360 3234 3418; x_wconf 92' lang='lat' dir='ltr'><strong>de</strong></span> <span class='ocrx_word' id='word_1_590' title='bbox 3262 3363 3459 3432; x_wconf 88' lang='lat' dir='ltr'><strong>quibus</strong></span> <span class='ocrx_word' id='word_1_591' title='bbox 3486 3365 3785 3434; x_wconf 86' lang='lat' dir='ltr'><strong>Fabricius,</strong></span> 
     </span>
    </p>
   </div>
   <div class='ocr_carea' id='block_1_80' title="bbox 2189 3452 3782 3517">
    <p class='ocr_par' dir='ltr' id='par_1_80' title="bbox 2189 3452 3782 3517">
     <span class='ocr_line' id='line_1_80' title="bbox 2189 3452 3782 3517; baseline 0.01 -17"><span class='ocrx_word' id='word_1_592' title='bbox 2189 3457 2423 3517; x_wconf 89' lang='lat' dir='ltr'><strong>quatuor</strong></span> <span class='ocrx_word' id='word_1_593' title='bbox 2443 3457 2649 3506; x_wconf 89' lang='lat' dir='ltr'><strong>tantum</strong></span> <span class='ocrx_word' id='word_1_594' title='bbox 2679 3462 3055 3507; x_wconf 88' lang='lat' dir='ltr'><strong>numerantur.</strong></span> <span class='ocrx_word' id='word_1_595' title='bbox 3085 3452 3202 3509; x_wconf 88' lang='lat' dir='ltr'><strong>Non</strong></span> <span class='ocrx_word' id='word_1_596' title='bbox 3227 3454 3441 3513; x_wconf 87' lang='lat' dir='ltr'><strong>viderat</strong></span> <span class='ocrx_word' id='word_1_597' title='bbox 3462 3457 3782 3516; x_wconf 79' lang='lat' dir='ltr'><strong>Arntzenius</strong></span> 
     </span>
    </p>
   </div>
   <div class='ocr_carea' id='block_1_81' title="bbox 2187 3541 3779 3618">
    <p class='ocr_par' dir='ltr' id='par_1_81' title="bbox 2187 3541 3779 3618">
     <span class='ocr_line' id='line_1_81' title="bbox 2187 3541 3779 3618; baseline 0.007 -22"><span class='ocrx_word' id='word_1_598' title='bbox 2187 3541 2482 3598; x_wconf 87' lang='lat' dir='ltr'><strong>editionem</strong></span> <span class='ocrx_word' id='word_1_599' title='bbox 2535 3543 2880 3612; x_wconf 86' lang='lat' dir='ltr'><strong>Poelmanni,</strong></span> <span class='ocrx_word' id='word_1_600' title='bbox 2927 3561 3090 3618; x_wconf 89' lang='lat' dir='ltr'><strong>quam</strong></span> <span class='ocrx_word' id='word_1_601' title='bbox 3135 3564 3285 3604; x_wconf 90' lang='lat' dir='ltr'><strong>num.</strong></span> <span class='ocrx_word' id='word_1_602' title='bbox 3317 3551 3420 3607; x_wconf 82' lang='grc'><strong>109</strong></span> <span class='ocrx_word' id='word_1_603' title='bbox 3468 3554 3779 3610; x_wconf 86' lang='lat' dir='ltr'><strong>recenseho.</strong></span> 
     </span>
    </p>
   </div>
   <div class='ocr_carea' id='block_1_82' title="bbox 2190 3634 3784 3711">
    <p class='ocr_par' dir='ltr' id='par_1_82' title="bbox 2190 3634 3784 3711">
     <span class='ocr_line' id='line_1_82' title="bbox 2190 3634 3784 3711; baseline 0.01 -23"><span class='ocrx_word' id='word_1_604' title='bbox 2190 3634 2555 3692; x_wconf 89' lang='lat' dir='ltr'><strong>Poelmannus</strong></span> <span class='ocrx_word' id='word_1_605' title='bbox 2594 3637 2775 3707; x_wconf 82' lang='lat' dir='ltr'><strong>igitur,</strong></span> <span class='ocrx_word' id='word_1_606' title='bbox 2821 3648 3108 3711; x_wconf 90' lang='lat' dir='ltr'><strong>postquam</strong></span> <span class='ocrx_word' id='word_1_607' title='bbox 3141 3641 3421 3699; x_wconf 89' lang='lat' dir='ltr'><strong>Sedulium</strong></span> <span class='ocrx_word' id='word_1_608' title='bbox 3461 3659 3588 3702; x_wconf 89' lang='lat' dir='ltr'><strong>cum</strong></span> <span class='ocrx_word' id='word_1_609' title='bbox 3625 3647 3784 3704; x_wconf 88' lang='lat' dir='ltr'><strong>variis</strong></span> 
     </span>
    </p>
   </div>
   <div class='ocr_carea' id='block_1_83' title="bbox 2185 3729 3778 3806">
    <p class='ocr_par' dir='ltr' id='par_1_83' title="bbox 2185 3729 3778 3806">
     <span class='ocr_line' id='line_1_83' title="bbox 2185 3729 3778 3806; baseline 0.007 -23"><span class='ocrx_word' id='word_1_610' title='bbox 2185 3729 2349 3783; x_wconf 90' lang='lat' dir='ltr'><strong>etiam</strong></span> <span class='ocrx_word' id='word_1_611' title='bbox 2393 3730 2716 3786; x_wconf 90' lang='lat' dir='ltr'><strong>lectionibus</strong></span> <span class='ocrx_word' id='word_1_612' title='bbox 2740 3732 2930 3802; x_wconf 90' lang='lat' dir='ltr'><strong>edidit,</strong></span> <span class='ocrx_word' id='word_1_613' title='bbox 2963 3734 3069 3789; x_wconf 91' lang='lat' dir='ltr'><strong>alia</strong></span> <span class='ocrx_word' id='word_1_614' title='bbox 3100 3736 3434 3806; x_wconf 85' lang='lat' dir='ltr'><strong>exemplaria</strong></span> <span class='ocrx_word' id='word_1_615' title='bbox 3464 3752 3592 3794; x_wconf 90' lang='lat' dir='ltr'><strong>cum</strong></span> <span class='ocrx_word' id='word_1_616' title='bbox 3618 3739 3778 3804; x_wconf 87' lang='lat' dir='ltr'><strong>edita,</strong></span> 
     </span>
    </p>
   </div>
   <div class='ocr_carea' id='block_1_84' title="bbox 2184 3821 3778 3897">
    <p class='ocr_par' dir='ltr' id='par_1_84' title="bbox 2184 3821 3778 3897">
     <span class='ocr_line' id='line_1_84' title="bbox 2184 3821 3778 3897; baseline 0.008 -22"><span class='ocrx_word' id='word_1_617' title='bbox 2184 3829 2296 3876; x_wconf 92' lang='lat' dir='ltr'><strong>tum</strong></span> <span class='ocrx_word' id='word_1_618' title='bbox 2327 3821 2553 3891; x_wconf 90' lang='lat' dir='ltr'><strong>inedita,</strong></span> <span class='ocrx_word' id='word_1_619' title='bbox 2581 3825 2836 3892; x_wconf 89' lang='lat' dir='ltr'><strong>contulit,</strong></span> <span class='ocrx_word' id='word_1_620' title='bbox 2868 3843 2931 3881; x_wconf 91' lang='lat' dir='ltr'><strong>ex</strong></span> <span class='ocrx_word' id='word_1_621' title='bbox 2959 3827 3154 3897; x_wconf 89' lang='lat' dir='ltr'><strong>quibus</strong></span> <span class='ocrx_word' id='word_1_622' title='bbox 3182 3829 3444 3886; x_wconf 83' lang='lat' dir='ltr'><strong>lectiones</strong></span> <span class='ocrx_word' id='word_1_623' title='bbox 3489 3848 3518 3886; x_wconf 90' lang='lat' dir='ltr'><strong>a</strong></span> <span class='ocrx_word' id='word_1_624' title='bbox 3548 3848 3645 3889; x_wconf 88' lang='lat' dir='ltr'><strong>sua</strong></span> <span class='ocrx_word' id='word_1_625' title='bbox 3672 3834 3778 3891; x_wconf 89' lang='lat' dir='ltr'><strong>edi-</strong></span> 
     </span>
    </p>
   </div>
   <div class='ocr_carea' id='block_1_85' title="bbox 2182 3917 3778 3999">
    <p class='ocr_par' dir='ltr' id='par_1_85' title="bbox 2182 3917 3778 3999">
     <span class='ocr_line' id='line_1_85' title="bbox 2182 3917 3778 3999; baseline 0.01 -29"><span class='ocrx_word' id='word_1_626' title='bbox 2182 3917 2332 3973; x_wconf 92' lang='lat' dir='ltr'><strong>tione</strong></span> <span class='ocrx_word' id='word_1_627' title='bbox 2359 3919 2632 3976; x_wconf 87' lang='lat' dir='ltr'><strong>variantes</strong></span> <span class='ocrx_word' id='word_1_628' title='bbox 2681 3921 2986 3990; x_wconf 87' lang='lat' dir='ltr'><strong>annotavit,</strong></span> <span class='ocrx_word' id='word_1_629' title='bbox 3019 3922 3088 3980; x_wconf 93' lang='lat' dir='ltr'><strong>de</strong></span> <span class='ocrx_word' id='word_1_630' title='bbox 3117 3925 3314 3996; x_wconf 90' lang='lat' dir='ltr'><strong>quibus</strong></span> <span class='ocrx_word' id='word_1_631' title='bbox 3349 3941 3496 3998; x_wconf 74' lang='lat' dir='ltr'><strong>saepe</strong></span> <span class='ocrx_word' id='word_1_632' title='bbox 3517 3929 3778 3999; x_wconf 87' lang='lat' dir='ltr'><strong>judicium</strong></span> 
     </span>
    </p>
   </div>
   <div class='ocr_carea' id='block_1_86' title="bbox 2181 4013 2761 4081">
    <p class='ocr_par' dir='ltr' id='par_1_86' title="bbox 2181 4013 2761 4081">
     <span class='ocr_line' id='line_1_86' title="bbox 2181 4013 2761 4081; baseline 0.007 -17"><span class='ocrx_word' id='word_1_633' title='bbox 2181 4023 2338 4066; x_wconf 90' lang='lat' dir='ltr'><strong>suum</strong></span> <span class='ocrx_word' id='word_1_634' title='bbox 2371 4013 2761 4081; x_wconf 86' lang='lat' dir='ltr'><strong>pronuntiavit.</strong></span> 
     </span>
    </p>
   </div>
   <div class='ocr_carea' id='block_1_87' title="bbox 2254 4103 3779 4186">
    <p class='ocr_par' dir='ltr' id='par_1_87' title="bbox 2254 4103 3779 4186">
     <span class='ocr_line' id='line_1_87' title="bbox 2254 4103 3779 4186; baseline 0.01 -29"><span class='ocrx_word' id='word_1_635' title='bbox 2254 4104 2342 4158; x_wconf 75' lang='lat'><strong>82.</strong></span> <span class='ocrx_word' id='word_1_636' title='bbox 2372 4103 2516 4159; x_wconf 84' lang='lat' dir='ltr'><strong>Misit</strong></span> <span class='ocrx_word' id='word_1_637' title='bbox 2541 4114 2806 4176; x_wconf 65' lang='lat' dir='ltr'><strong>praeterea</strong></span> <span class='ocrx_word' id='word_1_638' title='bbox 2832 4109 3126 4164; x_wconf 81' lang='lat' dir='ltr'><strong>Arntzenio</strong></span> <span class='ocrx_word' id='word_1_639' title='bbox 3150 4110 3492 4169; x_wconf 80' lang='lat' dir='ltr'><strong>Burmannus</strong></span> <span class='ocrx_word' id='word_1_640' title='bbox 3518 4114 3779 4186; x_wconf 86' lang='lat' dir='ltr'><strong>Excerpta</strong></span> 
     </span>
    </p>
   </div>
   <div class='ocr_carea' id='block_1_88' title="bbox 2179 4199 3778 4282">
    <p class='ocr_par' dir='ltr' id='par_1_88' title="bbox 2179 4199 3778 4282">
     <span class='ocr_line' id='line_1_88' title="bbox 2179 4199 3778 4282; baseline 0.011 -31"><span class='ocrx_word' id='word_1_641' title='bbox 2179 4199 2427 4268; x_wconf 73' lang='lat' dir='ltr'><strong>quaedam</strong></span> <span class='ocrx_word' id='word_1_642' title='bbox 2459 4215 2525 4255; x_wconf 80' lang='lat' dir='ltr'><strong>ex</strong></span> <span class='ocrx_word' id='word_1_643' title='bbox 2550 4211 2781 4271; x_wconf 90' lang='lat' dir='ltr'><strong>quatuor</strong></span> <span class='ocrx_word' id='word_1_644' title='bbox 2805 4202 3085 4259; x_wconf 90' lang='lat' dir='ltr'><strong>codicibus</strong></span> <span class='ocrx_word' id='word_1_645' title='bbox 3117 4205 3464 4265; x_wconf 75' lang='lat' dir='ltr'><strong>bibliothecae</strong></span> <span class='ocrx_word' id='word_1_646' title='bbox 3492 4210 3778 4282; x_wconf 81' lang='lat' dir='ltr'><strong>Lugdune-</strong></span> 
     </span>
    </p>
   </div>
   <div class='ocr_carea' id='block_1_89' title="bbox 2179 4292 3778 4374">
    <p class='ocr_par' dir='ltr' id='par_1_89' title="bbox 2179 4292 3778 4374">
     <span class='ocr_line' id='line_1_89' title="bbox 2179 4292 3778 4374; baseline 0.008 -26"><span class='ocrx_word' id='word_1_647' title='bbox 2179 4292 2395 4348; x_wconf 73' lang='lat' dir='ltr'><strong>Batavte</strong></span> <span class='ocrx_word' id='word_1_648' title='bbox 2421 4309 2448 4348; x_wconf 91' lang='lat' dir='ltr'><strong>a</strong></span> <span class='ocrx_word' id='word_1_649' title='bbox 2479 4293 2703 4351; x_wconf 89' lang='lat' dir='ltr'><strong>Nicolao</strong></span> <span class='ocrx_word' id='word_1_650' title='bbox 2743 4296 2969 4352; x_wconf 85' lang='lat' dir='ltr'><strong>Heinsio</strong></span> <span class='ocrx_word' id='word_1_651' title='bbox 2992 4297 3313 4370; x_wconf 88' lang='lat' dir='ltr'><strong>deprompta</strong></span> <span class='ocrx_word' id='word_1_652' title='bbox 3335 4343 3351 4370; x_wconf 94' lang='lat'><strong>,</strong></span> <span class='ocrx_word' id='word_1_653' title='bbox 3390 4313 3553 4374; x_wconf 90' lang='lat' dir='ltr'><strong>atque</strong></span> <span class='ocrx_word' id='word_1_654' title='bbox 3583 4306 3653 4361; x_wconf 92' lang='lat' dir='ltr'><strong>ab</strong></span> <span class='ocrx_word' id='word_1_655' title='bbox 3679 4306 3778 4362; x_wconf 88' lang='lat' dir='ltr'><strong>alio</strong></span> 
     </span>
    </p>
   </div>
   <div class='ocr_carea' id='block_1_90' title="bbox 2176 4383 3777 4456">
    <p class='ocr_par' dir='ltr' id='par_1_90' title="bbox 2176 4383 3777 4456">
     <span class='ocr_line' id='line_1_90' title="bbox 2176 4383 3777 4456; baseline 0.011 -17"><span class='ocrx_word' id='word_1_656' title='bbox 2176 4383 2245 4440; x_wconf 92' lang='lat' dir='ltr'><strong>ad</strong></span> <span class='ocrx_word' id='word_1_657' title='bbox 2275 4401 2425 4441; x_wconf 90' lang='lat' dir='ltr'><strong>oram</strong></span> <span class='ocrx_word' id='word_1_658' title='bbox 2456 4387 2708 4444; x_wconf 92' lang='lat' dir='ltr'><strong>editionis</strong></span> <span class='ocrx_word' id='word_1_659' title='bbox 2740 4388 3076 4447; x_wconf 74' lang='lat' dir='ltr'><strong>Fabriciante</strong></span> <span class='ocrx_word' id='word_1_660' title='bbox 3101 4407 3170 4448; x_wconf 90' lang='lat' dir='ltr'><strong>ex</strong></span> <span class='ocrx_word' id='word_1_661' title='bbox 3199 4392 3408 4451; x_wconf 83' lang='lat' dir='ltr'><strong>Heinsii</strong></span> <span class='ocrx_word' id='word_1_662' title='bbox 3438 4397 3658 4456; x_wconf 89' lang='lat' dir='ltr'><strong>schedis</strong></span> <span class='ocrx_word' id='word_1_663' title='bbox 3687 4400 3777 4456; x_wconf 80' lang='lat' dir='ltr'><strong>de-</strong></span> 
     </span>
    </p>
   </div>
   <div class='ocr_carea' id='block_1_91' title="bbox 2177 4476 3778 4561">
    <p class='ocr_par' dir='ltr' id='par_1_91' title="bbox 2177 4476 3778 4561">
     <span class='ocr_line' id='line_1_91' title="bbox 2177 4476 3778 4561; baseline 0.009 -30"><span class='ocrx_word' id='word_1_664' title='bbox 2177 4476 2400 4548; x_wconf 87' lang='lat' dir='ltr'><strong>scripta.</strong></span> <span class='ocrx_word' id='word_1_665' title='bbox 2449 4479 2662 4535; x_wconf 90' lang='lat' dir='ltr'><strong>Primus</strong></span> <span class='ocrx_word' id='word_1_666' title='bbox 2688 4480 2856 4536; x_wconf 90' lang='lat' dir='ltr'><strong>codex</strong></span> <span class='ocrx_word' id='word_1_667' title='bbox 2883 4491 2997 4537; x_wconf 87' lang='lat' dir='ltr'><strong>erat</strong></span> <span class='ocrx_word' id='word_1_668' title='bbox 3027 4497 3096 4537; x_wconf 83' lang='lat' dir='ltr'><strong>ex</strong></span> <span class='ocrx_word' id='word_1_669' title='bbox 3121 4498 3244 4538; x_wconf 91' lang='lat' dir='ltr'><strong>arca</strong></span> <span class='ocrx_word' id='word_1_670' title='bbox 3279 4485 3542 4555; x_wconf 87' lang='lat' dir='ltr'><strong>Vulcanii,</strong></span> <span class='ocrx_word' id='word_1_671' title='bbox 3586 4490 3778 4561; x_wconf 89' lang='lat' dir='ltr'><strong>reliqui</strong></span> 
     </span>
    </p>
   </div>
   <div class='ocr_carea' id='block_1_92' title="bbox 479 4547 2080 4659">
    <p class='ocr_par' dir='ltr' id='par_1_92' title="bbox 479 4586 2071 4659">
     <span class='ocr_line' id='line_1_92' title="bbox 479 4586 2071 4659; baseline -0.003 -12"><span class='ocrx_word' id='word_1_672' title='bbox 479 4592 659 4648; x_wconf 87' lang='lat' dir='ltr'><strong>tiones</strong></span> <span class='ocrx_word' id='word_1_673' title='bbox 687 4598 875 4643; x_wconf 91' lang='lat' dir='ltr'><strong>notatu</strong></span> <span class='ocrx_word' id='word_1_674' title='bbox 899 4588 1096 4659; x_wconf 65' lang='lat' dir='ltr'><strong>digna},</strong></span> <span class='ocrx_word' id='word_1_675' title='bbox 1117 4587 1223 4659; x_wconf 77' lang='lat'><strong>51</strong></span> <span class='ocrx_word' id='word_1_676' title='bbox 1252 4602 1428 4656; x_wconf 91' lang='lat' dir='ltr'><strong>neque</strong></span> <span class='ocrx_word' id='word_1_677' title='bbox 1449 4586 1576 4642; x_wconf 91' lang='lat' dir='ltr'><strong>alibi</strong></span> <span class='ocrx_word' id='word_1_678' title='bbox 1609 4587 1766 4643; x_wconf 80' lang='lat' dir='ltr'><strong>facile</strong></span> <span class='ocrx_word' id='word_1_679' title='bbox 1791 4587 2071 4658; x_wconf 89' lang='lat' dir='ltr'><strong>reperien-</strong></span> 
     </span>
    </p>
   </div>
   <div class='ocr_carea' id='block_1_93' title="bbox 2191 4547 3774 4659">
    <p class='ocr_par' dir='ltr' id='par_1_93' title="bbox 2191 4547 3774 4653">
     <span class='ocr_line' id='line_1_93' title="bbox 2191 4547 3774 4653; baseline 0.01 -28"><span class='ocrx_word' id='word_1_680' title='bbox 2191 4547 2301 4626; x_wconf 14' lang='lat' dir='ltr'><strong>.resﬁ</strong></span> <span class='ocrx_word' id='word_1_681' title='bbox 2319 4589 2384 4628; x_wconf 90' lang='lat' dir='ltr'><strong>ex</strong></span> <span class='ocrx_word' id='word_1_682' title='bbox 2413 4589 2538 4628; x_wconf 90' lang='lat' dir='ltr'><strong>arca</strong></span> <span class='ocrx_word' id='word_1_683' title='bbox 2564 4573 2749 4630; x_wconf 89' lang='lat' dir='ltr'><strong>Nansii</strong></span> <span class='ocrx_word' id='word_1_684' title='bbox 2778 4592 2792 4638; x_wconf 85' lang='lat'><strong>;</strong></span> <span class='ocrx_word' id='word_1_685' title='bbox 2823 4576 2916 4631; x_wconf 91' lang='lat' dir='ltr'><strong>sed</strong></span> <span class='ocrx_word' id='word_1_686' title='bbox 2944 4576 3085 4632; x_wconf 91' lang='lat' dir='ltr'><strong>inter</strong></span> <span class='ocrx_word' id='word_1_687' title='bbox 3110 4593 3170 4632; x_wconf 90' lang='lat' dir='ltr'><strong>se</strong></span> <span class='ocrx_word' id='word_1_688' title='bbox 3200 4579 3397 4635; x_wconf 89' lang='lat' dir='ltr'><strong>litteris</strong></span> <span class='ocrx_word' id='word_1_689' title='bbox 3427 4584 3490 4649; x_wconf 82' lang='grc' dir='ltr'><strong>Α,</strong></span> <span class='ocrx_word' id='word_1_690' title='bbox 3522 4582 3591 4651; x_wconf 87' lang='grc' dir='ltr'><strong>Β,</strong></span> <span class='ocrx_word' id='word_1_691' title='bbox 3613 4583 3672 4652; x_wconf 92' lang='lat' dir='ltr'><strong>C,</strong></span> <span class='ocrx_word' id='word_1_692' title='bbox 3705 4547 3774 4653; x_wconf 53' lang='grc' dir='ltr'><strong>ᾖ,</strong></span> 
     </span>
    </p>
   </div>
   <div class='ocr_carea' id='block_1_94' title="bbox 478 4679 2071 4751">
    <p class='ocr_par' dir='ltr' id='par_1_94' title="bbox 478 4679 2071 4751">
     <span class='ocr_line' id='line_1_94' title="bbox 478 4679 2071 4751; baseline -0.004 -10"><span class='ocrx_word' id='word_1_693' title='bbox 478 4685 580 4741; x_wconf 75' lang='lat' dir='ltr'><strong>dte.</strong></span> <span class='ocrx_word' id='word_1_694' title='bbox 610 4684 763 4736; x_wconf 82' lang='lat' dir='ltr'><strong>Hunc</strong></span> <span class='ocrx_word' id='word_1_695' title='bbox 791 4681 954 4751; x_wconf 83' lang='lat' dir='ltr'><strong>igitur</strong></span> <span class='ocrx_word' id='word_1_696' title='bbox 981 4681 1226 4735; x_wconf 91' lang='lat' dir='ltr'><strong>codicem</strong></span> <span class='ocrx_word' id='word_1_697' title='bbox 1253 4679 1521 4750; x_wconf 87' lang='lat' dir='ltr'><strong>intelligo,</strong></span> <span class='ocrx_word' id='word_1_698' title='bbox 1542 4695 1663 4734; x_wconf 92' lang='lat' dir='ltr'><strong>cum</strong></span> <span class='ocrx_word' id='word_1_699' title='bbox 1704 4695 1873 4735; x_wconf 86' lang='lat' dir='ltr'><strong>meum</strong></span> <span class='ocrx_word' id='word_1_700' title='bbox 1925 4683 2071 4736; x_wconf 89' lang='lat' dir='ltr'><strong>codi-</strong></span> 
     </span>
    </p>
   </div>
   <div class='ocr_carea' id='block_1_95' title="bbox 476 4771 2066 4843">
    <p class='ocr_par' dir='ltr' id='par_1_95' title="bbox 476 4771 2066 4843">
     <span class='ocr_line' id='line_1_95' title="bbox 476 4771 2066 4843; baseline -0.002 -11"><span class='ocrx_word' id='word_1_701' title='bbox 476 4794 586 4832; x_wconf 85' lang='lat' dir='ltr'><strong>cem</strong></span> <span class='ocrx_word' id='word_1_702' title='bbox 609 4773 854 4830; x_wconf 91' lang='lat' dir='ltr'><strong>nomino.</strong></span> <span class='ocrx_word' id='word_1_703' title='bbox 887 4773 1172 4843; x_wconf 85' lang='lat' dir='ltr'><strong>Antiquior</strong></span> <span class='ocrx_word' id='word_1_704' title='bbox 1194 4780 1279 4826; x_wconf 87' lang='lat' dir='ltr'><strong>est</strong></span> <span class='ocrx_word' id='word_1_705' title='bbox 1299 4771 1475 4826; x_wconf 85' lang='lat' dir='ltr'><strong>codex</strong></span> <span class='ocrx_word' id='word_1_706' title='bbox 1503 4772 1954 4828; x_wconf 86' lang='lat' dir='ltr'><strong>membranaceus</strong></span> <span class='ocrx_word' id='word_1_707' title='bbox 1985 4773 2066 4829; x_wconf 89' lang='lat' dir='ltr'><strong>in-</strong></span> 
     </span>
    </p>
   </div>
   <div class='ocr_carea' id='block_1_96' title="bbox 479 4863 2064 4937">
    <p class='ocr_par' dir='ltr' id='par_1_96' title="bbox 479 4863 2064 4937">
     <span class='ocr_line' id='line_1_96' title="bbox 479 4863 2064 4937; baseline -0.004 -10"><span class='ocrx_word' id='word_1_708' title='bbox 479 4871 567 4937; x_wconf 90' lang='lat'><strong>8°,</strong></span> <span class='ocrx_word' id='word_1_709' title='bbox 598 4877 673 4937; x_wconf 91' lang='lat' dir='ltr'><strong>et,</strong></span> <span class='ocrx_word' id='word_1_710' title='bbox 708 4875 767 4921; x_wconf 93' lang='lat' dir='ltr'><strong>ut</strong></span> <span class='ocrx_word' id='word_1_711' title='bbox 794 4865 1026 4934; x_wconf 91' lang='lat' dir='ltr'><strong>videtur,</strong></span> <span class='ocrx_word' id='word_1_712' title='bbox 1054 4863 1242 4919; x_wconf 60' lang='lat' dir='ltr'><strong>saeculi</strong></span> <span class='ocrx_word' id='word_1_713' title='bbox 1272 4879 1386 4930; x_wconf 79' lang='lat' dir='ltr'><strong>xui,</strong></span> <span class='ocrx_word' id='word_1_714' title='bbox 1423 4865 1477 4918; x_wconf 88' lang='lat' dir='ltr'><strong>in</strong></span> <span class='ocrx_word' id='word_1_715' title='bbox 1507 4864 1837 4919; x_wconf 90' lang='lat' dir='ltr'><strong>bibliotheca</strong></span> <span class='ocrx_word' id='word_1_716' title='bbox 1881 4865 2064 4921; x_wconf 89' lang='lat' dir='ltr'><strong>excel-</strong></span> 
     </span>
    </p>
   </div>
   <div class='ocr_carea' id='block_1_97' title="bbox 475 4957 2066 5029">
    <p class='ocr_par' dir='ltr' id='par_1_97' title="bbox 475 4957 2066 5029">
     <span class='ocr_line' id='line_1_97' title="bbox 475 4957 2066 5029; baseline -0.005 -8"><span class='ocrx_word' id='word_1_717' title='bbox 475 4963 798 5021; x_wconf 69' lang='lat' dir='ltr'><strong>lentissiman</strong></span> <span class='ocrx_word' id='word_1_718' title='bbox 824 4961 1020 5016; x_wconf 89' lang='lat' dir='ltr'><strong>domus</strong></span> <span class='ocrx_word' id='word_1_719' title='bbox 1048 4958 1296 5014; x_wconf 86' lang='lat' dir='ltr'><strong>Albaniae</strong></span> <span class='ocrx_word' id='word_1_720' title='bbox 1345 4957 1532 5012; x_wconf 71' lang='lat' dir='ltr'><strong>Roma:</strong></span> <span class='ocrx_word' id='word_1_721' title='bbox 1576 4968 1914 5026; x_wconf 85' lang='lat' dir='ltr'><strong>asservatus,</strong></span> <span class='ocrx_word' id='word_1_722' title='bbox 1959 4975 2066 5029; x_wconf 94' lang='lat' dir='ltr'><strong>quo</strong></span> 
     </span>
    </p>
   </div>
   <div class='ocr_carea' id='block_1_98' title="bbox 475 5050 2064 5121">
    <p class='ocr_par' dir='ltr' id='par_1_98' title="bbox 475 5050 2064 5121">
     <span class='ocr_line' id='line_1_98' title="bbox 475 5050 2064 5121; baseline -0.006 -5"><span class='ocrx_word' id='word_1_723' title='bbox 475 5059 640 5116; x_wconf 87' lang='lat' dir='ltr'><strong>etiam</strong></span> <span class='ocrx_word' id='word_1_724' title='bbox 662 5054 795 5109; x_wconf 89' lang='lat' dir='ltr'><strong>mihi</strong></span> <span class='ocrx_word' id='word_1_725' title='bbox 820 5052 898 5108; x_wconf 92' lang='lat' dir='ltr'><strong>uti</strong></span> <span class='ocrx_word' id='word_1_726' title='bbox 924 5052 1091 5108; x_wconf 90' lang='lat' dir='ltr'><strong>licuit.</strong></span> <span class='ocrx_word' id='word_1_727' title='bbox 1125 5050 1340 5107; x_wconf 85' lang='lat' dir='ltr'><strong>Titulus</strong></span> <span class='ocrx_word' id='word_1_728' title='bbox 1361 5050 1592 5121; x_wconf 82' lang='lat' dir='ltr'><strong>simplex</strong></span> <span class='ocrx_word' id='word_1_729' title='bbox 1649 5051 1920 5118; x_wconf 84' lang='lat' dir='ltr'><strong>Sedulius,</strong></span> <span class='ocrx_word' id='word_1_730' title='bbox 1963 5052 2064 5108; x_wconf 89' lang='lat' dir='ltr'><strong>sub</strong></span> 
     </span>
    </p>
   </div>
   <div class='ocr_carea' id='block_1_99' title="bbox 472 5146 2059 5223">
    <p class='ocr_par' dir='ltr' id='par_1_99' title="bbox 472 5146 2059 5223">
     <span class='ocr_line' id='line_1_99' title="bbox 472 5146 2059 5223; baseline -0.003 -17"><span class='ocrx_word' id='word_1_731' title='bbox 472 5167 581 5223; x_wconf 88' lang='lat' dir='ltr'><strong>quo</strong></span> <span class='ocrx_word' id='word_1_732' title='bbox 611 5148 938 5205; x_wconf 90' lang='lat' dir='ltr'><strong>describitur</strong></span> <span class='ocrx_word' id='word_1_733' title='bbox 966 5148 1224 5219; x_wconf 86' lang='lat' dir='ltr'><strong>prologus</strong></span> <span class='ocrx_word' id='word_1_734' title='bbox 1252 5147 1510 5203; x_wconf 89' lang='lat' dir='ltr'><strong>metricus</strong></span> <span class='ocrx_word' id='word_1_735' title='bbox 1545 5146 1848 5213; x_wconf 86' lang='lat' dir='ltr'><strong>Paschales,</strong></span> <span class='ocrx_word' id='word_1_736' title='bbox 1887 5158 1941 5202; x_wconf 93' lang='lat' dir='ltr'><strong>et</strong></span> <span class='ocrx_word' id='word_1_737' title='bbox 1965 5147 2059 5202; x_wconf 92' lang='lat' dir='ltr'><strong>lib.</strong></span> 
     </span>
    </p>
   </div>
   <div class='ocr_carea' id='block_1_100' title="bbox 472 5239 2059 5311">
    <p class='ocr_par' dir='ltr' id='par_1_100' title="bbox 472 5239 2059 5311">
     <span class='ocr_line' id='line_1_100' title="bbox 472 5239 2059 5311; baseline -0.003 -11"><span class='ocrx_word' id='word_1_738' title='bbox 472 5260 516 5310; x_wconf 91' lang='grc' dir='ltr'>ι,</span> <span class='ocrx_word' id='word_1_739' title='bbox 538 5259 660 5298; x_wconf 92' lang='lat' dir='ltr'><strong>cum</strong></span> <span class='ocrx_word' id='word_1_740' title='bbox 688 5241 1036 5298; x_wconf 90' lang='lat' dir='ltr'><strong>distinctione</strong></span> <span class='ocrx_word' id='word_1_741' title='bbox 1061 5249 1116 5298; x_wconf 86' lang='lat' dir='ltr'><strong>et</strong></span> <span class='ocrx_word' id='word_1_742' title='bbox 1143 5239 1486 5311; x_wconf 87' lang='lat' dir='ltr'><strong>argumentis</strong></span> <span class='ocrx_word' id='word_1_743' title='bbox 1509 5256 1689 5296; x_wconf 92' lang='lat' dir='ltr'><strong>rerum</strong></span> <span class='ocrx_word' id='word_1_744' title='bbox 1713 5241 1980 5296; x_wconf 92' lang='lat' dir='ltr'><strong>indicatis.</strong></span> <span class='ocrx_word' id='word_1_745' title='bbox 2002 5241 2059 5296; x_wconf 91' lang='lat' dir='ltr'><strong>ln</strong></span> 
     </span>
    </p>
   </div>
   <div class='ocr_carea' id='block_1_101' title="bbox 471 5333 2061 5406">
    <p class='ocr_par' dir='ltr' id='par_1_101' title="bbox 471 5333 2061 5406">
     <span class='ocr_line' id='line_1_101' title="bbox 471 5333 2061 5406; baseline -0.001 -16"><span class='ocrx_word' id='word_1_746' title='bbox 471 5337 581 5390; x_wconf 88' lang='lat' dir='ltr'><strong>ﬁne</strong></span> <span class='ocrx_word' id='word_1_747' title='bbox 621 5335 743 5390; x_wconf 88' lang='lat' dir='ltr'><strong>libri</strong></span> <span class='ocrx_word' id='word_1_748' title='bbox 769 5335 928 5405; x_wconf 91' lang='lat' dir='ltr'><strong>primi</strong></span> <span class='ocrx_word' id='word_1_749' title='bbox 961 5336 1214 5391; x_wconf 89' lang='lat' dir='ltr'><strong>rubrica:</strong></span> <span class='ocrx_word' id='word_1_750' title='bbox 1240 5333 1471 5404; x_wconf 75' lang='lat' dir='ltr'><strong>Explicit</strong></span> <span class='ocrx_word' id='word_1_751' title='bbox 1489 5334 1619 5389; x_wconf 86' lang='lat' dir='ltr'><strong>liber</strong></span> <span class='ocrx_word' id='word_1_752' title='bbox 1647 5337 1844 5406; x_wconf 86' lang='lat' dir='ltr'><strong>primus</strong></span> <span class='ocrx_word' id='word_1_753' title='bbox 1880 5335 2061 5389; x_wconf 74' lang='lat' dir='ltr'><strong>veteris</strong></span> 
     </span>
    </p>
   </div>
   <div class='ocr_carea' id='block_1_102' title="bbox 473 5424 2061 5500">
    <p class='ocr_par' dir='ltr' id='par_1_102' title="bbox 473 5424 2061 5500">
     <span class='ocr_line' id='line_1_102' title="bbox 473 5424 2061 5500; baseline -0.004 -16"><span class='ocrx_word' id='word_1_754' title='bbox 473 5427 812 5484; x_wconf 84' lang='lat' dir='ltr'><strong>Testamenti.</strong></span> <span class='ocrx_word' id='word_1_755' title='bbox 846 5427 1039 5500; x_wconf 87' lang='lat' dir='ltr'><strong>Incipit</strong></span> <span class='ocrx_word' id='word_1_756' title='bbox 1069 5427 1391 5484; x_wconf 85' lang='lat' dir='ltr'><strong>Testamenti</strong></span> <span class='ocrx_word' id='word_1_757' title='bbox 1443 5427 1559 5480; x_wconf 82' lang='lat' dir='ltr'><strong>novi</strong></span> <span class='ocrx_word' id='word_1_758' title='bbox 1604 5427 1732 5481; x_wconf 88' lang='lat' dir='ltr'><strong>liber</strong></span> <span class='ocrx_word' id='word_1_759' title='bbox 1760 5426 1823 5482; x_wconf 85' lang='lat' dir='ltr'><strong>de</strong></span> <span class='ocrx_word' id='word_1_760' title='bbox 1854 5424 2061 5498; x_wconf 75' lang='lat' dir='ltr'><strong>Expul-</strong></span> 
     </span>
    </p>
   </div>
   <div class='ocr_carea' id='block_1_103' title="bbox 463 5521 2056 5596">
    <p class='ocr_par' dir='ltr' id='par_1_103' title="bbox 463 5521 2056 5596">
     <span class='ocr_line' id='line_1_103' title="bbox 463 5521 2056 5596; baseline -0.003 -15"><span class='ocrx_word' id='word_1_761' title='bbox 463 5527 613 5581; x_wconf 84' lang='lat' dir='ltr'><strong>sione</strong></span> <span class='ocrx_word' id='word_1_762' title='bbox 642 5524 867 5578; x_wconf 88' lang='lat' dir='ltr'><strong>hominis</strong></span> <span class='ocrx_word' id='word_1_763' title='bbox 898 5525 960 5579; x_wconf 88' lang='lat' dir='ltr'><strong>de</strong></span> <span class='ocrx_word' id='word_1_764' title='bbox 988 5525 1250 5596; x_wconf 86' lang='lat' dir='ltr'><strong>paradiso.</strong></span> <span class='ocrx_word' id='word_1_765' title='bbox 1288 5521 1557 5576; x_wconf 90' lang='lat' dir='ltr'><strong>Dividitur</strong></span> <span class='ocrx_word' id='word_1_766' title='bbox 1585 5536 1803 5576; x_wconf 92' lang='lat' dir='ltr'><strong>carmen</strong></span> <span class='ocrx_word' id='word_1_767' title='bbox 1837 5521 1890 5576; x_wconf 88' lang='lat' dir='ltr'><strong>in</strong></span> <span class='ocrx_word' id='word_1_768' title='bbox 1920 5534 2056 5590; x_wconf 83' lang='lat' dir='ltr'><strong>qua-</strong></span> 
     </span>
    </p>
   </div>
   <div class='ocr_carea' id='block_1_104' title="bbox 467 5613 2054 5688">
    <p class='ocr_par' dir='ltr' id='par_1_104' title="bbox 467 5613 2054 5688">
     <span class='ocr_line' id='line_1_104' title="bbox 467 5613 2054 5688; baseline -0.002 -16"><span class='ocrx_word' id='word_1_769' title='bbox 467 5627 592 5674; x_wconf 91' lang='lat' dir='ltr'><strong>tuor</strong></span> <span class='ocrx_word' id='word_1_770' title='bbox 615 5619 782 5674; x_wconf 90' lang='lat' dir='ltr'><strong>libros</strong></span> <span class='ocrx_word' id='word_1_771' title='bbox 812 5635 825 5672; x_wconf 90' lang='lat'><strong>:</strong></span> <span class='ocrx_word' id='word_1_772' title='bbox 849 5631 1075 5688; x_wconf 91' lang='lat' dir='ltr'><strong>quartus</strong></span> <span class='ocrx_word' id='word_1_773' title='bbox 1098 5616 1290 5685; x_wconf 89' lang='lat' dir='ltr'><strong>incipit</strong></span> <span class='ocrx_word' id='word_1_774' title='bbox 1319 5631 1480 5671; x_wconf 89' lang='lat' dir='ltr'><strong>versu</strong></span> <span class='ocrx_word' id='word_1_775' title='bbox 1505 5613 1629 5668; x_wconf 76' lang='lat' dir='ltr'><strong>1am</strong></span> <span class='ocrx_word' id='word_1_776' title='bbox 1649 5615 1901 5685; x_wconf 88' lang='lat' dir='ltr'><strong>placidas,</strong></span> <span class='ocrx_word' id='word_1_777' title='bbox 1923 5622 2054 5681; x_wconf 87' lang='lat' dir='ltr'><strong>etc.,</strong></span> 
     </span>
    </p>
   </div>
   <div class='ocr_carea' id='block_1_105' title="bbox 465 5705 2053 5780">
    <p class='ocr_par' dir='ltr' id='par_1_105' title="bbox 465 5705 2053 5780">
     <span class='ocr_line' id='line_1_105' title="bbox 465 5705 2053 5780; baseline -0.001 -18"><span class='ocrx_word' id='word_1_778' title='bbox 465 5709 531 5763; x_wconf 87' lang='lat' dir='ltr'><strong>ad</strong></span> <span class='ocrx_word' id='word_1_779' title='bbox 559 5709 717 5763; x_wconf 87' lang='lat' dir='ltr'><strong>linem</strong></span> <span class='ocrx_word' id='word_1_780' title='bbox 753 5726 942 5780; x_wconf 82' lang='lat' dir='ltr'><strong>usque.</strong></span> <span class='ocrx_word' id='word_1_781' title='bbox 973 5711 1108 5764; x_wconf 87' lang='lat' dir='ltr'><strong>Tum</strong></span> <span class='ocrx_word' id='word_1_782' title='bbox 1134 5728 1145 5763; x_wconf 92' lang='lat'><strong>:</strong></span> <span class='ocrx_word' id='word_1_783' title='bbox 1179 5707 1410 5777; x_wconf 74' lang='lat' dir='ltr'><strong>Explicit</strong></span> <span class='ocrx_word' id='word_1_784' title='bbox 1433 5705 1560 5760; x_wconf 86' lang='lat' dir='ltr'><strong>liber</strong></span> <span class='ocrx_word' id='word_1_785' title='bbox 1581 5719 1792 5776; x_wconf 81' lang='lat' dir='ltr'><strong>quartus</strong></span> <span class='ocrx_word' id='word_1_786' title='bbox 1815 5709 2053 5778; x_wconf 74' lang='lat' dir='ltr'><strong>feliciter,</strong></span> 
     </span>
    </p>
   </div>
   <div class='ocr_carea' id='block_1_106' title="bbox 457 5801 2053 5872">
    <p class='ocr_par' dir='ltr' id='par_1_106' title="bbox 457 5801 2053 5872">
     <span class='ocr_line' id='line_1_106' title="bbox 457 5801 2053 5872; baseline -0.003 -12"><span class='ocrx_word' id='word_1_787' title='bbox 457 5819 629 5860; x_wconf 83' lang='lat' dir='ltr'><strong>amen.</strong></span> <span class='ocrx_word' id='word_1_788' title='bbox 673 5803 941 5872; x_wconf 82' lang='lat' dir='ltr'><strong>Incipiunt</strong></span> <span class='ocrx_word' id='word_1_789' title='bbox 972 5806 1206 5859; x_wconf 86' lang='lat' dir='ltr'><strong>carmina</strong></span> <span class='ocrx_word' id='word_1_790' title='bbox 1254 5801 1490 5869; x_wconf 67' lang='lat' dir='ltr'><strong>quasdam</strong></span> <span class='ocrx_word' id='word_1_791' title='bbox 1517 5801 1749 5868; x_wconf 83' lang='lat' dir='ltr'><strong>ejusdem</strong></span> <span class='ocrx_word' id='word_1_792' title='bbox 1781 5817 1798 5855; x_wconf 90' lang='lat'><strong><em>:</em></strong></span> <span class='ocrx_word' id='word_1_793' title='bbox 1845 5801 2053 5858; x_wconf 88' lang='lat' dir='ltr'><strong>scilicet</strong></span> 
     </span>
    </p>
   </div>
   <div class='ocr_carea' id='block_1_107' title="bbox 2179 4665 3776 4745">
    <p class='ocr_par' dir='ltr' id='par_1_107' title="bbox 2179 4665 3776 4745">
     <span class='ocr_line' id='line_1_107' title="bbox 2179 4665 3776 4745; baseline 0.008 -24"><span class='ocrx_word' id='word_1_794' title='bbox 2179 4665 2669 4738; x_wconf 87' lang='lat' dir='ltr'><strong>distinguebantur.</strong></span> <span class='ocrx_word' id='word_1_795' title='bbox 2703 4670 2942 4740; x_wconf 87' lang='lat' dir='ltr'><strong>Epistola</strong></span> <span class='ocrx_word' id='word_1_796' title='bbox 2971 4679 3176 4728; x_wconf 86' lang='lat' dir='ltr'><strong>tantum</strong></span> <span class='ocrx_word' id='word_1_797' title='bbox 3202 4673 3267 4728; x_wconf 92' lang='lat' dir='ltr'><strong>ad</strong></span> <span class='ocrx_word' id='word_1_798' title='bbox 3295 4673 3693 4745; x_wconf 82' lang='lat' dir='ltr'><strong>Macedonium,</strong></span> <span class='ocrx_word' id='word_1_799' title='bbox 3723 4687 3776 4736; x_wconf 88' lang='lat' dir='ltr'><strong>et</strong></span> 
     </span>
    </p>
   </div>
   <div class='ocr_carea' id='block_1_108' title="bbox 2177 4760 3775 4840">
    <p class='ocr_par' dir='ltr' id='par_1_108' title="bbox 2177 4760 3775 4840">
     <span class='ocr_line' id='line_1_108' title="bbox 2177 4760 3775 4840; baseline 0.011 -28"><span class='ocrx_word' id='word_1_800' title='bbox 2177 4761 2373 4814; x_wconf 89' lang='lat' dir='ltr'><strong>Asterii</strong></span> <span class='ocrx_word' id='word_1_801' title='bbox 2408 4760 2741 4832; x_wconf 89' lang='lat' dir='ltr'><strong>epigramma</strong></span> <span class='ocrx_word' id='word_1_802' title='bbox 2787 4763 2869 4818; x_wconf 91' lang='lat' dir='ltr'><strong>bis</strong></span> <span class='ocrx_word' id='word_1_803' title='bbox 2914 4764 3202 4836; x_wconf 80' lang='lat' dir='ltr'><strong>Excerptis</strong></span> <span class='ocrx_word' id='word_1_804' title='bbox 3236 4769 3775 4840; x_wconf 88' lang='lat' dir='ltr'><strong>comprehendeban-</strong></span> 
     </span>
    </p>
   </div>
   <div class='ocr_carea' id='block_1_109' title="bbox 2179 4851 3770 4926">
    <p class='ocr_par' dir='ltr' id='par_1_109' title="bbox 2179 4851 3770 4926">
     <span class='ocr_line' id='line_1_109' title="bbox 2179 4851 3770 4926; baseline 0.009 -20"><span class='ocrx_word' id='word_1_805' title='bbox 2179 4862 2287 4906; x_wconf 90' lang='lat' dir='ltr'><strong>tur.</strong></span> <span class='ocrx_word' id='word_1_806' title='bbox 2344 4851 2398 4906; x_wconf 93' lang='lat' dir='ltr'><strong>ln</strong></span> <span class='ocrx_word' id='word_1_807' title='bbox 2427 4852 2620 4909; x_wconf 91' lang='lat' dir='ltr'><strong>codice</strong></span> <span class='ocrx_word' id='word_1_808' title='bbox 2650 4855 2690 4908; x_wconf 96' lang='lat' dir='ltr'><strong>C</strong></span> <span class='ocrx_word' id='word_1_809' title='bbox 2735 4857 3030 4926; x_wconf 88' lang='lat' dir='ltr'><strong>ascriptum</strong></span> <span class='ocrx_word' id='word_1_810' title='bbox 3059 4869 3180 4914; x_wconf 87' lang='lat' dir='ltr'><strong>erat</strong></span> <span class='ocrx_word' id='word_1_811' title='bbox 3222 4862 3513 4919; x_wconf 89' lang='lat' dir='ltr'><strong>recentiori</strong></span> <span class='ocrx_word' id='word_1_812' title='bbox 3561 4881 3722 4921; x_wconf 86' lang='lat' dir='ltr'><strong>manu</strong></span> <span class='ocrx_word' id='word_1_813' title='bbox 3756 4884 3770 4920; x_wconf 88' lang='lat'><strong>:</strong></span> 
     </span>
    </p>
   </div>
   <div class='ocr_carea' id='block_1_110' title="bbox 2175 4944 3129 5016">
    <p class='ocr_par' dir='ltr' id='par_1_110' title="bbox 2175 4944 3129 5016">
     <span class='ocr_line' id='line_1_110' title="bbox 2175 4944 3129 5016; baseline 0.009 -19"><span class='ocrx_word' id='word_1_814' title='bbox 2175 4944 2548 5016; x_wconf 82' lang='lat' dir='ltr'><strong>Argumentum</strong></span> <span class='ocrx_word' id='word_1_815' title='bbox 2570 4946 2625 5000; x_wconf 89' lang='lat' dir='ltr'><strong>in</strong></span> <span class='ocrx_word' id='word_1_816' title='bbox 2657 4946 2845 5001; x_wconf 87' lang='lat' dir='ltr'><strong>librum</strong></span> <span class='ocrx_word' id='word_1_817' title='bbox 2875 4947 3082 5005; x_wconf 87' lang='lat' dir='ltr'><strong>Sedulii</strong></span> <span class='ocrx_word' id='word_1_818' title='bbox 3109 4968 3129 5006; x_wconf 86' lang='lat'><strong><em>:</em></strong></span> 
     </span>
    </p>
   </div>
   <div class='ocr_carea' id='block_1_111' title="bbox 2297 5103 3375 5174">
    <p class='ocr_par' dir='ltr' id='par_1_111' title="bbox 2297 5103 3375 5174">
     <span class='ocr_line' id='line_1_111' title="bbox 2297 5103 3375 5174; baseline 0.006 -18"><span class='ocrx_word' id='word_1_819' title='bbox 2297 5103 2576 5174; x_wconf 64' lang='lat' dir='ltr'><strong>Coptempit</strong></span> <span class='ocrx_word' id='word_1_820' title='bbox 2592 5105 2757 5174; x_wconf 79' lang='lat' dir='ltr'><strong>paleas</strong></span> <span class='ocrx_word' id='word_1_821' title='bbox 2780 5106 3012 5174; x_wconf 79' lang='lat' dir='ltr'><strong>sedulius</strong></span> <span class='ocrx_word' id='word_1_822' title='bbox 3029 5144 3044 5170; x_wconf 90' lang='lat'><strong>,</strong></span> <span class='ocrx_word' id='word_1_823' title='bbox 3070 5109 3214 5173; x_wconf 81' lang='lat' dir='ltr'><strong>eligit</strong></span> <span class='ocrx_word' id='word_1_824' title='bbox 3239 5117 3375 5174; x_wconf 86' lang='lat' dir='ltr'><strong>aptas</strong></span> 
     </span>
    </p>
   </div>
   <div class='ocr_carea' id='block_1_112' title="bbox 2360 5166 3207 5232">
    <p class='ocr_par' dir='ltr' id='par_1_112' title="bbox 2360 5166 3207 5232">
     <span class='ocr_line' id='line_1_112' title="bbox 2360 5166 3207 5232; baseline 0.008 -15"><span class='ocrx_word' id='word_1_825' title='bbox 2360 5167 2459 5218; x_wconf 82' lang='lat' dir='ltr'><strong>Res</strong></span> <span class='ocrx_word' id='word_1_826' title='bbox 2483 5166 2742 5232; x_wconf 80' lang='lat' dir='ltr'><strong>Evangelii</strong></span> <span class='ocrx_word' id='word_1_827' title='bbox 2760 5166 3207 5224; x_wconf 51' lang='lat' dir='ltr'><strong>sedulitate&#39;meti‘i.</strong></span> 
     </span>
    </p>
   </div>
   <div class='ocr_carea' id='block_1_113' title="bbox 2168 5335 3762 5412">
    <p class='ocr_par' dir='ltr' id='par_1_113' title="bbox 2168 5335 3762 5412">
     <span class='ocr_line' id='line_1_113' title="bbox 2168 5335 3762 5412; baseline 0.007 -21"><span class='ocrx_word' id='word_1_828' title='bbox 2168 5335 2286 5391; x_wconf 84' lang='lat' dir='ltr'><strong>Non</strong></span> <span class='ocrx_word' id='word_1_829' title='bbox 2311 5335 2472 5402; x_wconf 91' lang='lat' dir='ltr'><strong>male,</strong></span> <span class='ocrx_word' id='word_1_830' title='bbox 2493 5335 2714 5407; x_wconf 66' lang='lat' dir='ltr'><strong>utfputo,</strong></span> <span class='ocrx_word' id='word_1_831' title='bbox 2739 5347 2884 5394; x_wconf 91' lang='lat' dir='ltr'><strong>esset</strong></span> <span class='ocrx_word' id='word_1_832' title='bbox 2904 5341 3046 5412; x_wconf 88' lang='lat' dir='ltr'><strong>eligit</strong></span> <span class='ocrx_word' id='word_1_833' title='bbox 3071 5340 3224 5396; x_wconf 87' lang='lat' dir='ltr'><strong>altas.</strong></span> <span class='ocrx_word' id='word_1_834' title='bbox 3253 5343 3404 5399; x_wconf 91' lang='lat' dir='ltr'><strong>Dono</strong></span> <span class='ocrx_word' id='word_1_835' title='bbox 3423 5345 3591 5400; x_wconf 91' lang='lat' dir='ltr'><strong>etiam</strong></span> <span class='ocrx_word' id='word_1_836' title='bbox 3619 5345 3762 5402; x_wconf 89' lang='lat' dir='ltr'><strong>Petri</strong></span> 
     </span>
    </p>
   </div>
   <div class='ocr_carea' id='block_1_114' title="bbox 2168 5429 3756 5498">
    <p class='ocr_par' dir='ltr' id='par_1_114' title="bbox 2168 5429 3756 5498">
     <span class='ocr_line' id='line_1_114' title="bbox 2168 5429 3756 5498; baseline 0.008 -14"><span class='ocrx_word' id='word_1_837' title='bbox 2168 5429 2465 5485; x_wconf 89' lang='lat' dir='ltr'><strong>Burmanni</strong></span> <span class='ocrx_word' id='word_1_838' title='bbox 2493 5429 2727 5487; x_wconf 89' lang='lat' dir='ltr'><strong>Secundi</strong></span> <span class='ocrx_word' id='word_1_839' title='bbox 2759 5431 2945 5488; x_wconf 89' lang='lat' dir='ltr'><strong>habuit</strong></span> <span class='ocrx_word' id='word_1_840' title='bbox 2975 5434 3298 5493; x_wconf 86' lang='lat' dir='ltr'><strong>Arntzenius</strong></span> <span class='ocrx_word' id='word_1_841' title='bbox 3335 5439 3630 5496; x_wconf 91' lang='lat' dir='ltr'><strong>editionem</strong></span> <span class='ocrx_word' id='word_1_842' title='bbox 3659 5441 3756 5498; x_wconf 83' lang='lat' dir='ltr'><strong>Se-</strong></span> 
     </span>
    </p>
   </div>
   <div class='ocr_carea' id='block_1_115' title="bbox 2165 5523 3758 5597">
    <p class='ocr_par' dir='ltr' id='par_1_115' title="bbox 2165 5523 3758 5597">
     <span class='ocr_line' id='line_1_115' title="bbox 2165 5523 3758 5597; baseline 0.009 -19"><span class='ocrx_word' id='word_1_843' title='bbox 2165 5523 2298 5578; x_wconf 93' lang='lat' dir='ltr'><strong>dulii</strong></span> <span class='ocrx_word' id='word_1_844' title='bbox 2345 5523 2732 5594; x_wconf 89' lang='lat' dir='ltr'><strong>Cellarianam,</strong></span> <span class='ocrx_word' id='word_1_845' title='bbox 2785 5543 2888 5597; x_wconf 89' lang='lat' dir='ltr'><strong>qua</strong></span> <span class='ocrx_word' id='word_1_846' title='bbox 2922 5544 3051 5584; x_wconf 90' lang='lat' dir='ltr'><strong>usus</strong></span> <span class='ocrx_word' id='word_1_847' title='bbox 3082 5530 3257 5586; x_wconf 82' lang='lat' dir='ltr'><strong>fuerat</strong></span> <span class='ocrx_word' id='word_1_848' title='bbox 3287 5532 3430 5588; x_wconf 89' lang='lat' dir='ltr'><strong>Petri</strong></span> <span class='ocrx_word' id='word_1_849' title='bbox 3468 5533 3758 5592; x_wconf 89' lang='lat' dir='ltr'><strong>Burmanni</strong></span> 
     </span>
    </p>
   </div>
   <div class='ocr_carea' id='block_1_116' title="bbox 2163 5617 3758 5698">
    <p class='ocr_par' dir='ltr' id='par_1_116' title="bbox 2163 5617 3758 5698">
     <span class='ocr_line' id='line_1_116' title="bbox 2163 5617 3758 5698; baseline 0.009 -25"><span class='ocrx_word' id='word_1_850' title='bbox 2163 5617 2398 5674; x_wconf 88' lang='lat' dir='ltr'><strong>Secundi</strong></span> <span class='ocrx_word' id='word_1_851' title='bbox 2433 5627 2656 5688; x_wconf 89' lang='lat' dir='ltr'><strong>patruus</strong></span> <span class='ocrx_word' id='word_1_852' title='bbox 2687 5639 2700 5674; x_wconf 90' lang='lat'><strong>:</strong></span> <span class='ocrx_word' id='word_1_853' title='bbox 2733 5622 2889 5693; x_wconf 91' lang='lat' dir='ltr'><strong>cujus</strong></span> <span class='ocrx_word' id='word_1_854' title='bbox 2939 5640 3128 5696; x_wconf 90' lang='lat' dir='ltr'><strong>margo</strong></span> <span class='ocrx_word' id='word_1_855' title='bbox 3174 5628 3642 5698; x_wconf 81' lang='lat' dir='ltr'><strong>complectebatur</strong></span> <span class='ocrx_word' id='word_1_856' title='bbox 3670 5646 3758 5686; x_wconf 89' lang='lat' dir='ltr'><strong>va-</strong></span> 
     </span>
    </p>
   </div>
   <div class='ocr_carea' id='block_1_117' title="bbox 2162 5711 3750 5780">
    <p class='ocr_par' dir='ltr' id='par_1_117' title="bbox 2162 5711 3750 5780">
     <span class='ocr_line' id='line_1_117' title="bbox 2162 5711 3750 5780; baseline 0.007 -13"><span class='ocrx_word' id='word_1_857' title='bbox 2162 5711 2274 5767; x_wconf 91' lang='lat' dir='ltr'><strong>rias</strong></span> <span class='ocrx_word' id='word_1_858' title='bbox 2304 5711 2566 5768; x_wconf 90' lang='lat' dir='ltr'><strong>lectiones</strong></span> <span class='ocrx_word' id='word_1_859' title='bbox 2593 5730 2697 5769; x_wconf 92' lang='lat' dir='ltr'><strong>non</strong></span> <span class='ocrx_word' id='word_1_860' title='bbox 2727 5715 2901 5772; x_wconf 90' lang='lat' dir='ltr'><strong>solum</strong></span> <span class='ocrx_word' id='word_1_861' title='bbox 2935 5732 3000 5774; x_wconf 86' lang='lat' dir='ltr'><strong>ex</strong></span> <span class='ocrx_word' id='word_1_862' title='bbox 3031 5718 3170 5775; x_wconf 86' lang='lat' dir='ltr'><strong>Aldo</strong></span> <span class='ocrx_word' id='word_1_863' title='bbox 3201 5729 3256 5776; x_wconf 91' lang='lat' dir='ltr'><strong>et</strong></span> <span class='ocrx_word' id='word_1_864' title='bbox 3297 5721 3538 5778; x_wconf 89' lang='lat' dir='ltr'><strong>editione</strong></span> <span class='ocrx_word' id='word_1_865' title='bbox 3567 5725 3750 5780; x_wconf 85' lang='lat' dir='ltr'><strong>Edim-</strong></span> 
     </span>
    </p>
   </div>
   <div class='ocr_carea' id='block_1_118' title="bbox 2157 5807 3750 5890">
    <p class='ocr_par' dir='ltr' id='par_1_118' title="bbox 2157 5807 3750 5890">
     <span class='ocr_line' id='line_1_118' title="bbox 2157 5807 3750 5890; baseline 0.009 -27"><span class='ocrx_word' id='word_1_866' title='bbox 2157 5807 2434 5877; x_wconf 89' lang='lat' dir='ltr'><strong>burgensi,</strong></span> <span class='ocrx_word' id='word_1_867' title='bbox 2467 5809 2561 5866; x_wconf 88' lang='lat' dir='ltr'><strong>sed</strong></span> <span class='ocrx_word' id='word_1_868' title='bbox 2589 5812 2753 5867; x_wconf 86' lang='lat' dir='ltr'><strong>etiam</strong></span> <span class='ocrx_word' id='word_1_869' title='bbox 2785 5827 2851 5869; x_wconf 79' lang='lat' dir='ltr'><strong>ex</strong></span> <span class='ocrx_word' id='word_1_870' title='bbox 2885 5813 3072 5871; x_wconf 90' lang='lat' dir='ltr'><strong>codice</strong></span> <span class='ocrx_word' id='word_1_871' title='bbox 3104 5831 3206 5872; x_wconf 90' lang='lat' dir='ltr'><strong>ms.</strong></span> <span class='ocrx_word' id='word_1_872' title='bbox 3237 5816 3580 5876; x_wconf 67' lang='lat' dir='ltr'><strong>bibliothecae</strong></span> <span class='ocrx_word' id='word_1_873' title='bbox 3612 5821 3750 5890; x_wconf 85' lang='lat' dir='ltr'><strong>Lug-</strong></span> 
     </span>
    </p>
   </div>
  </div>
