4060 6320
230 275 339 334 475

1623 281 2164 343 PROLEGOMENA.

3419 298 3528 357 ιη

231 389 656 459 duno-Batavm,
703 392 794 464 qui
831 393 1105 464 reperitur
1131 401 1258 451 ante
1286 409 1450 466 opera
1479 393 1715 468 Virgilii,
1760 406 1836 466 et,
1863 401 1917 462 Α
1943 415 2048 457 nus
2093 401 2138 456 Α
2177 401 2300 458 solis
2327 413 2468 460 ortus
2491 447 2506 474 ,
2537 405 2804 464 monitum
2839 408 2954 467 Hoc
2993 427 3125 482 opus
3166 411 3418 468 Sedulius
3440 455 3455 480 ,
3475 422 3534 468 ut

232 494 287 541 ut
316 502 345 539 a
372 486 612 558 reliquis
660 500 912 560 quatuor,
951 489 1018 545 de
1043 489 1238 559 quibus
1265 490 1466 548 dictum
1494 502 1596 559 est,
1639 493 1834 548 distin-

230 591 460 652 guatur,
493 581 687 638 littera
715 581 766 637 E
813 582 1149 655 designatur.
1198 585 1444 643 Accessit
1486 587 1715 658 epistola
1755 586 1839 643 in-

231 673 370 729 edita
419 673 484 728 P.
531 675 834 732 Burmanni
866 677 933 732 ad
971 676 1125 733 Gisb.
1156 677 1427 749 Cuperum
1450 721 1465 746 ,
1493 678 1583 735 die
1610 679 1680 735 98
1709 679 1838 737 Julii

231 765 364 826 1704
395 766 552 834 data,
586 769 648 824 in
675 786 778 841 qua
810 770 990 840 plures
1011 782 1067 827 et
1087 772 1506 843 elegantissima:
1525 783 1680 828 erant
1706 773 1837 828 Bur-

232 859 408 916 manni
446 860 816 931 conjecturae.
863 862 1116 930 Quredant
1149 864 1308 920 etiam
1342 865 1456 934 ipse
1479 864 1671 920 Petrus
1701 865 1839 921 Bur-

237 971 458 1010 mannus
511 956 805 1013 Secundus
851 957 1026 1014 eidem
1075 973 1191 1014 sua:
1241 959 1561 1016 Cellarianzc
1614 959 1836 1016 editioni

234 1051 578 1121 ascripserat.

293 1143 380 1199 85.
415 1142 739 1213 Grunerus,
769 1146 860 1218 qui
893 1147 1052 1218 paulo
1095 1157 1221 1204 ante
1247 1147 1525 1205 Sedulium
1567 1148 1832 1217 ediderat,

230 1235 398 1292 nullos
443 1237 699 1306 codices,
749 1239 865 1296 sive
893 1242 1221 1311 exemplaria
1264 1259 1396 1298 mss.
1445 1243 1562 1314 ipse
1605 1242 1830 1309 viderat,

228 1329 314 1386 sed
343 1345 475 1386 usus
506 1341 698 1388 tamen
731 1334 830 1388 fuit
857 1333 1099 1391 editione
1128 1334 1478 1390 Tornazsiaua
1509 1337 1634 1389 anni
1669 1335 1830 1403 1565,

225 1439 341 1480 cum
375 1427 527 1480 n0tis
553 1442 693 1482 mss.
726 1428 870 1483 Erici
901 1428 1139 1486 Benzelii
1159 1472 1174 1498 ,
1203 1446 1271 1486 ex
1299 1445 1403 1486 ms.
1435 1430 1829 1495 Cantuariensi,

227 1519 408 1576 codice
430 1521 654 1589 Nansii,
689 1532 745 1578 et
770 1523 956 1580 codice
982 1524 1227 1580 Vulcanii
1256 1543 1270 1580 :
1295 1542 1363 1580 ex
1396 1527 1478 1582 bis
1499 1537 1677 1582 autem
1707 1525 1834 1580 duo-

225 1615 319 1671 bus
345 1617 397 1670 in
428 1617 555 1672 solo
580 1619 788 1690 primo,
818 1634 992 1690 neque
1028 1620 1237 1691 integro
1264 1619 1425 1676 libro.
1469 1620 1548 1676 Ex
1589 1621 1672 1676 his
1697 1621 1830 1692 ipsis

226 1709 431 1768 duobus
475 1712 786 1784 codicibus,
831 1729 860 1768 a
900 1715 1016 1770 Nic.
1061 1714 1278 1770 Heinsio
1321 1716 1556 1781 collatis,
1599 1716 1828 1788 profecit

223 1805 377 1859 etiam
403 1807 770 1872 Arntzenius,
798 1808 889 1878 qui
919 1824 1016 1864 eos
1042 1820 1350 1879 opportune
1379 1809 1583 1866 laudat.

293 1896 397 1970 53
409 1899 504 1955 84.
523 1898 798 1955 Cellarius
826 1901 891 1956 ad
915 1916 1066 1956 suam
1095 1901 1390 1958 editionem
1415 1902 1644 1970 Sedulii,
1667 1920 1828 1975 quam

224 1990 325 2047 hoc
368 1994 573 2048 saeculo
623 1994 852 2050 ineunte
898 1997 1249 2066 procuravit,
1291 1995 1541 2052 adhibuit
1584 1998 1827 2054 codicem

227 2098 325 2139 ms.
353 2083 603 2154 Sedulii,
632 2086 838 2158 oppido
888 2089 1198 2159 antiquum,
1225 2104 1293 2144 ex
1335 2087 1659 2145 bibliotheca
1691 2091 1832 2146 Pau-

227 2175 333 2230 lina
363 2177 671 2248 Lipsiensis
697 2179 1036 2250 Academiae,
1068 2180 1264 2236 librum
1297 2181 1505 2237 Sedulii
1531 2199 1600 2238 ex
1635 2183 1826 2240 biblio-

231 2269 384 2325 theca
405 2268 709 2329 Christiani
740 2273 974 2341 Daumii,
999 2289 1161 2344 quem
1189 2274 1397 2344 Gaspar
1427 2276 1680 2332 Barthius
1703 2295 1824 2334 cum

235 2364 430 2434 scripto
454 2367 652 2424 codice
674 2379 1090 2441 composuerat,
1123 2370 1318 2426 deinde
1347 2370 1538 2438 alium,
1571 2373 1638 2428 ab
1666 2371 1825 2429 Erico

231 2456 478 2517 Beuzelio
504 2460 882 2532 Cantabrigite
903 2478 1024 2518 cum
1050 2465 1276 2521 vetustis
1307 2465 1637 2521 membranis
1657 2467 1825 2521 colla-

230 2557 334 2604 tum
357 2593 370 2616 ,
402 2564 456 2607 et
478 2552 716 2625 [iterum
741 2555 936 2621 alium,
968 2570 1126 2627 quem
1157 2554 1274 2612 Nic.
1310 2557 1560 2612 Heinsius
1587 2572 1685 2628 per
1713 2567 1824 2613 tres

229 2644 428 2716 priores
470 2646 656 2704 libros
677 2647 752 2703 ad
779 2657 1048 2704 vetustum
1093 2650 1336 2706 codicem
1361 2661 1635 2720 exegerat.
1665 2649 1826 2706 Com-

231 2750 488 2798 memorat
527 2743 704 2800 etiam
734 2741 997 2800 Cellarius
1028 2744 1371 2800 membranas
1405 2746 1628 2814 optimm
1656 2755 1820 2814 notae,

232 2848 350 2904 quas
378 2835 724 2893 Theodorus
772 2837 1068 2894 Jansouius
1119 2839 1186 2892 ab
1234 2839 1582 2896 Almeloveen
1633 2840 1820 2895 misit:

240 2931 415 2999 quibus
457 2933 638 2988 etiam
687 2946 816 2988 usus
841 2944 925 2989 est
955 2933 1304 2988 Arntzenius.
1335 2933 1673 3004 Cappusotus
1692 2976 1706 3000 ,
1729 2935 1818 3004 qui

235 3023 516 3081 editionem
562 3025 806 3094 Sedulii,
836 3042 988 3082 num.
1019 3027 1088 3082 95
1113 3027 1499 3082 recensendam
1523 3070 1537 3093 ,
1567 3043 1823 3098 procura-

231 3114 325 3184 vit,
354 3117 506 3186 plura
531 3117 875 3188 exemplaria
899 3132 1031 3174 mss.
1064 3119 1320 3184 contulit,
1348 3118 1444 3174 sed
1468 3121 1663 3190 partim
1705 3136 1823 3174 tnu-

231 3206 332 3274 tila,
358 3211 570 3279 partim
603 3209 818 3266 mendis
844 3225 1087 3282 aspersa.

293 3302 378 3357 85.
423 3305 627 3360 Plures
655 3305 748 3360 alii
777 3305 877 3360 viri
924 3305 1154 3372 eruditi,
1182 3307 1270 3376 qui
1317 3305 1522 3364 Sedulii
1568 3307 1814 3379 quadam

230 3391 340 3449 loca
362 3397 748 3463 illustrarunt,
779 3399 995 3453 codices
1027 3413 1159 3454 mss.
1184 3398 1424 3466 laudant,
1456 3408 1515 3454 ut
1539 3400 1813 3468 Barthius,

230 3488 311 3557 qui
341 3505 481 3562 saepe
509 3491 658 3548 duos
685 3491 877 3547 saltem
909 3493 1156 3559 codices,
1188 3494 1419 3550 alterum
1458 3494 1635 3550 altero
1677 3496 1818 3550 auti-

236 3585 454 3650 quiorem
481 3628 498 3653 ,
533 3586 605 3642 ad
637 3602 834 3641 versus
855 3595 1140 3655 corruptos
1167 3587 1538 3644 emendandos
1569 3589 1773 3659 profert
1797 3606 1812 3657 ;

240 3672 293 3731 ϐ.
319 3677 638 3749 Fabricius,
670 3681 740 3736 de
771 3681 924 3752 cujus
949 3691 1184 3752 quatuor
1215 3698 1346 3736 mss.
1389 3683 1672 3738 codicibus
1693 3684 1816 3738 vide

232 3783 366 3828 nunt.
395 3775 497 3842 '55;
534 3774 788 3831 Wassius
814 3775 864 3829 in
893 3790 987 3829 sua
1022 3775 1263 3831 Sallustii
1311 3775 1581 3842 editione,
1615 3777 1682 3830 de
1706 3793 1814 3846 quo

229 3863 277 3919 in
303 3868 520 3926 scbuliis
548 3870 617 3925 ad
641 3883 788 3925 vers.
816 3869 1110 3936 29,116,l.
1141 3885 1208 3935 ιι;
1237 3870 1510 3934 Davisius,
1530 3870 1623 3941 qui
1652 3886 1816 3940 quos-

229 3960 344 4018 dam
373 3982 497 4025 mss.
535 3967 760 4024 codices
785 3975 1213 4032 commemorat,
1244 3980 1299 4021 ut
1345 3966 1521 4021 dicam
1562 3967 1631 4020 ad
1679 3966 1713 4021 Ι.
1753 3982 1812 4033 ι,

226 4070 364 4114 vers.
393 4061 516 4118 105.

293 4150 377 4207 86.
437 4153 744 4210 Bandinius
816 4155 868 4208 in
923 4153 1188 4224 Catalogo
1237 4152 1499 4210 Biblioth.
1549 4151 1806 4207 Laurent.

224 4239 452 4302 Florent.
489 4258 534 4303 t.
595 4262 696 4313 tn,
753 4262 872 4316 pag.
921 4247 1026 4302 722
1056 4263 1210 4318 seq.,
1264 4257 1516 4303 recenset
1566 4247 1808 4302 codicem

223 4342 694 4398 membranaceum
728 4341 912 4396 saeculi
945 4357 1034 4406 xv,
1063 4357 1171 4412 quo
1215 4341 1576 4410 Prudentius,
1607 4340 1807 4397 Juven-

221 4445 339 4500 cus,
369 4448 535 4508 atque
563 4436 658 4492 alii
709 4447 882 4506 poetae
921 4435 1204 4491 christiani
1250 4437 1617 4492 continentur.
1647 4436 1803 4490 Num.

1941 494 2096 550 alibi.
2138 495 2374 554 Postea:
2405 497 2543 568 Deo,
2581 512 2628 556 et
2671 501 2897 560 Demino
2934 517 3110 564 nostra
3154 506 3287 564 Jesu
3329 507 3535 566 Christo

1941 588 2051 663 54
2066 589 2400 663 Redemptori
2412 593 2628 651 humani
2650 602 2849 671 generis
2869 601 3157 672 sitinﬁnila
3180 604 3315 671 laus,
3339 607 3428 676 qui
3451 623 3532 663 me

1941 693 2258 752 peccatorem
2306 688 2558 757 famulum
2605 707 2755 746 suum
2805 696 3152 767 evangelicum
3201 698 3527 766 doctrinam,

1939 791 2094 846 quam
2134 775 2310 832 beatus
2338 778 2588 836 Sedulius
2608 801 2698 856 per
2724 801 2896 842 versus
2919 790 3176 846 ordinavit
3201 837 3216 861 ,
3265 793 3532 850 scribendo

1939 868 2092 938 finire
2117 873 2388 943 permisit:
2413 875 2502 946 qui
2527 877 2644 930 vivit
2675 887 2721 932 et
2746 890 2926 952 regnat
2956 901 3071 938 cum
3093 884 3200 940 Deo
3223 884 3528 957 Patre,etc.

1940 961 2301 1035 Subjungitur
2322 966 2511 1021 notitia
2543 969 2790 1040 quaedam
2819 973 2886 1030 de
2913 984 3136 1033 auctore
3165 981 3451 1047 poematis,
3475 993 3530 1038 et

1937 1056 2007 1113 de
2037 1061 2324 1118 occasione
2349 1076 2452 1132 qua
2477 1062 2612 1119 illud
2639 1069 2979 1138 composuit:
3015 1071 3094 1128 sic
3119 1072 3322 1144 incipit,
3347 1074 3414 1130 In
3441 1093 3530 1131 ca-

1939 1155 2046 1225 pite
2090 1157 2500 1231 uniuscujusque
2553 1160 2701 1228 libri;
2747 1162 2988 1231 desinit,
3031 1168 3428 1236 munifestantur
3470 1187 3532 1226 ea

1937 1263 2052 1318 quae
2077 1249 2130 1302 in
2160 1249 2305 1304 libris
2333 1252 2674 1308 continentur.
2707 1254 2910 1312 Deinde
2956 1257 3111 1313 adest
3139 1260 3383 1330 praefatio
3415 1278 3530 1319 me-

1938 1343 2072 1397 trica
2101 1342 2387 1399 Paschales
2407 1386 2422 1409 ,
2449 1354 2504 1402 et
2535 1361 2755 1404 carmen
2803 1351 3058 1418 paschale
3084 1393 3100 1419 ,
3125 1362 3357 1421 quatuor
3380 1355 3530 1410 libris

1936 1439 2411 1508 comprehensum,
2446 1452 2502 1496 ut
2535 1443 2585 1498 in
2608 1444 2882 1501 similibus
2909 1449 3150 1505 recentis
3178 1451 3356 1507 anatis
3379 1451 3529 1507 codi-

1934 1531 2111 1588 cibus.
2157 1534 2287 1590 Post
2332 1551 2550 1592 carmen
2611 1538 2901 1609 paschale,
2944 1545 3066 1598 sine
3119 1544 3305 1611 titulo,
3357 1547 3531 1618 elegia

1935 1625 2232 1684 Cantemus.
2254 1629 2421 1700 Hujus
2443 1631 2649 1687 codicis
2672 1635 2896 1690 memini
2926 1636 3161 1692 etiamin
3184 1637 3534 1711 Prolegome-

1935 1723 2019 1778 nis
2069 1723 2136 1778 ad
2185 1723 2544 1780 Prudentium
2592 1736 2646 1782 et
2674 1727 3015 1785 Juveucnm:
3050 1731 3144 1800 qui
3173 1732 3533 1790 nitidissimus

1859 1807 1904 1867 Β
1933 1817 2134 1874 dicitur
2157 1835 2184 1870 a
2215 1819 2486 1874 Bandinio
2505 1864 2518 1884 ,
2554 1836 2678 1875 cum
2706 1822 3005 1878 initialibus
3027 1823 3288 1881 librorum
3313 1827 3494 1882 aureis
3513 1869 3528 1892 ,

1931 1922 1988 1966 et
2013 1928 2078 1966 ex
2101 1913 2470 1968 vetustissimo
2498 1915 2826 1985 exemplari,
2851 1925 2910 1970 ut
2937 1917 3172 1985 videtur,
3197 1919 3526 1991 descriptus.

1929 2003 2089 2060 Juvat
2121 2003 2224 2059 hoc
2267 2007 2385 2061 loco
2411 2006 2729 2078 advertere,
2759 2009 2963 2066 sacculo
2992 2027 3083 2077 xv,
3107 2025 3227 2066 cum
3257 2011 3412 2067 bonae
3439 2012 3530 2067 lit-

1929 2109 2061 2155 tera:
2087 2102 2300 2156 restitui
2331 2112 2640 2173 cmperunt,
2672 2119 2870 2176 magno
2897 2106 2949 2160 in
2975 2104 3187 2163 honore
3212 2106 3378 2163 fuisse
3402 2121 3531 2177 poe-

1927 2203 2011 2250 tas
2038 2194 2366 2251 christianos
2396 2206 2611 2252 veteres
2637 2240 2652 2263 ,
2685 2199 2775 2269 qui
2807 2214 2872 2254 ex
2896 2201 3289 2268 antiquissimis
3317 2199 3525 2257 codici-

1926 2287 2028 2344 bus
2058 2289 2213 2344 avide
2234 2299 2287 2345 et
2314 2291 2597 2360 eleganter
2618 2291 3092 2350 describebantur.
3120 2293 3391 2350 Ambrosii
3421 2292 3526 2349 Ca-

1927 2383 2278 2438 maldulensis
2305 2385 2520 2440 celebre
2557 2397 2645 2441 est
2685 2402 2888 2443 nomen
2920 2389 3061 2444 inter
3087 2405 3204 2458 eos,
3236 2389 3330 2461 qui
3373 2400 3524 2446 vete-

1927 2491 2048 2530 rum
2106 2487 2460 2532 monumenta
2513 2493 2846 2536 conservare
2883 2491 2938 2536 et
2969 2483 3246 2538 illustrare
3297 2482 3522 2543 studue-

1926 2577 2051 2622 runt
2077 2586 2089 2621 :
2120 2568 2183 2634 is,
2221 2568 2257 2622 l.
2289 2585 2346 2635 n,
2375 2570 2536 2639 epist.
2588 2570 2675 2634 M,
2713 2583 2843 2627 tom.
2895 2573 2963 2628 Ill
2989 2574 3218 2632 Collect.
3249 2575 3478 2632 Marten.
3509 2620 3524 2646 ,

1925 2660 1992 2714 ad
2021 2660 2338 2718 Michaelem
2370 2664 2722 2729 monachum,
2759 2667 2850 2736 qui
2893 2668 3142 2724 codicum
3177 2671 3524 2742 antiquorum

1925 2755 2232 2824 exscriptor
2261 2763 2318 2812 et
2346 2769 2622 2813 correcmr
2646 2769 2785 2824 erat,
2818 2760 2900 2814 sic
2927 2761 3206 2818 scribebat
3230 2781 3242 2817 :
3269 2763 3527 2821 Cardina-

1925 2847 1992 2903 Iis
2021 2860 2194 2905 noster
2224 2852 2493 2906 transcribi
2520 2852 2617 2906 sibi
2649 2851 2994 2907 Prudentium
3027 2854 3407 2933 Seduliumque
3433 2879 3529 2916 cu-

1925 2941 2034 3010 pit,
2083 2942 2423 2996 ornatissimis
2468 2951 2619 3014 atque
2675 2944 2883 3014 optimis
2931 2943 3118 3000 litteris
3161 2964 3182 3002 .'
3234 2949 3521 3007 Iuvencum

1925 3033 2096 3087 adhuc
2123 3035 2403 3092 desiderat.

1996 3125 2173 3180 87.111
2225 3127 2552 3186 bibliotheca
2598 3130 2913 3185 Florentina
2964 3130 3021 3188 S.
3072 3133 3284 3204 Crucis,
3322 3137 3520 3194 Bandi-

1844 3200 1890 3262 Ο
1923 3219 2066 3286 nius,
2099 3227 2230 3274 tom.
2259 3237 2312 3276 tv
2334 3263 2347 3286 ,
2373 3237 2496 3293 pag.
2532 3223 2656 3289 178,
2687 3225 2822 3294 plut.
2853 3224 2958 3293 ‘24,
2986 3226 3246 3283 describit
3271 3200 3513 3287 codicem

1919 3315 2008 3376 11,
2031 3329 2140 3384 qun
2166 3313 2392 3382 Sedulii,
2417 3316 2572 3372 Statii
2599 3329 2653 3372 et
2681 3317 2968 3373 Claudiani
2999 3323 3240 3376 carmina
3269 3325 3514 3394 qumdam

1916 3406 2293 3463 continentur.
2337 3409 2544 3465 Sedulii
2576 3411 2748 3466 nostri
2774 3414 3018 3468 carmina
3053 3415 3156 3469 hoc
3185 3415 3375 3470 ordine
3406 3419 3519 3473 col-

1916 3499 2166 3556 locantur
2211 3500 2332 3556 sine
2363 3503 2529 3558 certis
2559 3503 2764 3559 titulis:
2801 3507 2979 3575 primo
3017 3507 3262 3575 praefatio
3293 3509 3514 3564 metrica

1919 3593 2239 3664 Paschales,
2279 3600 2523 3654 secundo
2571 3616 2790 3656 carmen
2825 3603 3113 3670 paschale,
3143 3604 3305 3658 tertio
3344 3603 3518 3674 elegia

1917 3687 2194 3744 Cantemus
2213 3734 2226 3756 ,
2251 3701 2447 3761 quarto
2471 3692 2811 3762 epigramma
2842 3693 2971 3748 Rrec
2992 3705 3110 3760 tua,
3143 3697 3333 3767 quinto
3365 3696 3520 3769 bym-

1917 3798 2019 3837 nus
2069 3784 2110 3836 Α
2169 3784 2294 3838 solis
2336 3796 2518 3852 ortus,
2546 3797 2701 3841 sexto
2733 3786 2890 3840 Liber
2927 3788 3170 3852 Sedulii,
3203 3805 3294 3842 seu
3349 3791 3518 3858 potius

1915 3877 2146 3944 epistola:
2176 3879 2530 3950 fragmentum
2574 3879 2888 3948 fugientibus
2926 3882 3110 3934 litteris
3137 3891 3406 3936 exaratum
3449 3884 3517 3936 ad

1917 3967 2281 4022 Macedonium
2311 3969 2689 4040 presbyterum.
2718 3972 2806 4026 Sic
2837 3971 2914 4025 ait
2939 3972 3272 4040 Bandinius;
3304 3975 3423 4039 sed,
3461 3985 3516 4029 ut

1915 4062 2188 4135 colligitur
2226 4078 2292 4117 ex
2327 4063 2506 4117 verbis
2537 4065 2783 4132 epistola:
2812 4065 2882 4118 ab
2913 4081 2979 4120 eo
3008 4066 3256 4121 adductis
3278 4109 3290 4132 ,
3320 4077 3516 4136 prmtcr

1916 4157 2330 4226 inscriptionem
2384 4155 2630 4225 epistola:
2675 4159 2740 4208 ad
2792 4157 3166 4212 Macedonium
3203 4160 3332 4212 nihil
3365 4158 3511 4214 aliud

1913 4263 1999 4306 est
2047 4251 2294 4308 Sedulii:
2330 4265 2454 4304 nam
2496 4266 2617 4317 quae
2664 4251 3064 4319 subjiciuntur,
3098 4253 3165 4306 ad
3209 4254 3512 4308 recentiora

1914 4354 2166 4419 tempora
2221 4345 2524 4417 pertinent,
2573 4347 2642 4400 ab
2687 4346 3029 4416 ignarissimo
3073 4349 3254 4419 aliquo
3293 4349 3514 4405 librario

1912 4437 2225 4508 importune
2255 4436 2460 4492 addita.
2497 4436 2572 4492 Ita
2597 4438 2796 4506 quippe
2823 4438 3056 4504 legitur:
3092 4437 3316 4493 Domino
3337 4451 3514 4494 sancto

221 4524 250 4581 8
271 4530 386 4599 ejus
413 4531 712 4588 voluminis
738 4541 823 4586 est
850 4531 1024 4586 Cento
1049 4531 1308 4586 Faltonim
1340 4531 1550 4596 Probae,
1585 4531 1806 4585 mutilus
1836 4594 1878 4604 _‘
1909 4548 2024 4589 meo
2063 4533 2205 4600 patri
2253 4531 2560 4586 Macedonio
2590 4537 2889 4604 presbytero
2920 4531 3172 4587 Sedulius
3220 4535 3436 4588 salutem
3463 4535 3516 4589 in

220 4619 267 4677 in
299 4594 450 4694 vfine,
501 4627 597 4683 sed
650 4626 807 4681 initio
854 4625 1113 4697 prmcedit
1157 4628 1490 4697 epigramma
1511 4667 1525 4690 ,
1565 4626 1804 4681 Romulei
1832 4594 1886 4653 Β
1914 4621 2164 4678 Domino.
2188 4621 2476 4678 Januenses
2504 4624 2741 4678 consules
2763 4624 3058 4679 consulibus
3084 4624 3512 4694 Terdonensium,

220 4714 414 4788 ductor,
447 4718 582 4774 clari
611 4719 705 4773 tua:
732 4717 897 4772 altera
934 4719 1058 4772 solis
1077 4759 1091 4782 ,
1116 4719 1257 4788 quod
1285 4718 1378 4772 alii
1413 4729 1684 4788 tamquam
1712 4720 1808 4773 (le-

221 4807 540 4871 dicationem
587 4811 796 4869 Sedulii
839 4813 905 4867 ad
953 4811 1318 4869 Theodosium
1358 4813 1676 4878 venditant,
1711 4814 1805 4868 sed

222 4917 310 4974 pro
342 4908 588 4964 Romulei
615 4909 806 4978 legunt
835 4907 1198 4962 Romulidum.
1231 4905 1292 4962 ln
1323 4907 1427 4961 hoc
1454 4922 1586 4962 vero
1614 4907 1806 4962 codice

222 5011 296 5055 est
325 5005 584 5075 prologus
607 5001 675 5056 ad
703 4999 998 5057 Centonem
1029 5001 1242 5055 Probae.
1275 5001 1408 5056 Post
1437 5015 1652 5056 versum
1672 5042 1687 5067 ,
1720 5000 1809 5054 Fit

221 5110 398 5154 sonus:
423 5099 624 5173 ingenti
640 5113 889 5153 concussa
913 5106 987 5152 est
1015 5097 1239 5165 pondere
1261 5095 1446 5163 tellus,
1475 5096 1726 5167 quamvis
1755 5098 1806 5151 in

221 5189 335 5245 aliis
370 5190 779 5262 exemplaribus
811 5188 899 5242 alii
946 5201 1134 5242 versus
1163 5185 1456 5251 addantur,
1489 5187 1580 5244 hic
1599 5186 1805 5255 ascrip-

221 5289 326 5337 tutn
366 5296 487 5342 est:
522 5283 752 5348 Explicit
783 5280 1012 5336 Centona
1052 5278 1227 5334 Proba
1275 5296 1340 5335 ea:
1387 5280 1699 5334 carminibus
1731 5276 1800 5331 P.

228 5373 428 5449 Virgilii
449 5395 469 5434 :
496 5378 578 5433 sic
604 5376 750 5431 enim
777 5375 1006 5430 Probam
1034 5387 1100 5430 ex
1135 5374 1394 5429 carminis
1421 5373 1641 5428 nomine
1669 5369 1803 5426 Cen-

225 5483 387 5533 tonam
424 5477 713 5536 vocabant.
755 5474 914 5530 Num.
948 5474 1012 5542 9,
1046 5473 1236 5542 pagina
1273 5474 1373 5528 ⁸251
1402 5489 1417 5526 :
1451 5470 1661 5528 Sedulii
1712 5485 1800 5523 ca.

227 5567 392 5626 tholici
414 5581 578 5646 poetae
609 5572 672 5625 de
695 5570 911 5642 singulis
939 5568 1205 5638 utriusque
1232 5566 1550 5622 Testamenti
1571 5565 1803 5619 miracu-

224 5659 284 5715 lis
306 5665 374 5719 ad
409 5663 775 5720 Macedonians
807 5661 1156 5733 presbyterum
1185 5660 1303 5715 libri
1339 5676 1415 5727 tv,
1441 5661 1648 5715 heroico
1690 5673 1804 5712 car-

226 5755 362 5810 mine.
393 5757 547 5813 Hunc
575 5755 717 5811 enim
757 5755 970 5810 titulum
1006 5753 1300 5808 Bandinius
1327 5754 1620 5824 expromit.
1658 5750 1802 5806 Ordo

216 5858 432 5918 operum
466 5851 559 5908 hic
587 5859 838 5906 notatur:
867 5848 1097 5920 epistola
1123 5847 1190 5905 ad
1220 5847 1617 5913 Macedonium,
1650 5847 1802 5918 hym-

1915 4717 2024 4793 55
2048 4736 2249 4774 necnon
2271 4729 2317 4772 et
2346 4720 2485 4774 omni
2532 4721 2729 4790 populo
2769 4720 2959 4790 majori
3010 4734 3060 4775 et
3113 4722 3300 4776 minori
3336 4723 3515 4778 amici-

1913 4816 2066 4880 tiam,
2099 4816 2323 4869 salutem
2349 4815 2402 4868 in
2431 4813 2652 4868 Christo.
2681 4813 2969 4884 Rogamus,
3001 4824 3047 4869 et
3069 4817 3302 4889 rogando
3332 4818 3514 4885 depre-

1914 4923 2096 4961 camur
2121 4949 2136 4972 ,
2167 4919 2219 4960 ut
2243 4923 2401 4978 quam
2429 4907 2580 4960 citius
2605 4907 2848 4977 potestis,
2884 4907 3201 4960 conveniatis
3225 4906 3510 4964 nobiscum.

1989 5000 2077 5054 88.
2132 4998 2670 5067 Montfauconiusjin
2694 4998 3026 5054 Bibliotheca
3060 5000 3509 5054 bibliothecarum

1916 5109 2075 5158 mss.,
2108 5095 2330 5163 profert,
2379 5108 2496 5163 pag.
2543 5092 2668 5158 672,
2700 5093 2840 5148 inter
2889 5108 3018 5148 mss.
3065 5092 3284 5148 Latinos
3342 5091 3511 5146 lsaaci

1913 5185 2119 5254 Vossii,
2147 5186 2390 5242 Sedulius
2419 5185 2606 5241 Scotus
2634 5187 2685 5239 in
2712 5185 3040 5240 Priscianum
3061 5202 3081 5250 ;
3103 5187 3242 5241 inter
3263 5183 3505 5250 eosdem,

1913 5295 2036 5351 pag.
2070 5280 2197 5346 681,
2233 5279 2438 5335 Sedulii
2467 5279 2694 5350 episcOpi
2739 5279 2792 5332 in
2835 5281 3054 5348 primam
3081 5277 3358 5331 editionem
3396 5275 3508 5332 Do-

1915 5376 2068 5429 nati:
2105 5373 2172 5429 de
2200 5373 2396 5444 quibus
2427 5389 2497 5427 ex
2535 5372 2771 5440 Oudino,
2815 5388 2999 5441 supra,
3044 5387 3189 5425 num.
3237 5371 3324 5436 45,
3371 5370 3502 5426 dixi.

1914 5468 2225 5525 Ceillierius
2257 5467 2441 5522 laudat
2471 5467 2716 5522 codicem
2761 5481 2864 5521 ms.
2908 5464 3502 5534 Lugdune-Batavum,

1916 5565 2234 5639 Explanatio
2264 5564 2486 5637 episcOpi
2516 5562 2724 5620 Sedulii
2753 5563 2804 5615 in
2834 5561 3055 5631 primam
3093 5559 3366 5614 editionem
3395 5556 3507 5613 Do-

1912 5662 2046 5726 nati,
2075 5675 2233 5729 quem
2271 5675 2377 5714 non
2405 5669 2536 5729 puto
2561 5657 2837 5713 diversum
2868 5656 2935 5712 ab
2967 5671 3036 5712 eo
3067 5671 3226 5728 quem
3261 5653 3503 5710 Londini

1909 5754 2144 5808 collocat
2168 5751 2415 5807 Oudinus
2439 5751 2546 5807 loc.
2571 5750 2668 5806 cit.
2695 5747 2825 5818 Sed,
2853 5757 2911 5802 ut
2939 5764 3086 5802 num.
3115 5746 3208 5802 cit.
3230 5746 3300 5801 45
3321 5746 3500 5801 anim-

1911 5849 2196 5912 adversum
2255 5857 2358 5915 est,
2393 5847 2510 5904 haec
2549 5844 2771 5903 minime
2801 5851 2928 5902 sunt
2954 5858 3125 5916 opera
3177 5839 3502 5912 antiquioris
