4060 6320
247 318 353 372 477

1623 309 2162 367 ηοωωιεω.

3420 313 3423 320 ’
3446 307 3551 364 ΠΒ

316 429 406 484 9i.
443 429 809 493 Mnratorius,
841 439 971 484 tom.
1004 441 1060 481 tu
1092 426 1350 495 Antiquit.
1387 425 1508 481 Ital.
1542 423 1686 480 med.
1729 423 1852 488 avi,
1879 425 1939 486 Α
1963 421 2071 476 line
2104 421 2153 476 id
2205 429 2448 478 notam
2481 432 2604 479 erat
2633 443 2646 478 ς
2692 423 2887 478 Valerii
2931 423 3196 480 Martialis
3227 434 3391 496 poeta?
3423 425 3553 497 [φε-

244 522 526 592 pag.8l8,
550 522 824 578 exscrtbit
850 521 1149 591 catalogum
1175 518 1520 576 bibliotheca
1533 517 1855 574 monasterii

247 614 546 669 Bobiensis
573 615 786 669 sreculo
831 629 882 678 x,
936 615 1043 685 58
1071 612 1288 667 circiter
1315 621 1614 666 exaratum.
1650 609 1855 666 Auctor

242 710 385 763 inter
446 709 671 762 veteris
734 705 1078 762 bibliothecae
1145 705 1314 762 libros
1372 713 1620 760 recenset
1675 722 1690 757 :
1761 703 1852 756 Li-

244 801 355 855 bros
379 799 860 875 Claudianipoetae
889 809 1134 870 quatuor,
1166 809 1214 853 et
1239 801 1292 852 in
1320 816 1424 852 uno
1453 814 1522 852 ea:
1542 798 1622 852 his
1646 797 1853 852 Sedulii

241 893 483 965 quadam
505 911 660 964 pars,
675 905 724 948 et
749 892 854 948 alia
868 894 1139 965 opuscula.
1165 893 1356 946 Postea
1372 890 1531 946 libros
1555 889 1760 945 Sedulii
1775 905 1849 953 tv,

245 988 477 1042 fortasse
536 997 781 1055 (piatuor
827 985 1178 1053 exemplaria.
1213 983 1391 1040 Unum
1433 998 1498 1036 ex
1549 981 1633 1036 bis
1682 979 1851 1035 fuisse

242 1088 362 1150 puto
386 1080 659 1154 codicem
684 1081 1079 1136 Taurinensem
1106 1079 1440 1148 descriptum
1461 1094 1612 1133 uuln.
1639 1078 1723 1132 62.
1760 1076 1848 1130 In-

239 1186 313 1230 ter
334 1175 522 1230 libros
546 1189 692 1245 quos
723 1174 993 1245 Dungalus
1027 1174 1318 1245 pracipuus
1349 1172 1624 1227 Scotorum
1668 1169 1849 1224 obtulit

236 1268 544 1324 beatissimo
569 1267 915 1335 Columbano,
949 1268 1005 1323 h.
1049 1283 1134 1332 e.,
1183 1266 1516 1322 monasterio
1544 1262 1843 1336 Bobiensil:

233 1363 445 1419 Sedulii
465 1363 823 1436 orthograph.
855 1364 999 1418 Inter
1021 1364 1185 1417 libros
1213 1361 1481 1417 Theodori
1501 1357 1802 1430 presbyteri
1828 1377 1843 1412 :

233 1457 466 1520 Salulii,
495 1457 750 1516 Juvenci.
769 1467 818 1510 et
839 1455 1112 1528 Prosperi,
1143 1471 1202 1508 ac
1228 1452 1522 1517 Prudenlii,
1556 1450 1843 1506 etuliorunt

230 1550 657 1620 oersi/icatornm
709 1550 834 1604 liber
873 1566 1026 1603 unus.
1070 1547 1128 1604 In
1155 1563 1272 1602 var.
1303 1546 1432 1602 lect.
1464 1544 1529 1598 ad
1558 1544 1841 1613 epistolam

231 1643 445 1700 Sedulii
485 1624 563 1700 ad.
590 1643 966 1699 Macedoniam
1004 1651 1134 1696 ante
1159 1655 1376 1696 carmen
1411 1637 1669 1708 paschale
1698 1636 1839 1691 indi-

229 1745 425 1791 cantur
453 1735 680 1792 codices
713 1750 844 1790 mss.
876 1733 1156 1800 Blandin.,
1181 1734 1376 1801 Scotti,
1411 1730 1756 1801 Roseweydi,
1787 1739 1842 1786 et

1957 515 2178 580 dissimi,
2213 517 2488 572 electorum
2535 517 2971 591 epigrammatum
3016 517 3146 575 liber
3187 523 3386 590 primus
3427 535 3545 574 ιιιηι

1958 612 2252 668 Hermanni
2283 613 2500 669 anchii
2529 615 2941 686 {antiliarissiina
2967 618 3292 689 expositione
3311 661 3324 684 ,
3357 617 3412 673 in
3439 617 3547 670 cla-

1955 707 2167 761 rissima
2221 707 2588 780 Agrippinensi
2643 708 2910 762 academia
2965 711 3280 782 impressus,
3323 710 3546 780 feliciter

1954 799 2170 873 eaplieit
2199 816 2334 854 anno
2361 815 2512 855 IDIX.
2543 799 2872 856 Arntzenius
2913 801 3036 855 hinc
3064 801 3292 871 conjicit
3321 843 3336 867 ,
3368 800 3546 856 Sedu-

1955 893 2086 948 lium
2111 907 2330 964 quoque
2377 892 2570 948 eodem
2598 909 2742 947 anno
2793 894 2932 950 1509
2983 895 3310 964 impressum
3341 895 3543 950 fuisse:

1953 988 2050 1042 sed
2073 1029 2087 1053 ,
2114 997 2172 1043 ut
2200 988 2418 1043 videtur
2448 1029 2463 1055 ,
2513 987 2634 1043 haec
2662 987 2768 1042 duo
2792 1002 2957 1057 opera
2987 987 3042 1042 in
3076 1003 3242 1042 unum
3289 989 3543 1044 volumen

1951 1091 2236 1151 compacta
2264 1081 2480 1136 inerant
2505 1119 2520 1146 ,
2565 1089 2734 1151 atque
2766 1078 2904 1134 adeo
2931 1091 3116 1135 certus
3141 1094 3316 1136 annus
3346 1079 3542 1135 editio-

1952 1171 2036 1228 nis
2061 1171 2268 1228 Sedulii
2295 1171 2482 1242 colligi
2512 1171 2723 1241 nequit.
2759 1170 2989 1241 Margini
3019 1170 3266 1240 quietiam
3295 1181 3452 1226 erant
3473 1171 3541 1228 ab

1952 1265 2172 1321 homine
2217 1281 2444 1336 prorsus
2489 1283 2601 1321 non
2647 1268 2872 1323 indocto
2895 1266 3168 1335 ascripta,
3201 1266 3296 1320 sed
3350 1266 3546 1320 litteris

1949 1359 2022 1412 ita
2069 1357 2408 1429 negligenter
2451 1361 2714 1426 examtis,
2749 1370 2807 1414 ut
2854 1375 3021 1428 pauca
3050 1374 3117 1413 ex
3149 1359 3213 1412 iis
3242 1373 3540 1428 excerpere

1947 1449 2244 1507 Arntzenio
2267 1451 2518 1519 licuerit,
2549 1452 2641 1522 qui
2665 1453 2809 1507 banc
2827 1451 3122 1506 editionem
3148 1459 3304 1505 vocat
3352 1449 3538 1504 Mona-

1943 1546 2260 1600 sterieusem.

2015 1641 2106 1695 98.
2151 1640 2326 1695 Editio
2369 1655 2421 1695 tv
2447 1679 2462 1704 ,
2497 1654 2644 1695 anno
2673 1639 2834 1707 H99,
2864 1639 3064 1709 Liitsim
3089 1683 3104 1706 ,
3137 1655 3234 1712 per
3273 1637 3536 1694 Iacobum

1947 1731 2208 1788 Thanner
2231 1775 2246 1800 ,
2283 1732 2430 1786 iii-4°
2457 1773 2474 1798 ,
2498 1747 2565 1787 ex
2607 1732 2865 1788 Bibliotb.
2907 1732 3054 1788 nied.
3081 1741 3137 1788 ct
3162 1731 3259 1787 inf.
3308 1731 3409 1786 cavi
3439 1731 3537 1786 Fu.

229 1831 515 1897 Bollandi,
542 1832 746 1901 quibus
796 1830 888 1886 illa
935 1830 1164 1900 epistola
1211 1829 1512 1883 illustratur
1559 1842 1624 1881 ea
1665 1834 1836 1894 parte,
1871 1813 1916 1873 Β
1949 1825 2105 1881 bricii
2135 1841 2257 1881 cum
2290 1827 2434 1882 uotis
2461 1827 2675 1882 Mansii.

226 1941 332 1992 qua
354 1927 544 1993 agitur
566 1926 642 1981 de
681 1926 1012 1996 Syncletice.
1045 1923 1104 1978 in
1133 1923 1406 1978 Chronico
1433 1919 1839 1976 Fontanellensi

229 2020 374 2077 inter
406 2020 584 2077 libros
611 2034 756 2090 quos
779 2018 994 2074 Wando
1018 2018 1184 2074 abbas
1215 2016 1416 2072 atecqu
1441 2031 1534 2070 vin
1557 2027 1839 2082 compara-

231 2115 328 2180 vit,
345 2122 715 2168 recensentur
729 2111 873 2166 Libri
895 2121 1115 2180 quatuor
1136 2109 1538 2182 Euangeliorum
1560 2106 1840 2178 expositio-

232 2219 350 2259 nem
373 2207 702 2260 continentes
714 2204 905 2258 editam
929 2220 961 2257 α
985 2203 1222 2268 Sedulio,
1238 2202 1342 2256 tiro
1363 2198 1835 2263 scholasticiasimo,

237 2297 306 2352 ad
330 2297 706 2354 Macedoniam
733 2297 1109 2368 presbyterum.

866 2409 1096 2467 CAPUT
1135 2412 1222 2468 IV.

238 2525 593 2582 Recensentur
623 2527 878 2600 editiones
907 2527 1129 2593 Sedulii,
1161 2530 1481 2602 interpretes,
1505 2541 1555 2587 et
1576 2536 1838 2606 conjectu-

693 2641 868 2680 rarum
889 2628 940 2681 in
968 2645 1083 2691 eum
1109 2638 1369 2683 auctores.

304 2741 388 2796 95.
419 2740 612 2796 Editio
637 2757 674 2806 ι,
700 2743 821 2798 sine
842 2743 970 2797 anni
997 2752 1144 2806 uota,
1176 2743 1402 2800 Parisiis
1424 2744 1591 2812 ἱππ-4⁵,
1622 2762 1688 2802 ex
1718 2747 1838 2800 olli-

2012 1921 2100 1976 99.
2143 1919 2328 1975 Editio
2353 1936 2406 1984 v,
2447 1934 2592 1974 anno
2621 1921 2758 1975 M99
2780 1962 2794 1985 ,
2823 1920 3047 1976 Parisiis
3072 1961 3086 1985 ,
3134 1920 3319 1974 in-lol°
3351 1959 3367 1984 ,
3413 1933 3538 1976 cum

1940 2013 2183 2068 Juvenco
2205 2021 2260 2067 et
2293 2013 2416 2068 aliis
2437 2053 2451 2078 ,
2483 2024 2539 2067 ut
2582 2013 2756 2068 fusius
2786 2013 2896 2068 dixi
2926 2014 2982 2068 iu
3009 2013 3318 2083 Prolegom.
3347 2013 3416 2067 ad
3443 2012 3539 2068 J-u-

1941 2120 2192 2169 vencum,
2223 2121 2370 2160 nuto.
2401 2106 2490 2161 53.
2518 2105 2659 2161 Vide
2683 2107 2848 2161 etiam
2881 2107 3173 2175 Maittaire,
3201 2107 3395 2162 Annal.
3423 2115 3534 2180 lyp.

1941 2212 2063 2267 pag.
2087 2196 2216 2254 562.

2014 2289 2139 2345 100.
2183 2289 2368 2348 Editio
2397 2304 2482 2357 vr,
2511 2306 2657 2350 asino
2686 2291 2848 2358 κίοι,
2879 2292 3174 2349 Mediolani
3199 2334 3214 2358 ,
3244 2308 3374 2348 cura
3416 2292 3535 2349 lani

1941 2379 2240 2438 Parrhasii.
2271 2383 2420 2439 Hanc
2441 2384 2738 2442 editionem
2764 2386 2907 2456 apud
2930 2387 3165 2442 Batavos
3195 2389 3534 2444 rarissimam

1938 2473 2271 2533 Arntsenius
2297 2476 2506 2533 frustra
2525 2478 2623 2534 diu
2664 2481 2935 2550 quaesivit.
2961 2480 3146 2534 Roma:
3178 2481 3400 2550 quidem
3425 2497 3535 2538 non

1940 2570 2112 2627 obvia.
2143 2577 2254 2636 est,
2281 2570 2378 2626 sed
2407 2581 2589 2628 exstat
2617 2571 2764 2639 apud
2798 2573 2870 2627 cl.
2898 2573 3188 2642 praesulem
3229 2573 3490 2644 Beggium
3516 2614 3534 2641 ,

1940 2663 2327 2719 reconditioris
2360 2680 2532 2721 sacrae
2577 2665 2846 2722 doctrina:
2898 2667 2951 2721 in
3008 2669 3194 2737 paucis
3234 2683 3452 2738 a-quum
3481 2676 3539 2723 et

1940 2755 2160 2811 doctum
2213 2759 2650 2814 aestimatorem:
2706 2760 2792 2814 cui
2850 2760 3141 2831 plurimum
3191 2759 3306 2815 haec
3353 2771 3538 2816 nostra

241 2834 352 2926 cina
391 2835 764 2904 Ascensiana,
816 2846 1140 2892 recensente
1188 2837 1306 2892 Nic.
1367 2839 1698 2908 Cappusoto.
1747 2841 1837 2897 Sic
1943 2860 2228 2919 poetarum
2281 2851 2708 2908 christianorum
2763 2854 2976 2924 sylloge
3024 2854 3232 2921 debet,
3265 2863 3378 2910 tum
3431 2871 3536 2926 qua

248 2925 526 2982 Fabricius
552 2929 608 2981 in
638 2927 778 2982 Bibl.
824 2937 931 2984 vct.
958 2928 1077 2983 Lat.
1115 2929 1244 2984 Eam
1269 2930 1377 2985 victi
1413 2934 1463 2986 in
1494 2933 1834 2992 Bibliotheca
1942 2947 2201 3012 praelecto
2255 2946 2601 3002 bibliothecae
2645 2948 2952 3015 Vaticanzc,
3009 2959 3120 3003 tum
3153 2966 3258 3019 qua
3309 2925 3535 3005 selectis

239 3019 483 3112 Cursinia
523 3020 631 3075 huc
675 3021 836 3078 titulo
871 3041 885 3079 :
921 3021 1053 3077 Celii
1084 3023 1288 3078 Sedulii
1331 3026 1632 3098 presbyteri,
1669 3027 1836 3084 Illira-
1941 3035 2094 3091 libris
2126 3051 2191 3092 ac
2218 3038 2484 3107 singulari
2528 3039 2842 3112 philologiae
2890 3041 3084 3111 peritia
3130 3041 3415 3097 instructo.
3448 3042 3538 3096 'l‘i-

237 3111 413 3168 bilium
434 3114 738 3168 divinorum
765 3115 884 3170 libri
914 3117 1145 3187 quinque.
1167 3134 1284 3172 cum
1329 3119 1517 3190 hymno
1539 3131 1585 3174 et
1607 3123 1835 3176 carmine
1942 3130 2088 3186 tulus
2111 3141 2195 3186 est
2225 3149 2238 3184 :
2273 3131 2483 3188 Sedulii
2503 3149 2710 3188 carmen
2733 3111 2996 3204 paschale.
3031 3135 3231 3188 Aurelii
3261 3133 3536 3190 Prudentii

237 3209 461 3279 elegiaco
487 3209 762 3281 ejusdem,
809 3207 977 3263 Jehan
1011 3207 1168 3266 Petit.
1199 3210 1578 3268 Venundantur
1611 3213 1831 3268 Parrhi-
1859 3211 1906 3276 C
1936 3225 2046 3296 ω
2093 3226 2344 3281 σαυνάκα,
2375 3226 2738 3298 subiungitur
2773 3227 3056 3282 decretum
3109 3227 3313 3282 Gelasii
3343 3227 3412 3282 de
3437 3227 3535 3282 Se.

234 3301 320 3354 siis
345 3302 399 3356 in
420 3302 506 3356 via
534 3302 606 3354 ad
635 3302 807 3356 divum
832 3301 1087 3357 Iacobum
1111 3304 1202 3360 sub
1230 3305 1678 3380 Leoneargenteo,
1701 3320 1747 3362 et
1779 3311 1833 3364 in

1939 3317 2106 3370 dulio.
2139 3317 2396 3388 Sequitur
2420 3319 2692 3375 dediCatio
2714 3361 2731 3386 ,
2761 3321 2875 3374 sive
2903 3319 3148 3390 praelatio
3168 3320 3438 3376 Parrhasii
3462 3319 3530 3375 ad

237 3406 406 3450 monte
435 3397 538 3450 divi
568 3395 770 3450 Hilarii
792 3396 884 3450 sub
920 3397 1162 3466 Speculo.
1194 3399 1459 3456 Przet'atur
1483 3401 1601 3457 Nic.
1625 3405 1836 3474 Cappur
1939 3409 2261 3466 Micllaelcm
2293 3413 2533 3469 Riccium
2566 3413 2984 3484 Neapolitanum
3029 3415 3238 3484 regium
3266 3413 3530 3472 Insubria

239 3499 387 3545 sotus
415 3490 482 3544 ad
527 3489 793 3545 Joannem
844 3489 1181 3547 Guillardum
1223 3493 1585 3550 Parisiensem
1623 3511 1832 3566 magnae

246 3583 672 3652 exspectationis
719 3582 1208 3639 adolescentulum.
1244 3587 1302 3640 In
1332 3587 1438 3641 line
1478 3605 1491 3640 :
1524 3588 1716 3655 Quinto
1736 3567 1849 3642 lia?

245 3676 412 3730 lendas
443 3678 664 3730 martias
688 3692 751 3730 ex
773 3677 988 3748 ofﬁcina
1023 3679 1335 3733 Ascensiana
1348 3682 1489 3751 apud
1503 3681 1828 3737 Parrliisios.

243 3768 357 3825 Post
388 3784 616 3826 carmen
663 3769 917 3838 paschale
968 3780 1049 3826 est
1079 3771 1411 3842 epigramma
1443 3773 1682 3842 Sedulii,
1715 3785 1828 3830 tum

240 3861 469 3932 hymnus
499 3871 555 3918 et
581 3861 776 3931 elegia.
809 3862 1152 3932 Catapusotns
1181 3864 1460 3921 Sedulium
1483 3867 1826 3937 interpretari

237 3956 614 4012 constituerat.
641 3954 832 4009 Mirari
862 3967 1032 4010 autem
1064 3974 1167 4011 non
1200 3974 1417 4028 nequeo,
1443 3959 1540 4024 ait,
1569 3969 1674 4014 tam
1701 3960 1827 4014 reli-

231 4051 460 4121 giosum,
478 4061 685 4124 tamque
704 4067 958 4106 amoenum
975 4053 1278 4122 scriptorem
1307 4070 1408 4106 non
1431 4053 1592 4125 fuisse
1612 4056 1826 4110 antehac

230 4145 281 4198 in
305 4145 593 4218 gymnasiis
624 4145 1007 4199 Parisienstbus
1036 4146 1392 4216 vulgatiorem.
1422 4146 1634 4202 Prolert
1663 4148 1824 4204 ctiam

232 4238 434 4294 Sedulii
468 4237 706 4310 elogium
738 4253 805 4294 ex
834 4238 1056 4294 decreto
1107 4239 1398 4296 Gelasiano
1445 4242 1585 4310 apud
1615 4239 1825 4296 Gratia-

229 4348 376 4397 num,
411 4334 464 4388 in
494 4333 616 4389 aliis
645 4333 980 4389 editionibus
1009 4337 1322 4405 repetitum.

297 4428 406 4500 59
433 4428 523 4483 96.
571 4427 751 4482 Editio
790 4425 964 4493 iii-~40,
1015 4428 1133 4482 sine
1173 4444 1318 4484 almo
1346 4439 1400 4483 et
1447 4430 1694 4496 consule,
1748 4431 1824 4486 ait

226 4520 678 4590 Arntzenius,qui
700 4537 761 4576 ea
789 4537 918 4576 usus
939 4531 1044 4590 est,
1076 4532 1132 4577 et
1156 4523 1400 4590 idlsolum
1432 4525 1636 4594 profert
1665 4542 1734 4581 ex
1759 4525 1822 4580 Ii-

1935 3507 2360 3576 gubernatorcm
2387 3526 2400 3562 :
2435 3525 2554 3579 qua:
2583 3509 2640 3564 in
2671 3511 2773 3564 hoc
2811 3509 3114 3579 exemplari
3144 3509 3325 3574 deest,
3355 3524 3418 3564 ac
3442 3511 3531 3562 vix

1936 3602 2183 3669 qttmdam
2215 3619 2282 3656 ex
2316 3603 2420 3657 line
2452 3602 2557 3672 legi
2592 3611 2824 3673 possunt
2848 3645 2860 3667 ,
2897 3603 3153 3657 nimirum
3189 3621 3201 3656 :
3233 3603 3418 3676 Accipe
3446 3603 3531 3656 in-

1936 3704 2074 3747 terea
2101 3694 2307 3750 Stdulii
2350 3696 2518 3750 nostri
2567 3711 2811 3762 carmen,
2852 3705 2897 3748 et
2942 3696 3161 3748 alterum
3206 3693 3533 3749 disertissimi

1934 3786 2028 3839 uiri
2051 3785 2368 3857 Prudentii},
2397 3789 2552 3858 cujus
2577 3789 2774 3842 utinam
2799 3789 2996 3859 scripta
3023 3789 3195 3842 outnia
3224 3797 3485 3842 exstarent
3513 3828 3529 3852 ,

1933 3890 2023 3934 aut
2050 3883 2229 3936 saltem
2250 3883 2399 3952 siqua
2418 3882 2766 3952 reperiuntur,
2797 3883 3000 3936 incuria
3031 3893 3316 3954 temporum
3343 3882 3530 3951 depra-

1931 3985 2048 4028 vata
2072 3993 2176 4030 non
2201 3987 2388 4031 essent.
2423 3974 2571 4030 Certe
2601 3991 2806 4047 necego
2831 3986 3029 4030 tantum
3058 3976 3252 4029 laboris
3281 3977 3334 4028 in
3357 3991 3528 4028 emen-

1931 4069 2104 4122 dando
2148 4068 2403 4123 subissem
2427 4111 2441 4134 ,
2471 4071 2660 4140 quique
2707 4070 3008 4124 divinorum
3033 4069 3206 4123 studio
3254 4079 3487 4123 tenentur
3510 4108 3525 4133 ,

1930 4160 2062 4215 nihil
2086 4162 2138 4214 in
2168 4177 2227 4215 eo
2251 4178 2438 4233 genere
2463 4163 2842 4216 desiderarent.
2876 4163 2981 4218 Sed
3010 4163 3110 4215 ista
3139 4161 3532 4232 qualiacumque

1928 4252 2030 4326 legi
2053 4254 2214 4308 malui
2230 4271 2407 4324 ,quam
2433 4255 2639 4325 penitus
2662 4255 2872 4308 interire
2890 4298 2906 4322 ,
2929 4270 3048 4325 aute
3077 4264 3133 4308 tu
3157 4254 3300 4319 boni,
3331 4270 3523 4324 autem,

1927 4347 2198 4414 cumulus,
2229 4357 2280 4402 et
2307 4345 2504 4400 lanam
2553 4357 2698 4400 tuum
2723 4389 2740 4414 ,
2771 4351 2860 4418 qui
2909 4357 2956 4401 te
3000 4346 3125 4402 colit
3153 4388 3168 4411 ,
3199 4363 3336 4402 ausa.
3386 4346 3524 4404 Bene

1927 4440 2039 4496 vale
2068 4482 2084 4508 ,
2131 4441 2289 4498 decus
2345 4443 2506 4497 nostri
2551 4443 2676 4496 soli.
2734 4441 3070 4508 Mediolani,
3124 4442 3308 4498 Idibus
3349 4443 3526 4498 Juniis

1925 4547 2169 4589 uccccct.
2201 4532 2424 4588 Putabat
2453 4531 2781 4588 Parrhasius
2806 4573 2822 4598 ,
2872 4533 3228 4588 Prudentiqu
3264 4545 3319 4590 et
3347 4534 3522 4590 Sedu-

227 4617 340 4670 tulo
375 4635 389 4672 :
417 4615 627 4672 Sedulii
658 4625 820 4683 poeta:
848 4617 1284 4684 christianissimi,
1302 4619 1561 4688 paschalis
1582 4620 1823 4676 carminis
1849 4609 1902 4670 1)
1929 4629 2058 4684 lium
2089 4637 2246 4684 οηιθε
2268 4627 2448 4684 editos
2479 4643 2590 4684 ηοη
2637 4629 2806 4683 fuisse
2841 4646 2856 4682 ε
2887 4629 2983 4685 sed
3012 4628 3152 4684 falso
3178 4628 3230 4684 id
3277 4630 3522 4694 ρυιοιηη,

231 4705 341 4761 libri
365 4719 610 4778 quatuor.
641 4708 890 4778 Ejusdem
938 4711 1114 4782 hymni
1141 4711 1244 4765 duo
1279 4727 1381 4765 non
1410 4714 1709 4783 paenitendi.
1737 4711 1820 4772 Ad

231 4799 486 4859 lectorem
517 4801 792 4858 distichon
829 4822 841 4857 :

349 4919 470 4983 Haec
489 4918 580 4983 tibi
603 4918 821 4983 Sedulii,
847 4921 890 4970 si
913 4927 964 4970 te
983 4931 1118 4971 sacra
1143 4921 1296 4972 lectio
1314 4923 1448 4974 ducit
1461 4961 1478 4983 ,

409 4980 583 5032 Dulcia
607 4981 757 5031 divini
777 4984 988 5032 carmina
1005 4985 1130 5034 vatis
1156 4998 1284 5036 eme.

225 5087 562 5161 Sequebatur
589 5087 796 5144 Gelasii
814 5089 1205 5145 tcsdmonium.
1235 5093 1559 5148 Arntzenius
1587 5091 1821 5152 Veterem

227 5184 252 5238 1
284 5184 540 5256 appellat.

291 5276 381 5330 97.
414 5275 596 5330 Editio
625 5290 704 5328 ιιι.
739 5273 883 5330 Idem
909 5276 1238 5331 Arntsenius
1267 5277 1400 5332 vidit
1437 5278 1598 5334 aliam
1624 5279 1818 5334 editio-

231 5383 350 5425 nem
390 5371 512 5424 sine
542 5367 675 5422 anni
705 5378 853 5433 nota,
888 5367 955 5424 ad
983 5370 1137 5439 cujus
1168 5371 1376 5426 calcem
1405 5375 1520 5428 bam
1561 5374 1814 5444 legeban-

231 5473 311 5518 tur
336 5482 349 5518 :
383 5463 501 5518 Hoc
551 5479 680 5536 opus
725 5462 864 5530 [elici
892 5465 1035 5519 exitu
1069 5467 1132 5520 ab
1162 5467 1424 5522 industrio
1451 5470 1560 5524 uiro
1589 5469 1814 5542 Georgio

224 5554 470 5625 Richol/T,
501 5555 748 5628 impensis
773 5553 1042 5611 Laurentii
1069 5557 1335 5616 Boruman
1375 5563 1534 5618 terreis
1560 5564 1696 5635 typis
1719 5581 1813 5618 ex.

223 5666 396 5706 rusum
424 5659 499 5704 est
541 5652 595 5703 in
636 5649 890 5718 prwclara
926 5651 1051 5704 urbe
1080 5651 1478 5710 Monasteriensi
1501 5698 1514 5720 ,
1559 5655 1816 5727 Vestpha-

221 5743 300 5799 lite
347 5743 620 5815 metropoli
651 5742 992 5798 nobilissima.
1041 5745 1276 5815 Adjecta
1327 5760 1487 5804 eram
1538 5752 1664 5805 huic
1693 5751 1810 5805 edi-

217 5836 351 5893 tioni
379 5821 643 5908 quaedam.
684 5835 1072 5905 epigrammata
1100 5838 1386 5896 ‘Mat‘tialis
1417 5883 1432 5910 ,
1467 5845 1520 5900 in
1575 5861 1806 5918 quorum

1928 4723 2061 4778 Post
2102 4722 2519 4793 praefationem:
2571 4719 2780 4777 Sedulii
2829 4722 3098 4776 christiani
3127 4733 3292 4794 poeta:
3321 4739 3524 4776 carmen

1927 4815 2192 4888 paschale.
2254 4815 2514 4887 Sequitur
2573 4816 2830 4888 prologue
2883 4819 3144 4871 metricus
3187 4816 3438 4883 Sedulii,
3471 4824 3527 4873 et

1921 4914 2043 4967 sine
2071 4913 2182 4966 ullo
2214 4911 2375 4966 titulo
2399 4921 2488 4964 aut
2523 4910 2795 4966 divisione
2838 4911 3106 4966 librorum
3158 4926 3376 4966 carmen
3424 4926 3521 4979 pa-

1920 5008 2130 5062 schale.
2159 5006 2229 5074 _ln
2283 5005 2430 5059 line:
2487 5003 2719 5073 Explicit
2746 5002 2952 5059 Sedulii
3005 5021 3210 5058 carmen
3257 5002 3520 5076 paschale.

1927 5098 2215 5154 Adduntur
2263 5097 2510 5152 nonnulli
2563 5097 2746 5168 hymni
2800 5097 3082 5152 Prudentii
3114 5141 3126 5161 ,
3176 5109 3232 5151 ut
3285 5095 3522 5164 explicui

1925 5190 2234 5246 Comment.
2275 5190 2344 5244 ad
2398 5193 2586 5261 bymn.
2619 5191 2653 5246 2
2682 5191 2992 5258 Peristeph.
3045 5205 3187 5244 vers.
3223 5189 3274 5251 l,
3310 5189 3398 5242 ubi
3451 5205 3517 5248 ex

1919 5285 2116 5340 litteris
2145 5283 2498 5340 eruditissimi
2523 5285 2625 5339 viri
2666 5284 2857 5340 Jacobi
2881 5284 3094 5339 Morelli
3126 5285 3308 5337 monui
3335 5327 3347 5346 ,
3377 5283 3520 5340 hanc

1917 5377 2218 5433 editionem
2244 5385 2465 5432 exstare
2499 5378 2554 5434 in
2584 5377 2915 5432 bibliotheca
2944 5377 3002 5432 S.
3036 5375 3201 5430 Marci
3249 5376 3514 5431 Venetiis.

1925 5474 2082 5529 Plura
2106 5473 2216 5526 alia
2256 5471 2323 5526 de
2359 5472 2463 5526 hac
2511 5472 2757 5526 editione
2787 5471 2982 5526 eodem
3014 5470 3136 5524 loco
3186 5470 3472 5524 observavi
3501 5511 3516 5536 ,

1921 5583 2039 5637 qua:
2069 5566 2256 5620 llomae
2277 5565 2444 5619 etiam
2467 5566 2518 5618 in
2546 5565 2882 5622 Bibliotheca
2901 5564 3154 5618 Corsioia
3178 5572 3512 5619 asservatnr.

1919 5657 2437 5714 Animadversiones
2471 5658 2746 5712 Parrhasii
2769 5657 2823 5710 in
2865 5655 3147 5712 Sedulium
3180 5664 3237 5709 et
3265 5654 3514 5709 Prude~

1917 5756 2050 5808 tium
2093 5752 2364 5822 proferam
2389 5768 2539 5806 nunt.
2572 5749 2675 5806 ’189
2698 5765 2814 5819 seq.
2850 5748 3181 5805 Arntzeoius
3207 5747 3384 5801 varias
3435 5749 3515 5804 le-

1911 5847 2124 5904 ctiones
2175 5860 2239 5902 ex
2292 5844 2583 5900 Parrhasio
2639 5839 2886 5913 profert,
2949 5840 3072 5911 quia
3111 5853 3204 5894 cas
3250 5839 3514 5910 ascriptas
