4060 6320
508 274 615 332 179

1795 270 2077 332 οωιιυε
2112 271 2473 335 διθυιιιιε.

3686 276 3789 335 180

510 402 542 445 a
569 387 731 444 docta
759 401 924 445 manu
954 386 1239 445 invenerat
1265 386 1323 445 in
1349 386 1573 462 Georgii
1598 384 1835 446 Fabricii
1858 386 2099 446 editione
2122 387 2179 454 Δ
2272 390 2383 464 σε
2405 389 2589 447 Editio
2616 403 2746 460 xui,
2777 406 2924 450 anno
2965 392 3133 463 1516,
3172 394 3394 453 Taurini
3413 437 3430 464 ,
3456 395 3603 468 apud
3633 394 3794 452 Joan-

516 480 811 540 Poetarum
858 481 1310 539 cliristiauorum.

590 576 713 634 101.
759 575 938 633 Editio
964 591 1069 646 vn,
1096 591 1241 633 anno
1270 575 1444 645 1501,
1474 576 1746 648 publicata
1767 591 1911 634 anno
1941 577 2101 635 1502.

516 670 788 738 Venetiis,
813 670 957 743 apud
989 671 1185 728 Aldum
1211 716 1227 742 ,
1255 685 1379 728 cum
1409 672 1531 729 aliis
1556 671 1732 743 poetis
1768 670 2102 728 christianis.

516 764 650 822 Eam
672 763 940 838 descripsi
973 765 1027 821 in
1060 765 1368 836 Prolegom.
1397 765 1467 821 ad
1490 765 1813 833 Juvencum,
1834 779 1985 820 num.
2013 763 2105 822 60.

515 858 574 916 In
604 860 850 917 secundo
894 861 1170 917 volumine
1211 870 1495 931 poetarum
1524 859 1947 916 cbristianorum
1974 903 1991 927 ,
2015 859 2107 915 Al-

518 953 623 1010 dus
649 953 887 1025 primum
921 954 1102 1010 locum
1135 954 1363 1011 Sedulio
1389 954 1544 1011 dedit
1590 954 1696 1011 hoc
1726 954 1922 1010 titulo:
1963 952 2109 1009 Calii

520 1046 731 1106 Sedulii
757 1049 1041 1122 presbyteri
1072 1048 1396 1105 Mirabilium
1419 1049 1715 1105 divinorum
1739 1048 1868 1106 liber
1886 1050 2104 1123 primus.

519 1140 651 1197 Cum
675 1158 772 1197 sua
819 1140 1035 1213 gentiles
1059 1180 1077 1209 ,
1108 1151 1217 1199 etc.
1256 1144 1459 1199 Desunt
1504 1143 1735 1213 epistola
1763 1144 1832 1199 ad
1862 1144 2111 1200 Macedo-

520 1233 670 1289 nium
701 1242 757 1289 et
785 1233 1046 1306 prologus
1076 1234 1355 1291 metricus.
1400 1233 1587 1307 Capita
1611 1236 1812 1307 passim
1843 1236 1957 1292 suis
1978 1236 2109 1292 titu-

519 1327 585 1384 lis
609 1327 1042 1401 distinguuntur.
1094 1330 1307 1385 Primus
1341 1330 1482 1387 liber
1526 1332 1874 1388 continenter
1902 1340 2113 1400 protra-

520 1418 668 1477 hitur
693 1437 862 1491 usque
891 1422 958 1478 ad
991 1438 1209 1478 versum
1235 1420 1344 1478 Ora
1388 1423 1521 1496 lupi,
1555 1424 1648 1495 qui
1674 1424 1729 1480 in
1752 1423 1880 1480 aliis
1908 1425 2111 1481 editio-

521 1512 685 1569 nibus
712 1524 795 1569 est
838 1514 961 1570 linis
988 1515 1114 1571 libri
1147 1514 1396 1573 secundi.
1438 1516 1578 1572 Post
1606 1531 1829 1573 carmen
1857 1517 2115 1588 paschale

521 1616 608 1665 est
637 1608 811 1679 elegia
841 1607 1119 1665 Cantemus
1160 1624 1284 1666 cum
1315 1610 1710 1681 inscriptione,
1748 1610 1861 1666 Hoc
1886 1627 2110 1685 opuscu-

521 1702 660 1768 lum,
711 1712 822 1769 etc,
872 1702 942 1759 de
988 1718 1092 1774 qua
1120 1702 1301 1771 alibi,
1334 1711 1449 1759 tum
1492 1703 1698 1760 Sedulii
1745 1705 2065 1777 epigramma
2096 1746 2113 1772 ,

2207 498 2331 540 nem
2375 483 2643 556 Angelum
2693 495 2748 543 et
2785 487 3177 544 Bernardinum
3230 488 3299 546 de
3340 489 3525 557 Silva,
3573 498 3796 548 curante

2206 578 2417 635 Joanne
2451 578 2683 647 Brema,
2721 595 2883 651 quam
2925 579 3112 637 laudat
3138 581 3208 637 cl.
3251 580 3541 638 Zacharias
3579 582 3636 637 in
3677 597 3801 651 per-

2213 674 2437 745 egregio
2478 686 2580 729 suo
2618 688 2787 747 opere
2814 674 2993 732 Storia
3023 674 3290 732 Polemica
3320 676 3457 731 delle
3496 675 3804 747 proibizioni

2207 767 2287 821 de‘
2311 767 2430 821 libri
2454 813 2469 837 ,
2498 766 2565 823 ad
2588 782 2788 823 annum
2815 767 2953 837 496,
2983 785 3040 825 n.
3074 770 3161 835 10,
3188 784 3316 842 pag.
3346 770 3437 826 51.

2283 862 2405 918 105.
2434 862 2616 919 Editio
2635 879 2747 928 xrv,
2779 877 2923 918 anno
2950 864 3118 935 1524,
3146 863 3446 934 Compluti,
3481 862 3649 930 in-Al',
3679 878 3800 919 cum

2210 956 2529 1025 paraphrasi
2556 954 2963 1025 Nebrissensis,
2996 964 3055 1012 ut
3081 956 3249 1013 refert
3290 956 3411 1015 Nic.
3444 958 3718 1013 Antonius
3750 957 3804 1014 in

2210 1047 2472 1105 Biblimb.
2526 1064 2670 1105 nova
2700 1049 2853 1121 Bisp.
2894 1050 3063 1107 verbo
3102 1052 3356 1107 Antonius
3395 1050 3654 1117 Lebrixa,
3693 1051 3803 1108 sive

2213 1141 2447 1197 Nebrixa
2464 1185 2478 1208 ,
2505 1141 2696 1198 Latine
2722 1142 3075 1199 Nebrissensis
3093 1186 3109 1210 ,
3141 1158 3305 1210 quem
3333 1141 3576 1198 edidisse
3596 1142 3674 1197 ait
3699 1160 3712 1195 :
3739 1141 3801 1198 In

2213 1234 2421 1292 Sedulii
2449 1253 2632 1309 poema
2652 1235 2717 1291 de
2745 1234 2940 1291 Christi
2968 1236 3234 1291 miraculis
3267 1235 3628 1308 paraphrasis.
3660 1234 3802 1290 Cont-
3887 1248 3893 1254 ‘

2212 1328 2379 1401 pluti,
2415 1328 2583 1397 1524,
2629 1330 2794 1396 in-1°,
2826 1329 2928 1385 nisi
2974 1344 3129 1385 error
3164 1338 3251 1384 est
3290 1329 3346 1384 in
3392 1327 3640 1385 numeris
3671 1328 3805 1384 1521

2214 1438 2313 1494 pro
2360 1424 2530 1488 1514,
2580 1432 2637 1479 ιιι
2667 1422 2829 1479 modo
2873 1422 3141 1481 dicebam.
3196 1422 3406 1479 Becusa
3448 1423 3640 1491 paucis
3685 1430 3808 1478 ante

2215 1521 2372 1576 annis
2415 1529 2500 1577 est
2544 1519 2876 1576 Bibliotheca
2918 1529 3109 1587 vetus,
3158 1527 3215 1574 et
3251 1533 3393 1574 nova
3437 1516 3556 1573 Nic.
3590 1515 3811 1573 Antonii

2215 1612 2417 1669 Matriti
2459 1612 2881 1683 elegantissimis
2913 1615 3053 1685 typis
3083 1630 3098 1668 :
3137 1623 3193 1668 et
3215 1610 3570 1668 Bibliotheca:
3591 1609 3810 1683 quidem

2217 1709 2391 1768 veteri
2413 1710 2721 1765 notationes
2746 1722 2875 1765 suas
2902 1724 3011 1764 non
3033 1706 3252 1778 quidem
3275 1708 3347 1763 ita
3382 1706 3584 1762 multas
3608 1719 3709 1775 pro
3733 1704 3813 1760 rei

521 1796 668 1868 quod
720 1795 914 1868 incipit
940 1842 956 1867 ,
1014 1796 1146 1853 Ηιεε
1176 1808 1266 1853 tua
1292 1840 1307 1865 ,
1355 1806 1632 1868 postremo
1659 1799 1767 1873 61
1810 1797 1874 1855 C.
1907 1799 2117 1856 Sedulii
2146 1784 2196 1846 Β
2220 1802 2607 1873 amplitudine,
2649 1801 2748 1858 sed
2782 1802 3026 1858 eruditas
3067 1810 3244 1856 tamen
3271 1810 3325 1856 et
3354 1801 3588 1856 selectas
3618 1797 3816 1868 adjecit

523 1890 809 1962 presbyteri
837 1888 1062 1963 hymnus
1084 1890 1150 1946 de
1168 1890 1372 1946 Christo
1400 1893 1653 1946 succincte
1673 1893 1737 1946 ab
1762 1892 2119 1949 incarnatione

522 2000 686 2057 usque
733 1985 803 2040 ad
851 1986 1219 2042 ascensionem.
1254 1986 1472 2060 Baylius
1520 1986 1730 2057 priores
1761 1986 1895 2043 alias
1922 1985 2119 2043 editio-

525 2094 629 2135 nes
680 2079 991 2150 ignoravit,
1025 2080 1202 2152 quiin
1226 2080 1428 2138 Lexico
1456 2080 1598 2138 hanc
1644 2083 1875 2151 primam
1920 2082 2120 2138 carmi-

525 2188 655 2230 num
680 2173 887 2230 Sedulii
924 2174 1221 2232 editionem
1263 2190 1392 2233 esse
1415 2175 1624 2233 docuit.

599 2269 721 2323 102.
746 2267 929 2324 Editio
953 2284 1047 2325 vtu
1071 2312 1087 2337 ,
1118 2284 1266 2326 anno
1287 2270 1426 2328 1501
1449 2311 1465 2337 ,
1497 2269 1729 2340 Lipsiae,
1758 2269 1919 2325 in-«b’.
1948 2264 2120 2340 Hujus

525 2360 707 2417 varias
731 2360 998 2418 lectiones
1018 2361 1301 2419 annotavit
1324 2361 1629 2419 Grunerus.

600 2454 725 2510 105.
758 2453 942 2511 Editio
966 2469 1053 2522 ix,
1079 2470 1227 2512 anno
1253 2457 1392 2514 1509
1414 2498 1430 2524 ,
1458 2457 1619 2528 cujus
1648 2455 1829 2512 varias
1856 2457 2122 2513 lectiones

528 2546 762 2617 margini
810 2547 1068 2604 editionis
1120 2548 1326 2607 Sedulii
1382 2549 1745 2606 Tornmsiante
1798 2552 1925 2605 anni
1982 2549 2120 2606 1566

521 2639 791 2710 ascriptus
817 2639 1042 2712 collegit
1059 2641 1411 2698 Arntzenius.
1439 2642 1722 2714 Ignoratur
1738 2642 1920 2709 locus;
1948 2657 2011 2697 ac
2027 2658 2119 2697 so-

526 2731 642 2788 lum
671 2732 883 2788 erudita
912 2746 1107 2789 manus
1133 2734 1199 2788 ad
1231 2735 1516 2805 prologum
1561 2750 1706 2791 vers.
1731 2736 1764 2790 4
1792 2745 2074 2791 notaverat
2104 2752 2118 2790 :

526 2826 801 2898 Nusquam
831 2828 1183 2903 diphthongus
1209 2847 1375 2903 neque
1410 2840 1650 2886 accentus
1678 2839 1899 2902 apparet
1926 2831 1983 2885 in
2008 2832 2121 2885 edi-

528 2917 670 2974 tione
692 2929 868 2976 nostra
888 2922 1014 2976 anni
1041 2923 1200 2991 1509,
1230 2923 1299 2979 de
1321 2924 1476 2992 cujus
1498 2925 1782 2993 scriptura:
1804 2923 2124 2994 antiquitate

527 3010 789 3068 disseruit
819 3014 1150 3080 Salmasius,
1176 3015 1246 3071 ad
1273 3016 1586 3074 Sarravium
1626 3018 1788 3087 epist.
1820 3018 1944 3073 185.
1974 3017 2126 3073 Hanc

530 3103 830 3162 editionem
875 3105 1201 3164 Arntzenius
1235 3108 1466 3165 Veterem
1507 3111 1542 3165 2
1570 3110 1833 3165 nominat.
1871 3108 2126 3165 Fortasse

2221 1896 2304 1951 vir
2338 1896 2518 1951 clarus
2556 1895 2882 1951 Franciscus
2919 1894 3089 1950 Perez
3135 1893 3333 1967 Bayer.
3376 1891 3433 1948 In
3478 1890 3815 1948 Bibliotheca

2223 2002 2360 2042 nova
2386 1987 2562 2043 solum
2590 1996 2858 2057 apparent
2885 1983 3192 2041 additiones
3222 1984 3526 2055 posthumae
3566 1982 3812 2054 ejusdem

2221 2081 2339 2139 Nic.
2391 2081 2637 2137 Antonii.
2687 2078 2908 2137 Utinam
2953 2078 3116 2135 simul
3166 2078 3497 2150 prodiisset,
3542 2089 3637 2133 aut
3678 2092 3816 2133 nunc

2221 2175 2453 2246 denique
2503 2175 2560 2230 in
2604 2174 2785 2230 lucem
2839 2173 3179 2229 emitteretur
3231 2171 3674 2243 supplementum
3729 2170 3816 2225 Bi-

2224 2268 2514 2327 bliotheca:
2538 2283 2695 2325 novae
2714 2311 2730 2336 ,
2762 2267 2831 2324 de
2868 2282 2979 2340 quo
3006 2281 3186 2323 sermo
3215 2265 3274 2321 lit
3308 2268 3366 2322 in
3403 2264 3727 2337 praefatione
3752 2265 3816 2321 a'd

2223 2361 2366 2419 hanc
2393 2362 2689 2420 editionem
2730 2361 3120 2417 Matritensem.
3152 2358 3289 2417 Cum
3323 2359 3469 2415 enim
3501 2360 3609 2415 viri
3637 2359 3811 2429 docti,

2224 2458 2463 2516 Thomas
2493 2456 2763 2515 Antonius
2804 2454 3088 2524 Sancbez,
3130 2454 3371 2512 Joannes
3400 2454 3671 2511 Antonius
3702 2454 3817 2510 Pel-

2224 2553 2378 2621 licer,
2412 2561 2468 2609 et
2492 2550 2731 2622 Bapbael
2755 2547 3061 2618 Casalbon,
3091 2546 3359 2618 augenda:
3389 2556 3445 2602 et
3484 2546 3822 2617 corrigendae

2227 2646 2577 2703 Bibliotheca:
2621 2658 2785 2699 novae
2830 2642 3055 2698 multam
3099 2656 3325 2712 operam
3370 2649 3426 2696 et
3454 2640 3707 2695 laborem
3746 2640 3821 2695 in-

2226 2743 2595 2811 sumpserint,
2631 2746 2692 2793 ut
2716 2751 2833 2793 eam
2866 2735 3038 2791 tutius
3076 2735 3258 2806 legere
3298 2733 3602 2802 possimus,
3634 2744 3823 2804 optan-

2226 2834 2356 2889 dum
2387 2830 2544 2887 valde
2572 2839 2657 2886 est
2677 2876 2691 2900 ,
2725 2829 2920 2884 saltem
2952 2827 3329 2883 correctiones
3359 2825 3412 2881 in
3445 2824 3717 2897 publicam
3749 2826 3824 2881 lu-

2227 2942 2347 2985 cem
2390 2928 2604 2982 venire.

2306 3021 2427 3076 106.
2461 3017 2641 3075 Editio
2668 3033 2763 3085 xv,
2792 3032 2937 3073 anno
2966 3016 3126 3073 1528.
3170 3015 3307 3071 Huic
3347 3030 3494 3071 anno
3524 3015 3820 3073 editionem

2231 3109 2441 3167 Sedulii
2497 3109 2728 3165 Basileaa
2778 3107 2945 3173 in-8",
2997 3124 3063 3163 ex
3118 3107 3503 3179 recognitione
3556 3107 3820 3164 Theodori

532 3214 639 3256 non
666 3210 753 3257 est
774 3201 991 3258 diversa
1020 3202 1090 3259 ab
1131 3218 1200 3259 ea
1228 3219 1348 3274 quae
1376 3204 1430 3259 in
1475 3202 1733 3258 Bibliotb.
1765 3202 1909 3258 med.
1940 3213 1996 3258 et
2026 3200 2123 3256 ini.
2154 3185 2198 3249 C
2231 3203 2553 3260 Poelmanni
2577 3244 2590 3267 ,
2640 3202 2889 3274 assignat
2932 3199 3219 3257 Fabricius
3268 3201 3324 3255 in
3370 3200 3634 3259 Biblioth.
3684 3210 3818 3268 vet.,

533 3297 632 3351 aivi
682 3296 921 3353 Fabricii
965 3297 1071 3354 hoc
1107 3314 1252 3354 anno
1292 3299 1428 3356 1509
1458 3309 1675 3369 peracta
1703 3298 1901 3354 dicitur
1928 3296 2127 3367 Lipsiae

534 3403 634 3461 per
659 3390 929 3447 Iacobum
958 3390 1238 3459 Thanner,
1268 3389 1431 3448 iu-A'.

609 3487 785 3543 Editio
837 3502 918 3555 ι,
975 3486 1156 3555 1509,
1211 3484 1498 3554 Coloniae,
1545 3500 1615 3543 ex
1667 3484 1927 3542 Biblioth.
1982 3482 2126 3539 med.

538 3581 702 3639 Fabr.

614 3676 793 3732 Editio
847 3692 933 3746 XI,
984 3677 1156 3745 1512,
1209 3676 1490 3749 Lugduni,
1545 3691 1668 3732 cum
1723 3676 2134 3734 commentariis

543 3770 950 3839 Nebrisseusis,
996 3772 1163 3840 in-L’,
1212 3788 1280 3829 ex
1326 3772 1588 3829 Biblioth.
1626 3773 1770 3830 med.
1812 3773 1974 3830 Fabr.
2002 3773 2137 3829 For-

544 3877 687 3922 tasse
712 3867 1000 3939 legendum
1028 3868 1284 3924 Lucronii
1312 3883 1410 3940 pro
1439 3867 1707 3943 Lugduni.
1735 3868 1873 3925 Vide
1902 3885 1959 3923 ιι.
1984 3884 2102 3939 seq.

621 3960 747 4015 104.
778 3960 959 4017 Editio
981 3978 1076 4033 xu,
1102 3976 1247 4017 anno
1280 3962 1441 4027 1515,
1476 3961 1645 4028 iit-4’,
1677 3963 2103 4031 Caesaraugusta?
2123 4002 2138 4025 ,

541 4068 664 4110 cum
693 4056 1010 4128 paraphrasi
1038 4056 1436 4113 Nebrissensis.
1468 4057 1595 4113 Haec
1622 4056 1949 4113 describitur
1973 4070 2003 4110 a
2032 4054 2142 4109 Ma-

539 4150 722 4220 jansio
767 4150 820 4206 in
873 4151 1036 4222 Spec.
1080 4167 1194 4207 sua:
1248 4150 1600 4208 bibiimheca:
1635 4168 1691 4221 p.
1720 4152 1813 4205 27.
1860 4150 1915 4203 In
1961 4147 2144 4203 fronte

544 4244 882 4314 conspicitur
914 4244 1176 4302 Sedulius
1202 4245 1484 4315 explicans
1510 4245 1764 4300 volumen
1795 4257 1917 4298 cum
1944 4241 2048 4296 hoc
2078 4242 2148 4295 ti-

545 4337 659 4392 tttlo
686 4354 699 4390 :
726 4336 870 4393 Caelii
894 4338 1099 4393 Sedulii
1126 4338 1409 4409 presbyteri
1430 4336 1695 4392 Paschale
1717 4352 1848 4406 opus
1866 4352 1884 4389 :
1905 4343 1964 4390 et
1982 4334 2147 4405 paulo

548 4427 776 4484 inferius
819 4430 1018 4499 legitur
1062 4448 1075 4484 :
1126 4430 1330 4485 Sedulii
1372 4427 1659 4492 Paschale,
1705 4441 1826 4481 cum
1862 4435 2148 4480 commento

506 4512 511 4515 ’
549 4522 763 4576 Antonii
795 4521 1129 4590 Nebrissen.;
1159 4532 1215 4577 et
1251 4522 1317 4575 ad
1349 4520 1514 4576 linem
1541 4521 1726 4590 operis
1770 4521 1841 4575 ita
1880 4536 1893 4573 :
1941 4518 2150 4574 Sedulii

2230 3312 2352 3355 cum
2374 3298 2441 3354 de
2469 3296 2694 3354 Sedulio
2721 3297 2867 3368 agit;
2912 3310 3074 3367 quam
3114 3297 3401 3368 repetitam
3436 3296 3620 3351 innuit
3654 3297 3820 3365 1551,

2234 3394 2393 3460 1557,
2436 3401 2491 3448 et
2517 3389 2697 3446 Calari
2740 3389 2896 3446 1575.
2941 3388 3207 3460 Loquitur
3234 3388 3302 3444 de
3340 3388 3584 3445 editione
3623 3387 3822 3444 Sedulii

2232 3484 2395 3540 simul
2442 3499 2565 3539 cttm
2608 3481 2887 3551 Juvenco,
2940 3483 3212 3547 Aratore,
3262 3494 3315 3537 et
3358 3480 3576 3536 duobus
3616 3481 3818 3555 hymnis

2239 3576 2489 3633 Venantii
2532 3575 2819 3632 Fortunati
2866 3574 3161 3645 integritati
3196 3588 3309 3629 sua:
3351 3588 3451 3646 per
3476 3572 3544 3629 G.
3596 3573 3824 3628 Cassan-

2235 3672 2392 3727 drum
2419 3669 2709 3726 restitutis.
2745 3670 2811 3723 At
2841 3669 2958 3737 ipse
2980 3665 3266 3722 Fabricius
3296 3666 3425 3721 dum
3455 3664 3689 3721 Juveuci
3714 3663 3826 3719 edi-

2236 3771 2416 3825 tiones
2439 3773 2749 3833 enumerat,
2774 3763 2952 3819 solum
2978 3760 3151 3818 refert
3175 3760 3470 3817 editionem
3494 3775 3562 3816 ex
3583 3758 3828 3829 recogni-

2240 3863 2390 3920 tione
2412 3859 2732 3918 Poelmanni
2764 3858 2991 3914 Basileze
3032 3856 3155 3912 sine
3180 3854 3308 3910 anni
3349 3863 3473 3909 nota
3494 3897 3509 3921 ,
3553 3854 3829 3924 praemissa

2240 3957 2471 4029 epistola
2505 3954 2841 4019 Hadamarii,
2872 3968 2989 4023 qua:
3012 3951 3246 4021 repetita
3272 3948 3437 4006 fuerit
3464 3946 3666 4005 Calari.
3696 3950 3830 4005 COu-

2243 4050 2327 4107 fer
2357 4066 2505 4105 num.
2538 4048 2659 4104 109.
2690 4046 3004 4103 Ceillierius
3030 4059 3247 4115 quoque
3284 4052 3680 4099 commemorat
3719 4041 3833 4097 edi-

2245 4145 2448 4202 tionem
2478 4144 2846 4200 Basilecnsem
2870 4140 3081 4196 Sedulii
3111 4138 3241 4195 anui
3273 4137 3430 4205 1528,
3458 4137 3555 4194 sed
3574 4178 3591 4206 ,
3626 4148 3687 4194 ut
3715 4151 3830 4192 con-

2241 4238 2411 4309 jicere
2443 4238 2602 4302 licet,
2636 4251 2703 4291 ex
2734 4234 3007 4290 Fabricio.

2320 4331 2445 4386 107.
2479 4329 2660 4384 Editio
2690 4344 2812 4395 xvr,
2846 4343 2990 4382 anno
3020 4328 3158 4383 1554
3178 4368 3195 4395 ,
3227 4324 3455 4382 Basilecc
3492 4323 3661 4391 in-8°,
3691 4333 3750 4381 ut
3772 4338 3834 4381 ex

2247 4421 2501 4479 Fabricio
2531 4438 2704 4493 nuper
2724 4420 2854 4477 dixi.
2887 4420 3143 4476 Adita-ret
3162 4419 3491 4475 Ceillierius.

2324 4517 2448 4573 108.
2482 4515 2661 4573 Editio
2686 4530 2794 4571 xvtt
2817 4559 2831 4583 ,
2867 4529 3013 4568 anno
3064 4514 3227 4581 1537,
3262 4511 3412 4567 ili-8°
3446 4529 3462 4565 :
3491 4509 3712 4568 Iuvenci
3741 4511 3839 4567 lli-

551 4612 840 4681 Pascltale,
883 4631 998 4668 cum
1043 4578 1255 4684 reliquis
1299 4578 1594 4685 opusculis:
1630 4628 1744 4682 quia
1787 4622 1989 4667 exstant
2023 4628 2142 4665 car-
2177 4578 2229 4640 θ
2251 4612 2403 4683 spani
2431 4618 2481 4665 et
2508 4578 3133 4682 SeduliiesSwtigenw
3158 4578 3564 4679 presbyterorum
3587 4616 3638 4661 et
3666 4616 3841 4679 poeta-

552 4707 691 4761 mine
732 4700 1053 4779 conscripta,
1102 4706 1379 4776 ﬁniuntur.
1423 4703 1690 4774 Explicita
1739 4702 2149 4778 Cesaraugustat

547 4800 838 4870 industria,
873 4812 918 4855 et
941 4800 1179 4865 expensis
1212 4798 1421 4872 Georgii
1451 4798 1594 4864 Caci,
1628 4814 1679 4853 vr
1706 4796 1890 4853 Nonas
1913 4797 2149 4865 Septem-

556 4896 670 4948 bres
693 4936 708 4960 ,
735 4910 873 4947 anno
903 4894 1090 4947 salutis
1120 4891 1419 4947 christiana:
1444 4905 1618 4960 luxv,
1661 4901 1775 4961 post
1804 4891 2027 4964 primam
2055 4891 2155 4944 im-

553 4987 871 5061 pressionem
895 5027 909 5052 ,
950 5002 1105 5056 quant
1143 4986 1440 5057 castigavit,
1476 4986 1693 5053 punxit,
1735 4984 2005 5055 dispunan’t
2026 5025 2041 5050 ,
2072 4983 2157 5037 in-

558 5078 926 5147 terpunan'tque
967 5078 1224 5132 Antonius
1269 5075 1569 5131 Nebrissen.
1594 5118 1608 5142 ,
1657 5076 1949 5148 adjecitque
1992 5090 2150 5148 para-

559 5170 774 5241 phrasin
814 5170 867 5223 in
907 5170 1035 5224 locis
1085 5170 1407 5225 obscuriores
1435 5169 1584 5242 (sic).
1618 5170 1981 5226 Praecesserat
2024 5184 2157 5240 ergo

557 5264 665 5320 alia
688 5264 888 5330 editio,
921 5280 985 5320 ac
1014 5263 1248 5320 fortasse
1283 5262 1558 5334 Compluti
1587 5264 1722 5321 1514
1742 5308 1758 5334 ,
1790 5281 1910 5337 quze
1942 5279 2038 5333 per
2067 5277 2157 5318 cr-

558 5373 740 5415 rorem
779 5358 832 5413 in
872 5358 1128 5416 Bibliotb.
1170 5359 1289 5416 Nic.
1335 5359 1556 5415 Antonii
1600 5360 1814 5431 alligata
1852 5359 2014 5415 fuerit
2054 5372 2154 5413 au-

563 5455 825 5524 no1524,
854 5465 949 5512 aut
973 5453 1234 5513 Lucrouii
1254 5497 1269 5521 ,
1305 5454 1389 5509 vel
1417 5453 1686 5525 Lugduni,
1719 5471 1786 5510 cx
1815 5454 1977 5510 dictis
2005 5466 2153 5507 num.

566 5549 803 5621 praeced.
840 5550 1189 5621 Dempsterus
1233 5550 1340 5615 ait,
1371 5563 1431 5604 se
1470 5562 1579 5604 non
1624 5548 1826 5604 vidisse
1858 5546 2031 5601 Vitam
2060 5544 2158 5601 Se-

564 5644 721 5710 dulii,
748 5659 912 5714 quam
939 5659 968 5698 a
997 5641 1339 5701 Nebrissensi
1372 5638 1676 5697 coniectam
1697 5647 1923 5696 narrant
1947 5637 2159 5696 Gesne-

564 5754 660 5796 rus
689 5750 743 5796 et
774 5738 1062 5797 Simlerus.
1096 5739 1202 5795 Sed
1226 5779 1240 5799 ,
1274 5748 1332 5793 ut
1361 5751 1464 5808 ego
1492 5745 1644 5807 puto,
1670 5734 2045 5791 Nebrissensis
2071 5748 2160 5788 so-

566 5836 679 5889 lum
709 5833 928 5902 scripsit
952 5832 1170 5891 brevem
1201 5831 1574 5903 praelationem
1602 5831 1655 5886 in
1685 5830 1947 5886 carmina.

2249 4722 2365 4761 rum
2392 4705 2940 4759 christianissimorum
2973 4702 3206 4757 historice
3250 4701 3585 4772 evangelicae,
3618 4700 3842 4755 versibus

2255 4799 2474 4854 heroicis
2502 4798 2571 4851 ad
2606 4797 2853 4851 amussim
2894 4810 3157 4862 expressa:
3183 4810 3202 4849 :
3233 4794 3350 4865 jam
3388 4794 3664 4861 tersiores,
3697 4801 3743 4847 et
3780 4808 3842 4847 ea:

2254 4900 2478 4947 veterum
2501 4891 2699 4962 aliquot
2726 4887 2973 4942 librorum
3002 4886 3279 4941 collatione
3300 4884 3464 4940 multo
3485 4885 3845 4957 castigatiores

2257 4987 2313 5041 in
2341 4984 2508 5039 lucem
2538 4984 2777 5056 prolata}.
2808 4978 3071 5050 Colonia,
3104 4980 3249 5049 apud
3281 4978 3601 5033 Eucharium
3631 4980 3841 5049 (Cervi-

2256 5080 2529 5145 cornum).
2567 5072 2861 5132 Recensuit
2887 5072 3228 5128 Reinhardus
3266 5071 3549 5127 Loricbius
3581 5071 3846 5126 Hadama-

2258 5171 2391 5226 rius.
2425 5169 2578 5225 Hanc
2603 5168 2898 5224 editionem
2920 5164 3159 5236 explicui
3188 5164 3349 5220 etiam
3382 5161 3437 5218 in
3463 5162 3843 5233 Prolegomcn.

2258 5263 2327 5319 ad
2351 5263 2650 5319 Juvencum
2681 5277 2833 5318 num.
2866 5259 2959 5317 69.
2991 5258 3121 5315 Post
3152 5257 3449 5314 iuvencum
3479 5265 3566 5311 est
3594 5255 3846 5313 Sedulius

2258 5371 2381 5413 cum
2427 5357 2656 5426 epistola
2695 5355 2763 5411 ad
2805 5351 3176 5410 Macedonium
3223 5359 3280 5405 et
3326 5348 3556 5420 prologo
3598 5349 3842 5404 metrico.

2260 5450 2495 5507 Carmen
2515 5492 2530 5517 ,
2559 5458 2619 5506 ut
2647 5450 2702 5505 in
2735 5447 2898 5518 Aldo,
2934 5447 2989 5501 in
3017 5453 3252 5518 quatuor
3276 5442 3447 5498 libros
3476 5440 3710 5497 divisum
3744 5449 3842 5494 est.

2259 5542 2455 5599 Postea
2485 5560 2498 5596 :
2531 5541 2725 5612 Incipit
2752 5540 2977 5612 hymnus
3011 5536 3241 5612 ejusdem
3264 5578 3278 5602 ,
3319 5545 3427 5590 etc.
3462 5532 3587 5587 Haec
3613 5541 3700 5587 est
3737 5530 3848 5583 ele-

2259 5641 2350 5710 gia
2372 5638 2665 5694 Cantemus.
2698 5635 2943 5705 Denique
2968 5645 3187 5688 carmen
3207 5626 3455 5696 Sedulii,
3481 5626 3595 5681 sive
3619 5624 3846 5696 hymnus

2262 5730 2664 5801 alphabeticus,
2691 5727 2735 5781 Α
2759 5727 2887 5782 solis
2911 5733 3078 5781 ortus.

2337 5823 2460 5880 109.
2496 5822 2674 5879 Editio
2713 5837 2867 5889 svnt,
2915 5821 3039 5878 eod.
3087 5836 3176 5875 an.
3222 5818 3381 5874 1557.
3417 5814 3565 5870 in-8°
3595 5811 3851 5870 :Jueenci
