4060 6320
211 251 312 311 181

1577 246 2110 310 PROLEGOMENA.

3392 251 3504 312 183

208 362 435 436 Hispani
467 361 782 434 evangelica:
805 360 1033 416 historice
1059 359 1173 414 libri
1198 373 1272 414 tv.
1300 356 1448 414 Caelii
1473 360 1675 415 Sedulii
1699 360 1801 416 Mi-
1828 367 1880 426 A
1977 363 2155 421 Editio
2186 381 2294 420 xxu
2313 405 2328 430 ,
2369 379 2513 420 anno
2538 365 2700 422 1545.
2737 364 2991 433 Basilere,
3034 365 3210 433 ἰπὶ-8ο,
3241 381 3364 422 cum
3403 365 3505 422 ιιι-

207 460 445 514 rabilium
493 459 812 523 divinorum,
857 460 958 513 sive
990 454 1248 528 paschalis
1293 456 1543 510 carminis
1585 456 1702 510 libri
1728 472 1803 521 tv,

1861 489 1864 491 -
1911 473 2086 514 venco
2119 469 2173 514 et
2211 457 2462 525 Aratore,
2493 461 2688 514 collata
2713 475 2834 515 cum
2861 460 3052 516 codice
3080 458 3504 529 Rottendorpbii

207 571 308 608 una
341 571 459 607 cum
491 554 700 625 hymnis
741 553 958 621 aliquot.
989 552 1220 606 Aratoris
1259 551 1316 606 in
1343 550 1474 605 Acta
1510 551 1810 624 Apostolica
1908 561 1963 609 et
2000 553 2123 608 aliis
2174 554 2453 608 codicibus
2498 569 2657 621 mss.,
2690 569 2757 608 ex
2791 554 3038 610 Fabricio
3067 565 3124 610 et
3151 555 3426 611 Reuscltio
3454 554 3506 607 in

207 645 324 700 libri
350 646 482 700 duo.
523 645 769 701 Venantii
800 645 1025 701 Honorii
1065 643 1342 699 Fortunati
1371 645 1550 716 hymni
1587 644 1690 698 duo
1718 660 1809 715 per
1910 646 2158 717 catalogo
2194 645 2499 702 editionum
2545 645 2792 702 Juvenci.
2845 646 3102 702 Fortasse
3153 647 3368 703 diversa
3424 651 3510 700 est

211 736 270 792 G.
318 737 685 792 Cassandrum
721 738 1006 810 integritati
1045 752 1153 792 sua:
1191 737 1432 791 restituti.
1478 733 1669 790 Omnia
1717 751 1809 807 per
1911 740 2078 797 editio
2108 739 2434 796 Basileensis
2466 739 2682 797 Sedulii
2714 740 2819 796 hoc
2858 757 3001 797 anno
3042 758 3164 798 cum
3206 749 3508 797 comment.

210 828 543 885 Theodorum
570 829 959 884 Poelmannum
989 828 1496 901 Cranenburgensem
1523 832 1806 900 recognita,

1910 832 2179 899 Nebriss.,
2211 848 2332 904 quae
2364 832 2636 888 indicatur
2666 833 2718 887 in
2753 832 2890 893 Bibl.
2929 834 3080 891 med.
3116 835 3307 901 Fabr.,
3340 833 3509 890 verbo

221 923 424 978 Βαεὶιειε
468 938 489 976 :
526 923 655 978 sine
695 932 846 978 certa
883 923 1011 976 anni
1051 932 1202 988 nota,
1245 923 1528 992 praemissa
1572 921 1808 992 epistola
1915 928 2187 984 Sedulius.

217 1012 518 1069 Hadamarii
541 1028 614 1068 ex
635 1013 876 1070 editione
895 1013 1203 1069 Coloniensi
1227 1013 1474 1084 ejusdem
1498 1014 1623 1068 anni
1646 1013 1806 1068 1557.

214 1103 262 1159 1η
288 1105 719 1176 Prolegomenis
761 1106 829 1161 ad
852 1104 1152 1161 Iuvencum
1194 1121 1344 1160 num.
1379 1106 1450 1162 70
1479 1116 1534 1160 et
1563 1106 1651 1172 75,
1681 1120 1813 1160 con-

207 1197 486 1268 jiciebam,
521 1197 669 1254 hanc
694 1198 993 1254 editionem
1038 1197 1394 1255 differendam
1438 1215 1564 1256 esse
1611 1199 1676 1254 ad
1716 1214 1814 1253 an-

209 1309 327 1348 num
362 1294 532 1358 1551,
560 1309 748 1363 neque
775 1309 918 1348 nunc
950 1293 1166 1363 quidem
1197 1294 1358 1349 aliter
1385 1295 1589 1357 sentio,
1623 1310 1813 1363 quam-

208 1393 282 1448 vis
310 1391 608 1448 Fabricius
631 1392 934 1448 editionem
963 1392 1171 1449 Sedulii
1198 1401 1253 1446 et
1279 1391 1506 1447 Juvenci
1529 1407 1651 1447 cum
1673 1390 1810 1446 Ara-

210 1496 346 1552 tore,
380 1497 523 1553 etc.,
560 1486 936 1542 Basileensem
967 1501 1113 1540 anno
1143 1486 1279 1540 1537
1317 1484 1540 1540 referat.
1572 1484 1815 1540 Accura-

208 1581 306 1636 tior
330 1581 482 1636 enim
514 1579 653 1634 mihi
669 1578 887 1635 videtur
904 1578 1210 1644 Fabricius,
1233 1593 1356 1633 cum
1380 1578 1522 1634 inter
1544 1577 1812 1634 editiones

1986 1023 2108 1077 115.
2135 1021 2319 1078 Editio
2342 1038 2494 1090 xxur,
2526 1038 2672 1078 anno
2703 1021 2866 1079 1548.
2900 1023 3150 1090 Basiletn,
3183 1023 3356 1090 in-8°,
3383 1037 3506 1077 cum

1911 1117 2154 1174 Juvenco
2182 1127 2239 1173 et
2265 1119 2517 1187 Aratore,
2554 1134 2623 1173 ex
2655 1117 2910 1173 Fabricio
2943 1117 3089 1173 inter
3119 1117 3386 1172 editiones
3413 1116 3513 1171 Se-

1914 1212 2066 1268 dulii.
2124 1211 2345 1279 Vereor,
2396 1228 2465 1268 ne
2505 1213 2557 1267 in
2614 1220 2692 1267 tot
2739 1211 3070 1267 editionibus
3115 1209 3512 1266 Basileensibus

1915 1307 2096 1377 aliqua
2127 1306 2302 1361 subsit
2331 1305 2481 1360 fraus
2511 1303 2957 1376 bibliopolarum,
2987 1303 3077 1375 qui
3109 1318 3256 1372 saepe
3283 1302 3514 1372 primam

1915 1399 2149 1455 frontem
2181 1398 2446 1454 librorum
2475 1397 2760 1467 recedunt,
2797 1406 2854 1452 ut
2886 1412 3021 1454 nova
3057 1397 3221 1453 editio
3242 1395 3513 1452 videatur.

1915 1491 2170 1548 Fortasse
2191 1493 2355 1548 etiam
2382 1506 2538 1546 error
2573 1501 2656 1547 est
2682 1491 2734 1546 in
2780 1491 3020 1546 numeris
3055 1490 3196 1546 1548
3223 1504 3322 1560 pro
3351 1489 3513 1544 1545.

1991 1586 2114 1640 114.
2161 1583 2338 1640 Editio
2364 1600 2509 1646 xxiv,
2534 1599 2677 1638 anno
2708 1584 2866 1639 1551.
2896 1583 3144 1651 Basileze,
3178 1583 3350 1646 in-8°,
3380 1595 3514 1636 cura

209 1676 429 1733 iuvenci
464 1674 846 1730 Basileensem
877 1674 1018 1728 hanc
1048 1673 1361 1728 Poelmanni
1399 1674 1518 1727 sine
1550 1672 1814 1740 temporis
1918 1685 1972 1731 et
2000 1676 2183 1732 studio
2219 1677 2558 1744 Poelmanni,
2588 1684 2649 1730 ut
2673 1677 2782 1730 dixi
2812 1675 2876 1730 ad
2906 1691 3105 1730 annum
3138 1675 3299 1742 1557,
3329 1687 3396 1728 ex
3422 1688 3513 1728 ca-

211 1779 328 1826 nota
361 1768 503 1824 dicit
530 1782 659 1822 esse
695 1784 709 1820 :
739 1775 888 1821 errat
922 1774 1130 1830 tamen,
1161 1765 1300 1835 quod
1333 1772 1566 1836 quatuor
1591 1767 1820 1836 hymnos
1848 1757 1896 1820 Β
1925 1769 2104 1840 ιθιοεο
2147 1769 2490 1826 bibliothecae
2518 1769 2628 1842 65
2665 1769 2828 1840 regiae
2868 1768 3210 1824 Parisiensis.
3256 1765 3517 1823 Dubitavi

211 1860 496 1917 Fortunati
531 1874 563 1914 a
589 1857 659 1916 G.
689 1858 1001 1915 Cassandro
1046 1857 1350 1928 integritati
1396 1872 1510 1913 suae
1540 1858 1817 1914 resﬁtutos
1919 1864 1973 1919 in
2002 1863 2380 1936 Prolegomen,
2412 1864 2480 1918 ad
2509 1864 2832 1930 Juvencum,
2858 1877 3090 1918 numero
3117 1862 3206 1927 75,
3240 1869 3295 1916 et
3325 1858 3520 1918 dubito

209 1955 427 2010 asserit.
446 1952 504 2008 In
517 1951 704 2024 elogio
725 1952 935 2007 Sedulii
955 1961 1099 2006 recte
1113 1951 1251 2006 duos
1271 1961 1480 2005 tantum
1494 1965 1820 2005 commemo-

213 2059 314 2104 rat.
343 2047 725 2103 Poelmannus
750 2045 1028 2101 Sedulium
1069 2054 1192 2115 post
1215 2043 1514 2100 Juvencum
1550 2044 1814 2100 collocat:

214 2143 494 2215 praemittit
506 2127 798 2212 epistolam
813 2140 880 2196 ad
896 2140 1296 2208 Macedonium,
1312 2151 1424 2195 tum
1447 2139 1818 2211 prazfationem

216 2239 518 2294 metricam.
547 2237 790 2296 Carmen
829 2236 1089 2307 paschale
1119 2235 1354 2291 divisum
1394 2245 1479 2292 est
1506 2235 1563 2290 in
1586 2245 1820 2304 quatuor

223 2331 392 2388 libros
424 2374 440 2398 ,
469 2332 540 2386 ita
573 2331 839 2387 nimirum
871 2339 930 2386 ut
961 2331 1157 2386 tertius
1183 2331 1459 2387 coalescat
1483 2346 1548 2386 ex
1579 2330 1739 2386 tertio
1769 2337 1825 2385 et

220 2435 410 2498 quarto
440 2435 646 2480 nostra:
673 2425 956 2480 editionis.
989 2424 1119 2480 Post
1148 2439 1370 2480 carmen
1397 2467 1411 2490 ,
1441 2423 1587 2480 Caelii
1616 2424 1826 2481 Sedulii

221 2521 401 2592 elegia,
433 2517 761 2586 CANTEIUS,
791 2527 897 2574 etc.
937 2519 1069 2573 Post
1117 2519 1386 2590 elegiam,
1435 2518 1582 2573 Cwlii
1623 2517 1826 2573 Sedulii

222 2613 464 2686 hymnus,
495 2612 544 2668 A
572 2627 742 2678 sons,
784 2621 888 2668 etc.
921 2611 1055 2668 Post
1094 2612 1353 2684 hymnum
1386 2613 1717 2683 epigramma
1757 2610 1827 2667 de

225 2717 452 2780 quatuor
481 2707 881 2778 Evangelistis,
915 2705 1192 2760 Mattheeus
1228 2706 1483 2773 instituit,
1520 2713 1653 2770 etc.,
1683 2703 1826 2774 quod

228 2805 276 2858 in
321 2813 516 2858 nostra
547 2801 790 2856 editione
833 2799 1083 2864 Juvenci,
1129 2814 1202 2854 ex
1234 2797 1605 2854 vetustissimo
1644 2811 1828 2852 exem-

237 2897 351 2967 plari
388 2897 644 2967 positum
677 2893 774 2948 fuit
801 2909 901 2965 pro
927 2894 1103 2964 prima
1144 2891 1467 2963 praefatione
1494 2889 1739 2946 Juvcnci.
1770 2889 1826 2943 ln

232 2990 407 3045 codice
428 2987 754 3044 Poelmanni
776 3002 970 3042 nomen
989 2986 1227 3042 auctoris
1245 2987 1544 3056 ascriptum
1560 2999 1664 3039 non
1689 2992 1826 3039 erat.

232 3081 351 3139 Pest
381 3082 723 3152 epigramma
746 3095 936 3137 versus
964 3077 1261 3135 acrosticbi
1289 3077 1357 3132 de
1387 3077 1631 3144 Sedulio,
1662 3075 1830 3130 Sedu-

232 3175 325 3230 lius
372 3149 614 3243 ossis,
666 3172 778 3246 ea
813 3183 869 3229 et
899 3171 1144 3228 Sedulius
1195 3170 1412 3237 Christi,
1463 3169 1829 3240 praetermisso
1856 3149 1905 3215 C

230 3278 516 3324 auctorum
544 3268 786 3322 nomine.
814 3265 869 3320 ln
893 3265 999 3321 fine
1023 3263 1315 3319 voluminis
1335 3304 1350 3328 ,
1377 3271 1503 3334 post
1528 3262 1710 3318 varias
1755 3260 1831 3317 le-

233 3365 446 3420 ctiones
479 3364 531 3418 in
557 3361 858 3418 Juvencum
911 3360 1107 3416 addita:
1149 3367 1275 3414 sunt
1305 3358 1584 3414 nunnullai
1625 3356 1746 3412 alia:
1779 3357 1831 3412 in

235 3457 536 3524 Sedulium,
561 3471 686 3527 qua:
709 3455 939 3527 margini
960 3455 1123 3511 etiam
1152 3457 1453 3509 carminum
1481 3452 1593 3508 suis
1622 3450 1673 3505 in
1699 3449 1833 3506 locis

248 3551 506 3621 appositae
537 3559 826 3620 apparent.

312 3645 430 3700 110.
465 3642 652 3698 Editio
672 3657 782 3706 xtx,
812 3655 956 3696 anno
980 3641 1138 3697 1558.
1163 3639 1443 3696 Grunerus
1467 3637 1699 3694 contulit
1720 3635 1837 3692 edi-

244 3736 438 3795 tionem
468 3735 680 3794 Sedulii
710 3734 1093 3791 Coloniensem
1126 3733 1287 3804 hujus
1327 3733 1453 3788 anni
1482 3733 1654 3787 in-8°.

313 3834 436 3887 111.
462 3831 650 3886 Editio
667 3844 919 3898 xx,anno
940 3831 1135 3886 eodem
1157 3827 1318 3894 1536,
1341 3826 1674 3897 Antuerpite,
1695 3825 1838 3896 apud

244 3929 478 3985 Viduam
507 3929 720 3984 Martini
749 3925 1210 3997 Ctesaris,!irt-8°,
1243 3940 1309 3980 ex
1341 3924 1480 3978 Bibl.
1513 3923 1657 3978 med.
1678 3922 1836 3976 Fabr.

320 4024 446 4080 112.
489 4023 672 4079 Editio
720 4039 840 4088 χχι,
873 4038 964 4077 an.
1011 4019 1174 4086 1541,
1225 4019 1417 4075 in-8°:
1452 4017 1598 4073 Caelii
1638 4015 1844 4073 Sedulii

244 4117 525 4188 presbyteri
549 4133 670 4170 cum
690 4115 930 4187 piissimi,
956 4123 1066 4170 tum
1091 4112 1398 4179 doctissimi,
1429 4109 1672 4185 paschale
1694 4126 1840 4183 opus,

244 4225 335 4264 seu
379 4209 710 4264 Mirabilium
747 4208 1043 4262 diuinorum
1079 4205 1196 4260 libri
1226 4206 1452 4276 quinque
1489 4221 1606 4260 cum
1635 4220 1848 4259 enarra-

248 4303 472 4358 tionibus
502 4300 925 4356 luculentissimis
949 4299 1020 4354 ΛΞ
1026 4299 1084 4354 lii
1109 4298 1318 4353 Antonii
1343 4296 1712 4353 Nebrissensis.
1742 4295 1850 4350 Ad—

239 4399 517 4470 junximus
548 4396 704 4449 etiam
732 4391 949 4448 Iuvenci
1000 4391 1232 4464 Hispani
1273 4391 1556 4465 presbyteri
1586 4390 1848 4462 evangeli-

250 4508 362 4547 cam
389 4491 667 4546 historiam
692 4487 924 4559 ejusdem
973 4486 1294 4558 argumenti,
1324 4484 1522 4538 additis
1551 4493 1598 4538 et
1624 4484 1681 4538 in
1708 4499 1849 4538 eam-

1918 1957 2236 2025 ctiamnum,
2263 1957 2406 2014 sitne
2435 1957 2550 2012 haec
2575 1957 2748 2027 prima
2772 1955 2939 2011 editio
2967 1953 3306 2020 Poelmanni,
3339 1969 3409 2009 an
3433 1969 3521 2011 re-

1919 2053 2108 2122 petita.

1993 2145 2118 2200 115.
2161 2144 2343 2200 Editio
2386 2161 2513 2211 xxv,
2566 2160 2710 2202 anno
2759 2143 2951 2200 eodem
2997 2144 3158 2198 1551.
3221 2141 3524 2208 Barthius,

1922 2236 2048 2293 libr.
2085 2253 2214 2293 xux
2241 2237 2496 2304 Advers.,
2530 2254 2650 2308 cap.
2689 2240 2754 2304 5,
2804 2238 2936 2293 citat
2975 2237 3268 2293 editionem
3301 2234 3524 2307 Lugdu-

1923 2345 2150 2387 nensem
2197 2331 2360 2401 hujus
2401 2331 2562 2399 anni,
2604 2347 2726 2400 qua:
2763 2332 3090 2396 Aratorem,
3141 2329 3424 2385 Sedulium
3469 2338 3523 2384 et

1923 2423 2219 2480 Iuvencum
2242 2425 2309 2479 ad
2336 2424 2627 2480 lectionem
2651 2438 2783 2479 mss.
2815 2437 3039 2494 prorsus
3063 2431 3358 2478 renovatos
3379 2437 3522 2493 pra:-

1925 2517 2118 2574 sefert.

2000 2612 2121 2666 116.
2168 2610 2352 2666 Editio
2382 2625 2511 2666 xxw
2535 2652 2550 2677 ,
2581 2625 2726 2666 anno
2764 2611 2920 2667 1555.
2954 2609 3202 2681 Lugduni
3229 2651 3244 2676 ,
3276 2625 3398 2666 cum
3428 2609 3524 2667 Ju-

1928 2719 2132 2773 venco,
2166 2704 2352 2770 in-12,
2383 2703 2543 2775 quam
2569 2704 2829 2771 contulit,
2861 2712 2918 2759 et
2950 2702 3345 2759 Tornwsianam
3372 2705 3398 2759 1
3432 2720 3526 2773 ap-

1929 2798 2090 2868 pellat
2126 2797 2477 2855 Arntzenius.
2525 2797 2779 2854 Continet
2825 2799 2990 2854 etiam
3029 2799 3338 2854 Aratorem.
3391 2797 3524 2867 Ejus

1930 2890 2260 2946 mentionem
2294 2889 2392 2945 feci
2423 2891 2477 2945 in
2508 2890 2817 2962 Prolegom.
2860 2889 2929 2944 ad
2963 2888 3214 2957 Juvenc.,
3249 2905 3398 2946 num.
3431 2890 3521 2946 76.

2005 2984 2127 3038 117.
2171 2983 2352 3038 Editio
2382 2998 2532 3040 xxvu
2557 3027 2572 3052 ,
2602 2999 2747 3040 anno
2780 2984 2938 3040 1551.
2986 2983 3235 3052 Basileae,
3291 2993 3352 3039 ut
3378 2983 3525 3040 Ceil-

1933 3076 2121 3132 lierius
2157 3086 2410 3133 testatur.

2008 3174 2130 3228 118.
2176 3172 2353 3228 Editio
2382 3187 2592 3242 xxvm,
2633 3189 2778 3228 anno
2806 3173 2974 3242 1564,
3007 3189 3130 3228 cum
3181 3173 3302 3229 aliis
3352 3173 3528 3243 poetis

1932 3265 2282 3333 christianis,
2332 3277 2659 3323 recensente
2708 3267 2942 3339 Georgio
2975 3265 3246 3333 Fabricio,
3279 3277 3339 3322 ut
3369 3267 3534 3324 latius

1933 3362 1988 3417 in
2015 3362 2229 3433 Proleg.
2255 3362 2319 3418 ad
2352 3362 2635 3430 Prudent.,
2658 3361 2884 3419 Juvenc.
2909 3372 2962 3418 et
2985 3362 3241 3417 Dracont.
3284 3366 3534 3433 exposui.

1935 3457 2237 3514 Confirmat
2281 3457 2610 3513 Arntzenius
2655 3457 2802 3528 quod
2869 3457 2976 3512 loc.
3023 3456 3118 3512 cit.
3169 3456 3237 3512 de
3285 3455 3538 3514 Fabricio

1936 3553 2046 3608 dixi
2078 3570 2090 3607 :
2124 3551 2372 3607 Permisit
2401 3551 2522 3618 sibi,
2551 3553 2647 3622 ait,
2678 3568 2782 3606 uno
2807 3560 2855 3606 et
2883 3553 3050 3606 altero
3080 3550 3226 3618 loco,
3257 3553 3395 3622 quod
3433 3569 3539 3609 non

1937 3646 2171 3714 debebat,
2183 3645 2364 3717 judice
2382 3645 2626 3712 Daumio,
2646 3646 2713 3699 ad
2731 3645 3005 3702 Heinsium
3027 3645 3179 3718 epist.
3203 3647 3332 3714 225,
3354 3656 3480 3704 tom.
3503 3662 3539 3704 ν

1941 3739 2078 3811 Syll.
2108 3737 2296 3795 Burm.
2330 3737 2480 3793 Idem
2506 3755 2712 3811 quoque
2735 3741 2836 3811 egit
2864 3741 2917 3793 in
2942 3738 3183 3807 Sedulio,
3213 3742 3540 3813 transpositis

1941 3832 2241 3904 plerumque
2261 3831 2448 3895 verbis,
2488 3833 2534 3886 si
2576 3834 2726 3886 metri
2769 3833 2907 3902 leges
2943 3833 3141 3904 aliquid
3176 3833 3354 3886 damni
3389 3844 3536 3906 pate-

1942 3935 2141 3989 rentur,
2175 3941 2290 3995 qua:
2329 3925 2499 3994 ipsius
2530 3925 2988 3996 transpositiones,
3029 3926 3145 3979 licet
3185 3927 3237 3980 in
3276 3927 3539 3982 codicibus

1946 4021 2241 4090 neutiquam
2269 4017 2519 4086 fundatae,
2554 4026 2725 4071 tamen
2755 4034 2788 4070 a
2822 4017 3195 4088 posterioribus
3233 4018 3383 4072 auide
3420 4028 3539 4073 sunt

1945 4112 2210 4166 interdum
2251 4118 2485 4182 receptat.
2540 4108 2746 4180 Swpius
2788 4107 2925 4162 illud
2967 4109 3021 4162 in
3063 4111 3380 4181 transposita
3423 4126 3542 4166 voce

1947 4221 2086 4261 JUGIS
2126 4203 2482 4269 observavi,...
2516 4201 2633 4255 licet
2676 4201 2731 4255 in
2766 4200 3074 4272 quibusdam
3112 4200 3390 4257 Fabricius
3428 4220 3541 4258 cer-

1949 4299 2142 4352 tissime
2169 4295 2402 4349 habuerit
2432 4301 2744 4366 prazeuntes,
2773 4309 2900 4364 quos
2927 4301 3133 4347 secutus
3161 4301 3257 4348 est.

2025 4391 2151 4446 119.
2185 4389 2365 4444 Editio
2384 4403 2544 4451 xxix,
2570 4401 2714 4443 anno
2739 4387 2902 4453 1566,
2925 4402 3048 4442 cum
3069 4387 3310 4444 Juvenco
3331 4398 3389 4446 et
3409 4397 3546 4446 Ara-

1954 4493 2092 4547 tore,
2125 4481 2296 4547 in-1‘2,
2325 4491 2415 4536 aut
2444 4480 2535 4551 16,
2558 4495 2721 4552 quam
2749 4477 3137 4535 Torntesianam
3165 4481 3197 4536 2
3221 4483 3547 4540 Arntzenius

252 4589 367 4642 dem
395 4584 803 4643 commentariis.
841 4582 1028 4638 Omnia
1066 4581 1135 4637 ad
1163 4579 1505 4637 vetustissima
1536 4577 1852 4649 exemplaria
1876 4548 1931 4610 D
1957 4587 2137 4634 vocat.
2186 4577 2259 4632 Ea
2290 4576 2450 4631 etiam
2479 4589 2581 4646 ego
2609 4589 2738 4630 usus
2767 4588 2886 4629 sum
2914 4589 2983 4630 ex
3011 4574 3436 4646 locupletissima
3471 4577 3551 4632 bi-

254 4679 448 4736 collata
475 4687 522 4733 et
553 4677 828 4751 castigata.
861 4675 1102 4742 Basileae,
1134 4690 1273 4729 anno
1316 4687 1499 4728 unm.
1532 4671 1702 4742 Hujus
1735 4671 1855 4726 edi-

257 4776 421 4832 tionis
464 4773 694 4830 memini
725 4786 938 4843 quoque
979 4772 1035 4826 in
1077 4770 1385 4841 Prolegom.
1422 4767 1488 4822 ad
1533 4765 1854 4830 iuvencum,

259 4883 410 4923 num.
440 4867 532 4921 71.
558 4863 955 4936 Typographus
982 4873 1067 4919 est
1088 4860 1523 4924 Westhemerus,
1551 4859 1642 4929 qui
1666 4855 1860 4928 praefa-

263 4960 466 5016 tionem
499 4971 721 5029 quoque
747 4956 964 5025 adjecit.
996 4953 1373 5011 Nebrissensis
1403 4952 1776 5010 enarrationes
1805 4950 1858 5004 in

1959 4672 2229 4727 bliotheca
2261 4669 2451 4741 optimi
2482 4668 2742 4740 principis
2762 4710 2778 4735 ,
2807 4667 3228 4725 eminentissimi
3255 4670 3553 4729 cardinalis

1961 4764 2206 4821 Valentis
2234 4764 2521 4837 Gonzagaa.
2560 4761 2768 4820 Confer
2799 4763 3100 4835 prolegom.
3152 4764 3218 4820 ad
3249 4763 3551 4822 Iuvencum

1963 4875 2113 4917 num.
2143 4861 2234 4917 78.

2039 4954 2160 5010 120.
2202 4953 2381 5010 Editio
2404 4969 2536 5020 xxx,
2558 4966 2701 5009 anno
2729 4953 2882 5010 1568.
2911 4951 3136 5027 Lipsize,
3167 4961 3226 5008 ut
3248 4952 3556 5011 Ceilliertus

265 5054 366 5111 hac
395 5065 609 5110 tantum
632 5051 874 5108 editione
893 5050 1002 5106 vidi
1031 5067 1046 5104 :
1071 5048 1426 5115 Arntzanius,
1447 5046 1648 5119 aliique
1673 5061 1863 5103 recen-
1965 5048 2147 5113 refert,
2178 5047 2268 5117 qni
2299 5048 2528 5102 afﬁrmat
2560 5061 2683 5103 esse
2720 5047 2886 5111 in-8°,
2913 5061 3038 5102 cum
3061 5046 3186 5102 aliis
3217 5046 3392 5117 poetis
3411 5045 3560 5103 cbri-

269 5157 349 5203 tes
377 5148 624 5205 editores
651 5144 859 5201 Sedulii
881 5144 1102 5200 omnino
1124 5144 1208 5199 his
1227 5150 1540 5199 caruerant.
1571 5141 1703 5196 Post
1724 5155 1863 5212 prae-

270 5239 532 5297 fationem
562 5237 963 5304 Nebrissensis,
995 5237 1363 5307 praetermissa
1389 5233 1622 5304 epistola
1653 5231 1719 5288 ad
1753 5233 1866 5288 Ma-

270 5333 604 5400 cedoniam,
655 5330 846 5401 incipit
887 5330 1146 5402 prologus
1183 5329 1446 5385 metricus
1485 5327 1693 5384 Sedulii
1754 5323 1862 5380 Pa-

273 5431 472 5486 schales
503 5443 522 5484 :
552 5438 665 5483 tum
693 5441 913 5482 carmen
931 5426 985 5481 in
1010 5425 1249 5496 quinque
1289 5425 1461 5481 libros
1483 5424 1866 5490 distributum;

1967 5141 2537 5210 stianis,procuratam
2567 5155 2598 5196 a
2619 5139 2688 5195 G.
2716 5138 2988 5195 Fabricio.
3014 5140 3068 5194 ld
3101 5138 3239 5193 nihil
3263 5137 3407 5194 aliud
3436 5154 3561 5197 esse

1970 5248 2190 5301 censeo,
2225 5232 2327 5288 nisi
2352 5235 2494 5303 quod
2524 5231 2809 5289 Fabricius
2834 5233 2889 5288 in
2921 5231 3058 5287 Bibl.
3095 5231 3213 5286 Lat.
3245 5231 3282 5284 Ι.
3312 5245 3386 5295 ιν,
3419 5246 3471 5287 c.
3500 5233 3559 5297 2,

1972 5326 2114 5382 inter
2141 5326 2410 5381 editiones
2437 5325 2719 5382 Prudentii
2751 5334 3144 5383 commemorat
3178 5321 3428 5397 :Geargii
3453 5322 3564 5380 Fa-

1975 5422 2124 5476 bricii
2151 5422 2206 5475 in
2235 5420 2456 5476 Paeauas
2485 5429 2588 5476 tres
2613 5419 2912 5483 Prudentii,
2943 5416 3148 5474 Sedulii
3177 5425 3226 5470 et
3255 5415 3558 5485 Fortunati,

277 5522 474 5578 deinde
504 5538 520 5575 :
553 5517 754 5589 Incipit
777 5516 998 5589 hymnus
1019 5516 1272 5590 ejusdem,
1293 5526 1402 5573 etc.
1429 5517 1557 5572 Haec
1583 5524 1670 5572 est
1697 5515 1870 5585 elegia
1975 5517 2040 5572 de
2070 5515 2189 5572 Vita
2214 5525 2263 5570 et
2293 5515 2463 5572 Morte
2491 5513 2707 5581 Christi,
2738 5522 2788 5569 et
2815 5514 2870 5566 in
2899 5512 3116 5582 hymnos
3145 5518 3248 5563 tres
3263 5507 3396 5562 alios
3424 5507 3567 5563 Pru-

279 5617 577 5674 Cantemus.
608 5612 894 5667 Postremo
924 5628 938 5664 :
967 5608 1170 5666 Sedulii
1195 5610 1480 5682 presbyteri
1498 5608 1718 5681 hymnus
1742 5609 1874 5662 iam-
1977 5609 2172 5678 dentii,
2216 5617 2265 5664 et
2301 5610 2356 5663 in
2399 5607 2694 5663 Romanum
2739 5613 3016 5675 martyrem
3060 5601 3332 5673 expositio.
3370 5597 3569 5672 Lipsiae

282 5709 419 5763 biens
461 5707 704 5774 dimeter,
747 5712 854 5759 etc.
897 5703 1288 5760 Enarrationes
1321 5701 1694 5760 Nebrissensis
1731 5700 1876 5758 inter
1981 5701 2325 5768 1568,in-8°.
2351 5701 2643 5769 Subjuncta
2661 5697 2971 5770 adagiorum
2989 5701 3285 5747 notatorum
3305 5694 3564 5748 centuria.

280 5817 476 5860 versus
515 5798 878 5857 collocantur.

1984 5792 2041 5850 In
2065 5793 2318 5851 Biblioth.
2347 5793 2492 5851 med.
2516 5791 2629 5864 66
2647 5785 2882 5845 Fabricii
2903 5785 3048 5842 inter
3066 5783 3340 5841 editiones
3361 5781 3571 5842 Sedulii
