4060 6320
253 276 351 352 iss

1618 284 2156 359 PWMBM.

3409 294 3517 355 ιω

253 406 562 471 Gallandius
593 404 813 463 Cellarii
852 405 1084 469 selectos
1112 410 1268 463 notas
1299 400 1566 474 adhibuit,
1594 417 1829 476 suasque
1853 405 1916 485 Α.
1934 402 2289 476 explicandus.
2320 402 2474 473 Quod
2500 414 2549 460 et
2577 405 2749 477 ipsum
2796 414 2971 465 tamen
3016 406 3100 463 hic
3136 404 3301 463 lector
3343 423 3521 477 (equus

250 500 533 565 nonnullas
562 499 784 573 adjecit.

316 595 439 651 151.
481 592 668 648 Pauca
703 606 847 649 nunc
871 590 1065 646 addam
1093 589 1161 651 de
1192 589 1708 665 commentator-ibus
1732 587 1831 646 Se-

246 688 369 743 dulii
391 728 405 752 ,
433 697 485 741 et
504 685 576 741 de
594 684 714 751 aliis
732 728 748 761 ,
774 685 864 757 qui
893 684 1322 750 observationes,
1344 693 1435 739 aut
1460 683 1827 761 conjecturas,

248 782 293 837 in
317 781 435 852 ejus
460 780 706 835 carmina
752 780 1215 851 conscripserunt.
1249 782 1305 839 In
1355 779 1637 841 codicibus
1686 796 1823 839 mss.

243 873 434 945 passim
463 880 767 929 occurrunt
789 873 985 947 glossa‘
1006 916 1021 941 ,
1052 882 1108 930 et
1129 874 1180 928 in
1205 872 1480 930 nonnullis
1501 872 1828 943 locupletio-

242 980 321 1022 res
348 984 361 1019 :
386 982 452 1021 ex
476 964 675 1038 quibus
708 965 1003 1037 aliquando
1044 981 1167 1023 vera
1203 966 1368 1021 lectio
1398 966 1629 1031 eruitur,
1661 965 1830 1021 inter-

241 1060 357 1117 dum
389 1062 665 1123 sententia
689 1061 915 1121 obscura
940 1060 1288 1129 explanatur.
1329 1059 1651 1131 Huiusmodi
1678 1059 1821 1131 glos-

240 1155 307 1210 sis
328 1154 597 1225 antiquis,
644 1170 767 1209 cum
813 1165 1175 1227 Opportunum
1216 1156 1389 1215 visum
1423 1154 1553 1223 fuit,
1588 1154 1669 1211 usi
1720 1152 1829 1221 lui-

239 1263 369 1303 mus.
400 1246 533 1301 Post
554 1247 839 1302 restitutas
862 1246 1072 1305 litteras
1106 1247 1317 1317 primus
1344 1246 1524 1311 Elius
1554 1246 1826 1307 Antonius

240 1341 605 1397 Nebrissensis
634 1341 703 1398 de
730 1340 952 1398 Sedulio
996 1341 1322 1403 illustrando
1336 1342 1601 1413 cogitavit
1620 1384 1634 1407 ,
1666 1339 1830 1397 editis

237 1433 480 1492 brevibus
531 1434 711 1500 notis,
759 1443 814 1493 et
836 1435 901 1490 ad
934 1451 1089 1491 usum
1122 1434 1337 1493 Scholze
1366 1432 1826 1499 accommodatis,

237 1529 419 1601 quibus
448 1539 636 1585 tamen
668 1528 901 1600 theologi
933 1530 1097 1589 etiam
1127 1527 1310 1599 juvari
1336 1528 1552 1599 possint
1589 1546 1605 1593 ;
1640 1541 1818 1598 neque

238 1631 337 1679 tam
360 1621 674 1681 mirandum
700 1629 786 1677 est
805 1664 820 1691 ,
848 1637 973 1679 eum
994 1621 1287 1693 aliquando
1314 1622 1599 1679 aberrasse
1618 1661 1634 1691 ,
1667 1634 1828 1695 quam

240 1724 309 1771 tot
333 1715 627 1787 prteelaras
672 1716 1150 1786 interpretationes
1186 1717 1419 1787 primum
1467 1716 1713 1779 omnium
1770 1715 1823 1775 in

236 1806 395 1862 lucem
417 1808 741 1877 protulisse.
1564 1855 1571 1861 .

193 1898 200 1917 ‘
294 1898 548 1977 69152.
584 1898 927 1961 Nebrissensi
951 1900 1296 1974 adjungimus
1324 1902 1459 1961 duos
1483 1902 1620 1959 alios
1646 1900 1834 1975 Hispa-

235 2008 346 2060 nos,
360 2009 597 2069 quorum
618 1995 780 2060 alter,
800 1995 1228 2057 Bartbolomtcus
1248 1998 1541 2065 Morlnncs,
1557 2011 1838 2055 commen-

232 2087 412 2157 tarios,
433 2096 489 2144 et
511 2099 676 2143 notas
699 2089 921 2161 scripsit
943 2090 993 2143 in
1014 2090 1196 2167 plures
1219 2100 1431 2161 poetas,
1447 2100 1502 2145 et
1518 2091 1835 2149 nominatim

230 2178 281 2235 in
302 2179 689 2248 Prudentium,
712 2180 982 2241 Alcimum
1000 2182 1242 2251 Avitum,
1262 2183 1495 2243 Marium
1512 2181 1835 2252 Victorinus,

232 2269 543 2342 iuvencum,
571 2272 880 2341 Sedulium,
903 2274 1216 2340 Aratorem,
1241 2288 1301 2331 ut
1318 2278 1540 2339 narravi
1565 2278 1618 2335 in
1646 2277 1838 2339 Prole-

236 2382 369 2438 gom.
399 2366 464 2422 ad
499 2365 886 2437 Prudentium,
913 2385 1066 2426 num.
1094 2370 1228 2439 259,
1251 2369 1309 2425 in
1338 2380 1489 2429 nota.
1520 2370 1717 2433 Postea
1744 2386 1836 2431 re-

232 2473 351 2516 cusa
382 2461 480 2519 luit
508 2459 713 2523 Matriti
744 2463 1076 2527 Bibliotheca
1124 2466 1365 2540 HiSpaua
1396 2465 1517 2527 Nic.
1572 2466 1835 2533 Antonii,

234 2562 287 2609 et
314 2569 378 2610 ex
416 2555 581 2627 hujus
626 2555 1002 2613 additionibus
1051 2559 1359 2628 postitumis
1411 2560 1616 2623 mentio
1671 2560 1725 2615 in
1774 2575 1837 2617 ea

228 2642 365 2701 facta
397 2654 481 2702 est
528 2646 919 2707 Bartholomzei
965 2648 1264 2722 Morlaues,
1311 2652 1469 2729 cujus
1497 2660 1838 2711 commenta-

230 2738 336 2795 rios
360 2756 497 2795 mss.
522 2740 951 2814 Caesaraugustae
982 2754 1203 2807 exstare
1234 2746 1503 2803 innuitur.
1545 2746 1838 2818 Antiquior

231 2830 385 2889 Iorla
395 2849 466 2890 ne
483 2832 508 2888 f
509 2836 609 2901 uit,
625 2844 786 2908 atque
808 2836 908 2907 ipsi
924 2836 1267 2897 Nebrissensi
1289 2840 1523 2911 aequalis
1540 2839 1680 2896 alter
1694 2854 1844 2894 com-

240 2938 503 2986 mentator
522 2929 734 2986 Sedulii
758 2930 998 2987 Joannes
1015 2931 1331 3002 Soprarius,
1363 2934 1524 3007 cujus
1554 2934 1844 2991 laudantur

235 3037 261 3077 a
280 3023 396 3079 Nic.
425 3024 673 3079 Antonio
691 3024 743 3078 in
769 3024 1023 3081 Biblioth.
1042 3041 1179 3082 nova
1200 3026 1355 3099 Hisp.
1371 3028 1764 3087 commentaria
1787 3028 1843 3083 in

237 3112 514 3172 Sedulium
543 3124 761 3185 poetam
792 3132 858 3173 ex
892 3118 1286 3195 epigrammate
1316 3119 1377 3179 L.
1415 3121 1638 3179 Marinei
1673 3120 1841 3179 Siculi

235 3208 271 3266 l.
290 3226 327 3266 ιι
352 3209 701 3281 Carminum,
726 3226 793 3267 ex
810 3227 920 3284 quo
952 3211 1070 3273 haec
1098 3229 1265 3287 pauca
1288 3214 1523 3275 disticha
1552 3216 1729 3290 seligo
1755 3234 1769 3273 :

360 3344 830 3412 Cogferateximios
850 3348 893 3403 si
906 3349 1020 3412 quis
1041 3362 1123 3398 me
1143 3348 1312 3412 judice
1336 3358 1496 3412 vates,

422 3408 613 3477 Sedulii
639 3421 816 3477 magna
839 3408 1092 3477 est'gloria
1105 3448 1121 3474 ,
1143 3408 1359 3477 magnus
1383 3408 1557 3464 honor.

358 3467 485 3545 Baio
500 3469 649 3545 lege,
676 3467 829 3545 erade
850 3467 964 3545 mihi
979 3509 994 3530 ,
1014 3467 1186 3545 doctos
1201 3515 1214 3539 ,
1229 3467 1532 3545 sanctosque
1549 3516 1564 3545 ,
1582 3479 1842 3545 magister,

422 3532 709 3595 Discipulos
731 3532 914 3585 facient
932 3538 1150 3585 eat-Iliun
1165 3532 1334 3587 saneta
1357 3532 1485 3589 tuos.

363 3593 491 3662 Nam
519 3593 698 3662 si'quze
721 3595 903 3662 fuerint
924 3598 1103 3662 occulti
1119 3602 1333 3649 carmina
1355 3613 1560 3662 sensus,

417 3655 817 3707 Omnia'Sobrari
843 3660 993 3709 verba
1018 3660 1175 3712 soluta
1198 3662 1403 3713 dabunt.

246 3779 583 3850 Sobrarium,
616 3799 723 3847 non
757 3783 1068 3854 Soprarittm
1106 3797 1268 3845 vocat
1310 3786 1592 3849 Marineus
1625 3790 1680 3845 in
1726 3790 1846 3846 suis

242 3875 579 3931 carminibus
603 3918 620 3943 ,
675 3893 797 3947 qua:
829 3888 951 3950 post
980 3878 1250 3950 epistolas
1277 3879 1422 3937 edita
1456 3891 1582 3938 sunt
1611 3880 1848 3939 Yalliso—

248 3964 370 4037 leti,
396 3983 537 4037 anno
563 3970 731 4027 1514.

317 4063 442 4125 155.
472 4064 739 4137 Georgius
786 4066 1076 4127 Fabricius
1131 4068 1184 4124 in
1224 4078 1587 4131 commentor.
1630 4080 1843 4141 poetar.

240 4154 441 4227 Christ.
476 4175 602 4217 cum
628 4156 857 4231 reliquis
884 4161 1147 4219 nonnulla
1172 4162 1338 4218 etiam
1372 4162 1493 4218 loca
1519 4162 1729 4220 Sedulii
1752 4180 1850 4220 ex-

240 4250 417 4320 ponit.
447 4251 708 4313 Barthius
738 4253 1067 4325 szepissitne,
1112 4256 1425 4325 prmsertim
1468 4271 1602 4315 vero
1634 4258 1692 4313 in
1735 4257 1848 4313 Ad-

240 4343 506 4401 versariis
534 4359 727 4401 versus
777 4344 987 4403 Sedulii
1018 4361 1087 4401 ex
1125 4362 1286 4412 ωδε..
1323 4359 1380 4404 et
1408 4363 1472 4409 ex
1507 4350 1622 4407 suis
1662 4348 1849 4419 conje-

240 4435 417 4492 cturis
455 4438 749 4505 emendat,
790 4445 850 4496 et
869 4438 1128 4509 explicat,
1160 4437 1241 4495 lta
1270 4455 1397 4503 vero
1426 4440 1503 4499 ait
1534 4440 1576 4499 l.
1606 4457 1692 4497 Ltv
1735 4441 1851 4497 Ad-

241 4543 392 4584 vers.
423 4543 549 4599 cap.
585 4531 614 4585 7
641 4547 654 4585 :
687 4528 904 4596 Fateor,
938 4533 993 4589 in
1016 4533 1182 4602 poetis
1206 4532 1457 4595 veteribus
1486 4550 1565 4587 me
1588 4532 1862 4593 Christico—

1931 496 2174 553 inveniet.
2202 496 2344 555 Sane
2375 497 2628 555 Barthius
2657 513 2906 571 magnam
2950 499 3130 557 lucem
3156 501 3520 570 scriptoribus

1934 590 2049 649 fere
2078 592 2330 653 omnibus
2356 593 2593 665 antiquis
2618 594 2803 655 attulit
2823 635 2839 661 ,
2872 595 2967 651 sed
2997 595 3272 653 interdum
3303 596 3527 655 subtili.-

1930 684 2035 739 bus
2067 685 2186 740 suis
2216 683 2544 755 coniecturis
2586 684 2641 741 id
2668 695 3001 758 extorquere
3034 687 3172 755 vult,
3222 696 3283 749 ut
3310 696 3527 743 veteres

1932 787 2188 835 auctores
2216 785 2322 839 tam
2352 777 2653 849 perplexe,
2707 788 2925 852 tamque
2946 781 3179 841 obscure
3208 780 3520 853 loquantur,

1932 886 2097 941 quam
2143 869 2264 945 ipse
2307 872 2565 945 loquitur.
2602 872 2926 944 Plerumque
2954 875 3098 931 enim
3137 874 3351 933 facilius
3383 876 3526 939 scri-

1934 972 2150 1034 ptorum
2182 978 2383 1037 Opera,
2415 980 2536 1036 qua:
2575 964 2858 1027 illustrare
2883 976 3137 1033 conatur,
3176 982 3339 1038 quam
3373 967 3525 1039 ipsos

1932 1054 2051 1126 eius
2076 1056 2499 1125 commentarios
2527 1057 2821 1130 intelligas.

2006 1149 2127 1211 151.
2178 1149 2437 1213 Daumius
2489 1164 2689 1219 corpus
2736 1147 3175 1217 Christianorum
3231 1159 3519 1223 poetarum

1932 1241 2273 1303 emendatius
2326 1241 2491 1305 edere
2536 1244 2929 1313 constituerat,
2991 1246 3043 1309 in
3096 1244 3294 1321 quibus
3334 1244 3512 1307 locum

1930 1347 2089 1397 suum
2123 1334 2362 1395 habebat
2386 1337 2645 1399 Sedulius
2680 1354 2692 1391 :
2749 1353 2855 1409 qua
2882 1336 2949 1395 de
2979 1353 3039 1395 re
3089 1338 3261 1393 videri
3295 1348 3528 1410 possunt

1932 1423 2160 1503 epistola
2185 1427 2253 1482 87
2286 1440 2341 1483 et
2372 1429 2441 1485 92
2472 1428 2678 1491 Heinsii
2710 1430 2762 1487 in
2796 1428 2938 1501 Syll.
2974 1430 3272 1495 Burmann.
3305 1430 3531 1502 Egregia

1933 1517 2002 1573 de
2034 1519 2351 1593 posterioris
2379 1523 2480 1576 atri
2509 1523 2684 1591 poetis
2706 1522 2993 1585 Daumium
3021 1526 3271 1587 conferre
3292 1527 3534 1597 potuisae

1933 1612 2008 1669 ait
2033 1610 2395 1682 Arntzcnius,
2433 1615 2560 1670 licet
2589 1614 2671 1671 vir
2702 1616 2925 1685 majoris
2971 1617 3303 1689 diligentia,
3337 1634 3401 1681 ac
3439 1618 3534 1677 duo

1935 1707 2152 1772 ctrinae,
2183 1725 2343 1785 quam
2368 1710 2560 1781 iudicii
2587 1711 2839 1773 videatur
2863 1711 3125 1769 Withotio
3149 1714 3284 1773 diss.
3305 1715 3377 1771 de
3404 1729 3537 1777 vero

1860 1796 1908 1867 Β
1938 1802 2216 1865 distichor.
2242 1802 2437 1871 Caton.
2471 1816 2694 1867 auctore
2724 1822 2844 1878 pag.
2876 1809 3003 1864 50L
3036 1808 3358 1880 Suspicatur
3378 1810 3524 1871 idem

1938 1896 2265 1963 Arntzenins
2287 1939 2302 1964 ,
2350 1897 2616 1965 Joannem
2648 1899 2940 1965 Albertum
2968 1900 3286 1969 Fabricium
3315 1919 3535 1977 quoque

1938 1987 2103 2053 decus
2123 1988 2339 2060 aliquod
2361 1990 2587 2055 Sedulio
2614 1993 2909 2055 conciliare
2928 1997 3194 2059 statuisse
3215 2037 3231 2065 ,
3261 2011 3382 2052 cum
3415 2013 3540 2071 par—

1943 2089 2050 2137 tem
2077 2093 2360 2153 pootarutn
2383 2084 2815 2147 Christianorum
2847 2087 3011 2145 edere
3037 2089 3093 2151 in
3119 2090 3301 2159 animo
3326 2090 3527 2159 habue-

1942 2175 2014 2239 rit
2039 2218 2053 2240 ,
2087 2187 2148 2231 ut
2176 2175 2346 2243 refert
2372 2177 2659 2239 Reimarus
2687 2179 2741 2239 in
2775 2179 2896 2251 ejus
2927 2180 3045 2241 Vita
3068 2223 3082 2249 ,
3117 2198 3239 2257 pag.
3274 2183 3399 2249 209.

2018 2269 2143 2327 155.
2182 2268 2471 2333 Cornelius
2501 2270 2752 2327 Valerius
2782 2272 2969 2331 Vonck
2998 2274 3292 2337 lectionum
3321 2276 3542 2337 Latina-

1946 2378 2064 2427 rum
2088 2363 2258 2427 libros
2280 2364 2417 2423 duos
2436 2364 2610 2423 edidit
2632 2365 2869 2437 Traiecti
2886 2366 3149 2427 Viltorum
3174 2368 3338 2441 1745,
3362 2369 3541 2436 iit-8",

1945 2463 2001 2515 et
2030 2455 2126 2513 lib.
2159 2470 2180 2510 ι
2205 2499 2221 2525 ,
2253 2470 2374 2533 cap.
2404 2456 2438 2513 6
2464 2498 2479 2521 ,
2536 2456 2873 2529 coniecturis
2904 2459 3189 2523 Sedulinm
3236 2461 3545 2521 emaculare

1946 2548 2153 2610 studet.
2187 2565 2322 2615 quas
2356 2552 2686 2605 Arntzenius
2711 2552 2853 2606 uotis
2882 2554 3000 2617 suis
3028 2553 3277 2617 inseruit.
3310 2554 3544 2619 Gruueri

1947 2643 2015 2703 de
2048 2642 2289 2705 Vonckio
2323 2642 2591 2713 judicium
2645 2645 2825 2705 libens
2867 2647 3197 2719 amplector,
3247 2662 3548 2719 verumque

1947 2751 2069 2793 esse
2116 2735 2375 2808 proﬁteor
2409 2756 2421 2791 :
2462 2736 2740 2802 Vonckius,
2773 2739 2969 2810 inquit,
3004 2741 3159 2803 nimis
3190 2742 3259 2801 ad
3288 2746 3546 2805 innovan-

1949 2831 2074 2891 dunt
2092 2832 2358 2903 proclivis,
2385 2841 2433 2897 et
2455 2832 2519 2893 de
2548 2833 2889 2907 corrigendis,
2912 2850 3072 2907 quam
3097 2834 3441 2911 intclligendis
3463 2854 3547 2895 ιιι-

1950 2935 2115 2987 terum
2139 2927 2349 2999 scriptis
2373 2927 2538 3001 magis
2559 2927 2833 2991 sollicitus,
2857 2930 3083 2991 Thomas
3105 2931 3402 3002 Vopkensii
3434 2934 3552 2988 aui-

1951 3019 2364 3085 madrersiones
2413 3020 2619 3079 critica:
2652 3023 2704 3085 in
2734 3022 3013 3085 Sedulium
3044 3034 3268 3081 exstant
3310 3025 3366 3083 in
3396 3025 3548 3082 Μίδα.

1952 3113 2168 3177 observ.
2191 3112 2443 3177 critic.in
2456 3124 2714 3181 auctores
2730 3126 3014 3179 vetereset
3032 3131 3284 3183 recentes
3298 3129 3430 3175 tom.
3458 3120 3549 3174 IV.

1870 3197 1920 3269 C
1952 3205 2151 3263 Postea
2168 3207 2613 3277 adArutzenium
2633 3212 2937 3273 transmisit
2959 3213 3407 3279 observationum
3428 3226 3555 3275 sua-

1949 3316 2077 3367 rum
2095 3300 2421 3369 adversaria
2438 3306 2833 3379 emendationi,
2850 3319 2905 3362 ut
2921 3323 3078 3365 novat
3098 3308 3308 3373 Sedulii
3332 3307 3559 3371 editioni

1948 3395 2314 3459 deservirem.
2339 3397 2730 3473 Wopkensius,
2764 3410 2830 3469 ut
2856 3400 3061 3467 fatetur
3076 3404 3559 3471 Artttzenius,ma-

1948 3508 2087 3553 num
2127 3498 2310 3564 potius
2338 3498 2768 3561 emendatricem
2801 3499 2921 3555 sola
2949 3500 3392 3572 conjecturarutn
3424 3516 3558 3572 ope,

1952 3599 2117 3655 quam
2146 3587 2365 3657 quidem
2397 3590 2646 3655 codicum
2671 3593 3007 3649 auctoritate
3032 3592 3276 3664 adjutus,
3299 3594 3561 3659 admovit.

1952 3676 2189 3739 Gruneri
2213 3684 2585 3753 :equissimom
2604 3684 2961 3756 estjudieiunt
2976 3687 3029 3743 in
3044 3685 3564 3758 Wopkensiiemett-

1954 3770 2272 3829 (lotionibus
2286 3774 2457 3833 multa
2474 3791 2595 3832 esse
2608 3778 3015 3846 prmelaredicta'
3027 3788 3085 3837 et
3103 3795 3319 3843 summa
3337 3797 3459 3847 cum
3476 3782 3567 3853 itt-

1959 3863 2400 3935 diciozqumdam
2445 3867 2778 3935 deserenda.
2815 3869 3187 3942 Pluresalios,
3225 3876 3317 3944 qui
3356 3875 3564 3933 Sedulii

1959 3956 2210 4027 quasdam
2241 3957 2361 4015 loca
2376 3971 2763 4029 correxerunt,
2802 3972 2901 4021 aut
2934 3962 3298 4034 illustrarunt.
3340 3966 3561 4039 longum

1959 4060 2129 4119 esset,
2147 4068 2324 4124 neque
2338 4068 2467 4113 vero
2486 4057 2857 4117 necessarium
2890 4072 3235 4121 enumerare.

2519 4151 2624 4224 τι
2664 4149 2894 4211 crum
2935 4152 2998 4209 v.

1964 4237 2045 4297 Dc
2058 4239 2279 4311 Asteria,
2294 4242 2384 4313 qui
2396 4244 2628 4301 carmina
2642 4242 2844 4299 Sedulii
2856 4244 3084 4318 collegit;
3096 4247 3160 4307 de
3176 4245 3399 4318 Litorio,
3417 4258 3464 4304 et
3476 4248 3571 4315 Be-

2003 4335 2201 4405 lisario,
2226 4339 2312 4408 qui
2333 4334 2609 4391 Sedulium
2624 4337 3173 4395 versibusacrosticltis
3194 4355 3524 4405 ornaverunt.

2042 4432 2167 4493 156.
2209 4432 2268 4499 In
2297 4432 2478 4488 multis
2507 4448 2639 4489 mss.
2667 4434 2951 4497 codicibus
2989 4434 3201 4499 Sedulii
3255 4446 3569 4507 annotatur,

1969 4522 2243 4581 Asterium
2278 4526 2521 4585 carmina
2551 4525 2756 4584 Sedulii
2784 4527 3035 4598 dispersa
3060 4529 3371 4601 collegiSse,
3395 4546 3459 4593 ac
3484 4532 3572 4589 di-

243 4623 327 4676 nis
356 4595 535 4679 amre
552 4622 936 4697 simplicitatem
957 4595 1124 4697 ipsam
1142 4635 1192 4681 et
1223 4625 1489 4691 dictionis,
1508 4636 1556 4683 et
1581 4644 1859 4695 seruitum,
1888 4595 1947 4671 Ῑ)
1974 4619 2227 4690 vulsas»
2257 4636 2270 4671 :
2300 4619 2395 4677 sed
2427 4635 2548 4675 cum
2575 4620 2625 4676 id
2648 4622 2716 4677 ab
2730 4620 2852 4677 aliis
2871 4622 3034 4682 aliter
3056 4632 3378 4697 experiatur.
3411 4626 3571 4683 verba

245 4734 361 4793 qum
383 4736 489 4793 quo
517 4731 590 4775 est
617 4720 912 4789 candidior,
944 4737 1005 4787 eo
1032 4731 1108 4779 est
1129 4724 1317 4783 merito
1343 4723 1544 4793 gratior
1571 4739 1589 4777 :
1618 4740 1735 4779 cum
1761 4733 1860 4778 tat--

248 4827 362 4867 mor
386 4811 479 4867 ille
500 4853 521 4881 ,
567 4822 611 4868 et
643 4811 949 4883 eloqu
988 4815 1257 4886 effectam:
1282 4814 1501 4887 pictura:
1526 4834 1629 4875 non
1674 4818 1849 4873 sinant

252 4907 484 4965 animum
530 4922 664 4974 pura
688 4921 863 4961 rerum
889 4908 1197 4977 dulcedine,
1250 4910 1485 4967 nummis
1511 4911 1810 4979 infusarum
1827 4951 1857 4980 ν

198 5024 201 5029 -
249 4999 495 5069 gaudere,
530 4995 686 5065 Volo.
704 5008 761 5061 ut
784 5001 1173 5059 redhostimenti
1199 5000 1312 5055 loco
1332 5001 1509 5072 felices
1534 5003 1643 5058 illm
1662 5004 1851 5058 anima

251 5082 346 5145 hoc
376 5108 409 5155 ᾳ
432 5106 513 5153 nte
546 5088 799 5155 habeant,
825 5099 881 5149 ut
910 5094 1108 5164 scripta
1135 5109 1313 5157 eorum
1336 5111 1454 5151 mea
1484 5112 1580 5165 0pc
1612 5097 1868 5166 legantur

251 5184 627 5243 emendatiora.
669 5183 853 5245 Veniat
875 5186 930 5241 in
954 5196 1149 5256 partes,
1181 5188 1259 5241 vel
1280 5188 1459 5249 redeat
1482 5191 1652 5260 potius
1683 5188 1850 5245 Sedu-

254 5274 384 5344 lius,
418 5280 575 5346 rujus
593 5285 835 5349 quartum
863 5277 1071 5349 librum,
1104 5287 1210 5337 etc.
1232 5280 1307 5337 Et
1332 5290 1458 5352 post
1487 5282 1649 5343 multa
1678 5300 1691 5335 :
1721 5280 1864 5337 ch'

256 5367 475 5427 Sedulio
502 5379 681 5433 nostra
711 5370 864 5435 etiam
892 5371 990 5429 hoc
1028 5373 1143 5429 loco
1192 5376 1576 5446 imputavimus.
1625 5376 1865 5449 Scripsi-v

255 5478 369 5517 mus
394 5462 684 5535 aliquando
715 5464 939 5539 integras
966 5466 1037 5523 ad
1058 5483 1173 5522 cum
1202 5476 1374 5535 notas,
1407 5477 1462 5524 ut
1486 5478 1532 5525 et
1560 5470 1731 5542 priore
1760 5467 1855 5524 illa

257 5552 538 5611 Claudiaui
565 5556 789 5619 editione
816 5557 1183 5628 iudicauimus,
1208 5561 1298 5623 sed
1320 5578 1400 5619 me
1424 5604 1438 5629 ,
1484 5579 1675 5632 vereor,
1708 5579 1770 5615 ne
1798 5562 1854 5616 in

258 5644 390 5698 alias
427 5644 577 5701 nobis
605 5659 877 5719 correpunt
902 5690 916 5713 ,
960 5660 1007 5704 et
1052 5652 1118 5715 sit
1143 5661 1348 5720 auctor,
1379 5654 1525 5719 nobis
1550 5654 1660 5728 7o
1686 5664 1856 5711 tantm

259 5735 446 5792 chorus
465 5778 480 5803 ,
510 5738 591 5801 Itis
618 5742 798 5809 paucis
816 5782 835 5806 ,
863 5750 910 5795 et
942 5742 1176 5811 tenuibus
1200 5746 1643 5811 commendandus
1670 5748 1857 5805 saltem

260 5829 483 5899 posteris
513 5843 547 5882 a
575 5829 720 5884 nobis
740 5869 755 5897 ,
804 5831 849 5887 si
888 5847 993 5889 non
1029 5832 1288 5906 plerisque
1314 5835 1701 5909 difﬁcilioribus
1727 5838 1869 5899 locis»

1978 4712 2093 4782 ipsa
2122 4712 2370 4771 codicum
2399 4713 2467 4768 ad
2494 4730 2722 4771 examen
2744 4731 3005 4779 revocare
3031 4727 3266 4795 oportet.
3296 4720 3577 4793 Antiqais-

1978 4808 2150 4873 situm
2178 4806 2351 4869 codex
2381 4820 2569 4863 noster
2582 4806 2877 4873 Vaticanus
2899 4809 3032 4884 Reg.
3060 4813 3082 4866 l
3110 4810 3192 4867 sic
3220 4813 3386 4875 habet
3411 4831 3424 4867 :
3462 4812 3577 4877 (ioc

1983 4914 2111 4966 Opus
2141 4898 2387 4954 Sedulius
2413 4901 2467 4954 in
2497 4911 2659 4954 certas
2687 4900 2950 4965 chartulas
3004 4902 3292 4972 dispersum
3348 4905 3575 4977 reliquit,

1982 4994 2120 5061 quod
2144 4993 2484 5059 recollectam,
2519 4992 2823 5063 adunatum,
2848 5005 3001 5069 atque
3037 4997 3106 5053 ad
3148 5012 3344 5053 omnem
3370 4996 3581 5071 elegan-

1980 5084 2111 5140 tiam
2163 5086 2481 5157 divulgatum
2511 5095 2585 5139 est
2613 5102 2644 5139 α
2678 5085 2866 5147 Turcio
2894 5087 3051 5161 Ruﬁo
3072 5088 3272 5155 Asteria
3298 5088 3405 5151 viro
3435 5090 3579 5151 claro

1973 5178 2259 5235 cxconsule
2276 5179 2562 5249 ordinario,
2591 5189 2744 5251 atque
2788 5182 3030 5254 patricio.
3064 5181 3122 5245 In
3169 5179 3358 5237 codice
3390 5181 3582 5253 legitur

1979 5273 2039 5326 in
2070 5281 2227 5337 certa,
2263 5271 2357 5329 scd
2392 5272 2644 5331 mendum
2687 5273 2892 5329 clarum
2930 5285 3011 5333 est
3038 5289 3131 5344 pro
3159 5272 3214 5335 in
3236 5282 3418 5333 certas.
3452 5273 3582 5339 Haec

1987 5374 2115 5425 nota
2177 5366 2276 5421 etsi
2328 5366 2395 5419 ab
2447 5380 2614 5433 opere
2660 5375 2910 5441 separata
2953 5375 3037 5429 est
3066 5366 3117 5421 in
3150 5363 3254 5419 hoc
3282 5364 3492 5439 codice,
3523 5375 3586 5423 ut

1978 5461 2101 5519 dixi
2133 5476 2281 5517 num.
2306 5462 2395 5523 66.
2412 5468 2590 5515 tamen
2610 5460 2827 5519 videtur
2857 5459 3141 5531 desumpta
3159 5473 3227 5521 ex
3254 5455 3369 5511 alio
3392 5458 3581 5519 codice

1982 5558 2043 5611 in
2082 5572 2189 5627 quo
2223 5556 2560 5627 pratcedebat
2599 5555 2876 5625 prologum
2905 5552 3215 5615 metricum.
3245 5550 3375 5613 Post
3398 5560 3583 5621 notam

1980 5652 2135 5715 illico
2149 5651 2474 5707 exscribitur
2486 5650 2820 5718 epigramma
2834 5645 3057 5709 Astct-ii:
3071 5645 3254 5713 Stulte,
3270 5660 3414 5707 sacer
3435 5648 3587 5703 nteri-

1986 5748 2075 5819 tis,
2091 5758 2225 5813 etc.,
2246 5745 2340 5804 sed
2355 5761 2460 5803 non
2483 5742 2806 5815 exprimitur
2818 5739 3150 5812 quisnamsit
3167 5738 3593 5809 bioacermqi-

1986 5839 2231 5914 tis.Reg.
2253 5841 2286 5899 5
2313 5838 2457 5899 illico
2474 5843 2598 5907 post
2616 5831 2900 5906 episwlatn
2922 5830 2989 5893 ad
3009 5829 3381 5901 Macedonian)
3407 5832 3486 5899 sic
3510 5848 3593 5901 re-
