4060 6320
532 317 638 380 487

1835 321 2115 383 C(ELIUS
2153 321 2514 385 SEDULIUS.

3706 339 3808 398 488

534 440 638 494 fert
671 459 682 494 :
719 439 832 494 Hoc
887 456 1014 508 opus
1065 438 1308 495 Sedulius
1353 436 1486 491 inter
1527 434 1787 489 chartulas
1837 437 2125 508 dispersum
2152 439 2206 500 Α
2231 437 2489 492 chartulas
2514 437 2568 491 d.
2599 454 2644 491 r.
2672 455 2724 510 q.
2745 438 3081 505 adornatum,
3109 446 3264 511 atque
3293 442 3361 496 ad
3379 457 3580 496 omnem
3611 443 3812 517 elegan-

532 533 756 602 reliquit.
778 531 1146 599 Recollectum,
1159 533 1442 586 adunatum
1455 539 1605 601 atque
1616 529 1683 581 ad
1700 545 1900 583 omnem
1914 531 2120 602 elegan-

525 627 652 680 tiam
678 627 999 699 divulgatum
1027 636 1100 680 est
1128 644 1158 679 a
1184 626 1372 680 Turcio
1398 623 1555 692 Ruﬁo
1576 623 1780 677 Asteria
1832 623 2025 690 Quinto
2051 621 2115 676 V.

542 721 602 775 C.
647 721 921 776 exconsule
939 721 1228 788 ordinaria,
1255 732 1409 791 atque
1429 720 1668 790 patricio.
1689 719 2048 788 Sequebatur,
2066 724 2125 771 ut

532 813 766 882 videtur,
797 831 1014 872 carmen
1041 813 1314 886 paschale,
1346 813 1500 883 cujus
1525 811 1697 868 solum
1723 821 1968 866 extrema
1995 823 2120 880 pars

537 905 591 962 in
622 907 721 964 hoc
751 909 942 964 codice
970 908 1262 978 reperitur.
1299 906 1698 962 Ottobonianus
1725 905 1899 961 codex
1924 921 1940 960 1
1969 919 2119 959 eam-

531 1000 654 1056 dem
705 1003 1039 1057 notationem
1069 1000 1228 1057 aﬂ'ert
1255 1011 1378 1072 post
1422 1001 1706 1073 epistolam
1759 998 1826 1054 ad
1872 997 2122 1053 Macedo-

534 1096 680 1149 nium
713 1103 768 1150 et
790 1106 916 1152 ante
944 1094 1365 1164 explicationem
1385 1091 1592 1164 prologi
1614 1092 1845 1156 metrici,
1878 1089 2120 1160 quamvis

533 1200 657 1260 post
684 1190 821 1244 hanc
852 1188 1274 1259 explicationem
1299 1203 1404 1242 non
1429 1187 1606 1242 statim
1657 1197 1887 1256 ponatur
1936 1183 2118 1254 prolo-

529 1301 628 1358 gus
661 1287 938 1352 metricus,
997 1285 1090 1341 sed
1125 1285 1355 1357 hymnus
1383 1282 1428 1337 A
1456 1283 1580 1338 solis
1627 1290 1790 1349 ortus,
1854 1291 1912 1334 ut
1956 1294 2122 1351 expo-

529 1381 614 1437 sui
644 1396 791 1435 num.
818 1380 916 1444 75;
946 1379 1000 1432 in
1025 1393 1089 1433 eo
1114 1393 1246 1432 vero
1275 1377 1545 1446 discrepat
1572 1390 1598 1426 a
1627 1374 1758 1443 Reg.
1783 1375 1834 1437 l,
1855 1371 1997 1443 quod
2023 1385 2122 1441 pro

530 1476 583 1529 in
615 1485 777 1530 certas
800 1474 1058 1527 chartulas
1090 1471 1247 1526 habet
1268 1471 1398 1524 inter
1424 1467 1705 1536 chartulas,
1738 1472 1793 1520 et
1813 1473 2000 1535 postea
2032 1463 2122 1517 de-

530 1566 813 1639 vulgatum,
845 1575 899 1621 et
919 1564 1103 1620 Turtio
1138 1563 1292 1632 Ru/fo
1329 1563 1532 1617 Asteria
1562 1562 1752 1627 Quinto
1791 1559 1981 1613 vicario
2000 1574 2122 1612 cort-

533 1663 646 1716 sule
682 1660 970 1728 ordinaria,
1016 1670 1123 1714 etc.
1173 1655 1352 1713 Verba
1407 1655 1598 1724 Quinto
1645 1654 1862 1721 vicario,
1904 1668 2024 1723 qua:
2066 1653 2120 1706 in

534 1755 810 1810 nonnullis
832 1753 952 1809 aliis
982 1751 1260 1808 codicibus
1289 1751 1452 1805 etiam
1482 1748 1850 1812 inveniuntur,
1879 1746 1948 1801 ab
1973 1745 2121 1814 igna-

2223 529 2349 582 liam
2378 530 2718 600 compositum
2742 530 3062 603 divulgatum
3087 543 3163 586 est
3190 549 3221 585 a
3256 531 3446 588 Turcio
3480 535 3624 606 Rufo
3671 538 3816 591 Aste-

2222 624 2298 678 ria
2333 623 2398 679 V.
2431 624 2490 681 ϐ.
2521 627 2627 698 73
2655 626 2930 682 excansule
2952 646 3002 682 ο.
3027 646 3077 683 a.
3104 646 3155 698 ρ.
3181 627 3536 685 Wilthemius
3565 632 3730 686 etiam
3761 634 3814 688 in

2221 720 2407 779 codice
2435 720 2492 778 S.
2529 721 2708 776 Albini
2741 721 2948 778 invenit
2974 738 3037 776 ea:
3059 720 3271 777 consule
3301 723 3595 795 ordinaria,
3637 736 3683 779 et
3716 744 3816 798 pa-

2222 815 2391 881 tricia,
2421 824 2638 880 caetera,
2672 825 2728 869 ut
2759 815 2811 869 in
2847 813 3043 870 codice
3075 815 3329 872 llemensi
3383 817 3526 887 apud
3577 817 3820 874 Sirmon-

2225 906 2374 975 dum,
2428 908 2573 978 quod
2603 908 2888 964 confirmat
2921 909 3173 964 Labbeus
3207 908 3275 963 de
3318 909 3518 980 Script.
3579 909 3813 981 Eccles.,

2224 1004 2310 1057 ubi
2339 1005 2590 1071 advertit,
2617 1007 2669 1061 in
2695 1019 2795 1060 ms.
2825 1001 2884 1058 S.
2912 1002 3092 1059 Albini
3147 1007 3580 1073 annotationem,
3612 1016 3673 1064 et
3699 1009 3814 1078 epi-

2226 1111 2468 1166 gramma
2500 1098 2706 1153 Asterii
2745 1098 2938 1171 subjici
2996 1099 3237 1156 Carmini
3287 1100 3557 1166 Paschali,
3614 1101 3668 1156 in
3715 1118 3814 1157 ms.

2224 1203 2352 1245 vero
2385 1190 2645 1247 Remensi
2673 1191 2878 1246 inserta
2911 1208 3033 1250 esse
3070 1195 3213 1250 inter
3242 1193 3530 1265 epistolam
3560 1195 3628 1250 ad
3655 1195 3816 1250 Mace-

2224 1282 2464 1350 donium,
2496 1291 2549 1338 et
2576 1284 2956 1354 praelationem
2987 1287 3265 1341 metricam
3310 1286 3536 1341 Sedulii.
3589 1286 3648 1341 In
3701 1303 3810 1357 per-

2225 1379 2388 1432 veteri
2425 1379 2612 1434 codice
2655 1378 2980 1434 Taurinensi
3025 1381 3128 1434 alia
3157 1395 3346 1435 manus
3378 1380 3580 1435 litteris
3621 1380 3813 1451 partim

2224 1471 2423 1539 rubris,
2458 1487 2577 1540 quae
2633 1486 2881 1542 magnam
2944 1482 3152 1542 partem
3212 1481 3581 1538 evanuerunt,
3633 1475 3815 1543 partim

2227 1562 2417 1633 nigris,
2447 1578 2514 1618 ex
2546 1562 2654 1617 alio
2679 1563 2888 1633 codice,
2919 1573 2976 1618 ut
3007 1563 3248 1632 videtur,
3279 1577 3459 1620 notam
3508 1565 3577 1621 de
3609 1567 3818 1622 Asteria

2224 1660 2484 1718 exaravit.
2518 1674 2586 1713 ex
2621 1675 2724 1728 qua
2757 1659 2820 1712 V.
2851 1659 2910 1714 Ο.
2945 1675 3128 1715 comes
3152 1661 3422 1718 Galeanus
3442 1660 3687 1732 Napione
3712 1661 3819 1720 haec

2227 1749 2401 1819 potuit
2425 1759 2631 1806 tantum
2663 1751 2996 1807 describere.
3032 1752 3209 1808 Robea
3255 1755 3622 1824 incipetratum
3672 1772 3815 1826 apus,

531 1851 605 1905 ris
622 1847 1050 1919 exscriptoribus
1090 1847 1299 1901 intrusa
1345 1853 1470 1900 sunt
1520 1857 1617 1912 pro
1653 1839 1718 1894 V.
1745 1839 1832 1906 C.,
1860 1839 1981 1894 sive
2008 1838 2118 1891 viro
2151 1842 2194 1902 Β
2224 1841 2276 1893 id
2307 1851 2380 1895 est
2410 1857 2492 1896 esc
2523 1851 2801 1897 vester..."
2825 1859 3092 1899 amen.....
3129 1843 3317 1899 lib.....
3352 1841 3661 1900 Primus....
3691 1863 3816 1916 qua-

530 1945 841 2011 clarissima,
866 1953 923 1998 ut
953 1941 1108 1996 multi
1139 1940 1518 1994 observarunt.
1550 1935 1734 2003 Neque
1765 1933 1820 1987 in
1879 1931 1982 1986 hoc
2035 1946 2125 1984 ρος

531 2040 654 2095 dice
683 2037 954 2094 indicatur
977 2050 1174 2092 nomen
1189 2034 1328 2104 ejus,
1345 2046 1503 2102 quem
1532 2028 1781 2084 Asterius
1805 2023 2118 2095 alloquitur,

533 2135 658 2189 dum
684 2133 779 2198 ait,
808 2132 915 2204 72
947 2130 1126 2197 Sume,
1150 2144 1293 2182 sacer
1324 2125 1538 2180 meritis.
1569 2122 1626 2178 In
1655 2120 1839 2175 codice
1862 2118 2124 2173 Vaticano

531 2228 587 2295 2,
619 2227 710 2298 qui
735 2224 867 2281 satis
897 2238 1090 2280 recens
1110 2233 1214 2284 est,
1240 2229 1368 2275 nota
1391 2218 1583 2274 eadem
1605 2215 1912 2270 collocatur
1935 2212 1986 2264 in
2019 2210 2125 2265 fine

531 2319 788 2376 carminis
821 2316 1108 2388 paschalis.
1131 2313 1321 2370 Diﬂ'ert
1346 2313 1507 2367 etiam
1531 2325 1559 2364 a
1591 2308 1723 2378 Reg.
1751 2309 1774 2361 1
1810 2307 1860 2360 in
1887 2305 2007 2359 his:
2039 2306 2122 2357 in-

533 2424 610 2469 ter
630 2413 1028 2469 chartulas...et
1054 2410 1364 2475 adunatum,
1405 2414 1561 2476 atque
1601 2402 1739 2457 omni
1776 2399 2033 2472 elegantia
2067 2396 2121 2451 d.

533 2524 580 2564 e.
614 2505 850 2562 aTurcio
880 2503 1034 2575 Ruﬁo
1063 2504 1264 2557 Asteria
1311 2501 1501 2569 Quinta
1542 2497 1606 2552 V.
1632 2495 1692 2551 C.
1725 2494 1997 2551 excansulc
2042 2508 2128 2546 or-

530 2602 755 2671 dinaria,
786 2610 938 2672 atque
966 2599 1200 2671 patricia.

607 2696 729 2751 157.
771 2691 1093 2750 Sirmondus
1115 2692 1168 2746 in
1197 2691 1339 2746 notis
1366 2687 1433 2744 ad
1477 2685 1784 2743 Ennodium
1812 2684 1849 2738 l.
1889 2699 1928 2748 ι,
1963 2681 2123 2750 epist.

529 2788 619 2854 24,
651 2787 859 2859 profert
907 2802 974 2842 ex
996 2785 1183 2841 codice
1211 2781 1468 2839 Remensi
1520 2780 1850 2850 epigramma
1895 2772 2123 2841 Asterii,

537 2882 719 2948 Sume,
767 2895 911 2935 sacer
945 2879 1162 2947 meritis,
1193 2886 1332 2942 etc.,
1364 2871 1509 2945 quod
1547 2869 1679 2926 dicit
1709 2882 1830 2923 esse
1855 2865 2126 2920 directum

533 2974 600 3029 ad
629 2973 877 3030 eumdem
910 2970 1305 3033 Macedonium,
1354 2967 1440 3022 cui
1465 2963 1721 3022 Sedulius
1750 2961 1982 3015 Carmen
2020 2955 2127 3010 Pa-

533 3068 718 3125 schale
745 3061 1476 3127 dedicavit.Animadvertit,
1508 3055 1925 3130 postepistolam
1957 3049 2130 3108 Sedu-

531 3162 588 3218 lii
635 3162 700 3217 ad
745 3159 1122 3216 Macedoniam
1175 3171 1298 3214 esse
1345 3155 1485 3210 hanc
1524 3149 1959 3212 annotationem,
2019 3142 2131 3196 Hoc

2226 1946 2433 1988 tuor....
2461 1934 2705 1991 Sedulius
2731 1938 2862 1992 inter
2884 1937 3102 1991 cartalas
3124 1954 3243 1991 suas
3274 1938 3519 2010 reliquid,
3553 1947 3601 1993 et
3648 1940 3806 1995 calliti

2226 2029 2540 2100 adunatique
2593 2038 2713 2083 sunt
2753 2045 2785 2083 a
2823 2026 3009 2084 Tuscia
3040 2029 3179 2101 Rufo
3225 2031 3423 2085 Asteria
3455 2029 3522 2085 V.
3548 2029 3637 2099 C.,
3661 2040 3710 2087 et
3735 2049 3816 2087 ea:-

2226 2123 2419 2177 cansal.
2453 2123 2582 2176 0rd.
2610 2123 2826 2194 patricio
2848 2124 3311 2195 suprascriptarum
3330 2125 3525 2180 editore
3549 2125 3812 2182 librarum.

2231 2214 2332 2268 Pro
2360 2213 2532 2267 Habeo
2564 2213 2730 2268 videri
2761 2215 3045 2284 legendum
3079 2214 3245 2271 Bobia
3295 2217 3468 2273 dicam
3529 2219 3585 2272 in
3641 2218 3807 2274 schol.

2228 2308 2293 2364 ad
2320 2311 2532 2380 prolog.
2558 2311 2768 2367 metric.
2803 2311 2918 2366 Alia
2953 2311 3186 2369 fortasse
3211 2312 3264 2368 in
3293 2316 3437 2370 hunc
3462 2317 3686 2372 modum
3725 2332 3816 2372 ex-

2229 2404 2476 2473 plicanda
2529 2416 2653 2460 sunt
2686 2422 2699 2458 :
2728 2403 2924 2476 Incipit
2981 2407 3203 2462 Sacrum
3236 2408 3404 2478 Opus,
3432 2409 3488 2464 id
3517 2419 3617 2478 est,
3649 2412 3816 2465 ceteris

2229 2497 2546 2553 Testamenti
2576 2498 2704 2553 liber
2727 2501 2942 2569 primus.
2981 2500 3218 2567 Quatuor
3255 2503 3385 2558 alios
3417 2503 3583 2574 (novi
3635 2504 3814 2560 Testa-

2229 2592 2396 2646 menti
2425 2588 2445 2662 )
2476 2591 2745 2654 Sedulius.
2776 2589 2982 2647 etc.C|.
3016 2593 3211 2649 Franc.
3237 2594 3506 2650 Antonius
3529 2595 3814 2653 Zacharias

2232 2684 2306 2738 De
2331 2683 2589 2753 prohibit.
2624 2683 2884 2740 librorum
2909 2685 2974 2740 ad
3001 2700 3131 2742 ann.
3161 2686 3290 2755 496,
3321 2703 3376 2742 n.
3419 2689 3508 2755 lO,
3559 2689 3816 2761 simplici-

2232 2786 2313 2831 ter
2343 2788 2522 2848 negat,
2558 2778 2609 2832 in
2639 2777 2827 2833 codice
2852 2777 3177 2835 Taurinensi
3221 2782 3490 2836 monitum
3517 2781 3586 2838 de
3612 2785 3813 2840 Asteria

2230 2880 2539 2926 correctore
2571 2870 2778 2927 Sedulii
2802 2880 3017 2927 exstare
3043 2888 3057 2934 ;
3087 2872 3183 2928 sed
3211 2875 3295 2928 vel
3323 2889 3446 2929 eum
3498 2873 3639 2946 fugit
3680 2886 3818 2931 nota-

2233 2965 2329 3032 tio,
2355 2965 2553 3036 quaead
2577 2982 2664 3022 me
2693 2965 2855 3022 missa
2875 2979 2979 3032 est,
3008 2969 3091 3023 vel
3118 2969 3291 3023 solum
3323 2969 3702 3042 illeintelligit,
3727 2987 3816 3027 no-

2234 3060 2493 3114 tationem
2519 3059 2788 3134 ejusmodi
2805 3076 2830 3113 a
2854 3062 3030 3132 prima
3056 3077 3216 3116 manu
3244 3075 3528 3118 exaratam
3549 3080 3653 3119 non
3676 3080 3810 3120 esse.

2306 3153 2428 3206 l59.
2472 3151 2568 3206 liis
2599 3151 2668 3206 ita
2699 3153 2978 3224 expositis,
3012 3156 3363 3225 quaerendum
3393 3165 3497 3220 est,
3540 3172 3632 3212 cur
3650 3157 3700 3212 in
3727 3173 3808 3213 re-

534 3273 688 3325 opus,
719 3265 850 3321 etc.,
875 3261 935 3309 ut
963 3254 1016 3308 in
1045 3253 1177 3323 Reg.
1205 3253 1258 3320 1,
1291 3265 1411 3305 cum
1445 3247 1548 3301 hoc
1577 3254 1758 3300 tamen
1784 3238 2118 3303 discrimine,
2150 3235 2196 3299 C
2228 3243 2472 3298 centibus
2504 3244 2712 3300 Sedulii
2735 3245 3065 3302 editionibus
3114 3247 3449 3320 epigramma
3490 3249 3682 3306 Asterii
3730 3252 3809 3307 sic

529 3352 664 3405 inter
692 3349 958 3404 chartulas
989 3346 1043 3401 d.
1076 3363 1121 3399 r.
1158 3361 1208 3415 q.
1232 3360 1280 3397 r.
1310 3343 1747 3407 adornatumque,
1777 3351 1829 3387 a.
1855 3350 1905 3385 a.
1937 3347 2040 3385 o.e.
2065 3329 2118 3382 d.

530 3462 577 3500 c.
599 3462 632 3499 a
655 3444 847 3499 Turcio
874 3443 1028 3511 Ruﬁo
1051 3439 1255 3494 Asteria
1293 3435 1354 3490 V.
1388 3433 1449 3490 C.
1472 3431 1685 3489 consule
1713 3426 2120 3486 ardinario,etc.

532 3538 794 3609 Sequitur
848 3535 1206 3606 epigramma,
1256 3529 1432 3593 Sume,
1481 3539 1645 3580 sacer.
1677 3519 1926 3576 Labbeus
1953 3518 2004 3570 in
2038 3515 2125 3569 Bi-

531 3629 803 3686 bliotheca
822 3627 968 3683 Nova
993 3640 1125 3681 mss.
1152 3630 1292 3694 part.
1317 3635 1356 3689 ι,
1393 3633 1512 3689 pag.
1537 3617 1631 3683 2'5,
1657 3630 1716 3669 se
1742 3613 1940 3666 vidisse
1964 3617 2125 3664 testa-

535 3732 622 3777 tur
665 3719 949 3790 exemplar
988 3717 1178 3787 Operis
1225 3710 1502 3769 Paschalis
1544 3705 1835 3780 (intelligo
1891 3703 2121 3756 Carmen

531 3812 838 3885 Paschale)
871 3810 1028 3868 initio
1054 3808 1321 3874 mutilum,
1349 3808 1401 3860 in
1433 3802 1588 3872 cujus
1619 3799 1726 3854 line
1773 3808 1895 3852 erat
1933 3794 2122 3851 eadem

533 3922 682 3976 nota,
715 3908 790 3964 Η.
811 3927 860 3963 o.
890 3907 952 3964 S.
975 3906 1112 3961 inter
1133 3902 1398 3959 chartulas
1421 3900 1474 3955 ά.
1495 3917 1540 3954 r.
1565 3916 1618 3971 q.
1652 3915 1698 3952 r.
1727 3897 2036 3958 adunatum,
2068 3908 2122 3946 a.

529 4022 581 4060 η.
604 4022 654 4060 o.
706 4019 752 4058 e.
781 4001 1110 4072 divulgatum
1138 4007 1212 4053 est
1243 4014 1273 4051 a
1295 3993 1481 4050 Turtio
1525 3993 1683 4062 Rufio
1713 3990 1911 4046 Asteria
1939 4003 2124 4042 excon-

527 4102 639 4156 sule
663 4099 930 4155 ordinaria
949 4114 1001 4150 a.
1027 4113 1080 4168 p.
1113 4094 1253 4150 Tum
1274 4106 1464 4148 versus
1490 4089 1712 4156 Asterii,
1756 4086 1933 4152 Sume,
1981 4099 2126 4137 sacer

530 4195 745 4262 meritis,
776 4203 882 4250 etc.
909 4189 1203 4262 Bandinius
1223 4186 1276 4242 in
1296 4184 1485 4240 codice
1502 4180 1850 4237 bibliotheca
1879 4177 2124 4232 Lauren-

530 4290 712 4356 tianae,
734 4302 897 4358 quem
921 4259 1171 4341 recensui
1198 4296 1347 4336 num.
1373 4280 1464 4342 86,
1495 4277 1704 4332 invenit
1746 4270 1992 4328 eamdem
2023 4283 2126 4323 no-

529 4384 813 4447 tationem,
842 4381 954 4437 llac
981 4397 1031 4434 o.
1058 4378 1120 4435 S.
1149 4380 1283 4432 inter
1311 4371 1578 4430 chartulas
1604 4372 1656 4424 d.
1676 4387 1748 4434 r.,
1778 4366 1974 4439 quodr.
1997 4364 2128 4418 adu-

531 4488 727 4547 natum,
757 4485 908 4546 atque
935 4493 986 4530 a.
1021 4490 1072 4529 ο.
1099 4489 1144 4528 e.
1170 4471 1224 4525 d.
1251 4487 1298 4527 e.
1326 4487 1356 4522 a
1383 4466 1558 4522 Tertio
1605 4463 1761 4532 Ruﬁo
1788 4460 2024 4515 Austerio
2061 4458 2122 4512 V.

530 4573 590 4630 C.
632 4572 908 4629 excansule
956 4568 1228 4625 ordinaria
1255 4584 1307 4620 a.
1343 4579 1398 4637 ρ.
1441 4559 1696 4618 Usserins
1719 4573 1784 4612 ex
1813 4572 1916 4611 ms.
1954 4555 2129 4609 Thor-

2227 3337 2543 3408 inscriptum
2576 3351 2835 3409 appareat
2865 3359 2878 3394 :
2913 3339 3090 3396 Turcii
3115 3342 3488 3412 RuﬁiAslerii,
3535 3346 3623 3414 qui
3651 3344 3812 3402 Sedu-

2226 3427 2284 3480 lii
2313 3430 2543 3482 carmina
2567 3440 2680 3499 post
2711 3435 2823 3502 fata
2851 3436 2962 3502 eius
3013 3433 3241 3504 collegit,
3267 3445 3313 3488 et
3344 3435 3528 3500 edidit,
3559 3437 3800 3511 epigram-

2228 3536 2309 3574 ma
2338 3521 2406 3574 ad
2425 3523 2657 3577 eumdem
2684 3523 3065 3596 Macedoniam,
3096 3527 3179 3582 cui
3211 3527 3457 3583 Sedulius
3500 3546 3632 3600 opus
3673 3547 3802 3585 suum

2227 3613 2568 3670 dedicaverat.
2603 3615 2658 3671 In
2693 3618 2841 3673 nullo
2871 3634 2973 3673 ms.
3020 3618 3208 3698 codice
3237 3635 3557 3689 expressum
3600 3634 3684 3678 est
3726 3637 3809 3676 uo-

2227 3725 2350 3765 men
2381 3709 2521 3780 ejus,
2571 3714 2657 3767 cui
2683 3711 3012 3783 epigramma
3066 3715 3382 3771 inscribitur
3430 3733 3443 3770 :
3487 3717 3636 3788 quod
3678 3719 3810 3773 enim

2227 3803 2548 3860 Sirmondus
2571 3807 2666 3877 ait,
2682 3809 3012 3878 epigramma
3035 3808 3303 3865 directum
3329 3825 3451 3865 esse
3476 3811 3544 3867 ad
3567 3813 3811 3867 eumdem

2229 3895 2627 3964 Macedoniam,
2660 3900 2748 3954 cui
2777 3900 3085 3956 dedicatum
3115 3911 3234 3957 erat
3262 3903 3492 3961 Carmen
3537 3903 3811 3968 Paschale,

2230 3989 2279 4044 id
2315 4006 2419 4045 non
2466 4007 2532 4045 ex
2589 3992 2799 4062 codice,
2834 4002 2891 4047 ut
2923 3993 3157 4060 videtur,
3195 3995 3394 4064 posuit,
3438 3995 3536 4052 sed
3561 3997 3634 4049 ita
3662 4012 3728 4051 ex
3754 4010 3814 4052 eo

2229 4082 2466 4153 collegit,
2495 4083 2638 4153 quod
2668 4093 2788 4153 post
2805 4086 3088 4155 epistolam
3115 4085 3319 4141 Sedulii
3352 4087 3420 4141 ad
3451 4086 3812 4143 Macedoniam

2229 4188 2580 4231 memoratam
2613 4181 3014 4235 annotationem
3043 4181 3094 4234 in
3125 4195 3226 4236 suo
3273 4196 3376 4236 ms.
3406 4182 3691 4238 invenerit.
3732 4181 3816 4238 Ti-

2229 4268 2404 4323 tulum
2430 4269 2574 4323 enim
2597 4270 3008 4340 epigrammatis
3032 4272 3238 4326 nullum
3260 4289 3326 4328 ex
3349 4274 3538 4329 codice
3592 4277 3806 4345 promit.

2230 4362 2301 4417 At
2349 4360 2566 4416 codices
2615 4378 2749 4418 mss.
2782 4378 2888 4418 non
2915 4380 3104 4421 omnes
3136 4365 3329 4422 eodem
3357 4366 3411 4421 in
3435 4367 3555 4423 loco
3587 4379 3812 4424 annota-

2235 4453 2432 4509 tionem
2469 4466 2700 4525 ponunt,
2725 4472 2846 4512 cum
2874 4458 2963 4513 alii
2993 4475 3110 4514 eam
3144 4460 3199 4516 in
3225 4461 3492 4532 principio
3540 4465 3812 4530 carminis,

2231 4549 2322 4604 alii
2348 4549 2400 4604 in
2437 4550 2563 4617 line,
2589 4552 2679 4606 alii
2712 4551 2842 4607 alibi
2873 4553 3160 4626 collocent,
3189 4565 3245 4610 ut
3267 4555 3522 4612 vidimus.
3588 4555 3813 4612 Etiamsi

531 4671 756 4744 neyensi
783 4668 972 4726 eadem
1017 4667 1136 4722 fere
1163 4662 1328 4719 verba
1355 4657 1517 4714 initio
1545 4653 1802 4710 carminis
1855 4648 2124 4722 paschalis
2153 4643 2205 4705 D
2230 4654 2410 4700 autem
2427 4656 2573 4701 certa
2614 4647 2773 4703 sedes
2796 4648 3171 4720 inscriptionis
3202 4651 3368 4720 illius,
3399 4652 3518 4708 sive
3542 4664 3688 4709 nota:
3735 4669 3816 4707 cs-

526 4765 772 4836 apposita
800 4765 911 4818 "sic
967 4759 1120 4815 atl'ert
1148 4774 1162 4812 ;
1195 4753 1312 4809 Hoc
1355 4768 1406 4806 ο.
1452 4750 1516 4806 S.
1557 4749 1693 4802 inter
1731 4763 1776 4800 c.
1818 4744 1871 4798 d.
1904 4763 1950 4800 r.
1986 4761 2036 4813 q.
2072 4761 2120 4798 r.

529 4859 932 4928 adunatumque,
955 4870 1007 4908 a.
1037 4869 1090 4906 a.
1111 4869 1162 4906 ο.
1191 4866 1240 4904 e.
1275 4846 1328 4900 d.
1364 4860 1410 4898 e.
1432 4861 1463 4895 (ι
1493 4841 1679 4896 Turcio
1707 4839 1901 4910 Ruﬁna
1924 4838 2123 4893 Asteria

535 4954 730 5024 Quinto
755 4951 968 5007 consule
993 4945 1285 5008 ordinaria,
1309 4950 1460 5012 atque
1487 4938 1729 5011 patricio.

608 5047 734 5102 1⁸58.
777 5041 1034 5099 Barthius
1065 5039 1118 5093 in
1149 5029 1534 5092 vetustissimis
1564 5030 1890 5086 membranis
1921 5029 2125 5099 reperit

536 5141 870 5214 epigramma
897 5133 1121 5199 Asterii,
1159 5127 1313 5202 operi
1353 5125 1596 5198 paschali
1637 5126 1977 5198 praemissum
2025 5125 2126 5182 hac

535 5231 929 5301 inscriptione:
966 5225 1112 5298 Opus
1135 5219 1415 5288 Paschale,
1439 5220 1573 5291 quod
1613 5220 1960 5286 recollectam,
1999 5219 2125 5274 adu-

533 5335 735 5391 natum,
759 5341 810 5377 a.
835 5340 886 5376 a.
911 5336 1023 5376 o.e.
1054 5319 1106 5374 d.
1136 5334 1183 5372 e.
1217 5333 1249 5370 a
1273 5313 1458 5370 Turcio
1487 5313 1673 5368 Russia
1702 5314 1899 5368 Asteria
1930 5313 2124 5381 Quinto

534 5417 809 5476 excansule
832 5431 881 5470 ο.
916 5431 967 5467 a.
997 5430 1049 5484 p.
1083 5408 1359 5465 Paschalis
1412 5407 1669 5463 Carminis
1716 5406 1844 5462 liber
1899 5408 2120 5478 primus.

537 5513 792 5584 Sequitur
833 5504 1032 5563 deinde
1087 5501 1334 5574 epistolae
1402 5499 1608 5558 Sedulii
1637 5501 1703 5555 ad
1751 5499 2122 5558 Macedoniam

537 5607 921 5679 fragmentum.
953 5596 1136 5654 Codex
1166 5595 1562 5654 Almeloveenii
1587 5595 1663 5651 sic
1688 5595 1854 5651 refert
1883 5615 1896 5648 :
1926 5594 2043 5649 Hoc
2073 5611 2123 5649 ο.

541 5699 602 5755 S.
630 5700 764 5752 inter
794 5691 1062 5748 chartulas
1083 5690 1138 5744 d.
1171 5706 1220 5744 r.
1246 5705 1296 5759 q.
1323 5687 1610 5744 adunatum
1637 5705 1688 5743 a.
1721 5706 1773 5742 a.
1799 5705 1848 5743 ο.
1872 5705 1917 5744 e.
1942 5689 1996 5742 d.
2022 5704 2069 5742 e.
2091 5705 2123 5741 a

539 5790 732 5845 Turcio
755 5788 894 5859 Rufo
947 5783 1150 5841 Asteria
1177 5783 1390 5852 Quinta,
1423 5785 1530 5840 viro
1557 5783 1863 5848 clarissimo,
1917 5783 2127 5837 consule

533 5901 586 5937 ο.
617 5899 669 5935 a.
695 5898 748 5951 ρ.
775 5877 959 5936 Codex
980 5893 1114 5934 vero
1165 5876 1588 5948 Arntzenianus,
1625 5875 1739 5934 Hoc
1788 5893 1838 5931 ο.
1888 5875 1948 5930 S.
1996 5875 2129 5932 inter

2228 4747 2312 4792 set
2341 4747 2463 4808 post
2505 4737 2616 4811 74
2660 4740 2943 4811 epistolam
2977 4742 3045 4797 ad
3073 4742 3468 4811 Macedoniam,
3498 4754 3682 4801 tamen
3715 4762 3813 4802 non

2226 4843 2435 4889 certum
2481 4848 2858 4906 argumentum
2910 4836 3012 4892 huc
3064 4847 3227 4902 esset,
3287 4840 3562 4895 Asterium
3611 4857 3678 4896 eo
3707 4841 3813 4910 epi-

2223 4929 2834 5001 grammateeditionem
2889 4929 3093 4986 Sedulii
3144 4931 3460 4988 Macedonio
3506 4933 3808 4990 dedicasse.

2227 5023 2416 5089 Immo,
2471 5032 2530 5077 ut
2576 5023 2833 5079 observat
2885 5022 3138 5080 Labbeus
3190 5024 3257 5080 de
3315 5024 3515 5096 Script.
3578 5026 3812 5094 Eccles,

2230 5116 2480 5186 quamvis
2509 5116 2563 5172 in
2591 5117 2771 5188 aliquo
2792 5131 2895 5172 ms.
2927 5119 3130 5173 mentio
3160 5118 3313 5175 fieret
3340 5117 3648 5175 Macedonii
3673 5120 3724 5175 in
3754 5134 3811 5175 ea

2231 5211 2722 5278 annotatione,non
2735 5220 2915 5266 tamen
2938 5220 3089 5266 certo
3117 5211 3296 5283 colligi
3327 5221 3530 5282 posset,
3562 5212 3812 5268 eumdem

2229 5318 2350 5360 esse
2379 5303 2772 5368 Macedoniam,
2824 5319 2983 5374 quem
3017 5302 3271 5360 Sedulius
3303 5315 3355 5360 et
3387 5305 3639 5361 Asterius
3688 5305 3814 5360 allo-

2232 5396 2340 5452 cuti
2363 5406 2507 5450 sunt.
2539 5395 2714 5464 Adde,
2747 5396 2992 5468 potuisse
3030 5398 3189 5453 etiam
3221 5397 3466 5455 accidere
3499 5400 3580 5471 (ut
3602 5415 3701 5454 usu
3732 5414 3812 5454 so‘

2235 5492 2312 5546 let
2341 5489 2605 5562 evenire),
2641 5491 2919 5548 librarium
2948 5492 3213 5564 aliquem,
3245 5493 3336 5564 qui
3369 5494 3705 5564 epigramma
3745 5497 3813 5550 A-

2231 5585 2383 5641 SIerii
2416 5592 2539 5654 post
2588 5583 2872 5656 epistolam
2904 5586 2971 5641 ad
3002 5585 3375 5641 Macedonium
3432 5585 3678 5655 legisset,
3736 5587 3812 5639 in-

2232 5680 2602 5748 scriptionem,
2639 5696 2758 5751 quae
2807 5697 2950 5736 nunc
2981 5689 3178 5751 exstat,
3212 5680 3453 5747 tinxisse,
3488 5679 3631 5750 quod
3665 5689 3808 5750 puta-

2232 5778 2373 5836 verit
2397 5778 2728 5850 epigramma
2771 5779 2977 5837 Asterii
2995 5779 3170 5837 eidem
3201 5777 3368 5835 fuisse
3415 5777 3675 5848 dicatum,
3727 5778 3806 5834 cui

2235 5873 2459 5944 epistola
2492 5871 2694 5930 Sedulii
2741 5873 2997 5946 inscripta
3034 5882 3171 5930 erat.
3223 5880 3247 5894 "
