4060 6320
219 277 327 340 489

1619 278 2158 340 PROLEGOMENA.

3430 284 3537 344 490

290 395 416 451 140.
461 393 832 453 Retineamus
862 403 1039 452 tamen
1068 401 1252 452 notam
1276 395 1653 468 epigrammati
1675 397 1834 454 Aste-
1861 401 1912 460 A
2015 399 2138 454 142.
2182 399 2380 455 Asterii
2407 400 2557 456 multi
2577 412 2872 459 occurrunt
2915 403 3060 460 inter
3093 403 3363 469 ethnicos,
3396 403 3540 459 inter

218 488 283 545 rii
313 489 686 558 praemissam.
728 491 789 546 In
817 505 882 547 ea
911 490 1270 547 exscribenda
1300 489 1518 546 codices
1569 507 1702 546 mss.
1753 493 1837 546 in-

228 593 310 639 ter
334 599 394 639 se
419 584 765 656 discrepant.
798 585 988 642 Verius
1017 595 1171 658 puto,
1204 587 1346 658 quod
1390 585 1524 656 Reg.
1556 587 1600 641 ’1
1637 584 1833 640 eﬂ‘ert:

220 675 335 730 IIoc
353 693 490 747 opus
517 678 772 734 Sedulius
799 681 852 734 in
874 689 1041 735 certas
1089 680 1357 734 chartulas
1386 680 1680 752 dispersum
1719 679 1840 734 reli-

217 772 344 842 quit,
375 787 479 842 pro
531 788 644 844 quo
671 775 882 842 caeteri,
917 775 1050 830 inter
1081 773 1368 830 chartulas.
1419 773 1840 845 Conscripserat

219 869 346 936 ergo
375 864 648 921 Sedulius
680 867 913 922 Carmen
969 867 1235 924 Paschale
1264 882 1371 922 non
1406 882 1514 922 uno
1564 866 1840 923 volumine

218 959 573 1026 conclusum,
599 959 698 1018 sed
723 961 777 1017 in
810 974 989 1019 certas
1011 962 1287 1018 chartulas
1317 962 1648 1034 dispersum.
1675 961 1836 1031 Quod

219 1052 358 1108 enim
391 1053 528 1108 alibi
557 1053 758 1125 legitur
774 1055 909 1110 inter
929 1053 1198 1110 chartulas
1220 1055 1534 1126 dispersum,
1564 1056 1838 1123 innueret,

218 1160 438 1204 carmen
506 1149 658 1204 inter
717 1148 902 1220 plures
927 1149 1063 1206 alias
1089 1148 1364 1205 chartulas
1389 1147 1602 1206 Sedulii
1632 1149 1844 1218 dispero

219 1255 335 1296 sum
359 1240 684 1309 delituisse,
718 1243 859 1315 quod
883 1244 1063 1300 minus
1087 1259 1273 1300 verum
1307 1253 1458 1314 puto.
1513 1243 1701 1315 Pergit
1745 1259 1844 1298 no-

220 1342 327 1390 ster
352 1333 534 1390 codex
565 1333 706 1407 Reg.
737 1337 786 1398 1,
806 1337 949 1408 quod
971 1336 1323 1406 recollectam,
1353 1337 1669 1407 adunatum,
1690 1345 1845 1408 atque

218 1426 284 1481 ad
313 1443 525 1482 omnem
558 1429 874 1502 elegantiam
898 1430 1223 1502 divulgatum
1253 1440 1347 1486 est.
1374 1430 1481 1485 Alii
1513 1445 1612 1501 pro
1643 1430 1844 1484 aduna-

222 1531 322 1578 tum
340 1522 556 1578 habent
575 1523 890 1579 adornatum
911 1541 930 1591 ;
953 1524 1048 1580 sed
1076 1525 1270 1580 melius
1285 1524 1501 1581 videtur
1515 1525 1842 1580 adnnatum:

221 1629 334 1672 cum
351 1618 504 1673 enim
520 1631 754 1674 carmen
772 1619 824 1673 in
854 1626 1034 1674 certas
1055 1618 1331 1674 chartulas
1345 1626 1492 1674 esset
1513 1617 1842 1688 dispersum,

223 1711 624 1768 Asteriusillud
642 1711 1214 1786 recollegit,adunatit,
1245 1722 1351 1768 etc.
1383 1712 1640 1780 Quamvis
1662 1721 1843 1767 autem

1938 491 2304 561 Christianos,
2359 494 2499 550 inter
2544 508 2784 565 sanctos,
2833 499 2974 554 inter
3025 499 3337 569 episc0pos,
3397 498 3538 551 inter

1937 587 2159 659 qttosvis
2177 589 2310 644 alios
2342 591 2487 645 viros
2516 591 2775 664 insignes.
2809 592 2914 650 Sed
2944 609 2974 648 a
3002 593 3157 650 nobis
3188 592 3366 647 solum
3397 607 3540 660 quic-

1939 681 2141 738 rendus
2166 692 2249 737 est
2277 681 2549 752 Asterius,
2582 687 2672 756 qui
2703 695 2825 756 post
2851 687 3130 743 Sedulium
3181 685 3399 751 vixerit,
3446 685 3543 755 qui

1940 776 2133 831 consul
2189 776 2372 844 fuerit,
2426 776 2517 848 qui
2572 794 2765 835 nomen
2817 779 3068 836 habuerit
3092 780 3309 834 Turcius
3351 777 3542 847 Ruﬁus

1943 869 2196 926 Asterius.
2229 870 2348 926 Duo
2375 873 2577 928 saaculo
2603 889 2634 926 v
2661 872 2864 928 Asterii
2890 875 3142 930 consules
3197 875 3440 938 luerunt,
3472 873 3545 927 al-

1945 972 2029 1019 ter
2074 980 2218 1020 anno
2265 965 2371 1022 449
2422 981 2543 1022 cum
2594 967 2918 1038 Protogene,
2947 968 3086 1024 alter
3115 984 3262 1023 anno
3283 965 3390 1024 494
3419 981 3543 1022 eum

1944 1057 2226 1115 Praesidio.
2280 1059 2520 1116 Priorem
2568 1060 2844 1117 Asterium
2902 1061 3095 1128 fuisse,
3153 1064 3244 1132 qui
3297 1064 3541 1118 carmina

1944 1149 2150 1208 Sedulii
2183 1152 2425 1224 collegit,
2459 1162 2648 1210 tenent
2675 1154 2997 1210 Sirmoudus
3028 1155 3082 1208 in
3110 1164 3223 1210 not.
3256 1154 3323 1209 ad
3359 1154 3543 1209 Enno-

1946 1245 2094 1300 dium
2125 1245 2163 1301 1.
2189 1260 2226 1311 ι,
2259 1249 2425 1317 epist.
2455 1247 2548 1314 2-1,
2573 1245 2843 1302 Cellarius
2870 1262 2992 1318 pag.
3027 1247 3095 1302 10
3121 1247 3379 1301 editionis
3406 1261 3542 1314 suae,

1945 1338 2272 1396 Arntzenius
2294 1356 2416 1411 cap.
2464 1340 2530 1397 10
2582 1340 2824 1412 Specim.
2879 1341 3181 1405 observat.,
3231 1341 3320 1410 qui
3364 1339 3551 1393 multis

1948 1431 2086 1488 hanc
2116 1433 2428 1502 opinionem
2459 1434 2763 1489 conﬁrmat.
2801 1434 2960 1489 Ratio
3014 1432 3292 1490 Sirmondi
3335 1431 3547 1487 videtur

1947 1517 2065 1582 hinc
2115 1525 2304 1596 fuisse,
2356 1528 2499 1599 quod
2551 1528 2819 1596 Asterius,
2869 1526 2960 1597 qui
2989 1525 3195 1582 Sedulii
3219 1526 3464 1581 carmina
3494 1524 3549 1580 in

1950 1635 2114 1676 unum
2167 1636 2364 1694 corpus
2421 1622 2652 1678 collecta
2679 1621 2868 1686 edidit,
2898 1620 2964 1675 ad
2998 1620 3246 1675 eumdem
3296 1618 3550 1675 Macedo-

1952 1715 2126 1782 nium,
2161 1717 2246 1770 cui
2271 1715 2525 1771 Sedulius
2555 1731 2774 1771 carmen
2804 1714 3104 1782 dicaverat,
3139 1715 3249 1786 76
3291 1729 3351 1768 ea
3387 1715 3551 1768 mise-

223 1809 398 1881 legere
429 1809 578 1866 velis
609 1810 913 1881 adornavit,
947 1819 1124 1866 tamen
1157 1808 1524 1877 ltocverbum,
1556 1807 1634 1862 uti
1674 1816 1730 1862 et
1757 1821 1846 1864 se-
1877 1798 1922 1859 Β
1950 1808 2043 1875 rit,
2073 1817 2166 1865 aut
2195 1809 2487 1866 direxerit.
2539 1807 2620 1864 Ad
2670 1816 2891 1864 aetatem
2942 1818 3123 1862 autem
3174 1807 3408 1874 Sedulii,
3458 1806 3553 1876 qui

223 1879 435 1974 quentia
468 1904 546 1957 ad
566 1920 776 1958 onmem
792 1879 1470 1974 etEgantiamintelligenda
1495 1911 1621 1956 sunt
1649 1899 1717 1955 de
1747 1916 1839 1956 or-

225 2008 347 2053 natu
401 2008 457 2055 et
489 1999 777 2070 elegantia
818 1998 1022 2054 codicis
1077 2007 1170 2053 aut
1198 1997 1512 2064 voluminis,
1549 2011 1654 2051 non
1698 1997 1841 2067 quod

225 2088 468 2148 Asterius
501 2091 558 2146 in
597 2091 810 2148 Sedulii
839 2090 1021 2146 verbis
1067 2089 1363 2159 mutandis,
1417 2088 1622 2160 aliquid
1651 2089 1754 2144 sibi
1787 2089 1844 2143 li-

223 2198 344 2241 cere
375 2184 820 2241 existimaverit.
854 2183 974 2254 ipse
999 2184 1146 2240 enim
1175 2184 1226 2236 in
1259 2183 1652 2252 epigrammate
1686 2181 1754 2236 de
1783 2196 1843 2237 se

226 2279 393 2336 solum
421 2279 498 2336 ait
529 2297 542 2334 :
579 2279 752 2354 Cujus
778 2295 874 2350 ape
906 2288 953 2334 et
978 2295 1104 2334 cura
1126 2279 1266 2333 edita
1299 2283 1418 2332 sunt
1461 2275 1691 2346 papulis.
1721 2272 1846 2331 Col-

225 2373 416 2430 lectum
449 2375 626 2446 igitur
661 2376 900 2430 Carmen
931 2372 1192 2428 Paschale
1223 2387 1291 2428 ex
1325 2370 1511 2426 multis
1560 2367 1840 2439 chartulis,

228 2469 354 2526 etin
380 2485 556 2526 unum
611 2483 816 2539 corpus
875 2468 1176 2535 redactum,
1230 2465 1723 2536 atqueeleganter
1748 2462 1847 2518 de-

227 2564 504 2634 scriptum,
534 2563 614 2618 ab
635 2563 858 2619 Asterio
879 2561 1084 2618 editum
1115 2561 1215 2616 fuit
1245 2557 1483 2631 populis,
1530 2559 1643 2614 sive
1667 2556 1842 2612 divul-

229 2666 422 2728 gatum.
447 2655 606 2714 Cura
632 2654 800 2713 etiam
827 2655 1032 2712 Asterii
1068 2653 1284 2710 videtur
1311 2650 1512 2720 fuisse,
1546 2661 1604 2706 ut
1627 2664 1846 2706 carmen

231 2761 538 2809 correctum
569 2751 858 2808 ederetur.

296 2845 416 2901 141.
457 2845 521 2902 1n
552 2844 877 2901 nominibus
919 2843 1039 2915 ejus
1081 2841 1461 2916 exprimendis
1506 2841 1846 2913 exemplaria

231 2948 407 2995 vetera
444 2956 556 2996 non
597 2939 734 2995 satis
765 2939 1118 2996 conveniunt.
1143 2937 1406 2995 Videntur
1421 2938 1536 2994 haec
1566 2953 1688 2994 esse
1710 2951 1847 3009 prte-

232 3031 473 3104 fereuda,
507 3033 748 3090 Turcius
773 3033 962 3103 Ruﬁus
984 3033 1258 3090 Asterius:
1288 3050 1386 3100 pro
1405 3033 1622 3088 Turcius
1644 3032 1736 3088 alii
1761 3032 1854 3086 ha-

232 3123 352 3182 bent
381 3126 632 3193 Turtius,
657 3138 752 3183 aut
787 3126 990 3182 Tertius
1015 3142 1033 3181 :
1058 3143 1154 3199 pro
1184 3126 1372 3195 Rufins
1393 3126 1484 3182 alii
1509 3125 1722 3193 Ruffus,
1754 3133 1850 3180 aut

1950 1901 2132 1960 ﬂoruit
2153 1919 2296 1959 anno
2325 1905 2544 1959 circiter
2563 1903 2690 1972 150,
2713 1900 2884 1973 magis
2906 1902 3119 1958 accedit
3139 1900 3394 1958 Asterius
3417 1915 3552 1956 con-

1949 1997 2029 2052 sul
2063 2012 2184 2052 cum
2216 1997 2523 2070 Protogene
2545 2012 2690 2053 anno
2715 1997 2842 2064 449,
2873 2013 3030 2069 quam
3065 1997 3314 2053 Asterius
3361 1995 3554 2052 consul

1949 2106 2072 2148 cum
2112 2093 2374 2148 Prmsidio
2403 2107 2548 2148 anno
2592 2091 2721 2149 494.

2022 2186 2145 2242 145.
2192 2188 2519 2243 Arutzenius
2544 2190 2644 2243 hoc
2685 2189 2857 2258 ipsum
2917 2196 3295 2258 argumentum
3338 2201 3556 2258 promo-

1949 2287 2058 2346 vet,
2102 2279 2225 2350 quia
2249 2280 2496 2336 Asterius
2521 2280 2734 2336 videtur
2785 2281 3106 2350 conjunctus
3138 2281 3396 2335 amicitia:
3427 2280 3550 2334 vin-

1951 2373 2075 2428 culo
2103 2371 2274 2428 fuisse
2307 2373 2552 2440 Sedulio,
2582 2383 2636 2430 et
2657 2373 3013 2428 Macedonio:
3047 2373 3172 2429 huic
3225 2385 3374 2428 certe
3428 2374 3558 2427 ami-

1950 2481 2044 2522 cus
2074 2475 2217 2533 erat,
2251 2475 2309 2521 ut
2338 2467 2571 2536 probant
2599 2467 2762 2521 verba
2803 2466 3212 2537 epigrammatis
3265 2466 3554 2534 Asteriique

1953 2559 2050 2625 tui,
2073 2568 2175 2615 etc.
2203 2558 2348 2614 Fieri
2379 2567 2557 2615 autem
2589 2573 2696 2612 non
2731 2568 2933 2628 potest,
2963 2562 3056 2612 aut
3100 2559 3185 2611 vix
3209 2558 3422 2628 quidem
3455 2571 3554 2626 po-

1955 2662 2078 2720 test,
2106 2653 2506 2723 Macedonium,
2541 2670 2701 2726 quem
2726 2663 2960 2724 patrem,
2989 2665 3041 2709 et
3063 2654 3384 2724 magistrum
3415 2654 3556 2708 mul-

1955 2760 2131 2806 torum
2161 2751 2402 2823 appellat
2432 2749 2708 2819 Sedulius,
2735 2749 2800 2804 ad
2833 2765 3031 2804 annum
3065 2749 3172 2804 494
3211 2749 3551 2820 pervenisse,

1953 2861 2061 2917 quo
2088 2845 2224 2902 alter
2246 2845 2496 2902 Asterius
2524 2843 2715 2900 consul
2773 2844 2891 2900 fuit.
2940 2844 3210 2900 Pratterea
3258 2842 3554 2899 tenendum

1953 2950 2060 3010 est,
2093 2940 2346 2998 eumdem
2377 2957 2501 2998 esse
2546 2941 2838 3008 Asterium,
2901 2943 2993 3012 qui
3050 2941 3258 3012 Virgilii
3311 2941 3554 2998 codicem
3590 2995 3594 3001 _

1955 3035 2284 3103 emendavit,
2318 3046 2374 3092 et
2417 3037 2484 3092 de
2514 3035 2613 3091 hac
2661 3051 2755 3091 sua
2793 3035 3179 3091 emendatione
3218 3036 3556 3104 epigramma

1955 3130 2210 3197 confecit,
2242 3140 2298 3186 et
2326 3131 2631 3197 Asterium,
2661 3130 2752 3200 qui
2785 3129 2947 3183 simili
2993 3129 3387 3198 epigrammate
3440 3127 3556 3182 edi-

234 3217 416 3292 Rufus,
450 3231 548 3277 aut
581 3219 828 3276 Russius.
864 3219 920 3275 lu
951 3236 1087 3276 mss.
1119 3220 1402 3276 codicibus
1453 3219 1561 3292 75
1612 3217 1843 3289 Sedulii,

1957 3225 2164 3281 tionem
2196 3239 2349 3280 suam
2401 3223 2608 3281 Sedulii
2643 3223 2927 3278 adornavit
2958 3237 2972 3276 :
3004 3225 3306 3292 praesertim
3339 3221 3464 3291 quia
3499 3219 3552 3275 in

234 3317 302 3371 uti
329 3315 382 3372 in
418 3317 546 3389 ipso
570 3317 973 3388 epigrammate
997 3325 1314 3372 constanter
1346 3316 1543 3387 legitur
1591 3313 1850 3382 Asterius,

235 3420 455 3482 excepto
487 3409 694 3468 codice
720 3408 1070 3466 bibliothecae
1102 3408 1383 3475 Mediceaa,
1433 3407 1488 3463 in
1519 3423 1628 3480 quo
1657 3407 1851 3463 titulus

245 3503 461 3560 exhibet
508 3503 762 3559 Austerio
793 3519 810 3556 :
841 3503 895 3558 in
964 3502 1087 3557 aliis
1147 3502 1495 3558 documentis
1561 3500 1854 3572 aliquando

237 3597 516 3664 Austerius,
541 3597 846 3666 aliquando
877 3596 1136 3661 Astorius,
1165 3595 1461 3667 aliquando
1483 3594 1712 3660 Aterius,
1754 3594 1854 3650 ali-

236 3694 446 3765 quando
457 3693 776 3760 Austurius,
790 3691 1080 3764 aliquando
1105 3691 1367 3758 Asturius,
1385 3689 1678 3760 aliquando
1692 3688 1820 3760 Asty
1832 3718 1854 3730 -

238 3787 360 3855 rius,
409 3787 720 3860 aliquando
772 3784 1068 3854 Hasterius,
1116 3785 1219 3841 nisi
1259 3785 1475 3840 diversa
1498 3782 1618 3838 lucc
1654 3797 1856 3852 cogno-

237 3883 372 3937 mina
401 3893 746 3948 statuamus,
790 3879 935 3952 quod
966 3877 1211 3935 nonnulli
1263 3875 1470 3932 volunt.
1522 3874 1844 3929 Turciorum

237 3990 427 4034 nomen
457 3978 684 4033 clarum
719 3974 852 4030 olim
886 3972 1009 4041 luit,
1037 3983 1095 4028 ut
1116 3987 1186 4028 ex
1217 3968 1500 4026 veteribus
1533 3966 1846 4037 inscriptio-

239 4071 411 4139 nibus,
436 4073 686 4143 aliisque
707 4068 1073 4125 monumentis
1104 4073 1255 4138 patet
1283 4083 1294 4120 :
1323 4079 1419 4136 pro
1449 4079 1556 4135 quo
1584 4077 1856 4117 nonnum-

239 4177 389 4234 quam
415 4164 692 4222 scribitur
741 4161 968 4234 Turgius
996 4177 1062 4217 eo
1095 4174 1308 4227 errore,
1338 4172 1445 4230 quo
1473 4171 1620 4228 saepe
1651 4153 1691 4208 (ἶ
1725 4155 1776 4209 in
1809 4151 1854 4207 (ὗ

241 4268 496 4326 mutatur;
515 4257 669 4330 apud
684 4256 819 4312 alios
834 4255 1079 4312 invenias
1097 4253 1367 4320 Turcicus,
1385 4260 1440 4308 et
1453 4249 1664 4306 Curtius
1682 4247 1854 4320 Rufus

239 4352 576 4424 Apronianus
599 4394 614 4420 ,
644 4350 773 4424 quia
803 4350 1014 4406 scilicet
1068 4347 1459 4419 inscriptiones
1489 4345 1686 4415 aliquae
1710 4343 1851 4397 male

238 4445 520 4519 descriptae
543 4457 698 4502 sunt.
726 4442 1026 4501 Panuinius
1051 4441 1091 4497 ι.
1119 4457 1177 4497 ιιι
1203 4439 1353 4496 Fast.
1377 4437 1443 4494 ad
1463 4453 1594 4493 ann.
1617 4435 1725 4490 494
1757 4449 1855 4488 no-

239 4541 403 4596 mittat
431 4539 690 4596 Turcium
721 4536 1024 4594 Secundum
1047 4535 1306 4590 Asterium
1332 4549 1350 4588 :
1373 4531 1466 4587 sed
1486 4547 1582 4601 per
1601 4543 1852 4585 errorem

1956 3322 2351 3395 epigrammate
2373 3318 2441 3375 ad
2469 3317 2819 3374 emendatum
2842 3316 3085 3372 codicem
3114 3315 3326 3388 Virgilii
3365 3315 3439 3370 ait
3469 3331 3484 3368 :

2051 3437 2403 3500 Asteriumque
2422 3447 2568 3486 suum
2593 3433 2736 3483 vivax
2764 3431 3054 3482 transmittit
3076 3429 3123 3478 in
3149 3441 3309 3480 arvum
3333 3441 3346 3476 :

1956 3547 2046 3620 qui
2073 3560 2266 3602 versus
2320 3541 2506 3615 prodit
2541 3549 2824 3598 auctorem
2877 3536 3286 3610 epigrammatis
3337 3533 3564 3592 Sedulio

1958 3654 2228 3713 praemissr
2257 3657 2270 3694 :

2117 3755 2404 3819 Asteriique
2425 3755 2498 3804 tui
2519 3763 2720 3816 semper
2753 3750 3039 3802 meminisse
3055 3748 3248 3813 jubeto.

1957 3860 2112 3929 Quod
2141 3868 2322 3916 autem
2355 3859 2628 3924 Asterius,
2661 3853 2754 3926 qui
2786 3855 3061 3912 recensuit
3092 3856 3338 3911 codicem
3386 3856 3564 3926 Virgi-

1959 3955 2019 4011 lii
2045 3953 2295 4019 Medicei,
2330 3952 2492 4006 fuerit
2524 3950 2677 4020 prior
2727 3950 3002 4014 ASterius,
3035 3949 3226 4003 consul
3259 3964 3405 4003 anno
3433 3950 3562 4014 449,

1957 4048 2152 4120 probat
2208 4043 2538 4100 Arntzenius
2588 4041 2917 4097 auctoritate
2960 4039 3168 4095 Heinsii
3200 4041 3250 4094 in
3279 4041 3439 4109 epist.
3497 4041 3564 4093 ad

1958 4137 2297 4212 Papebroch.
2322 4137 2428 4194 495
2452 4146 2586 4192 tom.
2617 4135 2662 4191 ll
2686 4135 2891 4207 Syllog.
2923 4134 3138 4200 Burm.,
3171 4145 3224 4189 et
3253 4133 3319 4188 ad
3364 4133 3566 4188 Reine-

1956 4235 2096 4291 sium
2131 4242 2264 4287 tom.
2309 4228 2440 4300 V.p.
2479 4228 2575 4284 191
2611 4235 2667 4284 et
2701 4227 2898 4292 l97,et
2933 4224 3252 4280 Reinesiiad
3277 4224 3561 4280 Heinsium

1959 4338 2094 4386 tom.
2153 4326 2276 4382 eod.
2334 4338 2424 4395 ep.
2464 4323 2589 4378 178.
2615 4320 2860 4390 Denique
2883 4318 2936 4373 in
2967 4318 3242 4388 plerisque
3277 4319 3560 4374 codicibus

1959 4442 2092 4482 mss.
2120 4424 2371 4478 Asterius
2398 4417 2601 4474 Sedulii
2628 4415 2809 4472 editor
2836 4413 3034 4470 dicitur
3082 4412 3346 4469 exconsul.
3405 4415 3563 4469 Aste-

1957 4519 2073 4577 rius
2097 4531 2234 4572 vero
2261 4511 2535 4571 secundus
2561 4509 2752 4566 consul
2781 4507 2881 4563 luit
2923 4522 3066 4562 anno
3101 4507 3229 4572 494,
3267 4522 3377 4577 quo
3421 4523 3564 4561 anno

244 4633 469 4689 Secundi
510 4648 717 4690 nomen
756 4629 997 4685 intrusit.
1025 4629 1101 4684 De
1125 4636 1290 4698 gente
1315 4597 1512 4681 Turcia
1540 4621 1855 4693 Aproniana
1888 4613 1934 4674 D
1963 4609 2162 4682 ριόᾱὶίι
2182 4601 2697 4698 ἀεθΐεῑυηιῧθιίξδίί
2729 4599 2797 4656 de
2817 4599 2994 4698 ﬁbris
3022 4597 3353 4698 νεαίρίεξηάξε
3375 4610 3428 4698 (ξι
3452 4616 3562 4698 η-οη

242 4726 448 4783 Asteria
468 4723 956 4783 disseritNorisius
968 4719 1269 4791 Cenotaph.
1289 4718 1471 4774 Pisan.
1487 4715 1704 4771 dissert.
1722 4715 1776 4781 4,
1799 4722 1854 4770 et

243 4818 565 4878 Muratorius
580 4821 805 4875 dissert.
833 4818 859 4872 1
889 4816 956 4870 ad
980 4814 1193 4870 Paulin.
1213 4827 1384 4869 carm.
1405 4811 1715 4880 Cognomen
1728 4804 1854 4876 Ruﬁ

245 4911 298 4968 in
323 4915 512 4970 multis
541 4912 763 4968 familiis
783 4909 1027 4965 romanis
1042 4906 1346 4978 reperitur:
1371 4903 1441 4959 de
1461 4917 1568 4972 quo
1593 4901 1668 4955 ita
1687 4899 1854 4968 Quin-

246 5007 477 5064 tilianus.
496 5009 535 5063 ι.
563 5022 600 5072 ι,
625 5022 677 5062 c.
702 5007 757 5073 4,
788 5005 860 5059 al.
877 5005 940 5060 7:
967 5001 1297 5058 Scrutabitur
1314 4998 1538 5071 origines
1562 4995 1849 5063 nominum,

246 5112 300 5158 ut
317 5121 434 5176 qua:
459 5120 528 5160 ex
551 5102 733 5155 habitu
753 5100 984 5172 corporis
1007 5097 1296 5167 Cicerones,
1323 5093 1492 5166 Rufos
1508 5133 1524 5159 ,
1545 5089 1852 5161 Longosque

248 5194 491 5263 fecerunt.
515 5194 658 5251 Hinc
676 5202 869 5250 contra
897 5190 1339 5264 orthographiam
1367 5188 1586 5243 videtur
1611 5185 1852 5241 scribere

250 5281 457 5356 Rat/fus.
489 5287 577 5344 Ex
603 5286 934 5351 nominibus,
961 5282 1414 5355 praenominibus,
1464 5290 1521 5336 et
1578 5275 1856 5349 cognomi-

253 5381 410 5438 nibus
435 5383 590 5453 plura
612 5381 879 5454 gentilitia
912 5380 1134 5436 nomina
1157 5385 1452 5450 propagata
1484 5383 1632 5444 sunt,
1659 5382 1717 5430 ut
1745 5373 1852 5428 De-

254 5474 418 5544 cimii,
451 5476 647 5543 Sextii,
671 5475 858 5543 Tullii,
890 5473 1151 5542 Quinctii.
1187 5474 1322 5528 Hinc
1345 5471 1528 5544 potius
1560 5471 1858 5543 praeferen-

258 5565 379 5624 dum
403 5583 489 5626 est
517 5571 662 5640 Ruﬁi
686 5587 880 5625 nomen
920 5585 1042 5625 cum
1098 5566 1286 5623 multis
1335 5565 1638 5634 codicibus,
1694 5581 1855 5638 quam

259 5659 380 5733 Ruﬁ
395 5679 520 5719 cum
550 5664 692 5718 aliis.
728 5663 784 5718 ln
811 5662 1168 5733 inscriptione
1197 5658 1486 5730 Virgiliani
1516 5658 1724 5715 codicis
1746 5659 1860 5716 Me-

264 5753 421 5824 dicei,
457 5771 585 5811 mox
614 5772 763 5810 num.
793 5755 896 5811 145
930 5751 1441 5826 prolerenda,clara
1463 5751 1730 5810 sunthaec
1755 5753 1858 5809 tria

265 5851 477 5906 nomina
503 5849 724 5904 Turcius
753 5848 937 5920 Ruﬁus
959 5847 1310 5916 Apronianus.
1644 5842 1646 5845 ’
1677 5841 1703 5846 ”

627 5935 904 6005 Ρλτιιὸι..
950 5940 1124 6004 XIX.

1961 4701 2313 4776 recipiendis,
2340 4698 2432 4756 tibi
2460 4695 2740 4764 Sedulius,
2782 4693 3010 4766 ejusque
3040 4708 3177 4764 opus
3215 4691 3414 4764 insigni
3447 4693 3564 4749 elo-

1961 4801 2050 4874 gio
2081 4794 2520 4855 commendatur.

2035 4894 2157 4950 144.
2202 4889 2330 4947 Hice
2357 4887 2470 4944 fere
2500 4894 2625 4942 sunt
2671 4890 2991 4951 argumenta
3025 4896 3133 4937 non
3164 4879 3565 4937 contemnenda

1961 5004 2062 5061 pro
2087 4985 2345 5058 Opinione
2372 4979 2674 5040 Sirmondi.
2700 4978 2988 5032 Contraria
3014 4985 3194 5030 tamen
3227 4975 3358 5029 mihi
3394 4975 3566 5042 magis

1962 5085 2159 5155 placet,
2209 5093 2370 5151 quam
2428 5076 2598 5132 tenuit
2648 5074 2811 5128 etiam
2863 5070 3144 5126 Fabricius
3197 5068 3249 5122 in
3302 5067 3562 5122 Biblioth.

1962 5170 2466 5244 Lat.,F0ntaninus
2493 5167 2562 5223 de
2587 5164 2881 5235 Antiquit.,
2908 5162 3063 5217 Hort.
3098 5160 3136 5214 ἰ.
3168 5175 3226 5225 ιι,
3252 5174 3302 5212 c.
3328 5158 3382 5225 '5,
3409 5159 3566 5212 Nori-

1961 5270 2074 5327 sius
2103 5269 2172 5325 de
2197 5263 2503 5332 Cenotaph.
2537 5260 2652 5317 Pis.
2675 5258 2902 5314 dissert.
2932 5257 2990 5320 4,
3023 5253 3221 5323 Pagius
3251 5251 3320 5306 ad
3361 5252 3560 5307 Baron.

1962 5378 2106 5420 anno
2133 5361 2260 5428 494,
2292 5367 2348 5415 et
2375 5355 2494 5412 alii.
2543 5352 2600 5408 In
2641 5351 2786 5408 notis
2815 5349 2882 5402 ad
2913 5347 3112 5402 Baron.
3139 5358 3283 5398 anno
3312 5342 3420 5398 449
3450 5344 3567 5399 edi-

1965 5458 2130 5516 tionis
2176 5451 2443 5511 Lucensis
2489 5446 2680 5505 consul
2724 5443 2886 5515 hujus
2931 5441 3057 5497 anni
3085 5439 3332 5494 Asterius
3362 5455 3428 5494 ex
3457 5439 3564 5494 Re-

1937 5534 2146 5618 ‘lando,
2166 5559 2224 5607 et
2248 5545 2559 5604 Marcellino
2580 5544 2657 5598 ita
2681 5540 2800 5596 sine
2827 5537 2934 5591 alio
2961 5534 3182 5590 nomine
3203 5532 3401 5587 dicitur
3420 5534 3565 5587 Aste-

1963 5653 2118 5705 rius:
2150 5661 2215 5701 ex
2248 5641 2426 5699 Fastis
2482 5653 2613 5694 vero
2664 5630 2849 5691 ldacii.
2883 5640 2939 5686 et
2969 5628 3220 5692 Victoris,
3254 5635 3310 5680 et
3336 5627 3568 5696 epistola

1966 5746 2023 5804 S.
2049 5740 2250 5799 Leonis
2281 5750 2433 5808 papa:
2461 5731 2527 5788 ad
2554 5726 2874 5784 Flavianum
2928 5722 2982 5777 in
3031 5719 3571 5775 vetustiscodicibus

1969 5833 2232 5898 Ecclesiae
2262 5822 2596 5886 Veronensis
2620 5816 2883 5880 Asturius,
2908 5829 2972 5870 ex
3001 5827 3102 5868 ms.
3131 5808 3396 5865 Vaticano
3429 5809 3566 5867 Pm.

3005 5906 3080 5966 16
