4060 6320
536 224 639 284 tot
1862 196 2151 264 C(ELIUS
2190 191 2549 255 SEDULIUS.
3546 238 3547 241 γ
3740 188 3844 249 ,9,

521 342 666 413 ερρτὶ
729 339 986 411 Astyrius,
1040 295 1108 390 es
1165 331 1443 389 nonnullis
1502 325 1821 385 recentibus
1857 322 2122 379 fastorum
2153 325 2387 391 Acws
2430 330 2521 388 ΕΤ
2569 328 2840 388 CONSVL
2893 311 3109 387 ORDt—N
3164 323 3458 411 LEGIET
3504 325 3844 386 DISTINCXI

518 429 1004 490 concinnatoribus
1036 427 1140 500 77
1166 423 1261 481 Fl.
1319 423 1590 491 Asturius,
1626 436 1695 477 ex
1724 417 1847 474 aliis
1874 415 2131 471 Turcicus
2234 422 2534 482 comam
2588 422 2890 480 “unus
2945 421 3281 478 meum"
3333 421 3421 478 vc
3456 422 3488 458 ψ
3526 421 3665 477 NON
3726 422 3845 478 ME]

521 526 794 584 Secundus
818 523 1071 579 Asterius.
1097 521 1155 576 ln
1191 517 1367 576 Fastis
1394 516 1605 574 Graecis
1635 510 1877 570 Heraclii
1905 516 2131 566 vocatur
2234 516 2514 573 FmVCIA
2552 515 2682 572 SET
2723 515 2877 573 Elvs
2914 515 3029 572 (Νι
3069 514 3133 572 s|
3175 516 3260 571 ET
3299 515 3411 589 Ap
3448 513 3668 571 OMNIA
3705 513 3843 572 svu

516 621 794 693 Astgrius:
824 632 855 673 a
885 616 1113 675 Sidonio
1142 615 1305 688 epist.
1330 614 1363 669 6
1391 613 1428 667 ι.
1460 627 1576 678 vni,
1600 608 1855 665 Asterius.
1906 605 1961 662 In
1990 594 2127 660 Cod.

513 714 714 774 Justin.
746 713 843 768 lib.
879 728 937 778 γ,
971 715 1055 766 tit.
1086 711 1175 778 l7,
1210 708 1277 764 de
1300 705 1523 778 repud.,
1552 705 1660 775 leg.
1692 701 1747 766 8,
1791 697 2129 768 subscriptio

510 805 633 865 haec
661 816 748 863 est
771 822 786 862 :
811 803 937 860 Dat.
960 820 992 858 ν
1018 800 1255 858 ldJan.
1284 798 1578 871 Protogene
1598 807 1646 853 et
1697 784 1899 851 Asteria
1950 807 2121 846 conss.

508 902 619 960 Alii
673 902 873 958 habent
917 898 1112 967 Astori,
1165 898 1248 953 vel
1304 895 1535 961 Astoria,
1590 891 1667 948 uti
1714 888 1854 961 apud
1907 886 2121 944 Ferret.

506 994 652 1053 Mus.
678 993 845 1065 lapid.
881 994 915 1049 5
932 1034 947 1058 ,
983 992 1072 1048 ts.

665 1136 865 1191 Asteria
882 1137 1108 1190 meritam
1127 1133 1257 1186 dicat
1278 1133 1406 1184 hunc
1429 1131 1665 1183 Octavius
1682 1138 1836 1191 arum,

502 1282 608 1342 pro
652 1266 855 1324 Asteria
900 1265 1069 1338 aliqui
1113 1262 1302 1336 legunt
1354 1251 1583 1316 Asteria.
1644 1256 1720 1313 De
1774 1254 2122 1327 praenomine

501 1360 683 1418 Flavii
717 1361 852 1418 nihil
877 1360 1022 1416 aliud
1058 1357 1337 1429 profertur
1386 1360 1451 1410 e‘x
1495 1349 1733 1423 antiquis
1790 1362 2116 1404 monumen-

498 1457 594 1524 tis,
636 1457 743 1514 nisi
791 1454 1110 1527 diptychun:
1166 1449 1478 1508 Leodiense
1524 1450 1577 1503 in
1639 1445 1885 1500 eburneo
1937 1442 2116 1527 Evan-

496 1552 769 1623 geliorum
824 1526 1084 1621 operculo
1138 1564 1150 1600 ;
1210 1542 1317 1601 FL.
1388 1530 1731 1600 ASTYRIVS
1786 1536 1850 1592 ν.
1912 1534 1975 1593 c.
2030 1526 2117 1590 Er

496 1622 635 1700 lNL.
668 1642 833 1699 con.
868 1640 956 1698 ET
988 1638 1152 1697 MAG.
1180 1636 1508 1704 VTRIVSQ.
1534 1624 1675 1690 mL.
1708 1628 1905 1688 coss.
1950 1622 2113 1684 onn.

2231 610 2558 701 gevorvs
2598 608 2929 666 AltBlTRlO
2967 604 3039 665 xt
3078 608 3238 686 tut.-
3281 584 3418 667 atAt“
3445 608 3712 701 licitas.

2234 698 2285 759 PV
2914 700 3199 760 VERGILI
3537 698 3845 759 MARONIS

2232 795 2496 854 Distincxi
2522 796 2837 852 eruendam.
2870 806 3084 870 gratum
3118 794 3246 851 mihi
3271 811 3459 851 munus
3485 794 3647 850 amici
3683 788 3845 851 susci-

2301 893 2477 963 piens.
2511 892 2655 962 operi
2682 890 2900 947 sedulus
2930 890 3161 946 incubui.

2229 976 2640 1041 BUCOLICON-
2945 981 3155 1039 LIBER
3518 970 3840 1039 EXPLICIT

2225 1068 2484 1146 Tempore
2503 1094 2607 1148 quo
2633 1094 2851 1149 penaces
2873 1076 3013 1132 circa
3037 1076 3430 1133 subiuncximus
3451 1115 3463 1131 .
3489 1083 3612 1147 atq;
3638 1091 3841 1130 scenam
3908 1082 3915 1089 ‘

2293 1171 2478 1241 euripo
2510 1171 2789 1225 extulimus
2819 1169 3068 1226 subitam.

2237 1260 2299 1317 Vt
2329 1262 2481 1317 ludos
2502 1303 2516 1317 .
2549 1279 2769 1333 currusq
2798 1264 2958 1318 simul
2984 1262 3218 1335 variumq
3238 1303 3251 1318 .
3280 1261 3516 1334 ferarum
3545 1269 3802 1318 certamen
3820 1299 3833 1315 .

2295 1355 2509 1411 iunctim
2545 1353 2710 1411 Roma
2742 1362 2932 1410 teneret
2963 1371 3149 1411 ouans.

2221 1447 2453 1509 Ternum
2493 1452 2686 1523 quippe
2706 1457 2849 1520 solos
2878 1451 3075 1507 merui.
3123 1459 3273 1505 terna
3300 1450 3514 1524 agmina
3544 1447 3688 1522 uulgi
3709 1488 3721 1503 .
3752 1464 3835 1518 per

2292 1560 2480 1599 caueas
2513 1546 2732 1614 plausus
2764 1546 3073 1600 concinuere
3100 1561 3263 1600 meos.

2224 1632 2289 1690 In
2342 1648 2614 1705 quaestum
2665 1640 2876 1710 famae.
2929 1654 3110 1693 census
3152 1638 3357 1694 iactura
3403 1638 3660 1694 cucurrit.
3697 1636 3833 1693 Nam

502 1737 619 1793 Hoc
683 1736 1000 1808 diptychum
1052 1732 1351 1789 illustravit
1402 1728 1754 1787 Wilthemius
1786 1746 1798 1782 :
1836 1741 1901 1782 ac
1936 1720 2004 1781 dc
2052 1741 2116 1778 cu
2148 1717 2197 1778 B
2294 1727 2467 1784 laudis
2497 1731 2723 1802 fructum
2750 1729 2879 1785 talia
2901 1730 3093 1785 damna
3120 1740 3325 1786 serunt.

504 1840 672 1902 agunt
688 1829 958 1894 Norisius,
973 1826 1319 1886 Sirmondus.
1336 1828 1427 1896 qui
1452 1820 1647 1879 scribit
1660 1812 1927 1888 Astur-ius,
1947 1828 2001 1874 ct
2018 1814 2118 1873 Pa-

503 1925 650 1998 gius,
682 1925 772 1996 qui
805 1924 971 1982 habet
1003 1922 1243 1994 Astyrius
1265 1936 1387 1976 cum
1428 1912 1771 1984 Wilthemio,
1803 1926 1857 1971 et
1880 1906 2111 1969 Norisio.

568 2016 695 2073 145.
732 2017 1248 2085 Discrepantautem
1279 2013 1421 2068 inter
1438 2027 1497 2067 so
1525 2009 1581 2066 hi
1602 2018 1855 2064 auctores
1880 2027 1891 2061 :
1914 2022 2037 2062 nam
2062 2010 2112 2061 in

490 2109 686 2166 eodem
716 2107 975 2180 diptycho
999 2106 1290 2163 Leodiensi
1316 2102 1591 2172 Norisius,
1625 2111 1682 2158 et
1707 2100 1904 2173 Pagins
1948 2114 2113 2169 agno-

492 2214 657 2262 scunt
688 2204 964 2261 Asterium
999 2202 1265 2275 collegam
1292 2199 1612 2272 Protogenis
1642 2197 1919 2254 consulem
1969 2211 2113 2251 anno

490 2301 623 2368 449,
663 2316 728 2355 ac
758 2310 1044 2371 propterea
1091 2296 1264 2354 Flavii
1311 2310 1626 2365 praenomen
1680 2292 1756 2348 illi
1808 2298 2105 2363 apponunt.

485 2391 840 2450 Wiltbemius
872 2392 1018 2449 hunc
1046 2392 1223 2462 ipsum
1257 2389 1532 2447 Asterium
1573 2385 1855 2443 consulem
1887 2400 1977 2440 an.
2004 2380 2110 2441 449

484 2485 781 2558 intelligit,
816 2485 914 2543 sed
943 2485 1196 2542 eumdem
1230 2483 1397 2539 fuisse
1426 2481 1704 2537 existimat
1727 2476 1812 2534 Fl.
1845 2471 2105 2534 Turcium

483 2576 703 2634 Rullum
735 2578 1037 2647 Asterium,
1071 2579 1161 2649 qui
1186 2585 1419 2649 quatuor
1443 2577 1559 2631 haec
1582 2574 1800 2630 nomina
1836 2566 2101 2629 habuerit.

488 2670 814 2727 Sirmontlus
845 2671 933 2743 agi
970 2676 1122 2740 putat
1152 2670 1220 2725 de
1248 2667 1467 2725 Asterio
1497 2662 1727 2724 consule
1754 2681 1877 2722 cum
1904 2655 2103 2720 Praesi-

480 2764 573 2821 dio
600 2781 666 2820 an
704 2763 830 2821 494.
876 2764 1041 2820 Addit
1082 2763 1361 2819 Asturium
1409 2752 1674 2832 collegam
1728 2757 1971 2815 Praesidii
2027 2757 2103 2812 vi-

486 2857 606 2913 deri
639 2856 911 2913 diversum
949 2857 1018 2912 ab
1044 2850 1290 2923 Asturio,
1334 2856 1421 2912 cui
1466 2844 1744 2909 Ennodius
1790 2851 1936 2906 misit
1991 2851 2103 2923 epi-

482 2950 679 3006 stolam
712 2946 785 3005 24
815 2950 943 3007 libri
973 2967 1011 3006 l.
1047 2948 1274 3005 Difﬁcile
1306 2958 1390 3005 est
1413 2948 1554 3005 hanc
1581 2945 1938 3019 quzcstionem
1970 2934 2105 2999 deﬁ-

483 3044 603 3101 nire
635 3044 736 3101 nisi
782 3060 881 3118 per
921 3044 1288 3114 conjecturas.
1318 3040 1431 3097 Hoc
1462 3038 1593 3095 mihi
1629 3034 1786 3095 valde
1819 3034 2100 3109 probabile

2223 1822 2313 1878 Sic
2355 1833 2427 1878 tot
2476 1836 2810 1897 consumptas
2851 1835 3066 1881 seruant
3110 1816 3411 1899 spectacula
3452 1843 3637 1902 gazas.
3672 1828 3856 1901 festo»

2290 1933 2482 1990 rumq;
2513 1920 2695 1973 trium.
2730 1928 2994 1988 permanet
3025 1936 3125 1974 una
3152 1910 3327 1991 diem?

2217 2002 2534 2082 Asteriumq.
2563 2028 2735 2068 suum.
2764 2012 2922 2069 riuaa:
2950 2012 3263 2068 transmittit
3287 2010 3340 2069 in
3365 2028 3580 2069 aeuum.
3604 2015 3693 2087 qui
3714 2033 3828 2088 par-

2288 2119 2376 2159 cas
2407 2096 2618 2159 trabeis.
2656 2115 2761 2158 tam
2783 2105 2907 2161 bene
2931 2106 3092 2161 donat
3120 2123 3265 2177 opes.

2219 2196 2467 2255 INCIPIT
2613 2199 3007 2257 GEORGICON
3153 2200 3287 2257 LIB°
3330 2202 3350 2258 1
3463 2196 3843 2282 FELICITER,

2219 2288 2401 2365 Quisq.
2440 2292 2589 2368 legis.
2616 2295 2812 2368 relegas
2840 2296 2986 2366 felix.
3016 2310 3270 2371 parcasq;
3294 2297 3534 2371 benigne.
3567 2300 3716 2371 siqua
3739 2301 3825 2354 mi-

2286 2404 2384 2441 nus
2414 2404 2608 2443 vacuus
2635 2390 2897 2455 praeteriit
2927 2382 3153 2445 animus.

2216 2470 2298 2536 Ad
2323 2496 2373 2534 v.
2414 2480 2481 2537 1n
2513 2492 2765 2553 quantum
2805 2482 3027 2537 notatur
3056 2483 3225 2538 veluti
3270 2484 3423 2539 varia
3463 2482 3736 2559 scriptura
3762 2477 3822 2541 In

2212 2576 2468 2643 pretium,
2503 2590 2666 2644 supra
2699 2568 2915 2647 benigne
2946 2576 3216 2633 indicatur
3246 2574 3524 2635 correctio
3550 2580 3816 2655 benignus.

2210 2658 2277 2721 lli
2300 2682 2492 2722 versus
2522 2685 2548 2720 ει
2581 2662 2902 2724 Mabillonio
2943 2662 3020 2725 De
3063 2686 3122 2725 re
3145 2670 3409 2742 diplom.,
3435 2689 3464 2727 a
3496 2663 3740 2741 Norisio,
3771 2674 3821 2729 ct

2208 2761 2277 2815 ab
2302 2762 2423 2817 aliis
2453 2777 2647 2833 magna
2689 2779 2755 2818 ex
2795 2774 2952 2835 parte
2993 2766 3237 2837 corrupti
3268 2766 3624 2823 exhibentur.
3656 2760 3815 2825 Stella

2208 2856 2422 2928 appicta
2455 2854 2675 2913 initium
2711 2873 2865 2913 novae
2893 2848 3053 2913 lineae
3084 2852 3309 2915 indicat.

2285 2946 2406 3005 M7.
2440 2944 2670 3022 Egregie
2716 2951 2782 3006 de
2815 2950 2917 3007 hoc
2943 2948 3166 3020 codice,
3201 2954 3431 3027 ejusque
3464 2952 3811 3026 antiquitate,

2207 3058 2271 3098 ac
2304 3045 2616 3114 praestantia
2659 3044 2905 3102 Norisins
2929 3046 3033 3102 loc.
3067 3046 3163 3103 cit.
3198 3042 3424 3105 disserit
3459 3068 3470 3105 :
3505 3048 3598 3123 qui
3627 3051 3812 3108 obser-

481 3147 597 3204 est,
632 3134 881 3192 Flavium
924 3135 1202 3191 Asterium
1230 3132 1505 3189 laudatum
1546 3135 1597 3187 in
1625 3124 1885 3205 diptycho
1912 3124 2097 3215 diver-
2128 3150 2175 3215 ρ
2207 3147 2329 3207 vat,
2384 3127 2649 3210 scriptum
2695 3129 2871 3196 videri
2912 3157 2978 3197 ex
3039 3144 3312 3199 sententia
3358 3138 3630 3202 Ηυιειεηίί
3672 3147 3808 3203 circa

480 3243 602 3284 sum
626 3242 746 3285 esse
775 3246 807 3284 a
831 3226 1030 3285 Turcio
1060 3226 1219 3283 Ruﬁo
1249 3224 1561 3299 Aproniano
1595 3220 1831 3292 Asteria,
1854 3224 1944 3294 qui
1972 3213 2091 3278 Vir-

480 3324 596 3396 gilii
630 3323 872 3380 codicem
899 3323 1142 3380 correxit
1174 3340 1186 3375 ς
1220 3338 1342 3377 cum
1372 3320 1514 3377 enim
1541 3319 1585 3375 is
1609 3318 1724 3375 haec
1750 3324 1981 3388 quatuor
2000 3326 2095 3375 Sua

481 3419 706 3474 nomina
735 3412 990 3474 distincte
1022 3416 1289 3489 postterlt,
1315 3428 1420 3471 non
1445 3415 1720 3471 amisisset
1750 3424 1947 3470 nomen
1972 3408 2096 3472 Fla-

478 3512 591 3582 vii,
624 3513 767 3582 quad
801 3514 982 3567 solum
1017 3526 1142 3567 cum
1176 3511 1397 3566 nomine
1424 3502 1629 3566 Asterli
1655 3512 1708 3565 in
1730 3511 1988 3582 diptycho
2018 3510 2092 3566 le-

476 3608 644 3679 gitur,
678 3605 724 3660 si
755 3608 824 3660 ita
870 3607 984 3677 ipse
1013 3614 1234 3662 vocatus
1265 3605 1474 3662 fuisset.
1509 3604 1650 3660 Addi
1678 3606 1841 3661 etiam
1881 3615 2091 3675 potest,

480 3703 623 3773 quod
656 3701 877 3757 Flavius
908 3704 1092 3772 potius
1115 3702 1327 3757 videtur
1361 3716 1485 3758 esse
1526 3715 1723 3758 nomen
1763 3703 1940 3772 gentis
1969 3700 2093 3756 Fla-

475 3797 612 3865 vim,
665 3795 915 3865 adeoque
960 3794 1071 3851 duo
1106 3794 1340 3851 diversae
1388 3796 1570 3867 gentis
1603 3795 1803 3852 Asterii
1848 3804 1973 3850 sunt
2002 3794 2088 3851 Fl.

476 3887 763 3953 Asterius.
811 3900 866 3944 et
910 3888 1142 3945 Turcius
1195 3888 1383 3945 Rullus
1433 3888 1779 3961 Apronianus
1822 3890 2086 3947 Asterius.

475 3980 725 4037 Norisius
772 3982 910 4038 satis
950 3983 1245 4053 prudenter
1290 3982 1548 4054 coniicit,
1598 3982 1906 4049 Asterium,
1969 3985 2090 4041 sive

474 4075 658 4142 potius
701 4073 986 4129 Asturium
1019 4076 1302 4131 consulem
1346 4089 1489 4131 anno
1511 4076 1617 4132 449
1650 4090 1774 4132 esse
1809 4077 2085 4131 Asturium

473 4167 629 4223 illum
657 4208 672 4239 ,
713 4168 873 4240 cujus
912 4170 1161 4227 meminit
1190 4162 1402 4227 [ducitis
1432 4170 1498 4227 ad
1530 4187 1731 4226 annum
1759 4170 1866 4226 145
1894 4189 1905 4225 :
1934 4173 2083 4225 Astu.

472 4265 552 4317 rio
585 4264 837 4336 magistro
880 4267 1147 4334 utriusque
1192 4267 1394 4322 militiis
1428 4283 1584 4340 gener
1618 4266 1783 4337 ipsius
1819 4280 2085 4319 successor

471 4355 573 4428 ipsi
595 4358 818 4413 mittitur
839 4358 919 4429 (in
952 4360 1256 4432 Hispanias)
1282 4359 1639 4415 Merobaudis.
1671 4357 1938 4425 Asterius,
1964 4359 2084 4423 sive

474 4453 727 4522 AStyrius
758 4452 1009 4508 laudatus
1056 4455 1110 4509 in
1142 4455 1404 4527 diptycho
1442 4452 1765 4521 Leodiensi,
1801 4468 1924 4507 cum
1952 4468 2083 4511 con-

470 4545 559 4599 sul
588 4544 718 4610 fuit.
758 4548 872 4617 jatn
903 4547 1079 4604 fuerat
1118 4552 1382 4621 magister
1418 4549 1701 4619 utriusque
1744 4547 1987 4616 milititn,
2018 4564 2081 4605 ac

468 4647 760 4708 propterea
792 4640 1001 4698 dicitur
1030 4643 1361 4715 esmagiSter
1385 4643 1673 4711 utriusque
1704 4641 1933 4697 militiae.

543 4732 653 4805 78
684 4733 807 4789 HG.
841 4733 1123 4805 Asterius,
1159 4738 1249 4803 qui
1286 4736 1492 4809 Virgilii
1520 4736 1765 4793 codicem
1796 4738 2077 4807 distinxit,

468 4838 523 4885 et
552 4829 859 4887 emendavit
879 4868 895 4898 ,
931 4835 1118 4902 plures
1146 4832 1284 4887 alios
1315 4832 1499 4885 titulos
1529 4831 1632 4886 sibi
1666 4832 1781 4901 ipse
1810 4833 2034 4893 ascribit
2060 4877 2075 4903 ,

468 4917 578 4979 non
606 4940 736 4980 vero
768 4925 984 4981 titulum
1033 4925 1279 4995 magistri
1312 4924 1598 4992 utriusque
1627 4923 1857 4980 militiae.
1890 4923 2080 4996 Neque

462 5019 644 5077 simile
674 5032 805 5074 vero
844 5029 960 5082 est,
1010 5019 1063 5072 in
1103 5017 1363 5089 diptycho
1408 5016 1699 5089 Leodiensi
1743 5018 2076 5076 omittendos

459 5109 633 5167 fuisse
664 5112 851 5167 titulos
880 5110 1061 5164 Turcii
1090 5108 1234 5164 Rutii
1255 5110 1557 5178 Aproniani
1582 5108 1807 5176 Asterii,
1841 5126 2073 5181 praeser-

461 5207 558 5261 tim
589 5207 805 5260 titulum
839 5206 1140 5275 exprafecti
1169 5205 1320 5269 urbi,
1352 5215 1406 5259 et
1431 5207 1674 5277 patricii,
1719 5207 1814 5277 qui
1843 5206 2069 5264 nobilis~

457 5299 581 5353 simi
611 5309 790 5364 erant,
818 5300 862 5354 si
888 5314 1016 5354 vero
1043 5299 1089 5353 is
1120 5301 1369 5355 Asterius
1398 5300 1452 5356 in
1477 5312 1543 5357 eo
1573 5300 1833 5374 diptycho
1860 5301 2067 5359 descri-

458 5396 700 5448 hcrctur.
740 5394 817 5448 En
848 5393 1342 5466 subscriptionem,
1372 5410 1495 5467 qua:
1522 5405 1700 5454 exstat
1724 5399 1778 5452 in
1809 5401 2063 5456 vetustis-

457 5489 600 5542 simo
628 5484 837 5558 Virgilii
858 5488 1047 5545 codice
1069 5488 1313 5546 Medicae
1338 5508 1351 5545 ς

454 5664 757 5725 rvacrvs
797 5669 1048 5728 BVFlVS
1096 5672 1542 5733 APRONIANVS
1581 5675 1926 5735 ASTERIVS
1953 5660 2058 5733 Vc.

757 5763 863 5853 EX
911 5765 1168 5855 COMIIE
1218 5767 1519 5855 DOMEELI"
1574 5768 1914 5825 PROTECT'
1961 5768 2052 5825 EX

455 5849 600 5910 con
646 5849 809 5915 pinv
855 5849 1115 5921 ωιιριῑ
1149 5863 1184 5903 ιι
1219 5849 1568 5927 EXPRKEF.
1610 5859 1774 5921 vum
1806 5860 2050 5921 PATRI-

2207 3226 2453 3286 Valentis
2474 3274 2489 3298 ,
2524 3236 2618 3286 θυι
2645 3226 2939 3289 Theodosii
2970 3244 3220 3308 tempora
3242 3280 3257 3305 ,
3300 3250 3490 3309 postea
3523 3255 3554 3294 a
3585 3238 3811 3298 Macario

2202 3314 2267 3377 V.
2298 3318 2361 3379 C.
2402 3323 2546 3380 dono
2595 3316 2779 3381 «latum
2815 3320 3038 3383 Astcrio
3069 3324 3268 3397 amico,
3302 3324 3399 3404 qui
3431 3324 3535 3389 hac
3556 3326 3625 3391 de
3654 3350 3809 3392 causa

2199 3416 2492 3477 Macarium
2528 3414 2760 3492 primum
2808 3427 3064 3494 fratrem,
3117 3434 3231 3480 tum
3276 3427 3506 3482 amicum
3549 3423 3804 3499 appellat.

2197 3510 2321 3568 Fuit
2348 3512 2393 3567 is
2419 3514 2590 3570 codex
2621 3512 2915 3587 aliquando
2937 3508 3239 3573 cardinalis
3267 3502 3542 3591 Rodulphi
3571 3510 3807 3594 Carpen-

2194 3603 2300 3669 sis;
2332 3600 2533 3661 deinde
2554 3604 2854 3662 cardinalis
2881 3607 2950 3664 de
2985 3597 3198 3683 Monte,
3232 3600 3326 3681 qui
3356 3618 3549 3683 pbstea
3582 3606 3684 3669 fuit
3713 3608 3803 3671 Ju-

2196 3698 2299 3752 lius
2328 3689 2420 3764 lll,
2454 3709 2512 3755 ut
2542 3715 2613 3756 ex
2643 3694 2835 3757 litteris
2860 3696 3045 3757 Cosmi
3074 3696 3130 3771 l,
3166 3698 3346 3777 magni
3372 3698 3610 3764 Etruria:
3636 3706 3803 3776 ducis,

2195 3786 2261 3846 ad
2286 3806 2411 3847 eum
2443 3808 2592 3848 anno
2636 3788 2776 3849 1567
2808 3794 2948 3849 datis
2978 3794 3257 3866 colligitur
3284 3790 3429 3868 apud
3476 3791 3802 3856 Bisi-iunium

2193 3878 2370 3941 Catal.
2403 3884 2594 3943 Codic.
2618 3886 2829 3944 Orient.
2857 3882 3113 3945 biblioth.
3146 3884 3804 3951 MediceooLaurentiana:

2194 3980 2406 4051 praefat.
2582 3998 2705 4053 pag.
2750 3974 2841 4047 39,
2892 3995 2946 4039 ct
2994 3978 3321 4040 Bandinium
3372 3995 3503 4042 tom.
3547 3984 3594 4043 ll
3632 3982 3797 4045 Catal.

2193 4068 2372 4141 ejusd.
2408 4070 2538 4126 bibl.
2575 4088 2696 4145 pag.
2734 4073 2842 4129 282
2881 4090 3002 4145 seq.
3035 4068 3190 4132 Multi
3228 4082 3515 4146 asserunt,
3550 4081 3798 4138 eumdem

2192 4154 2445 4220 codicem
2494 4162 2562 4220 ad
2607 4160 2877 4223 Achillem
2930 4162 3205 4239 Statium,
3263 4172 3422 4241 cujus
3472 4172 3798 4245 epigramma

2190 4256 2347 4313 initio
2387 4258 2607 4331 legitur,
2643 4271 2696 4317 et
2741 4254 2807 4317 ad
2838 4258 3231 4321 bibliothecam
3267 4258 3587 4324 Vaticanam
3633 4264 3798 4341 perti-

2190 4350 2420 4410 nuisse?
2451 4355 2544 4426 qui
2579 4368 2758 4411 tamen
2801 4370 2991 4413 errore
3027 4354 3243 4430 decepti
3275 4360 3557 4418 videntur.
3600 4356 3799 4436 Etepi-

2189 4464 2432 4518 gramma
2462 4446 2683 4518 quidem
2720 4442 2949 4506 Achillis
2986 4450 3142 4507 Statii
3168 4454 3381 4524 arguit,
3413 4456 3664 4512 codicem
3694 4473 3796 4511 non

2187 4543 2340 4613 ejus,
2372 4541 2468 4598 sed
2502 4542 2799 4600 cartlinalis
2827 4538 3100 4615 Rodulphi
3146 4540 3224 4602 Pii
3261 4558 3391 4604 tunc
3439 4544 3632 4606 fuisse.
3669 4551 3794 4623 Epi-

2187 4626 2326 4690 stola
2350 4645 2531 4692 autem
2573 4632 2757 4693 Cosmi
2786 4630 2802 4693 l
2834 4654 2979 4695 anno
3008 4632 3148 4696 1567
3174 4655 3283 4695 non
3317 4640 3493 4713 poruit
3519 4659 3645 4701 esse
3670 4644 3789 4700 data

2184 4724 2250 4785 ad
2280 4728 2613 4803 eprdinalem
2651 4724 2720 4787 de
2748 4728 2962 4801 Monte,
2995 4725 3087 4802 qui
3117 4728 3318 4790 deinde
3346 4735 3447 4790 fuit
3472 4734 3652 4793 Julius
3694 4736 3787 4804 lll,

2183 4828 2243 4877 nt
2289 4822 2526 4880 afﬁrmat
2574 4816 2911 4892 Biscionius,
2963 4841 3087 4882 cum
3137 4824 3313 4883 Julius
3358 4820 3428 4883 Ill
3477 4831 3639 4903 longe
3669 4843 3792 4888 ante

2184 4914 2416 4987 obierit;
2472 4922 2640 4975 immo
2684 4914 2791 4993 ipsi
2836 4914 3119 5003 Superstes
3160 4926 3322 4980 fuerit
3360 4924 3660 4983 cardinalis
3686 4925 3793 4984 Ru-

2183 5017 2421 5088 dnlphus
2447 5061 2462 5085 ,
2488 5017 2583 5091 qui
2616 5017 2668 5072 in
2695 5032 2758 5074 ea
2790 5019 3152 5091 epistolajam
3186 5022 3295 5075 vita
3324 5018 3546 5078 functus
3571 5020 3783 5080 dicitur.

2181 5111 2367 5182 Neque
2395 5128 2459 5170 ea
2498 5114 2730 5185 epistola
2762 5108 2856 5187 (ad
2906 5115 3069 5170 alium
3116 5116 3455 5174 cardinalem
3496 5118 3565 5175 de
3609 5114 3787 5175 Monte

2177 5205 2323 5263 forte
2351 5207 2577 5282 scripta)
2605 5219 2980 5280 argumentum
3013 5214 3238 5267 omnino
3266 5212 3458 5270 citicax
3493 5225 3579 5273 est
3597 5229 3785 5272 contra

2177 5301 2508 5369 Manntinm,
2558 5298 2750 5372 quieo
2796 5302 2987 5361 codice
3030 5320 3160 5361 usus
3199 5304 3405 5373 fuerat,
3452 5316 3507 5363 et
3548 5302 3642 5365 illo
3667 5309 3781 5380 ipso

2172 5405 2419 5467 tempore
2479 5398 2532 5452 in
2575 5396 2939 5469 Orthograph.
2975 5400 3146 5456 verbo
3178 5402 3432 5457 tet/teretis
3479 5403 3777 5469 referebat,

2169 5507 2196 5544 a
2253 5490 2542 5561 Rodulpho
2601 5485 2842 5548 codicem
2901 5493 3254 5552 bibliotheca
3324 5498 3779 5556 vaticanaatesta-

2167 5596 2355 5643 mento
2385 5586 2620 5658 legatum
2656 5585 2826 5643 fuisse
2857 5604 2870 5640 :
2898 5587 2965 5642 Et
3002 5591 3208 5661 Opinor,
3254 5591 3443 5660 addit,
3492 5594 3557 5647 ab
3609 5592 3781 5664 aliqua

2162 5684 2304 5755 furto
2345 5691 2658 5754 sumptum.
2707 5681 2950 5739 Excusus
3008 5681 3301 5742 Florentiae
3359 5687 3501 5759 typis
3558 5696 3645 5744 est
3690 5696 3771 5740 to-

2164 5786 2250 5832 tus
2317 5776 2611 5832 simillimis
2664 5775 3044 5833 charamcrum
3088 5777 3276 5835 formis
3324 5782 3634 5852 expressis,
3678 5779 3771 5833 iis-

2158 5868 2283 5928 dem
2328 5873 2552 5929 omnino
2620 5869 3098 5944 distinctionibus,
3171 5874 3247 5931 et-
3293 5870 3761 5941 correctionihus,
