4060 6320
276 275 379 332 495

1670 256 2211 327 PROLEGOMENA.

3482 264 3593 330 494

274 407 403 464 quas
435 393 695 450 Asterius
719 391 1020 462 adiecerat,
1053 395 1379 447 recensente
1401 389 1566 445 Petro
1585 386 1879 445 Francisco
1911 395 1960 459 Α
1986 376 2140 441 libus.
2170 375 2253 438 Ad
2282 378 2584 453 marginem
2614 393 2682 439 ex
2711 380 3088 440 vetustissimo
3121 382 3312 445 codice
3342 401 3355 439 :
3386 384 3592 447 Notitia

271 485 557 560 Fogginio,
590 487 692 558 qui
722 486 776 542 in
810 484 1129 557 praefatione
1173 478 1464 554 pollicetur
1491 495 1630 552 opus
1658 494 1882 551 separa-

272 591 415 646 tum,
449 583 506 636 in
550 596 668 651 quo
703 596 867 652 agere
917 579 1197 649 cogitabat
1245 576 1314 633 de
1355 575 1577 643 codice,
1618 574 1685 630 de
1724 577 1880 629 Aste-

269 675 371 742 rio,
402 683 517 729 etc.
549 672 844 744 Specimeo
867 671 1204 730 characteris
1225 687 1256 726 a
1284 668 1551 741 Fogginio
1575 667 1877 725 exhibitum

268 784 373 826 non
406 784 610 838 parum
654 768 840 826 differt
868 769 939 824 ab
966 783 1036 826 eo
1064 765 1208 839 quod
1234 763 1584 823 Mabillonius
1608 763 1715 821 tab.
1750 764 1784 821 6
1810 762 1879 820 de

268 859 344 918 Re
366 860 739 928 DiplOtttutica
766 861 1013 931 protulit.

336 953 462 1009 148.
480 954 804 1009 CunSIituta
823 955 933 1023 jam
957 950 1303 1009 diStittctione
1328 949 1473 1006 inter
1491 949 1575 1006 Fl.
1603 950 1876 1005 Asterium

265 1048 551 1106 consulem
584 1048 873 1104 laudatum
899 1047 956 1103 in
1001 1046 1259 1120 diptyclto
1299 1043 1622 1110 Leodiensi,
1656 1051 1708 1099 et
1739 1043 1880 1099 Tur-

264 1145 401 1202 cium
431 1142 663 1223 [iulium
712 1143 1091 1214 Apronianum
1137 1141 1409 1198 Asterium
1444 1139 1724 1196 consulem
1752 1155 1874 1195 eor-

263 1248 538 1295 reclorem
589 1237 806 1294 codicis
856 1237 1167 1307 Virgiliani,
1219 1235 1378 1292 facile
1425 1246 1511 1291 est
1552 1234 1876 1302 ostendere,

265 1329 534 1386 editorem
569 1328 787 1384 Sedulii
820 1344 927 1384 non
956 1328 1041 1383 F1.
1073 1327 1353 1385 Asterium
1385 1325 1582 1391 fuisse,
1616 1324 1712 1382 sed
1741 1323 1879 1380 Tur-

263 1425 406 1482 cium
435 1422 667 1480 Rufium
717 1423 1088 1495 Apronianum
1136 1421 1413 1479 Asterium
1445 1435 1567 1477 cum
1615 1436 1681 1475 ex
1711 1416 1876 1475 simili

261 1518 398 1590 style
450 1516 880 1589 epigrammatis
932 1516 1201 1589 praemissi
1251 1514 1424 1571 codici
1454 1513 1775 1584 Virgiliano,
1823 1522 1878 1568 et

258 1615 490 1671 carmini
541 1613 803 1679 Sedulii,
834 1624 945 1670 tum
975 1628 1045 1671 ex
1077 1613 1252 1670 tribus
1287 1610 1603 1668 nominibus
1647 1607 1877 1667 editoris

258 1707 498 1776 Sedulii,
545 1707 755 1766 Turcio
798 1706 954 1762 Rufio
990 1706 1210 1764 Asterie
1244 1726 1258 1763 :
1292 1720 1414 1772 nam
1456 1719 1658 1759 nomen
1707 1701 1876 1770 Apro-

1985 487 2257 527 sacrarum
2293 471 2722 547 Scripturarum,
2764 492 2854 533 seu
2896 475 3149 551 librorum
3188 483 3587 553 canonicorum,

1984 583 2102 621 cum
2143 566 2521 640 descriptione,
2570 568 2648 625 vel
2691 573 3026 633 annotatione
3066 572 3263 633 ϐείωἱὶ
3305 593 3475 651 paptz.
3522 580 3590 637 Et
3633 610 3637 614 ι

1985 669 2110 728 post
2143 659 2314 717 libros
2358 663 2568 717 veteris
2599 662 2837 735 novique
2874 664 3209 727 Testamenti
3237 672 3545 731 recensitos
3574 691 3589 726 :

1984 749 2183 808 Gclasii
2211 768 2363 823 papa:
2402 760 2668 810 decretum
2697 773 2814 812 cum
2855 774 2956 817 cxx
2978 762 3234 835 episcopis
3265 763 3499 823 habitum
3526 766 3593 825 de

1983 844 2299 919 apocryphis
2329 847 2643 922 Scripturis.
2676 850 3006 913 Pearsonius
3055 856 3107 913 in
3140 856 3404 918 Vindiciis
3433 861 3591 937 lgna-

1982 937 2149 995 tianis
2176 940 2458 1013 epinstur,
2492 940 2597 999 hoc
2631 942 2913 1004 decretum
2956 949 3234 1007 conditum
3275 951 3442 1013 fuisse
3469 963 3593 1029 post

1982 1029 2253 1102 synodum
2287 1048 2317 1085 v
2350 1048 2497 1088 anno
2536 1032 2642 1092 553
2667 1036 3020 1096 celebratam.
3055 1041 3171 1100 Huc
3202 1042 3434 1103 fortasse
3465 1062 3589 1116 per-

1985 1123 2121 1181 tinet
2144 1127 2336 1207 ,quotl
2360 1126 2661 1186 Damianus
2690 1130 2866 1213 Grana
2903 1133 2956 1190 in
2990 1134 3309 1206 praafatioue
3347 1139 3415 1199 ad
3441 1140 3589 1197 Cett-

1982 1226 2169 1278 tonem
2195 1220 2388 1278 Probae
2409 1222 2595 1281 Romae
2631 1224 2766 1283 l588
2786 1225 3067 1285 decretum
3091 1230 3297 1307 Pelagii
3319 1235 3587 1309 appellat:

1982 1315 2079 1371 sed
2112 1316 2348 1375 similius
2374 1333 2507 1376 vero
2538 1332 2621 1376 est
2644 1362 2659 1389 ,
2711 1320 2912 1381 Grante
2941 1324 3214 1383 excidisse
3241 1324 3448 1397 Pelagii
3489 1346 3589 1386 no-

1982 1420 2107 1461 men
2140 1422 2239 1477 pro
2267 1406 2506 1467 Gelasio.
2541 1410 2792 1468 Baluzius
2821 1413 3067 1473 codicem
3096 1430 3201 1473 ms.
3235 1415 3590 1481 Collectionis

1985 1500 2229 1574 Dionysii
2263 1503 2456 1574 Esigui
2492 1505 2662 1575 vidit,
2698 1506 2752 1562 in
2781 1523 2888 1579 quo
2915 1507 3020 1567 hoc
3050 1508 3332 1571 decretum
3358 1513 3590 1573 Damaso

1982 1596 2346 1664 tribuebatur,
2381 1609 2436 1656 et
2475 1601 2771 1659 cardinalis
2819 1601 3090 1663 Baronius
3119 1619 3265 1663 anno
3306 1605 3398 1675 69,
3438 1607 3588 1675 n.4,

1979 1688 2146 1747 refert
2170 1733 2183 1756 ,
2213 1690 2641 1751 Cresconianam
2660 1692 3054 1755 Collectionem
3093 1699 3376 1757 continere
3403 1702 3589 1759 conci-

256 1801 438 1858 niamts
470 1803 766 1873 proprium
793 1810 877 1858 est
904 1800 1124 1857 l‘antilitn
1147 1800 1358 1858 Tureia:
1380 1798 1572 1856 Ruliaa.
1602 1798 1871 1854 Praeterea
1903 1791 1953 1857 Β
1980 1781 2111 1839 "um
2153 1781 2458 1841 Romanum
2491 1785 2593 1842 ειη)
2633 1785 2887 1859 Damam,
2921 1787 2975 1846 Ῐη
3016 1804 3125 1860 ί]υο
3177 1790 3246 1847 de
3271 1790 3421 1849 “bris
3453 1807 3586 1865 ³90⁸

256 1894 531 1953 bonorum
558 1896 745 1960 tituli,
778 1896 977 1966 quibus
1003 1896 1180 1951 editor
1207 1893 1441 1960 Sedulii,
1468 1902 1522 1949 et
1551 1889 1875 1950 emendator

253 1991 459 2051 codicis
494 1991 790 2063 Virgiliani
815 1992 1170 2058 tlecorantur,
1196 1990 1368 2061 magis
1394 1989 1537 2045 inter
1557 2003 1617 2044 se
1643 1984 1887 2043 censen?

256 2087 428 2152 tinnt,
459 2100 593 2140 cum
638 2097 874 2155 uterque
903 2085 1068 2140 fuerit
1101 2084 1363 2155 patricius
1384 2125 1398 2150 ,
1435 2094 1627 2139 neuter
1657 2080 1874 2138 dicatur

255 2180 513 2249 magister
542 2180 839 2250 utriusque
870 2178 1098 2234 militiae.

324 2270 448 2329 449.
480 2271 749 2327 Nondum
793 2280 976 2326 tamen
1015 2271 1194 2327 Soluta
1226 2269 1456 2340 qttaastio
1486 2277 1610 2326 est:
1652 2267 1750 2324 sed
1791 2267 1874 2321 iu-

254 2368 640 2439 veStigandum
673 2376 946 2439 superest,
978 2366 1306 2422 Flauvittsue
1339 2363 1607 2427 Asterius,
1638 2379 1707 2417 an
1735 2362 1871 2418 Tura

253 2464 364 2520 cius
384 2463 591 2519 Bittius
617 2464 874 2521 Asterius
901 2462 1068 2521 fuerit
1088 2462 1277 2518 consul
1304 2475 1448 2516 anno
1470 2457 1598 2514 449.
1624 2457 1871 2513 Nurisitts

253 2566 308 2616 et
333 2558 546 2629 Pagius
576 2558 702 2614 sine
734 2557 846 2613 ulla
867 2556 1211 2613 dubitatione
1237 2555 1595 2623 rcSpondent,
1622 2550 1868 2607 Flavium

252 2653 539 2711 Asterium
569 2654 854 2712 consulem
880 2651 1046 2710 luisse
1062 2668 1206 2707 anno
1228 2650 1356 2717 449,
1381 2648 1636 2705 Turcium
1651 2645 1871 2703 Rullum

252 2745 542 2805 Asterium
591 2763 741 2804 anno
788 2745 916 2803 494.
949 2744 1057 2803 Sed
1086 2746 1281 2802 vellem
1307 2785 1323 2813 ,
1354 2743 1526 2800 veteri
1576 2741 1627 2797 id
1674 2755 1871 2798 menu-

252 2852 435 2898 mento
491 2842 684 2912 aliquo
728 2840 1140 2896 confirmarent.
1184 2838 1322 2895 Nam
1355 2837 1476 2893 fasti
1513 2845 1728 2891 veteres
1774 2850 1871 2890 nu-

255 2931 379 2988 dum
425 2949 640 2991 nomen
671 2932 874 2989 Asterii
906 2942 1141 3001 utr0que
1182 2912 1326 2987 anno
1373 2928 1693 3000 proferunt:
1726 2926 1869 2997 quod

254 3036 432 3082 autem
480 3025 782 3092 Asterius,
816 3025 911 3096 qui
938 3025 1132 3082 consul
1165 3024 1262 3081 fuit
1300 3040 1444 3078 anno
1470 3022 1600 3089 449,
1632 3021 1869 3093 Aslyrius

255 3126 308 3175 et
331 3120 593 3175 Λεωνίδη
636 3119 839 3177 alicubi
887 3118 1123 3185 dicatur,
1151 3135 1258 3175 non
1312 3117 1444 3174 tanti
1490 3116 1748 3187 ponderis
1785 3123 1869 3172 est

1981 1878 2203 1953 cryphis
2229 1879 2447 1952 agitur:
2480 1881 2574 1939 sed
2607 1882 2802 1939 melius
2826 1881 3089 1952 dixisset,
3137 1885 3202 1941 de
3226 1887 3393 1943 sacris
3436 1886 3588 1945 Scri-

1978 1973 2167 2045 pluris.
2200 1971 2334 2029 Nam
2364 1970 2668 2031 Concilium
2698 1972 3011 2035 Romanum
3038 1977 3139 2035 sub
3159 1976 3415 2045 Damaso,
3439 1979 3586 2053 quod

1977 2066 2316 2139 descriptum
2357 2068 2533 2127 habeo
2559 2084 2629 2127 ex
2655 2069 2848 2127 codice
2880 2070 3026 2143 Val.,
3069 2086 3333 2131 canonena
3363 2073 3590 2133 exhibet

1978 2159 2242 2217 librorum
2276 2162 2480 2219 veteris
2511 2174 2565 2219 et
2594 2163 2723 2219 novi
2767 2163 3139 2239 Testamenti,
3185 2165 3284 2225 sed
3324 2167 3392 2227 tle
3433 2166 3589 2227 libris
3687 2213 3690 2216 .

1976 2253 2309 2326 apocrypltis
2351 2254 2575 2313 omnino
2606 2255 2774 2313 silet:
2811 2271 2877 2314 ac
2906 2272 3132 2331 censeo,
3174 2274 3439 2319 canooent
3485 2260 3589 2319 Da-

1960 2350 2114 2401 masi
2158 2346 2212 2401 in
2261 2344 2547 2404 decretum
2592 2347 2662 2405 de
2709 2346 2862 2404 libris
2904 2351 3239 2423 apocrypbis
3281 2352 3585 2411 immissum

1977 2439 2165 2497 fuisse.
2211 2439 2467 2500 Baluzius
2501 2449 2755 2507 testatur,
2781 2444 2835 2501 in
2863 2442 3249 2516 antiquissimo
3282 2444 3588 2519 Urgellensi

1975 2530 2167 2587 codice
2193 2530 2504 2589 Hormisdze
2534 2532 2679 2589 idem
2705 2533 2987 2594 decretum
3010 2536 3120 2611 81
3144 2537 3365 2597 ascribi.
3392 2538 3588 2597 Petrus

1974 2623 2305 2680 Franciseus
2335 2621 2642 2683 Chimetius
2681 2624 2854 2683 edidit
2892 2642 2957 2687 ex
2991 2628 3182 2685 codice
3229 2627 3453 2686 Jurensi
3484 2630 3583 2684 de-

1974 2725 2182 2775 cretum
2228 2719 2405 2791 ipsum
2438 2717 2519 2775 sic
2560 2718 2889 2791 inscriptum
2927 2737 2941 2776 :
2991 2717 3189 2791 Incipit
3228 2721 3484 2779 decretale
3532 2728 3586 2783 in

1974 2810 2099 2867 urbe
2130 2810 2300 2866 Roma
2333 2812 2397 2867 ab
2430 2810 2716 2868 Hormisda
2746 2830 2883 2883 papa
2915 2813 3131 2871 editum.
3165 2813 3222 2871 In
3255 2814 3448 2871 codice
3476 2814 3579 2873 Va-

1976 2906 2156 2963 ticano
2192 2907 2325 2964 15H
2348 2949 2363 2974 ,
2405 2907 2591 2965 seaculi
2618 2906 2851 2966 fortasse
2879 2924 2914 2962 ι
2936 2951 2951 2977 ,
2979 2919 3060 2965 est
3088 2909 3361 2967 Collectio
3409 2925 3581 2969 cano-

1970 3016 2101 3059 num
2133 3001 2453 3074 llispanica,
2483 3002 2703 3074 qualem
2727 3002 3012 3061 Ballerinii
3042 3004 3360 3063 describunt
3393 3003 3448 3063 in
3471 3005 3585 3063 dis-

1970 3103 2108 3151 sert.
2136 3095 2206 3152 de
2233 3092 2670 3153 Collectionibus
2697 3111 2993 3155 canonum.
3026 3094 3581 3157 lndcx‘decretalium

254 3208 369 3269 hare
398 3214 577 3281 ratio,
624 3220 684 3269 ut
731 3212 1040 3270 necessario
1081 3224 1363 3269 teneamus
1407 3209 1492 3267 Fl.
1552 3210 1863 3275 Asterium,

1972 3187 2344 3246 Romanorum
2407 3188 2726 3263 pontiﬁcum
2787 3190 2967 3249 solum
3045 3190 3272 3249 exhibet
3333 3192 3584 3250 sinceras

254 3310 333 3364 vel
370 3308 701 3382 Astyrium,
752 3311 836 3365 vel
881 3310 1161 3365 Asturium
1198 3307 1483 3364 consulem
1504 3305 1673 3364 fuisse
1724 3318 1869 3361 anno

251 3409 375 3476 449,
404 3410 676 3466 Turcium
708 3424 843 3466 vero
882 3406 1096 3464 Rullum
1138 3407 1416 3463 Asterium
1440 3418 1590 3461 anno
1627 3402 1757 3458 494.
1800 3399 1870 3457 Ut

247 3515 440 3563 autem
474 3505 750 3570 dicamus,
783 3503 1041 3560 Turcium
1074 3500 1287 3558 Rulium
1310 3500 1618 3562 Asterium,
1647 3496 1739 3567 qui
1770 3494 1868 3552 Se-

246 3598 373 3656 dulii
440 3599 689 3655 carmina
735 3598 1014 3668 vulgavit,
1054 3597 1399 3652 consulatum
1440 3593 1679 3665 gessisse
1724 3602 1867 3645 anno

247 3691 373 3755 449,
439 3701 641 3761 urgent
688 3691 934 3747 rationes
977 3704 1042 3745 ex
1090 3687 1420 3753 Sirntondo,
1469 3694 1524 3741 et
1569 3681 1867 3740 Artuzenio

249 3801 407 3843 num.
438 3785 546 3842 Hi
574 3801 696 3856 seq.
729 3784 978 3855 prolatae.
1006 3782 1202 3838 Earum
1239 3780 1344 3836 vim
1369 3778 1540 3834 sensit
1560 3777 1724 3833 etiam
1753 3773 1865 3829 No-

248 3870 455 3942 ri~iits,
488 3877 584 3948 qui
608 3883 901 3947 propterea
926 3872 1209 3943 probabile
1231 3885 1353 3927 esse
1384 3870 1552 3937 dicit,
1583 3866 1864 3925 Sedulium

249 3970 401 4027 circa
430 3985 635 4026 annum
661 3966 801 4033 494,
828 3968 941 4040 80
964 3968 1047 4022 vel
1083 3965 1268 4032 paucis
1294 3969 1423 4020 ante
1460 3961 1620 4018 anuis
1645 3971 1698 4017 et
1727 3959 1865 4016 scri-

249 4062 421 4120 bendi
443 4104 460 4132 ,
486 4071 544 4120 et
565 4062 787 4121 vivendi
820 4061 981 4117 litium
1011 4060 1230 4116 fecisse.
1262 4057 1418 4127 Quod
1443 4057 1591 4114 enim
1610 4055 1862 4113 Sirmon-

249 4158 353 4215 dus
408 4158 519 4224 ait,
566 4157 622 4213 in
674 4156 905 4221 intepris
953 4153 1218 4212 Gennadii
1260 4149 1672 4221 exemplaribus
1727 4162 1858 4204 mss.

251 4251 356 4323 legi
385 4294 400 4317 ,
430 4250 717 4308 Sedulium
742 4248 1053 4305 Theodosio
1072 4247 1290 4319 juniore
1312 4247 1419 4301 vita
1438 4244 1778 4308 defunctum,
1808 4240 1861 4297 id

250 4341 506 4401 Norisius
534 4353 728 4399 censet
769 4356 876 4396 non
918 4355 1095 4397 essea
1121 4337 1391 4395 Genuadii
1437 4350 1633 4401 manu,
1666 4331 1764 4389 sed
1795 4331 1862 4385 ah

251 4438 433 4495 aliena
477 4435 765 4502 additum,
805 4447 865 4492 ut
906 4432 1167 4489 nonnulla
1200 4432 1316 4489 alia
1356 4429 1537 4499 capita
1576 4426 1861 4487 Gennadio

250 4535 469 4607 adjecta
494 4548 619 4590 esse
642 4531 799 4588 dicit.
823 4530 1022 4586 Verum
1045 4537 1264 4585 mtatem
1289 4524 1496 4583 Sedulii
1518 4521 1725 4579 tamdiu
1753 4519 1860 4578 dif-

1970 3284 2270 3354 epistolas,
2327 3290 2384 3340 et
2422 3292 2548 3355 post
2593 3282 2855 3355 epistolas
2899 3282 2959 3341 S.
2997 3281 3245 3354 Gregorii
3292 3282 3469 3357 Magni
3514 3284 3583 3340 ad

1972 3378 2030 3436 S.
2073 3378 2387 3437 Leandrum
2419 3378 2797 3445 llispalensem
2826 3378 3128 3435 antistitem
3167 3385 3389 3437 notatur
3422 3395 3433 3434 :
3477 3374 3584 3433 De—

1968 3484 2109 3530 creta
2140 3472 2393 3529 Romana:
2416 3472 2553 3528 sedis
2589 3472 2653 3528 dc
2677 3471 2989 3545 recipiendis
3008 3512 3023 3539 ,
3054 3482 3226 3529 etnon
3246 3470 3575 3544 recipiendis.

1967 3568 2117 3626 Nihil
2154 3567 2305 3624 aliud
2345 3566 2587 3636 additur,
2636 3580 2815 3639 neque
2861 3564 2979 3622 haec
3010 3564 3231 3624 decreta
3263 3566 3318 3620 in
3347 3580 3579 3636 corpore

1969 3661 2173 3718 inserta
2201 3668 2330 3718 sunt
2357 3677 2372 3715 :
2419 3659 2516 3718 sed
2540 3658 2814 3716 indicatur
2837 3668 2990 3717 certe
3015 3658 3296 3716 decretum
3336 3658 3404 3715 de
3441 3659 3581 3715 reci-

1966 3754 2211 3825 piendis,
2242 3762 2299 3810 et
2343 3769 2452 3809 non
2478 3752 2808 3823 recipiendis
2833 3750 2989 3809 libris
3009 3793 3026 3821 ,
3059 3751 3203 3824 quod
3244 3751 3298 3807 in
3331 3750 3417 3807 bis
3447 3746 3574 3807 Col-

1969 3847 2299 3906 lectionibus
2341 3835 2583 3919 antiquis
2619 3844 2933 3918 Hispanicis
2979 3846 3228 3901 ultimum
3269 3853 3389 3903 erat
3433 3844 3579 3903 inter

1966 3939 2273 3997 decretales
2308 3940 2570 4011 epiStolas
2602 3938 2973 3994 Romanorum
3010 3936 3327 4007 pontificum
3348 3977 3364 4003 ,
3392 3947 3454 3995 ut
3479 3953 3578 4006 ap-

1966 4041 2121 4105 paret
2149 4048 2257 4089 non
2287 4031 2463 4087 solum
2497 4031 2550 4086 in
2583 4029 2764 4087 iudice
2790 4030 2953 4101 hujus
2979 4030 3326 4087 collectioois
3350 4069 3367 4099 ,
3394 4031 3491 4089 sed
3517 4034 3571 4088 in

1963 4124 2145 4183 indice
2192 4123 2354 4182 etiam
2404 4123 2641 4180 aliarum
2682 4123 3080 4181 Collectionum
3120 4122 3471 4193 uberiorum,
3517 4125 3570 4182 in

1966 4223 2163 4296 quibus
2191 4230 2351 4276 vetus
2380 4219 2541 4277 index
2584 4224 2831 4273 retentus
2852 4225 2959 4275 est.
2996 4215 3406 4275 Contemnenda
3449 4233 3576 4290 pro-

1966 4326 2151 4387 pterea
2184 4324 2266 4373 est
2296 4309 2661 4387 quorumdam
2690 4309 3074 4368 haereticorum
3106 4309 3315 4383 opinio,
3344 4312 3436 4384 qui
3467 4312 3567 4368 de-

1960 4421 2176 4468 cretum
2222 4409 2291 4467 de
2333 4406 2488 4465 libris
2532 4404 2864 4479 apocrypbis
2902 4402 3199 4465 conﬁctam
3247 4414 3472 4480 putant,
3515 4417 3573 4467 et

1966 4505 2242 4565 mercibus
2271 4502 2471 4560 lsidori
2495 4499 2820 4558 Mercatoris
2847 4508 3236 4559 annumerant.
3269 4498 3441 4557 immo
3478 4514 3571 4557 ca-

253 4584 469 4607 ,_,--__
502 4584 615 4590 _--
848 4584 917 4586 ν-.
974 4584 977 4585 ν

248 4628 383 4686 ferri
437 4643 549 4685 non
580 4641 745 4699 posse
768 4665 783 4692 ,
826 4641 896 4701 ex
922 4623 1109 4681 multis
1147 4620 1428 4679 codicibus
1469 4632 1600 4674 mss.
1632 4615 1858 4672 demon-

1972 4617 2073 4657 non
2118 4613 2398 4659 sacrarum
2449 4596 2890 4667 Scripturarum,
2943 4593 3039 4666 qui
3079 4607 3180 4655 eos
3223 4594 3563 4666 potissimum

251 4725 555 4782 stravimus
584 4737 737 4779 nunt.
768 4721 840 4779 25
866 4735 986 4791 seq.

327 4816 455 4874 £50.
482 4814 651 4871 Aliud
675 4820 1059 4885 argumentum
1088 4825 1157 4867 ex
1185 4808 1410 4864 decreto
1448 4803 1657 4863 Gelasii
1692 4801 1763 4861 de
1786 4801 1857 4859 ii-

253 4910 366 4968 bris
392 4907 752 4981 recipiendis,
786 4908 872 4964 vel
899 4923 1008 4965 non
1041 4904 1372 4975 recipiendis
1400 4901 1627 4971 petitum
1661 4898 1731 4953 ita
1762 4911 1858 4953 ex-

253 5006 462 5075 plicant
490 5003 754 5061 Ueserius
778 5044 796 5068 ,
822 5000 1175 5066 Pearsonius,
1208 4996 1457 5055 Norisius
1476 5040 1491 5064 ,
1534 5003 1593 5050 et
1625 4989 1814 5061 Pagius
1834 5026 1855 5058 ,

251 5107 312 5155 ut
334 5106 575 5169 negent,
606 5095 875 5166 ejusmodi
914 5093 1196 5151 decretum
1228 5090 1498 5162 prodiisse
1535 5084 1771 5151 Asteria,
1804 5090 1860 5139 et

251 5190 519 5249 Praesidio
550 5189 868 5247 mnsuiibus
887 5228 903 5255 ,
934 5188 1051 5244 sive
1095 5201 1236 5243 anno
1267 5182 1407 5252 494,
1438 5193 1497 5238 ut
1536 5179 1764 5251 prmlert
1794 5175 1861 5233 ti-

254 5286 401 5343 tutus
432 5286 487 5341 itt
517 5283 847 5341 collection
874 5280 1265 5340 Conciliorum.
1300 5278 1511 5344 Variae,
1551 5290 1616 5330 ac
1652 5273 1861 5329 discre-

253 5386 453 5448 pantes
482 5377 632 5434 inter
653 5391 714 5432 se
738 5384 864 5432 sunt
888 5375 1176 5432 doctorum
1207 5375 1451 5428 virorum
1476 5368 1770 5438 opiniones
1790 5365 1861 5421 de

254 5469 598 5544 ejusccmodi
623 5468 866 5527 dcerem.
894 5467 950 5523 ln
981 5467 1309 5524 collectione
1332 5464 1696 5522 Conciliorum
1720 5459 1857 5515 lab-

250 5564 339 5623 bei
384 5575 531 5622 tum.
570 5562 668 5628 Ν,
698 5562 806 5618 col.
844 5560 1000 5628 1260,
1035 5562 1150 5617 luce
1180 5568 1268 5618 est
1292 5556 1581 5627 inscriptio
1616 5571 1630 5609 :
1675 5552 1863 5609 Consi»

254 5660 382 5716 lium
416 5660 713 5715 Romanum
738 5657 998 5729 primum,
1029 5671 1131 5725 quo
1152 5671 1187 5712 tt
1216 5670 1323 5710 ιιι
1346 5651 1602 5725 episcOpis
1624 5648 1749 5704 libri
1776 5664 1863 5703 sa-

248 5755 327 5809 cri
342 5796 358 5821 ,
387 5763 436 5809 et
466 5750 844 5806 authentich
868 5748 1181 5822 apocrypln's
1205 5758 1325 5803 sunt
1352 5745 1565 5802 discreti
1589 5784 1601 5809 ,
1633 5743 1729 5799 sub
1760 5739 1864 5797 Ge-

246 5848 382 5906 lasio
412 5862 559 5903 am
594 5842 805 5901 Domini
828 5841 960 5912 494,
982 5842 1187 5900 Asteria
1205 5850 1359 5914 atque
1390 5838 1650 5897 Preciano
1677 5852 1862 5892 consu-

1963 4710 2158 4769 vexat,
2192 4700 2292 4756 sub
2332 4697 2566 4755 Damaso
2594 4692 2881 4755 confectus
2923 4691 3053 4758 fuit,
3087 4700 3146 4751 ut
3171 4690 3324 4763 dixi,
3362 4708 3433 4751 ex
3458 4706 3567 4764 quo

1961 4793 2243 4860 Gclasius,
2274 4790 2395 4849 sive
2422 4789 2565 4848 alius
2588 4786 2834 4859 pontifex
2858 4784 3087 4858 primam
3118 4794 3330 4856 partem
3353 4785 3568 4847 Decrcti

1961 4891 2032 4949 de
2072 4891 2227 4948 libris
2258 4884 2625 4960 apocryphis,
2668 4885 2785 4940 sive
2828 4880 2903 4941 de
2943 4880 3094 4937 libris
3133 4881 3468 4949 recipiendis
3514 4890 3571 4936 et

1960 5000 2072 5042 non
2102 4980 2435 5053 recipiendis
2460 4974 2834 5035 concinnavit.
2865 4973 2981 5044 Qua
3008 4972 3063 5031 in
3091 4973 3462 5031 controversia
3485 4971 3570 5028 di-

1962 5075 2327 5148 ligentissime
2383 5081 2632 5129 versatur
2683 5070 2755 5124 cl.
2811 5066 3107 5125 Zacharias
3156 5066 3207 5123 in
3258 5080 3424 5135 opere
3466 5080 3570 5123 suo

1962 5173 2172 5244 optimo
2197 5170 2267 5229 de
2289 5167 2669 5227 Prohibitione
2696 5163 2966 5223 librorum
2997 5162 3064 5221 ad
3092 5179 3187 5221 an.
3219 5162 3324 5221 579
3353 5169 3409 5218 et
3434 5160 3562 5223 496.

2036 5264 2165 5322 ibi.
2204 5262 2361 5335 Pagii
2405 5260 2752 5329 aliorumque
2797 5255 3072 5317 sententia
3116 5262 3231 5322 est,
3277 5253 3562 5315 decretum

1966 5358 2246 5417 Gelasium
2278 5355 2539 5411 habuisse
2567 5359 2848 5410 auctorem
2883 5367 2896 5404 :
2928 5347 3026 5406 sed
3056 5348 3129 5405 ita
3156 5353 3219 5404 ut
3238 5345 3567 5407 ﬂortoisdas

1968 5453 2135 5512 latius
2184 5447 2523 5521 promulgari
2569 5444 2866 5505 curaverit.
2914 5440 3291 5511 Luitprandus
3336 5440 3395 5497 in
3431 5440 3567 5501 Vitis

1968 5541 2295 5602 Pontiﬁcum
2326 5555 2448 5610 cap.
2479 5539 2569 5606 5t,
2600 5535 2670 5595 de
2695 5533 2920 5592 Gelasio
2944 5531 3176 5602 ejusque
3206 5531 3453 5596 decreto,
3489 5533 3571 5590 sic

1966 5640 2049 5697 ait
2088 5656 2100 5692 :
2140 5636 2275 5695 Item
2304 5632 2477 5691 Orosit'
2508 5630 2784 5687 historiam
2809 5626 3014 5693 laudat,
3042 5636 3091 5681 et
3120 5642 3253 5697 opus
3281 5624 3492 5685 Sedulii
3521 5640 3571 5685 ει

1916 5754 1921 5760 ·
1968 5733 2209 5789 thcuci.
2252 5728 2519 5787 Nicolatls
2546 5724 2568 5782 Ι
2598 5720 2841 5795 pontifex
2862 5763 2879 5789 ,
2926 5720 3119 5791 Lupus
3157 5719 3343 5779 Abbas
3374 5719 3571 5779 Ferra-

1971 5826 2191 5897 riensis,
2221 5823 2498 5885 Homullus
2516 5816 2909 5907 monasticis.
2936 5815 3181 5878 [licuerit
3215 5816 3268 5875 in
3293 5814 3570 5876 Chronico
