4060 6320
476 276 583 338 495

1799 271 2088 333 C(ELIUS
2125 270 2483 331 SEDULIUS.

3673 273 3782 334 496

475 395 796 454 Centulcnsi
824 394 1033 452 saeculo
1067 407 1122 449 ιι
1147 391 1296 465 apud
1338 389 1743 459 Duchesnium,
1771 391 2070 451 Gratianus
2106 394 2164 460 Α
2190 403 2408 451 aetatem
2448 390 2636 450 Caroli
2667 391 2824 450 Calvi
2869 406 2980 450 non
3021 406 3304 466 superare.
3350 394 3651 453 Character
3682 397 3789 453 De-

475 489 831 547 Burchardus
857 488 1317 556 Wormatiensis,
1364 488 1525 545 multi
1570 488 1788 544 codices
1835 504 1993 557 mss.,
2027 498 2082 545 et

480 601 674 643 omnes
701 586 957 657 impressi
977 584 1258 641 Gelasium
1290 583 1499 641 decreti
1525 594 1805 641 auctorem
1833 584 2079 640 laudant.

482 679 543 736 In
580 678 862 735 Chronico
902 678 1313 735 Fontanellensi
1347 687 1479 733 tom.
1502 676 1589 734 'lll
1615 677 1810 749 Spicil.
1844 677 2080 734 Dacber.

477 790 535 846 p.
585 774 716 844 240,
764 774 912 831 inter
951 773 1177 831 codices
1230 774 1487 832 ccenobio
1532 771 1932 830 Flaviniacensi
1981 772 2083 827 sub

480 869 761 926 Ludovico
791 869 891 925 Pio
921 870 988 926 ab
1017 868 1287 941 Angesiso
1330 868 1527 924 abbate
1578 867 1842 935 donatos,
1892 883 2087 923 recen-

480 969 673 1018 sentur
725 961 948 1019 Decreta
980 961 1176 1017 Gelasii
1202 978 1355 1035 papa:
1402 961 1466 1017 de
1493 961 1639 1017 libris
1682 961 1994 1035 recipiendis
2040 967 2088 1014 et

482 1074 588 1113 non
613 1058 947 1127 recipiendis.
981 1057 1316 1113 Pearsonius
1359 1055 1609 1112 codicem
1643 1055 2084 1128 antiquissimum

483 1167 515 1207 a
548 1151 883 1208 Lantt‘ranco
930 1167 1001 1208 ex
1044 1151 1308 1208 Beccensi
1350 1152 1688 1208 monasterio
1739 1151 1791 1206 in
1835 1149 2087 1221 Angliam

484 1244 727 1301 delatum
754 1246 866 1317 82
898 1246 1054 1316 legit,
1087 1246 1139 1300 in
1172 1260 1282 1317 quo
1311 1243 1400 1300 hic
1430 1252 1549 1300 erat
1579 1245 1766 1301 titulus
1804 1261 1817 1299 :
1869 1243 2091 1299 Decreta

486 1335 686 1393 Gelasii
714 1353 867 1410 papae
892 1337 958 1392 de
983 1337 1316 1408 recipiendis,
1347 1347 1394 1391 et
1423 1354 1528 1393 non
1572 1336 1884 1410 recipiendis
1923 1335 2089 1403 libris,

487 1444 605 1501 qua:
633 1430 828 1499 scripta
853 1439 975 1484 sunt
1007 1429 1071 1484 ab
1107 1445 1165 1484 eo
1197 1446 1314 1484 cum
1346 1445 1453 1485 Lxx
1486 1430 1852 1485 eruditissimis
1893 1430 2095 1502 episco-

488 1523 592 1596 pis.
639 1523 779 1578 Huic
807 1524 1028 1579 omnino
1056 1533 1331 1579 consonat
1373 1525 1547 1579 codex
1577 1523 1797 1580 Justelli
1824 1524 1881 1578 in
1922 1524 2095 1580 colle-

488 1617 676 1673 ctione
724 1617 1011 1673 Labbeana
1062 1615 1439 1674 Conciliorum
1493 1615 1561 1671 ad
1619 1632 1792 1688 marg.
1852 1615 2092 1672 Decreti.

489 1709 741 1766 Similem
794 1709 1215 1780 inscriptionem
1263 1709 1449 1765 inveni
1497 1724 1598 1780 ego
1625 1707 1680 1764 in
1721 1708 1916 1765 codice
1948 1708 2097 1764 Vati-

2185 487 2321 544 creti
2350 484 2629 544 Gelasiani
2654 488 2935 544 recentior
2954 486 3173 544 videtur
3197 488 3520 547 charactere
3548 490 3788 546 missalis

2184 581 2381 637 litteris
2412 579 2729 650 maiusculis
2772 580 3022 649 exarati,
3065 589 3124 638 et
3160 596 3190 636 a
3236 581 3541 639 Blanchino
3586 582 3788 639 dicitur

2185 677 2466 748 pertinere
2497 677 2563 730 ad
2592 677 2855 733 saculum
2903 694 2956 733 ιι
3008 676 3248 735 circiter.
3297 679 3429 735 Mihi
3458 687 3608 736 totus
3648 681 3792 737 liber

2186 772 2406 827 videtur
2450 771 2688 842 scriptus
2736 772 2941 829 sacculo
2967 788 3001 827 x
3030 780 3124 828 aut
3161 788 3240 841 ιι,
3270 787 3395 829 cum
3421 772 3623 830 divites
3649 788 3791 830 non-

2188 864 2327 919 nulli
2358 864 2583 921 abbatcs
2611 864 2833 921 codices
2866 866 3173 937 praesertim
3204 880 3394 923 sacros
3421 866 3636 938 magnis
3684 868 3793 922 im-

2188 958 2397 1029 pensis,
2430 966 2487 1014 ct
2515 957 2644 1013 luxu
2674 959 2740 1014 ad
2776 960 3139 1016 imitationem
3171 961 3538 1033 antiquiorum
3572 962 3795 1018 exarari

2185 1051 2477 1120 jubebant.
2517 1051 2766 1124 Denique
2794 1053 3035 1110 Iacobus
3066 1054 3276 1112 Petitus
3313 1055 3368 1111 in
3416 1065 3534 1113 not.
3571 1056 3645 1112 ad
3675 1057 3797 1114 Ρωο

2192 1147 2469 1204 nitentia].
2517 1148 2795 1205 Theodori
2842 1150 3260 1207 Cantuarieusis
3301 1150 3601 1219 observat,
3653 1150 3794 1207 idem

2192 1240 2474 1298 decretum
2507 1242 2727 1299 Gelasio
2756 1244 3025 1315 assignari
3058 1260 3087 1300 a
3116 1243 3440 1317 Theodoro,
3476 1257 3536 1304 et
3584 1248 3639 1304 in
3672 1247 3795 1304 aliis

2193 1350 2327 1392 mss.
2358 1336 2664 1406 codicibus,
2698 1353 2839 1409 quos
2864 1350 3169 1396 enumerat.
3518 1417 3533 1423 λ
3568 1416 3624 1423 _
3728 1412 3763 1423 η,

2269 1431 2394 1488 iss.
2439 1432 2757 1489 Statuamus
2807 1434 2995 1506 igitur,
3039 1450 3067 1489 a
3099 1422 3339 1494 Gelasio.
3366 1416 3798 1495 editumwluisse

2194 1524 2478 1582 decretum
2523 1526 2592 1583 de
2638 1526 2798 1583 libris
2841 1528 3172 1599 recipiendis
3202 1539 3258 1587 et
3282 1546 3393 1589 non
3424 1532 3795 1603 recipiendis;

2195 1632 2260 1674 ac
2288 1618 2691 1685 difficultatem,
2727 1635 2851 1691 qua:
2880 1635 2947 1677 ex
2973 1621 3159 1679 verbis
3187 1623 3308 1693 ejus
3334 1623 3407 1680 de
3432 1624 3664 1682 Sedulio
3690 1627 3801 1682 ori-

2199 1721 2307 1781 tur,
2341 1714 2450 1769 alio
2495 1715 2659 1770 modo
2681 1757 2696 1783 ,
2730 1715 2776 1770 si
2809 1714 2930 1771 fieri
2956 1716 3168 1787 possit,
3196 1719 3566 1789 explicemus.
3601 1719 3660 1775 In
3689 1720 3802 1777 col-

488 1817 630 1860 cano
657 1802 825 1870 5791,
854 1802 908 1857 in
935 1801 1033 1857 fol.
1058 1817 1229 1872 parvo
1253 1802 1562 1859 membran.
1585 1803 1773 1858 saeculi
1796 1818 1829 1857 x
1849 1801 2092 1858 circiter.
2125 1797 2175 1859 B
2202 1808 2440 1866 lectione
2468 1809 2761 1866 Labbeana
2789 1810 3172 1868 conciliorum
3197 1813 3279 1869 sic
3317 1813 3601 1871 decretum
3638 1814 3805 1873 habet

489 1895 711 1952 Initium
755 1894 962 1951 codicis
992 1902 1079 1951 est
1111 1913 1123 1949 :
1158 1892 1293 1949 Item
1317 1895 1576 1964 incipiunt
1604 1896 1835 1968 capitula
1859 1894 2092 1950 decreta-

488 1990 619 2043 lium
671 1988 1088 2057 Apostolicorum
1127 1998 1322 2044 sanctis
1364 1988 1616 2044 Romana:
1656 1990 1791 2044 sedis
1827 1988 2093 2045 Ecclesia’.

490 2082 623 2138 Post
671 2080 875 2136 Felicis
924 2080 1221 2153 epistolam
1271 2080 1339 2136 ad
1379 2080 1659 2138 Zenonem
1708 2081 2094 2153 Hispalensem

490 2174 815 2246 episcopum
845 2174 1051 2245 legitur
1094 2193 1107 2228 :
1152 2172 1221 2229 In
1265 2173 1459 2229 Christi
1486 2175 1695 2229 nomine
1720 2175 1979 2246 incipiunt
2003 2174 2098 2230 de-

491 2276 635 2322 creta
656 2266 720 2322 de
739 2266 1053 2339 recipiendis
1078 2275 1126 2320 et
1157 2282 1262 2321 non
1292 2265 1602 2336 recipiendis
1633 2265 1799 2333 libris,
1832 2282 1948 2338 qua:
1966 2266 2099 2321 scri-

492 2370 586 2433 pta
614 2362 738 2415 sunt
772 2377 803 2415 a
837 2357 1050 2415 Gelasio
1089 2377 1228 2433 papa
1268 2376 1386 2415 cum
1412 2375 1522 2415 Lxx
1566 2360 1939 2415 eruditissimis
1971 2360 2099 2415 viris

492 2455 751 2527 episcopis
777 2454 833 2509 in
862 2454 982 2510 sede
1006 2453 1298 2527 apostolica
1338 2454 1479 2509 urbis
1506 2453 1708 2510 Romaz.
1743 2453 1802 2510 In
1832 2454 1942 2509 alio
1969 2452 2096 2512 cod.

489 2545 615 2603 Vat.
664 2546 802 2620 Reg.
851 2546 1018 2617 6018,
1050 2547 1238 2603 saeculi
1269 2545 1496 2603 circiter
1534 2562 1591 2614 ι,
1635 2547 1919 2604 decretum
1952 2546 2100 2603 idem

489 2637 563 2695 ita
607 2639 939 2711 inscriptum
981 2639 1161 2711 reperi
1198 2656 1214 2698 :
1252 2637 1449 2711 Incipit
1478 2639 1875 2710 conﬁrmatione
1902 2638 2103 2694 domini

492 2731 693 2789 Gelasii
724 2750 872 2806 papa:
910 2734 974 2789 de
1014 2733 1158 2788 libris
1185 2735 1370 2798 veteris
1413 2750 1475 2787 ac
1502 2734 1622 2788 nobi
1655 2732 2003 2788 Testamenti:
2032 2730 2101 2787 In

488 2831 750 2904 principio
771 2832 1008 2887 videlicet
1039 2833 1264 2903 quinque
1285 2832 1405 2887 libri
1433 2832 1627 2905 Moysi,
1659 2842 1765 2889 etc.
1798 2832 1917 2888 Alia
1944 2833 2099 2889 simi-

492 2924 564 2978 lia
596 2924 791 2980 menda
822 2933 1149 2981 occurrunt.
1182 2924 1337 2982 Alius
1366 2933 1455 2981 est
1491 2925 1666 2983 codex
1680 2925 2099 2998 Vat.Reg.l99,

491 3014 548 3070 in
578 3031 685 3087 quo
717 3025 839 3087 post
866 3016 1064 3072 librum
1096 3027 1317 3072 auctum
1350 3017 1551 3073 Isidori
1592 3017 1661 3074 de
1692 3017 1843 3075 obitu
1870 3017 2099 3075 Patrum

491 3120 575 3165 est
620 3109 895 3181 quoddam
924 3126 1065 3181 Opus
1113 3125 1447 3183 anonymum
1478 3113 1547 3168 de
1596 3112 1860 3168 numeris.
1897 3114 2103 3169 Auctor

492 3202 786 3259 occasione
835 3202 1035 3259 binarii
1084 3204 1299 3259 numeri
1358 3204 1469 3275 agit
1519 3202 1589 3259 de
1643 3204 1859 3259 duobus
1904 3203 2102 3271 modis,
2133 3199 2178 3266 C
2208 3210 2396 3279 rimus,
2430 3212 2692 3269 secundis
2735 3216 2882 3272 curis
2929 3218 3256 3290 prteferimus

494 3297 692 3369 quibus
738 3305 853 3353 tota
900 3296 1179 3367 scriptura
1229 3296 1589 3368 intelligenda
1630 3306 1755 3365 est,
1805 3307 1863 3353 et
1907 3297 2103 3354 inserit

496 3398 669 3448 totum
719 3391 1010 3448 decretum
1061 3389 1267 3446 Gelasii
1330 3390 1503 3446 libere
1550 3406 1581 3447 a
1634 3405 1695 3447 se
1742 3390 2100 3463 descriptum.

495 3484 795 3542 Prmmitlit
836 3492 1016 3539 autem
1066 3501 1079 3538 :
1128 3482 1275 3538 Ordo
1304 3484 1475 3554 itaque
1505 3484 1797 3539 divinorum
1826 3483 2101 3553 librorum,

493 3598 622 3649 quos
654 3579 891 3634 Ecclesia
914 3577 1175 3633 catholica
1198 3577 1444 3644 scribere,
1476 3580 1665 3652 legere,
1694 3579 1924 3650 recipere
1956 3579 2101 3635 debet

495 3673 780 3730 secundum
808 3671 1143 3726 traditionem
1170 3682 1471 3727 sanctorum
1492 3674 1743 3743 virorum,
1773 3682 1820 3729 et
1851 3672 2104 3729 orthodo-

496 3781 685 3820 a'orum
712 3762 960 3831 Patrum,
992 3762 1089 3818 hoc
1117 3770 1214 3832 est,
1246 3761 1445 3819 Gelasii
1467 3781 1620 3836 papa:
1646 3782 1761 3821 cum
1785 3781 1890 3821 Lxx
1916 3766 2108 3838 episco-

497 3858 580 3930 pis
604 3856 968 3913 eruditissimis
996 3856 1121 3910 viris
1155 3856 1211 3910 in
1238 3856 1360 3912 sede
1388 3859 1675 3931 apostolica
1714 3859 1857 3915 urbis
1900 3859 2102 3931 Romae,

497 3962 545 4005 et
575 3949 860 4006 secundum
882 3949 1213 4004 traditionem
1241 3949 1303 4006 S.
1334 3950 1606 4007 Athanasii
1632 3954 1860 4026 episcOpi
1878 3954 2106 4011 Alexan-

499 4045 629 4100 drite
668 4044 907 4099 civitatis.
943 4042 1224 4099 Laudatur
1251 4060 1469 4117 quoque
1496 4045 1766 4104 Decretale
1804 4046 2002 4104 Gelasii
2043 4050 2106 4105 de

500 4137 652 4193 libris
684 4137 1019 4207 recipiendis,
1054 4146 1190 4207 etc.,
1223 4137 1384 4196 initio
1413 4139 1619 4197 codicis
1649 4140 1773 4197 Vat.
1802 4141 1942 4214 Reg.
1972 4142 2104 4199 551.

497 4230 707 4307 Ioseph
734 4231 1066 4288 Blanchinus
1096 4232 1149 4288 in
1177 4232 1398 4302 Proleg.
1426 4233 1495 4290 ad
1523 4245 1561 4292 t.
1594 4233 1664 4290 IV
1692 4238 1882 4291 Anast.
1912 4251 2102 4307 opusc.

499 4326 555 4393 5,
607 4341 675 4381 ex
705 4325 1087 4396 antiquissimo
1117 4324 1308 4383 codice
1344 4324 1669 4383 Florentino
1716 4327 1930 4383 titulum
1972 4344 2104 4400 pro-

495 4418 606 4475 fort
650 4436 662 4474 :
712 4417 908 4490 Incipit
949 4418 1214 4474 decretum
1261 4420 1325 4474 de
1367 4419 1683 4490 recipiendis
1714 4431 1763 4475 et
1797 4420 2106 4494 abjiciendis

500 4512 665 4583 libris,
698 4512 837 4585 quod
856 4511 1106 4585 scriptum
1133 4520 1205 4567 est
1233 4530 1265 4567 a
1292 4508 1502 4567 Gelasio
1535 4528 1675 4583 papa
1702 4529 1817 4568 cum
1845 4529 1955 4569 Lxx
1989 4530 2107 4569 eru-

2200 1900 2269 1958 dc
2312 1901 2539 1958 Sedulio
2587 1919 2601 1957 :
2650 1901 2785 1959 Item
2816 1904 3125 1959 venerabilis
3166 1906 3265 1959 viri
3294 1905 3502 1963 Sedulii
3545 1905 3805 1965 Paschale

2203 1995 2371 2068 Opus,
2403 1997 2541 2067 quod
2576 1994 2802 2053 heroicis
2828 1998 3105 2069 descripsit
3131 1999 3381 2068 versibus,
3424 2001 3622 2074 insigni
3649 2002 3806 2058 laude

2199 2092 2549 2163 prwferimus.
2592 2091 2685 2148 Sic
2727 2094 2892 2149 etiam
2944 2093 3241 2151 Gratianus
3288 2096 3543 2153 distinct.
3580 2098 3675 2165 15,
3707 2098 3801 2155 sed
3860 2088 3871 2105 ’

2201 2186 2516 2258 proferimus
2556 2202 2656 2258 pro
2700 2189 3029 2269 prteferimus
3067 2204 3085 2243 :
3130 2205 3230 2260 pro
3261 2189 3485 2249 diversa
3531 2194 3802 2265 scriptura

2202 2287 2426 2335 notatur
2474 2282 2807 2353 preferimus.
2855 2281 3043 2339 Codex
3082 2282 3435 2341 Florentinus
3464 2287 3609 2357 apud
3642 2285 3803 2342 Blan-

2201 2372 2424 2429 chinum
2450 2419 2464 2442 ,
2500 2383 2557 2432 et
2585 2374 2838 2432 Jurensis
2884 2376 3027 2447 apud
3058 2374 3394 2434 Cltiflletium
3434 2379 3804 2453 praeferimus:

2203 2466 2499 2526 Vaticanus
2546 2485 2701 2525 num.
2733 2468 2867 2527 1541
2902 2469 3009 2527 hoc
3053 2472 3258 2543 ipsum,
3286 2475 3537 2545 quamvis
3570 2475 3627 2530 in
3660 2489 3805 2531 com-

2203 2560 2406 2631 pendio
2436 2562 2770 2630 litterarum,
2800 2563 2946 2634 quod
2975 2562 3136 2621 facile
3161 2566 3231 2621 ab
3253 2566 3491 2623 incautis
3518 2566 3663 2623 trahi
3686 2583 3806 2639 pos-

2202 2654 2276 2711 sit
2318 2654 2386 2710 ad
2427 2656 2767 2727 proferimus.
2796 2655 2984 2714 Codex
3014 2656 3136 2715 Vat.
3170 2658 3308 2732 Reg.
3341 2659 3485 2716 6018
3510 2660 3667 2719 clare
3693 2679 3806 2734 pre-

2205 2747 2444 2818 ferimus.
2496 2748 2706 2804 Auctor
2748 2748 2935 2820 operis
2979 2749 3049 2806 de
3082 2749 3339 2809 Numeris
3389 2753 3445 2809 in
3488 2752 3629 2811 Cod.
3681 2754 3800 2810 Vat.

2204 2840 2341 2912 Reg.
2392 2840 2494 2897 I99
2526 2843 2715 2913 paucis
2745 2843 3050 2900 immutatis
3075 2861 3088 2899 :
3114 2842 3250 2901 Item
3275 2848 3561 2903 venerandi
3588 2849 3687 2904 viri
3713 2849 3806 2906 Se—

2205 2931 2341 2987 dulii
2374 2934 2605 3008 episcopi
2636 2933 2892 2991 Paschalc
2924 2936 3088 3010 Opus,
3121 2955 3271 3009 quem
3301 2940 3444 3013 (lege
3467 2942 3634 3015 quod)
3667 2944 3804 2999 theo-

2204 3026 2327 3080 ricis
2374 3027 2604 3083 versibus
2651 3027 2954 3101 descripsit,
3004 3032 3201 3105 insigni
3250 3033 3406 3089 laude
3457 3037 3800 3108 praeferimus.

2206 3117 2387 3175 Codex
2426 3119 2602 3176 Vatic.
2633 3119 2804 3178 Palat.
2835 3125 2979 3194 apud
3003 3124 3366 3183 Blanchinum
3394 3128 3451 3183 iu
3487 3138 3641 3185 textu
3671 3133 3806 3202 rele-

3297 3237 3318 3276 :
3366 3220 3513 3277 idem
3547 3223 3718 3280 codex
3749 3225 3804 3281 in

2209 3310 2363 3360 textu
2410 3305 2650 3378 Sedulii,
2683 3323 2795 3365 sec.
2830 3325 2950 3366 cur.
2981 3312 3227 3384 Sydulii,
3273 3314 3328 3370 in
3370 3323 3524 3372 textu
3572 3317 3801 3387 erroicis,

2207 3411 2323 3453 sec.
2376 3413 2496 3456 cur.
2545 3402 2803 3472 eruditis,
2855 3405 3002 3476 quod
3033 3408 3320 3479 amplexus
3357 3420 3440 3466 est
3471 3410 3803 3469 Blanchinus

2210 3507 2309 3563 pro
2337 3492 2584 3550 heroicis.
2618 3496 2817 3569 Pagius
2858 3509 3141 3572 postrema
3184 3504 3349 3561 verba
3399 3506 3483 3563 sic
3527 3506 3702 3564 refert
3728 3508 3806 3562 in-

2209 3584 2355 3658 signe
2397 3584 2556 3643 laude
2597 3590 2927 3661 prteferimus
2957 3609 2975 3646 :
3005 3602 3170 3666 atque
3197 3597 3270 3652 ita
3300 3612 3493 3656 revera
3520 3600 3725 3672 legitur
3750 3600 3804 3656 in

2209 3677 2401 3736 codice
2428 3679 2602 3737 Vatic.
2635 3683 2796 3752 1511,
2825 3685 2923 3743 sed
2946 3726 2962 3754 ,
3009 3690 3070 3744 ut
3113 3690 3332 3761 opinor,
3379 3691 3574 3750 eodem
3620 3709 3804 3761 sensu,

2210 3788 2320 3830 non
2362 3783 2426 3830 ut
2463 3774 2678 3833 dicatur
2726 3795 2857 3852 Opus
2886 3782 3110 3853 insigne,
3143 3784 3238 3841 sed
3284 3785 3442 3843 laude
3468 3788 3694 3863 insigne,
3721 3789 3805 3845 vel

2210 3869 2426 3943 insigni.
2460 3868 2580 3926 Alia
2607 3871 2979 3946 discrepantia
3009 3887 3093 3933 est
3124 3878 3176 3933 in
3206 3878 3310 3936 hoc
3338 3880 3531 3938 codice
3549 3882 3806 3939 Vaticano

2211 3963 2374 4032 1511,
2389 3964 2722 4038 descripserit
2743 3967 2855 4042 84
2877 3985 2976 4041 pro
3001 3971 3295 4045 descripsit,
3314 3984 3373 4030 ut
3401 3977 3591 4034 caeteri
3617 3993 3805 4035 omnes

2209 4056 2512 4116 exhibent:
2541 4060 2689 4129 quod
2717 4064 3084 4121 omittendum
3121 4081 3153 4122 a
3186 4067 3349 4124 nobis
3380 4084 3491 4127 non
3519 4069 3658 4139 fuit;
3686 4087 3804 4128 nam

2211 4149 2340 4207 inde
2367 4150 2608 4209 fortasse
2643 4154 2859 4212 diversa
2904 4160 3156 4229 quaedam
3185 4160 3395 4218 decreti
3424 4162 3806 4236 interpretatio

2211 4244 2331 4301 erui
2360 4247 2588 4316 poterit,
2618 4257 2678 4304 ut
2700 4266 2845 4308 nunc
2870 4254 3074 4310 dicam.

2286 4339 2409 4396 155.
2453 4341 2909 4403 Animadversum
2933 4349 3047 4421 jam
3078 4348 3184 4406 fuit
3209 4367 3361 4408 num.
3393 4353 3486 4423 34,
3517 4331 3804 4412 Sedulio}

2210 4447 2406 4505 poema
2436 4448 2593 4493 suum
2632 4440 2874 4499 voluisse
2902 4445 3089 4501 vocari
3114 4443 3336 4504 Carmen
3365 4446 3651 4521 Paschale,
3686 4466 3809 4523 pro-

2210 4540 2327 4619 sam
2353 4532 2644 4598 vero,sivc
2667 4533 3177 4607 interpretationem
3207 4551 3401 4611 postea
3428 4542 3638 4599 editam
3667 4543 3805 4619 Opus

501 4605 768 4660 ditissimis
787 4604 911 4659 viris
934 4604 1188 4676 episcopis
1208 4604 1264 4658 in
1296 4604 1416 4658 sede
1435 4606 1741 4676 apostolica,
1765 4606 1893 4661 urbe
1908 4605 2098 4664 Roma.

2209 4618 2489 4679 Paschale.
2519 4625 2745 4686 Juretus
2764 4671 2780 4698 ,
2813 4604 2916 4703 qui
2948 4633 3159 4704 primus
3185 4604 3428 4693 omnium
3458 4652 3682 4710 prosam
3713 4604 3809 4696 Se-

501 4696 586 4753 Ex
611 4696 803 4753 codice
829 4710 963 4752 vero
984 4695 1250 4752 Vaticano
1278 4696 1529 4752 Palatino
1560 4713 1616 4752 n.
1643 4696 1772 4765 495,
1790 4697 1884 4755 fol.
1919 4700 2046 4768 101,
2076 4715 2108 4757 a

497 4792 656 4848 Iusto
682 4790 995 4848 Fontanino
1039 4789 1169 4846 olim
1192 4831 1207 4857 ,
1255 4799 1309 4846 et
1337 4800 1528 4861 postea
1553 4791 1622 4848 ab
1653 4791 1773 4862 ipso
1803 4793 2105 4867 Blanchino

493 4887 815 4960 diligentius
841 4885 1047 4942 collato
1073 4902 1087 4937 :
1115 4883 1317 4954 Incipit
1347 4885 1652 4940 decretalem
1684 4885 1704 4958 (
1734 4885 1813 4942 sic
1842 4888 2106 4947 mendose

489 4999 594 5055 pro
624 4979 916 5051 decretalc)
949 4978 1116 5033 sancti
1144 4974 1345 5032 Gelasii
1391 4994 1543 5048 papa:
1593 4979 1734 5035 urbis
1762 4980 1964 5039 Romae.
1997 4982 2109 5040 Va-

495 5077 607 5132 rias
639 5074 905 5130 lectiones
935 5085 1004 5124 ex
1032 5068 1118 5124 his
1151 5068 1361 5125 duobus
1387 5068 1691 5137 codicibus,
1727 5081 1784 5128 et
1811 5088 1880 5129 ex
1910 5075 2106 5133 codice

494 5165 716 5225 Jureusi
760 5159 1056 5224 Chifﬂetii,
1101 5158 1191 5230 qui
1245 5172 1397 5230 saepe
1425 5157 1683 5217 Furensis
1721 5178 1913 5221 errore
1942 5175 2102 5239 typo-

494 5256 781 5330 graphico,
812 5261 873 5308 ut
903 5261 1056 5323 puto,
1088 5250 1146 5306 in
1176 5250 1259 5307 eis
1286 5251 1501 5324 Proleg.
1531 5263 1781 5327 vocatur,
1809 5256 2104 5332 diligenter

493 5353 605 5427 83
633 5348 917 5407 annotavit
953 5346 1316 5402 Blanchinus.
1350 5345 1474 5403 Vidi
1501 5364 1604 5420 ego
1640 5350 1807 5409 etiam
1852 5355 2099 5414 codicem

494 5449 621 5506 Vat.
655 5446 833 5503 Palat.
888 5458 1041 5500 num.
1069 5441 1201 5507 495,
1248 5455 1358 5511 quo
1401 5451 1530 5498 ante
1573 5444 1863 5504 Decretum
1895 5449 2102 5508 Gelasii

495 5544 811 5599 continetur
837 5532 1423 5593 MissaleeGallicanum
1465 5548 1609 5592 vetus
1637 5554 1666 5593 a
1694 5539 1831 5597 Ven.
1864 5543 2107 5603 Thoma-

503 5640 586 5693 sio
635 5634 881 5699 dictum,
933 5629 1096 5700 cujus
1165 5626 1548 5697 antiquitatem
1609 5632 1998 5711 Mabillonius,
2054 5651 2110 5699 et

508 5726 843 5784 Thomasins
867 5724 1227 5779 vehementer
1255 5734 1615 5795 exaggerant.
1649 5727 1759 5786 Sed
1797 5731 2025 5791 Lesleus
2052 5736 2108 5793 in
2174 5762 2183 5765 -

517 5823 728 5895 pruriat.
775 5817 843 5875 ad
887 5816 1105 5874 Missale
1153 5813 1446 5874 Gothicum
1496 5836 1645 5879 num.
1704 5824 1813 5882 290
1865 5830 2110 5902 conjicitl

2213 4713 2347 4771 dulii
2398 4718 2663 4790 vulgavit,
2712 4723 3031 4794 expendens
3060 4726 3227 4784 verba
3256 4727 3487 4797 Gelasii,
3522 4732 3618 4802 qui
3667 4730 3805 4806 Opus

2212 4806 2507 4884 Paschale,
2557 4823 2613 4871 et
2654 4830 2846 4874 versus
2896 4818 3182 4889 lteroicos,
3232 4821 3432 4894 quibus
3469 4823 3805 4896 descriptum

2213 4902 2333 4974 luit,
2371 4911 2639 4979 nominat,
2671 4912 2973 4982 concludit,
3004 4913 3179 4971 videri
3206 4915 3486 4973 Gelasium
3515 4927 3807 4989 utrumque

2211 5011 2351 5069 opus
2381 5003 2857 5074 comprehendere
2892 5007 3155 5064 voluisse.
3184 5010 3330 5067 Sane
3368 5012 3677 5083 pr0positio
3706 5011 3807 5069 Ge-

2209 5091 2331 5148 lasii
2378 5095 2776 5166 aliquantulum
2827 5098 3062 5156 obscura
3111 5111 3228 5173 est,
3274 5111 3438 5175 atque
3484 5103 3626 5162 adeo
3658 5106 3808 5162 locus

2206 5187 2538 5257 conjiciendi
2586 5206 2710 5248 esse
2757 5200 2968 5263 potest,
3016 5210 3086 5250 an
3118 5203 3374 5267 oporteat
3421 5197 3611 5268 legere
3664 5198 3807 5269 Opus

2206 5278 2503 5350 Paschale,
2549 5293 2599 5339 et
2625 5286 2767 5357 quod
2809 5286 3034 5342 heroicis
3077 5289 3633 5363 descripsitversibus.
3676 5291 3808 5348 Cum

2208 5385 2394 5433 autem
2444 5379 2498 5433 in
2548 5379 2780 5450 epistola
2809 5382 2875 5438 ad
2920 5382 3298 5441 Macedonium
3330 5388 3615 5457 praemissa
3645 5386 3808 5459 Operi

2210 5468 2487 5539 Paschali,
2520 5474 2635 5530 sive
2664 5490 2866 5546 prosus,
2899 5477 3156 5537 Sedulius
3183 5480 3362 5551 dicat,
3401 5497 3462 5538 se
3491 5482 3638 5540 idem
3674 5498 3807 5556 opus

2210 5572 2374 5619 antea
2404 5580 2569 5622 versu
2600 5567 2927 5641 digessisse,
2958 5572 3211 5631 dubitare
3243 5576 3440 5632 merito
3472 5577 3677 5649 aliquis
3716 5593 3809 5650 po-

2212 5657 2374 5725 terit,
2424 5675 2552 5715 num
2606 5671 2820 5720 retenta
2869 5666 3138 5738 scriptura
3184 5668 3393 5725 codicis
3419 5668 3600 5732 Vatic.
3650 5671 3806 5737 1541,

2214 5750 2356 5820 quod
2377 5751 2600 5809 heroicis
2622 5754 2951 5830 descripserit
2972 5762 3223 5833 uersibus,
3242 5776 3403 5819 mens
3416 5763 3623 5821 Gelasii
3646 5764 3808 5822 fuerit

2219 5839 2443 5903 laudare
2474 5847 2624 5919 Opus
2648 5848 2935 5922 Paschale,
2967 5855 3112 5927 quod
3160 5872 3228 5913 ex
3275 5855 3601 5928 praefatione
3646 5857 3807 5918 intel-
