4060 6320
282 296 384 356 497

280 511 450 582 ipsum
482 527 598 568 non
635 515 860 572 viderit.

346 603 470 660 154.
515 605 638 662 Hoc
687 618 849 678 pacto
884 610 1041 670 facile
1073 616 1214 672 solvi
1247 629 1432 689 posset
1461 621 1777 695 difficultas,
1810 643 1877 684 ex

279 706 555 770 tempore,
612 717 724 772 quo
775 704 1058 763 decretum
1090 709 1294 769 Gelasii
1344 717 1588 786 prodiit,
1629 735 1657 773 a
1689 721 1880 777 multis

277 793 506 862 objecta.
543 796 763 853 Dicitur
807 799 952 856 enim
993 803 1278 862 decretum
1312 809 1540 878 editum,
1576 814 1796 870 Asterio
1823 824 1880 871 et

275 885 543 942 Prtesidio
593 891 916 949 consulibus
961 913 973 948 :
1017 905 1074 951 et
1114 897 1348 955 Turcius
1399 901 1587 959 Rullus
1629 905 1878 963 Asterius

273 978 476 1036 Sedulii
525 997 756 1041 carmen
805 1001 913 1043 non
959 989 1215 1063 collegit,
1266 1005 1320 1049 et
1362 995 1554 1066 edidit,
1606 1000 1710 1055 nisi
1754 1011 1880 1071 post

271 1074 618 1130 consulatum
645 1095 659 1132 :
687 1094 812 1135 nam
840 1083 944 1137 etsi
968 1083 1020 1138 in
1053 1088 1336 1145 nonnullis
1367 1091 1650 1148 codicibus
1676 1093 1878 1150 dicitur

273 1167 482 1221 consule
527 1169 837 1239 ordinario,
890 1175 944 1230 in
994 1176 1274 1247 plerisque
1319 1192 1501 1239 tamen
1552 1201 1876 1256 expressum

272 1269 348 1315 est
383 1264 669 1319 exconsule
701 1265 994 1326 ordinario.
1045 1270 1218 1329 Nemo
1266 1275 1508 1347 dubitat,
1553 1281 1684 1350 quin
1727 1280 1877 1353 Opus

274 1352 578 1425 Paschale,
608 1359 724 1417 sive
755 1377 920 1433 prosa
953 1365 1159 1424 Sedulii
1186 1370 1308 1427 sine
1338 1388 1444 1443 ope
1473 1383 1528 1429 et
1557 1390 1689 1432 cura
1720 1352 1877 1435 Aste—

270 1448 338 1504 rii
382 1449 680 1520 prodierit.
713 1453 902 1513 Potuit
945 1474 1078 1532 ergo
1125 1462 1377 1520 Gelasius
1413 1466 1562 1538 Opus
1608 1469 1875 1528 Paschale

249 1545 694 1625 commendare,
743 1553 996 1621 quamvis
1046 1555 1100 1611 in
1131 1558 1324 1629 vulgus
1372 1561 1580 1617 editum
1630 1564 1872 1621 nondum

264 1636 448 1695 fuisset
497 1640 740 1700 Carmen
787 1645 1075 1706 Paschale.
1123 1651 1490 1711 Nihilominus
1533 1657 1873 1727 probabilius

263 1748 482 1804 censeo,
520 1735 806 1796 Gelasium
837 1743 924 1800 vel
972 1754 1264 1818 utrumque
1319 1765 1477 1820 opus,
1528 1753 1618 1808 vel
1651 1754 1874 1823 potissi-

261 1842 402 1882 mum
430 1828 678 1888 Carmen
707 1833 973 1894 Paschale
1004 1839 1200 1911 insigni
1229 1842 1324 1897 illa
1357 1858 1456 1898 sua
1484 1843 1644 1901 laude
1678 1862 1871 1916 prose-
1901 1839 1950 1902 B

262 1930 438 1977 culum
490 1922 669 1981 fuisse
732 1946 744 1982 :
806 1929 1078 2001 siquidem
1129 1933 1434 1992 Juvcucum
1484 1953 1606 1993 cum
1650 1940 1872 1997 Sedulio

261 2014 600 2088 conjungens
624 2060 640 2086 ,
673 2020 824 2078 illico
854 2023 1104 2082 addidit:
1131 2026 1264 2084 Item
1291 2031 1511 2086 Iuvenci
1532 2033 1869 2092 nihilominus

261 2107 578 2167 laboriosum
614 2130 746 2185 opus
790 2134 894 2173 non
925 2122 1246 2193 spernimus,
1280 2126 1370 2180 sed
1401 2125 1653 2180 miramur
1695 2146 1716 2184 :
1764 2145 1870 2200 quo

260 2200 450 2273 innuit,
481 2204 718 2264 Juvenci
748 2226 974 2268 carmen
1005 2231 1109 2272 nec
1139 2217 1322 2275 minus
1351 2218 1715 2289 laboriosum,
1765 2239 1870 2282 nec

261 2296 430 2353 minus
460 2299 629 2356 laude
658 2302 887 2374 dignum
919 2322 1066 2364 esse.

327 2390 452 2446 155.
497 2392 706 2465 Pagius
754 2412 882 2468 ergo
924 2416 1048 2455 cum
1107 2403 1228 2458 aliis
1262 2403 1387 2461 hinc
1427 2408 1638 2479 colligit
1679 2410 1869 2467 decre-

261 2487 368 2537 tum
397 2483 608 2541 Gelasii
648 2497 773 2558 post
813 2493 1159 2550 consulatum
1191 2495 1395 2554 Asterii
1428 2499 1636 2556 editum
1671 2501 1867 2559 fuisse.

260 2573 538 2645 Testatur,
572 2594 634 2634 se
665 2581 871 2639 vidisse
911 2587 1160 2643 codicem
1191 2606 1291 2646 ms.
1323 2593 1712 2666 antiquissimo
1740 2597 1873 2654 cha-

262 2678 464 2728 ractere
520 2682 812 2732 exaratum
856 2679 908 2733 in
959 2681 1284 2742 bibliotheca
1338 2687 1506 2761 Regia
1549 2692 1660 2766 85
1703 2692 1863 2750 Pari-

259 2775 419 2833 siensi
445 2824 460 2846 ,
480 2780 769 2852 aliumque
792 2784 844 2838 in
865 2783 1197 2844 bibliotheca
1216 2790 1510 2849 Parisiensi
1530 2795 1587 2850 S.
1604 2795 1867 2868 Victoris,

262 2887 288 2926 a
319 2873 517 2944 quibus
548 2876 743 2932 aberat
771 2888 901 2950 nota
934 2881 1024 2937 illa
1047 2885 1335 2954 temporis,
1366 2886 1573 2943 Asterio
1599 2901 1646 2944 et
1675 2889 1871 2946 Prwsi-

262 2967 345 3021 dio
385 2968 717 3040 consulibus,
762 2988 926 3044 quam
956 2975 1226 3034 Baronius
1271 2991 1326 3035 et
1351 2981 1724 3038 Conciliorum
1756 2986 1872 3042 col-

263 3062 495 3120 lectores
531 3065 764 3123 decreto
793 3067 998 3125 Gelasii
1047 3073 1442 3142 ascripserunt.
1491 3077 1607 3133 Duo
1637 3077 1868 3134 Codices

264 3156 505 3214 Vaticani
557 3169 613 3216 et
642 3160 815 3217 codex
846 3162 1202 3222 Florentiuus
1235 3182 1401 3238 supra
1447 3174 1865 3228 commemorati

264 3252 465 3320 pariter
497 3253 760 3323 ignorant
788 3256 1056 3326 ejusmodi
1085 3269 1267 3314 notam
1301 3263 1689 3333 temporariam
1721 3283 1732 3319 :
1769 3282 1864 3322 ne-

261 3362 362 3418 que
390 3348 591 3414 video,
624 3363 747 3404 eam
775 3351 846 3406 ab
877 3352 1058 3422 aliquo
1106 3369 1173 3408 ex
1221 3354 1511 3426 designato
1553 3359 1728 3415 veteri
1759 3375 1863 3416 ms.

263 3451 516 3522 produci.
551 3450 921 3520 Quamobrem
960 3453 1160 3523 Pagius
1192 3457 1397 3526 arguit,
1435 3457 1666 3527 primam
1698 3474 1867 3531 syno-

261 3545 383 3602 dum
415 3547 728 3601 Romanam
759 3546 861 3601 sub
896 3546 1118 3604 Gelasio
1145 3547 1483 3605 celebratam
1516 3550 1686 3608 l'uisse
1718 3569 1866 3608 anno

261 3637 388 3710 495,
423 3639 595 3695 tertio
623 3639 744 3695 idus
767 3639 964 3707 Martii,
996 3641 1049 3695 in
1080 3657 1186 3712 qua
1209 3641 1452 3698 Misenus
1479 3645 1868 3700 reconciliatus

263 3744 342 3790 est
370 3752 500 3792 cum
534 3733 810 3802 Ecclesia,
844 3736 1114 3808 synodum
1147 3737 1443 3792 secundam
1473 3739 1557 3794 vel
1603 3751 1867 3796 autumno

265 3831 514 3902 ejusdem
559 3831 712 3897 anni,
744 3830 829 3884 vel
864 3833 1042 3901 potius
1087 3847 1231 3886 anno
1268 3833 1542 3902 sequenti,
1577 3834 1632 3888 in
1667 3851 1773 3904 qua
1801 3836 1870 3892 de

265 3927 420 3984 libris
450 3925 784 3999 apocryphis
806 3934 1008 3981 actum.
1039 3926 1216 3981 Priori
1242 3927 1603 3983 interfuerunt
1624 3929 1869 4000 episcopi

265 4038 348 4088 Lv,
381 4022 682 4094 posteriori
732 4038 904 4090 Lxxn,
939 4023 1045 4087 vel,
1095 4031 1155 4076 ut
1205 4022 1454 4093 plerique
1498 4023 1592 4078 alii
1642 4023 1867 4089 habent.

263 4132 384 4171 ιιι.
431 4116 489 4171 In
522 4115 958 4171 Collectionibus
985 4115 1360 4172 Conciliorum
1395 4116 1477 4170 ha:
1516 4117 1712 4188 synodi
1739 4133 1871 4174 con-

266 4215 494 4270 trarium
529 4209 784 4268 ordinem
817 4222 1061 4268 servant.

333 4309 460 4364 156.
507 4307 590 4363 Ex
614 4307 697 4362 his
729 4287 922 4362 idonea
947 4307 1160 4362 eruitur
1188 4307 1347 4375 ratio,
1371 4322 1466 4363 cur
1489 4307 1738 4363 Gelasius
1763 4318 1870 4365 tam

263 4404 532 4475 prmclaro
559 4401 740 4472 elogio
770 4400 1050 4456 Sedulium
1084 4403 1409 4457 mactaverit
1441 4420 1454 4456 :
1482 4419 1604 4456 nam
1637 4401 1871 4460 fortasse

264 4511 377 4551 rem
423 4503 638 4564 gratam
685 4491 866 4546 facere
906 4492 1080 4546 voluit
1126 4492 1333 4547 recenti
1393 4491 1594 4546 editori
1637 4493 1869 4557 Sedulii,

264 4589 378 4646 viro
419 4587 653 4658 patricio
681 4597 735 4641 et
766 4585 1042 4640 consulari
1073 4585 1312 4640 Asterie.
1347 4583 1506 4641 Subit
1548 4587 1712 4641 etiam
1754 4587 1868 4642 ani-

263 4700 408 4740 mum
437 4681 736 4753 suspicari,
781 4697 848 4735 an
880 4681 1131 4736 Asterius
1181 4695 1377 4736 n0vam
1418 4680 1625 4737 Sedulii
1670 4681 1873 4738 editio-

265 4795 386 4835 nem
419 4776 643 4834 Gelasio
674 4774 939 4831 dicaverit
971 4792 984 4828 :
1025 4791 1149 4830 nam
1180 4775 1433 4830 Asterius
1463 4774 1673 4844 Romae,
1708 4786 1766 4830 ut
1793 4776 1873 4831 vi-

265 4871 447 4938 detur,
482 4869 822 4940 epigramma
843 4883 1000 4922 suum
1030 4867 1270 4937 scripsit,
1302 4876 1355 4923 et
1379 4883 1669 4937 quemnam
1696 4867 1866 4923 alium

265 4963 616 5020 sacerdotem
649 4961 718 5036 ap
758 4976 824 5017 eo
862 4960 1126 5030 appellari
1170 4960 1552 5031 coujiciemus,
1586 4961 1691 5018 nisi
1721 4975 1870 5016 sum-

266 5073 413 5112 mum
443 5053 760 5127 pontificem
790 5051 1114 5110 Gelasium?
1139 5053 1198 5108 lu
1222 5055 1398 5124 primo
1426 5069 1591 5111 versu
1621 5055 1868 5127 plerique

268 5148 492 5216 habent,

387 5265 564 5326 Sume,
588 5275 732 5315 sacer
751 5263 964 5326 meritis,
989 5264 1181 5316 veracis
1201 5264 1333 5317 dicta
1353 5273 1513 5329 poeta:
1547 5278 1562 5314 :

267 5370 596 5428 Sirmondus
625 5385 656 5424 e
687 5384 786 5424 suo
825 5368 1016 5428 codice
1064 5371 1290 5439 protulit
1330 5372 1560 5438 veracia,
1595 5379 1652 5426 et
1681 5368 1866 5427 Cella-

269 5466 382 5522 rius
407 5481 438 5521 e
471 5464 596 5520 cod.
631 5463 794 5520 Cant.
831 5473 980 5533 pater
1014 5478 1112 5533 pro
1141 5481 1306 5520 sacer.
1337 5464 1394 5520 ln
1423 5463 1561 5520 Cod.
1601 5465 1866 5522 Vaticano

271 5559 403 5631 Reg.
439 5559 467 5614 1
507 5573 609 5629 pro
661 5556 825 5613 Sume
868 5559 1071 5628 legitur
1118 5558 1354 5615 Summe.
1402 5559 1518 5617 Non
1569 5560 1868 5617 absurdum

270 5660 417 5708 esset
448 5659 625 5708 totum
657 5665 878 5706 versum
919 5653 1002 5708 sic
1042 5651 1364 5721 reformare,

391 5765 599 5816 Summe
626 5774 766 5813 sacer
789 5763 1000 5824 meritis,
1019 5764 1124 5815 veri
1144 5763 1309 5828 accipe
1327 5763 1458 5815 dicta
1483 5773 1663 5830 poetae.

271 5875 366 5933 Vel
398 5875 620 5932 Summe
643 5879 809 5939 pater,
840 5879 946 5926 etc.
981 5869 1183 5926 Verius
1203 5880 1384 5927 tamen
1410 5881 1542 5943 puto
1570 5888 1719 5927 sacer
1745 5871 1876 5928 sub-

271 5970 515 6026 stantivo
551 5964 717 6020 modo
747 5981 843 6038 pro
865 5965 1129 6020 sacerdm.
1163 5962 1256 6022 Sic
1279 5965 1332 6021 in
1357 5967 1601 6022 carmine
1632 5963 1877 6037 elegiaco

1674 317 2217 386 PROLEGOMENA.

284 418 486 474 lexerat
506 420 772 480 versibus
801 423 968 482 fuisse
991 427 1348 502 descriptum,
1373 437 1622 505 quamvis
1643 436 1878 498 Carmen
1904 437 1962 504 Α
1983 440 2229 503 Ermoldi
2258 449 2320 505 Ni

2326 453 2449 522 gelli
2484 471 2582 527 pro
2619 457 2899 520 Ludovico
2932 464 3270 534 imperatore
3299 469 3443 543 apud
3467 469 3584 526 Mu—

1982 539 2247 596 ratorium
2272 550 2408 599 tom.
2433 546 2498 616 ll,
2527 560 2669 620 part.
2695 569 2756 621 ιι,
2782 556 2890 610 col.
2915 557 2970 624 3,
2997 557 3114 614 Hoc
3137 577 3290 617 sacer
3310 539 3588 636 aspiciens,

1982 639 2194 727 etc.,et
2219 634 2572 708 Parrhasius,
2596 644 2752 714 cujus
2781 648 2946 704 verba
2970 666 3122 706 num.
3155 653 3259 711 190
3283 634 3584 727 exhibebo,

1982 722 2162 781 simile
2210 728 2472 798 quiddam
2508 733 2560 788 in
2591 734 2899 794 Prudentio
2940 744 3352 814 animadvertit,
3397 722 3593 817 quam;

1980 817 2061 872 vis
2089 819 2180 874 alii
2212 821 2266 876 in
2299 823 2584 882 Prudentii
2624 845 2782 887 versu
2806 850 2952 890 sacer
2980 837 3256 908 adjectivo
3288 841 3451 897 modo
3482 858 3583 898 su-

1981 922 2155 980 mant,
2204 925 2265 972 ut
2311 916 2421 972 dixi
2464 920 2533 975 ad
2586 923 2776 994 hymn.
2821 927 3016 985 Perist.
3071 948 3214 987 vers.
3265 935 3320 989 2.
3375 935 3584 993 Verum

1981 1009 2201 1066 etiamsi
2234 1015 2536 1072 retineatur
2564 1034 2780 1088 versus,
2817 1031 2876 1077 ut
2907 1023 2960 1079 in
2993 1026 3276 1098 plerisque
3303 1046 3438 1086 mss.
3487 1049 3584 1089 ex-

1981 1112 2110 1174 stat,
2145 1114 2323 1164 tameu
2355 1109 2655 1180 probabilis
2687 1117 3139 1190 estconjectura,
3173 1121 3449 1180 Asterium
3473 1125 3584 1184 Ge-

1981 1196 2117 1254 lasio
2141 1202 2389 1259 carmina
2432 1205 2645 1263 Sedulii
2671 1207 2966 1269 obtulisse.

2054 1313 2179 1370 1.57.
2219 1316 2563 1376 Fontaninus
2609 1322 2678 1379 de
2729 1325 2918 1397 Antiq.
2962 1326 3122 1384 l-lort.
3181 1329 3220 1384 1.
3266 1347 3329 1400 ιι,
3370 1347 3492 1404 cap.
3526 1335 3580 1403 5,

1979 1417 2192 1476 censet,
2224 1409 2509 1468 Sedulium
2539 1416 2653 1488 86
2685 1431 2845 1473 suum
2889 1433 3112 1478 carmen
3143 1423 3398 1494 vulgasse
3435 1429 3588 1483 circa
3671 1439 3674 1444 '

1977 1513 2179 1556 annum
2204 1501 2331 1570 454,
2359 1507 2503 1576 quod
2530 1518 2724 1577 postea
2757 1513 3020 1569 Asterius
3047 1529 3116 1570 ex
3143 1515 3367 1574 schedis
3395 1530 3588 1576 aucto-

1976 1592 2056 1647 ris
2088 1595 2450 1666 recognitum,
2480 1608 2536 1655 et
2575 1603 2926 1660 emendatum
2967 1606 3164 1678 edidit,
3212 1612 3572 1681 quemadmo'

1975 1683 2105 1740 dum
2134 1685 2341 1744 fecerat
2367 1690 2546 1748 adhuc
2575 1697 2774 1752 consul
2805 1696 2872 1752 de
2913 1700 3140 1770 scriptis
3180 1701 3423 1774 Virgilii.
3455 1703 3583 1761 Cel-

1978 1777 2144 1836 larius
2169 1781 2282 1852 jam
2307 1784 2628 1842 observarat
2655 1789 2823 1845 verba
2843 1791 3019 1861 ipsius
3041 1793 3255 1866 Sedulij
3278 1797 3331 1851 in
3353 1797 3590 1866 epistola

1975 1876 2043 1931 ad
2074 1876 2451 1935 Macedoniqu
2497 1883 2781 1952 praemissa
2816 1901 2994 1953 prosae
3021 1904 3034 1941 :
3066 1887 3342 1944 Paschalis
3376 1889 3584 1946 Carmi-

1977 1971 2056 2024 nis
2095 1980 2312 2037 textum,
2357 1973 2497 2043 quod
2541 1976 2720 2047 ofﬁcio
2767 1995 2916 2048 pura:
2955 1980 3239 2036 devotionis
3281 1983 3585 2056 simpliciter

1976 2072 2219 2117 executus
2247 2065 2388 2120 vobis
2436 2065 2597 2121 obtuli
2626 2068 3022 2143 perlegendum.
3061 2072 3203 2140 Quid
3250 2089 3384 2146 ergo
3412 2075 3584 2132 colle-

1975 2167 2131 2212 ctore
2157 2159 2486 2216 schedarum
2519 2177 2658 2234 Opus
2692 2165 2834 2220 fuit?
2858 2167 3079 2236 reponit
3108 2166 3410 2226 Cellarius.
3436 2170 3581 2227 Gru-

1975 2267 2145 2309 nerus
2189 2256 2512 2326 respondet,
2561 2260 2748 2317 verbis
2789 2261 3040 2319 codicum
3092 2280 3254 2331 mss.,
3285 2267 3578 2340 dispersum

1973 2347 2206 2418 reliquit,
2243 2365 2352 2405 non
2380 2351 2544 2407 nimis
2575 2367 2700 2408 esse
2732 2355 3088 2412 tribuendum
3117 2376 3131 2413 :
3169 2373 3295 2414 nam
3323 2359 3581 2417 Sedulius

1975 2439 2254 2512 integrum
2291 2458 2518 2500 carmen
2555 2444 2879 2502 Macedonio
2918 2449 3116 2505 obtulit
3161 2451 3576 2522 perlegendum,

1973 2534 2072 2590 sed
2104 2551 2212 2590 non
2244 2535 2418 2592 edidit
2443 2537 2496 2592 in
2533 2539 2837 2609 publicum.
2863 2542 2992 2598 Haec
3020 2557 3152 2613 ergo
3179 2558 3312 2599 cura
3338 2544 3436 2600 fuit
3478 2549 3581 2602 As-

1975 2626 2121 2696 terii,
2171 2639 2232 2684 ut
2281 2629 2520 2687 Carmen
2563 2632 2834 2688 Paschale
2863 2635 3202 2705 vulgaretur.
3245 2639 3580 2694 Arnlzcuius

1972 2722 2230 2789 advertit,
2265 2724 2478 2782 Sedulii
2509 2742 2734 2783 carmen
2776 2743 2885 2784 non
2917 2729 3095 2785 solum
3123 2732 3441 2798 collectum,
3471 2733 3570 2788 sed

1974 2819 2301 2875 adornatum
2333 2821 2402 2877 ab
2433 2822 2650 2877 Asterio
2671 2821 2865 2892 fuisse,
2901 2834 2958 2880 ut
2985 2824 3272 2896 inscriptio
3295 2827 3569 2897 epigram-

1974 2913 2137 2966 matis
2159 2912 2400 2983 praefert.
2435 2913 2569 2969 Cum
2594 2915 2745 2970 enim
2773 2916 3033 2973 Sedulius
3060 2933 3286 2973 carmen
3319 2920 3573 2976 Macedo-

1972 3005 2067 3061 nio
2088 3006 2402 3070 obtulisset,
2428 3008 2592 3064 ethic
2613 3010 2897 3076 voluisset,
2926 3011 2979 3065 in
3008 3011 3243 3066 solutum
3268 3027 3584 3068 sermonem

1974 3101 2283 3169 transferri,
2313 3102 2536 3159 Sedulio
2560 3112 2725 3159 enata
2753 3114 2842 3159 est
2865 3105 3132 3176 suSpieio,
3158 3121 3382 3162 carmen
3407 3108 3584 3176 ipsum

1973 3192 2296 3250 Macedonio
2328 3212 2438 3251 non
2470 3196 2763 3266 placuisse,
2787 3197 3034 3267 adeoque
3061 3199 3302 3270 neglexit
3328 3213 3576 3264 carmen,

1969 3290 2126 3360 cujus
2149 3290 2381 3362 proinde
2410 3291 2659 3347 membra
2689 3292 2745 3347 in
2770 3293 2951 3348 varias
2988 3304 3176 3364 partes
3203 3294 3452 3366 dispersa
3487 3295 3576 3365 ja-

1969 3396 2222 3446 cuerunt.
2247 3389 2498 3445 Asterius
2525 3390 2688 3460 igitur
2709 3389 2974 3461 abjectas,
3001 3387 3396 3464 neglectasque
3421 3390 3581 3446 char-

1972 3493 2057 3540 tas
2083 3483 2328 3555 collegit,
2362 3492 2527 3554 atque
2557 3484 2814 3555 vulgavit.

2047 3623 2172 3678 158.
2215 3622 2294 3676 lta
2335 3621 2692 3676 ratiocinatur
2739 3622 3099 3693 Arntzenius,
3153 3623 3282 3695 quia
3326 3623 3580 3682 Sedulius

1971 3715 2349 3771 Macedonium
2397 3714 2680 3785 alloquens
2714 3715 2768 3770 in
2808 3717 3041 3786 epistola
3070 3731 3249 3788 prosa:
3276 3719 3588 3788 prmmissa,

1973 3811 2043 3866 de
2069 3809 2323 3865 Carmine
2352 3809 2604 3864 Pascltali
2632 3810 2709 3864 ait
2741 3829 2754 3866 :
2786 3810 2940 3877 Quod
2968 3822 3141 3866 utr-um
3170 3814 3447 3886 placuerit,
3468 3814 3583 3870 ideo

1973 3903 2227 3976 geminari
2252 3902 2499 3967 volueris,
2532 3919 2600 3956 an
2627 3903 2766 3971 quod
2805 3903 3103 3969 offenderit,
3137 3915 3192 3958 ut
3218 3906 3391 3977 potius
3428 3906 3578 3961 arbi-

1975 4009 2105 4060 tror,
2131 3996 2265 4066 stylo
2287 3995 2547 4050 censueris
2573 3995 2809 4050 liberiore
2836 3995 3079 4065 describi,
3113 3996 3206 4051 sub
3228 3997 3385 4052 dubio
3406 3998 3584 4054 uideor

1972 4089 2468 4160 ﬂuctuarejudicio.
2503 4087 2629 4143 llzec
2657 4100 2837 4144 tamen
2860 4090 2996 4144 satis
3021 4105 3126 4143 nou
3152 4105 3276 4145 esse
3298 4091 3578 4160 videntur,

1972 4191 2035 4238 ut
2062 4197 2252 4236 revera
2289 4195 2509 4236 carmen
2538 4197 2568 4236 a
2596 4181 2822 4236 Sedulio
2849 4181 3058 4236 editum
3088 4197 3195 4236 non
3251 4184 3420 4239 fuisse
3451 4200 3578 4240 ere-

1973 4277 2166 4334 damus
2195 4293 2208 4330 :
2237 4290 2362 4330 nam
2395 4275 2576 4346 potius
2601 4274 2859 4332 Sedulius
2890 4276 3091 4341 innuit,
3124 4290 3346 4332 carmen
3379 4293 3406 4331 a
3440 4292 3498 4333 se
3522 4279 3580 4335 in

1974 4372 2250 4443 publicum
2295 4370 2581 4436 emissum,
2635 4386 2758 4424 cum
2806 4370 2938 4426 illud
2966 4371 3295 4427 Macedonio
3323 4372 3526 4428 obtulit
3559 4391 3574 4427 :

1975 4474 2031 4521 et
2062 4466 2184 4535 quia
2220 4464 2434 4536 priores
2462 4463 2591 4519 libri
2624 4464 2837 4519 titulum
2873 4463 3146 4521 habebant
3171 4464 3444 4522 Carminis
3482 4467 3587 4523 Pa-

1971 4558 2193 4623 schalis,
2249 4558 2455 4614 idcirco
2501 4574 2719 4628 prosam
2753 4559 3035 4629 inscripsit
3084 4558 3230 4634 Opus
3273 4559 3555 4616 Paschale.

1897 4639 2086 4706 DCur
2133 4667 2264 4721 ergo
2318 4665 2426 4705 non
2476 4658 2785 4719 teneamus,
2819 4651 3033 4708 editum
3090 4653 3314 4709 fuissea
3355 4653 3582 4711 Sedulio

1972 4744 2207 4801 Carmen
2255 4745 2542 4812 Paschale,
2577 4745 2676 4802 sed
2726 4747 2779 4801 in
2822 4754 3004 4802 certas
3037 4746 3324 4803 chartulas
3368 4748 3587 4818 diSper-

1972 4843 2133 4896 sum?
2179 4841 2471 4912 Inscriptio
2533 4841 2948 4913 epigrammatis
2999 4842 3205 4897 Asterii
3250 4859 3359 4898 non
3429 4843 3584 4899 aliud

1970 4937 2178 4992 evincit
2214 4954 2227 4990 :
2257 4935 2374 4991 Hoc
2405 4955 2534 5010 opus
2572 4937 2826 4993 Sedulius
2871 4938 2924 4990 in
2974 4949 3141 4994 certas
3192 4937 3458 4994 carthulas
3499 4940 3583 4994 di-

1971 5047 2205 5103 spersum
2236 5031 2459 5102 reliquit,
2501 5040 2633 5097 etc.,
2661 5041 2718 5087 ut
2758 5047 2907 5086 num.
2945 5031 3049 5089 156
3097 5033 3462 5088 ostendimus.
3504 5031 3588 5088 Ex

1979 5141 2085 5196 quo
2116 5125 2302 5196 colligi
2335 5134 2540 5196 potest,
2575 5127 2953 5183 necessarium
3001 5143 3112 5182 non
3143 5142 3268 5183 esse
3297 5126 3585 5184 decretum

1978 5218 2181 5275 Gelasii
2213 5217 2281 5273 de
2327 5218 2487 5274 libris
2531 5219 2863 5293 apocrypbis
2914 5229 3038 5290 post
3066 5235 3265 5274 annum
3302 5217 3434 5289 494,
3467 5222 3588 5280 sive

1979 5320 2103 5382 post
2131 5311 2475 5367 consulatum
2507 5311 2713 5368 Asterii
2743 5311 2984 5368 differre.
3010 5310 3128 5367 Etsi
3156 5311 3301 5367 enim
3331 5313 3588 5373 Asterius

1975 5406 2031 5462 in
2082 5407 2480 5476 epigrammate
2528 5405 2842 5476 profitetur,
2884 5421 2983 5460 sua
3015 5421 3140 5477 ope,
3189 5415 3246 5462 et
3271 5422 3406 5462 cura
3436 5408 3586 5466 dicta

1977 5497 2186 5556 Sedulii
2215 5498 2388 5554 fuisse
2419 5499 2639 5570 p0pulis
2670 5500 2830 5566 edita,
2860 5507 3043 5554 tamen
3071 5499 3126 5554 id
3160 5499 3582 5570 intelligendum

1975 5592 2086 5665 87
2119 5601 2203 5648 est
2228 5591 2297 5646 de
2317 5591 2561 5648 editione
2583 5590 2907 5665 elegantiori
2927 5592 3175 5648 omnium
3198 5594 3438 5665 partium
3464 5611 3586 5652 car-

1977 5687 2164 5752 minis,
2188 5701 2311 5758 qua:
2333 5695 2495 5742 antea
2524 5688 2579 5742 in
2608 5697 2786 5744 certas
2807 5683 3090 5744 chartulas
3110 5688 3376 5760 dispersae
3405 5699 3586 5746 erant.

1979 5780 2059 5838 Ac
2087 5780 2326 5838 fortasse
2356 5782 2498 5853 quod
2523 5782 2593 5837 ita
2619 5783 2855 5854 primum
2880 5794 3106 5838 carmen
3135 5782 3345 5842 Sedulii
3373 5782 3587 5857 disper-

1979 5892 2097 5933 sum
2132 5876 2331 5942 fuerat,
2365 5891 2526 5932 causa
2557 5886 2664 5948 est,
2703 5889 2801 5931 cur
2833 5882 2983 5930 tanta
3011 5876 3083 5933 sit
3123 5877 3492 5949 discrepantia
3527 5876 3588 5936 in

1982 5971 2142 6028 libris
2191 5969 2613 6041 distinguendis,
2657 5978 2711 6026 et
2761 5971 3140 6042 numerandis,
3176 5982 3235 6030 ut
3275 5983 3490 6031 constat
3517 5977 3588 6034 eis
