4060 6320
235 401 327 459 50!

232 518 512 588 hymnum,
539 500 754 563 Sedulii
813 512 1011 555 nomen
1050 493 1222 550 inulto
1272 505 1391 560 mag

228 569 407 677 itaque
434 601 557 656 sive
595 599 709 670 jam
746 591 991 650 Asterius
1043 590 1242 643 novam
1275 580 1575 639 editionem
1632 569 1837 629 carmi-

228 703 306 758 nis
329 691 621 754 Seduliani
678 686 1000 760 perfecerat,
1052 680 1169 738 sire
1199 679 1253 733 in
1282 676 1357 732 id‘
1385 686 1522 743 opus
1576 680 1705 724 tunc
1749 665 1833 719 in-

227 790 535 855 cumbebat,
569 755 752 841 simile
779 796 906 836 vero
928 787 1034 844 est,
1066 771 1341 831 Gelasium
1365 764 1685 821 Pontificem
1708 755 1835 813 inde

228 891 534 963 permotum
570 878 764 945 fuisse,
792 882 851 929 ut
877 870 1159 927 Sedulium
1193 865 1248 921 itt
1286 860 1473 934 paucis
1500 854 1831 919 nominaret,

224 948 464 1040 eteﬁ‘usa
516 972 685 1032 laude
733 967 1045 1026 extolleret.
1102 962 1288 1018 Monet
1331 970 1421 1011 me
1452 952 1540 1008 hic
1565 948 1742 1013 locus,
1778 950 1837 999 ut

223 1074 450 1149 lepidam
500 1069 769 1127 fabellam
820 1060 1147 1124 discutiam,
1180 1057 1232 1111 in
1275 1066 1439 1126 quam
1507 1039 1834 1101 lteterodoxi

223 1144 508 1228 occasione
541 1164 741 1237 quavis
781 1158 928 1225 data,
976 1154 1063 1211 vel
1119 1158 1338 1220 arrepta
1370 1144 1607 1202 libenter
1638 1150 1835 1194 excur-

224 1273 365 1319 runt.
391 1236 666 1328 Narrant,
689 1255 864 1311 locum
891 1246 1093 1307 Gelasii
1118 1260 1213 1316 per
1235 1238 1490 1298 librarios
1513 1236 1832 1301 corruptum

221 1355 513 1428 aliquando
538 1321 737 1414 fuisse,
761 1346 852 1421 qui
884 1342 1287 1399 substituerunt
1314 1351 1327 1388 :
1365 1330 1511 1404 Opus
1543 1321 1833 1388 Paschale,

222 1415 353 1524 quod
382 1446 657 1503 haereticis
689 1415 964 1510 descripsit
1003 1429 1231 1490 versibus
1276 1443 1375 1499 pro
1399 1420 1617 1478 heroicis
1644 1433 1661 1472 :
1687 1415 1835 1487 quod

224 1515 476 1603 mendum
502 1540 739 1599 Paulum
772 1535 815 1591 ll
838 1533 904 1590 ad
935 1528 1169 1600 capitale
1189 1528 1475 1599 poetaritm
1502 1515 1686 1572 odium
1713 1520 1834 1581 per-

221 1639 394 1708 duxit,
448 1636 570 1710 90
616 1648 684 1688 ac
729 1626 976 1703 pluribus
1023 1620 1145 1678 aliis
1195 1618 1374 1690 legum
1429 1605 1838 1684 profesSoribus

218 1705 492 1804 imposui;
509 1705 699 1800 {quin
729 1721 978 1799 nonnulli
1010 1732 1201 1775 eorum
1231 1712 1463 1780 addunt,
1496 1722 1566 1765 ex
1610 1705 1835 1759 decreto

218 1803 416 1884 Gelasii
448 1824 522 1879 ita
553 1828 820 1891 corrupto
848 1813 917 1871 ab
947 1810 1193 1869 Ecclesia
1219 1803 1492 1863 catholica
1518 1806 1709 1871 poetas
1735 1809 1835 1849 ex-

222 1922 399 1978 sulare
423 1918 648 1989 iussos,
693 1927 818 1970 cum
849 1908 1004 1965 multi
1035 1903 1344 1966 crederent,
1388 1908 1581 1952 omnes
1634 1896 1829 1961 poetas

219 2025 338 2069 esse
359 2008 689 2067 hereticos.
720 2002 924 2060 Verum
948 1998 1072 2073 quis
1095 2012 1200 2052 non
1221 1994 1422 2057 videat,
1454 1985 1659 2044 nemini
1682 1994 1832 2036 sanas

219 2105 415 2161 mentis
436 2102 645 2159 venire
693 2099 749 2154 in
805 2104 1044 2152 mentem
1076 2088 1338 2162 potuisse,
1399 2088 1459 2137 ut
1486 2094 1555 2136 ex
1602 2077 1832 2132 decreto

225 2197 448 2266 Gelasii,
502 2211 621 2266 quo
655 2191 857 2264 insigni
896 2187 1055 2244 lattde
1084 2197 1305 2239 carmen
1337 2173 1547 2234 Sedulii
1572 2177 1827 2233 ornatur,

217 2289 753 2362 colligeret,i:poetas
771 2261 993 2338 ‘ontnes
1018 2293 1143 2336 esse
1197 2267 1531 2330 hiereticos?
1581 2264 1639 2319 In
1667 2261 1831 2318 nullis

220 2386 385 2440 variis
412 2357 767 2441 lectionibus
812 2375 1049 2448 reperio,
1104 2371 1267 2428 verba
1303 2364 1509 2424 Geiasii
1569 2357 1834 2414 mendoso

217 2480 285 2534 ita
331 2477 517 2534 fuisse
574 2484 801 2533 exarata
846 2469 1035 2542 :Opus
1080 2463 1356 2525 Paschale,
1388 2455 1527 2530 quod
1575 2449 1833 2508 hwrstiois

216 2573 497 2642 descripsit
516 2569 776 2635 versibus,
800 2565 992 2638 insigni
1022 2562 1177 2619 laude
1200 2558 1549 2633 praeferimus.
1589 2548 1699 2605 Fac
1747 2554 1831 2600 ta-

219 2685 355 2735 men,
383 2664 598 2723 alicubi
622 2662 730 2718 hoc
760 2659 1018 2716 mendum
1041 2653 1349 2725 irrepsisse.
1378 2653 1461 2703 An
1482 2643 1628 2701 serio
1650 2646 1830 2712 putas,

219 2768 388 2822 luisse
425 2764 708 2834 aliquem,
733 2759 822 2830 qui
838 2749 1285 2812 simulcrederet,
1316 2744 1471 2816 Opus
1485 2736 1750 2796 Paschate
1778 2740 1834 2788 et

217 2860 494 2918 hatreticis
526 2826 791 2912 versibus
806 2850 1143 2920 descriptum
1162 2843 1361 2905 fuisse,
1383 2833 1652 2905 et‘insigni
1670 2826 1843 2886 laudo.

218 2972 335 3013 esse
356 2947 804 3026 praeferendum?
829 2945 964 3014 Quae
985 2941 1205 3014 quidem
1223 2934 1369 2993 ratio
1384 2939 1497 2988 tam
1515 2935 1703 2998 aperta
1720 2932 1830 2991 est,

219 3062 271 3108 ut
284 3022 510 3123 Bavlius
528 3043 942 3118 ipse,cui—certe
953 3036 1107 3094 cordi
1125 3048 1234 3091 non
1251 3039 1374 3089 erat
1389 3038 1610 3083 causam
1636 3022 1836 3077 Roma-

222 3159 413 3202 norum
440 3138 775 3213 pontiﬁcum
807 3147 992 3205 agere,
1025 3141 1205 3186 tamen
1233 3122 1490 3182 fabellam
1543 3118 1684 3172 hanc
1712 3128 1835 3170 sns~

219 3241 428 3311 picatus
443 3210 639 3292 fuerit
679 3231 748 3286 ab
778 3228 928 3285 Italis
955 3228 1259 3282 litterarum
1292 3215 1679 3275 ltuntaniorum
1711 3210 1830 3267 cul-

217 3306 424 3388 toribus
456 3327 762 3387 conﬁctam
809 3321 1000 3389 fuisse,
1042 3330 1100 3373 ut
1130 3333 1228 3373 eos
1254 3311 1592 3373 deriderent,
1621 3306 1713 3376 qui
1737 3318 1832 3375 pa-

216 3440 330 3482 rum
363 3421 553 3496 poetis
583 3419 709 3491 ejus
733 3416 996 3487 temporis
1022 3411 1211 3468 lavere
1238 3407 1577 3465 viderentur.
1605 3400 1722 3457 Non
1746 3412 1835 3454 me

216 3493 380 3589 ῐιιείίξ
402 3515 645 3573 Paulum
668 3510 717 3567 il
763 3525 793 3565 a
824 3508 1061 3575 Platina,
1104 3503 1340 3573 aliisque
1375 3500 1509 3554 viris
1540 3493 1830 3559 litteratis,

218 3624 349 3684 quos
376 3611 477 3667 ille
493 3607 666 3680 iustis
704 3605 773 3660 de
809 3605 990 3659 causis
1014 3602 1313 3656 insectatus
1338 3593 1540 3659 fuerat,
1567 3593 1639 3646 ita
1690 3590 1832 3644 male

219 3705 490 3770 habitum,
521 3711 582 3758 ut
604 3698 901 3768 ﬁngerent,
952 3710 1078 3752 eum
1109 3707 1300 3749 omnes
1332 3690 1623 3752 litteratos,
1669 3694 1831 3756 atque

219 3796 580 3872 elegantioris
637 3791 901 3849 doctrina:
949 3788 1229 3845 studiosos
1280 3798 1380 3854 pro
1426 3778 1706 3836 ltmreticis
1734 3778 1832 3831 ita-

219 3895 425 3951 buisse.
458 3886 663 3948 Verum
707 3886 846 3942 hanc
873 3882 1203 3941 calumniam
1250 3877 1468 3950 egregie
1521 3873 1831 3929 refutaruut

218 4003 337 4044 cum
371 3981 701 4059 Raynaldus
726 3980 783 4035 in
805 3978 1004 4034 Annal.
1029 3975 1272 4041 Eccles.,
1304 3978 1419 4026 tum
1457 3966 1831 4025 eminentissi-

221 4097 340 4136 mus
363 4057 671 4137 cardinatis
696 4072 958 4143 Quirinus
982 4072 1034 4126 in
1065 4066 1217 4124 Pauli
1245 4064 1290 4120 li
1316 4062 1461 4120 Vita.
1492 4057 1827 4117 lieterodoxi

220 4176 496 4249 obiectam
525 4171 783 4227 fabellam
824 4167 959 4224 satis
984 4162 1206 4236 probari
1239 4168 1436 4234 putant
1463 4157 1631 4215 Pierii
1665 4154 1828 4210 Vale-

223 4269 357 4324 riani
381 4266 645 4324 oratione
679 4280 773 4335 pro
799 4258 986 4316 Barbis
1012 4255 1358 4313 sacerdotum.
1389 4252 1497 4309 Sed
1528 4251 1585 4305 in
1635 4249 1825 4321 primis

220 4378 489 4433 qna-rain,
524 4358 657 4429 quid
690 4354 851 4409 fuerit
880 4367 1081 4417 causai,
1133 4363 1232 4405 cnr
1258 4345 1500 4402 haeretici
1530 4342 1757 4399 Paulum
1781 4338 1826 4394 ll

227 4457 425 4527 ubique
452 4451 773 4516 m’rminent,
802 4462 926 4504 cum
976 4443 1298 4501 Valerianus
1354 4439 1589 4496 fabulam
1630 4435 1829 4491 deﬂa-

140 4600 147 4607 .
224 4551 419 4607 driano
448 4545 523 4602 Vi
551 4543 779 4601 narret?
826 4542 1181 4611 Compertum
1232 4544 1336 4602 cst,
1366 4533 1704 4590 Hadrianum
1757 4528 1827 4584 Vl

220 4638 521 4698 severioris
546 4633 860 4707 disciplinas
878 4630 1315 4689 armatissimum
1339 4622 1536 4698 poetis,
1580 4624 1673 4694 qui
1696 4632 1828 4678 tunc

222 4733 488 4806 temporis
521 4730 718 4787 Romae
742 4727 987 4798 ineptam
1030 4721 1325 4796 quamdam
1354 4716 1670 4776 etliuicismi
1701 4717 1823 4772 imi-

221 4830 488 4885 tationem
535 4822 892 4887 aﬂ’ectabant,
947 4818 1255 4877 etliberius
1302 4813 1583 4880 vivebant,
1634 4827 1824 4883 parum

222 4921 444 4979 favisse.
494 4917 638 4974 ilhc
666 4922 955 4986 poetarum
1000 4912 1300 4968 adversum
1351 4922 1479 4964 eum
1514 4904 1826 4977 prmsertim

216 5016 325 5086 jam
367 5022 660 5070 mortuum
691 5006 965 5064 dicteria:
995 5004 1126 5061 hinc
1164 5003 1383 5060 Pierius
1417 4998 1738 5056 Valerianus
1767 4997 1823 5051 in

220 5111 475 5164 oratione
518 5119 618 5178 pro
660 5102 992 5157 sacerdotum
1019 5098 1189 5153 barbis
1231 5096 1419 5151 Romae
1459 5093 1607 5150 edita
1660 5090 1820 5159 1551,

224 5212 346 5272 pust
371 5197 587 5259 Gelasii
610 5198 776 5252 verba
810 5194 877 5251 de
901 5190 1128 5249 Sedulio
1164 5209 1176 5244 :
1216 5188 1446 5261 Vulgata
1498 5196 1666 5241 tamen
1696 5188 1825 5240 hac-

223 5307 368 5351 tenus
398 5290 728 5362 exemplaria
762 5305 853 5363 pro
877 5298 1119 5345 ιιειὶοιοιε
1139 5286 1367 5341 versibus
1393 5296 1691 5341 tta-:nu'rtcts
1715 5297 1826 5335 ver-

223 5391 362 5447 sibus
389 5388 646 5443 habuere.
682 5384 838 5452 Quod
865 5385 1013 5439 bouis
1029 5380 1336 5455 quibusdam
1364 5378 1536 5453 legans
1567 5376 1827 5450 pmfesso-

222 5486 360 5539 ribus
389 5480 744 5553 suspicionem
764 5480 1009 5553 oggessit,
1039 5486 1274 5549 poemata
1297 5477 1471 5532 omnia
1509 5490 1615 5530 esse
1654 5474 1821 5528 ntere-

224 5580 343 5644 tica,
375 5585 664 5651 pactusque
710 5574 843 5628 inter
872 5572 1009 5647 pios,
1045 5571 1247 5626 etiamsi
1275 5587 1425 5626 sacra
1460 5578 1704 5636 tractent,
1733 5582 1821 5621 ne-

222 5686 489 5747 quaquam
544 5670 897 5724 annumerari.
957 5666 1026 5722 ιιι
1071 5667 1208 5738 quod
1250 5665 1527 5720 Hadriano
1555 5661 1640 5718 IV
1673 5670 1820 5733 pont.

225 5768 459 5823 uncino
488 5777 653 5833 usque
664 5762 802 5817 adeo
820 5777 1125 5835 persuasum
1148 5759 1257 5832 οι
1281 5758 1521 5823 uidimus,
1549 5766 1603 5810 ut
1627 5756 1723 5810 hac
1759 5755 1824 5809 de

224 5879 379 5919 causa
421 5858 631 5915 ullum
675 5855 942 5911 hominum
995 5871 1157 5928 genus
1201 5853 1395 5925 majori
1430 5858 1823 5923 prosequentur

226 5956 369 6024 odio,
391 5967 554 6026 quam
577 5958 789 6021 poetas:
816 5949 873 6005 id
895 5947 1117 6004 nominis
1136 5945 1268 6003 nihil
1295 5945 1441 6001 aliud
1469 5959 1579 6015 prce
1604 5960 1661 5998 se
1685 5942 1825 6013 ferre

1598 345 1974 420 PROLEGOM
1982 351 2140 413 ENA.

1396 486 1443 543 is
1495 482 1839 540 inclaruerit.
1869 470 2250 544 Aarbitratus,
2300 482 2456 542 quam
2510 463 2846 537 impietatem.
2901 454 2965 510 Et
3007 452 3180 508 adhuc
3236 443 3400 516 aliqui
3444 456 3551 499 non

1856 4678 1904 4736 ι)

3441 320 3549 382 502

1941 566 2067 633 mali
2091 537 2586 637 quidem-praesules
2629 557 2924 631 depravatae
2953 548 3098 605 illius
3141 542 3362 599 lectione
3395 537 3553 607 (lego

1940 631 2195 731 lectionis)
2230 631 2659 718 hallucinatione,
2692 657 2739 705 et
2767 646 2983 701 alterius
3005 642 3162 715 hujus
3183 637 3251 693 de
3276 631 3553 691 rasitanda

1940 753 2101 807 barba
2152 766 2327 806 errore
2372 747 2537 811 ducti,
2579 742 2838 798 neminem
2889 733 3183 793 sacerdotio
3204 732 3423 800 dignum
3449 739 3554 797 pst-

1939 855 2073 911 tant,
2105 845 2197 916 qul
2236 842 2314 896 uel
2358 838 2575 894 barbam
2600 833 2825 898 nutriat,
2871 830 2951 884 vel
2978 840 3154 883 versus
3175 823 3339 895 faciat
3371 834 3391 875 :
3418 816 3554 872 tanti

1940 948 2015 995 est
2042 949 2259 1009 pravam
2287 931 2448 990 semel
2470 928 2770 1000 opinionem
2813 921 3101 978 imbibisss.
3127 916 3262 973 llaec
3290 916 3362 970 ita
3390 925 3560 981 exag-

1939 1004 2128 1106 gerata
2179 1030 2330 1085 risus
2383 1021 2668 1083 excitandi
2723 1030 2889 1077 causa
2946 1011 3188 1083 conﬁngi
3251 1009 3322 1063 ab
3370 1004 3558 1076 aliquo

1941 1139 2130 1182 scurra
2174 1127 2502 1194 potuerunt;
2551 1114 2703 1172 credi
2755 1128 2785 1168 a
2837 1109 3057 1165 nemine
3112 1113 3273 1160 certe
3331 1092 3557 1157 debent.

1940 1219 2062 1290 Quo
2087 1192 2261 1289 magis
2304 1213 2498 1271 mirari
2545 1210 2714 1275 subit,
2744 1204 3018 1263 Funcium
3043 1213 3165 1271 cap.
3191 1197 3227 1253 '5
3246 1194 3316 1252 de
3358 1192 3552 1263 Veget.

1940 1312 2061 1370 Lat.
2085 1313 2216 1383 ling.
2249 1318 2459 1366 senect.
2491 1320 2614 1361 cum
2640 1302 2814 1359 solum
2836 1295 3087 1370 Baylium
3109 1300 3389 1347 auctorem
3418 1285 3556 1341 alie-

1937 1420 2051 1481 get,
2108 1418 2293 1463 tamen
2358 1400 2609 1459 eamdem
2657 1394 2969 1460 crambetn,
3013 1401 3294 1459 tamquam
3346 1389 3557 1439 certam

1944 1500 2258 1568 historiam,
2296 1510 2620 1568 recoquere,
2659 1507 2725 1548 ac
2756 1490 2972 1547 diversa
3013 1490 3305 1540 narrantes
3323 1476 3563 1546 scripto-

1940 1612 2030 1652 res
2077 1595 2151 1650 ita
2200 1564 2554 1664 componere,
2600 1594 2661 1642 ut
2707 1584 2929 1653 utrique
2986 1572 3263 1650 pontiﬁci,
3317 1568 3490 1626 Paulo
3515 1564 3563 1623 ll

1944 1699 2000 1748 et
2051 1661 2345 1745 Hadriano?
2401 1683 2512 1751 Vl,
2581 1690 2690 1737 tam
2762 1669 3068 1733 absurdum
3144 1677 3396 1723 errorem
3448 1661 3556 1717 itu-

1942 1794 2118 1859 putet.

1861 1872 1910 1939 B
1945 1849 1960 1859 ’
2012 1879 2138 1937 162.
2184 1875 2437 1933 Breviter
2478 1866 2821 1944 expedienda
2871 1878 3017 1921 nunc
3061 1866 3146 1915 est
3196 1850 3304 1912 alia
3327 1849 3561 1925 qumstio

1936 1972 2006 2032 de
2028 1974 2269 2037 Asterio,
2323 1968 2389 2027 de
2420 1984 2525 2041 qua
2553 1942 2805 2023 noonlhit
2836 1972 3002 2030 supra
3043 1969 3195 2010 num.
3245 1946 3318 2005 46
3352 1957 3411 2006 et
3443 1942 3554 2002 122

1936 2080 2116 2126 actum
2168 2074 2277 2131 est,
2304 2066 2449 2123 sitne
2471 2070 2663 2118 auctor
2693 2057 2914 2130 elegia,
2951 2050 3232 2109 Cantemus
3255 2046 3408 2114 socii,
3441 2050 3554 2098 etc.

1936 2163 2217 2228 Norisius,
2254 2161 2381 2232 quia
2421 2158 2476 2214 in
2508 2156 2630 2213 cod.
2661 2154 2932 2210 Vaticano
2966 2145 3109 2203 1165
3142 2151 3269 2215 post
3315 2140 3560 2197 Carmen

1936 2255 2203 2313 Paschale
2251 2252 2549 2310 ascribitur
2577 2261 2739 2317 nota,
2790 2261 2897 2322 qua
2928 2240 3297 2312 signiﬁcatur,
3330 2247 3557 2291 carmen

1938 2350 2008 2405 ab
2038 2348 2260 2405 Asteria
2289 2346 2497 2402 editum
2530 2342 2793 2404 fuisse,et
2816 2337 3000 2393 statim
3024 2331 3323 2403 subjicitur
3354 2326 3554 2397 elegia,

1941 2442 2144 2513 arguit,
2197 2444 2471 2495 incertum
2522 2452 2671 2500 esse,
2716 2442 2901 2489 utrum
2954 2436 3238 2483 auctorem
3300 2420 3559 2478 habuerit

1944 2536 2037 2591 illa
2070 2534 2271 2606 elegia,
2301 2547 2402 2589 nec
2424 2546 2558 2586 vero
2604 2527 2882 2587 Lablieum
2907 2523 3048 2578 adeo
3074 2517 3420 2574 conﬁdenter
3451 2513 3553 2569 de-

1937 2628 2124 2684 buisse
2149 2642 2268 2683 eam
2291 2623 2493 2681 Turcio
2518 2620 2679 2676 Ruﬁo
2702 2615 2919 2675 Asterio
2943 2615 3231 2682 abrogare.
3258 2607 3548 2679 Loquitur,

1937 2732 1998 2779 ut
2024 2724 2244 2795 opinor,
2276 2719 2346 2776 de
2388 2717 2579 2774 codice
2611 2712 2818 2771 recenti
2846 2709 3120 2766 Vaticano
3172 2703 3338 2768 51⁸18,
3372 2714 3537 2771 quem

1938 2832 1993 2872 ιι.
2020 2816 2089 2870 65
2110 2810 2387 2869 recensui.
2424 2808 2625 2866 Verum
2665 2802 2917 2885 quamvis
2948 2796 3118 2870 aliqui
3150 2797 3259 2853 sint
3293 2793 3542 2862 codices,

1944 2918 2004 2962 ut
2047 2907 2161 2979 jam
2208 2904 2412 2969 notavi,
2469 2901 2560 2975 qui
2619 2906 2743 2971 pust
2770 2895 3004 2952 Carmen
3035 2888 3304 2948 Pascltaie
3360 2895 3549 2941 notam

1945 3001 2096 3056 illam
2132 2997 2387 3065 alferant,
2419 3002 2599 3050 tamen
2632 2990 2783 3048 nullo
2813 2988 2976 3045 modo
3004 2984 3185 3055 colligi
3220 2988 3424 3051 potest
3450 2980 3553 3033 As-

1938 3097 2137 3153 terium
2189 3102 2469 3149 auctorem
2500 3100 2624 3146 esse
2669 3084 2887 3156 elegiae.
2918 3078 3144 3137 Notatio
3196 3074 3342 3131 enim
3384 3075 3548 3129 ASte-

1939 3192 2080 3246 rium
2141 3187 2347 3244 indicat
2401 3182 2670 3240 carminis
2700 3178 3081 3238 collectorem,
3141 3176 3199 3225 et
3252 3166 3546 3235 editorem,

1858 3278 1906 3344 C.
1939 3299 2046 3341 non
2072 3290 2381 3339 auctorem.
2408 3277 2468 3333 in
2499 3275 2623 3332 cad.
2656 3273 2832 3328 Vatic.
2864 3268 3000 3340 Reg.
3030 3265 3086 3333 5,
3130 3261 3224 3333 qui
3245 3258 3412 3316 etiam
3462 3271 3547 3312 re-

1937 3392 2068 3434 cens
2080 3380 2249 3444 est,et
2268 3373 2335 3429 ad
2361 3371 2482 3427 Αιάί
2506 3368 2806 3426 editionem
2835 3364 3050 3419 videtur
3070 3350 3543 3417 accommodatus,

1936 3471 2015 3528 sic
2036 3470 2231 3527 eadem
2274 3474 2405 3523 nota
2446 3462 2721 3534 profertur
2756 3455 3015 3515 :Turtlus
3057 3449 3251 3519 Rufras
3299 3443 3540 3501 Asterius

1939 3564 2168 3631 Quintus
2189 3559 2456 3631 sequentia
2509 3555 2745 3612 carmina
2778 3553 2914 3606 inter
2965 3548 3163 3615 scripta
3190 3540 3345 3597 Cellii
3376 3538 3551 3595 Sedu-

1936 3629 2221 3713 liiinvenit.
2254 3629 2566 3724 Sequuntur
2599 3658 2786 3704 autem
2812 3645 3012 3714 elegia,
3046 3640 3284 3711 hymnus
3323 3642 3380 3688 et
3425 3629 3546 3700 epi-

1931 3767 2174 3825 gramma
2219 3747 2448 3806 Sedulii.
2506 3744 2626 3801 Non
2672 3739 2974 3801 difﬁculter
3012 3734 3263 3796 credam,
3311 3724 3544 3801 elegiam

1932 3818 2102 3902 etiam
2151 3843 2219 3897 ab
2274 3839 2494 3895 Asterie
2548 3836 2721 3891 fuisse
2751 3832 3069 3893 collectam,
3108 3840 3178 3879 ac
3222 3818 3388 3876 simul
3419 3830 3544 3871 cum

1932 3936 2184 3993 Carmine
2215 3931 2466 3991 Paschali
2496 3926 2830 4000 eiegautiori
2853 3933 3052 3981 ornatu
3073 3918 3372 3987 vulgatam,
3396 3909 3547 3981 quod

1931 4026 2449 4089 traduntLahbeus,
2500 4026 2562 4077 es
2598 4019 2897 4076 Gotdastus
2922 4019 2977 4069 tn
3011 4020 3128 4067 nos.
3180 4008 3253 4062 ad
3292 4002 3541 4059 eas-mina

1932 4122 1990 4177 S.
2023 4117 2374 4177 Columhani.
2432 4117 2507 4170 Ex
2550 4121 2678 4168 nota
2710 4121 2919 4175 tanien,
2959 4105 3072 4163 Hoc
3105 4116 3236 4173 opus
3280 4096 3537 4153 Sedulius

1933 4213 2197 4278 etc.,sive
2214 4204 2457 4265 Carmini
2482 4201 2735 4261 Paschali
2764 4216 2826 4257 ea
2852 4203 3229 4272 praeponatur,
3253 4187 3371 4244 sive
3394 4193 3545 4258 post-

1936 4316 2193 4379 ponatur,
2225 4299 2279 4356 id
2312 4298 2595 4356 evidenter
2610 4290 2986 4351 demonstrari
3018 4302 3127 4341 non
3158 4287 3366 4354 potest.
3390 4274 3547 4345 Quod

1934 4401 2044 4475 92
2069 4399 2213 4455 enim
2247 4396 2299 4452 itt
2329 4403 2459 4451 nota
2490 4390 2736 4447 innuitur
2766 4402 2922 4459 opus,
2954 4382 3041 4438 vel
3067 4378 3247 4441 unice,
3280 4373 3366 4429 vel
3398 4378 3543 4442 prac-

1931 4470 2097 4564 cvitiue
2128 4489 2366 4561 intelligi
2389 4487 2556 4567 debet
2580 4486 2649 4543 de
2677 4480 2939 4538 Carmine
2969 4470 3225 4531 Pascltali
3258 4486 3272 4523 :
3302 4482 3411 4538 quo
3434 4478 3559 4537 pcr-

1933 4589 2070 4644 tinet
2098 4560 2378 4644 secundus
2408 4562 2614 4639 versus
2641 4571 3057 4651 epigrammatis
3077 4560 3307 4632 Asterii.

2058 4700 2178 4763 Quae
2192 4703 2307 4754 sine
2329 4698 2557 4767 ﬁgmenti
2580 4692 2774 4747 condita
2799 4692 2915 4742 sunt
2932 4686 3069 4741 vitio.

1932 4810 1987 4867 ld
2017 4813 2164 4867 enim
2221 4809 2420 4865 alludit
2475 4806 2543 4863 ad
2599 4803 2839 4876 primum
2880 4810 3104 4855 set-sunt
3161 4785 3371 4851 Sedulii
3425 4790 3550 4858 post

1931 4905 2218 4976 prologum
2257 4900 2548 4958 metricum
2581 4915 2595 4953 :

2055 4997 2175 5050 Cum
2196 5010 2286 5047 sua
2305 4993 2524 5060 gentiles
2538 4990 2771 5043 studeant
2787 4986 3024 5051 ligamenta
3048 4981 3251 5047 poota.‘

1928 5101 2075 5157 Nihil
2094 5115 2227 5169 ergo
2251 5108 2336 5153 est
2361 5110 2566 5162 causae,
2621 5110 2721 5150 cur
2746 5090 2971 5149 Sedulio
3003 5088 3236 5158 elegiam
3263 5079 3546 5151 ahjudice—

1933 5212 2075 5261 mus,
2106 5210 2273 5265 quasti
2304 5193 2384 5247 illi
2423 5190 2743 5262 adjndicaut
2782 5186 2953 5261 multi!
2988 5176 3344 5240 vetustissimi
3392 5173 3545 5230 codi-

1931 5305 2047 5357 ces,
2081 5298 2141 5345 ut
2172 5289 2347 5358 liquet
2374 5301 2444 5343 ex
2465 5300 2590 5356 cap.
2622 5285 2677 5348 5,
2702 5293 2757 5339 et
2808 5296 2878 5336 ex
2910 5277 3081 5333 variis
3124 5272 3352 5329 iection.
3380 5268 3448 5324 ad
3470 5266 3541 5321 ti-
3631 5328 3639 5332 _

1933 5386 2102 5440 tntum
2130 5383 2344 5454 elegiae,
2375 5381 2524 5438 Beda
2566 5393 2681 5435 non
2710 5376 2882 5434 semei
2930 5373 3000 5428 de
3027 5370 3159 5426 Arte
3184 5375 3377 5428 metr.,
3405 5368 3518 5418 Au-

1929 5489 2050 5533 ctor
2092 5485 2396 5530 comment.
2430 5475 2485 5528 in
2516 5470 2721 5529 Bedum
2765 5468 2836 5524 de
2865 5467 2987 5522 Art.
3036 5472 3198 5517 metr.
3230 5473 3337 5513 tus.
3372 5456 3426 5510 in
3456 5456 3538 5509 1θί-

1934 5569 2207 5625 bliotiteca
2236 5568 2524 5632 Vaticana,
2552 5573 2750 5620 auctor
2778 5571 3083 5629 auonymus
3133 5552 3318 5609 surculi
3355 5565 3412 5613 ι,
3440 5546 3539 5603 θεν

1936 5662 2169 5727 bemus,
2197 5660 2441 5716 Joannes
2468 5651 2883 5713 Tintntttltensis
2910 5650 2965 5703 ist
2996 5647 3119 5701 Vita
3149 5643 3207 5699 S.
3244 5640 3539 5706 Dunstani,

1930 5759 2265 5816 Guilielmus
2295 5748 2804 5813 Malmesburiensis
2851 5745 2922 5801 de
2965 5742 3078 5797 Vit.
3141 5737 3392 5795 Pontilic.
3423 5734 3459 5789 l.
3496 5749 3536 5800 ι,

1928 5851 2151 5907 aliine.

2003 5864 2344 6001 Nimis
2394 5939 2506 6011 jam
2561 5934 2737 5994 multa
2784 5930 2853 5988 de
2909 5924 3269 5987 Asteriozde
3314 5918 3528 5979 duobus
