4060 6320
261 276 362 338 505

1625 286 2171 357 PROLEGOMENA.

3459 325 3565 382 508

395 391 628 510 sima-ex
653 394 926 501 veteribus
951 409 1109 510 mss,
1137 409 1263 510 cum
1291 395 1346 456 in
1367 395 1858 510 codice‘VatZIRIeg.
1889 408 2281 482 Alaudantur,
2328 427 2387 473 ut
2414 423 2645 491 exposui
2701 438 2854 483 num.
2913 428 3001 487 76.
3064 430 3298 493 Eosdem
3339 447 3572 510 quatuor

256 486 354 545 2l5
378 488 567 544 seculi
593 504 654 545 tx
683 491 931 546 exeuntis
958 490 1103 548 inter
1128 490 1268 549 alios
1292 507 1486 550 versus
1513 493 1582 550 ad
1622 496 1865 570 syllaba-

255 599 368 641 rum
413 584 782 654 quantitatem
812 586 1199 657 explorandam
1233 586 1501 659 allegatos
1531 589 1634 643 sub
1663 589 1865 648 lsidori

254 677 470 735 nomine
505 678 741 747 produci
769 678 997 735 viderim
1024 697 1037 734 :
1082 679 1152 735 Te
1170 697 1373 753 quoque
1402 690 1580 736 nostra
1610 685 1712 738 tuis
1737 701 1866 757 pro-

250 775 336 830 mit
358 772 677 829 bibliotheca
701 774 866 845 libris,
898 775 1044 847 quod
1082 775 1316 847 elogium
1346 776 1667 851 Hieronymi
1693 788 1781 836 est
1809 780 1862 836 in

250 866 489 925 versibus
531 866 892 924 Bibliotheca:
939 867 1157 935 lsidori,
1189 868 1288 925 sed
1332 870 1638 927 correctius
1664 872 1717 927 in
1759 871 1863 928 hoc

252 959 367 1015 Vat.
395 958 621 1028 codice,
648 961 726 1017 uti
749 960 914 1017 etiam
944 962 996 1016 in
1025 960 1150 1017 cod.
1178 960 1301 1017 Vat.
1332 960 1469 1033 Reg.
1500 961 1629 1031 425,
1659 963 1761 1019 sub
1782 964 1864 1019 in-

247 1058 394 1110 certo
423 1062 682 1123 auctore,
706 1062 762 1110 et
782 1055 838 1108 in
860 1055 969 1109 alio
998 1053 1132 1126 Reg.
1164 1053 1295 1121 571,
1319 1055 1423 1111 sub
1453 1056 1742 1128 Augustini
1766 1071 1858 1113 no-

247 1146 408 1203 mine.
440 1144 597 1202 ldent
643 1146 887 1203 Isidorus
916 1147 955 1202 l.
987 1145 1139 1218 Orig.
1162 1162 1256 1213 xx,
1282 1162 1334 1203 c.
1364 1149 1422 1219 ι,
1454 1145 1612 1205 aﬂ'ert
1640 1164 1861 1207 versum

246 1240 496 1296 ultimum
534 1240 759 1312 prologi
801 1240 1013 1297 metrici
1048 1259 1063 1295 :
1094 1239 1341 1297 Arretina
1393 1257 1516 1297 vasa
1565 1259 1629 1298 ea:
1658 1242 1862 1298 Arretio

243 1333 523 1406 municipio
574 1331 777 1404 Italiae,
811 1333 1089 1402 dicuntur,
1138 1332 1229 1389 ubi
1268 1333 1404 1406 ﬁunt
1432 1352 1453 1391 :
1500 1335 1635 1392 enim
1675 1334 1861 1409 (forte

242 1427 418 1499 etiam)
447 1426 636 1497 rubra,
660 1425 729 1481 de
756 1427 939 1500 quibus
963 1425 1237 1496 Sedulius,

422 1560 605 1614 Rubra
627 1562 761 1628 quod
787 1566 1065 1629 appositum
1098 1572 1228 1618 testa
1271 1567 1522 1621 ministrat
1543 1567 1671 1620 olus.

310 1689 433 1749 168.
481 1691 543 1748 ln
574 1694 845 1765 praeclara
875 1696 1114 1754 editione
1152 1690 1379 1756 Patrum
1425 1700 1854 1772 Toletanorum,

241 1785 437 1854 studio,
470 1796 529 1843 et
555 1790 823 1857 expensis
859 1790 1283 1849 eminentissimi
1317 1794 1620 1852 cardinalis
1648 1795 1855 1854 Loren-
1891 1820 1935 1881 Β

242 1895 371 1937 satia
402 1892 731 1952 procurata,
772 1883 917 1955 inter
969 1900 1252 1943 sermones
1280 1887 1481 1946 dubios
1510 1887 1568 1945 S.
1601 1887 1858 1946 lldefonsi

242 1974 527 2045 reponitur
575 1990 767 2031 sermo
796 1975 861 2045 5,
915 1977 983 2034 de
1013 1981 1394 2050 assumptione
1441 1981 1501 2037 Β.
1532 1983 1735 2049 Mariae,
1766 1982 1859 2053 qui

244 2067 394 2123 inter
437 2082 617 2139 opera
659 2068 908 2126 (Milonis
943 2072 1170 2129 Abbalis
1195 2083 1394 2131 exstat.
1440 2075 1516 2130 lbi
1551 2091 1672 2147 pag.
1705 2076 1811 2133 563
1843 2094 1857 2132 :

244 2157 387 2216 Circa
409 2163 750 2231 sepulturam
789 2181 905 2220 vero
954 2165 1303 2237 Dominicam,
1332 2168 1496 2225 multo
1518 2172 1682 2243 magis
1705 2188 1861 2242 quant

245 2258 481 2313 mulieres
512 2259 641 2313 illas
662 2265 888 2325 sanctas,
916 2261 1131 2333 quidam
1170 2262 1351 2318 dicunt
1378 2264 1540 2336 fuisse
1586 2263 1863 2321 sollicitam

247 2350 581 2423 (Deiparam
608 2352 654 2427 ),
703 2369 923 2425 quorum
947 2357 1263 2428 Opinionem,
1296 2358 1397 2412 nisi
1421 2357 1601 2430 fallor,
1632 2369 1863 2415 astruere

243 2443 445 2497 videtur
470 2443 647 2499 bonus
676 2443 769 2501 ille
799 2445 1071 2518 Sedulius,
1106 2457 1259 2520 poeta
1300 2451 1646 2521 cvangelicus,
1689 2459 1866 2507 orator

246 2540 532 2611 facundus,
565 2541 800 2611 scriptor
827 2542 1135 2599 catholicus.
1181 2542 1387 2601 Confer
1427 2545 1713 2603 Sedulium
1735 2548 1772 2603 l.
1805 2551 1860 2618 5,

246 2647 388 2690 vers.
417 2634 536 2691 39.2
552 2644 611 2692 et
631 2635 1054 2695 361.1ldel‘onso
1084 2639 1251 2696 etiam
1272 2655 1300 2695 a
1321 2640 1602 2698 nonnullis
1622 2643 1863 2700 ascribi-

250 2736 331 2784 tur
358 2731 701 2801 opusculum
724 2729 803 2787 De
829 2743 988 2801 partu
1035 2732 1297 2804 Virginis,
1326 2732 1472 2802 quod
1518 2733 1868 2791 doctissimus

250 2820 422 2882 editor
448 2834 608 2880 recte
638 2833 830 2880 monet
851 2823 1150 2883 Paschasio
1178 2826 1446 2883 Ratherto
1475 2842 1600 2883 esse
1626 2829 1871 2886 tribuen-

251 2913 398 2972 dum.
433 2916 501 2972 ln
533 2917 642 2975 hoc
672 2932 841 2990 opere
873 2934 925 2988 p.
957 2919 1064 2975 5M
1096 2920 1277 2977 tom.l
1319 2920 1541 2978 Patrum
1572 2921 1868 2980 Toletano-

249 3021 365 3069 tum
394 3008 519 3066 haec
544 3010 816 3067 habemus
844 3009 913 3068 de
939 3010 1166 3069 Sedulio
1192 3030 1207 3068 :
1237 3013 1390 3082 Quod
1412 3014 1459 3069 si
1480 3014 1671 3070 talibus
1700 3025 1748 3070 et
1770 3017 1868 3072 lm-

251 3397 343 3438 tuo
368 3398 528 3456 apere
548 3386 625 3439 ait
657 3383 889 3457 :lnfans
911 3401 1157 3459 namque,
1184 3395 1293 3443 etc.
1319 3386 1469 3443 Unde
1492 3387 1664 3443 adhuc
1684 3388 1823 3445 idem
1846 3405 1866 3446 .°

265 3476 386 3535 Vere
420 3481 619 3536 divina:
650 3481 1022 3553 generationis,
1054 3493 1161 3550 etc,
1198 3481 1351 3538 Nihil
1379 3497 1504 3557 ergo
1526 3485 1758 3555 apertius
1787 3485 1870 3539 di-

252 3586 364 3629 cere
404 3582 655 3648 queunt,
687 3572 823 3629 nihil
862 3575 1185 3648 manifestius
1239 3577 1277 3630 ii
1306 3576 1474 3631 sancti
1526 3576 1763 3633 doctores
1805 3578 1870 3635 de

252 3676 402 3739 partu
462 3666 727 3742 Virginis,
775 3677 885 3725 etc.
936 3668 1114 3726 Verba
1143 3668 1464 3742 deprompta
1510 3679 1728 3727 suntex
1757 3670 1796 3727 l.
1830 3687 1869 3729 ll

253 3758 447 3832 Operis
471 3760 783 3827 Paschalis,
818 3762 934 3818 sive
958 3777 1158 3833 prosus.

323 3854 457 3913 169.
491 3856 575 3912 Ah
601 3857 837 3912 Aratore
860 3856 1147 3913 Sedulium
1173 3855 1455 3913 laudatum
1479 3857 1700 3929 quidam
1735 3857 1871 3914 scri-

254 3954 441 4019 ptores
494 3947 749 4004 referunt
782 3965 796 4003 :
828 3947 974 4018 quod
1005 3950 1260 4019 Opinatur
1305 3946 1575 4004 Cellarins
1630 3964 1752 4004 esse
1803 3964 1869 4005 ex

254 4036 374 4096 Aldi
404 4040 683 4099 relatione
732 4041 785 4097 in
843 4041 954 4097 vita
986 4042 1271 4099 Aratoris:
1306 4040 1601 4098 Contulissc
1624 4054 1795 4101 autem
1817 4060 1872 4098 se

254 4137 320 4190 ad
343 4134 653 4192 scribendos
682 4135 843 4193 Actus
870 4136 1233 4207 apostolorum
1253 4136 1450 4193 idcirco
1480 4136 1706 4192 versibus
1735 4135 1869 4191 Ara-

256 4238 333 4284 tor
363 4230 588 4296 dicitur,
617 4228 761 4299 quod
792 4228 978 4299 fecisse
1001 4229 1137 4284 idem
1165 4229 1219 4284 in
1240 4226 1530 4304 Evangelia
1558 4227 1870 4296 Iuvencum,

254 4339 314 4380 ac
341 4323 629 4385 Sedulium
655 4322 884 4378 vidisset.
911 4321 980 4378 Id
998 4340 1113 4379 vero
1133 4325 1186 4379 in
1208 4341 1267 4379 eo
1289 4325 1510 4380 Aratore
1530 4324 1652 4381 licet
1675 4323 1871 4391 videre,

255 4420 340 4488 qui
389 4416 633 4474 Venetiis
660 4427 708 4473 et
735 4418 789 4473 in
816 4416 888 4472 D.
925 4416 1116 4492 Georgi
1140 4428 1482 4490 cognomento
1539 4417 1792 4492 blajoris,
1824 4425 1875 4473 et

254 4506 353 4566 Dei
360 4526 504 4581 parte
532 4525 740 4581 semper
771 4508 1005 4584 Virginis
1030 4510 1086 4564 in
1111 4508 1275 4564 hortis
1299 4508 1607 4565 bibliotheca
1627 4507 1875 4580 alligatus

253 4615 345 4663 est.
403 4606 462 4663 In
515 4605 851 4664 bibliotheca
907 4604 1162 4662 Vaticana
1209 4614 1294 4661 est
1349 4604 1523 4661 codex
1584 4604 1872 4660 Palatinus

256 4715 407 4760 num.
444 4702 609 4775 1717,
651 4701 707 4757 in
731 4700 825 4757 fol.
858 4716 1079 4774 magno,
1107 4700 1290 4757 saeculi
1321 4716 1375 4757 χι
1406 4699 1650 4767 circiter,
1684 4698 1736 4754 in
1777 4716 1874 4756 cu~

248 4800 338 4873 jus
368 4801 532 4857 initio
571 4799 658 4856 sic
709 4807 957 4854 notatum
1011 4798 1233 4853 invenio
1266 4813 1280 4851 :
1308 4797 1500 4852 Arator
1520 4797 1873 4853 subdiaconus

257 4898 356 4967 fuit
395 4902 591 4950 sancta
641 4891 741 4948 Dei
791 4892 1040 4949 Romanae
1067 4889 1339 4957 Ecclesia,
1387 4890 1479 4961 qui
1505 4888 1872 4957 considerans,

256 4988 548 5048 Iuvencum
572 4998 624 5045 et
655 4987 931 5043 Sedulium
961 4987 1169 5042 metrica
1217 4986 1490 5058 scripsisse
1532 5000 1656 5039 suos
1691 4982 1873 5052 libros,

258 5072 504 5150 decrevit,
532 5100 588 5140 se
613 5082 845 5153 versiﬁce
866 5081 1184 5153 scripturum
1210 5079 1369 5135 Actus
1400 5078 1798 5149 Apostolorum.

317 5179 444 5237 170.
478 5175 629 5234 Beda
657 5185 959 5233 comment.
988 5175 1042 5231 in
1075 5172 1275 5230 Lucam
1303 5189 1428 5246 cap.
1460 5173 1550 5239 49,
1587 5171 1654 5228 ad
1684 5173 1876 5242 verba,

258 5271 643 5345 Cruciﬁxerunt
672 5286 787 5326 eum
813 5314 829 5339 ,
862 5278 971 5326 etc.
1025 5286 1038 5324 :
1087 5267 1325 5334 Qualiter
1364 5284 1492 5325 sane
1517 5264 1779 5324 Dominus
1822 5268 1877 5325 in

258 5382 406 5422 cruce
433 5366 502 5421 sit
545 5363 772 5438 positus,
812 5361 996 5435 quidve
1020 5361 1198 5417 cadent
1241 5362 1589 5429 sacratissimi
1640 5362 1876 5435 corporis

259 5459 445 5527 positio
473 5456 668 5529 regalis
694 5455 747 5510 in
797 5473 850 5510 se
873 5455 986 5526 typi
1040 5454 1323 5522 contineat,
1357 5453 1610 5513 Sedulius
1656 5454 1714 5509 in
1764 5453 1879 5509 Pa-

258 5552 421 5609 schali
443 5551 688 5609 Carmine
715 5548 930 5623 pulchre
952 5549 1177 5605 versibus
1222 5549 1356 5606 dixit
1383 5593 1398 5618 ,
1432 5566 1556 5606 neve
1576 5550 1699 5625 quis
1727 5550 1878 5622 igno-

256 5658 352 5718 ret,
401 5656 513 5705 etc.
547 5643 809 5702 Producit
837 5659 1054 5703 versum
1089 5644 1212 5712 188,
1256 5653 1311 5701 et
1340 5646 1483 5703 alios
1527 5653 1744 5718 septem
1778 5661 1871 5701 se-

260 5752 493 5816 quentes
519 5740 651 5797 libri
676 5756 729 5809 v,
759 5740 849 5812 qui
892 5741 945 5796 iu
974 5739 1163 5796 codice
1194 5750 1385 5799 nostro
1414 5740 1793 5799 Ottoboniano
1817 5740 1877 5808 2,

259 5851 288 5893 a
308 5853 474 5896 versu
506 5834 748 5904 Quatuor
773 5834 895 5891 inde
918 5834 1109 5910 plagas
1130 5847 1386 5894 seorsum
1412 5844 1803 5902 recensentur,
1830 5844 1887 5892 et

261 5944 500 6008 quatuor
530 5921 654 5988 aliis
673 5922 969 6003 praemissis
993 5930 1237 5990 versibus
1263 5919 1504 6001 Qualiter
1530 5931 1744 6006 aﬂiztts,
1770 5938 1880 5990 etc.

1967 521 2182 601 versus,
2214 509 2456 579 Qualiter
2472 517 2674 588 uilicus,
2707 529 2851 588 etc.,
2883 537 2952 581 ex
2981 527 3209 601 antiquo
3239 509 3570 595 ms.codice

1968 598 2347 677 Tliorneyensi
2401 609 2524 666 sine
2554 613 2659 669 ulla
2697 614 3068 688 discrepantia
3097 598 3353 684 lectionis
3403 629 3570 690 Usse~

1966 694 2084 749 rius
2113 699 2358 767 protulit.
2383 702 2592 761 Versus
2621 717 2799 766 autem
2831 712 3041 772 Sedulii
3066 716 3136 775 de
3163 718 3337 779 Cruco
3366 740 3397 779 a
3419 740 3564 784 vers.

1966 787 2093 855 181,
2125 788 2245 848 Pan:
2269 796 2436 851 crucis
2458 799 2567 867 ipse
2589 802 2707 874 fuit,
2742 806 3094 876 proferuntur
3138 813 3302 872 etiam
3348 831 3379 872 a
3409 817 3565 876 Dun-

1962 882 2110 954 galo,
2142 893 2198 940 et
2224 886 2295 942 ah
2346 887 2483 947 Jona
2512 890 2893 957 Aurelianensi
2942 903 3009 959 ad
3048 905 3253 963 cultum
3285 923 3566 970 sacrarum

1963 978 2265 1050 imaginum
2319 986 2699 1062 probandum,
2744 1004 2804 1049 ut
2857 996 2924 1052 ad
2954 1013 3077 1054 eum
3127 1000 3309 1060 locum
3361 1006 3566 1070 dicam.

1964 1070 2175 1129 Rursus
2218 1074 2360 1133 Beda
2410 1079 2465 1134 in
2523 1081 2691 1139 libros
2747 1085 2954 1159 Regum
2994 1103 3193 1162 quaest.
3219 1095 3312 1164 '28,
3345 1113 3468 1154 cum
3497 1115 3565 1158 ex

1962 1165 2175 1225 Joanne
2193 1168 2797 1248 Constantinopolitano
2818 1183 3081 1256 episcopo
3108 1189 3410 1260 retulisset,
3426 1207 3569 1264 grat-

1963 1276 2058 1319 cos
2088 1278 2158 1320 ex
2178 1280 2408 1323 ascensu
2435 1269 2569 1326 Elite
2597 1271 2827 1331 ﬁnxisse
2855 1292 3105 1347 currum,
3136 1296 3329 1352 equos,
3375 1293 3433 1340 et
3483 1300 3574 1341 ru-

1962 1354 2085 1411 dios
2127 1358 2278 1428 solis,
2309 1360 2566 1418 addidit:
2605 1364 2756 1432 Quod
2799 1371 2937 1424 enim
2982 1389 3149 1444 gra'ce
3199 1390 3335 1433 tuos
3381 1377 3572 1434 dicitur

1961 1448 2063 1517 sol,
2091 1452 2224 1507 sicut
2252 1454 2407 1511 etiam
2428 1456 2699 1527 Sedulius,
2741 1479 2859 1518 cum
2882 1464 2947 1520 de
2982 1464 3120 1523 Elite
3155 1485 3370 1526 ascensu
3416 1488 3571 1528 cane-

1961 1554 2063 1616 ret,
2095 1549 2318 1603 ostendit
2367 1552 2562 1619 dicens,
2611 1565 2721 1612 etc.
2753 1556 2946 1615 Refert
2977 1577 3200 1619 versum
3235 1564 3336 1621 184
3367 1577 3424 1622 et
3458 1573 3571 1625 tres

1960 1650 2258 1712 sequentes
2284 1645 2392 1718 97
2448 1646 2573 1703 libri
2600 1666 2635 1705 I.
2682 1650 2766 1707 Ex
2798 1652 2993 1709 eodem
3024 1654 3172 1712 Beda
3203 1658 3257 1713 in
3298 1658 3576 1718 breviario

1962 1729 2211 1792 Romano
2250 1737 2304 1792 in
2353 1738 2709 1800 Dedicatione
2738 1744 2797 1800 S.
2834 1746 3016 1803 Maria:
3060 1749 3128 1805 ad
3167 1749 3338 1808 Nives
3369 1752 3571 1810 recita-

2023 1842 2088 1883 us
2124 1846 2137 1883 :
2169 1827 2298 1885 Vere
2322 1833 2459 1887 enim
2501 1834 2648 1891 beata
2675 1853 2883 1909 parens,
2916 1857 3033 1913 quae
3060 1843 3194 1897 sicut
3219 1844 3431 1916 quidam
3456 1846 3531 1900 ait
3553 1861 3573 1901 :

1967 1923 2141 1980 Enixa
2170 1925 2190 1998 (
2216 1936 2291 1981 est
2317 1930 2333 1993 )
2363 1946 2618 2004 puerpera
2642 1948 2835 2005 regem,
2858 1944 2966 1992 etc.
2991 1936 3199 1995 Versus
3219 1950 3342 1996 sunt
3365 1940 3576 1998 Sedulii

1964 2018 2002 2074 I.
2028 2037 2087 2089 ιι,
2118 2037 2262 2080 vers.
2295 2024 2366 2081 65
2392 2040 2511 2097 seq.
2556 2027 2674 2097 Quo
2710 2030 2833 2085 loco
2857 2044 3226 2103 opportunum
3271 2043 3357 2090 est
3381 2035 3578 2092 adver-

1965 2125 2081 2172 tere
2104 2118 2253 2189 ste'pe
2280 2119 2333 2174 in
2361 2119 2558 2185 ofﬁciis
2579 2123 2849 2195 liturgicis
2870 2126 3038 2183 verba
3062 2126 3272 2185 Sedulii
3294 2128 3576 2198 adhiberi;

1967 2227 2092 2267 nam
2148 2224 2349 2284 praeter
2399 2216 2656 2290 hymnos,
2704 2221 2797 2292 qui
2826 2236 2893 2278 ex
2925 2221 3156 2280 Sedulio
3201 2224 3254 2280 in
3300 2224 3577 2281 breviario

1966 2307 2309 2365 Mozarabico
2340 2320 2393 2365 et
2441 2311 2689 2370 Romano
2712 2324 2863 2384 sunt,
2899 2325 2955 2372 ut
2993 2316 3048 2372 in
3079 2332 3195 2372 var.
3242 2317 3470 2374 lection.
3503 2316 3573 2374 ad

1968 2401 2228 2476 hymnum
2262 2403 2468 2461 Sedulii
2496 2405 2694 2473 dicam,
2724 2408 2777 2464 in
2806 2410 3242 2469 Circumcisione
3265 2412 3483 2468 Domini
3505 2411 3578 2470 ad

1967 2500 2317 2569 responsoria
2348 2500 2384 2555 '2
2415 2504 2671 2559 nocturni
2700 2505 2864 2560 verba
2910 2522 2972 2562 es
3003 2506 3198 2562 eodem
3241 2506 3445 2579 hymno
3477 2505 3579 2563 Se-

1968 2591 2103 2649 dulii
2133 2603 2472 2665 repetuntur,
2511 2596 2705 2653 Domus
2748 2598 2927 2671 pudici
2970 2602 3212 2674 pectoris,
3245 2608 3377 2674 elc.,
3417 2609 3472 2657 et
3519 2599 3576 2656 in

1970 2685 2198 2744 introitu
2243 2688 2421 2745 Missa:
2473 2691 2673 2747 votivae
2726 2692 3008 2765 Deiparte,

2095 2851 2261 2925 Salve,
2289 2859 2458 2925 sancta
2482 2866 2681 2919 parens,
2704 2854 2851 2925 enixa
2874 2868 3163 2922 puerpuera
3184 2869 3385 2925 regem,

2097 2914 2193 2976 Qui
2214 2915 2391 2967 caelum
2414 2914 2711 2983 terramque-
2724 2914 2887 2985 regit,

1970 3345 2111 3417 legi:
2133 3346 2390 3420 Egregius
2410 3348 2727 3418 versiﬁcator
2763 3347 2861 3403 Dei
2880 3349 3190 3420 sapientiam
3209 3347 3383 3403 omnia
3406 3362 3580 3414 nosse,

1972 3450 2125 3514 atque
2164 3458 2311 3511 posse
2361 3443 2656 3498 considerat
2705 3442 2882 3497 dicens
2912 3459 2931 3497 :
2978 3441 3080 3509 Qui
3105 3439 3285 3498 stellas
3311 3455 3578 3506 numeras,

1972 3546 2080 3593 etc.
2129 3534 2273 3593 Sunt
2312 3550 2505 3593 versus
2564 3534 2633 3592 66
2663 3544 2723 3592 et
2756 3551 2875 3607 seq.
2907 3535 2942 3591 l.
2998 3551 3040 3591 ι.
3072 3533 3132 3590 ln
3166 3533 3441 3590 breviario
3468 3530 3583 3587 Ro-

1973 3646 2139 3688 mano
2178 3647 2323 3688 nunc
2357 3631 2411 3686 id
2439 3646 2548 3687 non
2580 3629 2799 3702 legitur,
2826 3629 2921 3686 sed
2962 3629 3250 3701 legebatur
3282 3635 3467 3691 antea,
3519 3631 3581 3679 ut

1972 3725 2219 3796 liquetex
2245 3724 2518 3782 breviario
2538 3724 2787 3780 Romano
2817 3723 2885 3780 de
2900 3723 3129 3779 Camera
3147 3727 3461 3791 nuncupato
3475 3716 3580 3774 Ve-

1974 3822 2140 3876 netiis
2188 3818 2329 3875 1550
2364 3818 2506 3888 apud
2554 3816 2747 3873 Juntns
2780 3818 2832 3871 in
2860 3816 2978 3880 lol.,
3019 3814 3113 3871 ubi
3147 3816 3199 3869 in
3238 3811 3432 3883 Vigilia
3462 3824 3578 3864 om-

1973 3916 2120 3972 nium
2152 3922 2471 3969 sanctorum
2512 3926 2576 3965 ex
2627 3925 2882 3967 sermone
2925 3907 3137 3963 Rabani
3176 3904 3416 3961 refertur
3450 3920 3464 3957 :
3509 3900 3577 3956 Et

1973 4011 2211 4085 egregius
2233 4007 2325 4063 ille
2354 4003 2932 4075 t'ersiﬁcatorSedulius
2950 3998 3049 4054 Dei
3070 3996 3382 4069 sapientiam
3403 3992 3580 4085 omnia

1974 4120 2145 4180 posse,
2176 4112 2331 4172 atque
2356 4116 2525 4167 nosse,
2553 4108 2656 4154 etc.
2698 4097 2945 4166 Denique
2996 4092 3301 4163 saepissime
3331 4086 3476 4143 Beda
3524 4084 3583 4139 in

1977 4200 2120 4255 libro
2150 4197 2217 4252 de
2246 4197 2381 4250 Arte
2413 4192 2642 4250 metrica
2673 4189 2890 4261 regulas
2918 4201 3047 4242 suas
3076 4182 3351 4253 exemplo,
3389 4187 3447 4235 et
3486 4193 3586 4232 au-

1976 4292 2231 4348 ctoritate
2253 4287 2464 4345 Sedulii
2486 4284 2800 4348 confirmat,
2817 4280 2936 4351 ejus
2961 4278 3183 4334 nomine
3208 4274 3374 4330 modo
3395 4272 3587 4338 tacito,

1978 4384 2142 4440 modo
2168 4395 2454 4453 expresso,
2487 4388 2547 4433 ut
2570 4378 2624 4432 in
2660 4387 2811 4442 not.,
2851 4384 2908 4429 et
2961 4387 3077 4427 var.
3115 4366 3447 4425 lectionibus
3468 4378 3583 4418 mo-

1981 4482 2151 4538 ueho.
2182 4478 2385 4535 Bedam
2401 4473 2802 4531 commentario
2820 4466 3118 4524 illustravit
3136 4463 3324 4519 nescio
3342 4458 3465 4531 quis
3490 4471 3589 4511 an-

1985 4575 2169 4645 tiquus
2194 4571 2437 4641 scriptor
2463 4566 2517 4622 in
2550 4580 2654 4621 ms.
2700 4562 2893 4619 codice
2918 4558 3206 4622 Vaticano,
3256 4569 3418 4627 quem
3448 4564 3589 4605 voco

1980 4668 2120 4738 Reg.
2144 4665 2203 4734 4,
2234 4674 2293 4722 ut
2313 4663 2430 4720 dixi
2459 4677 2610 4716 num.
2658 4658 2748 4714 69.
2782 4656 2832 4711 ls
2883 4655 3050 4726 igitur
3079 4649 3246 4707 simili
3288 4646 3475 4715 modo,
3524 4658 3588 4701 ac

1981 4760 2153 4828 Beda,
2208 4756 2420 4819 Sedulii
2453 4769 2646 4811 versus
2704 4751 2759 4806 in
2785 4749 3099 4818 exemplum
3126 4744 3405 4817 producit.

2053 4867 2183 4924 171.
2218 4868 2298 4923 Ex
2326 4862 2518 4920 eodem
2551 4856 2695 4913 Beda
2730 4869 2880 4910 num.
2910 4851 2981 4907 48
3021 4847 3333 4913 observavi,
3359 4842 3593 4901 ’Aldltel-

1982 4976 2134 5019 mum
2162 4957 2473 5016 imitatione
2500 4949 2707 5009 Sedulii
2736 4947 2936 5004 librum
2961 4943 3029 5000 de
3058 4941 3382 5013 Virginitate
3404 4950 3589 5007 prosa,

1980 5068 2041 5112 et
2063 5062 2244 5109 metro
2274 5048 2652 5119 composuisse
2682 5062 2694 5098 :
2725 5040 3050 5098 Aldhelmus
3077 5046 3257 5093 tamen
3288 5030 3441 5102 prius
3462 5040 3591 5083 ora.

1981 5152 2191 5208 tionem
2231 5146 2492 5211 solutam,
2530 5151 2641 5197 tum
2676 5155 2899 5197 carmen
2931 5131 3236 5195 contexuit,
3263 5137 3454 5183 contra
3494 5122 3591 5179 Se-

1980 5242 2186 5300 dulius.
2213 5241 2272 5296 ln
2314 5237 2558 5294 carmine
2601 5233 2874 5290 Aldhelmi
2907 5228 3052 5301 apud
3091 5224 3371 5283 Canisium
3420 5222 3590 5291 antiq.

1977 5336 2209 5394 lection.
2244 5330 2479 5402 tom.’V,
2516 5337 2655 5401 part.
2695 5327 2753 5396 Ξ,
2783 5341 2902 5397 pag.
2931 5324 3057 5388 857,
3090 5330 3387 5391 suppresso
3416 5313 3593 5371 Sedu-

1979 5430 2039 5486 lii
2068 5427 2293 5487 nomine
2321 5441 2516 5483 versus
2539 5423 2659 5494 ejus
2686 5420 2922 5478 refertur
2957 5434 2970 5470 :

2109 5583 2211 5647 Sic,
2236 5589 2461 5647 mutante
2484 5581 2610 5642 Deo,
2637 5583 2884 5630 mutantur
2908 5571 3071 5647 corda
3094 5569 3328 5647 ferarum,

2155 5635 2340 5698 namvis
2362 5635 2619 5697 stultorum
2645 5635 3102 5705 torpescantgcorda
3126 5636 3359 5704 virorum,

2155 5650 2340 5698 namvis
2362 5647 2619 5697 stultorum
2645 5647 2926 5705 torpescant
2954 5647 3102 5686 coras
3126 5647 3359 5704 Virorum,

2109 5647 2174 5759 8t
2196 5709 2438 5770 quondam
2460 5714 2602 5759 vates
2623 5703 2728 5770 cola
2749 5715 2861 5752 cum
2882 5702 3125 5770 commate
3150 5698 3386 5770 prompsn
3413 5705 3426 5742 :

2108 5759 2373 5825 Edidlcere
2396 5785 2572 5823 cruces
2595 5767 2808 5834 predam
2829 5773 3032 5815 servare
3060 5759 3253 5810 leones.

1981 5924 2095 5998 93
2116 5923 2213 5980 llic
2242 5931 2394 5983 vates
2415 5932 2499 5980 est
2527 5916 2808 5986 Sedulius,
2832 5921 2894 5972 ut
2924 5912 2977 5970 in
3003 5908 3196 5969 codice
3228 5920 3331 5966 ms.
3360 5900 3588 5964 Aldhel-
