4060 6320
506 323 609 379 νοτ
1784 310 2072 373 C(ELIUS
2108 298 2471 371 summes.

3702 310 3807 370 508

503 442 573 494 tni
604 441 863 496 Vaticano
891 437 1149 494 Palatino
1182 452 1333 493 num.
1366 436 1530 507 2078,
1568 436 1634 491 sd
1666 436 1965 505 marginem
2001 448 2097 489 no-
2129 422 2177 495 Α
2279 430 2404 488 175.
2426 430 2633 489 Saltem
2668 429 3018 488 imitaremur
3055 428 3358 487 istiusmodi
3399 427 3808 490 versiﬁcatores

505 540 673 598 tatur,
711 536 761 587 in
794 550 903 604 quo
933 536 1100 589 etiam
1123 539 1409 588 correctus
1449 530 1646 600 legitur
1674 528 1883 585 Sedulii
1915 534 2106 582 versus

504 625 571 681 Et
596 628 845 695 didicere,
870 636 1005 695 etc.,
1029 627 1111 682 sic
1131 627 1277 682 enim
1300 627 1378 681 ait
1402 624 1658 683 Sedulius
1684 625 1720 679 l.
1739 639 1779 690 ι,
1802 636 1949 679 vers.
1970 619 2099 679 219.

499 717 555 773 ln
596 732 755 788 prosa
789 719 1111 776 Aldheltnus
1146 738 1159 774 :
1196 717 1267 776 Ut
1299 726 1452 790 poeta
1484 719 1548 773 de
1573 719 1829 793 propheta
1857 731 1875 768 :

623 831 687 884 Et
704 834 923 887 didicere
950 845 1118 887 truces
1139 835 1352 901 praedam
1371 849 1575 886 servare
1598 835 1791 885 leones.

499 939 752 997 Canisius
779 941 843 997 ad
871 945 1174 1014 marginem
1197 943 1558 1011 hemistichii,
1581 942 1712 1000 Cola
1737 959 1856 999 cum
1879 957 2101 997 comma-

502 1043 553 1090 te
595 1037 870 1105 prompsit,
896 1036 1151 1093 indicavit
1196 1050 1355 1109 caput
1387 1037 1458 1093 28
1501 1037 1705 1103 Prosw,
1741 1036 1829 1091 ubi
1875 1034 2102 1091 Aldhel-

502 1142 624 1183 mus
649 1129 725 1184 ait
757 1147 768 1183 :
806 1128 961 1197 Quod
986 1147 1205 1203 prosper
1225 1148 1316 1202 per
1345 1132 1482 1197 cola,
1515 1140 1565 1185 et
1607 1141 1867 1185 commata
1894 1128 2103 1184 mellitis

496 1238 738 1278 versuum
767 1226 1222 1298 epigrammatibus
1241 1227 1540 1280 inculcaril.
1574 1225 1937 1295 Qumrcndum
1968 1239 2103 1296 ergo

498 1324 603 1384 est,
628 1317 757 1388 quid
788 1318 1058 1390 signiﬁcet
1092 1316 1306 1389 phrasis
1336 1317 1634 1385 Aldhelmi,
1667 1317 1793 1374 Cela
1818 1334 1934 1373 cum
1962 1334 2102 1372 com-

505 1418 640 1461 mate
688 1411 962 1483 prompsit,
1000 1410 1084 1467 vel
1121 1409 1271 1479 Cela,
1304 1422 1352 1466 et
1396 1422 1650 1467 commata
1704 1410 1995 1467 inculcavit.
2023 1411 2099 1467 Ex

498 1499 620 1570 ipso
648 1501 938 1560 Aldhelmo
970 1504 1191 1576 colligo,
1221 1504 1305 1561 his
1333 1506 1518 1562 verbis
1555 1506 1876 1578 signiﬁcari,
1906 1522 2101 1564 versus

497 1596 650 1650 suavi
712 1598 947 1666 quodam
1001 1598 1238 1655 artiﬁcio
1288 1615 1409 1656 esse
1457 1601 1830 1683 compositos;
1880 1617 2001 1657 nam
2046 1602 2098 1658 in

502 1687 772 1759 principio
804 1688 1064 1747 carminis
1091 1691 1167 1746 ait
1190 1708 1205 1747 :

622 1804 730 1856 Non
753 1818 875 1870 rogo
898 1808 1134 1860 ruricolas
1156 1788 1354 1875 versus,
1380 1816 1433 1862 et
1453 1818 1690 1862 contmats
1706 1824 1889 1873 musas,

497 1912 565 1966 Et
592 1913 755 1983 paulo
780 1924 898 1985 post
934 1935 949 1972 :

622 2027 839 2100 Eoisque
880 2042 993 2081 eum
1018 2034 1225 2100 pedibus
1251 2041 1537 2100 pergantet
1574 2043 1817 2087 commata
1837 2038 2016 2100 ternis,

624 2090 855 2163 Qactylus
878 2090 1091 2163 excepto
1112 2090 1762 2163 decurratvlineirnetrorum
1788 2138 1805 2163 ,

628 2152 1401 2226 Sporitlaei.quiul'atncoulemnat
1420 2160 1607 2226 syllaba
1636 2152 1847 2223 partem,

625 2214 806 2285 yltima
827 2214 1113 2285 slc'irochei
1133 2222 1392 2272 concludat
1414 2214 1584 2273 litters
1609 2214 1826 2285 versum,

618 2279 883 2352 Extremus
902 2283 1095 2352 iugiter
1117 2285 1202 2347 qui
1222 2287 1409 2348 gaudet
1430 2286 1567 2352 calce
1606 2289 1792 2338 teneri.

619 2340 701 2392 Sie
724 2346 879 2394 ternis
902 2340 1111 2408 pedibus
1131 2340 1402 2411 properent
1427 2350 1778 2412 epigrammata
1803 2350 1972 2401 metri.

494 2440 710 2501 Primus
737 2463 927 2505 versus
951 2450 1002 2504 in
1030 2450 1265 2524 vulgatis
1287 2453 1510 2510 exhibet
1539 2456 1807 2511 commoda
1840 2472 1939 2526 pro
1957 2473 2100 2513 com-

494 2550 670 2607 mala,
715 2542 801 2598 vel
851 2556 1104 2601 comata:
1153 2556 1385 2621 utroque
1426 2550 1572 2606 enim
1615 2550 1780 2607 modo
1818 2551 2096 2609 scribitur.

501 2627 696 2689 Veram
747 2646 930 2693 autem
982 2639 1438 2710 signiﬁcationem
1489 2643 1631 2715 apud
1673 2643 2098 2717 lexicograpbos

492 2723 693 2782 frustra
717 2744 952 2813 quaeres.
984 2731 1213 2805 Sergius
1243 2739 1662 2806 grammaticus,
1695 2736 1788 2806 qui
1820 2740 1871 2793 in
1904 2739 2096 2796 codice

495 2816 755 2876 Vaticano
778 2822 1027 2882 Palatino
1056 2828 1195 2885 1578
1215 2838 1443 2885 vocatur
1463 2830 1774 2903 Scrregius,
1800 2832 1903 2887 nisi
1927 2833 2092 2888 libra-

490 2915 609 2973 rius
635 2919 874 2976 voluerit
902 2924 1150 2983 scribere
1182 2927 1394 2983 Set-rius
1424 2926 1638 3003 Regius,
1665 2929 1718 2985 in
1756 2942 2095 2987 commenta-

488 3011 573 3065 rio
602 3013 654 3068 in
682 3015 706 3069 1
744 3016 1042 3074 editionem
1088 3020 1305 3090 Donati,
1336 3040 1457 3094 qua:
1489 3036 1575 3082 est
1614 3024 1685 3083 de
1717 3025 1924 3094 littera,
1954 3034 2090 3096 etc.,

490 3104 570 3162 sic
594 3108 875 3167 concludit
906 3114 1069 3168 :Cola
1099 3127 1294 3185 autem,
1326 3127 1376 3173 et
1404 3130 1609 3176 comata
1634 3120 1870 3191 ejusdem
1898 3124 2093 3178 oratio-

2208 525 2529 595 Jannitium,
2564 526 2656 598 qui
2694 536 2832 596 opus
2869 534 3065 594 metro,
3099 535 3153 581 et
3189 538 3349 595 prosa
3382 541 3412 580 a
3439 539 3501 582 se
3531 525 3810 596 composi-

2210 626 2324 677 tnm
2357 632 2619 693 perquam
2641 619 2892 678 tnodeste
2916 619 3131 693 (credo,
3151 627 3210 675 ut
3232 620 3465 674 aliorum
3492 617 3809 689 iactantiam

2206 713 2263 769 in
2317 713 2492 770 titulis
2524 714 2637 770 suis
2679 713 3072 785 exaggerandis
3107 711 3454 782 retunderet)
3488 709 3572 767 sie
3617 709 3811 766 inscri-

2207 811 2317 884 psit
2350 806 2708 863 :Bibliotlteca
2737 807 3026 863 Conventus
3058 805 3167 863 SS.
3194 804 3425 885 Joannis
3446 815 3495 859 et
3514 802 3681 859 Pauli
3711 804 3804 859 0r-

2208 905 2347 959 dinis
2386 902 2797 960 Praedicatarum
2838 900 3068 958 Venetiis
3099 913 3263 971 nuper
3290 908 3496 969 aperta,
3529 915 3563 952 a
3584 894 3686 953 Fr.
3717 896 3811 954 Ja-

2207 999 2336 1054 cobo
2364 998 2535 1054 Maria
2560 996 2827 1065 Jannitio,
2857 995 3055 1052 nullius
3091 995 3319 1052 scientiis
3354 992 3676 1067 professore,
3708 993 3806 1047 mi-

2205 1093 2440 1165 nimeque
2466 1094 2519 1147 in
2543 1093 2687 1165 poesi
2711 1101 2929 1146 versato.

2280 1187 2402 1243 174.
2434 1186 2491 1241 ln
2521 1184 2902 1241 controversia
2932 1183 3078 1239 inter
3108 1181 3460 1237 llincmarum
3494 1189 3551 1236 et
3595 1176 3805 1236 Gathe-

2209 1278 2473 1345 scalcum,
2508 1279 2560 1334 in
2592 1278 2733 1333 trina
2763 1276 2929 1332 deitas
2953 1276 3057 1331 dici
3081 1274 3274 1346 possit,
3307 1272 3570 1331 Sedulius
3593 1286 3808 1344 quoque

2210 1376 2263 1430 in
2309 1382 2495 1446 partes
2537 1375 2714 1428 venit.
2745 1370 3144 1429 Gutltescalcus
3187 1369 3244 1425 in
3284 1368 3552 1425 schedula
3605 1382 3701 1424 sua
3740 1366 3805 1424 ad

2211 1468 2561 1522 llinctnarutn
2595 1483 2609 1521 :
2644 1464 2714 1522 Ut
2748 1473 2824 1519 est
2853 1461 2989 1519 illud
3034 1460 3241 1519 Sedulii
3267 1461 3443 1533 ﬁdelis
3487 1467 3655 1531 poette
3682 1461 3757 1515 tui
3787 1474 3808 1516 :

2210 1561 2315 1617 Iste
2338 1561 2491 1632 ﬁdem
2520 1571 2743 1631 (emunt,
2772 1568 2883 1616 etc.
2926 1559 3252 1615 Hiuctuarus
3284 1558 3341 1613 in
3378 1571 3553 1627 opere
3590 1556 3671 1612 De
3701 1572 3804 1613 non

2208 1659 2349 1714 trina
2395 1658 2600 1713 deitate
2629 1655 2794 1712 verba
2829 1654 3038 1721 Sedulii
3069 1654 3329 1726 explicat,
3357 1668 3519 1724 quem
3554 1667 3666 1708 non
3718 1666 3804 1708 se-

2207 1751 2310 1807 mel
2340 1749 2691 1804 venerandum
2718 1746 2983 1820 appellat.

2128 1842 2175 1901 B
2277 1843 2402 1900 175.
2434 1841 2826 1916 Theodulpbus
2852 1837 3271 1898 Aurelianensis
3302 1838 3429 1896 libr.
3456 1855 3535 1910 tv,
3568 1853 3739 1896 carm.
3765 1855 3801 1909 t,

2206 1951 2349 1994 vers.
2378 1934 2440 1991 11
2471 1953 2484 1989 :

2328 2051 2450 2103 Cura
2477 2052 2664 2102 decens
2689 2051 2887 2114 Patrum
2913 2063 3007 2100 nec
3023 2054 3132 2100 erat
3154 2058 3402 2113 postrema
3422 2049 3664 2114 primum,

2392 2114 2606 2176 Quorum
2624 2119 2739 2163 sunt
2759 2113 2936 2176 subter
2959 2111 3165 2162 nomina
3197 2114 3397 2176 scripta,
3424 2111 3560 2162 vide.

2331 2174 2565 2227 Sedulius
2585 2175 2781 2238 rutilus,
2806 2175 3060 2238 Paulinus,
3095 2174 3308 2237 Antor,
3322 2178 3519 2237 Avitus,

2388 2239 2451 2290 Et
2470 2237 2787 2301 Fortunatus,
2816 2245 2991 2304 tuque,
3011 2237 3255 2300 Juvence,
3281 2247 3472 2290 tonans.

2208 2346 2366 2420 100
2389 2345 2473 2400 An
2513 2344 2704 2399 rutilus
2752 2345 2825 2400 sit
2868 2343 3159 2411 epitheton
3203 2342 3440 2409 Sedulii,
3484 2357 3556 2398 an
3606 2354 3802 2397 nomen

2202 2441 2488 2513 proprium
2519 2440 2746 2495 alterius
2772 2436 3074 2492 Christiani
3106 2446 3311 2507 poetae,
3330 2434 3571 2491 disserui
3595 2434 3651 2490 in
3676 2433 3806 2489 Pro-

2203 2537 2399 2607 legom.
2430 2534 2498 2590 ad
2528 2533 2827 2590 iuvencum
2861 2545 3013 2586 eum.
3046 2529 3171 2587 100.
3200 2528 3333 2587 libi
3374 2529 3556 2601 magis
3589 2526 3802 2586 videtur

2199 2643 2329 2686 esse
2359 2628 2662 2699 epitheton.
2692 2625 2786 2685 Sic
2817 2626 3114 2683 Petrarclta
3137 2624 3317 2696 celox.
3353 2622 3424 2680 10
3453 2643 3469 2679 :

2386 2742 2525 2793 Unas
2542 2747 2652 2792 erat
2672 2740 2849 2792 rutilus
2866 2736 3019 2791 divini
3039 2740 3170 2790 ruris
3193 2739 3389 2790 Anter.

2274 2846 2395 2904 1⁸16.
2454 2847 2659 2902 Eodem
2696 2846 2752 2903 in
2797 2846 2919 2901 loco
2958 2862 3013 2900 ιι.
3051 2846 3149 2901 101
3188 2844 3392 2917 protuli
3424 2845 3795 2902 testimonium

2199 2940 2418 2997 Notkeri
2458 2939 2672 2996 Balbuli
2712 2954 2835 3011 cap.
2868 2939 2902 2993 7
2926 2939 2995 2994 de
3035 2939 3387 3011 loterpretib.
3421 2954 3567 2995 sacr.
3606 2940 3794 3011 script.

2198 3052 2263 3090 ex
2293 3032 2576 3089 Thesauro
2611 3031 2820 3088 Anecd.
2847 3031 2989 3087 Pezii
3024 3041 3160 3087 tom.
3190 3048 3242 3087 ιιι
3278 3029 3605 3088 :Juoeneum
3633 3044 3680 3088 et
3704 3032 3798 3089 Se-

2195 3129 2377 3182 dulum
2415 3134 2694 3193 oratorem,
2725 3124 3046 3197 hymnosque
3095 3125 3483 3194 Ambrosianus,
3514 3127 3643 3193 scio,
3678 3128 3797 3200 quia

491 3198 571 3303 nis
594 3201 814 3273 singula:
833 3216 1007 3276 partes
1027 3225 1136 3263 esse
1150 3224 1453 3266 noscuntur.
1478 3213 1672 3268 Verum
1686 3216 2088 3282 meminerimus,
2117 3236 2167 3303 ο
2191 3224 2306 3293 jam
2337 3221 2601 3276 memerita
2628 3220 3023 3275 commendasti.
3050 3219 3349 3284 Admonui,
3377 3198 3697 3292 corruptum
3726 3222 3798 3278 lo-

488 3292 541 3346 iu
568 3310 726 3366 prosa
749 3300 986 3354 oratione
1015 3302 1154 3369 cola,
1188 3314 1234 3358 et
1262 3315 1466 3360 comata
1509 3307 1651 3363 idem
1692 3325 1823 3377 esse,
1850 3318 1901 3363 et
1929 3326 2091 3364 unum

486 3386 787 3457 significare
807 3408 824 3444 :
844 3393 901 3446 in
932 3409 1084 3449 uersu
1113 3413 1229 3450 vero
1260 3397 1432 3466 aliud,
1467 3409 1514 3454 et
1539 3402 1836 3456 diversum:
1862 3419 1982 3457 nam
2003 3403 2091 3458 ubi

487 3476 591 3534 duo
624 3481 770 3536 liberi
799 3499 917 3538 sunt
950 3486 1130 3556 pedes,
1164 3488 1328 3544 Colon
1368 3492 1582 3559 dicitur,
1618 3503 1675 3548 ut
1717 3495 1861 3567 apud
1907 3494 2089 3551 Hora-

484 3570 636 3636 tium,
668 3571 875 3627 Terruit
924 3580 1073 3632 urbes
1096 3596 1115 3632 :
1145 3579 1327 3649 Coma,
1360 3585 1571 3655 quando
1610 3598 1725 3658 post
1754 3589 1881 3641 duos
1912 3588 2087 3660 pedes,

483 3662 563 3716 vel
600 3672 715 3735 post
761 3677 861 3721 tres
904 3672 1139 3741 sequitur
1188 3672 1411 3745 syllaba,
1443 3694 1558 3746 quce
1595 3690 1795 3750 partem
1845 3682 2090 3737 terminat

482 3757 757 3826 arationis,
776 3763 900 3818 utin
926 3765 1095 3835 primo
1110 3785 1257 3825 versu
1281 3770 1655 3843 .Eneidorum,
1687 3775 1867 3846 Arma,
1900 3779 2090 3833 virum-

482 3866 582 3918 que
610 3867 760 3906 cano.
788 3852 923 3911 Item
954 3857 1113 3915 Arma
1131 3906 1146 3930 ,
1179 3864 1446 3935 virumque
1474 3884 1630 3936 cano,
1663 3868 1833 3941 Troja:
1854 3872 1943 3942 qui
1980 3874 2090 3944 pri-

482 3957 597 4037 mus
626 3946 689 4037 ab
717 3947 845 4004 oris.
868 3948 1058 4037 Codex
1101 3954 1220 4011 Vat.
1252 3958 1331 4014 sic
1368 3959 1576 4029 refert;
1610 3963 1705 4020 sed
1740 3964 1793 4018 in
1842 3964 2087 4021 editione

484 4031 726 4130 Putschii
761 4031 904 4097 inter
944 4053 1164 4103 veteres
1203 4053 1595 4120 grammaticos
1631 4066 1779 4111 recte
1804 4056 2083 4130 vulgatum

478 4136 581 4193 est,
616 4124 771 4199 Item,
798 4133 911 4209 99
937 4136 1115 4211 Arma,
1136 4142 1404 4217 virumque
1424 4163 1556 4201 cano
1583 4144 1755 4221 Troja:
1782 4166 1798 4202 :
1828 4149 1907 4205 sic
1936 4153 2083 4206 enim

483 4230 606 4289 post
637 4231 752 4280 tres
782 4229 950 4297 pedes
990 4236 1242 4302 sequitur
1271 4239 1502 4311 syllaba.
1543 4238 1610 4296 Ut
1634 4239 1703 4295 ad
1736 4240 2084 4298 Aldhelmum

479 4312 720 4385 redeam,
755 4318 941 4378 laudat
968 4323 1058 4380 hic
1086 4328 1253 4383 etiam
1278 4328 1562 4388 Sedulium
1582 4350 1704 4404 cap.
1727 4334 1761 4390 2
1786 4345 1843 4391 et
1867 4335 1935 4392 10
1957 4351 2085 4407 pro.

474 4421 571 4476 sua,
607 4419 664 4464 ut
690 4410 868 4468 dicam
897 4416 964 4469 ad
997 4432 1141 4475 vers.
1174 4423 1246 4476 ,15
1273 4431 1327 4478 et
1360 4424 1462 4480 179
1485 4425 1614 4482 libri
1635 4443 1671 4483 ι.

549 4502 673 4560 172.
696 4504 987 4564 Aldhelmo
1003 4512 1294 4585 atljungatn
1316 4518 1648 4576 imitatorem
1679 4520 1868 4589 alium,
1893 4539 2081 4593 quam-

2196 3331 2325 3371 cum
2369 3329 2491 3370 esse
2530 3312 2673 3382 apud
2725 3313 2971 3379 Pezium,
2995 3328 3058 3369 ac
3088 3312 3381 3385 legendum
3422 3313 3715 3370 Iuvencum
3750 3324 3796 3370 et

2196 3407 2495 3475 Sedulium,
2539 3405 2846 3471 Aratorem,
2878 3414 2980 3459 etc.
3048 3404 3211 3460 Tum.
3264 3405 3300 3460 V
3342 3403 3607 3461 Bibliutlt.
3651 3404 3791 3462 med.

2193 3502 2424 3558 Fabricii
2457 3514 2683 3557 recusas
2708 3512 2789 3556 est
2820 3501 2959 3557 liber
2985 3499 3214 3556 Netkeri
3236 3500 3470 3565 Balbuli,
3502 3500 3688 3573 ibique
3695 3500 3794 3571 ,le-

2192 3597 2339 3668 gitur
2374 3615 2388 3651 :
2419 3594 2709 3650 Iuvencum
2736 3607 2784 3651 et
2830 3594 3109 3652 Sedulium
3152 3592 3442 3649 Oratorem.
3480 3591 3560 3649 se
3604 3606 3792 3649 revera

2190 3693 2363 3746 rhetor
2394 3693 2447 3745 in
2480 3689 2758 3747 nonnullis
2781 3690 3065 3746 codicibus
3095 3690 3334 3762 antiquis
3357 3700 3586 3745 vocatur
3616 3690 3791 3747 Setin-

2192 3788 2314 3842 lius.
2354 3786 2717 3841 Nihilominus
2766 3786 2993 3855 primam
3040 3799 3216 3840 meam
3258 3785 3638 3855 conjecturam
3685 3800 3789 3841 non

2191 3879 2412 3950 abjicio.
2447 3877 2737 3937 Scribebat
2761 3877 3020 3934 Balbulus
3051 3878 3117 3934 ad
3142 3878 3492 3935 Salomonem
3518 3876 3790 3936 Constan-

2193 3975 2422 4031 tienscm
2483 3975 2801 4046 episcopum
2853 3974 3098 4041 tertium,
3143 3973 3301 4044 cujus
3336 3988 3533 4030 versus
3569 3980 3791 4030 exstant

2189 4065 2330 4139 apud
2360 4068 2636 4123 Canisium
2681 4066 3101 4139 antiq.lection.
3128 4077 3264 4122 tom.
3300 4067 3341 4135 l,
3366 4076 3421 4124 et
3459 4081 3528 4123 ex
3563 4067 3789 4139 prologo

2188 4163 2325 4216 satis
2355 4158 2701 4231 intelligitur,
2731 4158 3012 4216 Sedulium
3050 4160 3118 4216 ab
3150 4175 3217 4217 eo
3263 4160 3564 4232 perlectum
3602 4158 3784 4219 fuisse.

2191 4250 2326 4308 Vide
2344 4268 2459 4307 var.
2488 4253 2615 4308 lect.
2647 4251 2715 4308 ad
2746 4253 2845 4308 lib.
2873 4267 2891 4307 ι
2922 4267 3068 4308 vers.
3094 4250 3224 4308 298.

2266 4344 2387 4400 177.
2420 4343 2571 4401 Inter
2601 4345 2818 4401 Alcuini
2848 4360 3016 4416 opera
3047 4352 3226 4400 exstat
3262 4345 3417 4401 liber
3442 4344 3512 4402 de
3548 4344 3782 4403 Cretera.

2186 4440 2442 4513 baptism.
2494 4444 2651 4514 cujus
2719 4450 2911 4499 auctor
2974 4441 3223 4499 creditur
3274 4456 3399 4523 esse
3450 4440 3787 4498 Fortunatus

2188 4536 2496 4593 Amalarius
2530 4556 2544 4592 :
2575 4538 2669 4594 sed
2722 4537 2969 4609 quisquis
2991 4537 3084 4607 sit,
3119 4538 3191 4591 ita
3238 4537 3317 4591 ait
3341 4552 3355 4590 :
3378 4534 3653 4592 Credimus
3682 4546 3785 4591 tres

471 4594 555 4707 fis
589 4596 1091 4707 ¹ξ¹ξξ¹ξ¹⁸ξ⁹¹¹ί¹ί¹¹¹¹¹¹ν
1135 4606 1345 4707 δειξυιίί
1385 4627 1452 4668 ει
1480 4610 1748 4686 Gregorio
1777 4617 2080 4675 Τυνθηθηεί
2110 4636 2163 4700 ι)
2189 4648 2437 4707 personas
2468 4632 2665 4701 Patris,
2696 4594 2754 4689 ei
2780 4594 2936 4699 Filii,
2965 4643 3012 4686 et
3044 4594 3276 4702 Spiritus
3322 4631 3509 4700 sancti,
3545 4640 3593 4687 et
3636 4646 3779 4685 recc-

472 4688 512 4743 l.
548 4706 581 4743 v
612 4686 751 4746 Hist.
778 4692 974 4751 Franc.
1007 4713 1130 4769 cap.
1165 4701 1256 4766 25,
1290 4707 1380 4774 qui
1414 4705 1481 4760 de
1504 4705 1812 4776 Chilperico
1836 4706 2082 4769 Franco-

475 4798 595 4837 rum
639 4799 767 4856 rege
798 4785 872 4841 ait
903 4805 916 4841 :
953 4787 1175 4861 Scripsit
1206 4791 1339 4849 alios
1368 4796 1522 4851 libros
1550 4798 1688 4853 idem
1712 4816 1805 4856 rex
1828 4802 2077 4874 versibus,

475 4879 626 4947 quasi
656 4878 932 4937 Sedulium
958 4893 1164 4939 secutus
1194 4902 1211 4938 :
1236 4886 1327 4940 sed
1351 4890 1589 4946 versiculi
1610 4891 1690 4945 illi
1723 4893 1856 4947 nulli
1879 4897 2078 4957 penitus

476 4973 702 5028 metrica:
718 4978 1031 5061 conveniunt
1056 4981 1267 5035 rationi.
1290 4978 1355 5037 Et
1386 4999 1577 5040 rursus
1598 4984 1741 5041 libro
1768 5005 1819 5044 v1
1843 5005 1962 5062 cap.
1985 4992 2073 5049 46:

476 5064 805 5139 Confer-itque
831 5071 960 5124 duos
982 5068 1139 5139 libros
1168 5075 1318 5142 quasi
1348 5075 1623 5132 Sedulium
1648 5081 1940 5151 meditatus,
1958 5102 2080 5157 quo-

474 5173 593 5211 rum
638 5161 877 5215 versiculi
906 5161 1096 5218 debiles
1124 5166 1278 5222 nullis
1302 5168 1513 5241 pedibus
1545 5173 1814 5230 subsistere
1833 5185 2069 5247 possunt,

470 5251 526 5304 in
548 5252 731 5317 quibus
750 5254 875 5309 dum
901 5273 1003 5312 non
1030 5258 1364 5334 intelligebat,
1395 5282 1491 5335 pro
1512 5264 1680 5340 longis
1708 5269 1936 5342 syllabas
1954 5271 2071 5326 bre-

471 5360 553 5398 ves
582 5349 775 5416 posuit,
812 5358 858 5403 et
882 5367 978 5420 pro
1000 5353 1230 5409 brevibus
1257 5357 1438 5432 longas
1467 5360 2073 5421 statuebat.Ruinartius

477 5437 680 5493 nullam
714 5442 921 5497 variam
973 5445 1261 5503 lectionem
1294 5450 1451 5507 allert
1497 5469 1591 5522 pro
1619 5454 1895 5512 meditatus
1926 5477 1943 5513 :
1971 5461 2068 5515 sed

471 5530 563 5584 alii
619 5531 820 5589 habent
867 5535 1123 5595 imitatus.
1153 5541 1451 5613 Chilperici
1500 5546 1865 5618 imprudentia
1914 5552 2070 5607 omni

471 5634 721 5699 tempore
742 5635 1055 5689 communis
1078 5636 1197 5702 luit,
1219 5647 1278 5693 ut
1296 5641 1492 5696 merito
1510 5654 1784 5714 queratur
1812 5646 2071 5704 Horatius

474 5719 604 5779 libr.
639 5738 701 5790 ιι,
730 5726 892 5796 epist.
921 5729 972 5796 1,
1005 5746 1147 5786 vers.
1184 5733 1309 5790 115.

854 5890 895 5895 ,_
1024 5883 1052 5895 ..
1090 5886 1100 5895 .
1224 5828 1363 5882 υιιοά
1386 5828 1690 5895 medicorum
1722 5839 1818 5895 est.

605 5877 903 5950 fromittunt
922 5883 1134 5950 medici,
1152 5877 1359 5941 tractant
1380 5877 1572 5944 fabrilia
1586 5877 1737 5945 labri;

604 5939 870 5994 Scribimus
886 5944 1090 6010 indocti,
1108 5939 1579 6019 doctiquepoeniata

2187 4730 2358 4801 pimus
2383 4727 2547 4798 (forte
2578 4726 2884 4800 recipimus)
2905 4738 3083 4780 versas
3114 4722 3342 4794 Sedulii,
3374 4721 3498 4779 Non
3526 4726 3655 4796 quia
3694 4723 3784 4795 qui

2186 4838 2439 4889 summus,
2470 4822 2507 4877 l.
2533 4838 2549 4876 ι
2584 4834 2725 4877 vers.
2757 4819 2883 4876 319.
2917 4818 2975 4875 In
3006 4818 3328 4875 llomiliariu
3352 4818 3571 4874 Alcuini
3601 4835 3669 4874 ex
3700 4818 3782 4874 di-

2187 4916 2362 4971 versis
2391 4915 2752 4986 scriptoribus
2791 4914 3023 4968 roilrcto
3054 4920 3111 4969 et
3146 4908 3294 4968 edito
3329 4911 3575 4966 Colonia:
3618 4910 3777 4979 ιδθιι,

2185 5020 2377 5066 auctor
2415 5022 2721 5080 auonymns
2752 5007 3023 5061 sermonis
3060 5004 3116 5060 in
3164 5005 3332 5059 natali
3360 5003 3424 5061 S.
3462 5004 3648 5073 Lacte,
3700 5006 3783 5059 sie

2186 5106 2383 5161 habet:
2421 5100 2499 5156 De
2524 5118 2627 5173 quo
2669 5097 3005 5174 Evangeftsta
3032 5098 3252 5172 pulchre
3284 5097 3537 5154 Sedulius
3568 5099 3778 5170 presby-

2180 5208 2257 5251 ter
2287 5211 2305 5251 :
2333 5195 2468 5250 Jura
2540 5195 2825 5250 sacerdoris
2874 5194 3045 5248 Lucas
3086 5201 3220 5248 tenet
3257 5206 3346 5246 ore
3382 5192 3594 5261 uirenti,
3627 5192 3772 5263 quod

2180 5290 2502 5345 mendosum
2534 5298 2616 5344 est
2644 5302 2743 5359 pro
2773 5302 2861 5341 ore
2896 5283 3138 5353 Iuvenci,
3173 5296 3231 5340 ut
3271 5285 3337 5339 ad
3383 5286 3417 5338 I.
3445 5300 3463 5340 ι
3493 5299 3638 5341 vers.
3668 5284 3773 5341 337

2177 5386 2378 5440 dicam.
2406 5382 2786 5438 Correctiores
2820 5392 3001 5436 tamen
3034 5380 3236 5436 ibidem
3266 5388 3392 5437 sunt
3414 5392 3607 5435 versus
3635 5380 3774 5436 Pan-

2180 5479 2276 5534 littl
2310 5478 2378 5531 tle
2416 5474 2607 5531 eodem
2652 5473 2797 5529 Luca
2830 5472 3012 5528 Natal.
3055 5472 3114 5529 S.
3156 5470 3358 5528 Felicis
3398 5486 3453 5527 rx
3484 5486 3630 5528 vers.
3664 5473 3770 5528 424

2178 5584 2332 5640 seqq.
2358 5566 2446 5623 Bis
2477 5568 2726 5633 medicus,
2762 5574 2869 5623 etc.
2901 5566 3060 5623 Arius
3090 5565 3404 5632 consolidat,
3435 5576 3486 5620 et
3533 5581 3673 5621 nunc
3715 5568 3767 5619 in

2174 5661 2424 5718 utentibus
2454 5661 2609 5729 aegris
2639 5652 2709 5699 -—'-
2744 5658 3049 5731 Composuit
3078 5661 3311 5731 geminos
3334 5660 3451 5713 vim»
3473 5658 3767 5712 medicami-

2174 5774 2241 5811 na
2270 5756 2429 5811 libros
2457 5769 2474 5807 :
2506 5769 2606 5824 pro
2632 5768 2738 5823 quo
2766 5752 3097 5809 Mttratorius
3120 5770 3135 5808 :
3162 5754 3384 5809 Terrena
3411 5752 3621 5833 curabat
3642 5766 3760 5824 ope,

2173 5859 2220 5905 et
2249 5862 2386 5901 nunc
2414 5845 2668 5901 mentibus
2698 5840 2853 5921 ueris
2876 5874 2952 5890 --
2966 5846 3275 5919 Composuit
3299 5847 3500 5920 gemino
3522 5847 3647 5902 vita
3666 5862 3764 5899 me-

2174 5941 2438 5999 dicamina
2468 5939 2621 5995 libro.
