4060 6320
498 289 600 349 5H

1791 283 2079 344 C(ELIUS
2115 283 2478 346 SEDULIUS.

3708 294 3820 352 5η

499 425 624 466 cum
655 407 957 465 Mosbemio
1003 406 1242 464 Institut.
1277 405 1418 462 Ilist.
1447 403 1656 462 Christ.
1684 404 1882 478 antiq.,
1919 403 2103 462 erudi-
2130 405 2185 466 Α
2210 403 2456 475 piuscule
2476 403 2629 460 dicit.
2654 404 2827 462 Suave
2853 405 3200 480 trisyllabum
3230 410 3438 480 posuit,
3469 421 3532 467 ut
3562 410 3819 471 Iloratius

499 503 704 562 tionem
734 520 768 559 v
791 501 977 560 saeculi
1011 511 1228 559 tenuem
1254 500 1445 558 fuisse.

576 601 698 658 189.
736 598 1064 657 Parrhasius
1107 598 1163 654 in
1191 597 1437 654 editione
1481 611 1579 653 sua
1607 595 1838 665 Sedulii,
1876 603 1934 653 et
1972 610 2109 652 non-

500 693 799 762 nullorum,
838 693 1144 749 carminum
1176 690 1460 747 Prudentii
1507 691 1756 762 quaedam
1784 689 1853 746 de
1878 697 2108 760 utroque

496 785 818 853 annotavit;
850 801 974 858 qua:
1005 785 1259 857 quoniam
1287 784 1564 857 plerisque
1595 784 1770 856 poetis
1791 783 2110 841 christianis

498 883 808 938 communia
841 890 993 950 sunt,
1030 883 1134 937 hoc
1163 881 1284 936 loco
1313 897 1422 936 non
1469 880 1837 951 importunum
1859 887 1944 933 est
1971 877 2111 948 adji-

496 989 660 1030 cere:
687 992 706 1026 ‹
735 973 1102 1045 8ει1υ1ἰυε,ξιιι
1130 974 1256 1030 hinc
1282 973 1562 1045 incipiam,
1591 972 1770 1029 verbis
1791 973 1983 1040 utitur,
2009 986 2108 1028 nec

498 1063 690 1137 figuris
720 1067 949 1136 poeticis
992 1067 1218 1122 omnino
1248 1066 1595 1136 sublimibus,
1629 1082 1729 1123 nec
1758 1067 1888 1122 item
1931 1065 2110 1122 sordi-

499 1157 605 1227 dis,
641 1159 716 1214 ita
746 1159 986 1216 mediam
1016 1161 1310 1231 quamdam
1340 1161 1705 1218 elocutionem
1735 1162 2108 1230 servantibus,

501 1263 561 1310 ut
591 1256 874 1326 proprium
922 1258 1196 1313 retineant
1242 1257 1458 1313 locum:
1508 1265 1694 1312 exstat
1735 1265 1920 1314 tamen
1961 1259 2014 1312 in
2041 1271 2109 1313 eo

483 1363 845 1420 quorumque
871 1349 1184 1406 divinorum
1213 1350 1477 1406 studium.
1507 1349 1642 1407 Nam
1667 1353 1927 1419 facturam
1956 1349 2107 1417 dicit,

500 1445 774 1514 factorem,
821 1444 1089 1513 deitatem,
1116 1443 1251 1515 legis
1301 1453 1624 1511 testamenta,
1658 1443 1828 1512 ctelos,
1862 1443 2113 1514 quamvis

503 1543 559 1590 et
591 1533 694 1590 hoc
725 1533 1010 1592 Lucretius
1041 1553 1148 1592 non
1175 1537 1482 1592 abstinuit:
1517 1546 1572 1593 et
1605 1537 1904 1607 ﬁculneam,
1938 1536 2110 1608 quod-

504 1643 611 1698 que
651 1628 977 1685 insolentius
1017 1639 1098 1685 est
1127 1630 1402 1685 duodecim
1445 1630 1612 1685 millia
1657 1628 1886 1701 legiones
1909 1644 1979 1685 ex
2019 1629 2112 1685 illo

503 1722 845 1795 Hieronymi,
869 1723 954 1779 Ea:
969 1724 1109 1780 tribu
1131 1722 1377 1780 Manasse
1397 1723 1671 1780 duodecim
1695 1722 1860 1777 millia
1883 1723 2112 1794 signati:

2210 505 2407 567 suetus,
2430 508 2486 555 et
2510 499 2770 571 Papinius
2791 502 2974 556 suasit.
3005 501 3143 558 Illud
3173 519 3305 560 vero
3335 506 3497 562 nimis
3533 506 3820 581 audacter,

2209 592 2358 665 quod
2389 610 2448 648 us
2473 593 2526 648 in
2555 595 2866 651 accusativo
2888 596 3084 667 plurali
3115 607 3323 666 quarta:
3348 598 3667 656 inﬂexionis
3697 616 3825 657 con-

2210 687 2377 743 traxit
2409 687 2564 760 105
2601 687 2708 744 hoc
2737 703 2926 757 versu,
2963 689 3086 744 Non
3115 691 3270 759 ratio,
3303 691 3608 764 primosque
3634 711 3826 750 necans

2209 784 2431 855 vagitus,
2460 792 2508 838 et
2534 783 2754 840 audens.
2780 784 2937 852 Quod
2968 793 3150 842 autem
3182 787 3234 842 in
3257 788 3511 842 omnibus
3536 790 3820 860 exempla-

2210 875 2384 944 ribus,
2419 875 2556 932 etin
2599 877 2803 932 nostris
2846 877 3012 933 etiam
3045 877 3214 950 leges,
3265 879 3528 936 Scribitur
3551 881 3606 936 in
3658 881 3828 937 titulis

2210 986 2398 1039 super:
2429 969 2536 1024 Hic
2563 980 2637 1026 est
2664 987 2754 1027 rea:
2777 970 3109 1046 Judworum,
3142 973 3394 1044 equidem
3437 974 3825 1046 castigandum

2209 1062 2544 1131 censuerim,
2596 1062 2856 1119 Scribitur
2887 1065 2940 1117 in
2972 1064 3172 1120 titulis:
3223 1064 3330 1120 Hic
3358 1075 3433 1120 est
3471 1083 3567 1122 rex
3612 1065 3830 1122 Iudaeo-

2211 1169 2350 1220 rum,
2383 1163 2443 1211 ut
2474 1156 2786 1228 reciprocus
2829 1171 3024 1212 versus
3063 1158 3154 1226 sit,
3180 1167 3234 1214 et
3265 1159 3610 1230 spondaicus
3653 1161 3831 1216 inuitae

2214 1248 2360 1304 tione
2390 1247 2650 1316 Maronis,
2680 1259 2736 1304 et
2766 1250 3018 1318 aliorum,
3044 1266 3114 1306 ne
3145 1267 3330 1320 unam,
3365 1261 3422 1307 et
3451 1252 3685 1308 alteram
3717 1254 3827 1325 syl-

2212 1344 2390 1399 labam
2417 1359 2560 1400 novo
2587 1347 2838 1416 exemplo
2864 1346 3123 1417 corripiat
3151 1347 3206 1402 in
3238 1346 3486 1403 ludam.»

2287 1437 2410 1494 190.
2451 1455 2468 1489 ι
2498 1436 2829 1494 Prudentius
2859 1438 2963 1511 (sic
2994 1439 3168 1511 pergit
3206 1439 3559 1512 Parrhasius)
3606 1441 3824 1499 tametsi

2212 1532 2384 1603 magis
2415 1532 2726 1588 elaboratus
2751 1533 2804 1588 in
2834 1533 3021 1589 verbis
3050 1544 3158 1598 est,
3191 1545 3246 1590 et
3271 1536 3452 1591 minus
3481 1535 3826 1608 licentiosus,

2213 1625 2402 1682 eadem
2425 1636 2609 1682 tamen
2635 1628 2792 1683 venia
2809 1626 3078 1684 carminis
3095 1627 3264 1684 utitur
3287 1629 3340 1684 in
3363 1627 3530 1693 idolo,
3548 1631 3826 1701 paraclito,

2215 1720 2269 1776 in
2299 1737 2410 1792 quo
2451 1730 2782 1778 sectatorem
2832 1722 3041 1792 reperit
3069 1720 3469 1791 Apollinarem.
3510 1722 3659 1791 Quid
3689 1725 3831 1794 quod

503 1817 676 1889 magis
704 1817 897 1874 Latine
924 1817 1274 1886 Prudentius,
1304 1819 1398 1890 qui
1447 1819 1611 1874 millia
1631 1817 1796 1872 multa
1842 1826 2105 1884 notarum,
2138 1806 2456 1889 Bda‘tivum
2506 1815 2723 1871 relativi
2775 1815 3014 1871 nominis
3064 1817 3149 1869 cui
3193 1816 3526 1888 bisyllabum
3580 1817 3828 1887 protulit,

499 1929 608 1970 non
632 1923 782 1969 notas
805 1917 900 1970 ait.
936 1913 1133 1970 Inserit
1156 1924 1212 1971 et
1231 1915 1550 1987 peregrinas
1578 1914 1790 1985 aliquot
1815 1913 2105 1980 dictiones,

502 2005 597 2062 sed
613 2005 968 2063 achristianis
979 2008 1294 2064 auctoribus
1301 2007 1412 2078 jam
1428 2016 1699 2077 receptas,
1717 2005 2106 2071 Patriarcham,

502 2118 847 2174 synagogam,
873 2104 1182 2173 pharisatos,
1211 2113 1266 2159 et
1294 2118 1393 2174 pro
1419 2103 1710 2158 fortunatis
1732 2101 1922 2156 insulis
1953 2098 2111 2173 1M

505 2195 832 2266 paradisum,
857 2195 1165 2268 gehennam,
1190 2195 1337 2268 quod
1368 2194 1676 2252 incendium
1700 2194 1991 2266 signiﬁcat,
2014 2193 2110 2249 de-

503 2289 668 2360 nique
697 2306 985 2357 titanzeres,
1025 2290 1081 2346 id
1109 2300 1215 2357 est,
1245 2289 1536 2358 adulterio,
1583 2300 1884 2360 stuproque
1914 2302 2110 2344 conce-

502 2392 646 2453 ptos.
676 2383 732 2438 In
783 2383 1110 2454 quibusdam
1158 2385 1408 2456 sequitur
1452 2383 1782 2454 analogiam,
1824 2397 1946 2438 cum
1993 2383 2107 2440 ait:

502 2476 691 2534 Urbem
717 2479 971 2534 libertatis
996 2496 1168 2550 opem,
1219 2479 1271 2535 id
1303 2489 1408 2548 est,
1443 2479 1755 2545 fecundam,
1810 2479 1956 2550 quod
1986 2481 2108 2548 ejus

496 2571 832 2629 contrarium
873 2573 946 2629 sit
987 2575 1161 2644 inops,
1200 2573 1253 2629 id
1306 2585 1410 2645 est,
1459 2589 1685 2646 egenus.
1738 2575 1794 2630 In
1830 2574 1976 2641 aliis,
2012 2589 2110 2628 ne-

499 2668 671 2739 glecta
725 2669 1102 2739 proportione,
1134 2669 1519 2726 consuetudini
1568 2685 1691 2727 sese
1717 2670 1982 2742 adjungit,
2018 2683 2108 2724 su-

502 2763 707 2832 mitque
759 2778 790 2818 e
839 2763 1013 2820 media
1047 2765 1204 2835 plebe
1249 2775 1708 2837 pra'sumptorem,
1761 2765 2106 2820 traditorem:

501 2869 608 2926 qua
640 2856 850 2912 ratione
879 2855 1106 2912 Mariam
1153 2873 1276 2914 cum
1307 2868 1536 2914 accentu
1583 2857 1896 2929 pennltimaa
1933 2873 2108 2913 enun-

506 2948 678 3012 tiavit,
734 2963 856 3004 cum
902 2947 1234 3006 Claudianus
1294 2967 1536 3022 semper,
1569 2959 1624 3007 et
1672 2951 1791 3022 ipse
1837 2965 2104 3006 nonnum-

503 3057 662 3114 quam
711 3044 989 3114 corripiat.
1046 3045 1195 3102 Idem
1249 3047 1640 3119 populationem
1681 3062 1782 3118 pro
1829 3045 2106 3103 incondita

506 3137 855 3194 multitudine
903 3151 1154 3211 usurpat,
1189 3139 1238 3192 F
1242 3141 1373 3196 iebat
1413 3141 1682 3213 populatio
1710 3157 1957 3214 pra’sens,
2003 3139 2104 3195 etsi

2211 1908 2568 1978 ultimamque
2615 1910 2668 1963 in
2721 1924 2788 1964 eo
2829 1917 3223 1964 consonantem
3272 1911 3438 1965 vertit
3478 1909 3536 1966 in
3577 1911 3827 1969 vocalem

2208 2012 2296 2058 ter
2326 2004 2377 2058 in
2409 2003 2602 2059 eodem
2635 2003 2918 2059 carmine?
2941 2001 3397 2074 Cwsaraugustam
3423 2005 3720 2058 vocitamus
3744 2022 3828 2061 ur-

2208 2095 2340 2165 bem,
2373 2127 2444 2137 —
2473 2097 2576 2152 Res
2602 2097 2688 2151 cui
2733 2105 2882 2151 tanta
2933 2110 3032 2151 est.
3081 2097 3359 2154 Praeterea
3436 2117 3450 2154 :
3499 2097 3827 2171 Sanguinem

2209 2191 2374 2261 Iusti,
2407 2193 2493 2247 cui
2538 2191 2730 2248 Pastor
2768 2191 2948 2248 hatret.
3006 2193 3140 2248 Item
3191 2193 3353 2264 paulo
3383 2202 3549 2265 post:
3584 2194 3828 2267 Marsque

2217 2285 2482 2352 Vincenti,
2526 2287 2611 2339 cui
2648 2287 2861 2359 sanguis
2906 2286 3029 2340 hinc
3068 2295 3142 2340 est
3177 2301 3193 2339 :
3232 2284 3380 2356 quod
3431 2295 3491 2341 ut
3541 2287 3826 2358 ignoscen-

2210 2376 2362 2444 dum,
2396 2378 2473 2433 ita
2502 2377 2782 2433 ferendum
2809 2393 2916 2433 non
2943 2387 3026 2433 est
3053 2395 3064 2432 :
3096 2377 3240 2434 sicut
3267 2393 3370 2434 nec
3390 2377 3525 2434 illud
3555 2377 3821 2435 Malorum

2209 2473 2393 2528 tetrius
2421 2473 2653 2527 omnium
2673 2481 2766 2527 est.
2791 2473 3143 2543 Anapaastum
3167 2487 3405 2544 quoque,
3430 2483 3486 2528 et
3510 2473 3823 2541 proceleus-

2210 2565 2471 2622 maticum
2503 2582 2600 2637 pro
2630 2566 2892 2638 Spondzeo
2939 2566 3261 2638 plerumque
3291 2565 3579 2622 substituit
3611 2577 3822 2638 tempo-

2210 2677 2330 2717 rum
2356 2664 2608 2728 ratione;
2640 2662 2837 2734 quibus
2877 2678 3040 2733 pares
3089 2670 3238 2732 sunt,
3280 2671 3335 2719 et
3378 2665 3736 2723 conveniunt.
3770 2666 3824 2722 In

2212 2756 2377 2826 Nola,
2426 2757 2582 2827 cujus
2613 2758 2849 2827 priorem
2897 2757 3156 2829 Virgilius
3202 2757 3490 2830 produxit,
3535 2760 3585 2815 si
3637 2777 3822 2818 verum

2211 2853 2420 2910 Gellius
2470 2853 2657 2920 tradit,
2704 2853 2791 2909 hic
2836 2853 3086 2925 corripit,
3116 2851 3340 2926 Jamque
3371 2854 3618 2911 Nolanus
3659 2858 3820 2928 adest,

2210 2949 2340 3005 licet
2370 2948 2625 3004 nonnulli
2673 2946 3021 3003 Ianicolanus
3055 2949 3284 3005 confuso
3332 2950 3580 3006 locorum
3627 2951 3820 3007 ordine

2209 3044 2476 3099 scribant.
2508 3042 2764 3098 Tentavit
2794 3054 2850 3098 et
2879 3041 2997 3112 ipse
3027 3057 3246 3113 quoque
3275 3041 3541 3098 fastiditis
3585 3045 3818 3116 gratiam

2211 3137 2468 3194 reddere.
2493 3136 2627 3192 Nam
2656 3135 2845 3210 volupe
2869 3146 2943 3192 est
2972 3152 3072 3209 pro
3111 3136 3231 3192 libet
3262 3137 3332 3192 ab
3360 3137 3558 3206 Ennio,
3608 3140 3821 3196 Plauto-
3904 3210 3911 3216 ι

498 3232 824 3304 quibusdam
855 3235 957 3306 legi
991 3203 1224 3306 placeat,
1258 3203 1446 3292 Flcbdt
1473 3203 1721 3306 populus.
1742 3203 1953 3307 quoque
1971 3255 2107 3309 prre-
2131 3203 2179 3268 C
2212 3247 2319 3300 que
2354 3239 2634 3286 mutuatur
2659 3273 2674 3298 ,
2706 3203 3075 3302 ut'ninguidos
3105 3245 3136 3286 a
3166 3230 3426 3286 Lucretio
3455 3274 3469 3299 ,
3520 3203 3645 3302 qui,
3677 3232 3818 3302 quod

499 3343 637 3382 sens.
690 3326 984 3382 Substituit
1011 3338 1066 3384 et
1097 3328 1458 3384 derivativum
1514 3345 1612 3399 pro
1659 3344 1759 3384 suo
1801 3330 2104 3399 primitiro,

502 3416 804 3490 Memphitis
827 3419 880 3472 in
906 3419 1012 3473 oris
1053 3434 1152 3490 pro
1182 3418 1535 3489 Memphitidi,
1581 3419 1725 3475 unde
1773 3420 2102 3476 deflectitur.

502 3509 776 3578 Tibullus,
811 3511 985 3567 Pubes
1014 3513 1234 3568 miratur
1266 3513 1459 3568 Osirim
1485 3543 1556 3553 -
1578 3513 1815 3568 Barbara
1849 3496 2107 3587 Μέηιριιί-

498 3613 601 3660 tern
638 3604 883 3676 plangere
911 3605 1061 3660 docta
1103 3607 1298 3662 bovem.
1345 3604 1537 3662 Itidem
1567 3615 1784 3677 tempus
1813 3622 1909 3677 pro
1959 3616 2103 3664 tem-

499 3710 661 3767 pore,
692 3696 836 3768 quod
883 3713 980 3768 per
1004 3713 1065 3754 se
1091 3699 1326 3770 quisque
1366 3697 1524 3755 facile
1552 3698 1948 3769 deprehendet.
1991 3698 2103 3755 0b-

495 3791 674 3846 soleta
703 3791 949 3863 quaedam
991 3793 1045 3848 in
1093 3809 1248 3849 usum
1281 3803 1521 3865 revocat,
1577 3804 1636 3850 ut
1663 3796 1957 3866 peniculum
2006 3813 2104 3868 pro

499 3886 724 3956 spOngia
757 3886 1022 3954 Terentii,
1066 3887 1353 3960 Plautique
1401 3890 1744 3958 auctoritate,
1779 3907 2006 3963 prwsepe
2048 3894 2102 3948 in

498 3993 627 4036 casu
659 3979 856 4037 Latino
884 3997 951 4037 ex
977 3983 1200 4054 antiqua
1231 3984 1619 4051 declinatione,
1653 3985 1849 4040 deterta
1871 3985 2099 4055 capillis,

500 4074 643 4145 quod
675 4075 818 4147 apud
848 4077 1084 4133 Ennium
1114 4079 1323 4147 legerat
1346 4120 1362 4147 ,
1387 4078 1546 4135 Terta
1575 4078 1701 4135 nitet
1722 4081 1890 4152 galea.
1923 4079 2102 4134 Pauca

497 4167 744 4237 quaedam
779 4171 1020 4237 novavit,
1068 4179 1126 4227 ut
1156 4189 1430 4242 pompare,
1459 4173 1604 4243 quod
1644 4173 2101 4244 ampullosiusaad

493 4261 754 4319 invidiam
785 4271 1031 4320 veterum
1065 4275 1345 4337 poetarnm
1383 4267 1638 4334 confixit,
1667 4267 1920 4339 simplat;
1949 4266 2102 4332 Quod

493 4356 734 4426 simplex,
764 4358 1030 4430 {triplicet,
1070 4360 1307 4433 quodque
1353 4369 1426 4416 est
1477 4361 1808 4432 triplicabile,
1853 4361 2102 4434 simplet:

496 4452 570 4507 ita
602 4469 840 4525 namque
867 4457 1240 4527 scribendum,
1269 4473 1379 4513 non
1418 4457 1660 4529 simplex.
1689 4456 1737 4513 A
1766 4457 2102 4528 praescriptis

491 4547 738 4602 numeris
781 4549 1073 4620 aliquando
1101 4550 1354 4608 discedit.
1379 4550 1514 4606 Nam
1558 4549 1772 4605 videbis
1798 4549 1944 4620 apud
1973 4565 2096 4604 eum

491 4636 527 4691 h
567 4639 916 4712 aspirationis
966 4651 1149 4698 notam
1193 4643 1301 4698 vim
1349 4643 1552 4698 littera:
1594 4641 1912 4710 frequenter
1952 4641 2096 4698 obti-

491 4747 648 4803 nere,
684 4731 939 4790 Ioannem
969 4735 1143 4805 prima
1174 4735 1345 4801 brevi,
1375 4750 1496 4790 cum
1518 4748 1616 4803 per
1644 4757 1684 4788 ω
1714 4743 1954 4789 notetur.
1983 4733 2093 4790 Sed

491 4825 804 4884 defenditur
833 4832 1088 4901 exemplo
1132 4831 1390 4896 Maronis,
1437 4829 1530 4900 qui
1576 4829 1823 4884 eamdem
1855 4829 2093 4886 litteram

492 4919 548 4975 in
589 4939 618 4974 ο
651 4923 904 4990 mutavit,
935 4932 1098 4994 atque
1127 4922 1396 4992 corripuit
1425 4923 1478 4977 in
1514 4920 1990 4996 0rione.ﬁRegulus
2010 4923 2095 4979 di-

487 5015 712 5084 gnitatis
741 5032 939 5071 nomen
965 5017 1106 5087 apud
1138 5017 1392 5073 eumdem
1416 5028 1752 5089 anapaestus,
1783 5028 1877 5076 aut
1899 5021 2096 5078 tribra-

487 5109 625 5162 chus
655 5109 761 5174 est,
784 5123 906 5163 cum
933 5125 1048 5174 rex,
1077 5125 1105 5163 a
1134 5125 1242 5181 quo
1269 5109 1598 5177 deﬂectitur,
1619 5127 1811 5170 omnes
1841 5114 2093 5185 obliquos

489 5200 772 5270 producat.
806 5200 912 5256 Sed
940 5216 1004 5256 ex
1039 5201 1103 5257 iis
1156 5203 1565 5275 intelligendum
1595 5214 1697 5276 est,
1728 5221 1850 5278 qua:
1898 5208 2094 5278 primi-

490 5289 589 5345 tivi
624 5307 908 5347 numerqu
957 5303 1192 5361 mutant,
1239 5305 1294 5351 et
1345 5311 1506 5366 quem
1553 5298 1834 5369 accipiunt
1891 5299 2097 5370 produ-

493 5392 665 5451 ctum,
700 5386 1054 5454 contrahunt,
1086 5389 1590 5457 utdicaxJucerna,
1613 5393 1839 5459 stabilis,
1873 5403 2098 5450 etcom-

483 5477 752 5547 pluscula.
797 5479 1152 5552 Anapasstum
1195 5499 1417 5554 quoque
1469 5485 1600 5542 fecit
1639 5488 1692 5542 in
1744 5486 1932 5554 Dario,
1965 5503 2089 5544 cum

485 5570 606 5641 ejus
654 5574 830 5630 media
865 5576 1020 5648 longa
1061 5581 1134 5634 sit
1185 5579 1377 5638 Grzeca
1425 5582 1784 5656 diphthongo.
1813 5584 2084 5642 Ovidius:

487 5661 657 5733 thue
699 5678 1000 5724 necatorum
1043 5670 1220 5728 Dartei
1260 5676 1446 5745 fraude
1491 5679 1724 5749 secundi,
1778 5679 1904 5748 nisi,
1935 5677 2086 5752 quod

475 5768 610 5812 vero
651 5761 878 5831 propius
923 5763 1178 5821 existimo
1204 5809 1220 5834 ,
1254 5766 1582 5842 bisyllabum
1637 5773 1901 5844 protulit:
1955 5786 2084 5830 nam

477 5852 684 5909 multus
715 5856 772 5910 in
802 5857 1112 5928 hujusmodi
1139 5865 1545 5926 concisionibns
1575 5871 1870 5942 invenitur,
1906 5869 2082 5942 utqui

466 5943 784 6016 aiscipulum
813 5965 910 6020 pro
941 5951 1341 6026 discipulorum,
1373 5964 1577 6037 vestigis
1602 5979 1698 6036 pro
1719 5965 1944 6032 vestigiis
1977 5979 2082 6018 sm-
2111 5951 2114 5954 ’

2209 3325 2304 3380 alii
2335 3326 2526 3391 nivem,
2553 3325 2795 3397 ninguem
2824 3335 2986 3380 vocat
3017 3342 3032 3380 :
3059 3324 3194 3380 dicit
3222 3334 3277 3380 et
3305 3325 3467 3396 pultet
3497 3341 3598 3396 pro
3631 3328 3814 3398 pulset,

2209 3427 2265 3472 et
2299 3415 2438 3470 altar
2483 3431 2548 3472 ex
2590 3417 2871 3489 analogia;
2901 3416 3050 3472 Altar
3082 3418 3292 3486 tepescit
3324 3435 3434 3484 ore,
3474 3434 3666 3473 saxum
3699 3437 3818 3493 pec-

2208 3521 2339 3566 tore.
2365 3509 2477 3565 Nec
2508 3510 2813 3582 alienigena
2845 3510 3094 3581 quardam
3124 3510 3355 3580 respuit,
3393 3510 3654 3578 Messian,
3691 3511 3806 3567 Na-

2205 3619 2476 3671 zarenam,
2501 3602 2724 3672 Leritas,
2759 3605 3030 3671 charaxat,
3058 3603 3200 3674 quod
3229 3611 3314 3660 est
3339 3605 3596 3681 χάραξεν,
3630 3606 3683 3660 id
3713 3616 3814 3674 est,

2207 3699 2564 3767 calamorum,
2609 3698 2942 3770 sudiumqne
2982 3699 3270 3770 fastigatis,
3319 3708 3483 3769 atque
3527 3701 3817 3758 subtilibus

2205 3795 2429 3866 Spicntis
2458 3810 2657 3865 corpus
2687 3795 2882 3865 inﬁgit,
2916 3794 3063 3865 quod
3088 3809 3263 3865 poenae
3290 3810 3464 3864 genus
3483 3795 3669 3851 adhuc
3702 3796 3817 3852 llis-

2207 3888 2334 3959 pani
2379 3889 2658 3954 retinent;
2692 3897 2950 3960 cryptam,
2983 3887 3295 3958 colyr’nbum,
3339 3887 3392 3941 id
3439 3897 3546 3954 est,
3581 3889 3813 3958 labrum,

2205 3998 2313 4051 quo
2343 3981 2590 4037 deﬂuens
2615 3982 2761 4036 unda
2791 3979 3082 4051 excipitur,
3117 3989 3173 4036 ct
3195 3996 3294 4052 pro
3328 3982 3539 4036 tumulo
3563 3983 3815 4040 tumbam.

2205 4075 2315 4130 Nec
2347 4075 2400 4130 in
2433 4075 2813 4129 consectaneis
2841 4073 3201 4144 scriptoribus
3237 4073 3556 4130 lectitandis
3595 4091 3814 4146 operam

2205 4169 2402 4225 lusisse
2430 4169 2601 4224 videri
2631 4169 2804 4224 voluit
2835 4187 2848 4224 :
2880 4170 3022 4224 unde
3047 4169 3336 4239 plerasque
3364 4171 3638 4228 dictiones
3665 4188 3816 4228 acce-

2203 4265 2304 4337 pit,
2337 4263 2625 4333 ecclesiam,
2658 4262 3044 4335 evangelistam,
3067 4263 3338 4334 factorem,
3361 4265 3679 4336 passionem,
3704 4267 3816 4320 ani-

2201 4356 2406 4423 mabus,
2440 4373 2467 4410 a
2497 4373 2604 4428 quo
2633 4367 2850 4414 veteres
2881 4367 3348 4429 temperaverunt,
3379 4360 3636 4431 psalmos,
3669 4378 3808 4414 mar-

2203 4460 2364 4521 tyras,
2394 4466 2532 4522 quos
2561 4461 2617 4506 et
2645 4451 2840 4508 Latine
2861 4461 3012 4506 testes
3043 4451 3460 4524 interpretatur,
3488 4463 3549 4508 ut
3578 4456 3811 4528 angelos,

2202 4550 2260 4598 et
2288 4544 2524 4612 nuntios,
2556 4553 2612 4600 et
2640 4545 2769 4611 alia,
2804 4560 2925 4615 quae
2959 4554 3072 4600 tute
3102 4545 3442 4601 observabis.
3475 4545 3619 4603 Sunt
3646 4556 3700 4604 et
3730 4547 3812 4618 ip-

2200 4637 2314 4691 sius
2344 4652 2438 4693 sua
2457 4638 2706 4709 quzedam
2733 4641 2978 4710 propria,
3004 4642 3284 4706 coluerunt,
3313 4641 3364 4695 id
3393 4651 3500 4707 est,
3527 4642 3810 4710 addicunt,

2199 4729 2269 4784 ab
2297 4747 2434 4801 aere,
2480 4731 2765 4803 interjecta
2819 4733 2976 4805 106
3022 4734 3358 4806 aspiratione
3397 4735 3581 4792 hiatus
3627 4751 3807 4805 causa,

2199 4822 2375 4878 artisis
2421 4839 2520 4894 pro
2564 4826 2757 4881 morbo
2798 4825 3119 4882 articulari:
3167 4827 3387 4882 Nodosu
3431 4838 3634 4901 torquet
3687 4848 3808 4902 quos

2199 4915 2457 4990 podagra,
2491 4926 2537 4972 ct
2564 4919 2763 4988 artisis,
2797 4920 2982 4975 anulla
3013 4907 3081 4976 ab
3110 4938 3215 4975 anu
3241 4921 3650 4992 diminutivum,
3691 4942 3810 4998 pro-

2195 5021 2437 5080 sperante
2483 5026 2582 5080 pro
2629 5015 2854 5082 favente,
2906 5029 3240 5086 prosperare,
3291 5014 3516 5082 adesse,
3575 5035 3804 5086 sacrum,

2198 5120 2359 5176 quem
2389 5105 2482 5161 alii
2509 5107 2877 5175 sacerdotem,
2916 5106 3186 5176 Vidimus,
3217 5125 3247 5162 ο
3273 5108 3466 5164 Christi
3504 5110 3806 5168 Valleriane

2195 5217 2344 5255 sacer
2378 5217 2396 5256 :
2426 5201 2480 5256 in
2513 5217 2620 5272 quo
2657 5203 2878 5258 nomine
2914 5202 3174 5273 liquidam
3202 5202 3542 5274 duplicavit,
3589 5216 3650 5262 ut
3679 5207 3805 5263 alibi

2196 5296 2249 5349 in
2286 5294 2555 5363 Valleriis,
2588 5306 2642 5353 et
2673 5297 2964 5378 relligiope.
2986 5297 3207 5353 Necnon
3238 5315 3444 5353 sacrare
3473 5315 3575 5370 pro
3598 5303 3804 5359 sacrifi-

2193 5402 2321 5443 care
2343 5389 2496 5455 dicit,
2529 5399 2584 5444 et
2610 5399 2924 5459 sacrantem,
2957 5392 3378 5447 sacrificantem.
3412 5390 3541 5448 Esto
3587 5411 3804 5466 quoque

2193 5484 2338 5552 apud
2369 5500 2492 5540 eum
2536 5485 2901 5554 quorumdam
2935 5487 3206 5542 sententia
3249 5487 3498 5555 verbum,
3533 5498 3630 5544 aut
3659 5488 3803 5544 affir-

2195 5577 2380 5632 mandi
2409 5578 2677 5649 particula
2709 5595 2818 5634 non
2847 5588 2953 5646 est,
3003 5579 3098 5636 sed
3148 5580 3403 5636 hortandi
3435 5582 3756 5638 adverbium
3782 5624 3798 5651 ,

2194 5685 2373 5742 neque
2386 5670 2651 5740 numeris,
2672 5688 2848 5744 neque
2871 5673 3122 5744 personis
3139 5675 3442 5730 inserviens
3473 5692 3486 5728 :
3511 5674 3663 5744 Esto,
3689 5692 3802 5747 pre-

2191 5781 2303 5832 cor,
2337 5769 2521 5840 fortes,
2548 5775 2594 5822 et
2624 5767 2810 5826 vincite
2835 5769 3026 5824 viribus
3057 5785 3242 5824 annos.
3284 5766 3394 5825 Nos
3435 5785 3571 5824 vero
3616 5770 3801 5842 legen-

2191 5862 2319 5918 dum
2345 5872 2617 5933 putamus,
2653 5863 2794 5920 Este.
2828 5865 3131 5922 Occurrent
3154 5872 3209 5920 et
3233 5863 3414 5935 aliqua
3436 5863 3795 5931 subobscura,

2190 5953 2384 6026 fornix,
2428 5956 2484 6012 id
2514 5965 2622 6027 est,
2656 5957 2900 6029 lupanar,
2943 5957 3115 6012 solum
3165 5971 3262 6028 pro
3293 5953 3446 6026 pedis
3491 5956 3669 6025 calce,
3695 5966 3795 6013 tero
