4060 6320
237 312 337 368 515

1587 312 2133 377 PROLEGOMENA.

3425 335 3531 393 5M

234 427 429 498 rigente,
451 423 666 479 scilicet
696 423 948 481 homines
969 467 983 493 ,
1015 438 1152 497 quos
1175 425 1320 485 Deus
1357 442 1425 486 ex
1451 427 1567 486 luto
1597 431 1821 490 ﬁnxisse
1848 434 1905 499 Α
1928 435 2203 492 secundae.
2237 435 2544 510 Aliquando
2587 441 2794 500 intacto
2819 444 2989 502 verbo
3019 445 3226 504 codicis
3260 464 3327 506 ex
3369 451 3538 506 colla-

233 519 434 585 dicitur,
482 520 708 591 virginal
749 521 804 575 in
853 520 1142 578 mulierum
1191 525 1522 596 genitalibus
1569 526 1823 597 pellicula

230 611 437 683 pudoris
477 620 686 669 custos.
733 612 886 671 Idem
939 615 1168 672 verbum
1220 618 1469 676 invenies
1507 620 1652 691 apud
1681 619 1826 676 Soli-

229 720 369 761 num.
422 703 738 778 Lancinant,
782 707 1109 767 dilacerant.
1151 711 1280 768 Inde
1309 713 1557 770 Graecum
1589 717 1825 770 lancina-

227 808 375 864 tores,
438 797 490 854 id
546 810 654 866 est,
710 801 982 860 laniones.
1035 804 1215 860 Cautis
1260 807 1315 863 in
1365 816 1517 864 recto
1563 809 1822 882 singulari

227 891 371 962 dixit,
403 903 462 947 ut
491 893 552 948 P.
590 894 783 952 Victor
798 898 946 965 tedis,
981 915 1251 955 camurum
1270 917 1367 972 pro
1388 917 1574 968 curvo,
1606 904 1824 976 hyalum

225 998 318 1056 pro
346 986 508 1053 vitro,
541 986 736 1043 sudum
769 989 894 1046 cteli
925 993 1304 1049 serenitatem.
1335 994 1630 1068 Vergilium
1662 1014 1822 1054 secu-

225 1085 324 1145 tus,
357 1079 447 1146 ait,
499 1089 556 1136 et
595 1081 873 1148 tedituum,
934 1085 1022 1140 cui
1073 1088 1257 1158 templi
1300 1103 1432 1144 cura
1477 1090 1682 1146 credita
1727 1091 1820 1162 sit,

225 1189 356 1227 mera
393 1172 534 1229 calce
581 1173 744 1242 dixit,
779 1175 832 1232 id
855 1187 959 1248 est,
993 1179 1141 1234 nudo
1190 1181 1350 1250 pede,
1395 1184 1655 1254 quoniam
1687 1200 1823 1256 pura

222 1265 393 1321 omnia
425 1276 644 1324 veteres
671 1285 814 1324 mera
837 1271 1113 1328 dicebant.
1143 1274 1452 1345 Supersunt
1481 1285 1537 1333 et
1557 1278 1665 1334 alia
1697 1293 1822 1336 sex-

222 1371 386 1426 centa,
415 1376 536 1432 quae
567 1377 676 1417 non
702 1373 786 1419 est
825 1364 983 1437 hujus
1017 1370 1304 1438 temporis,
1337 1378 1432 1426 aut
1461 1371 1700 1429 instituti
1733 1391 1824 1431 rc—

222 1468 456 1512 censere.
493 1457 631 1513 Nam
675 1468 823 1515 tanta
847 1462 898 1516 in
929 1477 995 1518 eo
1026 1478 1208 1519 rerum
1234 1505 1249 1532 ,
1285 1466 1689 1541 verborumque
1728 1484 1823 1526 co-

222 1550 378 1623 gnitio
405 1562 509 1618 est,
542 1563 805 1624 quantam
857 1556 909 1611 in
954 1558 1150 1627 quovis
1195 1558 1306 1614 alio
1355 1561 1499 1631 apud
1554 1578 1654 1618 nos
1698 1577 1820 1620 esse

221 1649 612 1705 contenderim.
638 1670 658 1704 ι

287 1741 403 1798 191.
446 1742 725 1803 Hactenus
756 1745 1084 1805 Parrhasius
1129 1748 1197 1806 de
1246 1752 1508 1818 Sedulio,
1566 1769 1630 1812 ac
1682 1755 1818 1812 Pru-

1928 530 2082 587 tione
2126 532 2360 590 aliorum
2409 535 2662 594 codicum
2705 539 2854 596 varia
2886 542 3051 600 lectio
3095 545 3534 604 inscribebatur:

1925 622 2346 698 Nonnumquam
2371 643 2498 684 suas
2528 642 2810 690 corrector
2839 637 3188 707 conjecturas
3213 641 3533 712 adjiciebat.

1927 715 2098 774 Erant
2118 728 2297 776 autem
2331 732 2474 779 notae
2499 727 2736 796 propria:
2763 729 2832 785 ad
2866 731 3138 800 ejusmodi
3163 736 3537 795 correctiones

1927 809 2085 870 facile
2107 814 2444 888 indicandas,
2466 819 2534 876 ab
2555 821 2760 878 lsidoro
2786 823 2824 879 ι.
2854 842 2872 880 ι
2902 826 3109 901 Etym.,
3133 844 3257 902 cap.
3276 831 3349 889 20
3363 848 3533 905 expo-

1927 906 2068 963 sitae.

2002 1002 2125 1060 195.
2157 1005 2390 1063 Codices
2419 1007 2493 1065 ita
2521 1011 2798 1069 emendati
2829 1028 2952 1070 cum
2991 1016 3044 1072 in
3076 1018 3306 1076 aliorum
3339 1037 3535 1080 manus

1925 1093 2271 1156 describendi
2314 1101 2586 1173 venirent,
2609 1120 2757 1177 saepe
2778 1109 3082 1182 accidebat,
3120 1121 3178 1168 ut
3206 1115 3344 1171 alius
3373 1117 3535 1174 aliam

1923 1192 2250 1262 scripturam
2291 1197 2560 1268 arriperet
2609 1219 2624 1256 :
2675 1211 2732 1258 et
2778 1219 2902 1260 cum
2934 1206 3027 1262 alii
3057 1209 3182 1264 novi
3209 1224 3427 1268 errores
3453 1211 3537 1269 sui

1924 1286 2121 1356 cuique
2149 1291 2475 1362 exscriptori
2513 1296 2852 1369 exciderent,
2887 1314 2950 1356 ea
2978 1312 3103 1357 nata
3132 1313 3216 1360 est
3257 1308 3414 1376 copia
3444 1323 3538 1362 va-

1922 1379 2130 1438 riarum
2162 1383 2477 1454 lectionum,
2512 1405 2674 1460 quam
2707 1391 2761 1447 in
2790 1394 3052 1464 operibus
3080 1408 3322 1453 veterum
3351 1399 3535 1469 publi-

1922 1473 2111 1530 candis
2160 1477 2400 1535 editores
2448 1481 2626 1538 critici
2660 1493 2864 1541 nostra:
2912 1489 3090 1544 tetatis
3121 1490 3299 1545 solent
3329 1506 3534 1562 conge-

1922 1579 2064 1622 rere.
2094 1567 2282 1639 Magna
2319 1586 2535 1643 quoque
2575 1573 2714 1630 'mihi
2757 1591 2914 1648 seges
2945 1593 3066 1634 cum
3096 1581 3151 1635 in
3197 1581 3321 1636 aliis
3359 1584 3534 1653 poetis

1921 1659 2237 1716 christianis
2258 1662 2504 1731 obvenit,
2544 1667 2703 1740 108
2747 1678 2858 1725 tum
2903 1672 3141 1728 maxime
3173 1675 3226 1730 in
3255 1673 3482 1732 Sedulio
3515 1691 3530 1732 :

1920 1751 2334 1826 fortasse,quod
2366 1758 2768 1818 celeberrimus
2788 1765 2875 1820 hic
2907 1775 3065 1837 poeta
3088 1784 3196 1824 non
3225 1769 3400 1826 solum
3434 1774 3538 1829 As-

217 1836 393 1894 dentio
434 1858 446 1894 :
480 1856 603 1911 qua:
654 1844 873 1898 tametsi
914 1861 1021 1900 non
1086 1847 1234 1902 omni
1281 1864 1348 1905 ex
1393 1859 1547 1920 parte
1591 1853 1813 1923 probari
1845 1849 1892 1911 Β
1921 1847 2116 1902 terium
2151 1850 2419 1907 editorem
2449 1863 2504 1909 et
2526 1866 2898 1915 correctorem
2934 1877 3156 1919 suorum
3189 1865 3491 1922 carminum
3515 1907 3532 1936 ,

216 1932 424 2003 debent,
451 1946 513 1990 ut
543 1952 611 1991 ex
642 1936 1056 2010 Prolegomenls
1081 1942 1148 1997 ad
1173 1941 1555 2014 Prudentium,
1581 1963 1643 2003 ac
1672 1949 1816 2006 notis

213 2029 456 2098 adhunc,
486 2031 742 2104 aliosque
786 2046 981 2105 poetas
1011 2021 1344 2095 christianos
1377 2041 1581 2110 passim
1615 2040 1812 2113 liquet,

213 2131 379 2180 tamen
417 2140 604 2198 Operae
635 2127 871 2199 pretium
905 2130 1084 2186 visum
1117 2130 1216 2186 fuit
1250 2133 1640 2201 transcribere,
1668 2145 1730 2191 ut
1761 2137 1815 2192 in

212 2218 370 2273 sacris
402 2221 581 2291 poetis
625 2221 876 2294 legendis
913 2239 1129 2295 aequum
1157 2224 1423 2296 judicium
1454 2227 1584 2284 ferri
1615 2231 1808 2300 possit.

815 2349 1044 2408 CAPUT
1099 2351 1208 2408 Vll.

211 2469 284 2528 De
325 2473 566 2528 codicum
622 2491 748 2531 mss.
813 2478 1220 2548 correctoribus,
1277 2490 1327 2536 et
1399 2483 1808 2555 corruptoribus.

271 2566 540 2625 Excursus
583 2571 640 2624 in
694 2571 927 2627 codicem
973 2571 1036 2628 S.
1083 2573 1306 2647 Hilarii,
1357 2578 1448 2647 qui
1494 2579 1549 2634 in
1584 2578 1812 2635 archirio
1852 2632 1869 2644 ,

270 2660 514 2718 Basilica!
556 2662 828 2721 Vaticana:
848 2677 1164 2722 asservatur.

268 2780 389 2836 192.
422 2780 624 2838 Multos
645 2782 776 2838 olim
801 2783 950 2840 viros
976 2784 1186 2855 doctos,
1213 2789 1523 2858 praesertim
1552 2790 1752 2848 saeculo
1779 2807 1813 2848 v

211 2875 496 2942 exstitisse,
531 2877 626 2949 qui
656 2877 877 2935 codices
899 2889 1148 2936 veterum
1179 2883 1508 2954 scriptorum
1547 2887 1810 2942 emcnda-

212 2977 340 3033 rent,
368 2979 424 3024 et
451 2969 876 3046 distinguerent,
904 2973 1060 3046 107
1092 2978 1526 3034 utcorrectiores
1545 2979 1597 3034 in
1631 2979 1811 3036 lncem

205 3059 465 3128 publicam
518 3064 805 3132 venirent,
863 3082 1014 3121 num.
1065 3067 1167 3123 159
1223 3069 1656 3129 demonstratum
1703 3085 1809 3131 est.

212 3147 303 3222 ipsi
334 3157 498 3210 etiam
532 3157 904 3228 exscriptores
935 3159 1182 3216 codicum
1205 3163 1500 3236 aliquando
1531 3169 1808 3237 conferre,

213 3255 339 3324 quod
369 3257 734 3329 scripserant,
764 3267 819 3314 et
847 3258 914 3314 ad
946 3268 1131 3316 vetera
1162 3263 1495 3334 exemplaria
1517 3266 1810 3323 emendare
1835 3249 1882 3317 ο
1915 3263 2048 3325 tam.
2098 3274 2202 3313 ηοη
2248 3276 2363 3330 (μιαί
2406 3263 2628 3318 audiam

212 3347 550 3419 cogebantur.
583 3347 642 3404 In
661 3349 851 3406 codice
875 3349 1138 3408 Vaticano
1163 3354 1384 3426 Regium
1410 3355 1620 3413 Snecia:
1647 3358 1811 3429 2054,

213 3439 434 3499 chartae.
461 3443 517 3500 in
551 3445 646 3501 fol.
679 3457 856 3504 exstat
877 3447 1188 3530 Chronicon
1211 3453 1437 3509 Eusebii
1460 3455 1814 3513 Caesariensis

212 3537 264 3593 ab
286 3539 646 3614 Hieronymo,
695 3553 750 3599 et
792 3543 1064 3616 Prospero
1115 3548 1518 3605 continuatum.
1565 3549 1816 3606 Prmmit—

213 3629 320 3687 titur
347 3633 634 3707 Adjuratio
665 3634 938 3706 Prosperi.
975 3639 1177 3712 Adjuro
1230 3649 1316 3708 te,
1366 3643 1676 3712 quicumque
1717 3642 1812 3697 hos

214 3721 536 3798 descripseris
565 3728 728 3784 libros
757 3745 848 3801 per
872 3729 1155 3788 Dominum
1182 3742 1420 3788 nostrum
1458 3731 1637 3788 Jesum
1661 3733 1814 3789 Chri-

213 3827 344 3892 stum,
377 3833 426 3876 et
447 3821 740 3894 gloriosum
771 3825 882 3896 ejus
919 3827 1220 3895 adventum,
1253 3829 1305 3882 in
1340 3845 1439 3900 quo
1482 3829 1644 3885 veniet
1664 3830 1814 3902 judi-

216 3925 309 3968 care
344 3915 491 3971 vivos
531 3925 581 3972 el
629 3928 882 3990 mortuos,
916 3931 969 3974 ut
997 3922 1238 3993 conferas
1267 3923 1408 3993 quod
1437 3923 1732 3993 scripseris,
1763 3934 1813 3980 et

217 4009 426 4063 emendes
464 4010 534 4063 ad
556 4011 881 4081 exemplaria
916 4029 998 4081 ea,
1033 4015 1098 4068 de
1134 4013 1323 4086 quibus
1348 4014 1639 4085 scripseris,
1691 4016 1815 4071 dili-

216 4111 365 4169 genter
401 4114 490 4159 :et
513 4102 614 4159 hoc
635 4105 984 4177 adjurationis
1017 4125 1178 4180 genus
1209 4109 1447 4164 similiter
1470 4110 1810 4180 transcribas,

219 4203 254 4248 et
290 4200 571 4271 transferas
617 4202 672 4255 in
715 4218 834 4256 eum
879 4203 1150 4271 codicem,
1197 4221 1346 4276 quem
1399 4206 1807 4278 transcripseris.

219 4284 340 4348 Hanc
390 4294 802 4365 adjurationem
843 4294 1124 4367 Prosperi,
1171 4296 1294 4352 sive
1340 4297 1568 4354 alterius
1606 4299 1809 4369 potius,

221 4376 437 4442 imitatus
459 4397 548 4444 est
588 4385 875 4443 Matthaeus
905 4387 1210 4446 Palmerius
1241 4390 1297 4446 in
1326 4389 1433 4447 ﬁne
1462 4392 1812 4462 praefationis

222 4476 276 4532 ad
298 4494 446 4538 suum
480 4479 826 4550 Chronicon,
856 4484 1000 4555 quod
1033 4483 1275 4540 nondum
1303 4485 1574 4556 integrum
1603 4485 1810 4541 editum

225 4580 309 4638 est,
334 4584 388 4630 ut
420 4576 477 4631 in
503 4573 612 4631 hoc
643 4574 834 4631 eodem
883 4576 1074 4634 codice
1115 4577 1388 4648 reperitur
1425 4596 1438 4632 :
1474 4575 1623 4649 Rogo
1651 4579 1812 4653 igitur

1919 1942 2014 1998 sed
2047 1945 2212 2000 etiam
2245 1947 2650 2006 Abundantium
2682 1954 3004 2012 collatorem
3031 1969 3226 2014 nactus
3267 1958 3452 2016 fuerit.

1991 2035 2116 2093 194.
2147 2038 2564 2100 Correctoribus
2609 2046 2861 2104 codicum
2915 2049 3212 2123 adjungere
3242 2069 3532 2124 possumus

1917 2142 2273 2205 corruptores
2300 2152 2314 2190 :
2343 2154 2468 2193 nam
2499 2155 2649 2211 saepe
2676 2143 2985 2211 eveniebat,
3014 2155 3071 2200 ut
3101 2163 3223 2203 cum
3251 2148 3534 2221 corrigere

1916 2227 2145 2295 vellent,
2178 2244 2620 2303 corrumperent.
2655 2235 2772 2292 Etsi
2804 2239 2953 2294 enim
3003 2239 3240 2298 dubitari
3290 2258 3396 2300 non
3439 2258 3539 2315 po-

1915 2325 2040 2387 test,
2074 2323 2205 2393 quin
2235 2326 2392 2381 multi
2437 2327 2579 2382 mala
2619 2327 2748 2396 fide,
2777 2339 2837 2386 ut
2865 2347 3109 2389 errorem
3143 2351 3302 2392 suum
3330 2339 3535 2395 conﬁr-

1915 2425 2153 2483 marent,
2171 2425 2264 2472 aut
2279 2419 2660 2477 auctoritatem
2676 2427 3008 2482 contrariam
3025 2427 3324 2501 diluerent,
3344 2447 3534 2490 exem-

1914 2506 2086 2576 plaria
2132 2524 2264 2565 mss.
2311 2510 2766 2583 adulteraverint,
2817 2527 2999 2574 tamen
3059 2522 3280 2592 saepius,
3329 2533 3389 2579 ut
3429 2541 3532 2598 ego

1915 2610 2070 2671 puto,
2101 2602 2156 2658 id
2184 2605 2412 2676 contigit
2442 2619 2533 2663 aut
2579 2625 2646 2665 ex
2683 2612 3012 2682 ignorantia,
3047 2625 3141 2671 aut
3169 2633 3234 2672 ex
3267 2610 3528 2690 praejudié

1915 2703 2033 2748 cata
2092 2695 2374 2766 opinione.
2428 2697 2712 2757 Walchius
2759 2718 2884 2776 cap.
2929 2706 2959 2759 7
3007 2697 3156 2762 Hist.'
3207 2707 3343 2765 Crit.
3392 2712 3522 2785 Iing.

1913 2787 2092 2844 Latin.
2144 2790 2382 2860 Codices,
2441 2794 2650 2865 inquit,
2692 2796 2859 2852 solent
2903 2802 3167 2874 corrumpi
3207 2803 3272 2857 ab
3315 2802 3524 2864 IPSIS

1915 2881 2089 2939 SUIS
2127 2884 2621 2958 AUCTORIBUS,
2674 2908 2796 2947 cum
2843 2893 3114 2950 aberrante
3159 2914 3319 2953 manu
3372 2902 3528 2971 facile

1914 2972 2064 3027 aliud
2096 2976 2318 3032 scribere
2345 2990 2587 3050 possunt,
2605 2998 2685 3063 ἀθ
2718 2985 2946 3040 sentiunt
2976 3001 2995 3040 :
3019 3005 3051 3042 a
3079 2987 3375 3048 SCRIBIS
3397 3038 3410 3061 ,
3438 2994 3530 3066 qui

1915 3084 2188 3140 perperam
2215 3071 2452 3140 audiunt,
2483 3075 2934 3150 orthographiam,
2961 3091 3009 3135 et
3039 3083 3358 3156 antiquiores
3388 3085 3528 3143 litte-

1913 3176 2000 3215 ras
2037 3179 2140 3217 nou
2187 3181 2386 3238 semper
2422 3180 2796 3240 assequuntur;
2831 3175 2921 3243 qui
2953 3175 3210 3244 scribunt,
3242 3195 3360 3250 qua:
3382 3182 3527 3254 cogi-

2676 3280 2693 3318 :
2731 3282 2763 3318 a
2803 3265 3198 3338 DICTANTE,
3241 3274 3332 3342 qui
3369 3274 3525 3330 modo

1916 3351 2230 3422 scripturam
2260 3371 2362 3410 non
2384 3356 2647 3429 intelligit,
2680 3360 2834 3415 modo
2877 3363 2988 3417 sine
3020 3367 3333 3421 accuratiori
3360 3369 3525 3424 animi

1917 3445 2198 3500 attentione
2240 3459 2626 3506 monumentum
2666 3451 2810 3525 legit,
2844 3456 2998 3510 modo
3038 3458 3173 3512 male
3200 3461 3525 3532 pronuntiat,

1918 3537 2072 3590 modo
2096 3537 2412 3607 glossemata
2436 3557 2543 3598 orte
2575 3543 2696 3598 libri
2725 3547 2988 3617 apposita,
3012 3549 3116 3619 ipsi
3147 3553 3381 3607 auctoris
3419 3571 3530 3610 ser-

1916 3631 2058 3683 moni
2110 3631 2392 3704 interponit
2435 3651 2452 3689 :
2491 3653 2523 3689 a
2572 3635 2996 3709 LIBRARIIS,
3054 3651 3105 3697 et
3155 3641 3482 3702 CRITICIS
3509 3689 3526 3716 ,

1917 3742 2034 3780 cum
2080 3730 2400 3801 elegantem,
2455 3742 2502 3788 et
2562 3734 2782 3789 nitidam
2842 3738 3195 3808 scripturam,
3239 3743 3529 3800 emendata:

1916 3819 2127 3874 lectioni
2175 3824 2507 3893 praeferunt;
2535 3841 2654 3881 cum
2684 3828 2852 3898 oﬂicio
2893 3831 3189 3903 corrigendi
3233 3834 3391 3891 libros
3434 3844 3528 3892 aut

1914 3908 2069 3980 plane
2097 3910 2304 3977 desunt,
2346 3923 2436 3967 aut
2483 3913 2577 3969 illo
2617 3917 2692 3970 ita
2736 3921 3042 3990 funguntur,
3094 3930 3149 3975 ut
3206 3925 3361 3991 plura
3407 3942 3528 3981 cor-

1915 4011 2183 4071 rumpant,
2197 4019 2352 4073 quam
2372 4017 2553 4060 sanent
2575 4021 2641 4061 :a
2672 4005 2909 4066 VETUS
2920 4009 3126 4078 TATE,
3151 4031 3269 4085 qua:
3297 4017 3349 4070 in
3378 4017 3527 4076 libris

1915 4093 1970 4146 in
1991 4094 2309 4164 membrana,
2340 4106 2428 4151 aut
2443 4097 2627 4153 charta
2648 4100 2944 4173 descriptis,
2970 4103 3052 4158 uel
3071 4107 3304 4175 plurium
3320 4125 3523 4180 vocum,

1915 4189 2002 4243 vel
2021 4191 2221 4261 aliquot
2242 4189 2534 4248 litterarum
2563 4192 2780 4251 lacunas
2805 4197 2990 4268 efﬁcit.
3017 4197 3152 4254 Cum
3180 4201 3443 4269 librariis,
3472 4214 3530 4263 et

1916 4282 2126 4340 criticis
2149 4299 2239 4340 res
2263 4300 2406 4341 nunc
2433 4285 2567 4342 mihi
2589 4298 2692 4344 est.
2724 4287 3007 4347 Incidebat
3030 4290 3223 4350 horum
3248 4296 3446 4368 aliquis
3471 4299 3523 4356 in

1916 4376 2120 4443 locum,
2162 4393 2324 4449 quem
2357 4393 2465 4436 non
2497 4378 2855 4453 intelligebat,
2890 4392 2984 4439 aut
3009 4388 3319 4458 sententiae,
3361 4406 3525 4462 quam

1915 4469 2031 4540 ipse
2051 4485 2238 4526 veram
2262 4473 2543 4542 censebat,
2584 4477 2919 4532 contrarium
2946 4499 2960 4546 ;
2999 4490 3057 4537 et
3091 4498 3214 4538 cum
3243 4483 3410 4541 verba
3441 4486 3528 4541 in-

1917 4572 2057 4620 tacta
2089 4565 2403 4638 relinquere
2429 4566 2679 4638 deberet,
2707 4580 2925 4641 putans,
2955 4587 3018 4630 ea
3047 4591 3153 4631 non
3185 4592 3309 4635 esse
3336 4588 3527 4636 aucto-

227 4660 364 4735 illum,
390 4669 486 4742 qui
516 4667 805 4739 aliquando
843 4671 980 4725 hunc
1001 4669 1193 4725 librum
1215 4669 1541 4736 transcribet,
1584 4681 1642 4724 ut
1678 4671 1807 4725 dili-

1922 4657 2014 4725 ris,
2069 4657 2167 4714 sed
2206 4659 2469 4718 mendose
2517 4675 2548 4717 a
2578 4661 2806 4719 librario
2838 4667 3038 4737 posita,
3084 4669 3322 4737 delebat,
3365 4681 3530 4745 atque

227 4769 384 4829 genter,
413 4763 600 4818 eodem
629 4772 827 4819 servato
850 4765 1050 4832 ordine,
1089 4765 1415 4830 transcribal,
1435 4766 1640 4836 etquod
1661 4777 1810 4822 tran-

230 4853 483 4927 scripseril,
516 4856 588 4911 ad
631 4858 946 4931 exemplaria
993 4861 1246 4931 conferat,
1277 4867 1326 4914 et
1363 4859 1617 4914 emendet.
1673 4859 1810 4918 Vide

231 4942 359 5002 etiam
373 4949 715 5022 Ducangium
731 4951 784 5007 in
808 4951 1126 5023 praefatione
1137 4952 1205 5009 ad
1222 4952 1564 5010 Glossarium
1580 4969 1732 5010 num.
1751 4955 1806 5024 6,

232 5043 276 5089 et
311 5038 580 5100 Barthium
620 5043 660 5099 l.
702 5060 757 5100 vt
803 5043 1058 5114 Advers.,
1106 5061 1159 5103 c.
1211 5046 1305 5115 21,
1352 5045 1446 5118 qui
1483 5062 1552 5104 ex
1595 5049 1809 5119 Aponio

234 5134 406 5198 praefat.
453 5138 836 5197 Commentar.
882 5143 935 5196 in
991 5138 1207 5198 Cantic.
1273 5139 1548 5197 Canticor.
1611 5141 1809 5200 similia

236 5225 368 5285 verba
393 5232 628 5306 profert.
673 5231 782 5289 Sed
812 5249 922 5290 non
951 5249 1080 5302 una,
1115 5234 1416 5306 eademque
1457 5234 1660 5306 ubique
1707 5234 1814 5291 fuit

237 5318 348 5376 ratio
380 5323 708 5383 emendandi
743 5344 757 5381 :
807 5341 931 5382 nam
963 5341 1108 5398 sznpe
1148 5326 1314 5383 verba
1354 5324 1579 5382 omnino
1618 5326 1812 5383 erade-

239 5403 420 5486 bantur,
471 5427 532 5475 ut
580 5418 708 5491 quid
741 5417 936 5476 luisset
966 5418 1252 5491 scriptum,
1300 5418 1452 5474 nullo
1499 5419 1684 5488 modo,
1723 5417 1812 5476 vel

241 5499 493 5571 difﬁculter
525 5513 762 5586 intelligi
795 5523 984 5586 posset
1017 5533 1030 5570 :
1063 5514 1227 5587 idque
1254 5514 1422 5571 ﬁebat
1445 5559 1460 5586 ,
1505 5515 1594 5571 ubi
1644 5515 1813 5572 verba

244 5606 509 5674 autaperte
540 5617 734 5665 essent
766 5610 1027 5665 mendosa
1049 5651 1064 5675 ,
1097 5617 1191 5664 aut
1223 5609 1351 5664 talia
1383 5624 1509 5666 esse
1537 5618 1820 5666 corrector

246 5689 576 5773 pxisdmabat.
619 5697 901 5757 Interdum
930 5700 1160 5757 verbum
1204 5700 1592 5773 corrigendum
1641 5702 1820 5758 solum

263 5780 411 5843 incola
434 5793 772 5865 superposita
798 5794 1091 5850 notabatur
1126 5834 1142 5861 ,
1170 5803 1229 5850 ut
1250 5795 1328 5849 ita
1353 5795 1526 5851 lector
1553 5795 1824 5866 intellige-

252 5879 535 5948 ret,lalsam
576 5902 712 5963 esse,
742 5889 1070 5961 scripturam
1124 5887 1319 5962 primae
1359 5904 1587 5962 manus,
1634 5903 1823 5949 veram

1915 4749 2020 4807 alia
2052 4753 2401 4826 subrogabat.
2434 4753 2491 4810 ln
2515 4754 2760 4813 Juvenco
2780 4757 3167 4831 animadverti,
3185 4765 3386 4822 multos
3406 4781 3529 4824 ver-

1912 4859 2006 4901 sus
2035 4844 2109 4901 ita
2133 4845 2305 4904 fuisse
2329 4847 2688 4919 adulteratos,
2717 4859 2780 4907 ut
2806 4851 3052 4926 Vulgata:
3096 4867 3327 4927 nostrae,
3360 4876 3526 4932 quam

1914 4939 2032 5010 ipse
2055 4956 2168 5012 pra:
2198 4943 2374 5000 oculis
2401 4943 2607 5002 habere
2637 4961 2744 5002 non
2796 4951 2994 5022 potuit,
3028 4953 3526 5012 conformarentur.

1913 5031 1970 5088 in
2002 5034 2124 5090 aliis
2154 5036 2385 5092 aliorum
2431 5036 2654 5095 Patrum
2699 5043 2959 5114 operibus
3007 5047 3216 5116 pariter
3240 5047 3382 5105 hanc
3420 5048 3529 5106 sibi

1917 5125 2195 5183 licentiam
2224 5130 2518 5187 sumebant
2567 5135 2844 5204 nonnulli,
2877 5146 2937 5193 ut
2972 5139 3139 5195 verba
3170 5154 3344 5196 sacrae
3381 5138 3531 5196 Scri-

1920 5227 2116 5290 pturae,
2156 5237 2276 5294 quae
2305 5237 2374 5279 ex
2403 5223 2534 5280 Itala
2565 5228 2821 5286 versione
2844 5229 3153 5301 proferunt,
3179 5231 3247 5286 ad
3281 5231 3529 5304 Vulgata:

1919 5321 2125 5370 nostra:
2179 5317 2464 5387 exemplar
2507 5318 2874 5380 reformarent
2914 5341 2928 5376 :
2971 5338 3075 5394 qua
3121 5323 3190 5379 de
3240 5337 3302 5380 re
3350 5323 3535 5383 Latini

1919 5403 2118 5462 Latinii
2145 5408 2395 5480 querelas
2425 5409 2560 5468 nihil
2591 5415 2788 5471 attinet
2811 5414 3093 5471 refricare.

1994 5507 2120 5563 195.
2170 5506 2230 5563 ln
2259 5508 2483 5567 Sedulio
2512 5512 2797 5572 innumera
2825 5525 3140 5584 occurrunt,
3177 5531 3300 5586 quae
3333 5515 3529 5576 falsata

1922 5617 2047 5660 esse
2070 5604 2360 5662 manifeste
2380 5607 2676 5679 evincitur,
2710 5621 2769 5666 ut
2791 5626 2856 5667 ex
2889 5610 3057 5666 variis
3085 5610 3409 5668 lectionibus
3435 5625 3533 5683 pa-

1925 5703 2023 5766 tet,
2055 5703 2114 5752 et
2138 5697 2434 5770 aliquando
2457 5701 2679 5772 quidem
2711 5701 2871 5775 109
2895 5703 2980 5759 vel
3003 5703 3104 5760 hac
3129 5704 3247 5759 sola
3275 5706 3488 5760 ratione
3512 5746 3530 5775 ,

1925 5791 2069 5862 quod
2088 5807 2298 5863 versus,
2328 5803 2438 5849 uta
2461 5804 2621 5865 poeta
2649 5797 2984 5869 compositus
3012 5807 3150 5871 erat,
3180 5797 3360 5855 minus
3382 5806 3537 5859 recte

1926 5884 2206 5944 videretur
2237 5887 2562 5959 procedere,
2589 5898 2646 5946 ut
2677 5890 2716 5947 l.
2749 5906 2826 5964 tv,
2856 5907 2907 5948 ν.
2941 5891 2997 5951 8.
