4060 6320
522 262 631 319 515

659 384 896 446 Claritica,
924 381 1069 451 dixit,
1094 383 1294 439 nomen‘
1319 396 1474 449 tuum,
1498 398 1777 451 magnaque
1800 388 1942 440 coelo.

517 499 654 560 Cum
684 513 869 561 autem
918 507 1089 561 verba
1127 507 1272 562 inter
1294 522 1354 563 se
1376 507 1727 576 aliquatenus
1749 506 1952 562 similia
1976 515 2125 571 sunt,

518 602 771 670 quamvis
802 601 1021 659 diversa
1045 620 1133 658 res
1154 605 1520 676 signiﬁcetur,
1548 614 1659 659 tum
1686 605 2127 675 frequentissima

516 702 604 749 est
632 698 963 763 permutatio
995 713 1219 767 vocum,
1253 708 1315 752 ut
1346 698 1387 754 1.
1419 714 1458 766 ι,
1489 714 1544 753 v.
1581 699 1637 766 ’5,
1669 699 1824 752 mella
1851 713 1949 767 pro
1988 698 2128 751 mala

516 802 547 842 a
570 787 813 846 librariis
835 793 978 849 male
1002 794 1241 862 positum
1267 793 1578 859 ostendam,
1603 801 1659 849 et
1689 793 1728 849 l.
1756 791 1885 849 eod.
1917 808 1969 847 v.
1994 792 2125 856 247,

519 878 674 936 homo
702 899 895 954 pronus
916 886 1118 951 adoret,
1151 901 1252 955 pro
1282 885 1437 940 homo
1469 887 1653 958 plenus
1691 886 1889 940 adoret.
1921 885 2129 955 Seque-

515 969 718 1031 bantur
746 975 891 1031 enim
920 977 1158 1045 librarii,
1191 977 1337 1048 quod
1361 980 1533 1051 magis
1565 979 1699 1048 ipsis
1724 978 1930 1033 clarum
1955 991 2125 1047 appa-

517 1066 697 1132 rebat,
754 1083 862 1125 non
913 1071 1058 1138 quod
1107 1072 1293 1126 verius
1336 1081 1481 1128 erat.
1526 1070 1685 1140 Quod
1718 1071 1900 1126 minus
1930 1069 2127 1125 mirum

516 1161 820 1229 videbitur,
855 1165 900 1218 si
931 1164 1440 1221 animadvertamus
1466 1206 1481 1231 ,
1512 1164 1567 1221 in
1598 1164 1950 1220 monasteriis
1970 1163 2131 1233 juve-

517 1273 619 1314 nes
645 1259 987 1330 plerumque,
1015 1260 1070 1316 in
1094 1260 1339 1317 scientiis
1367 1276 1474 1314 non
1504 1261 1670 1332 plene
1699 1268 1971 1322 versatos.
2005 1273 2127 1314 mu-

518 1350 642 1408 neri
673 1352 947 1408 scribendi
978 1346 1285 1409 déstinatos
1334 1352 1528 1415 fuisse.
1585 1353 1676 1423 qui
1725 1355 1891 1408 etiam
1926 1351 2131 1419 impor-

517 1452 651 1501 tune
684 1434 1039 1511 festinabant,
1073 1456 1132 1502 ut
1161 1448 1487 1518 quantocius
1515 1446 1583 1503 ad
1627 1444 1949 1501 umbilicum
1998 1443 2127 1500 libri

519 1539 896 1607 pervenirent.
930 1538 988 1594 In
1021 1539 1147 1596 cod.
1193 1540 1319 1597 Vat.
1373 1538 1511 1609 Reg.
1563 1539 1695 1603 254,
1750 1539 1803 1593 in
1857 1551 1964 1606 quo
2008 1536 2130 1592 libri

519 1628 956 1701 Sententiarum,
988 1643 1045 1691 et
1081 1633 1381 1705 Soliloqnia
1425 1633 1645 1699 lsldori,
1678 1632 1895 1703 aliaque
1924 1646 1997 1687 ex
2027 1628 2132 1687 Pa-

518 1722 696 1777 tribus
747 1736 1010 1794 excerpta
1076 1725 1475 1793 continentur,
1538 1722 1796 1780 librarius
1843 1722 2126 1793 pueriliter

516 1817 742 1887 scripsit
767 1836 780 1873 :
816 1818 1068 1889 Emplirit,
1102 1821 1358 1890 explicent
1388 1836 1407 1875 :
1438 1820 1617 1874 ludere
1635 1819 1859 1887 scriptor
1886 1828 1989 1872 eat.
2014 1817 2125 1871 Ma-

523 1926 628 1981 gna
657 1912 827 1967 etiam
856 1923 941 1967 est
969 1912 1221 1975 codicum
1268 1915 1411 1968 inter
1442 1928 1504 1968 se
1527 1912 1901 1983 discrepantia
1930 1912 1982 1967 in
2012 1928 2129 1967 ver-
2154 1954 2157 1955 ν

522 2002 608 2057 bis
635 2004 853 2075 adopto,
898 2006 1083 2072 adoro,
1129 2006 1351 2070 adorna,
1383 2007 1578 2076 adopto
1619 2003 2045 2070 commutandis,
2073 2012 2133 2059 ut

518 2104 655 2151 noto
683 2095 749 2150 ad
782 2097 819 2150 l.
851 2112 933 2163 in,
966 2113 1016 2150 v.
1047 2097 1178 2165 294,
1212 2105 1264 2153 et
1302 2097 1370 2152 ad
1413 2097 1553 2167 eleg.
1588 2112 1641 2150 v.
1677 2097 1766 2152 '51.
1794 2098 1926 2164 Quae
1951 2107 2129 2153 tamen

519 2203 665 2258 saepe
713 2203 747 2242 a
800 2189 1202 2263 collatoribus,
1260 2200 1354 2246 aut
1413 2190 1710 2244 lectoribus
1763 2206 1863 2261 pro
1916 2189 2131 2246 diversa

522 2281 956 2352 uniuscujusque
987 2283 1042 2339 in
1092 2284 1259 2339 rebus
1303 2283 1626 2352 theologicis
1672 2283 1934 2353 opinione
1973 2285 2132 2340 aliter

438 2448 441 2449 ν
521 2376 795 2445 rescripta
820 2385 971 2443 sunt,
1004 2392 1167 2447 quam
1197 2387 1391 2433 auctor
1420 2377 1674 2433 voluerit.

596 2468 721 2525 196.
763 2469 896 2538 Quae
925 2469 1059 2525 mihi
1102 2485 1250 2532 nunc
1287 2484 1413 2527 sese
1441 2470 1661 2526 occasio
1683 2468 1866 2538 oﬂ'ert,
1900 2480 1958 2523 ut
1985 2469 2131 2540 quod

516 2574 681 2631 supra
733 2576 790 2615 n.
827 2561 930 2618 160
961 2560 1238 2632 pollicitus
1279 2577 1422 2629 sum,
1460 2561 1768 2618 uberiorem
1819 2575 2130 2616 sermonem

520 2653 806 2710 instituam
836 2652 905 2708 de
930 2664 1171 2721 vetusto,
1206 2664 1262 2710 et
1286 2654 1649 2711 celeberrimo
1672 2654 1860 2710 codice
1888 2656 1945 2710 S.
1981 2655 2131 2710 Hila-

522 2743 592 2803 rii
636 2747 688 2802 in
733 2746 1024 2813 'l'abulario
1056 2746 1301 2803 Basilica:
1342 2745 1617 2803 Vaticana:
1637 2758 1941 2815 assert-ato,
1970 2764 2131 2819 quem

521 2841 640 2913 ipse
673 2842 911 2911 inspexi,
947 2850 1001 2897 et
1022 2842 1074 2896 in
1105 2857 1215 2913 quo
1245 2851 1475 2913 apparet
1513 2857 1658 2898 nunc
1679 2842 1903 2897 verbum
1943 2843 2130 2896 adora-

516 2944 626 3003 tur,
667 2952 794 2992 cum
819 2948 978 2994 antea
1032 2936 1282 2993 videatur
1331 2935 1501 2992 fuisse
1549 2937 1848 3009 adoptatur.
1902 2936 2009 2990 Res
2060 2938 2131 2991 ita

524 3028 657 3083 mihi
689 3038 914 3084 narrata
938 3028 1137 3094 fuerat,
1169 3030 1327 3100 quasi
1358 3030 1668 3085 certissime
1698 3038 2000 3097 constaret,
2031 3030 2134 3085 sub

513 3119 730 3177 initium
763 3121 930 3193 hujus
954 3121 1142 3177 seculi
1172 3121 1423 3178 codicem
1453 3121 1624 3177 fuisse
1654 3135 1997 3192 corruptum.
2030 3122 2133 3180 Le-

1810 252 2095 327 cuEuus
2134 254 2497 329 SEDULIUS.

3723 261 3827 338 Sto

2150 393 2204 454 Α
2230 389 2351 444 tiori
2370 398 2681 457 atramento,
2708 399 2756 443 et
2776 390 2978 446 diverso
2991 391 3055 445 ab
3072 407 3157 458 eo,
3181 408 3280 462 quo
3300 393 3527 463 scriptus
3549 403 3628 449 est
3648 395 3829 464 codex,

2229 491 2278 538 et
2298 482 2701 556 chirographum
2722 485 3105 555 supradictum,
3126 489 3448 562 superposita
3471 502 3545 544 est
3572 490 3750 545 littera
3764 490 3831 559 Β,

2228 591 2384 644 quam
2446 576 2669 631 litteram
2738 580 3073 636 recentiorem
3122 592 3410 654 sequuntur
3462 583 3583 640 dum
3621 584 3837 656 syllaba:

2230 670 2415 738 prima:
2459 686 2663 737 manus,
2691 671 2748 725 id
2773 682 2845 727 est
2869 718 2884 743 ,
2930 690 3096 744 nun,
3137 691 3362 748 quarum
3389 676 3564 733 littera
3592 680 3767 749 prima
3794 679 3838 734 Α

2229 776 2294 815 ea:
2309 773 2455 835 parte
2478 774 2553 817 est
2574 762 2712 818 illita
2737 767 2917 821 eodem
2938 768 3210 823 recentiori
3240 778 3551 837 atramento,
3578 779 3627 828 et
3666 774 3839 845 refor-

2231 868 2371 909 mata
2400 857 2579 927 :quod
2613 858 2996 916 euidentissime
3015 873 3257 932 apparet.
3294 863 3375 919 Ex
3407 862 3493 920 his
3527 864 3668 921 nihil
3694 867 3839 923 aliud

2229 946 2494 1017 Colligere
2518 950 2663 1017 licet,
2690 950 2798 1007 nisi
2826 953 3062 1009 litteram
3096 953 3141 1011 R
3173 956 3534 1013 recentiorem
3566 973 3693 1014 esse
3713 958 3840 1014 cha-

2233 1049 2445 1096 ractere
2474 1043 2654 1113 primo
2678 1046 2905 1113 codicis,
2932 1056 2989 1103 et
3011 1047 3387 1121 chirographi,
3433 1051 3553 1109 sive
3593 1052 3839 1110 subscri-

2230 1131 2437 1204 ptionis
2467 1135 2749 1206 cujusdam
2780 1139 3034 1209 Studiosi,
3059 1140 3152 1211 qui
3173 1142 3418 1199 codicem
3449 1160 3511 1201 se
3541 1147 3841 1205 mtuliwe

2229 1226 2305 1278 ait
2336 1241 2481 1280 anno
2503 1228 2721 1284 decimo
2749 1242 2949 1302 quarto
2975 1233 3335 1292 Trasamundi
3358 1236 3529 1310 regis,
3561 1238 3682 1295 sive
3699 1255 3839 1295 anno
3922 1292 3927 1296 .

2231 1317 2424 1374 Salutis
2455 1320 2581 1376 510.
2615 1321 2799 1394 Neque
2838 1340 3120 1395 censores,
3153 1342 3182 1381 a
3213 1327 3273 1383 P.
3308 1328 3370 1382 D.
3405 1329 3708 1387 Guillcloio
3737 1330 3837 1389 La-

2232 1426 2394 1481 parre
2423 1410 2788 1471 Procuratore
2818 1416 3074 1474 Generali
3117 1418 3489 1477 Maurinorum
3533 1425 3739 1494 rogati,
3783 1434 3840 1483 ut

2226 1505 2492 1576 judicium
2507 1525 2667 1565 suum
2685 1510 3018 1583 proferrent,
3036 1515 3196 1571 ullam
3213 1517 3299 1572 vel
3315 1516 3649 1574 levissimam
3665 1518 3839 1592 suspi-

2231 1602 2444 1655 cioncm
2475 1601 2543 1657 de
2568 1604 2946 1661 recentissima
2998 1609 3349 1678 corruptione
3382 1611 3595 1668 codicis
3643 1612 3842 1668 indica-

2232 1701 2376 1746 runt.
2411 1692 2566 1750 Unde
2595 1710 2724 1765 ergo
2753 1713 2939 1752 rumor
2966 1699 3084 1764 ille,
3117 1708 3175 1757 et
3204 1700 3401 1758 fabella
3425 1702 3493 1760 de
3517 1703 3714 1761 codice
3742 1706 3841 1761 Va-

2153 1784 2422 1845 Bticana:
2477 1786 2716 1843 basilicae
2777 1792 3156 1850 recentissime
3222 1795 3533 1853 adulterato
3577 1798 3838 1870 originem

2237 1873 2441 1935 habere
2470 1881 2677 1951 potuit?
2710 1881 2826 1937 Non
2857 1882 3074 1940 aliunde
3102 1899 3280 1956 certe,
3306 1889 3408 1943 nisi
3435 1905 3507 1945 ex
3545 1890 3736 1948 Diario
3763 1894 3845 1948 lit-

2237 1978 2534 2028 teratorum
2566 1972 2736 2030 Italia:
2770 1975 3012 2034 Venetiis
3044 1979 3204 2046 1716,
3245 1993 3378 2038 tom.
3408 1999 3575 2052 χχιιι,
3609 1997 3717 2041 art.
3752 1987 3836 2057 1'5,

2237 2064 2326 2121 ubi
2357 2068 2676 2124 enuntiatur
2709 2070 2845 2127 liber
2866 2070 3191 2142 Constantii,
3233 2075 3486 2133 Vindicio:
3515 2087 3746 2136 veterum
3769 2098 3847 2138 co-

2234 2160 2407 2215 dicum
2438 2163 2780 2233 conﬁrmatur.
2830 2164 2906 2221 Ita
2953 2184 3096 2223 enim
3128 2169 3202 2224 ibi
3234 2164 3375 2243 'lego
3398 2173 3467 2228 de
3521 2177 3847 2233 censoribus

2235 2253 2513 2325 deputatis
2541 2276 2554 2313 :
2589 2259 2965 2328 Ritrovarono,
3001 2261 3093 2317 che
3124 2279 3576 2334 ascensurus,
3615 2287 3645 2325 e
3672 2285 3844 2327 nomo

2235 2364 2287 2405 nt
2322 2366 2522 2408 rnasco
2550 2370 2635 2408 era
2664 2365 2798 2410 stato
2819 2354 3131 2426 adulterata,
3166 2376 3194 2413 e
3228 2377 3320 2415 con
3351 2377 3550 2430 nuovo,
3578 2379 3611 2419 ε
3639 2380 3838 2422 nonsa-

2235 2459 2443 2502 Ntsstlo
2472 2446 2756 2503 ittcltiostro
2779 2451 3046 2507 ritoccato.
3082 2451 3228 2508 Bene
3250 2465 3431 2510 autem
3473 2455 3666 2523 habet,
3696 2458 3835 2529 quod

2235 2541 2423 2595 nullus
2476 2542 2631 2597 testis
2683 2543 2996 2615 allegatur,
3047 2545 3152 2602 nisi
3203 2546 3380 2617 ipsum
3433 2548 3843 2620 documentum,

2237 2636 2380 2704 quod
2423 2636 2728 2703 retulimus,
2761 2651 2815 2693 et
2848 2653 2914 2693 ex
2935 2654 3044 2709 quo
3075 2640 3348 2698 calumnia
3381 2643 3544 2713 plane
3571 2647 3847 2703 convinci-

2240 2733 2348 2779 tur.
2374 2725 2698 2784 lueredibile
2721 2737 2902 2786 autem
2934 2743 3042 2800 ρει,
3070 2748 3231 2804 quam
3287 2736 3472 2808 inepte
3498 2747 3697 2795 auctor
3737 2740 3847 2810 ejus

2238 2817 2454 2874 articuli
2514 2823 2670 2895 111
2732 2823 3016 2879 mendacia
3076 2826 3376 2899 contingat.
3430 2827 3500 2886 Ut
3552 2833 3697 2887 enim
3746 2833 3846 2887 alia

2240 2912 2521 2981 omittam,
2554 2918 2758 2982 primas
2789 2914 3066 2973 Vindicias
3094 2919 3341 2975 codicum
3372 2936 3503 2976 mss.
3530 2937 3560 2976 a
3584 2923 3846 2980 Constan-

2238 3008 2314 3059 tio
2345 3021 2488 3060 anno
2523 3005 2659 3063 1706
2688 3007 2863 3063 editas
2902 3022 3296 3068 commemorat
3328 3030 3339 3066 :
3373 3024 3484 3069 tum
3530 3015 3721 3081 refert,
3752 3032 3849 3079 00-.

2239 3098 2414 3156 dicem
2440 3098 2717 3156 Vaticana:
2750 3100 2993 3158 basilica:
3014 3119 3044 3158 a
3077 3112 3231 3175 patre
3263 3104 3484 3169 Tellier.
3523 3119 3579 3164 ut
3614 3108 3842 3165 Germo-

516 3229 710 3285 seram
739 3184 905 3270 εαξη,
938 3214 994 3269 ει,
1031 3213 1149 3268 νη,
1182 3229 1307 3269 τοι..
1351 3211 1659 3269 Cardinalis
1704 3184 1982 3269 Tha-mas“
2013 3230 2042 3268 ³
2073 3230 2127 3267 ν,
2158 3184 2203 3248 C
2239 3194 2329 3247 nio
2362 3208 2567 3248 morem
2598 3202 2846 3265 generet,
2883 3190 3239 3253 observatum
3288 3197 3455 3255 fuisse
3499 3199 3844 3258 bebdomada

515 3320 567 3362 c.
600 3307 839 3361 Antonio
870 3305 1170 3361 Francisco
1203 3305 1465 3362 Vezzosio
1505 3308 1814 3377 conscripta
1837 3348 1853 3373 ,
1884 3316 1940 3363 et
1967 3307 2131 3361 Insti-

517 3399 824 3454 tutionihus
850 3397 1177 3468 lheologicis
1208 3415 1335 3454 ven.
1359 3398 1643 3456 Tltomasii
1677 3398 1982 3470 przemissa,
2011 3398 2131 3468 plu-

517 3508 610 3551 res
642 3495 811 3549 fuisse
839 3508 1107 3550 censores
1136 3494 1225 3550 die
1255 3495 1322 3551 15
1356 3494 1667 3551 decembris
1694 3509 1839 3548 anno
1872 3494 2009 3549 1707
2034 3494 2130 3551 de—

517 3598 741 3660 putatus
772 3590 837 3647 ad
873 3589 1277 3660 inspiciendum
1310 3591 1584 3657 codicem,
1608 3598 1666 3646 et
1694 3590 1835 3645 inter
1867 3589 1967 3645 hos
1996 3607 2126 3646 ven.

515 3662 892 3740 Thomasium.
925 3682 1002 3738 Hi
1031 3700 1231 3751 omnes,
1263 3683 1415 3739 addit
1441 3682 1738 3738 Vezzosius
1768 3699 1822 3736 η.
1855 3682 1948 3751 57,
1980 3684 2128 3738 codi-

516 3794 624 3831 cem
654 3785 964 3832 comitentur
995 3776 1413 3850 diligentissime,
1459 3784 1768 3846 agnoscunt,
1820 3780 2127 3847 fatenturve,

515 3858 618 3941 non
642 3871 796 3925 modo
817 3880 1099 3936 recentem,
1120 3870 1211 3924 sed
1241 3867 1494 3924 RECEN
1500 3868 1571 3921 TI
1581 3866 1703 3925 SSI
1710 3867 1764 3921 Μ
1773 3867 1820 3924 U
1826 3868 1878 3922 Μ
1911 3885 2020 3924 esse
2041 3887 2129 3926 ιιο-

510 3966 583 4018 cis
607 3961 1052 4019 ADUPTATUR
1087 3971 1469 4034 corruptorem.
1513 3961 1641 4017 Rem
1670 3962 1989 4029 describunt,
2015 3972 2122 4020 etc.

509 4056 639 4113 Hace
665 4058 873 4112 uberius
898 4068 1116 4112 exarata
1134 4058 1379 4129 leguntur
1409 4057 1461 4110 in
1487 4058 1707 4129 ipsomet
1745 4058 1942 4125 codice,
1972 4069 2128 4130 atque

506 4152 779 4206 enucleate
806 4150 1071 4222 descripta
1100 4150 1157 4205 in
1202 4149 1457 4205 Vindiciis
1488 4157 1716 4205 retcrum
1744 4152 1979 4205 codicum
2006 4167 2129 4207 oon-

506 4246 731 4314 ﬁrmatis
784 4245 944 4318 110
974 4243 1195 4300 Lutetia:
1232 4243 1565 4300 Parisiorum
1587 4245 1742 4301 editis
1790 4262 1930 4301 anno
1964 4248 2123 4302 1715.

2237 3285 2426 3357 majori
2456 3286 2583 3342 anni
2612 3287 2748 3345 1707
2774 3305 2787 3342 :
2825 3290 2967 3360 quod
2997 3308 3119 3348 cum
3146 3292 3267 3349 aliis
3292 3294 3652 3366 suboluisset,
3687 3298 3844 3370 depu-

2236 3377 2332 3433 tati
2357 3388 2485 3435 sunt
2509 3395 2788 3452 censores,
2813 3383 2901 3454 qui
2928 3384 2998 3440 de
3022 3385 3216 3444 codice
3238 3377 3507 3460 judicium
3535 3407 3698 3448 suum
3724 3408 3844 3464 pro-

2233 3475 2460 3541 ferrent,
2492 3492 2554 3530 ac
2598 3476 2986 3534 documentum
3039 3483 3416 3538 autltenlit-utn
3470 3485 3541 3542 ad
3572 3487 3843 3547 Maurinos

2233 3566 2577 3626 Parisienses
2608 3572 2833 3627 missum
2868 3572 2990 3631 fuit.
3205 3611 3211 3617 -

2306 3661 2432 3717 198.
2476 3661 2769 3735 Subjungit
2800 3682 2813 3719 :
2847 3663 2898 3719 Il
2921 3664 3273 3735 P.'.Constant
3315 3689 3406 3741 per
3446 3671 3748 3731 abbondare
3786 3675 3837 3732 in

2231 3755 2417 3823 caritd,
2449 3774 2475 3809 e
2503 3757 2862 3813 moderazione
2893 3777 2987 3815 can
3028 3762 3064 3816 ι’
3084 3767 3410 3833 avversario,
3443 3768 3490 3823 si
3517 3772 3760 3826 contenti)
3789 3768 3840 3826 di

2231 3848 2316 3920 far
2342 3849 2519 3905 cedere
2547 3849 2655 3905 cos‘t
2700 3854 2876 3908 scritto
2907 3872 2938 3907 α
2970 3872 3123 3910 mana
3153 3855 3194 3910 il
3234 3858 3541 3917 documento
3577 3873 3734 3918 acuto
3775 3864 3841 3919 da

2235 3941 2401 3999 Roma
2430 3959 2583 3999 senza
2627 3945 2917 4019 stamparlo
2948 3949 3082 4004 nelle
3127 3968 3216 4005 sne
3253 3953 3419 4023 price
3475 3953 3728 4013 Vindicie.
3773 3958 3842 4014 At

2231 4052 2336 4108 qua
2367 4037 2584 4093 ratione
2631 4040 2681 4093 in
2733 4039 2919 4108 primis
2952 4040 3220 4099 Vindiciis
3247 4087 3262 4113 ,
3295 4044 3456 4101 editis
3486 4063 3634 4105 anno
3665 4049 3835 4119 1706,

2235 4131 2583 4201 promulgare
2632 4133 2811 4203 potuit
2861 4132 3252 4193 documentum
3311 4141 3627 4198 conlectum
3705 4159 3841 4202 anno

2235 4225 2409 4282 1707'!
2447 4226 2776 4285 Germonius
2821 4246 2966 4286 anno
3000 4231 3139 4289 1716
3170 4233 3464 4303 epistolam
3489 4236 3558 4292 ad
3592 4249 3842 4297 auctores

508 4337 645 4395 Cum
678 4340 912 4409 primum
944 4338 1195 4395 codicem
1222 4338 1354 4403 vidi,
1384 4353 1452 4395 ac
1475 4338 1663 4394 locum
1692 4340 1931 4409 inspexi,
1964 4339 2140 4396 ωιτη.
2236 4320 2402 4377 Dial“
2437 4322 2627 4378 vene”
2666 4323 2906 4381 PariSiiS
2955 4325 3150 4396 edidit
3203 4345 3324 4398 ειυω
3375 4329 3580 4386 inser”
3631 4349 3841 4406 (ιιιοίιυθ

508 4438 598 4488 tus
624 4432 783 4488 valde
806 4448 950 4502 sum,
984 4434 1077 4505 qui
1109 4448 1371 4489 censores
1395 4432 1643 4498 deputati
1662 4432 1914 4503 judicare
1941 4444 2130 4505 potue~

511 4528 644 4592 rint,
677 4534 1064 4596 corruptorem
1121 4543 1231 4583 non
1268 4527 1446 4581 solum
1476 4535 1778 4596 recentem,
1815 4528 1912 4585 sed
1948 4545 2123 4585 recen-

2236 4414 2421 4475 fuitin
2472 4419 3290 4495 Memoriis,Trevultiensibus,
3344 4436 3400 4483 et
3446 4429 3636 4486 ltalice
3683 4428 3840 4487 etiam

2239 4512 2467 4582 prodiit,
2499 4531 2602 4585 qua
2634 4515 2960 4570 calumniam
2995 4532 3104 4572 non
3134 4526 3241 4574 tam
3274 4519 3374 4574 sibi
3402 4566 3415 4587 ,
3450 4535 3616 4592 quam
3650 4521 3841 4580 Tellie-

508 4623 768 4678 tissimunt
797 4637 921 4679 esse
945 4639 960 4689 ;
992 4638 1118 4678 nam
1146 4630 1340 4677 contra
1368 4620 1505 4677 mihi
1536 4621 1822 4679 videbatur
1851 4624 2126 4681 correctio

2234 4604 2336 4677 rio,
2371 4607 2490 4663 viro
2518 4582 2592 4665 'iu
2648 4610 2839 4681 primis
2874 4612 3046 4681 gravi,
3097 4614 3191 4684 qui
3238 4582 3504 4670 Ludovici
3551 4617 3701 4688 regis
3724 4618 3839 4676 XIV

502 4715 787 4773 recentior
813 4714 1036 4784 quidem
1065 4716 1389 4771 charactere
1418 4716 1598 4785 primo
1633 4716 1861 4784 codicis,
1892 4717 1988 4773 sed
2032 4732 2126 4776 ve-

511 4818 654 4863 tusta
685 4805 1071 4872 nihilominus,
1104 4815 1163 4862 et
1191 4805 1385 4864 multis
1412 4817 1541 4864 ante
1570 4822 1672 4863 nos
1700 4809 1918 4864 saeculis
1947 4808 2086 4865 facta
2105 4852 2121 4878 ,

510 4916 691 4973 neque
712 4900 1001 4957 dissimilis
1052 4900 1199 4967 aliis,
1220 4916 1344 4972 qum
1370 4902 1425 4959 in
1461 4901 1658 4958 eodem
1701 4901 1895 4959 codice
1936 4903 2125 4962 obser-

494 4996 729 5053 vantur.
750 4994 902 5066 Lego
931 4993 1095 5066 igitur
1113 4994 1385 5065 judicium
1417 5009 1706 5052 censorum
1734 4995 1787 5051 in
1816 4996 2008 5051 eodem
2033 5014 2127 5054 co-

490 5092 634 5149 .dice
660 5101 969 5159 exaratum,
1004 5090 1093 5144 vel
1129 5091 1313 5160 potius
1355 5089 1599 5146 additum
1628 5108 1641 5145 :
1671 5106 1738 5147 ac
1784 5098 1913 5147 tunc
1953 5095 2124 5165 magis

509 5184 745 5243 miratus
773 5198 895 5238 sum
922 5225 938 5249 ,
971 5197 1096 5239 cum
1135 5182 1275 5238 nihil
1314 5181 1385 5240 de
1412 5183 1760 5239 recentissimo
1797 5195 2124 5256 corruptore

486 5278 842 5345 ;invenerim,
876 5276 1034 5345 nihil,
1066 5277 1210 5348 quod
1242 5277 1487 5348 opinioni
1521 5294 1657 5335 mete
1681 5279 1750 5336 de
1774 5281 2124 5338 correctione

511 5374 736 5446 antiqua
768 5371 1180 5429 adversaretur.

587 5470 715 5526 197.
759 5469 885 5525 llaec
915 5478 1045 5524 sunt.
1093 5467 1279 5526 verba
1302 5483 1617 5538 censorum,
1645 5485 1769 5542 quae
1796 5471 1961 5527 etiam
1994 5485 2122 5541 pro-

482 5614 495 5618 -
513 5561 642 5619 tulit
667 5559 1025 5619 Constantius
1054 5561 1109 5616 in
1142 5560 1408 5618 Vindiciis
1437 5570 1688 5620 veterum
1717 5563 1966 5619 codicum
1988 5577 2121 5618 con-

513 5653 790 5712 ﬁrmatis:
841 5652 1103 5727 Origineli
1146 5655 1444 5714 charactere
1486 5659 1673 5730 prima:
1722 5672 1905 5710 manus
1948 5657 2122 5712 adhuc

514 5748 703 5817 legitur
752 5765 874 5813 ano,
903 5759 948 5803 et
976 5750 1031 5802 in
1052 5751 1219 5818 spatio
1259 5749 1526 5823 interjecto
1562 5750 1793 5805 duarum
1829 5748 2121 5803 litterarum

520 5853 786 5897 erasurum
808 5842 918 5899 loco
953 5858 1129 5899 earum
1156 5846 1261 5902 alia
1302 5862 1480 5914 manu,
1515 5841 1837 5918 ct_nigriori,
1862 5852 1908 5895 et
1946 5858 2121 5898 recen-

2233 4700 2627 4758 conscicntiam
2662 4701 2976 4759 moderatus
3008 4704 3207 4777 fuerat,
3238 4707 3518 4780 magisque
3563 4710 3682 4767 suis
3709 4711 3842 4767 scri-

2236 4796 2358 4865 ptis,
2421 4805 2476 4852 et
2532 4797 2774 4868 probatis
2829 4798 3072 4854 moribus
3109 4784 3463 4870 inclaruerat,
3516 4802 3837 4860 intentatam

2234 4904 2455 4952 strenue
2525 4894 2785 4950 retundit.
2860 4892 3151 4973 Alﬁrmat,
3213 4892 3534 4953 Tellierium
3593 4899 3836 4956 codicem

2234 4987 2294 5045 S.
2341 4986 2533 5044 Hilarii
2582 4988 2927 5060 inspexisse,
2987 4990 3349 5060 prmsemibus
3399 4989 3838 5051 eminentissimo

2232 5083 2566 5143 Gozzadinio
2616 5094 2744 5142 tunc
2805 5085 3065 5156 prtefecto
3108 5084 3349 5142 Archivii
3396 5085 3643 5144 basilica:
3695 5087 3839 5145 Vati-

2227 5195 2376 5236 cana:
2441 5189 2497 5235 et
2565 5176 2866 5251 Zaccaguio
2924 5178 3183 5251 praefecto
3255 5176 3609 5237 bibliotheca:
3691 5179 3838 5237 Vati-

2225 5286 2396 5327 canm:
2422 5269 3025 5335 Observat,Tellierium
3050 5271 3283 5343 primum
3310 5269 3555 5327 omnium
3588 5272 3835 5330 animad-

2226 5366 2483 5429 vertisse,
2538 5373 2594 5419 et
2624 5364 2819 5420 litteris
2845 5365 2912 5422 ad
2959 5367 3133 5436 ipsum
3174 5364 3533 5423 Germonium
3573 5368 3719 5425 datis
3769 5366 3835 5424 19

2234 5459 2435 5529 Aprilis
2468 5457 2606 5513 1707
2636 5469 2817 5514 notam
2848 5457 3045 5518 fecisse
3092 5458 3488 5517 correctionem
3518 5462 3676 5518 verbi
3703 5462 3832 5518 ado-

2230 5562 2378 5605 ratur
2422 5565 2489 5607 ex
2532 5548 2839 5620 adoptatur.

2305 5642 2430 5700 199.
2474 5640 2679 5708 Addit,
2714 5660 2822 5700 non
2870 5661 3030 5718 posse
3066 5650 3329 5705 rationem
3370 5646 3709 5720 excogitari,
3739 5662 3832 5704 cur

2230 5736 2522 5794 Tellierius
2552 5736 2798 5795 codicem
2821 5752 3192 5814 corrumperet
3217 5786 3232 5810 ,
3267 5740 3370 5797 nisi
3401 5751 3460 5796 ut
3488 5757 3556 5798 ex
3590 5758 3656 5798 eo
3681 5757 3826 5797 com-

2231 5831 2450 5890 modum
2483 5831 2699 5904 aliquod
2751 5832 3077 5893 Gertnonius
3121 5844 3505 5908 assequeretur
3544 5848 3560 5892 :
3622 5833 3829 5893 nullum
