4060 6320
257 301 362 357 517

1634 288 2175 355 ΡιιοιεςοιιΕΝΑ.

3469 295 3579 362 818

254 426 434 475 autem
466 416 823 473 commodum
848 412 1200 471 Germonium
1223 411 1437 483 assequi
1488 425 1647 482 posse
1684 426 1750 489 ex
1782 410 1862 465 ιο·
1889 413 1943 477 Α
1967 411 2139 465 solum
2163 419 2315 467 certo
2336 412 2515 484 colligi
2541 420 2741 484 potest,
2773 414 3014 474 Felicem
3038 417 3201 475 aliter
3224 419 3471 489 Patrum,
3516 435 3573 482 et

252 527 333 577 co,
359 525 532 581 quem
557 508 849 566 Tellierius
870 507 1224 578 depravatum
1267 505 1625 571 demonstrat,
1655 484 1866 560 et‘Ger—

253 604 470 658 menius
487 604 617 672 ipse
636 602 843 674 primus
856 596 1099 655 omnium
1121 599 1261 672 typis
1286 598 1520 669 vulgavit
1542 598 1614 652 ita
1641 612 1865 664 corrup-

1970 503 2290 559 norninatim
2331 502 2517 559 Hilarii
2572 507 2736 561 verba
2771 507 3064 580 allegasse,
3115 527 3279 582 quam
3336 515 3390 570 in
3439 531 3574 572 mss.

1968 596 2371 665 exemplaribus
2416 604 2717 667 exstarent,
2753 616 2861 657 non
2908 613 3093 659 autem
3147 605 3295 673 ipsos
3345 608 3572 665 codices

251 708 360 755 tam
390 695 660 765 reperiri.
689 696 926 765 Denique
947 710 1012 748 ex
1044 693 1523 763 ipsiidocumento,
1550 691 1692 762 quod
1723 691 1867 745 Con-
1958 689 2302 758 corrupisse.
2333 688 2437 745 Sed
2483 706 2604 746 cum
2651 692 2720 747 ab
2763 694 3004 751 Alcuino
3026 697 3094 752 dc
3137 699 3258 756 loco
3297 701 3357 758 S.
3385 701 3578 760 Hilarii

250 792 489 847 stantius
522 789 885 862 produxerat,
915 799 1104 857 aperte
1131 788 1351 849 evincit.
1386 787 1712 844 calumniam
1742 802 1864 845 esse

246 898 526 953 asserere,
542 897 827 951 censores,
846 880 1251 953 pronuntiasse,
1265 889 1641 947 corruptorem
1656 881 1864 939 codicis

242 976 670 1033 recentissimum
698 990 841 1032 esse.
878 974 985 1032 Sed
1027 990 1057 1030 a
1102 975 1309 1041 multis,
1341 983 1399 1029 ut
1427 974 1559 1041 dixi,
1592 974 1773 1031 adhuc
1798 989 1861 1030 ea
1912 1034 1915 1039 ,

240 1068 425 1128 fabula
461 1076 780 1134 narrratur,
812 1076 867 1123 et
896 1066 949 1122 in
981 1068 1279 1137 exemplari
1318 1067 1690 1123 Vindiciarum
1727 1070 1856 1123 con-

242 1163 593 1219 ﬁrmaturum
624 1161 951 1229 Constantii,
981 1162 1126 1232 quod
1169 1162 1220 1217 in
1254 1161 1583 1218 bibliotheca
1628 1164 1862 1220 Casana-

242 1257 381 1313 tensi
412 1262 766 1318 asservatnr,
819 1270 980 1310 manu
1036 1270 1144 1310 non
1192 1255 1266 1309 ita
1314 1256 1518 1311 recenti
1562 1256 1859 1326 ascriptum

239 1344 473 1422 margini
509 1358 655 1421 part.
692 1366 774 1419 nt,
827 1364 948 1419 cap.
995 1348 1051 1419 5,
1101 1349 1168 1406 ad
1199 1350 1392 1421 verba,
1422 1350 1591 1405 virum
1621 1350 1860 1404 doctissi-

237 1464 375 1503 mum
393 1444 659 1516 reperio:
686 1442 754 1498 Id
771 1453 864 1514 est,
884 1442 951 1498 P.
979 1436 1049 1499 Le
1067 1436 1259 1499 Tellier
1284 1441 1562 1508 Jesuitam,
1589 1445 1745 1519 112
1771 1443 1858 1511 qui

233 1548 445 1614 putatur
460 1532 695 1611 falsasse
709 1535 848 1592 hanc
876 1537 1068 1593 locum.
1092 1530 1160 1593 Ut
1181 1546 1361 1591 autem
1392 1545 1598 1607 pateat,
1618 1551 1779 1603 quam
1804 1530 1854 1591 id

233 1630 301 1685 sit
323 1630 554 1693 talsdm,
591 1636 711 1685 rem
730 1621 801 1684 ab
829 1620 1040 1702 origine
1072 1636 1334 1700 repetam,
1360 1638 1416 1684 et
1443 1624 1690 1699 quadam
1712 1644 1742 1683 a
1770 1645 1855 1684 me

234 1720 530 1780 observata
589 1718 907 1795 adjungam.
968 1714 1119 1779 Felix
1180 1718 1526 1793 Urgebtanus
1597 1717 1849 1778 haeresim

1968 790 2275 850 urgeretur,
2302 776 2642 838 simillimum
2671 801 2799 841 vero
2832 798 2937 854 est,
2967 805 3091 846 eum
3122 800 3367 850 tentasse
3397 795 3449 848 in
3475 796 3574 852 ali-

1965 888 2074 943 quo
2099 873 2312 940 codice,
2344 873 2396 929 in
2427 890 2533 946 quo
2584 874 2860 947 legeretur
2891 883 3169 953 adoratur,
3224 887 3568 946 substituere

1963 966 2264 1035 adoptatur.
2296 959 2710 1036 Nonnumquam
2743 973 2899 1026 etiant
2928 973 3027 1042 (ait
3074 977 3140 1029 de
3173 976 3450 1035 bmreticis
3474 979 3571 1035 lsi-

1963 1057 2133 1114 dorus
2160 1059 2196 1114 l.
2238 1076 2319 1125 tn,
2350 1054 2598 1117 Sentent.
2651 1079 2772 1133 cap.
2809 1060 2897 1133 12)
2942 1066 3291 1139 blasphentias
3321 1088 3444 1127 suas
3493 1073 3570 1128 la-

1962 1150 2092 1205 lenti
2119 1148 2240 1206 dolo
2268 1154 2320 1207 in
2355 1148 2500 1209 libris
2546 1166 2846 1211 nostrorum
2886 1159 3145 1228 inserunt,
3174 1163 3567 1237 doctrinamque

1962 1259 2135 1299 verant
2147 1245 2496 1325 adulterantlo
2520 1260 2865 1320 corrumpunt
2889 1251 3123 1308 :scilicet
3144 1256 3219 1310 vel
3244 1255 3566 1329 adjicienda,

1960 1338 2252 1411 quarimpia
2282 1351 2421 1407 sunt,
2454 1343 2532 1396 rel
2562 1345 2877 1415 auferendo,
2906 1363 3021 1418 qua'
3053 1349 3141 1417 pia
3170 1360 3312 1405 sunt.
3343 1350 3399 1406 Id
3432 1368 3563 1422 ergo

1961 1440 2065 1497 est,
2090 1432 2239 1502 quod
2278 1427 2574 1490 llinemaro
2620 1439 2867 1494 narranti
2902 1438 2969 1495 de
2997 1432 3181 1497 Felice
3230 1442 3456 1499 credere
3482 1459 3565 1500 rc-

1961 1518 2077 1578 nuit
2101 1522 2480 1597 Constantius,
2506 1532 2755 1601 quamvis
2785 1542 2859 1588 tot
2892 1534 3008 1590 sint
3029 1534 3268 1606 adjecta,
3289 1552 3415 1609 qua:
3438 1553 3560 1592 nar-

1960 1619 2230 1675 rationem
2276 1623 2627 1681 conlirmcnt.

2029 1714 2157 1771 205.
2202 1716 2531 1775 Hincmarus
2586 1721 2638 1774 in
2671 1735 2838 1791 Opere
2890 1722 2957 1778 de
2997 1739 3103 1779 non
3165 1725 3304 1781 trina
3351 1725 3562 1782 deitate

232 1833 407 1885 suam,
434 1810 723 1873 Christum
755 1832 876 1872 esse
895 1808 1062 1870 lilium
1091 1812 1181 1870 Dei
1214 1812 1553 1884 adeptlvum,
1580 1832 1700 1869 cum
1729 1814 1849 1870 a!iis
1882 1808 1930 1870 Β
1955 1807 2219 1865 adversus
2242 1812 2666 1870 Gntltescalcum
2698 1818 3025 1873 monachum
3057 1819 3135 1875 sic
3156 1829 3390 1877 testatur
3420 1820 3567 1878 :"Fe-

231 1906 571 1969 testimoniis
600 1906 849 1977 Patrum,
885 1922 995 1965 tntn
1032 1911 1132 1965 hoc
1155 1909 1213 1966 S.
1250 1906 1443 1965 llilarii
1478 1906 1513 1964 1.
1551 1926 1590 1965 ιι
1623 1909 1692 1965 de
1732 1906 1851 1964 Tri-

229 2008 325 2063 nit.
356 2021 409 2062 c.
443 2000 519 2061 27
549 2002 823 2077 probabat
856 2002 1055 2059 :Aliud
1085 1996 1415 2075 intelligitur,
1449 2000 1594 2057 aliud
1624 2001 1845 2069 videtur,

228 2098 371 2156 aliud
418 2092 621 2165 oculis,
670 2094 817 2152 aliud
859 2098 1035 2152 animo
1078 2090 1415 2170 conspicitur.
1463 2088 1614 2149 Parit
1667 2088 1846 2167 Virgo,

228 2206 409 2268 partus
437 2206 472 2250 α
506 2192 625 2247 Deo
655 2198 728 2247 est
763 2206 782 2246 :
816 2184 990 2262 infans
1018 2190 1177 2263 vagit,
1220 2188 1490 2245 laudantes
1535 2187 1707 2258 angeli
1748 2205 1843 2241 au-

228 2292 442 2346 diuntur
469 2307 491 2346 :
525 2288 695 2361 panni
724 2282 960 2353 sordent,
993 2282 1133 2342 Deus
1161 2284 1430 2340 adoratur.
1466 2280 1550 2339 Ita
1570 2282 1846 2356 Tpolestatis

229 2384 461 2458 dignitas
524 2401 635 2438 non
686 2382 964 2450 amittitttr,
1016 2376 1140 2435 dum
1183 2379 1353 2434 carnis
1400 2370 1667 2433 humilitas
1715 2377 1840 2431 ado-

226 2487 427 2552 ptatur.
1788 2484 1793 2490 '

295 2568 429 2629 200.
472 2568 675 2628 Patres
732 2564 948 2627 concilii
1014 2560 1520 2627 Francol’ordiensis
1584 2564 1845 2624 adversus

226 2660 590 2741 Elipandum,
624 2678 683 2723 et
729 2656 967 2722 Felicem
1003 2664 1346 2736 objeccrunt,
1380 2672 1475 2719 eos
1522 2656 1846 2719 testimoniis

223 2764 447 2820 Patrum
480 2761 763 2834 corruptis
789 2760 978 2817 dolose
1000 2756 1148 2815 abuti
1175 2776 1188 2816 :
1217 2754 1324 2816 Sed
1345 2767 1545 2831 tempus
1574 2765 1668 2821 est,
1700 2766 1753 2812 ut
1775 2750 1844 2811 ad

225 2855 590 2913 discutiendos
648 2873 829 2910 sensus
882 2849 1043 2910 libelli
1080 2848 1236 2909 vestri
1284 2853 1552 2908 veniamus
1582 2897 1595 2921 ,
1639 2850 1693 2905 in
1742 2860 1843 2921 quo

221 2962 531 3009 sanctorum
558 2946 798 3024 ;Patrum
843 2967 933 3020 per
964 2951 1079 3006 loca
1109 2942 1400 3005 testimonia
1437 2945 1725 3002 invenimus
1753 2961 1845 3015 po-

198 3048 343 3117 sita,
368 3042 464 3104 sed
485 3043 650 3102 mala:
677 3042 913 3119 perﬁdia:
942 3056 1132 3100 veneno
1162 3055 1431 3116 corrupta,
1455 3052 1503 3097 et
1530 3042 1665 3096 inter
1689 3042 1844 3111 ﬂores

226 3142 613 3214 pulcherrimos
665 3138 814 3212 ﬁdei;
843 3140 1113 3195 catholica:
1158 3136 1413 3213 anguinos
1459 3137 1652 3193 erroris
1690 3134 1843 3191 vestri

1954 1896 2030 1956 lia:
2061 1899 2382 1975 Orgelitanw
2409 1910 2672 1978 quondam
2699 1910 2925 1965 civitatis
2951 1913 3225 1986 episcopus
3277 1914 3483 1987 infelix,
3508 1916 3562 1971 in

1957 1987 2093 2049 libro
2123 1996 2259 2052 beati
2301 1992 2527 2068 Hilarii,
2570 2000 2658 2055 ubi
2708 2001 2847 2057 idem
2875 2015 3087 2061 sanctus
3116 2006 3343 2073 dixerat,
3370 2022 3559 2065 causis

1953 2103 2241 2146 nummus
2281 2103 2593 2162 ADORATUB,
2626 2106 2855 2166 tempore
2895 2097 3073 2154 Caroli
3102 2099 3284 2175 Magni
3326 2079 3560 2175 impera;

1951 2182 2077 2236 toris
2095 2201 2452 2259 quoscumque
2474 2184 2594 2242 hinc
2613 2189 2826 2257 pollices
2855 2192 3092 2265 arripere
3125 2197 3314 2267 potuit,
3364 2198 3419 2250 in
3449 2215 3559 2253 om-

1951 2275 2102 2330 nibus
2122 2276 2457 2349 adulterabit,
2473 2296 2662 2338 cantus
2681 2299 2975 2341 nummus
2997 2298 3337 2355 sborruun,
3365 2300 3421 2345 ut
3441 2293 3561 2362 quia

1949 2386 2041 2441 per
2062 2367 2324 2426 veritatem
2352 2389 2459 2428 non
2490 2383 2714 2445 poterat,
2746 2374 2811 2431 de
2834 2376 3105 2433 mendacio
3126 2397 3277 2435 suam
3300 2382 3557 2454 astipula-

1949 2470 2096 2519 retur
2116 2469 2448 2521 sententiam.

2020 2557 2148 2615 204.
2178 2554 2393 2616 Rursus
2429 2556 2753 2619 Hincmarus
2803 2581 2916 2620 rem
2960 2567 3211 2624 eamdem
3260 2578 3470 2639 narrat,
3494 2586 3559 2626 ac

1947 2648 2309 2721 gravissimos
2370 2664 2538 2710 testes
2569 2652 2794 2714 exhibet
2857 2657 2907 2713 in
2946 2660 3160 2729 praefat.
3219 2673 3436 2723 tractat.
3490 2666 3558 2723 de

1950 2742 2328 2817 praedestinat.
2357 2768 2369 2804 :
2401 2748 2548 2805 Sicut
2575 2750 2944 2824 ipsorum,’qui
2963 2757 3319 2829 interfuerunt
3339 2763 3561 2817 concilio

1949 2832 2432 2913 (Aquisgrancnsi)
2478 2842 2729 2900 relatione
2764 2845 3043 2903 didicimus
3068 2892 3084 2919 ,
3127 2855 3385 2918 quomodo
3427 2854 3558 2911 diris

1948 2934 2206 2989 memoria:
2234 2932 2469 2991 Domnus
2500 2932 2720 2993 Carolus
2767 2931 3019 3009 Felicem,
3053 2944 3314 3015 infelicem
3341 2946 3551 3020 ϐιηθειὶ-

1948 3033 2084 3083 lana!
2113 3025 2338 3084 civitatis
2367 3030 2690 3103 episwpum,
2723 3033 2966 3105 synodali
2997 3032 3204 3093 decreto
3258 3040 3559 3097 Itwreticum

1945 3120 2319 3194 comprobavit,
2373 3133 2526 3194 atque
2573 3120 2877 3179 damnatum
2936 3131 3205 3202 comperit,
3249 3133 3408 3188 etiam
3437 3136 3562 3189 reri-

224 3237 395 3292 άεηιεδ
428 3237 682 3292 insertos,
708 3228 969 3288 Tacuisﬁs
1013 3230 1225 3288 ηοηιίηα
1271 3228 1539 3299 librarum,
1574 3240 1626 3287 ει
1668 3247 1847 3286 mune.-
1871 3210 1916 3274 Β
1949 3227 2089 3272 ctum
2128 3212 2346 3286 invenit,
2388 3220 2510 3292 quia
2541 3232 2788 3292 corrupto
2820 3225 3119 3280 muneribus
3135 3228 3349 3301 juniore
3375 3229 3558 3284 biblio-

225 3345 339 3382 rum
364 3324 750 3400 capitulorum,
775 3336 827 3380 ut
849 3326 935 3397 dif
932 3320 1122 3396 [icilius
1150 3343 1297 3380 error
1318 3334 1479 3380 vester
1514 3322 1845 3396 investigare-

225 3429 307 3477 tur
335 3438 355 3477 :
382 3430 433 3477 et
464 3438 533 3477 ea;
562 3421 660 3476 hoc
682 3420 794 3475 solo
822 3418 1152 3492 perspicuum
1200 3422 1293 3480 est.
1325 3436 1524 3475 errasse
1554 3435 1637 3472 vos
1664 3415 1843 3472 rotun—

225 3516 372 3570 tarie.
410 3515 483 3571 Et
519 3522 712 3585 postea
745 3530 758 3567 :
802 3506 869 3566 Et
902 3510 1213 3576 invenimus,
1245 3514 1380 3567 sicut
1406 3515 1453 3567 el
1480 3517 1596 3568 ante
1632 3504 1845 3584 praefati

220 3624 395 3664 sumus
415 3652 429 3674 .
461 3600 751 3665 certissime
791 3614 893 3662 vos
913 3600 1127 3662 illorum
1166 3606 1489 3661 sanctissima
1516 3605 1707 3675 scripta
1736 3604 1842 3660 Ita:-

227 3703 400 3758 retica:
453 3693 738 3775 pravitatis
788 3717 978 3756 veneno
1030 3692 1294 3771 infecisse,
1331 3709 1377 3753 et
1430 3708 1839 3754 INTERSBBUISSE

224 3797 396 3867 verba,
431 3813 556 3871 quae
578 3812 835 3867 nusquam
860 3790 913 3848 in
941 3804 1121 3849 eorum
1150 3788 1367 3866 legimus
1399 3788 1564 3846 libris.

291 3888 425 3948 ιρι.
473 3886 747 3963 Egregius
776 3884 1029 3944 catholici
1068 3886 1339 3959 dogmatis
1370 3880 1622 3941 delcnsor
1648 3890 1836 3940 contra

222 3983 466 4043 Felicem
501 3984 726 4055 vigebat
766 3990 894 4038 tunc
938 3976 1224 4048 Alcuinus,
1272 3978 1361 4046 qui
1398 3974 1544 4033 illum
1598 3979 1632 4032 Ι.
1666 3990 1718 4032 v1
1760 3977 1838 4032 sic

223 4077 533 4137 insectatur
559 4097 575 4133 :
614 4077 841 4146 Insuper
865 4084 913 4130 et
935 4075 1172 4148 quaedam
1199 4072 1505 4128 calliditatis
1533 4079 1637 4127 tua:
1663 4071 1838 4141 nequi-

222 4175 294 4227 tia
316 4168 610 4239 subtrahis,
647 4186 767 4244 quae
811 4181 953 4223 tuam
1009 4166 1245 4225 ha’resim
1288 4160 1536 4221 damnare
1577 4165 1835 4220 uidentur.

227 4266 485 4336 Qutedam
508 4281 634 4321 vero
661 4272 907 4318 consueta
934 4258 1026 4318 tibi
1055 4262 1279 4318 versutia
1320 4261 1593 4315 immutare
1640 4275 1743 4313 non
1775 4256 1837 4312 tia

220 4376 346 4430 mes,
377 4370 433 4416 ut
455 4352 512 4414 in
542 4352 693 4413 libris
724 4355 861 4412 beati
890 4352 1102 4410 Hilarii
1143 4348 1322 4429 fecisse
1361 4350 1586 4408 videris:
1622 4350 1710 4407 ubi
1749 4351 1835 4405 ille

221 4453 522 4524 prazcipuus
551 4447 759 4515 doctor,
789 4457 835 4503 et
862 4446 1149 4503 catholicus
1177 4444 1272 4512 ait,
1302 4445 1578 4500 Potestatis
1610 4442 1835 4514 dignitas

222 4560 321 4599 non
333 4546 507 4599 amitti
514 4556 621 4619 tur,
644 4551 698 4596 tu
714 4538 923 4596 omnino
938 4539 1313 4611 perversissime
1329 4534 1478 4605 dicis,
1496 4548 1828 4603 mortuus,

1945 3306 2175 3365 tltecario
2219 3310 2477 3383 Aquensis
2524 3311 2709 3382 palatii
2749 3314 2938 3371 librant
2969 3317 3105 3374 beati
3162 3315 3556 3391 Hilariirasit,

1946 3410 1992 3459 et
2024 3404 2111 3459 ubi
2158 3402 2410 3479 scriptum
2449 3417 2582 3479 erat,
2612 3410 2734 3479 quia
2783 3410 2837 3464 in
2890 3404 2987 3466 Dei
3017 3408 3132 3483 ﬁlio
3181 3426 3370 3471 CABNIS
3393 3431 3555 3472 nuut-

1943 3515 2098 3555 mas
2126 3510 2435 3573 mons-run,
2460 3500 2697 3573 immisit,
2732 3520 2921 3562 CABNIS
2972 3523 3262 3567 HUIILITAS
3310 3525 3553 3568 anoma-

1944 3609 2077 3650 TUB.

2012 3688 2141 3745 205.
2183 3682 2371 3760 itaque
2428 3688 2757 3751 Hincmarus
2807 3692 3043 3754 afﬁrmat
3073 3742 3088 3769 ,
3127 3698 3551 3774 conﬁrmatque,

1942 3778 2166 3839 nemine
2205 3794 2354 3855 tunc,
2393 3804 2571 3859 neque
2631 3801 2822 3862 postea
2865 3792 3206 3865 refragante.
3239 3790 3415 3853 locum
3458 3800 3556 3854 Ili-

1943 3874 2065 3932 larii
2112 3874 2486 3950 depravatum
2522 3880 2690 3939 fuisse
2725 3902 2737 3938 :
2768 3883 2931 3956 idque
2969 3885 3035 3945 de
3078 3880 3264 3945 Felice
3296 3889 3561 3949 liairetico

1942 3982 2152 4040 narrat,
2187 3973 2348 4044 cujus
2407 3974 2650 4044 fraudes,
2685 3988 2740 4033 et
2785 3980 3025 4051 perjuria
3081 3982 3302 4040 aliunde
3333 4000 3558 4057 perspe-

1946 4080 2034 4126 cta
2068 4078 2218 4125 sunt.
2251 4071 2387 4125 (lum
2413 4066 2559 4127 enim
2582 4071 2735 4127 Felix
2764 4072 3021 4130 haeresim
3053 4091 3206 4132 suam
3231 4078 3563 4135 dissemina-

1940 4177 2047 4233 ret,
2085 4167 2137 4221 in
2168 4160 2410 4220 concilio
2468 4160 2866 4236 Ratisponensi
2906 4183 3061 4246 anno
3100 4170 3207 4225 792
3245 4173 3552 4244 convictus,

1940 4274 2188 4316 errorem
2229 4254 2526 4328 abjuravit,
2567 4257 2728 4333 ιιι
2755 4270 2921 4331 atque
2952 4260 3153 4318 iterum
3181 4262 3376 4321 eodem
3408 4280 3556 4321 anno

1941 4352 1997 4409 in
2026 4353 2263 4410 concilio
2294 4352 2546 4409 Romano
2601 4356 2702 4410 sub
2733 4354 3011 4411 Hadriano
3063 4359 3324 4429 pontilicc
3353 4376 3368 4417 ε
3403 4354 3557 4415 Fecit

1935 4446 2088 4503 illum
2134 4442 2481 4505 orthodoxam
2526 4450 2580 4506 in
2631 4450 2856 4507 vinculis
2897 4452 3148 4523 libellum,
3206 4455 3556 4513 anathemati-

1937 4561 2086 4614 zans,
2137 4553 2186 4599 et
2227 4544 2544 4615 conﬁrmans
2599 4548 2734 4601 inter
2775 4558 2983 4618 autem,
3025 4567 3354 4624 nequaquam
3382 4553 3555 4624 ﬁlium

222 4640 308 4694 ubi
331 4634 515 4696 beatus
549 4614 794 4693 Hilarius
822 4636 896 4690 ait
927 4650 1228 4692 nonnon.
1263 4630 1380 4688 Non
1422 4644 1554 4703 ergo
1584 4628 1832 4687 assentiri
1862 4611 1913 4677 Ῐ)
1943 4631 2042 4692 Dei
2072 4611 2401 4709 adoptivum
2443 4656 2571 4708 esse,
2598 4641 2732 4695 sicut
2762 4611 2991 4707 dixerat.
3034 4611 3125 4699 sed
3175 4611 3473 4715 propritim,
3506 4657 3557 4704 et

221 4746 516 4802 possumus
546 4726 894 4797 Constantio,
926 4726 1016 4802 qui
1058 4725 1297 4785 al‘lirmat
1324 4770 1339 4797 ,
1381 4722 1670 4783 Alcuinum
1703 4726 1835 4781 satis

223 4826 556 4899 signiﬁcare,
592 4840 654 4881 se
683 4818 892 4880 nullum
920 4818 1122 4879 vidisse
1168 4820 1438 4886 codicem,
1467 4818 1519 4876 in
1541 4834 1649 4891 quo
1692 4814 1835 4890 lege-

221 4929 373 4975 retur
400 4918 713 4991 adoptatur.
747 4908 916 4972 lmnto
961 4915 1226 4972 Alcuinus‘
1273 4926 1379 4969 non
1433 4908 1714 4970 debuisset
1762 4906 1833 4967 ita

223 5025 431 5086 aperte,
468 5023 527 5075 et
556 5013 734 5085 palam
782 5008 1017 5068 Felicem
1069 5010 1421 5082 redarguere,
1457 5006 1557 5063 nisi
1588 5022 1653 5064 ex
1686 5004 1836 5062 codi-

223 5109 374 5164 cibus
428 5116 621 5164 certus
673 5117 841 5170 esset,
920 5096 1185 5160 llilarintn
1238 5104 1521 5172 Scripsisse
1562 5101 1831 5167 adoretur,

223 5215 348 5257 cum
379 5193 645 5257 facillime
682 5206 866 5269 posset
894 5216 923 5254 a
961 5192 1147 5255 Felice
1175 5194 1398 5254 revinci.
1430 5190 1520 5253 Sic
1554 5194 1833 5263 Alcuintts,

224 5308 343 5349 cum
394 5291 672 5365 Elipando
700 5291 864 5346 verba
895 5286 1141 5362 quasdam
1170 5300 1238 5346 ex
1263 5286 1443 5346 ofﬁcio
1481 5282 1710 5346 Gothico
1739 5288 1837 5343 ob.

221 5384 432 5457 jicienti
482 5382 803 5458 respondet,
851 5384 975 5455 quia
1005 5382 1221 5440 codices
1256 5385 1401 5455 ipSos
1444 5394 1550 5439 non
1582 5378 1795 5439 viderat
1820 5423 1849 5451 ,ν

222 5484 395 5540 solum
419 5481 671 5553 coniicit,
704 5484 794 5534 aut
813 5487 874 5536 ea
894 5476 1062 5536 verba
1085 5478 1137 5534 in
1167 5471 1448 5535 codicibus
1475 5486 1580 5534 non
1599 5469 1836 5544 exstare,

224 5574 385 5654 113
420 5581 517 5634 aut
569 5574 792 5632 codices
822 5568 1091 5643 ejusmodi
1144 5566 1421 5645 Iiturglcos
1476 5586 1598 5630 esse
1652 5581 1842 5628 eorru-

225 5685 364 5743 ptos,
398 5676 457 5730 ut
492 5674 687 5744 postea
717 5666 914 5726 dicam.

293 5769 421 5825 202.
456 5766 536 5824 Ex
573 5765 662 5819 Itis
693 5773 895 5829 autem,
925 5782 1044 5837 quin
1077 5762 1269 5822 Patres
1318 5757 1535 5821 concilii
1589 5756 1836 5820 Franco-

227 5859 546 5929 lordiensis,
566 5862 623 5917 et
650 5854 912 5917 Alcuinus
965 5858 1227 5916 adversus
1280 5854 1519 5917 Felicem
1571 5857 1838 5929 referunt,

1939 4746 2119 4786 verum
2148 4730 2434 4787 Dominum
2463 4745 2699 4791 nostrum
2728 4735 2915 4792 Jesum
2933 4736 3199 4794 Christum
3224 4737 3273 4793 F
3276 4741 3430 4797 ilium
3460 4741 3558 4798 Dei

1941 4826 2216 4897 conﬁteor.
2245 4825 2399 4883 Unde
2448 4838 2495 4883 et
2541 4830 2710 4902 ipsum
2740 4831 3089 4888 orthodoxam
3113 4850 3266 4889 suum
3322 4834 3556 4891 libellum

1939 4938 2095 4996 super
2125 4914 2458 4978 sacrosancta
2501 4922 2599 4978 Dei
2641 4927 2889 4998 mysteria
2930 4927 2985 4983 in
3018 4936 3196 4984 nostro
3234 4929 3558 5002 patriarchio

1943 5031 2139 5085 ponens
2153 5014 2351 5089 juravit
2377 5016 2452 5070 sic
2479 5026 2671 5083 tenere,
2696 5027 2743 5072 et
2770 5020 3026 5090 confiteri.
3050 5014 3118 5076 Et
3145 5027 3329 5076 iterum
3353 5023 3405 5077 in
3429 5038 3556 5077 con-

1945 5109 2169 5177 fessione
2191 5125 2347 5178 super
2369 5125 2556 5183 corpus
2574 5110 2708 5165 beati
2733 5109 2885 5166 Petri
2909 5113 3135 5187 apostoli
3161 5115 3330 5184 ipsum
3360 5130 3558 5185 ponens

1946 5196 2300 5258 orthodoxam
2352 5220 2508 5258 suum
2539 5202 2804 5271 libellum,
2840 5206 3083 5261 similiter
3127 5215 3172 5260 et
3204 5206 3317 5259 illic
3328 5204 3575 5279 jurarit,’

1947 5298 2084 5363 etc.,
2126 5304 2185 5351 ut
2239 5309 2497 5352 narratur
2537 5298 2588 5353 in
2631 5296 2872 5354 concilio
2923 5294 3173 5353 Romano
3221 5300 3325 5353 sub
3375 5299 3560 5357 Leone

1950 5400 2087 5460 papa
2118 5384 2207 5460 lli,
2249 5400 2361 5445 act.
2393 5390 2450 5460 2,
2483 5388 2629 5463 quod
2670 5408 2814 5447 anno
2841 5386 3044 5446 Christi
3076 5387 3181 5446 799
3209 5390 3553 5448 celebratum

1948 5478 2070 5536 fuit.
2550 5477 2555 5481 ’

2019 5570 2149 5633 206.
2178 5572 2262 5633 Ex
2306 5570 2410 5634 hoc
2436 5574 2557 5649 ipso
2581 5572 2825 5633 concilio
2864 5584 3100 5640 constat.
3135 5572 3396 5640 Felicem,
3428 5588 3553 5631 cum

1948 5666 2177 5727 domum
2206 5670 2486 5738 rediisset,
2521 5672 2719 5729 iterum
2753 5664 3013 5725 haeresim
3045 5680 3444 5738 prepugnasse,
3479 5674 3560 5721 tot

1948 5762 2390 5821 coniessionibus
2432 5764 2547 5820 suis
2590 5764 2790 5835 jnratis
2831 5761 3184 5830 contemptis.
3227 5756 3427 5812 Coacta
3461 5772 3556 5829 sy-

1951 5860 2097 5918 nodo
2112 5856 2601 5918 Francotordiensi
2619 5872 2766 5916 anno
2781 5852 2885 5914 794
2909 5868 3099 5912 rursus
3121 5853 3414 5911 damnatus
3438 5862 3564 5910 est:
