4060 6320
473 329 579 388 519

1767 322 2049 384 C(ELIUS
2087 320 2452 385 SEDULIUS.

3685 325 3793 382 520

471 457 528 504 et
554 462 675 502 cum
710 443 974 502 Alcninus
1001 442 1290 514 epistolam
1321 442 1387 499 ad
1409 443 1586 514 ipsum
1602 441 1869 511 dedisset,
1901 451 1960 498 ut
2002 441 2065 498 ad
2093 442 2151 506 Λ
2176 459 2300 500 nem
2327 445 2376 498 in
2405 441 2597 498 codice
2625 439 2989 498 Germanensi
3020 439 3283 498 accidisse
3315 441 3402 498 vel
3430 441 3591 513 lapsu
3615 440 3795 496 libra-

470 541 667 596 bonam
704 541 909 610 frugem
939 553 998 594 se
1028 536 1344 608 reciperet,
1379 537 1593 610 integro
1625 536 1813 592 libello
1845 551 2075 606 reSpon-

469 633 551 690 dit
580 644 632 689 et
668 631 850 703 pejora
881 631 1072 695 etiam,
1103 647 1266 702 quam
1296 642 1479 698 antea,
1507 631 1714 686 docuit.
1747 630 1883 685 llinc
1911 644 2074 684 occa-

469 728 680 784 sionem
703 727 934 798 sumpsit
957 727 1224 782 Alcuinus
1247 737 1454 799 septem
1473 727 1642 782 libros
1665 725 1930 782 adversus
1959 723 2080 779 feli—

472 835 590 878 cem
620 819 916 876 scribendi.
951 820 1148 874 Missus
1179 823 1343 876 etiam
1365 818 1814 887 luitLeidradus,
1849 815 2080 891 velLai-

471 911 705 978 dradus,
731 923 823 968 aut
847 911 1169 978 Laidracus,
1195 912 1641 984 archiepiscopus
1664 907 2073 982 Lugdunensis,

479 1005 778 1077 Urgcllam,
810 1005 876 1059 ad
905 1005 1093 1061 sedem
1146 1005 1320 1077 ipsam
1353 1005 1572 1073 Felicis,
1622 1013 1680 1058 ut
1722 1003 1864 1058 hunc
1891 1003 1958 1056 ab
1989 1017 2078 1057 er-

477 1114 605 1155 rore
634 1106 948 1154 revocaret.
985 1097 1140 1154 Felix
1170 1107 1535 1155 commeatum
1582 1113 1611 1153 a
1643 1096 1914 1153 Leidrado
1941 1094 2084 1150 obti-

482 1190 604 1246 nuit
645 1190 884 1246 adeundi
916 1190 1174 1247 Carolum
1218 1191 1496 1264 Magnum,
1528 1191 1771 1260 adquue
1803 1189 1856 1244 in
1887 1187 2084 1258 Aquis-

481 1287 742 1358 granensi
783 1286 988 1358 palatio
1035 1297 1368 1357 congregata
1424 1285 1634 1358 synodo
1665 1285 1932 1340 Alcuinus
1958 1297 2082 1338 cum

477 1379 662 1438 Felice
689 1381 1014 1447 decertavit,
1057 1396 1293 1452 eumque
1337 1379 1405 1434 ad
1456 1377 1779 1450 ejurandam
1831 1375 2082 1432 hmresim

482 1475 690 1547 adegit,
719 1491 843 1531 cum
899 1475 1062 1546 paulo
1118 1483 1244 1529 ante
1287 1473 1476 1528 Romae
1500 1473 1666 1528 etiam
1716 1474 1908 1526 eodem
1943 1483 2086 1523 anno

483 1570 588 1626 799
621 1568 853 1626 hmresis
907 1568 1187 1624 Feliciana
1231 1567 1286 1622 in
1315 1566 1550 1622 concilio
1576 1581 1605 1620 a
1630 1564 1816 1621 Leone
1851 1577 1988 1634 papa
2023 1559 2086 1615 Ill

484 1662 684 1720 fuisset
703 1663 1036 1734 proscripta.

554 1756 684 1813 207.
738 1756 928 1812 Exstat
959 1755 1160 1811 Felicis
1200 1755 1256 1810 in
1295 1753 1534 1810 concilio
1563 1749 1990 1824 Aquisgranensi
2021 1748 2088 1804 ab

2180 539 2268 604 rii,
2299 538 2388 609 qui
2421 535 2597 606 primo
2626 535 2852 608 scripsit
2872 535 3146 601 adoratur,
3177 545 3227 590 ct
3264 534 3412 590 illico
3435 550 3495 589 se
3517 533 3796 600 correxit,

2180 642 2272 687 aut
2307 631 2616 687 erasionem
2649 631 2972 702 provenisse
3024 629 3157 686 vitio
3211 629 3658 686 membranarum
3688 644 3801 684 non

2181 726 2318 780 satis
2372 723 2715 796 mquabiliter
2756 724 3076 796 politarum,
3112 733 3291 780 tamen
3322 723 3375 779 in
3427 732 3557 779 nota
3584 720 3656 778 ad
3685 721 3800 777 loc.

2179 816 2238 873 S.
2272 817 2464 872 Hilarii
2493 817 2532 872 l.
2567 833 2628 881 ιι,
2661 832 2784 886 cap.
2810 817 2901 885 2'7,
2932 817 3002 872 ita
3025 831 3248 872 sensum
3279 831 3438 872 suum
3461 823 3759 885 aperuerat
3786 829 3803 867 :

2185 910 2352 967 Penes
2381 929 2474 966 nos
2497 919 2567 967 est
2594 911 2724 966 liber
2755 910 3077 967 Corbeiensis
3098 922 3216 966 ante
3244 929 3410 967 annos
3441 910 3550 967 800
3574 912 3806 981 scriptus

2185 1013 2467 1076 postremas
2491 1005 2646 1058 hasce
2694 1004 2923 1076 syllabas
2947 987 3164 1060 ιιτιιῖυιι
3187 1007 3299 1060 loco
3321 1004 3506 1060 abraso
3534 1003 3802 1059 exhibens.

2185 1095 2304 1152 Etsi
2329 1099 2465 1152 mala
2494 1099 2715 1170 forsitan
2746 1098 2876 1169 ﬁde,
2905 1115 3009 1153 non
3039 1109 3209 1154 tamen
3249 1100 3384 1155 male
3417 1099 3707 1172 ascriptum
3731 1105 3807 1153 est

2186 1208 2520 1250 Αυορτλτωι.
2568 1193 2839 1264 Loquitur
2861 1211 2892 1250 c
2921 1209 3018 1249 sua
3058 1195 3361 1250 sententia.

2256 1288 2386 1345 209.
2423 1289 2612 1360 itaque
2653 1289 2830 1345 codex
2881 1287 3300 1356 Germanensis,
3327 1288 3444 1358 qui,
3476 1284 3807 1344 ConSIamio

2188 1383 2309 1456 ipso
2359 1383 2586 1452 latente,
2620 1393 2869 1454 tempore
2923 1381 3106 1440 Caroli
3154 1383 3329 1455 Magni
3380 1384 3432 1438 in
3463 1383 3806 1438 bibliotheca

2190 1477 2623 1550 Aquisgranensi
2647 1478 2925 1546 exstabat,
2954 1477 3232 1533 llincmari
3264 1476 3603 1545 narrationi,
3644 1476 3807 1531 ﬁdem

2190 1574 2466 1629 conciliat.
2501 1573 2607 1628 Sed
2635 1581 2721 1629 est
2757 1580 2814 1629 et
2864 1573 3004 1628 alius
3031 1571 3200 1628 codex
3264 1571 3424 1645 116
3460 1571 3626 1642 longe
3677 1577 3808 1625 ante

2191 1669 2374 1725 Caroli
2430 1668 2611 1740 Magni
2666 1678 2914 1739 tempora
2975 1667 3260 1737 scriptus,
3324 1663 3664 1721 Veronensis
3723 1663 3809 1718 ni-

2194 1765 2415 1829 mirum,
2439 1763 2493 1817 in
2525 1761 2820 1834 quoprima
2855 1759 3020 1816 lectio
3042 1760 3190 1816 clare
3221 1767 3305 1814 est
3328 1757 3608 1822 adoratur,
3642 1769 3806 1828 quam

483 1851 803 1922 episcopatu
851 1850 968 1920 jam
1007 1847 1248 1919 depositi
1291 1848 1566 1905 catholica
1617 1846 1741 1902 ﬁdei
1793 1846 2088 1913 confessio,

2207 1861 2390 1930 aliquis
2406 1860 2456 1914 in
2473 1859 2756 1930 adaptatur
2771 1867 2980 1912 mutare
3004 1856 3195 1910 voluit.
3213 1853 3517 1909 Audiamus
3532 1849 3807 1907 Maﬂ'eium

484 1962 590 2018 qua
641 1946 738 2014 ait,
771 1960 833 2002 se
873 1944 939 2000 ad
973 1944 1280 2001 Ecclesiam
1325 1960 1392 2000 ex
1425 1953 1540 2000 toto
1566 1943 1734 2000 corde
1763 1943 1960 1998 reverti
1989 1959 2092 1996 non

483 2039 715 2112 qualibet
745 2037 1104 2105 simulatione,
1125 2039 1215 2093 sed
1243 2039 1494 2093 velamine
1515 2037 1788 2110 falsitatis,
1814 2037 1947 2091 sicut
1989 2037 2093 2090 du-

485 2135 632 2203 dum,
676 2133 812 2204 quod
838 2133 975 2188 Deus
1007 2135 1124 2198 scit,
1158 2134 1270 2199 sed,
1297 2144 1350 2188 ut
1381 2134 1516 2199 dixi,
1545 2150 1666 2189 uera
1698 2133 1869 2187 cordis
1909 2133 2095 2186 credu-

486 2228 655 2296 litate,
681 2238 730 2283 et
767 2228 871 2284 oris
902 2228 1249 2301 professione.
1278 2228 1443 2299 Atqui
1475 2227 1617 2283 idem
1667 2228 1820 2284 Felix
1875 2227 2094 2298 Lugdu-

490 2336 623 2377 num
653 2323 780 2378 exul
821 2321 1026 2378 missus
1047 2321 1344 2396 diligenter,
1376 2329 1422 2377 et
1445 2320 1804 2393 fraudulenter
1833 2323 2098 2375 instaura-

489 2419 583 2484 uit,
614 2425 868 2490 quantum
906 2419 961 2472 in
989 2434 1042 2474 se
1091 2418 1212 2489 fuit,
1239 2433 1441 2472 omnem
1492 2417 1796 2490 pravitatem
1840 2418 2098 2488 dogmatis

489 2512 595 2580 sui,
627 2520 686 2568 ut
715 2520 907 2566 narrat
953 2511 1278 2582 Agobardus
1311 2511 1465 2567 initio
1513 2511 1637 2566 libri
1663 2511 1925 2567 adversus
1949 2511 2098 2566 Feli-

489 2621 612 2662 cem
661 2614 787 2678 post
817 2605 980 2677 hujus
1011 2607 1222 2662 obitum
1276 2605 1489 2677 scripti.
1519 2603 1874 2661 Constantius
1906 2614 2098 2661 contra

491 2701 852 2760 Germonium
913 2711 1111 2773 urget,
1163 2701 1307 2773 quod
1350 2701 1581 2756 Albinus
1631 2711 1752 2772 post
1803 2700 2100 2756 concilium

495 2798 947 2871 Aquisgranense
993 2798 1202 2854 nullam
1261 2795 1422 2867 hujus
1465 2796 1710 2852 criminis
1765 2797 2101 2852 mentionem

494 2888 771 2962 injecerit.
799 2890 1120 2962 Respondet
1165 2889 1518 2957 Germonius,
1568 2890 1825 2946 Albinum
1859 2891 2104 2946 noluisse

495 2995 885 3057 corruptorum
909 2984 1160 3040 codicum
1189 2985 1512 3041 memoriam
1563 2985 1825 3040 refricare
1853 2984 2010 3058 115
2035 3000 2105 3042 ne

496 3079 793 3134 molestum
812 3077 866 3132 id
897 3086 1049 3134 esset
1069 3093 1192 3134 cum
1237 3077 1381 3145 aliis,
1416 3087 1527 3133 tum
1558 3077 1749 3144 Felici,
1773 3079 1865 3150 qui
1899 3079 2106 3146 palino-

498 3173 648 3230 diam
681 3172 981 3240 cecinerat,
1015 3183 1074 3227 et
1107 3186 1288 3228 mores
1317 3171 1389 3227 ad
1412 3183 1698 3228 externam
1728 3171 1948 3226 virtutis
1974 3185 2100 3242 Spe-

2195 1954 2408 2028 praalat.
2442 1954 2509 2009 ad
2545 1953 2716 2009 Hilar.
2768 1970 2782 2006 :
2830 1950 3070 2006 Primum
3102 1951 3260 2022 igitur
3290 1965 3384 2021 pro
3412 1956 3678 2018 comperto
3713 1945 3811 1999 ha-

2198 2051 2398 2119 beatur,
2448 2051 2500 2104 in
2533 2047 2632 2104 hoc
2680 2046 2814 2104 libro
2863 2062 3151 2104 sponsum
3189 2047 3442 2116 scriptum
3474 2060 3608 2120 esse,
3664 2042 3809 2096 nullo

2196 2144 2484 2199 abrasionis
2531 2143 2768 2214 uestigio,
2813 2142 2964 2196 nulla
2991 2140 3460 2212 superinductionis
3487 2137 3804 2210 suspicione,

2199 2247 2250 2292 at
2279 2254 2396 2291 cum
2424 2247 2538 2308 post
2569 2253 2684 2291 eam
2712 2235 2989 2289 dictionem
3019 2252 3050 2288 a
3077 2235 3251 2302 capite
3280 2241 3584 2288 resumatur
3607 2248 3803 2300 versus,

2201 2336 2250 2389 in
2283 2351 2468 2402 vacuo,
2501 2333 2641 2404 quod
2672 2342 2924 2398 remanet,
2946 2333 3263 2400 spatio,stve
3282 2326 3486 2394 eadem,
3518 2328 3622 2381 sire
3652 2326 3807 2398 paulo

2201 2431 2473 2503 posteriori
2521 2446 2680 2484 ntanu
2733 2442 3049 2484 sponsum
3101 2424 3361 2498 adjectum
3409 2421 3591 2494 fuisse.
3629 2418 3806 2474 Priori

2205 2524 2353 2581 verbo
2382 2525 2526 2579 nulla
2555 2523 2765 2595 quidem
2791 2523 3024 2592 irrogata
3051 2528 3122 2575 est
3147 2516 3482 2583 contumelia,
3516 2513 3608 2570 sed
3639 2512 3808 2568 lineo-

2205 2620 2268 2674 lis
2293 2617 2655 2692 superpositis,
2684 2627 2836 2688 atque
2865 2615 2911 2670 R
2939 2615 2993 2668 in
3012 2612 3272 2686 superiori
3300 2609 3535 2682 margine
3558 2608 3808 2679 ascripta,

2206 2715 2469 2769 indicatur
2497 2714 2562 2769 de
2603 2727 2769 2777 more,
2798 2711 3058 2780 adjectum
3105 2707 3384 2762 dictionem
3414 2703 3672 2758 anteriori
3690 2703 3810 2756 sub-

2204 2807 2520 2864 stituendam
2550 2824 2679 2877 esse,
2714 2808 2766 2860 in
2795 2805 2916 2860 aliis
2935 2813 3102 2859 tamen
3132 2800 3392 2857 codicibus
3417 2798 3608 2854 certius
3639 2797 3810 2852 adhuc

2208 2904 2558 2958 testimonium
2579 2914 2960 2967 ιιερυιιιειωωι
3083 2894 3150 2950 1η
3181 2894 3328 2950 verba
3373 2907 3699 2949 ADOP’I'A'I’UB
3718 2909 3807 2946 ea-

2209 3000 2321 3054 dem
2353 2999 2646 3053 litterarum
2695 2997 2889 3068 ﬁgura,
2919 2993 3055 3047 idem
3076 3007 3289 3064 prorsus
3311 2987 3591 3042 atramenti
3622 2986 3761 3040 color
3789 3000 3809 3049 ;

2209 3102 2262 3146 at
2285 3093 2378 3147 levi
2401 3091 2608 3145 cultello
2646 3089 2809 3160 fuisse
2834 3085 2960 3141 olim
3004 3093 3245 3159 apparet,
3269 3083 3358 3156 qui
3385 3081 3610 3148 litteras,
3639 3089 3686 3134 et
3723 3095 3809 3132 su-

2209 3183 2498 3257 perpositas
2545 3179 2763 3235 lineolas
2808 3178 3065 3232 abducere
3095 3175 3326 3240 tentarit,
3361 3191 3421 3226 ac
3445 3173 3641 3227 delere.
3676 3171 3804 3237 Qui:

495 3268 640 3324 ciem
679 3266 912 3339 ﬁngens,
939 3265 1142 3320 multos
1170 3267 1224 3321 in
1266 3266 1350 3320 sui
1383 3264 1802 3321 admirationem
1839 3272 2098 3319 traxerat.

2209 3251 2416 3351 quidem
2464 3276 2719 3332 omniain
2753 3276 2845 3328 has
2867 3273 3198 3343 conjecturas
3227 3287 3304 3325 me
3355 3266 3667 3342 pertrahunt
3701 3283 3719 3320 :
3747 3265 3807 3318 li-

498 3362 609 3420 Sed
635 3371 694 3418 ιιι
747 3376 850 3432 ego
892 3367 1048 3430 puto,
1080 3359 1330 3425 Albinus,
1371 3359 1627 3432 quamvis
1654 3360 1861 3415 ttomini
1907 3357 2107 3413 Felicis

497 3455 833 3527 pepercerit,
868 3470 982 3509 rem
1016 3463 1196 3509 tamen
1231 3453 1406 3523 ipsam
1435 3471 1542 3508 non
1571 3453 1807 3509 obscure
1834 3451 2108 3522 signiﬁca-

499 3551 579 3606 vit
604 3550 644 3605 l.
674 3565 713 3604 ιι
742 3548 1012 3605 adversus
1041 3547 1389 3619 Elipandum,
1423 3548 1514 3602 ubi
1543 3547 1611 3602 de
1651 3543 1996 3601 orationibus
2021 3543 2107 3598 ol-

501 3645 612 3700 ticii
645 3641 849 3714 gothici
883 3641 1136 3712 loquens,
1168 3643 1246 3698 sic
1271 3640 1436 3696 habet
1463 3657 1477 3694 :
1513 3637 1580 3694 Et
1607 3639 1812 3694 videtur
1839 3655 1871 3690 a
1900 3636 2111 3707 quibus-

503 3738 625 3794 dam
646 3739 1033 3812 corruptoribus
1065 3755 1159 3809 pro
1187 3751 1449 3794 assuupn
1472 3734 1697 3788 hominis
1723 3745 1973 3788 Αυορτινι
2001 3747 2110 3786 esse

501 3833 798 3903 positum...
827 3829 897 3886 Et
929 3837 1062 3904 forte
1091 3831 1164 3886 ibi
1195 3831 1251 3884 in
1291 3826 1670 3899 antiquioribus
1727 3823 2106 3896 exemplaribus

503 3941 761 3985 ASSUIP‘I‘!
806 3927 1036 3981 hominis
1083 3924 1312 3998 positum
1359 3922 1482 3993 fuit,
1531 3922 1622 3976 sed
1669 3929 1975 3991 corruptum
2015 3934 2110 3990 po-

501 4032 678 4081 stea...
709 4022 840 4078 ldeo
870 4022 1036 4092 magis
1064 4017 1435 4075 testimandum
1463 4025 1560 4082 est,
1581 4017 1827 4090 juniores
1857 4013 2109 4086 quoslibet

502 4117 660 4192 hujus
683 4133 826 4173 novae
851 4113 1180 4186 infidelitatis
1211 4113 1405 4168 catenis
1439 4110 1733 4184 colligatos,
1766 4110 1834 4164 ad
1863 4109 2111 4180 perditio-

502 4230 617 4269 nem
641 4213 725 4268 sui
752 4212 990 4283 ipsorum
1021 4208 1163 4262 dicta
1211 4215 1514 4261 sanctorum
1569 4221 1901 4281 corrumpere
1931 4205 2114 4258 docto-

501 4321 640 4371 rum,
665 4314 712 4358 et
756 4319 972 4358 suorum
1005 4301 1228 4372 pessima
1269 4298 1558 4371 pertinacia
1613 4297 1880 4352 maculare
1926 4313 2111 4351 nomen

501 4413 842 4474 parentum...
878 4397 946 4453 Et
981 4398 1076 4452 hoc
1102 4412 1166 4451 ex
1190 4412 1249 4452 eo
1274 4394 1379 4451 veri
1419 4409 1528 4448 esse
1559 4392 1729 4448 simile
1747 4393 1969 4458 videtur,
1988 4393 2112 4464 quia

508 4493 994 4564 probatissimorum
1023 4492 1078 4545 in
1108 4488 1301 4544 Christi
1335 4487 1569 4542 Ecclesia
1593 4487 1888 4554 doctorum,
1923 4497 1970 4541 et
2000 4503 2112 4541 om-

505 4585 653 4640 nibus
692 4582 1085 4654 acceptabilium
1114 4579 1403 4635 catholicas
1433 4580 1715 4635 sententias
1745 4577 1822 4634 vel
1869 4594 2111 4651 peruerso

503 4652 840 4747 interpretari
863 4691 1040 4743 sensu,
1066 4675 1146 4729 vel
1172 4673 1376 4743 perﬁda
1402 4689 1492 4728 vos
1523 4674 1799 4728 immutare
1827 4676 2111 4730 temeritate
2135 4652 2192 4717 D

505 4772 830 4846 agnouimus,
867 4769 1025 4824 veluti
1069 4770 1122 4823 in
1152 4768 1413 4839 aliquibus
1443 4767 1770 4840 probavimus
1811 4768 1959 4836 locis,
1986 4770 2111 4822 dum

505 4867 576 4924 ad
601 4883 697 4921 nos
725 4881 817 4936 per
845 4861 1077 4919 Felicem
1093 4863 1218 4918 olim
1243 4873 1492 4929 vestrum,
1524 4879 1663 4917 nunc
1682 4873 1855 4916 autem
1874 4873 2111 4917 nostrum

507 4959 936 5027 commilitonem,
961 4956 1218 5030 pluriores
1250 4958 1405 5013 vestri
1431 4958 1621 5013 erroris
1663 4969 1998 5030 pervenerunt
2023 4960 2109 5014 lit-

507 5056 714 5113 terulae.

507 5202 510 5206 λ
576 5150 707 5206 208.
727 5147 922 5205 Omnia
949 5161 1079 5220 ergo
1105 5161 1174 5204 eo
1216 5162 1315 5204 nos
1336 5145 1562 5218 ducunt,
1592 5159 1654 5205 ut
1678 5149 1950 5208 Hincmari
1974 5166 2102 5208 nar-

507 5245 780 5304 rationem
809 5259 998 5300 veram
1047 5257 1173 5300 esse
1220 5242 1534 5300 credamus.
1555 5243 1806 5301 Profecto
1837 5249 1888 5302 in
1913 5248 2106 5306 codice

507 5338 704 5394 Hilarii
749 5336 1134 5406 Germanensi,
1166 5337 1257 5408 qui
1302 5345 1462 5393 antea
1487 5337 1591 5394 fuit
1644 5339 2016 5409 Corbeiensis,
2051 5353 2107 5399 et

501 5432 634 5487 olim
677 5430 856 5486 fuerat
906 5429 1367 5501 Aquisgranensis
1398 5471 1412 5496 ,
1469 5429 1823 5490 Constantius
1877 5437 2103 5508 vestigia

505 5525 875 5596 corruptionis
919 5525 1208 5582 Feliciana:
1242 5524 1464 5594 reperit,
1513 5527 1770 5584 nimirum
1823 5530 2103 5603 adoptatur

505 5618 560 5674 in
595 5618 717 5675 loco
747 5619 984 5685 abraso;
1015 5619 1148 5689 quin
1180 5616 1346 5672 etiam
1397 5622 1727 5692 suspicatur,
1782 5623 1929 5680 hunc
1980 5639 2104 5679 esse

505 5713 775 5783 codicem,
823 5729 988 5784 quem
1012 5729 1041 5765 a
1074 5710 1498 5772 bibliothecario
1541 5717 1758 5788 juniore
1787 5719 2105 5774 muneribus

503 5821 765 5880 corrupto
813 5809 1174 5877 depravatum
1232 5807 1558 5869 Hincmarus
1609 5815 1987 5885 conqueritur.
2038 5816 2106 5871 Et

505 5899 752 5968 quamvis
796 5898 851 5956 in
867 5895 1146 5973 _Vindiciis
1167 5898 1522 5962 Constantius
1548 5905 1808 5978 afﬁrmet,
1841 5907 2104 5965 mutatio-

2207 3374 2365 3446 quido
2395 3373 2638 3445 primum,
2660 3366 2908 3438 nullaque
2942 3365 3262 3422 haesitatione
3303 3363 3539 3418 exarauit
3563 3359 3807 3416 librarius

2211 3479 2492 3521 ADORATUR
2520 3483 2533 3518 :
2560 3471 2611 3515 at
2638 3462 2743 3516 sive
2789 3459 2851 3514 ab
2883 3460 3016 3531 ipso,
3049 3456 3157 3512 alia
3181 3456 3513 3529 postmodum
3543 3453 3810 3525 exempla-

2209 3559 2290 3613 ria
2314 3558 2640 3628 inspiciente,
2676 3555 2782 3609 sive
2832 3553 2896 3608 ab
2925 3551 3030 3607 alio
3073 3552 3313 3623 quapiam
3342 3564 3661 3606 ADOPTATUR
3715 3547 3807 3598 ad-

2210 3651 2376 3706 ditum
2395 3660 2490 3717 est,
2520 3659 2565 3703 et
2587 3646 2764 3714 simul,
2799 3656 2852 3701 ut
2898 3661 3182 3702 ADOBATUR
3205 3650 3610 3715 expungeretur,
3644 3638 3808 3694 mani.

2210 3758 2341 3802 tum.
2370 3745 2512 3801 Alter
2535 3745 2724 3802 exinde
2747 3743 2980 3811 accessit,
3005 3743 3094 3813 qui
3122 3739 3350 3796 secunda
3376 3738 3525 3792 lectio
3557 3753 3660 3790 non
3689 3751 3809 3807 pro-

2211 3842 2471 3907 babatur;
2522 3853 2791 3915 propterea
2847 3839 3054 3894 verbum
3097 3849 3415 3893 ADOP‘I‘ATUR
3468 3842 3688 3887 conatus
3738 3837 3808 3884 est

2211 3937 2439 4007 auferre,
2465 3935 2758 3990 abrasionis
2799 3931 3062 3988 nubeculis
3106 3931 3159 3984 id
3189 3930 3317 3985 satis
3356 3925 3682 3994 testantibus.
3733 3923 3808 3978 Ita

2213 4029 2456 4086 Maﬁ'eius
2483 4029 2802 4100 prudenter.

2280 4121 2410 4176 210.
2444 4122 2549 4177 Pro
2578 4121 2812 4177 lectione
2857 4118 3137 4191 adeptatur
3167 4116 3303 4172 duos
3333 4123 3550 4172 veteres
3591 4111 3810 4168 codices

2215 4215 2423 4287 profert
2451 4213 2830 4279 Constantius,
2886 4207 3260 4268 Colbertinum
3299 4219 3355 4264 et
3382 4207 3808 4270 Carnutensem,

2213 4325 2352 4382 quos
2375 4310 2454 4365 ait
2481 4325 2647 4364 annos
2669 4325 2777 4380 pra:
2798 4323 2850 4362 se
2871 4307 3003 4378 ferre
3033 4304 3234 4359 circiter
3256 4301 3415 4369 mille,
3439 4309 3497 4356 et
3537 4299 3810 4369 antiquio-

2215 4417 2302 4456 res
2352 4417 2475 4458 esse
2520 4401 2701 4457 Caroli
2733 4399 2909 4471 Magni
2963 4395 3320 4471 temporibus.
3351 4393 3551 4449 Contra
3585 4391 3811 4448 Germa-

2215 4497 2337 4552 nius
2379 4498 2738 4552 vehementer
2777 4494 2991 4549 dubitat
3023 4470 3104 4546 de,
3139 4499 3286 4544 tanta
3319 4489 3509 4544 borum
3558 4487 3808 4542 codicum

2216 4593 2562 4664 antiquitate,
2609 4602 2670 4650 ut
2699 4600 2853 4648 certo
2882 4585 3097 4644 deﬁniri
3127 4586 3320 4657 possit,
3346 4600 3442 4642 eos
3481 4593 3611 4640 ante
3639 4584 3811 4638 Incre-

2217 4689 2299 4741 sin
2331 4686 2663 4742 Felicianam
2686 4699 2808 4741 esse
2851 4681 3176 4752 descriptos,
3209 4679 3420 4735 etiamsi
3449 4693 3625 4734 annos
3653 4674 3812 4731 circi-

2217 4791 2299 4837 ter
2326 4780 2473 4836 tnille
2502 4795 2615 4852 pra:
2645 4794 2706 4835 se
2736 4778 2936 4834 lerant.
2969 4776 3158 4846 Neque
3199 4787 3331 4828 sane
3382 4769 3657 4842 ejusmodi
3685 4777 3811 4824 sunt

2217 4876 2462 4931 rationes
2493 4891 2522 4930 a
2553 4871 2878 4929 Constantio
2898 4870 3101 4936 allatae,
3121 4884 3243 4939 qua:
3273 4868 3327 4923 in
3353 4875 3462 4921 tam
3493 4863 3679 4920 fallaci
3727 4863 3811 4934 ju-

2214 4969 2429 5026 dicandi
2466 4966 2680 5024 ratione
2705 4963 2922 5038 probari
2945 4963 3201 5020 debeant.

2283 5065 2414 5119 2H.
2455 5062 2612 5130 Quod
2672 5061 2719 5116 si
2744 5059 3015 5116 editiones
3061 5056 3311 5128 antiquas
3365 5053 3806 5117 consideremus,

2215 5157 2301 5213 lim
2343 5154 2686 5228 potissimum
2735 5153 3062 5224 scripturam
3089 5151 3341 5205 adoretur
3390 5148 3717 5220 prmlerunt,
3755 5155 3811 5200 ut

2214 5255 2382 5310 editio
2411 5251 2566 5310 Badii
2595 5249 2843 5306 Ascensii
2869 5247 3094 5304 Parisiis
3124 5262 3253 5302 ann.
3285 5244 3445 5310 1510,
3469 5241 3593 5298 dum
3617 5241 3812 5298 editio—

2215 5364 2314 5405 nes
2342 5347 2846 5413 Basileenses,qua¢
2877 5341 3077 5398 deinde
3107 5345 3415 5395 consecuta:
3446 5345 3600 5403 sunt,
3636 5335 3810 5389 altera

2216 5441 2375 5507 1525,
2409 5440 2638 5496 Erasmo
2660 5447 3006 5503 recensente,
3036 5436 3209 5491 altera
3234 5432 3392 5496 l535,
3424 5440 3480 5487 et
3499 5429 3674 5486 editio
3702 5429 3807 5484 Lu.

2213 5533 2396 5589 dovici
2428 5532 2616 5598 Mirmi,
2645 5546 2805 5603 quam
2829 5530 3086 5596 ontnibus,
3117 5542 3232 5600 qua:
3257 5534 3396 5593 ante,
3438 5533 3486 5579 et
3522 5533 3640 5596 post
3687 5538 3809 5594 pro-

2209 5627 2369 5695 diere,
2401 5625 2786 5698 castigatiorem
2809 5623 3072 5681 censebat
3118 5620 3489 5676 Constantius.
3524 5616 3654 5672 Hac
3685 5629 3806 5671 rara

2208 5731 2314 5790 est,
2349 5721 2505 5794 117
2532 5735 2694 5790 quam
2738 5733 2859 5774 cum
2912 5715 3024 5787 jam
3077 5715 3398 5783 deSpcraret
3448 5707 3805 5766 Consmntius

2206 5814 2489 5887 detegere,
2511 5815 2564 5870 in
2593 5829 2792 5886 magno
2813 5811 3233 5869 Carmelitarum
3256 5813 3528 5864 conventu
3576 5803 3804 5862 invenit.

2209 5889 2403 5968 Exstat
2429 5910 2594 5968 etiam
2625 5909 2683 5969 in
2710 5906 2956 5981 Collegio
2998 5905 3249 5964 Romano
3275 5902 3354 5963 sic
3385 5901 3654 5974 inscripta
3680 5917 3697 5958 :
3731 5897 3797 5956 ο.
