4060 6320
273 245 366 307 ιιι
1618 235 2157 297 ΡιιοιιιοοιιΕΝΑ.
3450 253 3559 313 m

272 360 458 419 Hilarii
510 357 843 442 Pirtavorum
881 354 1107 429 episcopi
1161 353 1547 411 lucubrationes
1579 356 1704 410 olim
1756 371 1845 428 per
1872 362 1923 420 Α
1952 369 2068 408 cum
2099 352 2236 407 Lud.
2273 352 2447 410 Mirari
2487 360 2673 428 editio,
2706 377 2811 433 qua
2842 362 3024 419 Romae
3069 366 3139 420 ad
3167 368 3280 440 ejus
3329 370 3567 441 recogni-

267 453 384 511 Des.
408 450 690 507 Erasmum
706 450 830 506 Rat.
852 451 993 504 haud
1020 449 1359 505 mediocribus
1387 449 1662 504 sudoribus
1679 465 1850 503 emen-
1954 447 2146 500 tionem
2170 448 2249 501 usi
2273 451 2475 518 fuerant
2500 454 2685 521 fratres
2706 460 2893 528 nostri,
2919 459 3063 513 nobis
3080 460 3297 527 deesset,
3331 462 3564 534 adeoque

268 550 412 616 datte,
441 565 583 604 nunc
622 548 790 603 denuo
832 546 1230 619 uigilantissima
1274 560 1399 600 cura
1420 545 1490 600 ad
1517 545 1677 615 fidem
1705 545 1851 599 mira:
1955 556 2074 610 nec,
2093 541 2218 613 quid
2232 544 2285 597 in
2305 560 2365 598 eo
2379 545 2651 619 legeretur,
2667 554 3004 608 constaret.N
3012 572 3136 627 eque
3148 572 3266 611 vero
3296 556 3365 612 ad
3383 556 3565 612 lectio-

266 642 574 715 antiquitntis
591 641 964 716 exemplarium
977 640 1276 714 recognitte.
1292 638 1541 708 Parisiis,
1557 655 1622 694 ea:
1635 637 1852 710 ofﬁcina
1955 649 2076 689 nem
2101 636 2533 707 conﬁrmandam,
2559 659 2714 713 quam
2739 646 2956 703 aliunde
2981 651 3110 704 satis
3141 662 3334 707 certam
3361 669 3565 727 semper

267 736 458 795 Carolte
482 734 733 792 Guillard
769 735 861 792 sub
893 734 1020 792 Sole
1035 734 1228 791 Aurea.
1248 731 1515 807 Praefatur
1540 730 1853 788 Ludovicus
1956 731 2272 800 censuimus,
2293 733 2485 789 codicis
2513 734 2674 809 hujus
2701 743 3010 798 auctoritate
3038 763 3129 801 nos
3154 764 3300 819 egere
3330 757 3450 802 tunc
3477 764 3566 802 ar-

266 830 488 889 Mirteus.
518 829 890 887 Nihilominus
936 828 1287 886 Constantius
1327 827 1514 897 plures
1565 824 1699 881 alias
1753 837 1854 894 pro
1958 824 2298 883 bilrabamur.
2348 826 2547 884 Nostro
2574 832 2780 888 silentio
2811 845 2980 891 motus
3009 839 3360 911 disceptator,
3390 853 3470 908 et,
3504 853 3564 897 ut

263 937 385 980 voce
406 922 691 995 adoptatur
712 921 942 993 profert,
967 920 1223 977 videlicet
1249 918 1460 975 Martini
1490 916 1661 990 Lipsii
1686 915 1850 980 1544,
1957 916 2217 987 suspicari
2267 926 2378 987 est,
2420 922 2649 978 codicem
2678 924 2824 979 illum
2861 928 2960 983 sibi
2999 929 3170 999 favere
3197 946 3364 1001 ratus,
3397 935 3565 988 virum

263 1005 1851 1085 Gritleil570,Gillmii{572,Parisieusesl605,103!.1652.
1957 1008 2330 1077 doctissimum,
2378 1021 2434 1067 ut
2473 1030 2586 1069 eum
2616 1013 2888 1091 diligenter
2917 1018 3208 1091 inspiceret,
3241 1025 3563 1081 sollicitavit.

261 1108 540 1167 Notaverat
565 1123 697 1166 vero
716 1106 1093 1176 Constantius,
1111 1107 1166 1163 in
1197 1106 1544 1177 praefatione,
1573 1102 1852 1161 Gillotium
2029 1105 2159 1163 215.
2199 1106 2385 1179 Itaque
2417 1123 2542 1164 cmn
2574 1110 2774 1180 editio,
2819 1130 2947 1185 quae
2978 1115 3158 1172 codici
3189 1118 3429 1175 basilica:
3460 1119 3568 1176 Va-

262 1210 454 1261 textum
482 1200 679 1257 Hilarii
706 1200 975 1257 illibatum
1026 1199 1338 1271 reliquisse,
1372 1198 1668 1254 editionem
1692 1211 1854 1251 recu-
1960 1197 2163 1256 ticana:
2206 1202 2403 1257 collata
2437 1201 2649 1274 fuerat,
2698 1205 2954 1263 exhibeat
2978 1209 3255 1277 adoratur,
3283 1223 3334 1268 et
3363 1212 3569 1269 Bandi-

260 1314 365 1356 sam
404 1312 553 1354 atino
597 1295 736 1354 1570
765 1295 1169 1353 mendosiorem
1213 1294 1381 1366 priori
1424 1309 1587 1358 esse;
1628 1289 1856 1348 editioni
1961 1293 2107 1361 nius,
2155 1294 2502 1369 Maurinique
2535 1298 2745 1354 variam
2779 1299 3069 1358 lectionem
3102 1304 3168 1357 ad
3208 1305 3352 1361 hunc
3385 1307 3568 1362 locum

260 1390 539 1449 Parisiensi
565 1390 708 1448 1605
727 1390 927 1447 deinde
947 1390 1192 1461 repetita!
1209 1403 1323 1459 prae
1338 1386 1685 1443 multitudine
1703 1400 1860 1440 men-
1962 1401 2071 1442 non
2098 1389 2485 1460 ascripserint,
2514 1405 2924 1465 consequenter
2956 1398 3251 1454 tenendum
3287 1409 3393 1467 est,
3422 1401 3569 1457 viros

260 1486 442 1543 dorum
470 1484 636 1540 facile
665 1481 1053 1540 anteferendas
1095 1480 1271 1538 videri
1302 1479 1662 1536 Basileenses.
1697 1476 1861 1548 Equi-
1961 1478 2276 1551 diligentes,
2305 1484 2500 1555 quales
2524 1482 2883 1544 Constantius
2917 1491 3074 1546 nobis
3098 1492 3381 1564 describit,
3415 1493 3469 1548 in
3501 1509 3569 1551 co

260 1578 687 1637 demineditioni
712 1572 1664 1634 Parisiensi1572et1605mendum
1684 1572 1736 1627 in
1756 1570 1861 1626 hoc
1962 1571 2152 1641 codice
2205 1576 2483 1646 reperisse
2541 1579 2806 1651 scriptum
2858 1581 3130 1638 adoratur.
3204 1584 3274 1640 Et
3318 1585 3569 1657 quamvis

259 1674 372 1747 ipso
388 1671 752 1730 locoiuvenio
776 1690 789 1728 :
815 1669 903 1726 Ita
924 1669 1192 1743 potestatis
1208 1669 1435 1741 dignitas
1449 1683 1551 1722 non
1568 1665 1861 1720 admittitur
1961 1666 2299 1727 adverterint
2328 1670 2572 1729 litteram
2600 1690 2628 1726 r
2656 1674 2710 1730 in
2742 1675 2867 1732 loco
2915 1680 3174 1748 ampliori
3224 1695 3388 1738 eraso
3417 1697 3448 1738 a
3481 1697 3571 1739 se-

260 1766 485 1841 (currige
518 1767 825 1835 amittitur),
856 1765 982 1820 dum
1006 1764 1179 1819 carnis
1200 1761 1467 1818 humilitas
1483 1760 1783 1832 adoptatur.

318 1862 442 1917 212.
486 1859 587 1917 His
633 1870 917 1931 pernwtus
968 1857 1355 1926 Constantius,
1401 1864 1458 1912 et
1482 1854 1694 1912 duobus
1749 1852 1857 1908 illis

257 1953 529 2012 codicibus
561 1951 888 2010 Corbeiensi
924 1962 982 2008 et
1011 1951 1369 2017 Carnutensi,
1400 1965 1538 2021 quos
1561 1955 1687 2003 ante
1717 1945 1860 2001 Feli-

257 2062 365 2104 cem
396 2056 659 2104 exaratos
688 2045 1063 2112 existimabat,
1096 2036 1150 2100 ἰὴ
1180 2044 1423 2100 editione
1455 2056 1552 2097 sua
1579 2041 1638 2097 S.
1668 2038 1860 2094 llilarii

258 2140 484 2210 praetulit
509 2140 812 2196 lectionem
840 2138 1146 2212 adoptatur.
1183 2136 1302 2192 Etsi
1325 2143 1509 2192 autem
1541 2133 1685 2191 idem
1715 2131 1860 2187 Con-

255 2233 481 2291 stantius
512 2231 879 2300 indicaverat,
909 2231 1153 2288 codicem
1172 2230 1231 2287 S.
1259 2228 1447 2284 Hilarii
1477 2226 1689 2283 nullum
1721 2225 1860 2280 anti-

254 2328 490 2400 quiorem
509 2334 736 2383 exstare
747 2324 938 2382 codice
956 2324 1195 2381 basilica:
1215 2322 1510 2391 Vaticana,
1525 2331 1580 2377 et
1593 2321 1752 2390 hujus
1765 2333 1859 2375 co-

253 2421 380 2479 dicis
397 2423 587 2480 varias
616 2421 887 2478 lectiones
901 2420 1073 2477 Roma
1093 2419 1162 2477 ad
1175 2436 1234 2477 se
1259 2421 1456 2477 missas
1477 2419 1592 2475 suis
1618 2417 1755 2474 locis
1776 2417 1860 2472 in-

252 2518 478 2587 serebat,
498 2527 685 2575 tamen
709 2516 940 2574 adhunc
961 2519 1141 2573 locum
1162 2532 1262 2589 pro
1288 2514 1559 2587 scriptura
1574 2515 1858 2586 adoptatur

251 2610 485 2668 codicem
518 2611 769 2668 basilicze
799 2609 1078 2666 Vaticana:
1109 2626 1177 2666 ne
1208 2608 1510 2666 nominavit
1538 2607 1783 2679 quidem.

314 2706 443 2763 213.
485 2705 851 2776 Germonius,
883 2705 975 2778 qui
1004 2720 1115 2762 non
1141 2704 1493 2777 probaverat,
1523 2720 1552 2757 a
1583 2702 1856 2759 Constan-

250 2799 322 2857 tio
376 2803 663 2873 praelatam
716 2802 888 2858 luisse
940 2801 1269 2875 scripturam
1316 2800 1619 2871 adoptatur.
1673 2806 1859 2854 certus

249 2891 363 2950 ﬁeri
407 2894 612 2964 voluit,
659 2909 913 2966 quaenam
941 2892 1106 2950 lectio
1132 2899 1377 2950 exstaret
1406 2890 1459 2946 in
1491 2888 1686 2946 codice
1714 2887 1861 2944 basi-

248 2983 359 3043 licte
388 2986 697 3055 Vaticanus,
731 2995 898 3059 atque
927 2985 1005 3042 ita
1032 2985 1243 3058 primus
1273 2984 1393 3057 ipse
1419 2983 1653 3040 edoctus
1679 2999 1709 3038 a
1733 2980 1861 3038 Tel-

249 3077 399 3137 lierio
424 3125 440 3151 ,
475 3080 897 3153 corruptionem
925 3080 1046 3152 ejus
1071 3079 1282 3138 codicis
1303 3079 1586 3151 evulgavit
1610 3119 1625 3146 ,
1668 3077 1722 3134 in
1751 3091 1859 3149 quo

1887 1770 1937 1832 B
1963 1762 2140 1819 cunda
2170 1770 2332 1820 manu
2366 1776 2644 1823 exaratam
2677 1769 2846 1826 fuisse
2872 1781 3086 1840 ,tamen
3110 1773 3162 1828 id
3192 1775 3569 1834 necessarium

1963 1871 2073 1912 non
2118 1857 2394 1915 duxerunt
2439 1875 2707 1929 monere,
2754 1862 2899 1934 quod
2942 1880 3129 1920 veram
3160 1869 3571 1926 correctionem

1960 1950 2193 2021 alicujus
2217 1954 2424 2010 erroris
2453 1955 2770 2025 putaverint
2801 1971 2928 2013 esse
2946 1998 2963 2025 ,
2998 1966 3060 2014 ut
3080 1959 3245 2015 multa
3270 1960 3474 2018 suntin
3501 1976 3571 2018 eo

1961 2046 2152 2103 codice
2178 2048 2259 2103 sic
2282 2059 2556 2106 correcta.
2609 2050 2757 2107 Sane
2778 2050 3157 2123 Constantius,
3187 2056 3281 2127 qui
3310 2056 3362 2112 in
3393 2058 3575 2128 primo

1961 2142 2125 2196 etiam
2168 2141 2315 2197 libro
2351 2144 2545 2200 Hilarii
2584 2144 2885 2203 editionem
2912 2146 3081 2203 Mirari
3109 2149 3333 2220 allegat,
3359 2153 3572 2223 aliqua-

1962 2242 2123 2291 tenus
2170 2237 2454 2308 negligens
2496 2239 2677 2295 videri
2726 2250 2936 2310 potest,
2987 2243 3133 2312 quod
3179 2260 3297 2300 eam
3327 2246 3395 2300 ad
3427 2246 3572 2304 hunc

1962 2325 2141 2382 locum
2175 2327 2404 2384 secundi
2438 2328 2562 2384 libri
2590 2333 2884 2387 consulere
2920 2350 3029 2388 non
3058 2336 3355 2392 curaverit.
3425 2337 3566 2404 Quid

1961 2428 2145 2475 autem
2196 2419 2245 2476 si
2290 2423 2691 2479 consuluisset?
2738 2424 2983 2497 Legisset
3030 2428 3085 2482 in
3124 2443 3183 2483 ea
3226 2431 3567 2487 contrarium

1962 2513 2066 2570 sibi
2095 2515 2324 2571 verbum
2357 2517 2631 2589 adoratur,
2667 2527 2722 2574 et
2755 2536 2879 2576 cum
2912 2521 3061 2578 inter
3091 2528 3275 2579 varias
3300 2523 3570 2583 lectiones

1960 2607 2138 2665 Roma
2178 2610 2378 2667 missas
2416 2613 2577 2684 119
2614 2613 2816 2670 nullam
2859 2614 3287 2687 discrepantiam
3328 2618 3394 2673 ad
3425 2619 3570 2678 hunc

1960 2703 2142 2760 locum
2192 2712 2479 2773 notasset,
2512 2708 2847 2765 concludere
2885 2708 3213 2777 debuisset,
3265 2713 3326 2768 in
3376 2713 3571 2772 codice

1961 2794 2209 2853 basilica:
2239 2796 2523 2855 Vaticana
2554 2797 2663 2872 legi
2687 2803 2965 2855 adoratur.

2031 2892 2093 2948 2i
2107 2892 2161 2949 6.
2204 2892 2312 2949 Sed
2344 2896 2516 2951 multo
2542 2904 2672 2952 ante
2700 2896 2844 2951 idem
2873 2895 3098 2953 verbum
3122 2897 3374 2955 adoratur
3406 2899 3460 2955 in
3501 2916 3570 2958 eo

1960 2983 2152 3043 codice
2197 2985 2514 3054 exstitisse,
2576 2987 2927 3044 manifestum
2994 2998 3190 3047 estex
3245 2991 3564 3059 collatione,

1911 3072 1919 3080 ”
1961 3095 2123 3152 quam
2147 3079 2602 3151 diligentissimus
2633 3082 2715 3136 vir
2734 3080 2962 3137 Latinus
2994 3082 3243 3139 Latinius
3272 3095 3569 3141 exsecutus

250 3187 390 3230 nunc
432 3175 642 3247 legitur
679 3174 959 3243 adoratur,
1007 3174 1105 3232 sed
1133 3183 1318 3243 antea,
1345 3182 1404 3229 ut
1431 3173 1674 3239 videtur,
1709 3172 1856 3244 lege-
1883 3179 1931 3244 C
1961 3185 2067 3232 est.
2107 3175 2341 3232 Exstant
2373 3176 2493 3248 ejus
2535 3177 2701 3233 variae
2726 3177 3016 3244 lectiones,
3058 3188 3113 3234 et
3139 3179 3573 3237 animadversio-

247 3263 401 3323 batur
429 3267 749 3338 adoptatur.
809 3266 891 3323 Ex
933 3283 1043 3339 quo
1087 3268 1248 3338 plane
1296 3267 1605 3340 colligitur,
1642 3267 1854 3323 nullum

246 3373 365 3418 esse
388 3361 583 3419 locum
607 3360 931 3433 auspicandi
953 3359 1201 3418 fraudem
1232 3361 1397 3418 ullam
1428 3371 1522 3418 aut
1548 3361 1604 3418 in
1625 3360 1857 3419 Germo—

245 3452 332 3509 nio
352 3495 370 3523 ,
403 3462 502 3511 aut
525 3455 587 3511 in
615 3453 901 3513 Tellierio.
934 3453 1107 3511 Nemo
1126 3454 1196 3512 de
1217 3455 1451 3512 lectione
1470 3454 1636 3527 hujus
1650 3453 1856 3511 codicis

244 3549 467 3607 verbum
522 3549 704 3607 ullum
748 3550 805 3606 in
853 3549 956 3607 hac
1001 3550 1383 3607 controversia
1432 3548 1682 3619 fecerat,
1729 3563 1853 3605 cum

243 3640 583 3701 Germonius
617 3652 765 3716 part.
800 3658 858 3711 ιι,
893 3658 946 3699 c.
977 3642 1010 3699 9
1039 3642 1108 3699 de
1137 3640 1274 3699 Cod.
1304 3652 1549 3713 corrupt.
1593 3641 1852 3712 scripsit:

251 3735 383 3805 Quia
430 3748 614 3795 tamen
650 3738 837 3810 religio
877 3747 952 3794 est
980 3736 1109 3793 mihi
1133 3737 1415 3809 quidquam
1442 3737 1852 3809 prteterntittere,

247 3834 381 3904 quod
399 3835 472 3890 ad
486 3836 762 3890 ueritatem
773 3833 1139 3889 elucidandant
1150 3834 1386 3906 conferre
1404 3832 1587 3903 possit,
1623 3847 1727 3885 non
1744 3829 1824 3884 dis
1835 3860 1856 3874 -

248 3925 503 3984 simulabo
533 3944 671 3995 rem,
701 3943 817 3999 quae
839 3926 1042 3982 videtur
1070 3927 1288 3981 latuisse
1315 3925 1643 3992 Constantio,
1676 3939 1857 3996 nempe

246 4018 297 4074 in
312 4038 370 4076 eo
391 4022 583 4078 codice
591 4020 839 4095 primitus
855 4021 1108 4090 scriptum
1129 4021 1291 4093 fuisse
1320 4023 1365 4093 ι
1376 4020 1481 4093 18
1496 4032 1819 4076 nonnon
1835 4035 1850 4074 :

243 4113 313 4170 ita
339 4118 481 4172 enim
513 4116 696 4190 accepi
723 4116 790 4171 ab
819 4115 1164 4171 eruditissimo
1186 4115 1299 4170 viro
1324 4156 1339 4185 ,
1372 4115 1460 4185 qui
1492 4112 1681 4168 librum
1700 4109 1855 4167 illum

243 4214 429 4283 rogatu
460 4226 586 4267 meo
608 4210 889 4283 diligenter
916 4210 1167 4279 inspexit.

308 4302 438 4362 2M.
484 4308 609 4378 Age
646 4319 815 4374 vero,
862 4303 1110 4376 apertius
1152 4303 1257 4359 hoc
1288 4303 1468 4375 ipsum
1510 4301 1853 4358 demonstre-

242 4412 382 4456 mus.
417 4399 792 4457 Constantius
824 4398 893 4454 ad
921 4413 1076 4455 suam
1099 4397 1294 4453 llilarii
1321 4396 1624 4454 editionem
1664 4396 1734 4452 de
1762 4410 1857 4452 co-

240 4494 360 4554 dice
407 4495 665 4552 basilica:
725 4493 1002 4551 Vaticana:
1054 4492 1110 4549 in
1162 4492 1316 4564 praef.
1369 4508 1425 4547 n.
1465 4491 1503 4546 2
1540 4491 1621 4547 sic
1645 4489 1850 4546 habet:

1961 3288 2063 3330 nes
2104 3271 2162 3329 in
2206 3273 2265 3330 8.
2310 3272 2597 3338 Hilarium,
2626 3272 2890 3330 editionis
2930 3274 3260 3330 Parisiensis
3296 3275 3399 3332 sub
3432 3275 3565 3333 Sole

1958 3383 2130 3424 aureo
2158 3367 2302 3424 1544
2326 3409 2341 3434 ,
2372 3383 2495 3440 quae
2540 3375 2626 3424 est
2668 3367 2839 3424 editio
2873 3367 3133 3425 Ludovici
3164 3369 3364 3436 Mirari,
3393 3370 3449 3425 in
3478 3369 3569 3425 Bi-

1958 3462 2233 3520 bliotheca
2257 3463 2381 3533 ejus
2407 3477 2565 3519 sacra
2598 3472 2655 3519 et
2682 3462 2938 3534 profana,
2972 3477 3096 3535 pag.
3123 3463 3193 3519 38
3214 3479 3373 3536 seqq.
3402 3463 3570 3518 luitio

1958 3556 2079 3615 haec
2105 3566 2191 3615 est
2211 3556 2532 3614 annotatio:
2563 3555 2662 3613 Die
2682 3573 2798 3614 χχιι
2828 3555 3080 3612 Januarii
3103 3557 3265 3623 1561,
3296 3555 3485 3629 collegi
3506 3574 3570 3613 ea:

1959 3648 2137 3705 codice
2164 3648 2398 3705 basilicae
2437 3649 2501 3706 S.
2535 3647 2684 3705 Petri
2713 3650 2861 3705 mira:
2889 3649 3185 3716 vetustatis,
3219 3649 3409 3705 litteris
3439 3666 3568 3721 pene

1958 3743 2268 3816 majusculis
2316 3744 2549 3814 scripto,
2596 3743 2772 3798 varias
2824 3743 3099 3811 lectiones,
3152 3758 3271 3813 quw
3318 3753 3568 3798 notantur

1958 3844 2081 3890 nota
2110 3835 2178 3890 P.
2202 3832 2284 3889 De
2308 3833 2562 3889 Trinitate
2589 3835 2722 3890 liber
2749 3837 2974 3906 primus,
3003 3843 3109 3891 etc.
3144 3836 3386 3891 Annotat
3410 3851 3572 3893 accu-

1958 3927 2237 3984 ratissime
2285 3926 2533 3982 Latinius
2582 3928 2763 3983 varias
2810 3927 3078 3983 lectiones
3110 3926 3179 3983 ad
3206 3927 3469 3984 Hlibros
3498 3928 3569 3985 de

1957 4019 2231 4076 Trinitate
2255 4060 2271 4085 ,
2304 4018 2371 4074 ad
2402 4018 2601 4073 librum
2642 4026 2837 4074 contra
2869 4016 3294 4087 Constantium,
3328 4017 3397 4074 ad
3428 4018 3568 4075 duos

1960 4113 2134 4171 libros
2177 4111 2245 4168 ad
2285 4109 2701 4178 Constantium,
2751 4110 2820 4166 ad
2860 4109 3059 4165 librum
3103 4118 3298 4165 contra
3325 4109 3570 4167 Arianos

1958 4207 2048 4265 vel
2092 4205 2426 4263 Auxentium
2447 4250 2460 4274 ,
2513 4203 2580 4259 ad
2610 4202 2902 4274 epistolam
2932 4203 3227 4268 Auxentii,
3267 4202 3333 4257 ad
3366 4202 3565 4258 librum

1960 4300 2029 4357 de
2052 4298 2323 4373 Synodis:
2355 4304 2412 4354 et
2442 4296 2496 4351 in
2530 4295 2636 4351 hoc
2663 4295 2807 4352 libro
2830 4295 2899 4351 ad
2932 4294 3101 4351 verba
3120 4337 3135 4363 ,
3174 4295 3309 4351 Vere
3333 4295 3567 4368 Spiritus

1958 4393 2147 4463 sancti,
2166 4391 2349 4463 hisque
2368 4389 2665 4446 nominibus
2685 4404 2791 4443 non
2817 4388 3145 4461 simpliciter,
3171 4387 3393 4461 subjicit
3415 4387 3565 4448 illico

1961 4488 2068 4545 hoc
2108 4485 2381 4544 monitum
2406 4502 2420 4538 :
2453 4481 2727 4539 Hactenus
2758 4482 2906 4538 habet
2938 4481 3204 4555 exemplar
3235 4482 3465 4538 basilicae
3496 4481 3561 4540 S.

244 4587 441 4645 Nullus
463 4588 767 4645 desiderari
796 4605 946 4660 posse
967 4587 1170 4643 videtur
1198 4586 1485 4658 antiquior,
1511 4600 1668 4656 quam
1695 4583 1783 4655 qui
1801 4583 1854 4637 in
1880 4588 1935 4651 D
1964 4580 2131 4649 Petri,
2161 4581 2215 4635 in
2243 4595 2344 4652 quo
2371 4577 2576 4650 aliquot
2606 4575 2997 4649 quinterniones
3021 4574 3227 4630 desunt.

241 4681 454 4737 archiva
496 4680 777 4737 Vaticana:
811 4678 1060 4736 Ecclesia:
1087 4686 1405 4735 asservatur.
1424 4716 1438 4733 .
1462 4717 1477 4733 .
1496 4716 1515 4735 .
1547 4676 1655 4733 Sed
1680 4676 1735 4730 in
1762 4692 1859 4731 an-

243 4774 385 4846 tiquo
408 4774 597 4830 codice
629 4788 736 4827 non
766 4772 1063 4844 negandum
1088 4779 1162 4827 est
1190 4769 1381 4826 menda
1400 4786 1510 4825 esse
1539 4770 1774 4840 antiqua.
1799 4810 1815 4826 .
1841 4809 1855 4824 .

242 4864 378 4922 Eam
418 4868 486 4923 ob
525 4882 639 4921 rem
664 4864 862 4921 codicis
898 4866 1058 4941 hujus
1086 4865 1386 4938 antiquitati
1413 4864 1547 4920 nihil
1572 4863 1861 4920 inconsulte

242 4961 559 5028 tribuimus,
594 4975 658 5015 ea
687 4968 891 5013 tantum
919 4962 967 5014 ei
1001 4975 1244 5015 concessa
1272 4958 1635 5025 veneratione,
1674 4968 1731 5012 ut
1759 4957 1862 5011 lec-

242 5055 410 5111 tiones
435 5070 614 5113 more
640 5068 816 5111 ouans
833 5094 848 5120 ,
881 5055 936 5110 in
957 5054 1149 5125 quibus
1176 5070 1209 5108 a
1229 5054 1431 5109 cwteris
1453 5051 1738 5125 discrepat,
1773 5050 1858 5104 di-

243 5147 470 5219 ligenter
498 5159 900 5204 annotaremus.
942 5147 1061 5203 Has
1090 5165 1124 5203 a
1151 5146 1361 5203 Joanne
1382 5145 1632 5221 Baptista
1659 5143 1861 5201 Bandi-

243 5242 363 5310 nio,
404 5240 685 5298 Vaticanus
723 5240 951 5297 basilij
971 5242 1260 5309 canonico,
1291 5259 1408 5296 cum
1445 5258 1631 5298 novam
1660 5240 1861 5295 Hilarii

244 5336 534 5392 editionem
557 5345 792 5406 pararet,
809 5335 1055 5391 collectas
1080 5335 1229 5390 nobis
1260 5336 1644 5407 descripserunt
1673 5336 1862 5408 fratres

245 5431 436 5499 nostri,
455 5431 547 5502 qui
562 5427 751 5484 Roma
766 5437 1059 5496 versantur,
1076 5438 1124 5485 et
1145 5429 1400 5485 nonnulla
1414 5445 1575 5499 opera
1594 5446 1686 5504 per
1699 5445 1754 5485 se
1774 5444 1863 5483 ac-

244 5533 428 5579 curate
438 5530 892 5596 recognoscentes,
913 5523 1115 5578 laudati
1132 5522 1387 5579 Canonici
1399 5523 1726 5596 diligentiam
1748 5538 1864 5595 pro-

247 5615 526 5672 baverunt.
562 5617 623 5671 In
650 5614 908 5671 secundis
938 5615 1207 5673 Vindiciis
1234 5616 1377 5672 idem
1406 5616 1762 5674 Constantius
1786 5615 1866 5672 sic

246 5710 428 5768 refert
468 5718 612 5781 part.
648 5725 732 5774 ιιι,
760 5723 810 5764 c.
845 5709 898 5777 5,
928 5709 997 5766 de
1025 5711 1220 5768 eodem
1250 5711 1439 5768 codice
1454 5711 1722 5783 loquens:
1758 5708 1867 5766 Sed

248 5802 315 5861 de
335 5805 459 5862 loco
479 5821 620 5862 nunc
640 5812 972 5859 controverso
1001 5821 1094 5861 nos
1125 5805 1277 5861 silere
1300 5805 1431 5862 bona
1445 5804 1574 5876 ﬁdes
1594 5802 1866 5877 compulit,

642 5897 918 5958 Ps'rnou.
968 5897 1149 5960 XIX.

2034 4674 2164 4730 217.
2209 4671 2278 4731 Ut
2325 4681 2509 4728 autem
2555 4670 2908 4743 perspicuum
2965 4669 3040 4725 sit
3085 4679 3288 4741 quanta
3331 4684 3463 4728 cura
3516 4678 3574 4726 et

1962 4770 2241 4841 diligentia
2269 4767 2519 4824 Latinius
2542 4767 2596 4822 in
2620 4766 2814 4822 codice
2840 4780 2909 4822 ex
2922 4763 3235 4836 pendendo,
3269 4774 3327 4822 et
3358 4764 3570 4821 Hilario

1962 4862 2317 4931 illustrando,
2348 4868 2603 4918 versatus
2650 4859 2839 4928 fuerit,
2873 4872 3077 4929 paucas
3101 4858 3222 4929 ejus
3239 4874 3362 4914 cum
3391 4858 3577 4913 varias

1965 4958 2233 5016 lectiones
2256 4997 2271 5024 ,
2318 4963 2433 5010 tum
2463 4954 2815 5025 conjecturas
2852 4954 3146 5010 annotabo.
3189 4952 3308 5008 Lib.
3338 4969 3375 5019 ι,
3412 4967 3563 5008 num.

1965 5052 2083 5109 sive
2111 5066 2234 5123 cap.
2270 5050 2298 5106 1
2332 5048 2400 5105 de
2429 5047 2633 5105 Trinit.
2670 5050 2723 5104 in
2747 5047 2992 5104 editione
3014 5045 3184 5101 Mirmi
3210 5063 3224 5099 :
3257 5044 3411 5111 Quod
3439 5045 3571 5100 alte-

1966 5162 2085 5199 rum
2126 5146 2237 5198 sine
2281 5142 2451 5198 altero
2476 5186 2492 5212 ,
2534 5143 2586 5197 in
2630 5141 2824 5199 cndice
2857 5139 3096 5196 basilica:
3125 5137 3403 5195 Vaticana;
3429 5138 3569 5211 quod

1969 5240 2119 5297 aliud
2146 5241 2258 5297 sine
2281 5241 2466 5296 altera.
2520 5238 2612 5295 Sic
2642 5238 2775 5310 legit
2812 5236 3166 5294 Constantius
3187 5275 3203 5300 ,
3234 5234 3334 5290 sed
3367 5234 3572 5290 nullam

1969 5335 2401 5407 discrepantiam
2454 5333 2745 5404 scripturae
2804 5330 3088 5386 observat.
3138 5324 3283 5381 lbid.
3332 5326 3385 5382 in
3435 5326 3572 5382 edit.

1971 5429 2092 5485 Mir.
2120 5445 2133 5483 :
2164 5428 2370 5501 pabulis
2401 5426 2520 5483 lteta
2549 5423 2893 5499 uagantibus;
2922 5421 2976 5475 in
3003 5417 3132 5475 cod.
3159 5419 3322 5475 basil.
3354 5419 3572 5476 Vatic.:
3676 5462 3680 5465 Α

1972 5521 2165 5594 pabula
2195 5521 2311 5577 ltete
2336 5520 2667 5594 uagantibus.
2692 5511 3052 5574 Constantius
3080 5510 3286 5578 pabulis
3319 5513 3438 5567 laua
3459 5528 3578 5567 eva-

1973 5614 2237 5689 gantibus,
2270 5622 2326 5669 et
2347 5614 2529 5670 solum
2569 5620 2724 5668 notat
2751 5623 2818 5664 ex
2847 5618 2978 5660 mss.
3009 5601 3339 5659 Colbertino
3362 5611 3418 5660 et
3441 5602 3583 5659 Ger-

1975 5709 2225 5765 manensi
2258 5706 2559 5762 vacantibus
2602 5720 2699 5775 pro
2739 5693 3093 5769 evagantibus.
3138 5693 3280 5777 Ibid“
3323 5698 3446 5754 Mir.
3473 5738 3489 5765 ,
3524 5711 3589 5751 ea:

1981 5803 2205 5875 pascuis,
2253 5800 2380 5858 cod.
2428 5801 2546 5856 bas.
2589 5798 2729 5865 νειμ,
2770 5808 2833 5849 ea;
2871 5797 3049 5862 pastu.
3111 5786 3473 5849 Constantius
3522 5804 3586 5842 ea:

3223 5885 3303 5945 17
