4060 6320
491 277 600 336 525

1785 268 2079 334 etenus
2107 224 2466 335 metuis.

3690 277 3791 335 ΞΗ

494 394 727 468 pascuis,
757 405 822 449 ac
851 389 1058 448 nullam
1089 388 1297 445 variam
1334 386 1629 445 lectionem
1660 386 1908 445 ascribit.
1950 386 2086 444 lbid.
2117 408 2171 464 Δ
2195 387 2440 458 elerlur:
2492 388 2563 444 ita
2603 387 2769 444 etiam
2814 384 3193 456 Constantius,
3222 386 3475 460 subjecta
3494 388 3603 445 bac
3627 398 3790 445 nota:

494 488 620 545 Mir.
660 484 1071 542 absolutissimus
1102 485 1219 539 vitta
1246 482 1491 539 humana:
1533 498 1658 537 usus
1687 481 2088 548 existimabitur,

496 583 621 642 cod.
640 582 758 638 bas.
784 579 910 636 Vat.
943 577 1215 634 absolutus
1246 578 1367 632 vita:
1391 576 1636 631 humana:
1660 592 1787 631 usus
1808 574 2089 630 exsisteret.

494 674 853 736 Constantius
881 671 1114 729 omnino
1144 688 1265 728 cum
1298 670 1520 739 Mirum,
1566 669 1661 726 sed
1689 668 2092 739 discrepantem

496 770 832 841 scripturam
856 782 967 822 non
1000 764 1225 822 indicat.

567 862 697 920 2i8.
741 859 868 918 Hae
900 859 1122 933 quidem
1163 874 1232 916 ex
1262 870 1489 915 numero
1515 856 1684 914 tlibri
1708 857 1735 913 l
1757 898 1775 924 ,
1800 855 1893 926 qui
1918 853 2094 912 solum

495 957 573 1018 52
618 957 854 1015 lineolas
905 953 1339 1026 complectitur.
1376 948 1713 1025 deprompsi.
1802 948 1894 1005 Sic
1933 962 2098 1020 porro

497 1051 675 1126 pergit
703 1047 982 1116 Latinius,
1014 1057 1069 1104 et
1090 1063 1213 1119 cap.
1239 1062 1277 1103 tt
1299 1044 1548 1119 ejusdem
1576 1042 1705 1099 libri
1731 1042 1783 1111 l,
1808 1056 1910 1114 pro
1929 1042 2101 1115 inepte

496 1161 559 1203 ac
604 1142 851 1200 belluinte
892 1142 1030 1208 vitm,
1079 1140 1133 1196 in
1175 1139 1418 1196 editione
1453 1138 1612 1211 120
1645 1135 1817 1192 Mirari
1854 1134 1993 1191 nihil
2031 1148 2098 1188 ex

497 1238 693 1296 codice
740 1237 857 1293 bas.
907 1233 1034 1290 Vat.
1085 1232 1356 1300 ascribit,
1403 1230 1498 1286 sed
1534 1227 1907 1299 conjecturam
1946 1239 2099 1281 suam

498 1333 726 1404 apponit
770 1329 949 1384 inertis
979 1341 1078 1397 pro
1104 1326 1298 1398 inepte.
1329 1321 1688 1380 Constantius
1715 1319 1886 1377 edidit
1913 1319 2102 1389 inepta:

494 1443 557 1484 ac
601 1424 862 1481 belluinte.
906 1420 1047 1479 Eod.
1088 1436 1208 1492 cap.
1252 1418 1376 1475 Mir.
1409 1416 1471 1472 ob
1499 1432 1654 1489 quam
1693 1415 1942 1487 profecto,
1973 1412 2098 1470 cod.

493 1519 616 1579 bas.
644 1517 769 1575 Vat.
801 1516 871 1572 ad
897 1531 1086 1588 quam:
1116 1513 1214 1571 sed
1244 1521 1433 1570 monet
1464 1510 1737 1579 Latinius,
1764 1507 1836 1563 ad
1858 1522 1986 1565 esse
2007 1506 2104 1564 de-

499 1612 793 1673 mendum:
822 1610 903 1669 sic
932 1617 1127 1665 contra
1147 1608 1200 1663 in
1223 1604 1416 1663 codice
1445 1602 1604 1659 deest
1626 1617 1841 1670 manus,
1873 1608 1929 1657 et
1956 1596 2104 1656 Lati-

497 1707 623 1765 nius
658 1713 851 1763 censet
890 1718 1018 1761 esse
1058 1697 1395 1758 addendum.
1464 1696 1605 1768 Quid
1653 1694 1853 1769 plura?
1902 1694 2100 1767 Viginti

2200 480 2448 537 Scribant
2468 490 2767 537 constanter
2789 488 2978 538 veteres
3007 481 3130 538 libri
3158 497 3441 543 ICI‘BITUB
3460 482 3539 537 vel
3564 498 3793 540 “crn-

2195 591 2324 633 rua.
2366 575 2529 648 Atqui
2594 574 2841 632 Latinius
2885 592 2951 633 ex
3007 576 3137 634 cod.
3167 577 3327 634 basil.
3362 578 3483 633 Vat.
3517 578 3796 647 observat,

2199 668 2411 725 Nonum
2448 669 2514 725 de
2542 669 2669 725 caelo
2704 668 2878 743 Magis
2901 669 3068 726 stellte
3099 670 3271 725 lumen
3293 670 3552 727 exoritur.
3581 671 3799 728 Hircus

2198 771 2255 821 et
2280 761 2663 845 Constantius,
2688 762 2868 821 Gloria
2898 764 3090 822 deinde
3115 767 3169 822 in
3193 764 3337 823 uelis
3367 762 3483 822 Deo
3510 808 3535 834 ι
3575 777 3627 822 et
3654 783 3800 837 pax;

2198 860 2445 918 Latinius
2470 875 2541 918 ex
2558 860 2685 917 cod.
2708 860 2871 917 basiL
2894 859 3105 929 Vatic.,
3130 859 3321 917 Gloria
3344 862 3401 916 in
3425 859 3648 917 αρξιώ
3671 857 3801 927 οη,

2200 956 2395 1012 deinde
2420 973 2548 1028 pax.
2586 956 2807 1014 Mirum
2835 964 2897 1014 et
2940 955 3299 1015 Constantius
3324 1000 3341 1024 ,
3388 955 3459 1013 Et
3496 965 3625 1029 post
3661 957 3805 1012 illam

2201 1046 2375 1103 iactus
2409 1047 2645 1103 sientiar
2679 1063 2788 1102 sua:
2818 1047 3176 1120 operationem
3210 1062 3507 1115 arma,
3557 1045 3807 1103 Latinius

2203 1156 2275 1197 ex
2300 1139 2421 1197 cod.
2459 1138 2621 1195 basil.
2658 1139 2857 1205 Vatic.,
2891 1139 2957 1195 Et
2981 1139 3215 1211 postilla
3241 1139 3413 1195 inertis
3441 1138 3677 1194 scientia!
3700 1155 3806 1194 stur

2203 1246 2397 1286 arcana
2437 1228 2757 1300 operatione.
2821 1228 3041 1287 Miratus
3079 1228 3303 1301 desuper
3330 1228 3565 1297 veniens,
3583 1227 3709 1285 Lat.
3738 1244 3806 1286 ex

2204 1322 2328 1378 cod.
2384 1320 2545 1378 basil.
2602 1321 2782 1379 Vatic.
2833 1324 3242 1395 superveniens:
3290 1320 3379 1379 sic
3422 1322 3597 1379 etiam
3640 1322 3812 1378 edidit

2203 1415 2591 1485 Constantius,
2636 1416 2730 1488 qui
2772 1416 2995 1489 subjicit
3044 1425 3257 1485 notam,
3306 1414 3371 1473 in
3412 1416 3661 1491 vulgatis
3691 1431 3809 1474 esse

2206 1509 2429 1579 desuper
2460 1510 2686 1566 veniens.

2276 1602 2404 1658 221.
2450 1602 2577 1659 Haec
2605 1601 2825 1675 quidem
2871 1603 3056 1661 omnia
3080 1617 3147 1661 eo
3186 1601 3371 1677 capite
3396 1618 3553 1660 nvu
3577 1601 3705 1659 libri
3737 1619 3758 1659 ι
3781 1618 3810 1660 a

2207 1692 2421 1753 Latinio
2454 1695 2834 1752 animadversa
2871 1704 3019 1764 sum,
3066 1710 3243 1767 neque
3279 1712 3311 1752 a
3349 1696 3523 1754 verbo
3567 1713 3812 1768 superve-

499 1814 597 1859 sex
648 1799 843 1857 saltem
890 1795 1268 1854 correctiones
1321 1803 1416 1849 aut
1454 1791 1634 1845 varias
1661 1788 1925 1845 lectiones
1956 1786 2102 1842 Lati-
2132 1804 2182 1866 Β
2207 1786 2352 1843 niens
2379 1787 2538 1861 longe
2558 1786 2761 1844 distant
2780 1788 2942 1845 verba
2967 1789 3236 1844 humilitas
3257 1790 3513 1845 aduratur
3542 1789 3597 1845 in
3624 1784 3814 1847 editio-

497 1897 620 1952 nlus
643 1898 993 1965 expresserat
1016 1902 1189 1961 usque
1213 1885 1283 1942 ad
1299 1900 1420 1957 cap.
1448 1883 1537 1951 l0,
1572 1897 1679 1955 quo
1700 1881 1936 1954 primum
1959 1879 2102 1936 Con-

499 1987 732 2047 stantius
790 1984 1040 2042 nominat
1088 1981 1340 2040 codicem
1398 1976 1645 2035 basilicte
1700 1973 1978 2032 Vaticana:
2034 1972 2101 2028 ad

497 2082 667 2138 verba
720 2097 784 2136 ea:
831 2093 1113 2150 corporum
1153 2073 1455 2141 voluntate,
1501 2069 1593 2126 ubi
1623 2078 1805 2132 notat,
1858 2064 2105 2122 Basilica:

506 2168 779 2230 Vaticana:
809 2169 1187 2227 vetustissimus
1214 2167 1374 2221 codex
1402 2180 1518 2219 cum
1543 2160 1804 2235 plerisque
1833 2160 1954 2216 aliis
1978 2176 2101 2216 mss.

499 2280 847 2325 vocamus:
892 2279 1017 2336 qua:
1057 2262 1299 2316 varietas
1339 2264 1523 2314 notata
1570 2254 1738 2311 etiam
1776 2251 1875 2309 fuit
1913 2254 1966 2307 in
2006 2267 2104 2308 sna

500 2360 746 2419 editione
773 2374 801 2412 a
834 2356 1071 2413 Latinio.

573 2454 700 2510 2l9.
744 2452 843 2510 Hic
885 2458 1071 2507 tantus
1104 2449 1217 2518 vir,
1266 2454 1487 2518 tamque
1517 2444 1630 2501 acri
1661 2441 1878 2516 ingenio
1908 2438 2108 2510 praedi-

504 2560 611 2616 tus,
638 2548 711 2605 ad
734 2556 898 2619 caput
914 2545 985 2601 ΞΤ
1004 2543 1129 2601 libri
1151 2559 1188 2599 tt
1210 2542 1278 2598 de
1295 2540 1565 2597 Trinitate
1590 2560 1602 2590 ι
1623 2553 1711 2592 um
1744 2534 2104 2606 pervenisset,

501 2652 561 2701 et
586 2657 708 2699 cum
742 2641 796 2697 in
829 2654 927 2695 sua
957 2636 1198 2693 editione
1236 2634 1450 2707 legeret
1474 2630 1648 2687 carnis
1679 2628 1943 2683 humilitas
1974 2626 2103 2679 ado-

500 2747 670 2802 ratur,
694 2747 752 2793 et
780 2733 849 2791 ad
880 2731 1185 2803 marginem
1219 2728 1523 2783 humanitas
1540 2737 1639 2797 pro
1660 2721 1954 2787 humilitas,
1977 2717 2110 2773 nihil

502 2834 749 2897 notavit,
810 2832 1059 2887 retinens
1108 2842 1173 2882 ex
1220 2824 1410 2880 codice
1456 2821 1534 2889 id,
1588 2818 1739 2893 quod
1788 2818 1840 2875 in
1892 2823 2106 2873 textum

502 2933 788 2996 receptum
829 2930 992 2987 erat,
1042 2919 1214 2974 carnis
1258 2916 1533 2971 humilitas
1591 2913 1883 2980 adoretur,
1936 2923 2111 2980 neque

500 3017 675 3075 ullam
705 3033 856 3074 suam
884 3013 1262 3085 conjecturam
1284 3055 1298 3077 ,
1334 3019 1396 3065 ttt
1427 3008 1551 3065 aliis
1589 3005 1642 3063 in
1674 3004 1831 3075 locis,
1868 3004 2113 3074 interpo-

502 3116 638 3169 suit.
678 3112 747 3169 Et
771 3108 1218 3167 animadvertere
1247 3103 1467 3178 quidem
1497 3102 1698 3175 potuit,
1725 3099 1953 3157 verbum
1982 3098 2111 3152 ado-

502 3219 650 3265 ratur
694 3203 994 3281 poSteriori
1040 3217 1204 3257 manu
1250 3201 1321 3255 ita
1371 3197 1539 3254 luisse
1584 3207 1863 3252 curatum
1894 3193 2017 3248 sive
2044 3208 2107 3247 ex

503 3302 810 3375 adoptatur,
867 3298 987 3354 sive
1033 3311 1101 3353 ex
1151 3294 1459 3357 adornatur,
1508 3292 1630 3346 sive
1677 3305 1743 3347 es
1791 3288 2109 3358 adoptatur:

507 3410 633 3450 nam
685 3394 743 3449 in
793 3394 976 3447 littera
1026 3407 1055 3445 ο
1104 3385 1325 3459 aliquod
1359 3385 1523 3442 etiam
1557 3383 1856 3454 vestigium
1888 3391 2115 3453 apparet

510 3484 837 3558 posterioris
889 3499 1084 3539 manus
1145 3492 1202 3538 et
1257 3480 1585 3538 recentioris
1638 3477 1952 3533 atramenti.
2004 3476 2113 3534 Sed

508 3593 857 3650 quocumque
887 3575 1105 3632 tandem
1138 3574 1305 3631 modo
1332 3574 1597 3647 scriptum
1629 3570 1794 3628 fuerit
1829 3568 1963 3625 illud
1995 3586 2114 3625 ver-

510 3672 638 3729 bum
671 3687 701 3727 a
728 3670 900 3742 prima
936 3685 1122 3732 manu,
1154 3683 1400 3724 errorem
1433 3667 1728 3723 arbitratus
1750 3671 1836 3720 est
1861 3678 1987 3720 esse
2013 3664 2114 3719 La—

513 3767 679 3821 tinius
712 3764 852 3820 bene
880 3772 1194 3819 correctum
1218 3776 1247 3816 a
1268 3759 1508 3818 secunda
1532 3773 1696 3813 manu
1725 3772 1818 3829 per
1840 3757 2111 3811 aduratur.

509 3861 807 3918 Correclor
829 3859 979 3916 enim
999 3857 1153 3913 nullo
1176 3856 1339 3912 modo
1372 3856 1543 3912 voluit
1573 3853 1856 3921 simulare,
1886 3852 2114 3909 verbum

508 3955 770 4010 adoralur
819 3950 989 4007 fuisse
1038 3950 1306 4021 scriptum
1350 3963 1380 4003 a
1419 3947 1592 4018 prima
1627 3961 1821 4001 manu:
1855 3960 1982 4000 nam
2015 3944 2118 3999 etsi

510 4047 693 4104 littera
731 4063 759 4101 r
788 4042 1110 4116 interposita
1154 4042 1534 4115 antiquitatem
1570 4056 1683 4113 prae
1714 4055 1772 4095 se
1802 4038 1928 4105 fert,
1964 4046 2023 4093 ut
2052 4052 2118 4093 ex

512 4138 692 4196 forma
738 4135 1041 4208 colligitur,
1092 4143 1274 4190 tamen
1320 4132 1639 4204 longissime
1687 4130 1852 4185 distat
1883 4144 1913 4183 a
1941 4127 2116 4183 forma

515 4231 765 4303 ejusdem
808 4230 1011 4285 litterae
1059 4245 1087 4282 r
1137 4243 1166 4284 a
1213 4229 1389 4298 prima
1437 4241 1601 4281 manu
1641 4223 1695 4279 in
1727 4222 1918 4279 eodem
1948 4220 2119 4276 verbo

515 4326 790 4387 adoretur,
824 4333 879 4379 et
909 4323 963 4378 in
996 4322 1117 4377 aliis
1146 4320 1458 4391 descriptae.

587 4417 714 4476 2‘20.
755 4417 918 4473 Putet
947 4415 1183 4472 fortasse
1222 4414 1422 4485 aliquis
1448 4457 1462 4480 ,
1501 4410 1774 4468 Latinium
1809 4410 1863 4464 in
1895 4407 1997 4463 hoc
2025 4422 2116 4462 ca-

517 4510 630 4583 pite
659 4525 804 4566 xxvn
833 4509 869 4563 l.
907 4525 945 4565 tt
986 4507 1326 4566 recensendo
1378 4505 1740 4569 dormitasse,
1792 4513 1887 4558 aut
1938 4504 2119 4556 minus

515 4605 880 4677 diligentem,
934 4619 1096 4675 quam
1146 4604 1199 4656 in
1256 4601 1414 4665 aliis,
1457 4598 1645 4653 fuisse.
1689 4597 1807 4652 Non
1843 4597 1915 4652 ita
1946 4604 2117 4651 certe.

516 4696 713 4753 Mirare
753 4696 938 4767 potius
982 4701 1326 4749 constantem
1374 4689 1572 4761 ubique
1615 4689 1857 4745 hominis
1885 4689 2119 4761 diligen-

512 4790 667 4845 tiam.
699 4788 915 4845 Miraeus
951 4792 1054 4843 hoc
1079 4787 1130 4840 in
1150 4785 1331 4854 capite
1346 4783 1478 4853 legit
1504 4780 1920 4845 Emmanuelem,
1958 4781 2016 4834 id
2037 4790 2120 4835 est

515 4883 807 4939 Nobiscum
859 4880 1065 4936 Deum:
1100 4893 1222 4934 nam
1262 4878 1315 4931 in
1359 4873 1705 4930 Biblimheca
1734 4887 1887 4929 sacra
1921 4870 2121 4929 Latinii

517 4975 785 5033 mendose
818 4974 1018 5045 legitur
1052 4973 1208 5038 Deus,
1265 4979 1323 5024 ut
1373 4984 1439 5024 ex
1489 4977 1751 5023 contextu
1798 4977 1850 5023 et
1882 4983 1949 5023 ex
2003 4968 2119 5039 ipsa

511 5071 752 5129 editione
802 5068 972 5124 Mirari
1015 5074 1185 5137 patet.
1226 5063 1579 5120 Constantius
1614 5076 1748 5118 vero
1780 5060 2113 5129 Emmanuel,

512 5163 568 5218 id
599 5172 706 5228 est,
753 5159 1037 5213 Nobiscum
1073 5156 1272 5217 Deum.
1308 5152 1459 5225 quod
1484 5154 1646 5210 etiam
1678 5154 1951 5225 expressit
1980 5153 2114 5209 Mal-

514 5254 676 5310 feius.
705 5255 772 5308 At
800 5252 1044 5307 Latinius
1070 5267 1134 5307 ex
1161 5249 1285 5305 cod.
1320 5249 1478 5303 basil.
1517 5249 1689 5306 Vatic.
1717 5259 1869 5306 notat
1896 5247 2112 5305 Emma-

511 5345 722 5409 nucltel,
760 5346 917 5420 121
938 5343 1117 5409 idest,
1153 5340 1441 5397 Nobiscum
1467 5340 1629 5397 Deus.
1663 5342 1881 5400 Miratus
1913 5344 2112 5400 ibidem

514 5440 819 5498 Proclamat
857 5439 1069 5511 spiritus
1099 5454 1189 5512 per
1227 5436 1561 5510 prophetam,
1594 5437 1815 5509 angelus
1845 5438 1986 5493 testis
2012 5448 2109 5495 est.

512 5534 606 5590 Sic
635 5535 801 5589 etiam
836 5530 1192 5587 Constantius
1228 5534 1347 5584 sine
1384 5529 1494 5584 ulla
1526 5530 1892 5599 discrepantia
1920 5530 2111 5586 lectio-

510 5628 618 5684 nis.
659 5627 908 5684 Latinbts
949 5641 1081 5681 vero
1120 5640 1186 5681 ex
1219 5624 1341 5680 cod.
1370 5623 1527 5679 basil.
1560 5622 1765 5691 Varie,
1808 5622 2113 5679 Proclamat

512 5723 746 5792 Spiritus
773 5731 979 5778 sanctus
1016 5735 1107 5791 per
1133 5718 1467 5791 prophetam,
1510 5718 1738 5793 Angelus
1766 5727 1983 5774 testatus
2013 5729 2107 5774 est.

505 5812 722 5873 Mimas
754 5812 980 5884 ibidem,
1024 5810 1233 5868 Novum
1259 5810 1431 5884 uago
1462 5813 1526 5867 de
1566 5809 1695 5869 casto
1732 5809 1900 5868 stellae
1936 5811 2110 5869 lumen

2207 1896 2279 1936 ne
2303 1878 2510 1945 Minui,
2548 1896 2671 1952 quas
2715 1891 2985 1952 tamquam
3026 1882 3202 1939 codici
3254 1890 3635 1939 consentanea
3673 1880 3815 1938 Lati-

2208 1976 2333 2032 nius
2368 1978 2488 2033 sine
2531 1975 2851 2033 diversitate
2880 1976 3130 2034 lectionis
3165 1977 3459 2051 praeteriit.
3496 1976 3623 2034 Nou
3650 1975 3815 2033 'omit-

2207 2067 2428 2124 tendum
2460 2077 2663 2134 tamen.
2696 2068 2753 2123 in
2775 2067 3016 2125 editione
3054 2067 3222 2126 Minui
3256 2070 3418 2140 paulo
3462 2077 3595 2125 ante
3637 2068 3741 2140 legi
3770 2077 3815 2124 et

2205 2161 2375 2232 ipsum
2397 2158 2627 2238 Angelus
2656 2162 2922 2229 nuntians,
2957 2176 3059 2232 pro
3074 2178 3183 2236 quo
3196 2161 3555 2220 Constantius
3584 2163 3753 2219 haliet
3773 2173 3816 2219 et

2206 2257 2422 2328 angelus
2450 2258 2698 2313 nuntians
2726 2271 2855 2313 eum
2884 2268 3042 2314 nota:
3075 2258 3155 2313 sic
3185 2271 3317 2314 mss.
3338 2299 3353 2325 ,
3383 2258 3440 2314 in
3467 2256 3703 2330 vulgatis
3736 2257 3819 2314 hic

2206 2348 2460 2419 adjicitur
2488 2351 2737 2424 idipsum.
2771 2350 3017 2406 Latinius
3049 2365 3181 2407 vero
3216 2364 3331 2407 non
3357 2352 3582 2423 agnovit
3609 2352 3667 2407 in
3696 2350 3814 2407 cod.

2207 2442 2366 2498 basil.
2398 2442 2577 2501 Vatic.
2626 2444 2915 2500 lectionem
2944 2444 3221 2499 diversam
3249 2461 3279 2500 a
3311 2443 3551 2501 lectione
3605 2443 3772 2499 Mirmi
3802 2487 3816 2511 ,

2209 2545 2255 2590 et
2278 2536 2446 2609 ipsum
2466 2535 2698 2610 angelus.
2730 2535 2841 2591 Etsi
2888 2546 3071 2592 autem
3098 2537 3436 2595 Bibliotheca
3460 2536 3671 2594 Latinii
3693 2539 3820 2592 satis

2210 2643 2307 2699 per
2336 2645 2399 2684 se
2432 2627 2591 2684 ﬁdem
2620 2628 2801 2685 ﬁcere
2836 2629 3021 2696 debet,
3056 2646 3182 2686 eum
3212 2631 3280 2687 ad
3311 2632 3541 2688 verbum
3572 2632 3821 2689 adoretur

2212 2722 2417 2778 nullam
2456 2722 2760 2778 variantem
2804 2724 3097 2780 lectionem
3142 2740 3208 2781 ex
3251 2724 3442 2782 codice
3494 2726 3737 2781 basilice
3763 2725 3816 2779 S.

2211 2816 2355 2873 Petri
2406 2818 2747 2890 apposuisse,
2798 2827 2980 2876 tamen
3018 2820 3302 2891 exemplar
3349 2820 3526 2891 ipsum
3568 2819 3824 2877 editionis

2210 2907 2400 2978 llirtei,
2432 2908 2589 2983 cujus
2620 2910 2847 2985 margini
2878 2912 3206 2983 scripturam
3232 2911 3447 2968 codicis
3477 2912 3693 2982 praelati
3734 2912 3825 2969 ad-

2204 3005 2439 3075 jecerat.
2469 3021 2563 3075 per
2592 3004 2825 3061 amicum
2861 3004 3027 3062 [idum
3071 3005 3348 3075 explorari
3390 3010 3583 3065 curavi
3614 3024 3629 3064 :
3662 3022 3691 3063 a
3720 3023 3823 3076 quo

2212 3098 2440 3156 edoctus
2471 3115 2615 3168 sum,
2641 3099 2743 3156 hoc
2778 3099 2833 3156 iu
2879 3100 3002 3156 loco
3035 3100 3170 3155 nihil
3208 3110 3509 3158 annotasse
3554 3101 3822 3158 Latinius-

2214 3195 2288 3250 ad
2315 3196 2539 3252 verbum
2585 3195 2858 3251 adoretur.
2892 3197 3079 3251 Exstat
3122 3195 3176 3251 id
3214 3198 3499 3268 exemplar
3538 3198 3594 3255 in
3633 3198 3824 3254 biblio-

2216 3290 2370 3348 theca
2399 3288 2636 3361 Capituli
2666 3287 3066 3347 Canonicorum
3099 3290 3527 3349 Viterbiensinm
3552 3308 3679 3351 eum
3705 3293 3826 3349 aliis

2213 3381 2389 3448 libris,
2422 3380 2513 3452 qui
2544 3383 2794 3452 ejusdem
2824 3379 3021 3438 Latinii
3058 3382 3299 3453 fuerant,
3322 3393 3380 3442 et
3408 3400 3661 3458 quorum
3683 3402 3823 3443 utar-

2214 3477 2327 3551 gini
2352 3480 2547 3534 multas
2572 3478 2987 3536 observationes
3012 3481 3130 3537 sive
3155 3497 3219 3537 ex
3248 3496 3389 3538 mss.
3415 3482 3670 3540 codicum
3701 3483 3821 3549 ﬁde,

2216 3571 2332 3628 sive
2362 3587 2428 3627 ex
2456 3572 2769 3643 conjectura
2811 3574 3178 3644 ascripserat:
3212 3590 3352 3645 quos
3382 3589 3493 3649 ego.
3516 3576 3715 3643 etiam,
3741 3576 3825 3631 Vi-

2220 3663 2380 3721 terbii
2406 3663 2534 3719 dum
2581 3680 2759 3721 essent
2786 3707 2801 3731 ,
2855 3667 3201 3735 perlustravi.
3242 3666 3377 3734 Qum
3423 3684 3555 3726 cum
3580 3669 3655 3729 ita
3683 3686 3717 3726 a
3746 3686 3826 3727 me

2219 3758 2548 3830 investigata
2594 3774 2659 3813 ac
2716 3757 3021 3830 perscripta
3059 3759 3333 3829 fuissent,
3376 3777 3509 3819 casu
3563 3763 3731 3819 incidi
3777 3765 3825 3818 iu

2218 3851 2515 3910 editionem
2545 3852 2732 3908 Hilarii
2767 3852 3133 3910 Parisiensem
3154 3855 3305 3929 apud
3323 3855 3713 3914 Sebastianum
3741 3857 3828 3912 Nic

2220 3946 2442 4003 vellium
2494 3947 2635 4004 1572
2665 3949 2723 4004 in
2749 3948 3080 4006 bibliotheca
3110 3950 3330 4023 collegii
3364 3952 3533 4027 In
3559 3951 3825 4018 Romani,

2221 4041 2317 4097 sed
2346 4054 2498 4098 extra
2540 4044 2791 4102 ordinem
2814 4051 2875 4100 et
2900 4044 3075 4100 locum
3100 4059 3256 4100 suum
3281 4046 3609 4102 collocatam
3635 4064 3657 4103 :
3674 4061 3827 4118 quam

2222 4145 2251 4183 a
2281 4145 2491 4186 summo
2521 4128 2713 4185 critico
2742 4130 2811 4186 Μ.
2840 4130 3077 4187 Antonio
3108 4131 3319 4189 Mureto
3348 4147 3473 4189 cum
3506 4134 3715 4192 celebri
3743 4148 3829 4190 co-

2224 4218 2344 4274 dice
2415 4218 2661 4276 Basilica:
2732 4221 3010 4278 Vaticana:
3084 4222 3498 4280 accuratissime
3577 4226 3827 4282 collatam

2224 4312 2416 4379 fuisse,
2446 4313 2679 4383 adjectis
2706 4315 2937 4388 margini
2965 4315 3300 4372 variantibus
3328 4314 3701 4386 lectionibus,
3740 4319 3828 4376 de-

2227 4404 2513 4477 prehendi.
2530 4404 2714 4465 Codex
2732 4419 2955 4465 vocatur
2984 4408 3045 4465 S.
3064 4406 3208 4463 Petri
3216 4454 3228 4473 ,
3254 4419 3445 4467 etesse
3463 4412 3613 4467 hunc
3630 4413 3828 4485 ipsum,

2222 4496 2292 4553 de
2319 4513 2427 4569 quo
2454 4507 2536 4554 est
2563 4502 2964 4566 controversia,
2997 4516 3063 4557 ex
3107 4502 3255 4566 loco,
3301 4503 3390 4557 ubi
3438 4504 3631 4576 incipit
3668 4548 3684 4572 ,
3727 4522 3830 4579 quo

2226 4589 2447 4660 desinit,
2481 4604 2533 4648 et
2562 4609 2628 4649 ex
2658 4594 2831 4650 variis
2867 4594 3193 4651 lectionibus
3220 4595 3704 4656 evidentissimum
3730 4612 3828 4658 est.

2234 4683 2345 4739 Etsi
2373 4695 2555 4742 autem
2583 4689 2737 4743 initio
2763 4690 2950 4760 prima:
2986 4688 3190 4761 pagina:
3216 4704 3345 4760 pars
3390 4688 3504 4747 folii
3546 4692 3613 4748 de
3646 4694 3831 4751 indus-

2231 4775 2333 4831 tria
2362 4780 2536 4834 recisa
2560 4788 2667 4845 est,
2690 4781 2743 4836 in
2757 4790 2961 4852 qua,ut
2979 4797 3082 4854 ego
3115 4791 3267 4852 puto,
3303 4780 3569 4855 scriptum
3584 4795 3732 4854 erat,
3755 4786 3834 4843 Ea

2227 4870 2374 4926 libris
2394 4870 2592 4931 Πανειὶ
2617 4891 2635 4928 ;
2676 4871 2814 4928 Bibl.
2845 4872 3043 4931 Secret.
3073 4871 3210 4929 Coll.
3245 4872 3422 4946 Itone,
3453 4885 3513 4931 ut
3541 4877 3594 4932 in
3618 4882 3832 4935 caneris

2227 4965 2381 5022 libris
2420 4965 2634 5032 Mureti,
2678 4967 2772 5039 qui
2814 4967 2870 5022 in
2922 4967 3206 5045 secretiori
3256 4968 3587 5026 bibliotheca
3616 4972 3832 5045 collegii

2228 5058 2459 5117 Romani
2491 5070 2866 5131 asservantur,
2897 5076 3126 5118 cernere
3155 5062 3305 5129 licet,
3331 5072 3513 5121 tamen
3547 5063 3834 5124 character

2224 5152 2553 5209 variandum
2587 5153 2882 5210 lectionum
2930 5153 3152 5210 omnino
3202 5154 3402 5210 Mureti
3442 5165 3559 5225 est,
3602 5168 3665 5213 ut
3706 5175 3834 5215 cont-

2225 5246 2421 5306 fcrenti
2461 5265 2683 5304 manum
2716 5248 2915 5305 Mureti
2956 5251 3006 5302 in
3050 5248 3174 5304 aliis
3213 5248 3366 5304 libris
3397 5250 3563 5307 simili
3610 5254 3778 5310 modo
3804 5268 3830 5308 a

2225 5345 2436 5401 Mureto
2475 5343 2709 5409 collatis,
2745 5342 2971 5412 aliisque
3002 5342 3122 5415 ejus
3153 5342 3509 5415 autographis
3551 5344 3606 5401 in
3640 5346 3829 5402 eadem

2225 5437 2551 5493 bibliotheca
2581 5435 2996 5504 ersistenti‘bos,
3031 5436 3234 5507 liquido
3264 5435 3501 5507 patebit.
3525 5436 3580 5493 ln
3614 5439 3719 5494 hac
3747 5455 3834 5495 er-

2220 5547 2292 5602 go
2329 5530 2571 5586 editione
2597 5544 2856 5587 excusum
2887 5530 3085 5604 legitur
3113 5531 3413 5603 adoptatur,
3446 5544 3615 5603 quem
3647 5531 3715 5587 ad
3746 5532 3827 5587 lo-

2215 5640 2338 5681 cum
2370 5623 2616 5679 Muretns
2648 5635 2820 5691 nutat,
2853 5644 2898 5682 s.
2927 5643 2973 5682 e.
3002 5628 3201 5697 [actum
3229 5634 3302 5682 est
3334 5639 3658 5683 anon'rtm:
3684 5628 3827 5699 quod

2219 5719 2290 5774 ita
2326 5716 2591 5791 intelligo,
2624 5720 2699 5774 sic
2720 5728 2853 5786 erat,
2880 5724 3074 5793 factum
3098 5728 3172 5776 est
3204 5733 3516 5789 LDOBATUB,
3540 5718 3628 5775 vel
3664 5722 3828 5791 scrip-

2218 5819 2340 5868 tura
2366 5827 2515 5869 erasa
2558 5813 2757 5885 [actum
2790 5820 2865 5869 est
2894 5852 2909 5882 ,
2943 5822 3049 5871 etc.
3082 5810 3246 5872 Certe
3272 5810 3516 5869 Muretus
3555 5808 3824 5881 afﬁrmat,
