4060 6320
252 145 287 156 σα

1656 215 2207 281 ριιοιεςοιιειιι.
2249 190 2257 205 ’

3497 228 3604 294 ἓίϐ

285 349 395 419 jam
434 352 569 402 mne
619 342 820 399 factum
880 340 1128 414 conspici
1178 339 1451 396 adoratur.
1497 337 1717 396 Similes
1762 338 1899 394 alias
1926 333 1975 392 Α
2005 334 2192 424 librum
2212 335 2267 390 in
2292 336 2649 395 Constantium
2678 341 3035 415 imperatorem
3057 343 3153 415 fol.
3180 344 3317 403 276:
3354 346 3604 424 Ejusdem

287 438 656 496 correctiones
685 435 906 507 antiqua
950 449 1115 489 manu
1148 431 1323 490 factas
1351 432 1496 488 idem
1525 432 1769 489 Muretus
1800 432 1900 488 ob-

287 537 483 588 servat.
513 527 829 599 Optandum
860 541 992 582 sane
1020 525 1238 591 fuisset,
1270 534 1330 581 ut
1359 526 1543 581 varias
1576 524 1672 579 has
1701 525 1898 581 Mureti

286 625 552 682 lectiones
592 637 720 678 cum
775 622 938 688 notis,
970 636 1105 692 quas
1138 619 1512 686 intermiscet,
1567 633 1681 690 prre
1721 617 1898 673 oculis

290 717 573 773 habuisset
596 715 972 771 Constantius.
1007 713 1141 768 Nam
1164 729 1301 784 quas
1331 712 1505 768 Roma
1533 728 1563 767 a
1591 702 1755 767 sociis
1784 706 1897 767 suis

288 812 478 868 missas
514 808 757 879 accepit,
802 807 1004 879 oppido
1047 822 1187 863 rarae
1237 815 1388 873 sunt,
1434 821 1614 878 neque
1659 806 1790 862 satis
1830 804 1897 861 ad

287 906 560 975 exemplar
589 903 978 959 conformatus:
1004 911 1060 957 ut
1081 917 1207 958 cum
1229 901 1266 955 1.
1288 916 1366 969 ιι,
1395 916 1447 956 c.
1472 899 1563 965 65,
1597 906 1751 954 notat
1781 916 1793 955 :
1829 888 1896 953 In

285 998 403 1053 satis
431 995 625 1064 Mart,
662 1006 711 1051 et
736 994 858 1050 Bas.
884 994 1005 1050 Vat.
1040 1008 1562 1061 consunusnun'rua,
1606 1007 1728 1048 cum
1778 984 1895 1046 Mu-

288 1106 429 1148 retus
454 1084 525 1146 ad
555 1090 723 1146 verba
754 1104 877 1159 cap.
907 1104 997 1143 ιιι
1027 1087 1273 1155 ejusdem
1304 1078 1453 1153 libri,
1496 1078 1685 1158 futura:
1708 1076 1894 1139 volun-

287 1185 404 1240 tatis
430 1184 733 1257 agitandos,
763 1193 954 1239 contra
988 1183 1412 1248 animadvertat,
1448 1184 1500 1236 in
1539 1173 1717 1238 veteri
1746 1172 1898 1237 codi-

286 1295 343 1336 ce
363 1278 421 1336 S.
452 1278 603 1334 Petri
628 1277 826 1335 deesse
853 1278 1272 1349 quaternionem
1301 1290 1473 1348 usque
1497 1276 1565 1331 ad
1589 1266 1757 1332 verba
1782 1290 1899 1330 mea

284 1386 397 1432 sunt
433 1390 554 1446 cap.
594 1375 690 1432 75.
726 1366 998 1432 Praeterea
1030 1361 1300 1441 Muretus,
1333 1388 1456 1428 cum
1501 1372 1772 1443 scriptura
1802 1387 1896 1426 co-

284 1467 414 1525 dicis
443 1468 602 1523 initio
633 1468 912 1523 recentior
940 1468 1034 1535 sit,
1066 1481 1233 1537 prope
1263 1464 1424 1521 ﬁnem
1452 1464 1573 1522 libri
1616 1481 1633 1519 ι
1666 1465 1735 1520 de
1775 1450 1895 1519 Tri-

283 1561 465 1629 nitate,
499 1561 577 1617 ad-
591 1560 764 1618 verba
794 1560 1100 1615 Nativitatis
1131 1559 1447 1631 signiﬁcatio
1473 1567 1579 1625 est,
1598 1565 1733 1624 etc.,
1757 1556 1896 1612 hanc

281 1656 458 1710 notam
483 1653 767 1726 appiugit:
795 1652 900 1707 Hic
922 1653 1103 1724 incipit
1129 1654 1345 1724 antiqua
1369 1651 1650 1723 scriptura.
1673 1638 1732 1705 Ῑιι
1750 1641 1894 1706 libro

2002 425 2073 480 ad
2093 420 2455 485 Constantium
2483 431 2840 507 imperatorem
2862 437 3020 494 libros
3043 439 3173 494 duos
3200 441 3296 513 fol.
3330 420 3435 499 ἓέὸ
3460 462 3478 511 ;
3506 445 3608 499 Ad-

2000 534 2174 575 uersus
2199 521 2511 578 Auxentium
2541 518 2981 585 Mediolanensem
3006 530 3317 606 librum-fol.
3342 534 3489 603 294;
3517 536 3609 593 Li-

2002 614 2145 669 brum
2177 616 2243 670 de
2274 607 2501 689 Synod’is
2526 630 2705 676 contra
2744 610 2965 680 Arianos
2989 624 3084 699 fol.
3119 628 3244 684 500.
3279 627 3346 685 In
3381 629 3480 686 hoe
3517 648 3608 687 uo-

2001 708 2197 766 lumine
2221 709 2478 768 habentur
2507 726 2639 770 xvm
2676 712 2807 787 [alia
2846 719 3047 776 diverso
3074 722 3370 781 charactere
3400 743 3503 781 non
3531 728 3609 782 ita

2000 803 2215 887 antiquo
2244 806 2459 876 scripta,
2492 816 2535 861 et
2558 816 2673 881 post
2714 804 2897 881 folium
2942 804 3047 869 192
3098 816 3282 871 desunt
3311 817 3443 887 folia
3468 829 3605 875 octo.

2002 881 2069 950 In
2099 888 2202 967 ﬁne
2231 898 2349 953 libri
2384 900 2570 955 desunt
2613 901 2741 971 [alia
2768 892 2859 973 94,
2902 894 2957 959 in
2994 908 3177 979 quibus
3216 881 3331 965 erat
3370 912 3495 967 liber
3543 914 3609 968 de

2004 980 2252 1072 Synodis.
2321 991 2472 1048 Folio
2504 984 2572 1052 35
2593 984 2789 1051 inserta
2833 985 2993 1072 ηε
3020 1002 3272 1060 sunttunc
3297 994 3525 1061 carmina
3552 1008 3607 1061 in

2002 1070 2212 1171 laudem
2257 1076 2363 1140 SS’.
2401 1076 2585 1142 Mauri.
2604 1098 2653 1171 et
2673 1070 2980 1146 Benedicti;
3011 1082 3113 1160 Qui
3144 1084 3369 1152 benedici
3396 1100 3604 1171 cupitis,

2002 1167 2104 1231 Iruc
2141 1170 2319 1250 festiue
2340 1174 2551 1247 currite,
2582 1168 2853 1240 Benedicti
2878 1188 3040 1257 patris
3071 1203 3217 1257 apem
3241 1167 3474 1261 quan-ite,
3501 1201 3609 1252 etc.

2004 1262 2339 1329 Describitur
2362 1275 2576 1346 integer
2604 1266 3047 1351 bymnus,cujus
3078 1282 3204 1337 linis
3232 1292 3316 1339 est
3340 1302 3352 1337 :
3387 1284 3502 1352 Quo
3529 1302 3617 1339 se-

2000 1353 2098 1450 qui
2121 1382 2216 1421 nos
2242 1364 2399 1423 donet
2419 1358 2678 1425 Christus.
2711 1357 2855 1426 Casu
2876 1362 3045 1429 incidi
3064 1375 3115 1430 in
3144 1384 3423 1433 auctorem
3446 1377 3608 1450 hujus

2001 1444 2209 1531 bymni.
2243 1452 2487 1520 Ioannes
2509 1453 2774 1521 Mezl'erus
2804 1465 2872 1523 de
2898 1456 3013 1523 Vir.
3046 1458 3247 1524 illustr.
3285 1444 3604 1527 monasterii

2000 1546 2060 1609 S.
2088 1545 2225 1610 Galli
2258 1544 2624 1613 Eckerardum
2653 1552 2927 1616 seniorem
2952 1600 2966 1625 ,
3023 1548 3121 1631 qui
3146 1561 3281 1618 obiit
3302 1577 3447 1617 anno
3475 1561 3606 1629 966,

1999 1661 2121 1701 cum
2144 1642 2346 1718 laudat,
2376 1650 2457 1707 sic
2482 1640 2650 1708 refert
2675 1669 2688 1705 :
2721 1640 2945 1726 Scripsit
2972 1655 3303 1724 sequentias:
3334 1640 3438 1720 Qui
3459 1654 3609 1709 bene-

286 1761 461 1807 autem
490 1749 569 1805 de
584 1748 828 1821 Synodis
860 1749 1126 1805 adversus
1164 1747 1422 1816 Arianos,
1448 1747 1516 1804 ad
1547 1746 1709 1802 verba
1735 1790 1750 1815 ,
1783 1761 1893 1801 cer-
1921 1730 1974 1795 Β
1999 1732 2104 1794 dici
2133 1743 2349 1813 cupitis,
2374 1752 2483 1800 etc.

283 1853 479 1915 tumque
506 1842 607 1912 ﬁlii
631 1859 747 1897 vere
772 1842 895 1914 ﬁlii,
927 1851 1061 1907 διο..
1089 1842 1169 1899 sic
1191 1851 1383 1897 uetat:
1416 1839 1464 1894 Η
1474 1855 1701 1911 ucusque
1730 1838 1892 1893 cortex

286 1936 338 1993 S.
370 1935 441 1991 Ρ.
462 1935 596 1992 Haec
628 1934 891 2008 (reliqua)
917 1946 1035 1991 sunt
1060 1936 1377 2007 conferenda
1403 1951 1521 1990 cum
1549 1934 1722 1989 Vatia.
1748 1932 1895 1987 codi-

285 2031 439 2099 cibus,
466 2039 526 2085 ut
555 2044 750 2085 revera
778 2029 1030 2096 contulit,
1060 2044 1124 2084 ac
1149 2028 1569 2099 discrepantiam
1593 2018 1891 2083 lectionum

284 2124 436 2181 simili
463 2118 632 2179 modo
661 2139 731 2179 ex.
756 2122 877 2178 Vat.
912 2121 1037 2179 cod.
1066 2122 1300 2193 margini
1329 2120 1548 2192 adjecit.

345 2210 474 2271 222.
520 2217 641 2272 Alia
663 2215 1112 2286 deindequmtio
1125 2215 1450 2271 subortaest
1473 2213 1543 2268 de
1567 2212 1891 2284 antiquitate

280 2311 505 2377 codicis,
532 2312 627 2382 qui
651 2311 704 2365 in
734 2309 977 2365 archivio
1000 2308 1243 2377 basilicae
1257 2300 1531 2364 Vaticana:
1551 2317 1887 2364 asservatur.

279 2404 352 2460 Ac
374 2406 619 2475 primum
651 2404 903 2468 adverto,
930 2412 1179 2458 nonante
1200 2404 1460 2459 smculum
1495 2417 1560 2455 xv
1575 2392 1645 2455 ad
1673 2400 1889 2456 tabula-

278 2490 467 2553 larium
497 2497 740 2556 basilicae
769 2485 827 2552 ς.
861 2484 1003 2551 Petri
1222 2494 1469 2551 codicem
1499 2484 1559 2550 S.
1590 2488 1779 2548 Hilarii
1810 2486 1890 2547 vi-

277 2581 393 2647 deri
422 2584 663 2647 delatum
698 2608 712 2643 :
745 2579 1023 2660 siquidem“
1067 2580 1386 2643 Ambrosius
1421 2578 1849 2643 Camaldulensis
1872 2629 1887 2653 ,

277 2684 363 2754 qui
408 2674 830 2756 diligentissime
870 2674 1047 2736 ubivis
1072 2682 1291 2737 codices
1320 2692 1557 2752 veteres,
1585 2674 1889 2752 prazsertim

277 2786 597 2834 sanctorum
634 2770 879 2843 Patrum,
916 2770 1302 2848 investigabat,
1337 2766 1525 2831 Romae
1548 2773 1780 2847 primum
1813 2766 1894 2828 bi-

278 2863 610 2928 bliotbe‘cam
641 2860 944 2935 P'untilicis,
992 2862 1191 2924 deinde
1223 2867 1605 2924 bibliothecam
1635 2865 1694 2924 S.
1744 2865 1889 2921 Petri

279 2958 655 3037 perlustravit,
685 2974 743 3021 et
773 2956 841 3019 de
862 2956 968 3020 bac
1006 2964 1085 3019 sic
1112 2962 1281 3020 refert
1309 2966 1363 3019 in
1412 2954 1746 3018 Marteniana
1777 2952 1886 3015 col-

278 3052 514 3117 lectione
543 3054 745 3131 Script.
780 3067 913 3115 tom.
944 3075 1005 3126 ιι,
1038 3051 1146 3114 col.
1177 3048 1309 3126 545,
1352 3058 1512 3130 epist.
1549 3057 1613 3114 16
1648 3076 1661 3113 :
1689 3050 1889 3111 Biblio-

2066 1824 2194 1890 924.
2238 1824 2582 1894 Mabillonius
2609 1838 2679 1896 de
2708 1828 2788 1896 Re
2815 1840 3045 1910 diplom.
3089 1840 3299 1912 profert
3336 1842 3499 1897 etiam
3530 1841 3613 1895 in-

1995 1931 2353 2003 scriptionem
2387 1935 2539 1997 anni,
2573 1950 2682 2006 quo
2712 1923 2948 1991 collatus
2977 1938 3259 1993 estcodex
3289 1935 3514 2002 Hilarii,
3545 1935 3610 1990 ab

1993 2016 2191 2078 incerto
2218 2014 2447 2096 quodam
2477 2016 2619 2082 libris
2656 2014 2856 2083 Hilarii
2892 2017 2956 2083 de
2992 2016 3253 2083 Trinitate
3295 2028 3518 2101 (melius
3547 2028 3612 2083 li-

1995 2110 2087 2170 bro
2118 2117 2170 2170 in
2200 2104 2564 2173 Constantium
2607 2119 2867 2192 dixisset)
2929 2120 3285 2195 subjunctam.
3358 2122 3613 2177 Advertit

1996 2223 2142 2277 eum,
2169 2208 2258 2280 qui
2285 2212 2595 2282 catalogum
2625 2204 2875 2270 ecclesiae
2897 2204 3176 2270 vaticana:
3206 2214 3502 2284 ordinavit,
3535 2216 3614 2270 le-

1993 2295 2141 2372 gisse
2173 2296 2410 2371 Contuli,
2440 2310 2547 2361 etc‘.
2581 2294 2845 2375 Puttalis,
2874 2316 2929 2363 et
2954 2296 3288 2378 explicuisse
3313 2296 3382 2363 de
3412 2307 3613 2378 oppido

1996 2388 2304 2452 P‘utrazzio.
2332 2386 2455 2468 ipse
2481 2414 2632 2467 vero,
2666 2390 2919 2472 quamvis
2950 2402 3194 2458 codicem
3224 2418 3335 2457 non
3364 2402 3564 2458 viderit
3593 2444 3610 2466 ,

1994 2504 2062 2546 ex
2092 2487 2269 2546 l‘orma
2294 2484 2676 2549 cb’aracterum
2708 2495 2775 2551 ad
2819 2510 2883 2551 se
2925 2497 3244 2552 transmissa
3272 2497 3561 2553 contendit
3592 2539 3607 2564 ,

1994 2572 2287 2652 tegendum
2317 2583 2457 2658 apud
2480 2574 2698 2642 Kasulis
2726 2602 2824 2657 pro
2856 2574 3114 2656 Puteolis,
3138 2599 3195 2644 et
3230 2588 3487 2660 intelligit
3511 2576 3615 2644 Ca-

1997 2676 2170 2732 sulam
2195 2668 2383 2734 urbem
2410 2670 2703 2748 provincia:
2726 2670 3032 2736 Bizacenaa.
3244 2756 3249 2759 Α
3480 2756 3485 2759 _

2066 2759 2195 2823 €25.
2226 2766 2362 2826 Cum
2385 2784 2565 2828 autem
2598 2787 2791 2830 omnes
2820 2756 3412 2831 consentiautin‘anno
3443 2756 3610 2848 quar-

1999 2850 2271 2918 todecimo
2312 2864 2476 2934 regis,
2525 2880 2689 2937 quem
2739 2866 2986 2938 plerique
3033 2856 3480 2936 Trasamundum,
3519 2866 3614 2926 alii

1995 2942 2472 3024 Transamundum,
2499 2958 2551 3013 in'
2574 2956 2771 3015 codice
2796 2962 2976 3017 vocari
2999 2952 3299 3033 afﬁrmant,
3318 2979 3427 3033 quo
3444 2964 3615 3019 colla-

1996 3055 2082 3104 tus
2105 3050 2191 3106 est
2215 3048 2410 3119 codex,
2442 3041 2648 3108 nul'lum
2683 3042 2901 3110 videtur
2929 3070 3222 3127 superesse
3272 3047 3496 3114 dubium
3540 3058 3611 3115 de

280 3153 479 3210 thecam
507 3148 569 3210 S'.
603 3130 757 3208 Petri
770 3146 945 3208 uidere
974 3144 1135 3223 uolui,
1161 3169 1377 3223 sperans
1420 3151 1619 3225 aliquid
1655 3151 1894 3206 inventu-
1920 3130 1969 3198 C
1999 3142 2117 3214 ejus
2146 3142 2308 3200 aetate
2335 3145 2485 3202 circa
2524 3162 2726 3203 annum
2755 3140 2869 3206 500‘
2900 3140 3300 3221 (onstitttend‘a.
3344 3140 3453 3209 Sed
3484 3168 3613 3223 pos-

281 3258 396 3304 rum
447 3249 589 3304 novi.
628 3246 913 3303 Audierant
948 3248 1084 3302 enim
1131 3249 1400 3321 complura
1438 3264 1550 3302 esse
1582 3247 1892 3303 volumina:

279 3341 367 3395 sed
396 3338 532 3394 nihil
553 3340 765 3393 omnino
792 3340 1038 3393 memoria
1058 3341 1271 3414 dignum
1294 3334 1486 3394 inveni.
1522 3327 1621 3394 Via:
1642 3354 1815 3410 pauca
1833 3355 1895 3394 cr

280 3432 430 3488 rebus
460 3424 743 3488 notissimis
771 3426 988 3503 o/fendi,
1022 3428 1166 3498 uilia,
1194 3442 1304 3491 etc.
1352 3432 1699 3489 Mabillonius
1720 3424 1787 3489 de
1816 3432 1895 3489 Re

281 3520 538 3598 diplom.,
568 3536 620 3598 [ι.
642 3518 770 3592 556,
801 3526 855 3582 in
885 3526 1119 3583 secunda
1149 3535 1306 3583 :etate
1329 3531 1620 3598 scripturae
1654 3542 1895 3582 romana:

282 3621 380 3687 ait,
413 3614 695 3676 laudatum
719 3616 964 3676 codicem
993 3614 1257 3692 scriptum
1288 3636 1412 3677 esse
1438 3620 1529 3676 sub
1551 3612 1705 3690 ﬁnem
1727 3621 1896 3691 quarti

284 3710 481 3785 siccu'l'i,
519 3727 611 3770 aut
654 3708 862 3771 ineunte
900 3715 1127 3787 quinlo‘:
1157 3714 1253 3771 sed
1283 3712 1457 3769 voluit
1488 3704 1672 3769 dicere
1693 3755 1708 3778 ,
1741 3718 1802 3769 ut
1829 3730 1893 3770 es

290 3820 540 3867 contextu
576 3811 702 3883 ipso
723 3802 1023 3882 colligitur,
1052 3813 1144 3865 sub
1184 3804 1337 3880 ﬁnem
1382 3800 1553 3878 quinti
1572 3802 1768 3874 sa’culi,
1809 3818 1898 3862 aut

289 3896 491 3959 ineunte
513 3904 660 3958 sexto
685 3919 703 3957 :
725 3913 891 3974 atque
921 3903 991 3957 ita
1021 3903 1264 3958 correxit
1309 3902 1360 3955 in
1406 3889 1684 3973 Supplem.
1719 3900 1784 3956 de
1820 3898 1898 3958 ne

291 3990 537 4069 diplom.,
564 4013 621 4069 p.
648 3990 739 4062 7'8,
773 3988 864 4053 79.
894 3994 951 4052 in
982 3988 1089 4052 line
1120 3985 1253 4051 libri
1287 3996 1341 4050 in
1364 3994 1738 4050 Constantium
1767 3994 1897 4065 legis

292 4098 376 4147 tur
404 4082 689 4162 inscriptio
717 4080 1001 4160 cujusdam
1034 4084 1294 4156 studiosi,
1342 4090 1433 4161 qui
1473 4087 1716 4145 codicem
1764 4105 1897 4144 con-

295 4182 410 4239 tulit
435 4200 579 4240 anno
604 4176 675 4240 Η
699 4176 1063 4239 Trasamundi
1087 4176 1256 4257 regis,
1280 4185 1370 4255 qui
1394 4200 1589 4245 annus.
1620 4186 1681 4239 ut
1709 4176 1902 4241 obser-

292 4288 381 4334 vat
408 4269 764 4336 Mabilionius
790 4292 860 4334 ex
884 4268 1195 4343 Holst’eni’o,
1224 4268 1486 4333 convenit
1514 4291 1658 4333 anno
1681 4266 1806 4333 5m.

358 4365 485 4431 2‘21
521 4365 576 4428 l'n
609 4362 801 4429 codice
824 4363 1201 4427 Alexandrino
1227 4361 1500 4427 Vaticana:
1531 4362 1897 4440 bibliomeeaz,

293 4479 520 4522 numero
547 4456 709 4533 i593,
741 4462 982 4518 chartae.
1015 4456 1067 4518 in
1100 4456 1186 4533 8'0,
1217 4454 1387 4519 initio‘
1417 4470 1599 4520 exstat
1623 4463 1899 4533 catalogus

1998 3246 2259 3296 sumusn’e
2289 3240 2421 3296 certi
2449 3246 2574 3297 esse
2603 3238 2671 3298 de
2718 3244 2949 3299 veritate
3000 3232 3161 3317 liuius
3194 3236 3614 3318 inscriptionis?

2000 3328 2158 3405 Saepe
2185 3324 2501 3406 lmjus‘modi
2530 3328 2963 3408 subscriptiones
3002 3340 3099 3395 aut
3124 3328 3193 3396 ab
3219 3341 3422 3413 ignaris
3450 3332 3615 3397 libra-

1998 3428 2095 3485 riis
2122 3430 2336 3487 additas
2367 3430 2559 3500 luisse,
2594 3442 2689 3489 aut
2720 3433 2849 3489 dolo
2888 3435 3032 3490 malo
3076 3436 3343 3504 invectas,
3392 3448 3450 3491 ut
3491 3450 3614 3506 pre-

2001 3520 2133 3578 tium
2158 3514 2439 3579 codicibus
2466 3536 2830 3596 quaereretur,
2854 3512 2977 3582 dixi
3009 3543 3173 3599 supra
3208 3544 3358 3584 num.
3392 3518 3520 3597 159,
3558 3540 3614 3584 et

2000 3622 2153 3673 num’.
2189 3608 2683 3688 i60‘comptobavi
2717 3609 3068 3691 apertissimo
3100 3621 3354 3694 exemplo
3386 3622 3614 3677 alterius

2000 3704 2205 3769 codicis
2256 3707 2504 3783 ejusdem
2552 3702 2792 3771 basilicae
2824 3702 3141 3785 Vaticanus,
3192 3708 3287 3788 qui
3331 3725 3614 3773 correctus

2000 3803 2198 3860 dicitur
2226 3796 2381 3862 initio
2407 3796 2601 3862 saeculi
2626 3823 2678 3863 v.
2713 3798 3059 3865 Habill'onius
3083 3798 3201 3878 ipse
3231 3797 3393 3879 bujus
3420 3811 3496 3864 rei
3521 3814 3616 3865 ett-

2001 3890 2438 3967 perientissi‘mns
2491 3914 2560 3955 ex
2621 3890 2793 3955 simili
2838 3892 3187 3973 supposititia
3249 3902 3617 3972 inscriptione

2001 3982 2265 4063 deceptus
2317 3990 2611 4061 aliquando
2678 3992 2824 4062 fuit,
2886 4003 2943 4051 et
2986 3986 3412 4050 instrumentum
3465 4009 3612 4068 anno

2003 4074 2109 4139 365
2158 4092 2443 4140 exaratum
2479 4088 2532 4141 in
2583 4076 2821 4142 tabulam
2857 4078 3047 4156 primae
3093 4087 3271 4141 aetatis
3325 4093 3615 4158 scripturae

2000 4193 2243 4234 romanae
2280 4177 2505 4247 retulit,
2553 4189 2756 4250 putans
2792 4192 2917 4234 esse
2958 4189 3350 4234 testamentum
3389 4170 3452 4233 C.
3483 4177 3615 4233 Julii

2002 4262 2270 4337 Ctesaris;
2333 4286 2494 4342 quam
2546 4262 2793 4328 fraudem
2824 4273 3060 4343 ipsemet
3105 4287 3238 4327 casu
3284 4280 3476 4343 postea
3519 4271 3619 4327 de-

2005 4363 2055 4420 l‘e
2063 4383 2090 4420 ιι
2101 4358 2164 4420 it.

2076 4454 2203 4517 226'.
2233 4450 2395 4516 Haud
2416 4450 2609 4533 ignoro
2634 4454 2914 4533 equidem,
2948 4448 3206 4515 standum
3245 4474 3369 4515 esse
3407 4473 3503 4531 pro
3524 4473 3619 4516 ve-

292 4548 639 4615 bibl'iodtecm
666 4552 911 4612 basilica?
932 4544 1242 4623 -Vat‘ic‘ante,
1267 4556 1633 4626 conscriptus,
1668 4560 1731 4612 ut’
1748 4550 1899 4612 vide-
1924 4528 2167 4612 l)ritate
2197 4548 2616 4628 subscriptionis
2642 4598 2657 4624 ,
2697 4558 2802 4615 nisi
2852 4550 3036 4612 adsint
3074 4544 3426 4611 fundamenta
3461 4552 3621 4610 dubi-

294 4652 398 4720 tu'r‘,
431 4644 637 4708 sarculo
672 4658 786 4705 xvtt
820 4643 1065 4706 ineante.
1095 4648 1191 4707 Sie
1213 4651 1265 4704 in
1298 4649 1399 4705 hoc
1418 4650 1665 4719 catalogo
1687 4649 1898 4706 deseri-

293 4734 440 4801 bitur
461 4736 637 4800 codex
668 4733 728 4799 S.
756 4734 943 4798 Hilarii
969 4784 983 4810 ,
1008 4745 1107 4814 qui
1128 4745 1180 4799 in
1208 4734 1453 4799 arelii'vio
1476 4736 1716 4800 basilicae
1748 4735 1901 4801 Vati-

295 4842 447 4894 came
469 4832 797 4905 custoditur,
832 4850 953 4908 pag.
982 4828 1019 4890 4
1048 4846 1204 4893 versa
1238 4854 1251 4890 :
1283 4826 1345 4894 S.
1380 4830 1585 4891 Hilarii
1606 4830 1735 4893 liber
1764 4840 1902 4895 anti-

297 4924 542 5002 quissimo
570 4920 866 4985 cft‘aracrere
894 4935 1011 4984 ante
1050 4930 1193 4985 mille
1219 4938 1268 4985 et
1299 4938 1505 4986 centum
1546 4948 1711 4991 annos
1739 4934 1902 5003 scrip-

298 5024 377 5079 tus
404 5040 423 5079 :
452 5020 582 5098 folio
609 5010 745 5079 enim
770 5022 879 5079 288
898 5032 1201 5079 annotatum
1226 5031 1309 5080 est
1331 5041 1349 5078 :
1376 5016 1584 5081 Contuli
1612 5028 1666 5082 in
1695 5029 1904 5082 nomine

296 5106 508 5173 Homini
530 5117 699 5175 nostri
725 5106 854 5173 Iesu
883 5108 1081 5173 CIiristi
1110 5109 1411 5175 Patrasulis
1430 5114 1737 5177 constitutus
1764 5138 1905 5177 anno

295 5218 489 5283 quarto
514 5208 716 5267 decutio
744 5200 1132 5267 Transamundi
1170 5212 1325 5287 regis.
1356 5204 1445 5270 Ad
1486 5208 1784 5285 marginem
1814 5230 1901 5271 ca-

296 5298 463 5376 talogi
500 5295 677 5376 huius
717 5294 927 5374 legtmr
967 5311 1101 5360 non:
1140 5305 1330 5361 eodem
1376 5302 1715 5376 charactere,
1756 5302 1909 5364 Circa

298 5404 493 5453 annum
522 5386 743 5453 Domini
764 5390 892 5465 ἕσιν,
922 5404 977 5454 et
1001 5392 1073 5454 ad
1099 5406 1285 5455 Vocem
1316 5390 1622 5455 Pittrasulis
1645 5398 1751 5456 alia
1780 5411 1908 5458 nota

299 5483 509 5548 eodem
540 5482 884 5558 cbaraetere,
914 5482 1082 5546 Locus
1112 5492 1164 5546 in
1194 5485 1379 5562 Africa
1404 5488 1460 5548 in
1490 5494 1758 5565 provincia
1790 5488 1911 5549 Nu-

304 5579 493 5643 mare
506 5582 651 5642 inter
677 5576 958 5653 Tuncrum,
990 5588 1047 5640 et
1065 5596 1237 5640 arcem
1266 5580 1469 5642 Guteta?
1490 5629 1506 5655 ,
1560 5587 1714 5643 hodie
1761 5588 1912 5660 vulgo

302 5686 611 5737 meum
634 5670 821 5734 nam
870 5672 1061 5749 Pergit
1089 5669 1284 5735 deinde
1322 5672 1621 5749 descriptio
1658 5679 1862 5735 codicis
1897 5698 1911 5736 :

306 5768 559 5830 CW
576 5774 759 5829 autem
784 5766 947 5827 libros
966 5779 1045 5827 ιιι
1066 5764 1133 5826 de
1160 5766 1423 5828 Trtm'tate
1446 5782 1625 5829 cutura
1655 5772 1911 5841 rit-ianos;

2004 4651 2175 4708 tandi.
2208 4648 2277 4707 Ᾱι
2323 4651 2380 4708 in
2426 4668 2485 4709 re
2534 4660 2724 4708 nostra
2770 4644 3061 4710 dubitandi
3104 4650 3305 4707 adsunt
3336 4665 3438 4707 nec
3481 4650 3623 4705 levia

2006 4744 2222 4817 quidem
2253 4742 2630 4802 fundamenta.
2663 4734 2959 4804 Character
2987 4743 3196 4803 codicis
3228 4742 3284 4800 in
3319 4736 3618 4815 Specimine

2006 4838 2282 4895 exhibitus
2320 4855 2348 4892 a
2392 4830 2711 4895 Mabillonio
2750 4832 2959 4896 nullum
3006 4854 3118 4911 prae
3148 4853 3208 4896 se
3256 4828 3361 4894 fert
3401 4843 3611 4893 certum

2008 4934 2268 4990 indicium
2287 4943 2449 4990 tantae
2477 4936 2790 5004 vetustatis,
2814 4943 2874 4991 ut
2896 4928 2973 4991 ad
2991 4927 3254 4991 saeculum
3282 4944 3335 4987 vr
3367 4930 3617 4987 revocari

2010 5029 2187 5101 possit
2216 5048 2230 5085 :
2261 5037 2422 5099 atque
2464 5029 2535 5084 ita
2566 5018 2853 5086 existimat
2874 5045 2981 5085 non
3025 5022 3202 5085 solum
3244 5018 3573 5082 Germonius
3602 5067 3616 5089 .

2009 5123 2107 5179 sed
2128 5124 2292 5178 etiam
2321 5114 2567 5177 Mall'eius‘
2588 5123 2642 5177 in
2676 5120 2889 5192 prrelat.
2922 5112 2999 5178 ad
3015 5112 3312 5178 editionem
3356 5116 3416 5175 S.
3469 5116 3618 5172 Hila-

2010 5216 2099 5273 rii.
2130 5208 2316 5286 Neque
2337 5213 2500 5271 aliter
2532 5215 2857 5273 miltivisum
2891 5203 3616 5287 estfﬁscodicem'ipsum

2012 5304 2345 5381 inspicienti.
2379 5306 2693 5380 Specimen,
2726 5309 2871 5382 quod
2892 5300 3121 5379 przebuit
3144 5295 3510 5373 Mabillonius,
3538 5314 3624 5360 at-

2013 5418 2118 5475 que
2162 5418 2227 5458 ex
2259 5401 2577 5459 Mabillonio
2605 5401 2716 5459 duo
2756 5400 2983 5457 Maurini
3026 5405 3279 5454 auctores
3327 5384 3618 5453 Tractatus

2015 5486 2371 5566 Diplomatici
2409 5492 2605 5566 gallice
2662 5496 2794 5550 tom.
2828 5484 2937 5559 ill,
2984 5490 3245 5560 majorem
3292 5488 3616 5545 vetustatem

2018 5606 2132 5663 prae
2156 5604 2217 5647 se
2239 5588 2386 5646 ferre
2407 5588 2645 5656 videtur,
2678 5596 2848 5660 quam
2868 5584 3153 5655 exemplar
3175 5583 3347 5652 ipsum
3382 5572 3624 5637 basilicas

2022 5674 2319 5738 V‘aticanaa.
2382 5676 2535 5738 Hunc
2572 5682 2718 5737 enim
2759 5672 3016 5736 codicem‘
3046 5666 3360 5743 intelligunt
3399 5673 3507 5729 duo
3548 5672 3623 5729 illi

2017 5768 2268 5843 Haurini,
2302 5780 2424 5831 c’um
2470 5781 2590 5846 pag.
2616 5764 2727 5830 263
2757 5762 2983 5827 codicem
3026 5784 3122 5822 ms.
3174 5754 3488 5831 Vaticanum
3532 5782 3627 5839 ap-
