  <div class='ocr_page' id='page_1' title='image "/cluster/home/n/w/nwhite01/storage/ocr_20150623/19/hvd.32044015471345/267.png"; bbox 0 0 4060 6320; ppageno 0'>
   <div class='ocr_carea' id='block_1_1' title="bbox 481 261 585 320">
    <p class='ocr_par' dir='ltr' id='par_1_1' title="bbox 481 261 585 320">
     <span class='ocr_line' id='line_1_1' title="bbox 481 261 585 320; baseline -0.019 0"><span class='ocrx_word' id='word_1_1' title='bbox 481 261 585 320; x_wconf 70' lang='grc'>627</span> 
     </span>
    </p>
   </div>
   <div class='ocr_carea' id='block_1_2' title="bbox 1778 253 2464 316">
    <p class='ocr_par' dir='ltr' id='par_1_2' title="bbox 1778 253 2464 316">
     <span class='ocr_line' id='line_1_2' title="bbox 1778 253 2464 316; baseline -0.007 -4"><span class='ocrx_word' id='word_1_2' title='bbox 1778 255 2061 315; x_wconf 72' lang='lat' dir='ltr'><strong>C(ELIUS</strong></span> <span class='ocrx_word' id='word_1_3' title='bbox 2103 253 2464 316; x_wconf 78' lang='lat' dir='ltr'><strong>SEDULIUS.</strong></span> 
     </span>
    </p>
   </div>
   <div class='ocr_carea' id='block_1_3' title="bbox 3683 245 3785 304">
    <p class='ocr_par' dir='ltr' id='par_1_3' title="bbox 3683 245 3785 304">
     <span class='ocr_line' id='line_1_3' title="bbox 3683 245 3785 304; baseline 0.02 -3"><span class='ocrx_word' id='word_1_4' title='bbox 3683 245 3785 304; x_wconf 75' lang='lat'><strong>5&#39;29</strong></span> 
     </span>
    </p>
   </div>
   <div class='ocr_carea' id='block_1_4' title="bbox 469 358 3789 448">
    <p class='ocr_par' dir='ltr' id='par_1_4' title="bbox 469 358 3789 448">
     <span class='ocr_line' id='line_1_4' title="bbox 469 358 3789 448; baseline -0.005 -16"><span class='ocrx_word' id='word_1_5' title='bbox 469 375 694 448; x_wconf 80' lang='lat' dir='ltr'><strong>pellant.</strong></span> <span class='ocrx_word' id='word_1_6' title='bbox 721 373 862 432; x_wconf 86' lang='lat' dir='ltr'><strong>Sane</strong></span> <span class='ocrx_word' id='word_1_7' title='bbox 890 373 1078 431; x_wconf 84' lang='lat' dir='ltr'><strong>Hilarii</strong></span> <span class='ocrx_word' id='word_1_8' title='bbox 1102 379 1281 430; x_wconf 88' lang='lat' dir='ltr'><strong>textus</strong></span> <span class='ocrx_word' id='word_1_9' title='bbox 1304 386 1410 428; x_wconf 91' lang='lat' dir='ltr'><strong>non</strong></span> <span class='ocrx_word' id='word_1_10' title='bbox 1439 382 1525 430; x_wconf 92' lang='lat' dir='ltr'><strong>est</strong></span> <span class='ocrx_word' id='word_1_11' title='bbox 1551 374 1603 428; x_wconf 90' lang='lat' dir='ltr'><strong>in</strong></span> <span class='ocrx_word' id='word_1_12' title='bbox 1635 372 1772 428; x_wconf 90' lang='lat' dir='ltr'><strong>duas</strong></span> <span class='ocrx_word' id='word_1_13' title='bbox 1797 375 2083 430; x_wconf 85' lang='lat' dir='ltr'><strong>columnas</strong></span> <span class='ocrx_word' id='word_1_14' title='bbox 2111 380 2157 439; x_wconf 82' lang='grc' dir='ltr'>Α</span> <span class='ocrx_word' id='word_1_15' title='bbox 2189 386 2404 443; x_wconf 85' lang='lat' dir='ltr'><strong>semper</strong></span> <span class='ocrx_word' id='word_1_16' title='bbox 2435 367 2540 424; x_wconf 82' lang='lat' dir='ltr'><strong>fuit</strong></span> <span class='ocrx_word' id='word_1_17' title='bbox 2584 365 2725 422; x_wconf 80' lang='lat' dir='ltr'><strong>ratio</strong></span> <span class='ocrx_word' id='word_1_18' title='bbox 2757 362 3065 431; x_wconf 75' lang='lat' dir='ltr'><strong>dubitandi,</strong></span> <span class='ocrx_word' id='word_1_19' title='bbox 3113 375 3182 416; x_wconf 92' lang='lat' dir='ltr'><strong>an</strong></span> <span class='ocrx_word' id='word_1_20' title='bbox 3209 375 3276 418; x_wconf 77' lang='lat' dir='ltr'><strong>ex</strong></span> <span class='ocrx_word' id='word_1_21' title='bbox 3304 361 3576 418; x_wconf 76' lang='lat' dir='ltr'><strong>sententia</strong></span> <span class='ocrx_word' id='word_1_22' title='bbox 3600 358 3789 415; x_wconf 82' lang='lat' dir='ltr'><strong>Hilarii</strong></span> 
     </span>
    </p>
   </div>
   <div class='ocr_carea' id='block_1_5' title="bbox 473 467 2082 540">
    <p class='ocr_par' dir='ltr' id='par_1_5' title="bbox 473 467 2082 540">
     <span class='ocr_line' id='line_1_5' title="bbox 473 467 2082 540; baseline -0.001 -14"><span class='ocrx_word' id='word_1_23' title='bbox 473 469 701 540; x_wconf 84' lang='lat' dir='ltr'><strong>divisus,</strong></span> <span class='ocrx_word' id='word_1_24' title='bbox 729 481 788 526; x_wconf 93' lang='lat' dir='ltr'><strong>ut</strong></span> <span class='ocrx_word' id='word_1_25' title='bbox 809 479 934 526; x_wconf 91' lang='lat' dir='ltr'><strong>sunt</strong></span> <span class='ocrx_word' id='word_1_26' title='bbox 960 483 1154 525; x_wconf 89' lang='lat' dir='ltr'><strong>omnes</strong></span> <span class='ocrx_word' id='word_1_27' title='bbox 1177 467 1418 535; x_wconf 85' lang='lat' dir='ltr'><strong>codices,</strong></span> <span class='ocrx_word' id='word_1_28' title='bbox 1449 483 1589 540; x_wconf 91' lang='lat' dir='ltr'><strong>quos</strong></span> <span class='ocrx_word' id='word_1_29' title='bbox 1612 477 1761 524; x_wconf 89' lang='lat' dir='ltr'><strong>certo</strong></span> <span class='ocrx_word' id='word_1_30' title='bbox 1786 469 1990 524; x_wconf 88' lang='lat' dir='ltr'><strong>scimus</strong></span> <span class='ocrx_word' id='word_1_31' title='bbox 2015 470 2082 524; x_wconf 85' lang='lat' dir='ltr'><strong>ad</strong></span> 
     </span>
    </p>
   </div>
   <div class='ocr_carea' id='block_1_6' title="bbox 469 561 2081 634">
    <p class='ocr_par' dir='ltr' id='par_1_6' title="bbox 469 561 2081 634">
     <span class='ocr_line' id='line_1_6' title="bbox 469 561 2081 634; baseline -0.002 -15"><span class='ocrx_word' id='word_1_32' title='bbox 469 577 593 620; x_wconf 88' lang='lat' dir='ltr'><strong>eam</strong></span> <span class='ocrx_word' id='word_1_33' title='bbox 621 563 1003 634; x_wconf 70' lang='lat' dir='ltr'><strong>antiquitatem</strong></span> <span class='ocrx_word' id='word_1_34' title='bbox 1041 561 1361 634; x_wconf 81' lang='lat' dir='ltr'><strong>pervenire,</strong></span> <span class='ocrx_word' id='word_1_35' title='bbox 1395 569 1451 617; x_wconf 92' lang='lat' dir='ltr'><strong>et</strong></span> <span class='ocrx_word' id='word_1_36' title='bbox 1482 569 1613 617; x_wconf 92' lang='lat' dir='ltr'><strong>sunt</strong></span> <span class='ocrx_word' id='word_1_37' title='bbox 1651 562 1812 618; x_wconf 90' lang='lat' dir='ltr'><strong>etiam</strong></span> <span class='ocrx_word' id='word_1_38' title='bbox 1849 563 1958 616; x_wconf 92' lang='lat' dir='ltr'><strong>duo</strong></span> <span class='ocrx_word' id='word_1_39' title='bbox 2003 561 2081 616; x_wconf 90' lang='lat' dir='ltr'><strong>illi</strong></span> 
     </span>
    </p>
   </div>
   <div class='ocr_carea' id='block_1_7' title="bbox 475 653 2085 726">
    <p class='ocr_par' dir='ltr' id='par_1_7' title="bbox 475 653 2085 726">
     <span class='ocr_line' id='line_1_7' title="bbox 475 653 2085 726; baseline -0.002 -14"><span class='ocrx_word' id='word_1_40' title='bbox 475 656 692 713; x_wconf 89' lang='lat' dir='ltr'><strong>codices</strong></span> <span class='ocrx_word' id='word_1_41' title='bbox 720 655 1067 712; x_wconf 83' lang='lat' dir='ltr'><strong>Veronenses</strong></span> <span class='ocrx_word' id='word_1_42' title='bbox 1098 655 1312 721; x_wconf 83' lang='lat' dir='ltr'><strong>Hilarii,</strong></span> <span class='ocrx_word' id='word_1_43' title='bbox 1352 669 1584 726; x_wconf 90' lang='lat' dir='ltr'><strong>quorum</strong></span> <span class='ocrx_word' id='word_1_44' title='bbox 1634 654 1912 726; x_wconf 86' lang='lat' dir='ltr'><strong>specimen</strong></span> <span class='ocrx_word' id='word_1_45' title='bbox 1955 653 2085 708; x_wconf 80' lang='lat' dir='ltr'><strong>Mal-</strong></span> 
     </span>
    </p>
   </div>
   <div class='ocr_carea' id='block_1_8' title="bbox 465 747 2079 822">
    <p class='ocr_par' dir='ltr' id='par_1_8' title="bbox 465 747 2079 822">
     <span class='ocr_line' id='line_1_8' title="bbox 465 747 2079 822; baseline 0 -20"><span class='ocrx_word' id='word_1_46' title='bbox 465 747 608 806; x_wconf 76' lang='lat' dir='ltr'><strong>feius</strong></span> <span class='ocrx_word' id='word_1_47' title='bbox 638 751 691 806; x_wconf 92' lang='lat' dir='ltr'><strong>in</strong></span> <span class='ocrx_word' id='word_1_48' title='bbox 720 750 930 820; x_wconf 59' lang='lat' dir='ltr'><strong>praefat.</strong></span> <span class='ocrx_word' id='word_1_49' title='bbox 961 750 1031 807; x_wconf 92' lang='lat' dir='ltr'><strong>ad</strong></span> <span class='ocrx_word' id='word_1_50' title='bbox 1053 766 1220 822; x_wconf 85' lang='lat' dir='ltr'><strong>opera</strong></span> <span class='ocrx_word' id='word_1_51' title='bbox 1249 750 1308 808; x_wconf 99' lang='grc'><strong>8.</strong></span> <span class='ocrx_word' id='word_1_52' title='bbox 1339 750 1796 807; x_wconf 89' lang='lat' dir='ltr'><strong>Hilariiexhibet.</strong></span> <span class='ocrx_word' id='word_1_53' title='bbox 1821 749 2079 806; x_wconf 87' lang='lat' dir='ltr'><strong>Omnium</strong></span> 
     </span>
    </p>
   </div>
   <div class='ocr_carea' id='block_1_9' title="bbox 467 841 2083 914">
    <p class='ocr_par' dir='ltr' id='par_1_9' title="bbox 467 841 2083 914">
     <span class='ocr_line' id='line_1_9' title="bbox 467 841 2083 914; baseline -0.002 -16"><span class='ocrx_word' id='word_1_54' title='bbox 467 841 844 898; x_wconf 89' lang='lat' dir='ltr'><strong>characterum</strong></span> <span class='ocrx_word' id='word_1_55' title='bbox 888 842 1064 898; x_wconf 81' lang='lat' dir='ltr'><strong>forma</strong></span> <span class='ocrx_word' id='word_1_56' title='bbox 1090 843 1409 914; x_wconf 84' lang='lat' dir='ltr'><strong>sequiorem</strong></span> <span class='ocrx_word' id='word_1_57' title='bbox 1437 850 1653 898; x_wconf 73' lang='lat' dir='ltr'><strong>aetatem</strong></span> <span class='ocrx_word' id='word_1_58' title='bbox 1682 841 1894 899; x_wconf 87' lang='lat' dir='ltr'><strong>redolet</strong></span> <span class='ocrx_word' id='word_1_59' title='bbox 1921 859 1933 895; x_wconf 90' lang='lat'><strong>:</strong></span> <span class='ocrx_word' id='word_1_60' title='bbox 1965 855 2083 896; x_wconf 86' lang='lat' dir='ltr'><strong>ver-</strong></span> 
     </span>
    </p>
   </div>
   <div class='ocr_carea' id='block_1_10' title="bbox 467 933 2080 1008">
    <p class='ocr_par' dir='ltr' id='par_1_10' title="bbox 467 933 2080 1008">
     <span class='ocr_line' id='line_1_10' title="bbox 467 933 2080 1008; baseline -0.001 -16"><span class='ocrx_word' id='word_1_61' title='bbox 467 936 537 992; x_wconf 89' lang='lat' dir='ltr'><strong>ba</strong></span> <span class='ocrx_word' id='word_1_62' title='bbox 557 944 685 1007; x_wconf 89' lang='lat' dir='ltr'><strong>apto</strong></span> <span class='ocrx_word' id='word_1_63' title='bbox 715 934 1005 993; x_wconf 88' lang='lat' dir='ltr'><strong>intervallo</strong></span> <span class='ocrx_word' id='word_1_64' title='bbox 1036 937 1178 992; x_wconf 91' lang='lat' dir='ltr'><strong>inter</strong></span> <span class='ocrx_word' id='word_1_65' title='bbox 1205 951 1268 993; x_wconf 92' lang='lat' dir='ltr'><strong>se</strong></span> <span class='ocrx_word' id='word_1_66' title='bbox 1301 945 1554 1008; x_wconf 89' lang='lat' dir='ltr'><strong>separata</strong></span> <span class='ocrx_word' id='word_1_67' title='bbox 1585 944 1744 1005; x_wconf 89' lang='lat' dir='ltr'><strong>sunt,</strong></span> <span class='ocrx_word' id='word_1_68' title='bbox 1785 933 1930 1006; x_wconf 87' lang='lat' dir='ltr'><strong>quod</strong></span> <span class='ocrx_word' id='word_1_69' title='bbox 1961 949 2080 990; x_wconf 83' lang='lat' dir='ltr'><strong>cer-</strong></span> 
     </span>
    </p>
   </div>
   <div class='ocr_carea' id='block_1_11' title="bbox 465 1029 2078 1104">
    <p class='ocr_par' dir='ltr' id='par_1_11' title="bbox 465 1029 2078 1104">
     <span class='ocr_line' id='line_1_11' title="bbox 465 1029 2078 1104; baseline 0.002 -18"><span class='ocrx_word' id='word_1_70' title='bbox 465 1029 740 1088; x_wconf 89' lang='lat' dir='ltr'><strong>tissimum</strong></span> <span class='ocrx_word' id='word_1_71' title='bbox 769 1042 1152 1104; x_wconf 74' lang='lat' dir='ltr'><strong>argumentum</strong></span> <span class='ocrx_word' id='word_1_72' title='bbox 1196 1041 1422 1104; x_wconf 89' lang='lat' dir='ltr'><strong>putatur</strong></span> <span class='ocrx_word' id='word_1_73' title='bbox 1449 1043 1510 1089; x_wconf 91' lang='lat' dir='ltr'><strong>ut</strong></span> <span class='ocrx_word' id='word_1_74' title='bbox 1539 1032 1758 1090; x_wconf 89' lang='lat' dir='ltr'><strong>codices</strong></span> <span class='ocrx_word' id='word_1_75' title='bbox 1789 1049 1896 1088; x_wconf 94' lang='lat' dir='ltr'><strong>non</strong></span> <span class='ocrx_word' id='word_1_76' title='bbox 1926 1031 2078 1090; x_wconf 86' lang='lat' dir='ltr'><strong>valde</strong></span> 
     </span>
    </p>
   </div>
   <div class='ocr_carea' id='block_1_12' title="bbox 470 1124 2077 1198">
    <p class='ocr_par' dir='ltr' id='par_1_12' title="bbox 470 1124 2077 1198">
     <span class='ocr_line' id='line_1_12' title="bbox 470 1124 2077 1198; baseline 0.001 -20"><span class='ocrx_word' id='word_1_77' title='bbox 470 1124 678 1195; x_wconf 87' lang='lat' dir='ltr'><strong>antiqui</strong></span> <span class='ocrx_word' id='word_1_78' title='bbox 698 1125 1112 1184; x_wconf 81' lang='lat' dir='ltr'><strong>existimentur.</strong></span> <span class='ocrx_word' id='word_1_79' title='bbox 1135 1125 1193 1183; x_wconf 92' lang='lat' dir='ltr'><strong>Si</strong></span> <span class='ocrx_word' id='word_1_80' title='bbox 1213 1126 1460 1184; x_wconf 88' lang='lat' dir='ltr'><strong>codicem</strong></span> <span class='ocrx_word' id='word_1_81' title='bbox 1490 1135 1700 1184; x_wconf 90' lang='lat' dir='ltr'><strong>attente</strong></span> <span class='ocrx_word' id='word_1_82' title='bbox 1715 1124 1991 1198; x_wconf 90' lang='lat' dir='ltr'><strong>expendas</strong></span> <span class='ocrx_word' id='word_1_83' title='bbox 2012 1124 2077 1181; x_wconf 89' lang='lat' dir='ltr'><strong>ad</strong></span> 
     </span>
    </p>
   </div>
   <div class='ocr_carea' id='block_1_13' title="bbox 465 1218 2078 1292">
    <p class='ocr_par' dir='ltr' id='par_1_13' title="bbox 465 1218 2078 1292">
     <span class='ocr_line' id='line_1_13' title="bbox 465 1218 2078 1292; baseline 0.001 -18"><span class='ocrx_word' id='word_1_84' title='bbox 465 1219 728 1292; x_wconf 88' lang='lat' dir='ltr'><strong>regulas,</strong></span> <span class='ocrx_word' id='word_1_85' title='bbox 788 1236 923 1292; x_wconf 90' lang='lat' dir='ltr'><strong>quas</strong></span> <span class='ocrx_word' id='word_1_86' title='bbox 969 1220 1343 1278; x_wconf 87' lang='lat' dir='ltr'><strong>Trombellius</strong></span> <span class='ocrx_word' id='word_1_87' title='bbox 1398 1222 1467 1278; x_wconf 90' lang='lat' dir='ltr'><strong>de</strong></span> <span class='ocrx_word' id='word_1_88' title='bbox 1525 1223 1662 1278; x_wconf 80' lang='lat' dir='ltr'><strong>Arte</strong></span> <span class='ocrx_word' id='word_1_89' title='bbox 1709 1218 2078 1292; x_wconf 82' lang='lat' dir='ltr'><strong>cognoscendi</strong></span> 
     </span>
    </p>
   </div>
   <div class='ocr_carea' id='block_1_14' title="bbox 469 1312 2081 1384">
    <p class='ocr_par' dir='ltr' id='par_1_14' title="bbox 469 1312 2081 1384">
     <span class='ocr_line' id='line_1_14' title="bbox 469 1312 2081 1384; baseline 0.001 -17"><span class='ocrx_word' id='word_1_90' title='bbox 469 1321 688 1370; x_wconf 82' lang='lat' dir='ltr'><strong>:etatem</strong></span> <span class='ocrx_word' id='word_1_91' title='bbox 719 1312 971 1370; x_wconf 81' lang='lat' dir='ltr'><strong>codicum</strong></span> <span class='ocrx_word' id='word_1_92' title='bbox 992 1313 1150 1370; x_wconf 90' lang='lat' dir='ltr'><strong>nobis</strong></span> <span class='ocrx_word' id='word_1_93' title='bbox 1177 1314 1426 1384; x_wconf 85' lang='lat' dir='ltr'><strong>tradidit,</strong></span> <span class='ocrx_word' id='word_1_94' title='bbox 1459 1315 1577 1371; x_wconf 91' lang='lat' dir='ltr'><strong>sine</strong></span> <span class='ocrx_word' id='word_1_95' title='bbox 1599 1314 1706 1369; x_wconf 91' lang='lat' dir='ltr'><strong>ulla</strong></span> <span class='ocrx_word' id='word_1_96' title='bbox 1742 1313 2081 1369; x_wconf 89' lang='lat' dir='ltr'><strong>haesitatione</strong></span> 
     </span>
    </p>
   </div>
   <div class='ocr_carea' id='block_1_15' title="bbox 471 1407 2078 1479">
    <p class='ocr_par' dir='ltr' id='par_1_15' title="bbox 471 1407 2078 1479">
     <span class='ocr_line' id='line_1_15' title="bbox 471 1407 2078 1479; baseline -0.001 -17"><span class='ocrx_word' id='word_1_97' title='bbox 471 1407 722 1479; x_wconf 79' lang='lat' dir='ltr'><strong>colliges,</strong></span> <span class='ocrx_word' id='word_1_98' title='bbox 771 1409 1019 1466; x_wconf 89' lang='lat' dir='ltr'><strong>codicem</strong></span> <span class='ocrx_word' id='word_1_99' title='bbox 1048 1409 1254 1466; x_wconf 68' lang='lat' dir='ltr'><strong>saeculo</strong></span> <span class='ocrx_word' id='word_1_100' title='bbox 1283 1426 1378 1465; x_wconf 78' lang='lat' dir='ltr'><strong>vui</strong></span> <span class='ocrx_word' id='word_1_101' title='bbox 1409 1418 1503 1465; x_wconf 91' lang='lat' dir='ltr'><strong>aut</strong></span> <span class='ocrx_word' id='word_1_102' title='bbox 1537 1425 1593 1464; x_wconf 83' lang='lat' dir='ltr'><strong>1x</strong></span> <span class='ocrx_word' id='word_1_103' title='bbox 1623 1423 1747 1464; x_wconf 90' lang='lat' dir='ltr'><strong>esse</strong></span> <span class='ocrx_word' id='word_1_104' title='bbox 1791 1409 2078 1478; x_wconf 92' lang='lat' dir='ltr'><strong>scriptum.</strong></span> 
     </span>
    </p>
   </div>
   <div class='ocr_carea' id='block_1_16' title="bbox 540 1500 2078 1573">
    <p class='ocr_par' dir='ltr' id='par_1_16' title="bbox 540 1500 2078 1573">
     <span class='ocr_line' id='line_1_16' title="bbox 540 1500 2078 1573; baseline 0.002 -19"><span class='ocrx_word' id='word_1_105' title='bbox 540 1500 672 1555; x_wconf 86' lang='lat'><strong>227.</strong></span> <span class='ocrx_word' id='word_1_106' title='bbox 705 1501 763 1556; x_wconf 86' lang='lat' dir='ltr'><strong>in</strong></span> <span class='ocrx_word' id='word_1_107' title='bbox 795 1501 1202 1573; x_wconf 86' lang='lat' dir='ltr'><strong>subscriptione</strong></span> <span class='ocrx_word' id='word_1_108' title='bbox 1243 1501 1363 1572; x_wconf 82' lang='lat' dir='ltr'><strong>ipsa</strong></span> <span class='ocrx_word' id='word_1_109' title='bbox 1398 1503 1568 1558; x_wconf 91' lang='lat' dir='ltr'><strong>multa</strong></span> <span class='ocrx_word' id='word_1_110' title='bbox 1616 1501 1874 1557; x_wconf 81' lang='lat' dir='ltr'><strong>falsitatis</strong></span> <span class='ocrx_word' id='word_1_111' title='bbox 1914 1517 2078 1573; x_wconf 87' lang='lat' dir='ltr'><strong>argu-</strong></span> 
     </span>
    </p>
   </div>
   <div class='ocr_carea' id='block_1_17' title="bbox 470 1595 2077 1666">
    <p class='ocr_par' dir='ltr' id='par_1_17' title="bbox 470 1595 2077 1666">
     <span class='ocr_line' id='line_1_17' title="bbox 470 1595 2077 1666; baseline 0.001 -17"><span class='ocrx_word' id='word_1_112' title='bbox 470 1602 653 1650; x_wconf 88' lang='lat' dir='ltr'><strong>menta</strong></span> <span class='ocrx_word' id='word_1_113' title='bbox 682 1595 891 1666; x_wconf 80' lang='lat' dir='ltr'><strong>profert</strong></span> <span class='ocrx_word' id='word_1_114' title='bbox 917 1596 1247 1653; x_wconf 88' lang='lat' dir='ltr'><strong>Germonius</strong></span> <span class='ocrx_word' id='word_1_115' title='bbox 1280 1615 1292 1650; x_wconf 91' lang='lat'><strong>:</strong></span> <span class='ocrx_word' id='word_1_116' title='bbox 1326 1613 1449 1652; x_wconf 89' lang='lat' dir='ltr'><strong>nam</strong></span> <span class='ocrx_word' id='word_1_117' title='bbox 1479 1613 1602 1654; x_wconf 92' lang='lat' dir='ltr'><strong>cum</strong></span> <span class='ocrx_word' id='word_1_118' title='bbox 1627 1598 1679 1652; x_wconf 92' lang='lat' dir='ltr'><strong>in</strong></span> <span class='ocrx_word' id='word_1_119' title='bbox 1711 1597 1816 1652; x_wconf 87' lang='lat' dir='ltr'><strong>line</strong></span> <span class='ocrx_word' id='word_1_120' title='bbox 1846 1597 2077 1652; x_wconf 91' lang='lat' dir='ltr'><strong>aliorum</strong></span> 
     </span>
    </p>
   </div>
   <div class='ocr_carea' id='block_1_18' title="bbox 468 1689 2078 1764">
    <p class='ocr_par' dir='ltr' id='par_1_18' title="bbox 468 1689 2078 1764">
     <span class='ocr_line' id='line_1_18' title="bbox 468 1689 2078 1764; baseline 0.002 -20"><span class='ocrx_word' id='word_1_121' title='bbox 468 1689 632 1744; x_wconf 88' lang='lat' dir='ltr'><strong>etiam</strong></span> <span class='ocrx_word' id='word_1_122' title='bbox 662 1689 926 1747; x_wconf 91' lang='lat' dir='ltr'><strong>librorum</strong></span> <span class='ocrx_word' id='word_1_123' title='bbox 956 1691 1152 1747; x_wconf 88' lang='lat' dir='ltr'><strong>llilarii</strong></span> <span class='ocrx_word' id='word_1_124' title='bbox 1181 1693 1395 1764; x_wconf 88' lang='lat' dir='ltr'><strong>legatur</strong></span> <span class='ocrx_word' id='word_1_125' title='bbox 1420 1692 1739 1748; x_wconf 87' lang='lat' dir='ltr'><strong>charactere</strong></span> <span class='ocrx_word' id='word_1_126' title='bbox 1768 1692 1900 1746; x_wconf 85' lang='lat' dir='ltr'><strong>satis</strong></span> <span class='ocrx_word' id='word_1_127' title='bbox 1928 1691 2078 1747; x_wconf 90' lang='lat' dir='ltr'><strong>claro</strong></span> 
     </span>
    </p>
   </div>
   <div class='ocr_carea' id='block_1_19' title="bbox 2187 453 3790 532">
    <p class='ocr_par' dir='ltr' id='par_1_19' title="bbox 2187 453 3790 532">
     <span class='ocr_line' id='line_1_19' title="bbox 2187 453 3790 532; baseline -0.007 -14"><span class='ocrx_word' id='word_1_128' title='bbox 2187 465 2456 532; x_wconf 89' lang='lat' dir='ltr'><strong>adoratur,</strong></span> <span class='ocrx_word' id='word_1_129' title='bbox 2481 477 2550 517; x_wconf 92' lang='lat' dir='ltr'><strong>an</strong></span> <span class='ocrx_word' id='word_1_130' title='bbox 2577 460 2882 530; x_wconf 82' lang='lat' dir='ltr'><strong>adoptatur,</strong></span> <span class='ocrx_word' id='word_1_131' title='bbox 2917 466 3140 528; x_wconf 70' lang='lat' dir='ltr'><strong>prmstet</strong></span> <span class='ocrx_word' id='word_1_132' title='bbox 3170 457 3371 527; x_wconf 89' lang='lat' dir='ltr'><strong>legere.</strong></span> <span class='ocrx_word' id='word_1_133' title='bbox 3407 453 3636 509; x_wconf 85' lang='lat' dir='ltr'><strong>Etiamsi</strong></span> <span class='ocrx_word' id='word_1_134' title='bbox 3668 468 3790 508; x_wconf 81' lang='lat' dir='ltr'><strong>vero</strong></span> 
     </span>
    </p>
   </div>
   <div class='ocr_carea' id='block_1_20' title="bbox 2187 546 3787 626">
    <p class='ocr_par' dir='ltr' id='par_1_20' title="bbox 2187 546 3787 626">
     <span class='ocr_line' id='line_1_20' title="bbox 2187 546 3787 626; baseline -0.007 -16"><span class='ocrx_word' id='word_1_135' title='bbox 2187 557 2386 626; x_wconf 89' lang='lat' dir='ltr'><strong>aliquis</strong></span> <span class='ocrx_word' id='word_1_136' title='bbox 2416 554 2550 612; x_wconf 92' lang='lat' dir='ltr'><strong>velit</strong></span> <span class='ocrx_word' id='word_1_137' title='bbox 2596 553 2822 624; x_wconf 81' lang='lat' dir='ltr'><strong>lingere,</strong></span> <span class='ocrx_word' id='word_1_138' title='bbox 2874 552 3100 608; x_wconf 84' lang='lat' dir='ltr'><strong>verbum</strong></span> <span class='ocrx_word' id='word_1_139' title='bbox 3151 549 3430 620; x_wconf 84' lang='lat' dir='ltr'><strong>adoptatur</strong></span> <span class='ocrx_word' id='word_1_140' title='bbox 3487 546 3671 617; x_wconf 90' lang='lat' dir='ltr'><strong>aliqua</strong></span> <span class='ocrx_word' id='word_1_141' title='bbox 3726 562 3787 601; x_wconf 78' lang='lat' dir='ltr'><strong>ex</strong></span> 
     </span>
    </p>
   </div>
   <div class='ocr_carea' id='block_1_21' title="bbox 2186 641 3790 723">
    <p class='ocr_par' dir='ltr' id='par_1_21' title="bbox 2186 641 3790 723">
     <span class='ocr_line' id='line_1_21' title="bbox 2186 641 3790 723; baseline -0.006 -18"><span class='ocrx_word' id='word_1_142' title='bbox 2186 662 2341 723; x_wconf 90' lang='lat' dir='ltr'><strong>parte</strong></span> <span class='ocrx_word' id='word_1_143' title='bbox 2391 649 2531 707; x_wconf 88' lang='lat' dir='ltr'><strong>trahi</strong></span> <span class='ocrx_word' id='word_1_144' title='bbox 2563 665 2728 720; x_wconf 88' lang='lat' dir='ltr'><strong>posse</strong></span> <span class='ocrx_word' id='word_1_145' title='bbox 2774 647 2844 705; x_wconf 88' lang='lat' dir='ltr'><strong>ad</strong></span> <span class='ocrx_word' id='word_1_146' title='bbox 2888 646 3222 719; x_wconf 89' lang='lat' dir='ltr'><strong>probandam</strong></span> <span class='ocrx_word' id='word_1_147' title='bbox 3277 643 3533 700; x_wconf 78' lang='lat' dir='ltr'><strong>bzeresim</strong></span> <span class='ocrx_word' id='word_1_148' title='bbox 3578 641 3790 708; x_wconf 87' lang='lat' dir='ltr'><strong>Felicis,</strong></span> 
     </span>
    </p>
   </div>
   <div class='ocr_carea' id='block_1_22' title="bbox 2188 736 3794 808">
    <p class='ocr_par' dir='ltr' id='par_1_22' title="bbox 2188 736 3794 808">
     <span class='ocr_line' id='line_1_22' title="bbox 2188 736 3794 808; baseline -0.006 -8"><span class='ocrx_word' id='word_1_149' title='bbox 2188 754 2368 801; x_wconf 89' lang='lat' dir='ltr'><strong>tamen</strong></span> <span class='ocrx_word' id='word_1_150' title='bbox 2424 759 2615 801; x_wconf 91' lang='lat' dir='ltr'><strong>omnes</strong></span> <span class='ocrx_word' id='word_1_151' title='bbox 2669 743 3023 800; x_wconf 85' lang='lat' dir='ltr'><strong>consentiunt</strong></span> <span class='ocrx_word' id='word_1_152' title='bbox 3060 739 3250 796; x_wconf 88' lang='lat' dir='ltr'><strong>llilarii</strong></span> <span class='ocrx_word' id='word_1_153' title='bbox 3303 748 3546 794; x_wconf 91' lang='lat' dir='ltr'><strong>mentem</strong></span> <span class='ocrx_word' id='word_1_154' title='bbox 3590 736 3794 808; x_wconf 82' lang='lat' dir='ltr'><strong>longis-</strong></span> 
     </span>
    </p>
   </div>
   <div class='ocr_carea' id='block_1_23' title="bbox 2184 832 3793 907">
    <p class='ocr_par' dir='ltr' id='par_1_23' title="bbox 2184 832 3793 907">
     <span class='ocr_line' id='line_1_23' title="bbox 2184 832 3793 907; baseline -0.004 -11"><span class='ocrx_word' id='word_1_155' title='bbox 2184 839 2321 896; x_wconf 89' lang='lat' dir='ltr'><strong>sime</strong></span> <span class='ocrx_word' id='word_1_156' title='bbox 2349 840 2418 896; x_wconf 91' lang='lat' dir='ltr'><strong>ab</strong></span> <span class='ocrx_word' id='word_1_157' title='bbox 2438 855 2501 896; x_wconf 89' lang='lat' dir='ltr'><strong>ea</strong></span> <span class='ocrx_word' id='word_1_158' title='bbox 2535 839 2729 895; x_wconf 75' lang='lat' dir='ltr'><strong>haeresi</strong></span> <span class='ocrx_word' id='word_1_159' title='bbox 2759 838 2984 907; x_wconf 90' lang='lat' dir='ltr'><strong>distare,</strong></span> <span class='ocrx_word' id='word_1_160' title='bbox 3017 847 3076 894; x_wconf 92' lang='lat' dir='ltr'><strong>ut</strong></span> <span class='ocrx_word' id='word_1_161' title='bbox 3102 851 3168 894; x_wconf 90' lang='lat' dir='ltr'><strong>ex</strong></span> <span class='ocrx_word' id='word_1_162' title='bbox 3197 835 3502 892; x_wconf 89' lang='lat' dir='ltr'><strong>innumeris</strong></span> <span class='ocrx_word' id='word_1_163' title='bbox 3526 832 3664 889; x_wconf 89' lang='lat' dir='ltr'><strong>locis</strong></span> <span class='ocrx_word' id='word_1_164' title='bbox 3682 834 3793 903; x_wconf 87' lang='lat' dir='ltr'><strong>ejus</strong></span> 
     </span>
    </p>
   </div>
   <div class='ocr_carea' id='block_1_24' title="bbox 2184 921 3794 1005">
    <p class='ocr_par' dir='ltr' id='par_1_24' title="bbox 2184 921 3794 1005">
     <span class='ocr_line' id='line_1_24' title="bbox 2184 921 3794 1005; baseline -0.006 -15"><span class='ocrx_word' id='word_1_165' title='bbox 2184 948 2411 1005; x_wconf 87' lang='lat' dir='ltr'><strong>operum</strong></span> <span class='ocrx_word' id='word_1_166' title='bbox 2461 943 2609 1004; x_wconf 84' lang='lat' dir='ltr'><strong>patet</strong></span> <span class='ocrx_word' id='word_1_167' title='bbox 2642 949 2658 990; x_wconf 88' lang='lat'><strong>:</strong></span> <span class='ocrx_word' id='word_1_168' title='bbox 2693 948 2813 1004; x_wconf 70' lang='lat' dir='ltr'><strong>qua:</strong></span> <span class='ocrx_word' id='word_1_169' title='bbox 2865 947 2995 989; x_wconf 90' lang='lat' dir='ltr'><strong>vera</strong></span> <span class='ocrx_word' id='word_1_170' title='bbox 3046 939 3134 988; x_wconf 88' lang='lat' dir='ltr'><strong>est</strong></span> <span class='ocrx_word' id='word_1_171' title='bbox 3195 930 3334 986; x_wconf 89' lang='lat' dir='ltr'><strong>ratio</strong></span> <span class='ocrx_word' id='word_1_172' title='bbox 3399 921 3794 999; x_wconf 85' lang='lat' dir='ltr'><strong>interpretandi</strong></span> 
     </span>
    </p>
   </div>
   <div class='ocr_carea' id='block_1_25' title="bbox 2184 1026 3794 1100">
    <p class='ocr_par' dir='ltr' id='par_1_25' title="bbox 2184 1026 3794 1100">
     <span class='ocr_line' id='line_1_25' title="bbox 2184 1026 3794 1100; baseline -0.004 -16"><span class='ocrx_word' id='word_1_173' title='bbox 2184 1029 2350 1085; x_wconf 90' lang='lat' dir='ltr'><strong>verba</strong></span> <span class='ocrx_word' id='word_1_174' title='bbox 2380 1027 2702 1084; x_wconf 89' lang='lat' dir='ltr'><strong>obscuriora</strong></span> <span class='ocrx_word' id='word_1_175' title='bbox 2733 1043 2856 1100; x_wconf 63' lang='lat' dir='ltr'><strong>qua:</strong></span> <span class='ocrx_word' id='word_1_176' title='bbox 2892 1028 2946 1082; x_wconf 93' lang='lat' dir='ltr'><strong>in</strong></span> <span class='ocrx_word' id='word_1_177' title='bbox 2973 1026 3221 1082; x_wconf 87' lang='lat' dir='ltr'><strong>Patribus</strong></span> <span class='ocrx_word' id='word_1_178' title='bbox 3259 1038 3671 1094; x_wconf 85' lang='lat' dir='ltr'><strong>nonnumquam</strong></span> <span class='ocrx_word' id='word_1_179' title='bbox 3701 1037 3794 1078; x_wconf 90' lang='lat' dir='ltr'><strong>oc-</strong></span> 
     </span>
    </p>
   </div>
   <div class='ocr_carea' id='block_1_26' title="bbox 2182 1118 3796 1193">
    <p class='ocr_par' dir='ltr' id='par_1_26' title="bbox 2182 1118 3796 1193">
     <span class='ocr_line' id='line_1_26' title="bbox 2182 1118 3796 1193; baseline -0.002 -15"><span class='ocrx_word' id='word_1_180' title='bbox 2182 1130 2434 1179; x_wconf 90' lang='lat' dir='ltr'><strong>currunt.</strong></span> <span class='ocrx_word' id='word_1_181' title='bbox 2465 1122 2764 1193; x_wconf 88' lang='lat' dir='ltr'><strong>Pr0pterea</strong></span> <span class='ocrx_word' id='word_1_182' title='bbox 2815 1121 3160 1193; x_wconf 89' lang='lat' dir='ltr'><strong>Agobardus,</strong></span> <span class='ocrx_word' id='word_1_183' title='bbox 3192 1121 3310 1192; x_wconf 92' lang='lat' dir='ltr'><strong>qui,</strong></span> <span class='ocrx_word' id='word_1_184' title='bbox 3333 1119 3518 1177; x_wconf 85' lang='lat' dir='ltr'><strong>Felice</strong></span> <span class='ocrx_word' id='word_1_185' title='bbox 3548 1119 3664 1173; x_wconf 87' lang='lat' dir='ltr'><strong>vita</strong></span> <span class='ocrx_word' id='word_1_186' title='bbox 3689 1118 3796 1188; x_wconf 86' lang='lat' dir='ltr'><strong>jam</strong></span> 
     </span>
    </p>
   </div>
   <div class='ocr_carea' id='block_1_27' title="bbox 2183 1213 3794 1288">
    <p class='ocr_par' dir='ltr' id='par_1_27' title="bbox 2183 1213 3794 1288">
     <span class='ocr_line' id='line_1_27' title="bbox 2183 1213 3794 1288; baseline -0.002 -16"><span class='ocrx_word' id='word_1_187' title='bbox 2183 1216 2392 1288; x_wconf 86' lang='lat' dir='ltr'><strong>luncto,</strong></span> <span class='ocrx_word' id='word_1_188' title='bbox 2449 1216 2706 1273; x_wconf 61' lang='lat' dir='ltr'><strong>haeresim</strong></span> <span class='ocrx_word' id='word_1_189' title='bbox 2763 1217 3099 1273; x_wconf 75' lang='lat' dir='ltr'><strong>Felicianam</strong></span> <span class='ocrx_word' id='word_1_190' title='bbox 3142 1215 3498 1286; x_wconf 85' lang='lat' dir='ltr'><strong>impugnavit,</strong></span> <span class='ocrx_word' id='word_1_191' title='bbox 3552 1213 3794 1270; x_wconf 90' lang='lat' dir='ltr'><strong>codicem</strong></span> 
     </span>
    </p>
   </div>
   <div class='ocr_carea' id='block_1_28' title="bbox 2183 1309 3790 1382">
    <p class='ocr_par' dir='ltr' id='par_1_28' title="bbox 2183 1309 3790 1382">
     <span class='ocr_line' id='line_1_28' title="bbox 2183 1309 3790 1382; baseline -0.002 -17"><span class='ocrx_word' id='word_1_192' title='bbox 2183 1309 2375 1366; x_wconf 83' lang='lat' dir='ltr'><strong>Hilarii</strong></span> <span class='ocrx_word' id='word_1_193' title='bbox 2406 1319 2620 1379; x_wconf 91' lang='lat' dir='ltr'><strong>nactus,</strong></span> <span class='ocrx_word' id='word_1_194' title='bbox 2655 1310 2708 1366; x_wconf 93' lang='lat' dir='ltr'><strong>in</strong></span> <span class='ocrx_word' id='word_1_195' title='bbox 2740 1325 2846 1381; x_wconf 91' lang='lat' dir='ltr'><strong>quo</strong></span> <span class='ocrx_word' id='word_1_196' title='bbox 2878 1310 3162 1382; x_wconf 86' lang='lat' dir='ltr'><strong>legebatur</strong></span> <span class='ocrx_word' id='word_1_197' title='bbox 3191 1309 3496 1381; x_wconf 82' lang='lat' dir='ltr'><strong>adoptatur,</strong></span> <span class='ocrx_word' id='word_1_198' title='bbox 3531 1323 3601 1364; x_wconf 84' lang='lat' dir='ltr'><strong>ex</strong></span> <span class='ocrx_word' id='word_1_199' title='bbox 3648 1323 3790 1374; x_wconf 72' lang='lat' dir='ltr'><strong>pra:-</strong></span> 
     </span>
    </p>
   </div>
   <div class='ocr_carea' id='block_1_29' title="bbox 2181 1401 3798 1477">
    <p class='ocr_par' dir='ltr' id='par_1_29' title="bbox 2181 1401 3798 1477">
     <span class='ocr_line' id='line_1_29' title="bbox 2181 1401 3798 1477; baseline -0.003 -14"><span class='ocrx_word' id='word_1_200' title='bbox 2181 1406 2500 1463; x_wconf 90' lang='lat' dir='ltr'><strong>cedentibus</strong></span> <span class='ocrx_word' id='word_1_201' title='bbox 2530 1417 2587 1462; x_wconf 91' lang='lat' dir='ltr'><strong>et</strong></span> <span class='ocrx_word' id='word_1_202' title='bbox 2621 1406 3084 1477; x_wconf 88' lang='lat' dir='ltr'><strong>consequentibus</strong></span> <span class='ocrx_word' id='word_1_203' title='bbox 3133 1404 3188 1460; x_wconf 89' lang='lat' dir='ltr'><strong>id</strong></span> <span class='ocrx_word' id='word_1_204' title='bbox 3237 1403 3466 1460; x_wconf 86' lang='lat' dir='ltr'><strong>verbum</strong></span> <span class='ocrx_word' id='word_1_205' title='bbox 3500 1401 3798 1458; x_wconf 87' lang='lat' dir='ltr'><strong>declaravit</strong></span> 
     </span>
    </p>
   </div>
   <div class='ocr_carea' id='block_1_30' title="bbox 2182 1495 3789 1573">
    <p class='ocr_par' dir='ltr' id='par_1_30' title="bbox 2182 1495 3789 1573">
     <span class='ocr_line' id='line_1_30' title="bbox 2182 1495 3789 1573; baseline -0.005 -15"><span class='ocrx_word' id='word_1_206' title='bbox 2182 1516 2282 1573; x_wconf 92' lang='lat' dir='ltr'><strong>pro</strong></span> <span class='ocrx_word' id='word_1_207' title='bbox 2306 1503 2607 1556; x_wconf 78' lang='lat' dir='ltr'><strong>assumitur.</strong></span> <span class='ocrx_word' id='word_1_208' title='bbox 2638 1500 2860 1557; x_wconf 87' lang='lat' dir='ltr'><strong>Crimen</strong></span> <span class='ocrx_word' id='word_1_209' title='bbox 2881 1515 3010 1556; x_wconf 90' lang='lat' dir='ltr'><strong>vero</strong></span> <span class='ocrx_word' id='word_1_210' title='bbox 3040 1499 3216 1554; x_wconf 80' lang='lat' dir='ltr'><strong>falsati</strong></span> <span class='ocrx_word' id='word_1_211' title='bbox 3241 1496 3453 1554; x_wconf 88' lang='lat' dir='ltr'><strong>codicis</strong></span> <span class='ocrx_word' id='word_1_212' title='bbox 3483 1495 3594 1551; x_wconf 73' lang='lat' dir='ltr'><strong>nan</strong></span> <span class='ocrx_word' id='word_1_213' title='bbox 3627 1496 3789 1564; x_wconf 75' lang='lat' dir='ltr'><strong>obje-</strong></span> 
     </span>
    </p>
   </div>
   <div class='ocr_carea' id='block_1_31' title="bbox 2182 1589 3795 1666">
    <p class='ocr_par' dir='ltr' id='par_1_31' title="bbox 2182 1589 3795 1666">
     <span class='ocr_line' id='line_1_31' title="bbox 2182 1589 3795 1666; baseline -0.003 -16"><span class='ocrx_word' id='word_1_214' title='bbox 2182 1594 2278 1661; x_wconf 91' lang='lat' dir='ltr'><strong>cit,</strong></span> <span class='ocrx_word' id='word_1_215' title='bbox 2325 1595 2441 1651; x_wconf 84' lang='lat' dir='ltr'><strong>sive</strong></span> <span class='ocrx_word' id='word_1_216' title='bbox 2470 1595 2524 1650; x_wconf 89' lang='lat' dir='ltr'><strong>id</strong></span> <span class='ocrx_word' id='word_1_217' title='bbox 2549 1594 2907 1666; x_wconf 84' lang='lat' dir='ltr'><strong>ignoraverit,</strong></span> <span class='ocrx_word' id='word_1_218' title='bbox 2948 1594 3068 1649; x_wconf 89' lang='lat' dir='ltr'><strong>sive</strong></span> <span class='ocrx_word' id='word_1_219' title='bbox 3120 1594 3326 1648; x_wconf 89' lang='lat' dir='ltr'><strong>amicos</strong></span> <span class='ocrx_word' id='word_1_220' title='bbox 3369 1589 3611 1658; x_wconf 86' lang='lat' dir='ltr'><strong>Felicis,</strong></span> <span class='ocrx_word' id='word_1_221' title='bbox 3663 1603 3795 1660; x_wconf 90' lang='lat' dir='ltr'><strong>quos</strong></span> 
     </span>
    </p>
   </div>
   <div class='ocr_carea' id='block_1_32' title="bbox 2182 1683 3795 1758">
    <p class='ocr_par' dir='ltr' id='par_1_32' title="bbox 2182 1683 3795 1758">
     <span class='ocr_line' id='line_1_32' title="bbox 2182 1683 3795 1758; baseline -0.002 -15"><span class='ocrx_word' id='word_1_222' title='bbox 2182 1688 2363 1743; x_wconf 88' lang='lat' dir='ltr'><strong>adhuc</strong></span> <span class='ocrx_word' id='word_1_223' title='bbox 2393 1702 2686 1758; x_wconf 87' lang='lat' dir='ltr'><strong>superesse</strong></span> <span class='ocrx_word' id='word_1_224' title='bbox 2714 1687 2984 1758; x_wconf 90' lang='lat' dir='ltr'><strong>queritur,</strong></span> <span class='ocrx_word' id='word_1_225' title='bbox 3010 1686 3292 1741; x_wconf 85' lang='lat' dir='ltr'><strong>oll‘endere</strong></span> <span class='ocrx_word' id='word_1_226' title='bbox 3333 1684 3602 1740; x_wconf 91' lang='lat' dir='ltr'><strong>noluerit.</strong></span> <span class='ocrx_word' id='word_1_227' title='bbox 3639 1683 3795 1739; x_wconf 88' lang='lat' dir='ltr'><strong>Certe</strong></span> 
     </span>
    </p>
   </div>
   <div class='ocr_carea' id='block_1_33' title="bbox 471 1777 3795 1854">
    <p class='ocr_par' dir='ltr' id='par_1_33' title="bbox 471 1777 3795 1854">
     <span class='ocr_line' id='line_1_33' title="bbox 471 1777 3795 1854; baseline 0 -20"><span class='ocrx_word' id='word_1_228' title='bbox 471 1778 700 1848; x_wconf 77' lang='lat' dir='ltr'><strong>Contuli,</strong></span> <span class='ocrx_word' id='word_1_229' title='bbox 751 1783 837 1838; x_wconf 89' lang='lat' dir='ltr'><strong>vel</strong></span> <span class='ocrx_word' id='word_1_230' title='bbox 893 1781 1104 1838; x_wconf 90' lang='lat' dir='ltr'><strong>Contuli</strong></span> <span class='ocrx_word' id='word_1_231' title='bbox 1155 1785 1209 1837; x_wconf 88' lang='lat' dir='ltr'><strong>in</strong></span> <span class='ocrx_word' id='word_1_232' title='bbox 1262 1784 1473 1839; x_wconf 82' lang='lat' dir='ltr'><strong>nomine</strong></span> <span class='ocrx_word' id='word_1_233' title='bbox 1501 1781 1713 1838; x_wconf 83' lang='lat' dir='ltr'><strong>Domini</strong></span> <span class='ocrx_word' id='word_1_234' title='bbox 1751 1784 1915 1837; x_wconf 77' lang='lat' dir='ltr'><strong>nostri</strong></span> <span class='ocrx_word' id='word_1_235' title='bbox 1949 1781 2076 1837; x_wconf 75' lang='lat' dir='ltr'><strong>Iesu</strong></span> <span class='ocrx_word' id='word_1_236' title='bbox 2108 1781 2156 1844; x_wconf 92' lang='lat' dir='ltr'><strong>B</strong></span> <span class='ocrx_word' id='word_1_237' title='bbox 2185 1796 2362 1854; x_wconf 89' lang='lat' dir='ltr'><strong>neque</strong></span> <span class='ocrx_word' id='word_1_238' title='bbox 2388 1781 2481 1836; x_wconf 90' lang='lat' dir='ltr'><strong>illa</strong></span> <span class='ocrx_word' id='word_1_239' title='bbox 2505 1781 2733 1837; x_wconf 89' lang='lat' dir='ltr'><strong>crimina</strong></span> <span class='ocrx_word' id='word_1_240' title='bbox 2761 1781 2964 1850; x_wconf 77' lang='lat' dir='ltr'><strong>attigit,</strong></span> <span class='ocrx_word' id='word_1_241' title='bbox 2991 1796 3110 1851; x_wconf 64' lang='lat' dir='ltr'><strong>quae</strong></span> <span class='ocrx_word' id='word_1_242' title='bbox 3134 1780 3186 1835; x_wconf 90' lang='lat' dir='ltr'><strong>in</strong></span> <span class='ocrx_word' id='word_1_243' title='bbox 3207 1780 3440 1836; x_wconf 87' lang='lat' dir='ltr'><strong>concilio</strong></span> <span class='ocrx_word' id='word_1_244' title='bbox 3471 1777 3795 1834; x_wconf 78' lang='lat' dir='ltr'><strong>Francol’or-</strong></span> 
     </span>
    </p>
   </div>
   <div class='ocr_carea' id='block_1_34' title="bbox 468 1869 2076 1947">
    <p class='ocr_par' dir='ltr' id='par_1_34' title="bbox 468 1869 2076 1947">
     <span class='ocr_line' id='line_1_34' title="bbox 468 1869 2076 1947; baseline 0.003 -21"><span class='ocrx_word' id='word_1_245' title='bbox 468 1869 688 1941; x_wconf 81' lang='lat' dir='ltr'><strong>Christi,</strong></span> <span class='ocrx_word' id='word_1_246' title='bbox 717 1874 908 1943; x_wconf 88' lang='lat' dir='ltr'><strong>verba,</strong></span> <span class='ocrx_word' id='word_1_247' title='bbox 938 1891 1062 1947; x_wconf 86' lang='lat' dir='ltr'><strong>quae</strong></span> <span class='ocrx_word' id='word_1_248' title='bbox 1091 1875 1146 1931; x_wconf 94' lang='lat' dir='ltr'><strong>in</strong></span> <span class='ocrx_word' id='word_1_249' title='bbox 1177 1875 1286 1932; x_wconf 82' lang='lat' dir='ltr'><strong>line</strong></span> <span class='ocrx_word' id='word_1_250' title='bbox 1315 1877 1442 1932; x_wconf 89' lang='lat' dir='ltr'><strong>libri</strong></span> <span class='ocrx_word' id='word_1_251' title='bbox 1473 1888 1665 1932; x_wconf 91' lang='lat' dir='ltr'><strong>contra</strong></span> <span class='ocrx_word' id='word_1_252' title='bbox 1695 1876 2076 1932; x_wconf 90' lang='lat' dir='ltr'><strong>Constantium</strong></span> 
     </span>
    </p>
   </div>
   <div class='ocr_carea' id='block_1_35' title="bbox 465 1966 2077 2043">
    <p class='ocr_par' dir='ltr' id='par_1_35' title="bbox 465 1966 2077 2043">
     <span class='ocr_line' id='line_1_35' title="bbox 465 1966 2077 2043; baseline 0.002 -21"><span class='ocrx_word' id='word_1_253' title='bbox 465 1966 760 2036; x_wconf 78' lang='lat' dir='ltr'><strong>adduntur,</strong></span> <span class='ocrx_word' id='word_1_254' title='bbox 785 1969 924 2042; x_wconf 88' lang='lat' dir='ltr'><strong>apud</strong></span> <span class='ocrx_word' id='word_1_255' title='bbox 948 1968 1164 2025; x_wconf 81' lang='lat' dir='ltr'><strong>Kasulis</strong></span> <span class='ocrx_word' id='word_1_256' title='bbox 1196 1973 1502 2026; x_wconf 87' lang='lat' dir='ltr'><strong>constitutus</strong></span> <span class='ocrx_word' id='word_1_257' title='bbox 1523 1989 1662 2026; x_wconf 86' lang='lat' dir='ltr'><strong>anno</strong></span> <span class='ocrx_word' id='word_1_258' title='bbox 1691 1972 2077 2043; x_wconf 88' lang='lat' dir='ltr'><strong>quartodecimo</strong></span> 
     </span>
    </p>
   </div>
   <div class='ocr_carea' id='block_1_36' title="bbox 463 2057 2079 2134">
    <p class='ocr_par' dir='ltr' id='par_1_36' title="bbox 463 2057 2079 2134">
     <span class='ocr_line' id='line_1_36' title="bbox 463 2057 2079 2134; baseline 0.002 -20"><span class='ocrx_word' id='word_1_259' title='bbox 463 2057 815 2117; x_wconf 85' lang='lat' dir='ltr'><strong>Trasamundi</strong></span> <span class='ocrx_word' id='word_1_260' title='bbox 854 2065 1012 2134; x_wconf 86' lang='lat' dir='ltr'><strong>regis,</strong></span> <span class='ocrx_word' id='word_1_261' title='bbox 1072 2061 1326 2119; x_wconf 85' lang='lat' dir='ltr'><strong>videntur</strong></span> <span class='ocrx_word' id='word_1_262' title='bbox 1368 2079 1491 2120; x_wconf 88' lang='lat' dir='ltr'><strong>esse</strong></span> <span class='ocrx_word' id='word_1_263' title='bbox 1541 2065 1775 2120; x_wconf 62' lang='lat' dir='ltr'><strong>diversa:</strong></span> <span class='ocrx_word' id='word_1_264' title='bbox 1805 2064 1996 2119; x_wconf 79' lang='lat' dir='ltr'><strong>formae</strong></span> <span class='ocrx_word' id='word_1_265' title='bbox 2022 2072 2079 2119; x_wconf 88' lang='lat' dir='ltr'><strong>et</strong></span> 
     </span>
    </p>
   </div>
   <div class='ocr_carea' id='block_1_37' title="bbox 465 2157 2078 2229">
    <p class='ocr_par' dir='ltr' id='par_1_37' title="bbox 465 2157 2078 2229">
     <span class='ocr_line' id='line_1_37' title="bbox 465 2157 2078 2229; baseline 0.003 -18"><span class='ocrx_word' id='word_1_266' title='bbox 465 2157 798 2225; x_wconf 87' lang='lat' dir='ltr'><strong>posterioris</strong></span> <span class='ocrx_word' id='word_1_267' title='bbox 846 2158 1048 2223; x_wconf 65' lang='lat' dir='ltr'><strong>aetatis,</strong></span> <span class='ocrx_word' id='word_1_268' title='bbox 1083 2168 1141 2213; x_wconf 92' lang='lat' dir='ltr'><strong>ut</strong></span> <span class='ocrx_word' id='word_1_269' title='bbox 1169 2166 1398 2229; x_wconf 86' lang='lat' dir='ltr'><strong>apparet</strong></span> <span class='ocrx_word' id='word_1_270' title='bbox 1443 2160 1494 2213; x_wconf 93' lang='lat' dir='ltr'><strong>in</strong></span> <span class='ocrx_word' id='word_1_271' title='bbox 1530 2159 1843 2228; x_wconf 86' lang='lat' dir='ltr'><strong>Specimine</strong></span> <span class='ocrx_word' id='word_1_272' title='bbox 1876 2159 2078 2216; x_wconf 80' lang='lat' dir='ltr'><strong>tabulae</strong></span> 
     </span>
    </p>
   </div>
   <div class='ocr_carea' id='block_1_38' title="bbox 463 2247 2076 2324">
    <p class='ocr_par' dir='ltr' id='par_1_38' title="bbox 463 2247 2076 2324">
     <span class='ocr_line' id='line_1_38' title="bbox 463 2247 2076 2324; baseline 0.004 -20"><span class='ocrx_word' id='word_1_273' title='bbox 463 2247 885 2309; x_wconf 72' lang='lat' dir='ltr'><strong>Mabillonianae.</strong></span> <span class='ocrx_word' id='word_1_274' title='bbox 919 2250 1032 2308; x_wconf 84' lang='lat' dir='ltr'><strong>Hoc</strong></span> <span class='ocrx_word' id='word_1_275' title='bbox 1065 2251 1241 2322; x_wconf 85' lang='lat' dir='ltr'><strong>ipsum</strong></span> <span class='ocrx_word' id='word_1_276' title='bbox 1272 2251 1472 2324; x_wconf 79' lang='lat' dir='ltr'><strong>arguit,</strong></span> <span class='ocrx_word' id='word_1_277' title='bbox 1507 2253 1652 2323; x_wconf 92' lang='lat' dir='ltr'><strong>quod</strong></span> <span class='ocrx_word' id='word_1_278' title='bbox 1681 2270 1743 2309; x_wconf 92' lang='lat' dir='ltr'><strong>ea</strong></span> <span class='ocrx_word' id='word_1_279' title='bbox 1774 2253 1882 2309; x_wconf 91' lang='lat' dir='ltr'><strong>alio</strong></span> <span class='ocrx_word' id='word_1_280' title='bbox 1913 2255 2076 2310; x_wconf 89' lang='lat' dir='ltr'><strong>modo</strong></span> 
     </span>
    </p>
   </div>
   <div class='ocr_carea' id='block_1_39' title="bbox 461 2342 2075 2416">
    <p class='ocr_par' dir='ltr' id='par_1_39' title="bbox 461 2342 2075 2416">
     <span class='ocr_line' id='line_1_39' title="bbox 461 2342 2075 2416; baseline 0.002 -18"><span class='ocrx_word' id='word_1_281' title='bbox 461 2343 534 2399; x_wconf 86' lang='lat' dir='ltr'><strong>ab</strong></span> <span class='ocrx_word' id='word_1_282' title='bbox 581 2342 702 2399; x_wconf 89' lang='lat' dir='ltr'><strong>aliis</strong></span> <span class='ocrx_word' id='word_1_283' title='bbox 733 2343 990 2413; x_wconf 86' lang='lat' dir='ltr'><strong>leguntur</strong></span> <span class='ocrx_word' id='word_1_284' title='bbox 1028 2355 1082 2400; x_wconf 91' lang='lat' dir='ltr'><strong>et</strong></span> <span class='ocrx_word' id='word_1_285' title='bbox 1112 2345 1486 2415; x_wconf 84' lang='lat' dir='ltr'><strong>explicantur,</strong></span> <span class='ocrx_word' id='word_1_286' title='bbox 1519 2360 1643 2402; x_wconf 90' lang='lat' dir='ltr'><strong>cum</strong></span> <span class='ocrx_word' id='word_1_287' title='bbox 1677 2346 1859 2416; x_wconf 90' lang='lat' dir='ltr'><strong>priora</strong></span> <span class='ocrx_word' id='word_1_288' title='bbox 1909 2347 2075 2402; x_wconf 88' lang='lat' dir='ltr'><strong>verba</strong></span> 
     </span>
    </p>
   </div>
   <div class='ocr_carea' id='block_1_40' title="bbox 461 2436 2074 2512">
    <p class='ocr_par' dir='ltr' id='par_1_40' title="bbox 461 2436 2074 2512">
     <span class='ocr_line' id='line_1_40' title="bbox 461 2436 2074 2512; baseline 0.002 -20"><span class='ocrx_word' id='word_1_289' title='bbox 461 2436 887 2508; x_wconf 85' lang='lat' dir='ltr'><strong>subscriptionis</strong></span> <span class='ocrx_word' id='word_1_290' title='bbox 937 2438 1082 2494; x_wconf 88' lang='lat' dir='ltr'><strong>illico</strong></span> <span class='ocrx_word' id='word_1_291' title='bbox 1109 2438 1177 2495; x_wconf 91' lang='lat' dir='ltr'><strong>ab</strong></span> <span class='ocrx_word' id='word_1_292' title='bbox 1208 2439 1465 2495; x_wconf 86' lang='lat' dir='ltr'><strong>omnibus</strong></span> <span class='ocrx_word' id='word_1_293' title='bbox 1508 2439 1904 2512; x_wconf 88' lang='lat' dir='ltr'><strong>intelligantur.</strong></span> <span class='ocrx_word' id='word_1_294' title='bbox 1932 2443 2074 2508; x_wconf 87' lang='lat' dir='ltr'><strong>Quin</strong></span> 
     </span>
    </p>
   </div>
   <div class='ocr_carea' id='block_1_41' title="bbox 463 2532 2068 2606">
    <p class='ocr_par' dir='ltr' id='par_1_41' title="bbox 463 2532 2068 2606">
     <span class='ocr_line' id='line_1_41' title="bbox 463 2532 2068 2606; baseline 0.001 -16"><span class='ocrx_word' id='word_1_295' title='bbox 463 2535 629 2590; x_wconf 89' lang='lat' dir='ltr'><strong>etiam</strong></span> <span class='ocrx_word' id='word_1_296' title='bbox 661 2532 903 2590; x_wconf 69' lang='lat' dir='ltr'><strong>blall‘eius</strong></span> <span class='ocrx_word' id='word_1_297' title='bbox 933 2549 1110 2606; x_wconf 91' lang='lat' dir='ltr'><strong>neque</strong></span> <span class='ocrx_word' id='word_1_298' title='bbox 1156 2533 1417 2599; x_wconf 74' lang='lat' dir='ltr'><strong>Putzalis,</strong></span> <span class='ocrx_word' id='word_1_299' title='bbox 1478 2544 1537 2590; x_wconf 92' lang='lat' dir='ltr'><strong>ut</strong></span> <span class='ocrx_word' id='word_1_300' title='bbox 1574 2535 1707 2605; x_wconf 88' lang='lat' dir='ltr'><strong>legit</strong></span> <span class='ocrx_word' id='word_1_301' title='bbox 1734 2535 2068 2605; x_wconf 87' lang='lat' dir='ltr'><strong>Holstenius,</strong></span> 
     </span>
    </p>
   </div>
   <div class='ocr_carea' id='block_1_42' title="bbox 462 2625 2075 2700">
    <p class='ocr_par' dir='ltr' id='par_1_42' title="bbox 462 2625 2075 2700">
     <span class='ocr_line' id='line_1_42' title="bbox 462 2625 2075 2700; baseline 0.002 -17"><span class='ocrx_word' id='word_1_302' title='bbox 462 2641 640 2700; x_wconf 91' lang='lat' dir='ltr'><strong>neque</strong></span> <span class='ocrx_word' id='word_1_303' title='bbox 669 2627 814 2698; x_wconf 88' lang='lat' dir='ltr'><strong>apud</strong></span> <span class='ocrx_word' id='word_1_304' title='bbox 845 2625 1085 2695; x_wconf 86' lang='lat' dir='ltr'><strong>Kasulis,</strong></span> <span class='ocrx_word' id='word_1_305' title='bbox 1121 2638 1182 2683; x_wconf 92' lang='lat' dir='ltr'><strong>ut</strong></span> <span class='ocrx_word' id='word_1_306' title='bbox 1211 2628 1339 2698; x_wconf 83' lang='lat' dir='ltr'><strong>legit</strong></span> <span class='ocrx_word' id='word_1_307' title='bbox 1366 2627 1739 2696; x_wconf 87' lang='lat' dir='ltr'><strong>Mabillonius,</strong></span> <span class='ocrx_word' id='word_1_308' title='bbox 1773 2629 1985 2698; x_wconf 88' lang='lat' dir='ltr'><strong>probat,</strong></span> <span class='ocrx_word' id='word_1_309' title='bbox 2018 2639 2075 2686; x_wconf 91' lang='lat' dir='ltr'><strong>et</strong></span> 
     </span>
    </p>
   </div>
   <div class='ocr_carea' id='block_1_43' title="bbox 461 2725 2075 2799">
    <p class='ocr_par' dir='ltr' id='par_1_43' title="bbox 461 2725 2075 2799">
     <span class='ocr_line' id='line_1_43' title="bbox 461 2725 2075 2799; baseline -0.003 -15"><span class='ocrx_word' id='word_1_310' title='bbox 461 2743 562 2799; x_wconf 91' lang='lat' dir='ltr'><strong>pro</strong></span> <span class='ocrx_word' id='word_1_311' title='bbox 599 2727 950 2783; x_wconf 87' lang='lat' dir='ltr'><strong>Trasamundi</strong></span> <span class='ocrx_word' id='word_1_312' title='bbox 973 2729 1062 2785; x_wconf 89' lang='lat' dir='ltr'><strong>vel</strong></span> <span class='ocrx_word' id='word_1_313' title='bbox 1091 2728 1483 2785; x_wconf 88' lang='lat' dir='ltr'><strong>Transamundi</strong></span> <span class='ocrx_word' id='word_1_314' title='bbox 1512 2727 1656 2782; x_wconf 86' lang='lat' dir='ltr'><strong>aliud</strong></span> <span class='ocrx_word' id='word_1_315' title='bbox 1689 2742 1890 2782; x_wconf 88' lang='lat' dir='ltr'><strong>nomen</strong></span> <span class='ocrx_word' id='word_1_316' title='bbox 1939 2725 2075 2780; x_wconf 86' lang='lat' dir='ltr'><strong>scri-</strong></span> 
     </span>
    </p>
   </div>
   <div class='ocr_carea' id='block_1_44' title="bbox 460 2819 2073 2894">
    <p class='ocr_par' dir='ltr' id='par_1_44' title="bbox 460 2819 2073 2894">
     <span class='ocr_line' id='line_1_44' title="bbox 460 2819 2073 2894; baseline -0.003 -14"><span class='ocrx_word' id='word_1_317' title='bbox 460 2831 613 2894; x_wconf 89' lang='lat' dir='ltr'><strong>ptum</strong></span> <span class='ocrx_word' id='word_1_318' title='bbox 637 2839 762 2880; x_wconf 91' lang='lat' dir='ltr'><strong>esse</strong></span> <span class='ocrx_word' id='word_1_319' title='bbox 793 2825 1094 2880; x_wconf 83' lang='lat' dir='ltr'><strong>existimat.</strong></span> <span class='ocrx_word' id='word_1_320' title='bbox 1129 2823 1404 2880; x_wconf 65' lang='lat' dir='ltr'><strong>Praeterea</strong></span> <span class='ocrx_word' id='word_1_321' title='bbox 1459 2824 1516 2878; x_wconf 93' lang='lat' dir='ltr'><strong>in</strong></span> <span class='ocrx_word' id='word_1_322' title='bbox 1543 2821 1645 2877; x_wconf 88' lang='lat' dir='ltr'><strong>hac</strong></span> <span class='ocrx_word' id='word_1_323' title='bbox 1673 2819 2073 2890; x_wconf 89' lang='lat' dir='ltr'><strong>subscriptione</strong></span> 
     </span>
    </p>
   </div>
   <div class='ocr_carea' id='block_1_45' title="bbox 462 2915 2068 2984">
    <p class='ocr_par' dir='ltr' id='par_1_45' title="bbox 462 2915 2068 2984">
     <span class='ocr_line' id='line_1_45' title="bbox 462 2915 2068 2984; baseline -0.005 -12"><span class='ocrx_word' id='word_1_324' title='bbox 462 2917 741 2974; x_wconf 69' lang='lat' dir='ltr'><strong>nonnullae</strong></span> <span class='ocrx_word' id='word_1_325' title='bbox 779 2917 978 2974; x_wconf 74' lang='lat' dir='ltr'><strong>littera:</strong></span> <span class='ocrx_word' id='word_1_326' title='bbox 1001 2926 1159 2974; x_wconf 83' lang='lat' dir='ltr'><strong>extra</strong></span> <span class='ocrx_word' id='word_1_327' title='bbox 1194 2917 1394 2973; x_wconf 86' lang='lat' dir='ltr'><strong>lineam</strong></span> <span class='ocrx_word' id='word_1_328' title='bbox 1428 2915 1720 2984; x_wconf 84' lang='lat' dir='ltr'><strong>tamlonge</strong></span> <span class='ocrx_word' id='word_1_329' title='bbox 1742 2919 2068 2978; x_wconf 90' lang='lat' dir='ltr'><strong>excurrunt,</strong></span> 
     </span>
    </p>
   </div>
   <div class='ocr_carea' id='block_1_46' title="bbox 459 3011 2071 3078">
    <p class='ocr_par' dir='ltr' id='par_1_46' title="bbox 459 3011 2071 3078">
     <span class='ocr_line' id='line_1_46' title="bbox 459 3011 2071 3078; baseline -0.002 -12"><span class='ocrx_word' id='word_1_330' title='bbox 459 3020 520 3066; x_wconf 90' lang='lat' dir='ltr'><strong>ut</strong></span> <span class='ocrx_word' id='word_1_331' title='bbox 568 3012 704 3068; x_wconf 90' lang='lat' dir='ltr'><strong>nihil</strong></span> <span class='ocrx_word' id='word_1_332' title='bbox 755 3013 935 3069; x_wconf 84' lang='lat' dir='ltr'><strong>simile</strong></span> <span class='ocrx_word' id='word_1_333' title='bbox 988 3013 1044 3069; x_wconf 91' lang='lat' dir='ltr'><strong>in</strong></span> <span class='ocrx_word' id='word_1_334' title='bbox 1074 3012 1354 3070; x_wconf 89' lang='lat' dir='ltr'><strong>codicibus</strong></span> <span class='ocrx_word' id='word_1_335' title='bbox 1384 3011 1570 3068; x_wconf 67' lang='lat' dir='ltr'><strong>sasculi</strong></span> <span class='ocrx_word' id='word_1_336' title='bbox 1604 3024 1658 3064; x_wconf 87' lang='lat' dir='ltr'><strong>vt</strong></span> <span class='ocrx_word' id='word_1_337' title='bbox 1688 3017 1785 3064; x_wconf 90' lang='lat' dir='ltr'><strong>aut</strong></span> <span class='ocrx_word' id='word_1_338' title='bbox 1811 3025 1883 3064; x_wconf 88' lang='lat' dir='ltr'><strong>vu</strong></span> <span class='ocrx_word' id='word_1_339' title='bbox 1913 3023 2071 3078; x_wconf 90' lang='lat' dir='ltr'><strong>repe-</strong></span> 
     </span>
    </p>
   </div>
   <div class='ocr_carea' id='block_1_47' title="bbox 457 3103 2070 3177">
    <p class='ocr_par' dir='ltr' id='par_1_47' title="bbox 457 3103 2070 3177">
     <span class='ocr_line' id='line_1_47' title="bbox 457 3103 2070 3177; baseline 0 -19"><span class='ocrx_word' id='word_1_340' title='bbox 457 3103 554 3159; x_wconf 90' lang='lat' dir='ltr'><strong>riri</strong></span> <span class='ocrx_word' id='word_1_341' title='bbox 577 3105 766 3163; x_wconf 89' lang='lat' dir='ltr'><strong>sciam.</strong></span> <span class='ocrx_word' id='word_1_342' title='bbox 801 3104 949 3161; x_wconf 89' lang='lat' dir='ltr'><strong>Nihil</strong></span> <span class='ocrx_word' id='word_1_343' title='bbox 976 3120 1110 3177; x_wconf 89' lang='lat' dir='ltr'><strong>ergo</strong></span> <span class='ocrx_word' id='word_1_344' title='bbox 1139 3105 1274 3160; x_wconf 90' lang='lat' dir='ltr'><strong>certi</strong></span> <span class='ocrx_word' id='word_1_345' title='bbox 1324 3111 1598 3174; x_wconf 88' lang='lat' dir='ltr'><strong>superest,</strong></span> <span class='ocrx_word' id='word_1_346' title='bbox 1655 3117 1723 3159; x_wconf 93' lang='lat' dir='ltr'><strong>ex</strong></span> <span class='ocrx_word' id='word_1_347' title='bbox 1781 3116 1888 3174; x_wconf 92' lang='lat' dir='ltr'><strong>quo</strong></span> <span class='ocrx_word' id='word_1_348' title='bbox 1935 3111 2070 3158; x_wconf 69' lang='lat' dir='ltr'><strong>aetas</strong></span> 
     </span>
    </p>
   </div>
   <div class='ocr_carea' id='block_1_48' title="bbox 2181 1873 3454 1946">
    <p class='ocr_par' dir='ltr' id='par_1_48' title="bbox 2181 1873 3454 1946">
     <span class='ocr_line' id='line_1_48' title="bbox 2181 1873 3454 1946; baseline -0.003 -14"><span class='ocrx_word' id='word_1_349' title='bbox 2181 1876 2355 1932; x_wconf 90' lang='lat' dir='ltr'><strong>diensi</strong></span> <span class='ocrx_word' id='word_1_350' title='bbox 2387 1875 2647 1932; x_wconf 80' lang='lat' dir='ltr'><strong>adversus</strong></span> <span class='ocrx_word' id='word_1_351' title='bbox 2680 1875 2921 1932; x_wconf 91' lang='lat' dir='ltr'><strong>Felicem</strong></span> <span class='ocrx_word' id='word_1_352' title='bbox 2947 1875 3179 1946; x_wconf 89' lang='lat' dir='ltr'><strong>probata</strong></span> <span class='ocrx_word' id='word_1_353' title='bbox 3213 1873 3454 1930; x_wconf 84' lang='lat' dir='ltr'><strong>fuerant.</strong></span> 
     </span>
    </p>
   </div>
   <div class='ocr_carea' id='block_1_49' title="bbox 2249 1966 3792 2040">
    <p class='ocr_par' dir='ltr' id='par_1_49' title="bbox 2249 1966 3792 2040">
     <span class='ocr_line' id='line_1_49' title="bbox 2249 1966 3792 2040; baseline -0.001 -16"><span class='ocrx_word' id='word_1_354' title='bbox 2249 1970 2378 2026; x_wconf 88' lang='grc'>250.</span> <span class='ocrx_word' id='word_1_355' title='bbox 2422 1970 2682 2040; x_wconf 87' lang='lat' dir='ltr'><strong>&#39;l&#39;heologi</strong></span> <span class='ocrx_word' id='word_1_356' title='bbox 2733 1967 3010 2025; x_wconf 86' lang='lat' dir='ltr'><strong>scolastici</strong></span> <span class='ocrx_word' id='word_1_357' title='bbox 3068 1968 3274 2040; x_wconf 90' lang='lat' dir='ltr'><strong>antiqui</strong></span> <span class='ocrx_word' id='word_1_358' title='bbox 3318 1985 3445 2024; x_wconf 91' lang='lat' dir='ltr'><strong>cum</strong></span> <span class='ocrx_word' id='word_1_359' title='bbox 3495 1966 3555 2023; x_wconf 91' lang='lat' dir='ltr'><strong>S.</strong></span> <span class='ocrx_word' id='word_1_360' title='bbox 3590 1966 3792 2023; x_wconf 84' lang='lat' dir='ltr'><strong>Thoma</strong></span> 
     </span>
    </p>
   </div>
   <div class='ocr_carea' id='block_1_50' title="bbox 2179 2061 3795 2132">
    <p class='ocr_par' dir='ltr' id='par_1_50' title="bbox 2179 2061 3795 2132">
     <span class='ocr_line' id='line_1_50' title="bbox 2179 2061 3795 2132; baseline -0.003 -13"><span class='ocrx_word' id='word_1_361' title='bbox 2179 2077 2288 2120; x_wconf 91' lang='lat' dir='ltr'><strong>non</strong></span> <span class='ocrx_word' id='word_1_362' title='bbox 2327 2063 2486 2118; x_wconf 90' lang='lat' dir='ltr'><strong>aliam</strong></span> <span class='ocrx_word' id='word_1_363' title='bbox 2519 2063 2778 2118; x_wconf 74' lang='lat' dir='ltr'><strong>videntur</strong></span> <span class='ocrx_word' id='word_1_364' title='bbox 2821 2063 3111 2118; x_wconf 90' lang='lat' dir='ltr'><strong>lectionem</strong></span> <span class='ocrx_word' id='word_1_365' title='bbox 3155 2061 3464 2131; x_wconf 84' lang='lat' dir='ltr'><strong>agnovisse,</strong></span> <span class='ocrx_word' id='word_1_366' title='bbox 3500 2061 3606 2118; x_wconf 89' lang='lat' dir='ltr'><strong>nisi</strong></span> <span class='ocrx_word' id='word_1_367' title='bbox 3639 2062 3795 2132; x_wconf 88' lang='lat' dir='ltr'><strong>adop-</strong></span> 
     </span>
    </p>
   </div>
   <div class='ocr_carea' id='block_1_51' title="bbox 2179 2156 3794 2229">
    <p class='ocr_par' dir='ltr' id='par_1_51' title="bbox 2179 2156 3794 2229">
     <span class='ocr_line' id='line_1_51' title="bbox 2179 2156 3794 2229; baseline 0.001 -17"><span class='ocrx_word' id='word_1_368' title='bbox 2179 2167 2355 2224; x_wconf 83' lang='lat' dir='ltr'><strong>tatur,</strong></span> <span class='ocrx_word' id='word_1_369' title='bbox 2416 2173 2480 2212; x_wconf 90' lang='lat' dir='ltr'><strong>ac</strong></span> <span class='ocrx_word' id='word_1_370' title='bbox 2543 2158 2602 2214; x_wconf 92' lang='lat' dir='ltr'><strong>S.</strong></span> <span class='ocrx_word' id='word_1_371' title='bbox 2665 2156 2928 2212; x_wconf 84' lang='lat' dir='ltr'><strong>Hilarium</strong></span> <span class='ocrx_word' id='word_1_372' title='bbox 2984 2157 3267 2229; x_wconf 80' lang='lat' dir='ltr'><strong>improprie</strong></span> <span class='ocrx_word' id='word_1_373' title='bbox 3321 2156 3564 2213; x_wconf 88' lang='lat' dir='ltr'><strong>locutum</strong></span> <span class='ocrx_word' id='word_1_374' title='bbox 3631 2157 3794 2213; x_wconf 84' lang='lat' dir='ltr'><strong>fuisse</strong></span> 
     </span>
    </p>
   </div>
   <div class='ocr_carea' id='block_1_52' title="bbox 2177 2251 3795 2324">
    <p class='ocr_par' dir='ltr' id='par_1_52' title="bbox 2177 2251 3795 2324">
     <span class='ocr_line' id='line_1_52' title="bbox 2177 2251 3795 2324; baseline -0.001 -16"><span class='ocrx_word' id='word_1_375' title='bbox 2177 2253 2536 2324; x_wconf 78' lang='lat' dir='ltr'><strong>respondent.</strong></span> <span class='ocrx_word' id='word_1_376' title='bbox 2583 2251 2642 2309; x_wconf 91' lang='lat' dir='ltr'><strong>S.</strong></span> <span class='ocrx_word' id='word_1_377' title='bbox 2673 2252 2911 2308; x_wconf 84' lang='lat' dir='ltr'><strong>Thomas</strong></span> <span class='ocrx_word' id='word_1_378' title='bbox 2952 2262 3092 2322; x_wconf 88' lang='lat' dir='ltr'><strong>part.</strong></span> <span class='ocrx_word' id='word_1_379' title='bbox 3126 2269 3208 2319; x_wconf 88' lang='lat' dir='ltr'><strong>Ill,</strong></span> <span class='ocrx_word' id='word_1_380' title='bbox 3234 2269 3288 2323; x_wconf 84' lang='lat' dir='ltr'><strong>q.</strong></span> <span class='ocrx_word' id='word_1_381' title='bbox 3315 2255 3408 2318; x_wconf 78' lang='grc'>25,</span> <span class='ocrx_word' id='word_1_382' title='bbox 3442 2261 3548 2307; x_wconf 89' lang='lat' dir='ltr'><strong>art.</strong></span> <span class='ocrx_word' id='word_1_383' title='bbox 3598 2253 3657 2318; x_wconf 71' lang='grc'><strong>4,</strong></span> <span class='ocrx_word' id='word_1_384' title='bbox 3718 2251 3795 2308; x_wconf 91' lang='lat' dir='ltr'><strong>sic</strong></span> 
     </span>
    </p>
   </div>
   <div class='ocr_carea' id='block_1_53' title="bbox 2178 2345 3795 2417">
    <p class='ocr_par' dir='ltr' id='par_1_53' title="bbox 2178 2345 3795 2417">
     <span class='ocr_line' id='line_1_53' title="bbox 2178 2345 3795 2417; baseline -0.001 -17"><span class='ocrx_word' id='word_1_385' title='bbox 2178 2356 2559 2417; x_wconf 85' lang='lat' dir='ltr'><strong>argumentum</strong></span> <span class='ocrx_word' id='word_1_386' title='bbox 2606 2346 2898 2416; x_wconf 75' lang='lat' dir='ltr'><strong>prononit:</strong></span> <span class='ocrx_word' id='word_1_387' title='bbox 2942 2345 3161 2399; x_wconf 73' lang='lat' dir='ltr'><strong>Videtur</strong></span> <span class='ocrx_word' id='word_1_388' title='bbox 3211 2345 3347 2415; x_wconf 85' lang='lat' dir='ltr'><strong>quod</strong></span> <span class='ocrx_word' id='word_1_389' title='bbox 3390 2345 3653 2411; x_wconf 78' lang='lat' dir='ltr'><strong>Christus,</strong></span> <span class='ocrx_word' id='word_1_390' title='bbox 3719 2360 3795 2399; x_wconf 88' lang='lat' dir='ltr'><strong>se-</strong></span> 
     </span>
    </p>
   </div>
   <div class='ocr_carea' id='block_1_54' title="bbox 2176 2438 3794 2512">
    <p class='ocr_par' dir='ltr' id='par_1_54' title="bbox 2176 2438 3794 2512">
     <span class='ocr_line' id='line_1_54' title="bbox 2176 2438 3794 2512; baseline 0 -18"><span class='ocrx_word' id='word_1_391' title='bbox 2176 2442 2404 2496; x_wconf 80' lang='lat' dir='ltr'><strong>cundant</strong></span> <span class='ocrx_word' id='word_1_392' title='bbox 2426 2441 2567 2512; x_wconf 90' lang='lat' dir='ltr'><strong>quod</strong></span> <span class='ocrx_word' id='word_1_393' title='bbox 2591 2441 2763 2506; x_wconf 90' lang='lat' dir='ltr'><strong>homo,</strong></span> <span class='ocrx_word' id='word_1_394' title='bbox 2787 2445 2854 2494; x_wconf 86' lang='lat' dir='ltr'><strong>sit</strong></span> <span class='ocrx_word' id='word_1_395' title='bbox 2880 2441 3022 2511; x_wconf 80' lang='lat' dir='ltr'><strong>ﬁlius</strong></span> <span class='ocrx_word' id='word_1_396' title='bbox 3047 2438 3144 2494; x_wconf 88' lang='lat' dir='ltr'><strong>Dei</strong></span> <span class='ocrx_word' id='word_1_397' title='bbox 3169 2440 3466 2509; x_wconf 82' lang='lat' dir='ltr'><strong>adaptivus.</strong></span> <span class='ocrx_word' id='word_1_398' title='bbox 3494 2439 3635 2494; x_wconf 82' lang='lat' dir='ltr'><strong>Dicit</strong></span> <span class='ocrx_word' id='word_1_399' title='bbox 3664 2440 3794 2495; x_wconf 87' lang='lat' dir='ltr'><strong>enim</strong></span> 
     </span>
    </p>
   </div>
   <div class='ocr_carea' id='block_1_55' title="bbox 2176 2534 3793 2609">
    <p class='ocr_par' dir='ltr' id='par_1_55' title="bbox 2176 2534 3793 2609">
     <span class='ocr_line' id='line_1_55' title="bbox 2176 2534 3793 2609; baseline 0 -19"><span class='ocrx_word' id='word_1_400' title='bbox 2176 2534 2417 2591; x_wconf 86' lang='lat' dir='ltr'><strong>Hilarius</strong></span> <span class='ocrx_word' id='word_1_401' title='bbox 2448 2539 2512 2592; x_wconf 90' lang='lat' dir='ltr'><strong>de</strong></span> <span class='ocrx_word' id='word_1_402' title='bbox 2537 2534 2744 2591; x_wconf 81' lang='lat' dir='ltr'><strong>Christo</strong></span> <span class='ocrx_word' id='word_1_403' title='bbox 2782 2538 2936 2609; x_wconf 74' lang='lat'><strong>127</strong></span> <span class='ocrx_word' id='word_1_404' title='bbox 2966 2537 3178 2607; x_wconf 90' lang='lat' dir='ltr'><strong>loquens</strong></span> <span class='ocrx_word' id='word_1_405' title='bbox 3207 2552 3226 2590; x_wconf 89' lang='lat'><strong><em>:</em></strong></span> <span class='ocrx_word' id='word_1_406' title='bbox 3260 2535 3540 2591; x_wconf 87' lang='lat' dir='ltr'><strong>Potestatis</strong></span> <span class='ocrx_word' id='word_1_407' title='bbox 3568 2536 3793 2607; x_wconf 79' lang='lat' dir='ltr'><strong>dignitas</strong></span> 
     </span>
    </p>
   </div>
   <div class='ocr_carea' id='block_1_56' title="bbox 2174 2628 3796 2700">
    <p class='ocr_par' dir='ltr' id='par_1_56' title="bbox 2174 2628 3796 2700">
     <span class='ocr_line' id='line_1_56' title="bbox 2174 2628 3796 2700; baseline 0.001 -17"><span class='ocrx_word' id='word_1_408' title='bbox 2174 2645 2279 2683; x_wconf 87' lang='lat' dir='ltr'><strong>non</strong></span> <span class='ocrx_word' id='word_1_409' title='bbox 2309 2630 2588 2695; x_wconf 85' lang='lat' dir='ltr'><strong>amittitur,</strong></span> <span class='ocrx_word' id='word_1_410' title='bbox 2651 2629 2775 2682; x_wconf 89' lang='lat' dir='ltr'><strong>dum</strong></span> <span class='ocrx_word' id='word_1_411' title='bbox 2805 2631 2977 2683; x_wconf 81' lang='lat' dir='ltr'><strong>carnis</strong></span> <span class='ocrx_word' id='word_1_412' title='bbox 3007 2629 3307 2684; x_wconf 81' lang='lat' dir='ltr'><strong>humanitas</strong></span> <span class='ocrx_word' id='word_1_413' title='bbox 3348 2630 3658 2700; x_wconf 85' lang='lat' dir='ltr'><strong>adoptatur.</strong></span> <span class='ocrx_word' id='word_1_414' title='bbox 3692 2628 3796 2685; x_wconf 80' lang='lat' dir='ltr'><strong>Re-</strong></span> 
     </span>
    </p>
   </div>
   <div class='ocr_carea' id='block_1_57' title="bbox 2173 2724 3795 2798">
    <p class='ocr_par' dir='ltr' id='par_1_57' title="bbox 2173 2724 3795 2798">
     <span class='ocr_line' id='line_1_57' title="bbox 2173 2724 3795 2798; baseline -0.001 -20"><span class='ocrx_word' id='word_1_415' title='bbox 2173 2724 2408 2795; x_wconf 87' lang='lat' dir='ltr'><strong>spondet</strong></span> <span class='ocrx_word' id='word_1_416' title='bbox 2433 2744 2445 2778; x_wconf 93' lang='lat'>:</span> <span class='ocrx_word' id='word_1_417' title='bbox 2475 2725 2555 2778; x_wconf 88' lang='lat' dir='ltr'><strong>Ad</strong></span> <span class='ocrx_word' id='word_1_418' title='bbox 2588 2725 2814 2795; x_wconf 89' lang='lat' dir='ltr'><strong>primum</strong></span> <span class='ocrx_word' id='word_1_419' title='bbox 2841 2741 2963 2798; x_wconf 82' lang='lat' dir='ltr'><strong>ergo</strong></span> <span class='ocrx_word' id='word_1_420' title='bbox 3002 2724 3304 2792; x_wconf 86' lang='lat' dir='ltr'><strong>dicendum,</strong></span> <span class='ocrx_word' id='word_1_421' title='bbox 3330 2725 3468 2796; x_wconf 91' lang='lat' dir='ltr'><strong>quod</strong></span> <span class='ocrx_word' id='word_1_422' title='bbox 3495 2725 3632 2778; x_wconf 83' lang='lat' dir='ltr'><strong>sicut</strong></span> <span class='ocrx_word' id='word_1_423' title='bbox 3661 2724 3795 2793; x_wconf 81' lang='lat' dir='ltr'><strong>ﬁlia-</strong></span> 
     </span>
    </p>
   </div>
   <div class='ocr_carea' id='block_1_58' title="bbox 2181 2817 3795 2893">
    <p class='ocr_par' dir='ltr' id='par_1_58' title="bbox 2181 2817 3795 2893">
     <span class='ocr_line' id='line_1_58' title="bbox 2181 2817 3795 2893; baseline -0.001 -21"><span class='ocrx_word' id='word_1_424' title='bbox 2181 2821 2254 2873; x_wconf 91' lang='lat' dir='ltr'><strong>tio</strong></span> <span class='ocrx_word' id='word_1_425' title='bbox 2280 2837 2383 2874; x_wconf 87' lang='lat' dir='ltr'><strong>non</strong></span> <span class='ocrx_word' id='word_1_426' title='bbox 2411 2820 2617 2893; x_wconf 73' lang='lat' dir='ltr'><strong>praprie</strong></span> <span class='ocrx_word' id='word_1_427' title='bbox 2647 2820 2880 2875; x_wconf 85' lang='lat' dir='ltr'><strong>convenit</strong></span> <span class='ocrx_word' id='word_1_428' title='bbox 2924 2827 3147 2886; x_wconf 63' lang='lat' dir='ltr'><strong>natura,</strong></span> <span class='ocrx_word' id='word_1_429' title='bbox 3199 2821 3276 2874; x_wconf 89' lang='lat' dir='ltr'><strong>ita</strong></span> <span class='ocrx_word' id='word_1_430' title='bbox 3330 2837 3421 2875; x_wconf 88' lang='lat' dir='ltr'><strong>nec</strong></span> <span class='ocrx_word' id='word_1_431' title='bbox 3458 2817 3698 2891; x_wconf 84' lang='lat' dir='ltr'><strong>adoptio.</strong></span> <span class='ocrx_word' id='word_1_432' title='bbox 3729 2817 3795 2873; x_wconf 82' lang='lat' dir='ltr'><strong>Et</strong></span> 
     </span>
    </p>
   </div>
   <div class='ocr_carea' id='block_1_59' title="bbox 2174 2911 3792 2984">
    <p class='ocr_par' dir='ltr' id='par_1_59' title="bbox 2174 2911 3792 2984">
     <span class='ocr_line' id='line_1_59' title="bbox 2174 2911 3792 2984; baseline -0.002 -18"><span class='ocrx_word' id='word_1_433' title='bbox 2174 2912 2288 2966; x_wconf 89' lang='lat' dir='ltr'><strong>ideo</strong></span> <span class='ocrx_word' id='word_1_434' title='bbox 2321 2929 2436 2966; x_wconf 78' lang='lat' dir='ltr'><strong>cum</strong></span> <span class='ocrx_word' id='word_1_435' title='bbox 2491 2912 2703 2982; x_wconf 88' lang='lat' dir='ltr'><strong>dicitur,</strong></span> <span class='ocrx_word' id='word_1_436' title='bbox 2761 2915 2900 2983; x_wconf 87' lang='lat' dir='ltr'><strong>quod</strong></span> <span class='ocrx_word' id='word_1_437' title='bbox 2929 2914 3102 2968; x_wconf 87' lang='lat' dir='ltr'><strong>carnis</strong></span> <span class='ocrx_word' id='word_1_438' title='bbox 3151 2911 3457 2966; x_wconf 89' lang='lat' dir='ltr'><strong>humanitas</strong></span> <span class='ocrx_word' id='word_1_439' title='bbox 3485 2912 3792 2984; x_wconf 87' lang='lat' dir='ltr'><strong>adaptatur,</strong></span> 
     </span>
    </p>
   </div>
   <div class='ocr_carea' id='block_1_60' title="bbox 2172 3003 3794 3077">
    <p class='ocr_par' dir='ltr' id='par_1_60' title="bbox 2172 3003 3794 3077">
     <span class='ocr_line' id='line_1_60' title="bbox 2172 3003 3794 3077; baseline -0.001 -19"><span class='ocrx_word' id='word_1_440' title='bbox 2172 3006 2460 3077; x_wconf 81' lang='lat' dir='ltr'><strong>impmpria</strong></span> <span class='ocrx_word' id='word_1_441' title='bbox 2510 3013 2584 3059; x_wconf 83' lang='lat' dir='ltr'><strong>est</strong></span> <span class='ocrx_word' id='word_1_442' title='bbox 2641 3005 2852 3072; x_wconf 89' lang='lat' dir='ltr'><strong>locutio,</strong></span> <span class='ocrx_word' id='word_1_443' title='bbox 2899 3015 2948 3059; x_wconf 90' lang='lat' dir='ltr'><strong>et</strong></span> <span class='ocrx_word' id='word_1_444' title='bbox 2999 3005 3254 3076; x_wconf 84' lang='lat' dir='ltr'><strong>accipitur</strong></span> <span class='ocrx_word' id='word_1_445' title='bbox 3298 3003 3368 3058; x_wconf 85' lang='lat' dir='ltr'><strong>ibi</strong></span> <span class='ocrx_word' id='word_1_446' title='bbox 3397 3005 3670 3074; x_wconf 88' lang='lat' dir='ltr'><strong>adoptatio</strong></span> <span class='ocrx_word' id='word_1_447' title='bbox 3699 3020 3794 3075; x_wconf 91' lang='lat' dir='ltr'><strong>pro</strong></span> 
     </span>
    </p>
   </div>
   <div class='ocr_carea' id='block_1_61' title="bbox 2172 3096 3796 3169">
    <p class='ocr_par' dir='ltr' id='par_1_61' title="bbox 2172 3096 3796 3169">
     <span class='ocr_line' id='line_1_61' title="bbox 2172 3096 3796 3169; baseline 0.001 -18"><span class='ocrx_word' id='word_1_448' title='bbox 2172 3098 2365 3153; x_wconf 87' lang='lat' dir='ltr'><strong>unione</strong></span> <span class='ocrx_word' id='word_1_449' title='bbox 2397 3098 2639 3152; x_wconf 75' lang='lat' dir='ltr'><strong>humana:</strong></span> <span class='ocrx_word' id='word_1_450' title='bbox 2667 3107 2868 3153; x_wconf 75' lang='lat' dir='ltr'><strong>naturae</strong></span> <span class='ocrx_word' id='word_1_451' title='bbox 2895 3097 2965 3152; x_wconf 89' lang='lat' dir='ltr'><strong>ad</strong></span> <span class='ocrx_word' id='word_1_452' title='bbox 2990 3115 3261 3169; x_wconf 82' lang='lat' dir='ltr'><strong>personant</strong></span> <span class='ocrx_word' id='word_1_453' title='bbox 3292 3096 3441 3152; x_wconf 84' lang='lat' dir='ltr'><strong>Filii.</strong></span> <span class='ocrx_word' id='word_1_454' title='bbox 3497 3097 3574 3153; x_wconf 85' lang='lat' dir='ltr'><strong>Ac</strong></span> <span class='ocrx_word' id='word_1_455' title='bbox 3606 3107 3796 3153; x_wconf 82' lang='lat' dir='ltr'><strong>notan-</strong></span> 
     </span>
    </p>
   </div>
   <div class='ocr_carea' id='block_1_62' title="bbox 457 3177 3798 3268">
    <p class='ocr_par' dir='ltr' id='par_1_62' title="bbox 457 3177 3798 3268">
     <span class='ocr_line' id='line_1_62' title="bbox 457 3177 3798 3268; baseline -0.001 -17"><span class='ocrx_word' id='word_1_456' title='bbox 457 3195 666 3254; x_wconf 90' lang='lat' dir='ltr'><strong>codicis</strong></span> <span class='ocrx_word' id='word_1_457' title='bbox 693 3199 896 3255; x_wconf 63' lang='lat' dir='ltr'><strong>sarculo</strong></span> <span class='ocrx_word' id='word_1_458' title='bbox 923 3214 975 3253; x_wconf 86' lang='lat' dir='ltr'><strong>vt</strong></span> <span class='ocrx_word' id='word_1_459' title='bbox 1010 3197 1224 3254; x_wconf 83' lang='lat' dir='ltr'><strong>deliniri</strong></span> <span class='ocrx_word' id='word_1_460' title='bbox 1249 3198 1442 3268; x_wconf 90' lang='lat' dir='ltr'><strong>possit,</strong></span> <span class='ocrx_word' id='word_1_461' title='bbox 1475 3195 1726 3267; x_wconf 90' lang='lat' dir='ltr'><strong>quamvis</strong></span> <span class='ocrx_word' id='word_1_462' title='bbox 1754 3196 1938 3267; x_wconf 88' lang='lat' dir='ltr'><strong>negari</strong></span> <span class='ocrx_word' id='word_1_463' title='bbox 1970 3209 2068 3251; x_wconf 86' lang='lat' dir='ltr'><strong>ne-</strong></span> <span class='ocrx_word' id='word_1_464' title='bbox 2099 3177 2146 3242; x_wconf 84' lang='lat' dir='ltr'><strong>C</strong></span> <span class='ocrx_word' id='word_1_465' title='bbox 2177 3191 2304 3249; x_wconf 93' lang='lat' dir='ltr'><strong>dum</strong></span> <span class='ocrx_word' id='word_1_466' title='bbox 2351 3193 2407 3249; x_wconf 93' lang='lat' dir='ltr'><strong>S.</strong></span> <span class='ocrx_word' id='word_1_467' title='bbox 2457 3192 2726 3249; x_wconf 84' lang='lat' dir='ltr'><strong>Thomam</strong></span> <span class='ocrx_word' id='word_1_468' title='bbox 2774 3194 2977 3264; x_wconf 79' lang='lat' dir='ltr'><strong>legisse</strong></span> <span class='ocrx_word' id='word_1_469' title='bbox 3026 3193 3320 3248; x_wconf 84' lang='lat' dir='ltr'><strong>humanitas</strong></span> <span class='ocrx_word' id='word_1_470' title='bbox 3345 3233 3360 3260; x_wconf 86' lang='lat'><strong>,</strong></span> <span class='ocrx_word' id='word_1_471' title='bbox 3411 3192 3504 3248; x_wconf 88' lang='lat' dir='ltr'><strong>ubi</strong></span> <span class='ocrx_word' id='word_1_472' title='bbox 3554 3191 3798 3263; x_wconf 88' lang='lat' dir='ltr'><strong>plerique</strong></span> 
     </span>
    </p>
   </div>
   <div class='ocr_carea' id='block_1_63' title="bbox 456 3290 2074 3362">
    <p class='ocr_par' dir='ltr' id='par_1_63' title="bbox 456 3290 2074 3362">
     <span class='ocr_line' id='line_1_63' title="bbox 456 3290 2074 3362; baseline -0.002 -16"><span class='ocrx_word' id='word_1_473' title='bbox 456 3301 622 3360; x_wconf 86' lang='lat' dir='ltr'><strong>queat</strong></span> <span class='ocrx_word' id='word_1_474' title='bbox 647 3291 978 3348; x_wconf 86' lang='lat' dir='ltr'><strong>venerandae</strong></span> <span class='ocrx_word' id='word_1_475' title='bbox 1030 3290 1372 3362; x_wconf 88' lang='lat' dir='ltr'><strong>antiquitatis</strong></span> <span class='ocrx_word' id='word_1_476' title='bbox 1401 3304 1529 3346; x_wconf 89' lang='lat' dir='ltr'><strong>eum</strong></span> <span class='ocrx_word' id='word_1_477' title='bbox 1575 3304 1720 3358; x_wconf 92' lang='lat' dir='ltr'><strong>esse,</strong></span> <span class='ocrx_word' id='word_1_478' title='bbox 1763 3304 1828 3344; x_wconf 89' lang='lat' dir='ltr'><strong>ac</strong></span> <span class='ocrx_word' id='word_1_479' title='bbox 1878 3303 2074 3359; x_wconf 85' lang='lat' dir='ltr'><strong>magno</strong></span> 
     </span>
    </p>
   </div>
   <div class='ocr_carea' id='block_1_64' title="bbox 461 3381 1080 3452">
    <p class='ocr_par' dir='ltr' id='par_1_64' title="bbox 461 3381 1080 3452">
     <span class='ocr_line' id='line_1_64' title="bbox 461 3381 1080 3452; baseline 0.003 -18"><span class='ocrx_word' id='word_1_480' title='bbox 461 3381 516 3436; x_wconf 92' lang='lat' dir='ltr'><strong>in</strong></span> <span class='ocrx_word' id='word_1_481' title='bbox 546 3384 722 3452; x_wconf 91' lang='lat' dir='ltr'><strong>pretio</strong></span> <span class='ocrx_word' id='word_1_482' title='bbox 745 3383 1080 3438; x_wconf 88' lang='lat' dir='ltr'><strong>habendum.</strong></span> 
     </span>
    </p>
   </div>
   <div class='ocr_carea' id='block_1_65' title="bbox 531 3471 2071 3546">
    <p class='ocr_par' dir='ltr' id='par_1_65' title="bbox 531 3471 2071 3546">
     <span class='ocr_line' id='line_1_65' title="bbox 531 3471 2071 3546; baseline 0.001 -19"><span class='ocrx_word' id='word_1_483' title='bbox 531 3472 661 3530; x_wconf 89' lang='lat'><strong>228.</strong></span> <span class='ocrx_word' id='word_1_484' title='bbox 691 3475 870 3530; x_wconf 87' lang='lat' dir='ltr'><strong>Erunt</strong></span> <span class='ocrx_word' id='word_1_485' title='bbox 895 3474 1153 3540; x_wconf 80' lang='lat' dir='ltr'><strong>fortasse,</strong></span> <span class='ocrx_word' id='word_1_486' title='bbox 1201 3475 1294 3546; x_wconf 91' lang='lat' dir='ltr'><strong>qui</strong></span> <span class='ocrx_word' id='word_1_487' title='bbox 1355 3482 1626 3545; x_wconf 65' lang='lat' dir='ltr'><strong>quaerant,</strong></span> <span class='ocrx_word' id='word_1_488' title='bbox 1677 3481 1799 3529; x_wconf 92' lang='lat' dir='ltr'><strong>utra</strong></span> <span class='ocrx_word' id='word_1_489' title='bbox 1855 3471 2071 3528; x_wconf 90' lang='lat' dir='ltr'><strong>tandem</strong></span> 
     </span>
    </p>
   </div>
   <div class='ocr_carea' id='block_1_66' title="bbox 459 3566 2072 3641">
    <p class='ocr_par' dir='ltr' id='par_1_66' title="bbox 459 3566 2072 3641">
     <span class='ocr_line' id='line_1_66' title="bbox 459 3566 2072 3641; baseline 0 -18"><span class='ocrx_word' id='word_1_490' title='bbox 459 3566 624 3625; x_wconf 86' lang='lat' dir='ltr'><strong>lectio</strong></span> <span class='ocrx_word' id='word_1_491' title='bbox 651 3570 889 3640; x_wconf 92' lang='lat' dir='ltr'><strong>genuina</strong></span> <span class='ocrx_word' id='word_1_492' title='bbox 937 3571 1010 3626; x_wconf 88' lang='lat' dir='ltr'><strong>sit</strong></span> <span class='ocrx_word' id='word_1_493' title='bbox 1058 3569 1274 3637; x_wconf 83' lang='lat' dir='ltr'><strong>Hilarii,</strong></span> <span class='ocrx_word' id='word_1_494' title='bbox 1326 3570 1593 3625; x_wconf 85' lang='lat' dir='ltr'><strong>humilitas</strong></span> <span class='ocrx_word' id='word_1_495' title='bbox 1643 3569 1945 3641; x_wconf 85' lang='lat' dir='ltr'><strong>adaptatur,</strong></span> <span class='ocrx_word' id='word_1_496' title='bbox 2003 3582 2072 3623; x_wconf 90' lang='lat' dir='ltr'><strong>an</strong></span> 
     </span>
    </p>
   </div>
   <div class='ocr_carea' id='block_1_67' title="bbox 463 3659 2073 3734">
    <p class='ocr_par' dir='ltr' id='par_1_67' title="bbox 463 3659 2073 3734">
     <span class='ocr_line' id='line_1_67' title="bbox 463 3659 2073 3734; baseline 0.001 -20"><span class='ocrx_word' id='word_1_497' title='bbox 463 3661 738 3716; x_wconf 79' lang='lat' dir='ltr'><strong>adoretur.</strong></span> <span class='ocrx_word' id='word_1_498' title='bbox 772 3661 1016 3718; x_wconf 79' lang='lat' dir='ltr'><strong>Mat‘feius</strong></span> <span class='ocrx_word' id='word_1_499' title='bbox 1047 3677 1119 3719; x_wconf 91' lang='lat' dir='ltr'><strong>ex</strong></span> <span class='ocrx_word' id='word_1_500' title='bbox 1173 3677 1274 3718; x_wconf 90' lang='lat' dir='ltr'><strong>suo</strong></span> <span class='ocrx_word' id='word_1_501' title='bbox 1327 3662 1518 3719; x_wconf 88' lang='lat' dir='ltr'><strong>codice</strong></span> <span class='ocrx_word' id='word_1_502' title='bbox 1565 3661 1799 3734; x_wconf 86' lang='lat' dir='ltr'><strong>colligit,</strong></span> <span class='ocrx_word' id='word_1_503' title='bbox 1859 3659 2073 3716; x_wconf 85' lang='lat' dir='ltr'><strong>libenter</strong></span> 
     </span>
    </p>
   </div>
   <div class='ocr_carea' id='block_1_68' title="bbox 463 3755 2072 3828">
    <p class='ocr_par' dir='ltr' id='par_1_68' title="bbox 463 3755 2072 3828">
     <span class='ocr_line' id='line_1_68' title="bbox 463 3755 2072 3828; baseline -0.002 -17"><span class='ocrx_word' id='word_1_504' title='bbox 463 3757 672 3828; x_wconf 85' lang='lat' dir='ltr'><strong>quidem</strong></span> <span class='ocrx_word' id='word_1_505' title='bbox 716 3771 1001 3813; x_wconf 65' lang='lat' dir='ltr'><strong>nonnon</strong></span> <span class='ocrx_word' id='word_1_506' title='bbox 1050 3757 1239 3812; x_wconf 89' lang='lat' dir='ltr'><strong>lectum</strong></span> <span class='ocrx_word' id='word_1_507' title='bbox 1287 3757 1412 3812; x_wconf 87' lang='lat' dir='ltr'><strong>olim</strong></span> <span class='ocrx_word' id='word_1_508' title='bbox 1453 3758 1662 3828; x_wconf 77' lang='lat' dir='ltr'><strong>fuisse:</strong></span> <span class='ocrx_word' id='word_1_509' title='bbox 1695 3755 1760 3810; x_wconf 89' lang='lat' dir='ltr'><strong>de</strong></span> <span class='ocrx_word' id='word_1_510' title='bbox 1812 3772 1872 3810; x_wconf 92' lang='lat' dir='ltr'><strong>ea</strong></span> <span class='ocrx_word' id='word_1_511' title='bbox 1901 3764 2072 3809; x_wconf 88' lang='lat' dir='ltr'><strong>tamen</strong></span> 
     </span>
    </p>
   </div>
   <div class='ocr_carea' id='block_1_69' title="bbox 462 3849 2072 3924">
    <p class='ocr_par' dir='ltr' id='par_1_69' title="bbox 462 3849 2072 3924">
     <span class='ocr_line' id='line_1_69' title="bbox 462 3849 2072 3924; baseline 0 -20"><span class='ocrx_word' id='word_1_512' title='bbox 462 3851 682 3906; x_wconf 83' lang='lat' dir='ltr'><strong>lectione</strong></span> <span class='ocrx_word' id='word_1_513' title='bbox 708 3853 991 3922; x_wconf 86' lang='lat' dir='ltr'><strong>antiquitus</strong></span> <span class='ocrx_word' id='word_1_514' title='bbox 1012 3868 1240 3924; x_wconf 86' lang='lat' dir='ltr'><strong>quoque,</strong></span> <span class='ocrx_word' id='word_1_515' title='bbox 1267 3859 1314 3906; x_wconf 89' lang='lat' dir='ltr'><strong>et</strong></span> <span class='ocrx_word' id='word_1_516' title='bbox 1335 3853 1496 3907; x_wconf 89' lang='lat' dir='ltr'><strong>multo</strong></span> <span class='ocrx_word' id='word_1_517' title='bbox 1518 3860 1637 3906; x_wconf 86' lang='lat' dir='ltr'><strong>ante</strong></span> <span class='ocrx_word' id='word_1_518' title='bbox 1665 3851 1824 3924; x_wconf 76' lang='lat'><strong>126</strong></span> <span class='ocrx_word' id='word_1_519' title='bbox 1847 3849 2072 3905; x_wconf 78' lang='lat' dir='ltr'><strong>Felicem</strong></span> 
     </span>
    </p>
   </div>
   <div class='ocr_carea' id='block_1_70' title="bbox 467 3945 2072 4019">
    <p class='ocr_par' dir='ltr' id='par_1_70' title="bbox 467 3945 2072 4019">
     <span class='ocr_line' id='line_1_70' title="bbox 467 3945 2072 4019; baseline 0 -19"><span class='ocrx_word' id='word_1_520' title='bbox 467 3945 828 4019; x_wconf 87' lang='lat' dir='ltr'><strong>Orgelitanum</strong></span> <span class='ocrx_word' id='word_1_521' title='bbox 874 3947 1164 4002; x_wconf 83' lang='lat' dir='ltr'><strong>dubitatum</strong></span> <span class='ocrx_word' id='word_1_522' title='bbox 1205 3964 1331 4002; x_wconf 85' lang='lat' dir='ltr'><strong>esse.</strong></span> <span class='ocrx_word' id='word_1_523' title='bbox 1367 3947 1500 4003; x_wconf 88' lang='lat' dir='ltr'><strong>Tam</strong></span> <span class='ocrx_word' id='word_1_524' title='bbox 1529 3945 1706 4003; x_wconf 75' lang='lat' dir='ltr'><strong>facilis</strong></span> <span class='ocrx_word' id='word_1_525' title='bbox 1743 3953 1827 4002; x_wconf 85' lang='lat' dir='ltr'><strong>est</strong></span> <span class='ocrx_word' id='word_1_526' title='bbox 1853 3960 2072 4018; x_wconf 84' lang='lat' dir='ltr'><strong>permu-</strong></span> 
     </span>
    </p>
   </div>
   <div class='ocr_carea' id='block_1_71' title="bbox 463 4038 2071 4109">
    <p class='ocr_par' dir='ltr' id='par_1_71' title="bbox 463 4038 2071 4109">
     <span class='ocr_line' id='line_1_71' title="bbox 463 4038 2071 4109; baseline -0.001 -15"><span class='ocrx_word' id='word_1_527' title='bbox 463 4039 598 4096; x_wconf 88' lang='lat' dir='ltr'><strong>tatio</strong></span> <span class='ocrx_word' id='word_1_528' title='bbox 645 4039 838 4096; x_wconf 90' lang='lat' dir='ltr'><strong>harum</strong></span> <span class='ocrx_word' id='word_1_529' title='bbox 868 4055 1063 4096; x_wconf 90' lang='lat' dir='ltr'><strong>vocum</strong></span> <span class='ocrx_word' id='word_1_530' title='bbox 1096 4041 1149 4095; x_wconf 92' lang='lat' dir='ltr'><strong>in</strong></span> <span class='ocrx_word' id='word_1_531' title='bbox 1201 4040 1516 4109; x_wconf 79' lang='lat' dir='ltr'><strong>codicibus,</strong></span> <span class='ocrx_word' id='word_1_532' title='bbox 1577 4048 1638 4094; x_wconf 90' lang='lat' dir='ltr'><strong>ut</strong></span> <span class='ocrx_word' id='word_1_533' title='bbox 1689 4043 1803 4095; x_wconf 85' lang='lat' dir='ltr'><strong>sive</strong></span> <span class='ocrx_word' id='word_1_534' title='bbox 1834 4038 2071 4093; x_wconf 90' lang='lat' dir='ltr'><strong>Hilarius</strong></span> 
     </span>
    </p>
   </div>
   <div class='ocr_carea' id='block_1_72' title="bbox 465 4130 2071 4205">
    <p class='ocr_par' dir='ltr' id='par_1_72' title="bbox 465 4130 2071 4205">
     <span class='ocr_line' id='line_1_72' title="bbox 465 4130 2071 4205; baseline -0.002 -17"><span class='ocrx_word' id='word_1_535' title='bbox 465 4132 750 4204; x_wconf 90' lang='lat' dir='ltr'><strong>scripserit</strong></span> <span class='ocrx_word' id='word_1_536' title='bbox 779 4133 1050 4203; x_wconf 86' lang='lat' dir='ltr'><strong>adoratur,</strong></span> <span class='ocrx_word' id='word_1_537' title='bbox 1104 4135 1220 4190; x_wconf 88' lang='lat' dir='ltr'><strong>sive</strong></span> <span class='ocrx_word' id='word_1_538' title='bbox 1247 4134 1552 4205; x_wconf 87' lang='lat' dir='ltr'><strong>adoptatur,</strong></span> <span class='ocrx_word' id='word_1_539' title='bbox 1602 4132 1762 4188; x_wconf 88' lang='lat' dir='ltr'><strong>valde</strong></span> <span class='ocrx_word' id='word_1_540' title='bbox 1791 4130 2071 4202; x_wconf 87' lang='lat' dir='ltr'><strong>probabile</strong></span> 
     </span>
    </p>
   </div>
   <div class='ocr_carea' id='block_1_73' title="bbox 459 4225 2071 4301">
    <p class='ocr_par' dir='ltr' id='par_1_73' title="bbox 459 4225 2071 4301">
     <span class='ocr_line' id='line_1_73' title="bbox 459 4225 2071 4301; baseline -0.002 -17"><span class='ocrx_word' id='word_1_541' title='bbox 459 4230 534 4286; x_wconf 88' lang='lat' dir='ltr'><strong>sit</strong></span> <span class='ocrx_word' id='word_1_542' title='bbox 561 4236 848 4301; x_wconf 89' lang='lat' dir='ltr'><strong>utramque</strong></span> <span class='ocrx_word' id='word_1_543' title='bbox 875 4229 1169 4286; x_wconf 90' lang='lat' dir='ltr'><strong>lectionem</strong></span> <span class='ocrx_word' id='word_1_544' title='bbox 1197 4229 1364 4286; x_wconf 90' lang='lat' dir='ltr'><strong>etiam</strong></span> <span class='ocrx_word' id='word_1_545' title='bbox 1391 4238 1517 4286; x_wconf 90' lang='lat' dir='ltr'><strong>ante</strong></span> <span class='ocrx_word' id='word_1_546' title='bbox 1547 4227 1786 4284; x_wconf 90' lang='lat' dir='ltr'><strong>Felicem</strong></span> <span class='ocrx_word' id='word_1_547' title='bbox 1817 4227 1870 4282; x_wconf 90' lang='lat' dir='ltr'><strong>in</strong></span> <span class='ocrx_word' id='word_1_548' title='bbox 1919 4225 2071 4283; x_wconf 85' lang='lat' dir='ltr'><strong>codi-</strong></span> 
     </span>
    </p>
   </div>
   <div class='ocr_carea' id='block_1_74' title="bbox 463 4319 2066 4394">
    <p class='ocr_par' dir='ltr' id='par_1_74' title="bbox 463 4319 2066 4394">
     <span class='ocr_line' id='line_1_74' title="bbox 463 4319 2066 4394; baseline 0.002 -21"><span class='ocrx_word' id='word_1_549' title='bbox 463 4323 615 4380; x_wconf 72' lang='lat' dir='ltr'><strong>cibus</strong></span> <span class='ocrx_word' id='word_1_550' title='bbox 645 4323 945 4379; x_wconf 85' lang='lat' dir='ltr'><strong>exstitisse.</strong></span> <span class='ocrx_word' id='word_1_551' title='bbox 1001 4322 1060 4379; x_wconf 88' lang='lat' dir='ltr'><strong>ld</strong></span> <span class='ocrx_word' id='word_1_552' title='bbox 1087 4323 1220 4379; x_wconf 88' lang='lat' dir='ltr'><strong>satis</strong></span> <span class='ocrx_word' id='word_1_553' title='bbox 1271 4323 1468 4394; x_wconf 88' lang='lat' dir='ltr'><strong>probat</strong></span> <span class='ocrx_word' id='word_1_554' title='bbox 1495 4323 1669 4378; x_wconf 84' lang='lat' dir='ltr'><strong>codex</strong></span> <span class='ocrx_word' id='word_1_555' title='bbox 1706 4319 2066 4387; x_wconf 81' lang='lat' dir='ltr'><strong>Veronensis,</strong></span> 
     </span>
    </p>
   </div>
   <div class='ocr_carea' id='block_1_75' title="bbox 461 4417 2068 4490">
    <p class='ocr_par' dir='ltr' id='par_1_75' title="bbox 461 4417 2068 4490">
     <span class='ocr_line' id='line_1_75' title="bbox 461 4417 2068 4490; baseline -0.002 -15"><span class='ocrx_word' id='word_1_556' title='bbox 461 4419 553 4490; x_wconf 87' lang='lat' dir='ltr'><strong>qui</strong></span> <span class='ocrx_word' id='word_1_557' title='bbox 582 4433 726 4474; x_wconf 89' lang='lat' dir='ltr'><strong>unus</strong></span> <span class='ocrx_word' id='word_1_558' title='bbox 751 4418 874 4474; x_wconf 90' lang='lat' dir='ltr'><strong>sine</strong></span> <span class='ocrx_word' id='word_1_559' title='bbox 920 4419 1299 4475; x_wconf 88' lang='lat' dir='ltr'><strong>controversia</strong></span> <span class='ocrx_word' id='word_1_560' title='bbox 1340 4429 1585 4490; x_wconf 89' lang='lat' dir='ltr'><strong>tempora</strong></span> <span class='ocrx_word' id='word_1_561' title='bbox 1615 4417 1818 4474; x_wconf 90' lang='lat' dir='ltr'><strong>Felicis</strong></span> <span class='ocrx_word' id='word_1_562' title='bbox 1845 4425 2068 4473; x_wconf 90' lang='lat' dir='ltr'><strong>antece-</strong></span> 
     </span>
    </p>
   </div>
   <div class='ocr_carea' id='block_1_76' title="bbox 462 4509 2076 4584">
    <p class='ocr_par' dir='ltr' id='par_1_76' title="bbox 462 4509 2076 4584">
     <span class='ocr_line' id='line_1_76' title="bbox 462 4509 2076 4584; baseline 0 -18"><span class='ocrx_word' id='word_1_563' title='bbox 462 4512 560 4567; x_wconf 88' lang='lat' dir='ltr'><strong>dit.</strong></span> <span class='ocrx_word' id='word_1_564' title='bbox 595 4512 887 4584; x_wconf 85' lang='lat' dir='ltr'><strong>Conjicere</strong></span> <span class='ocrx_word' id='word_1_565' title='bbox 917 4528 1049 4584; x_wconf 89' lang='lat' dir='ltr'><strong>ergo</strong></span> <span class='ocrx_word' id='word_1_566' title='bbox 1072 4527 1385 4584; x_wconf 90' lang='lat' dir='ltr'><strong>possumus,</strong></span> <span class='ocrx_word' id='word_1_567' title='bbox 1409 4510 1650 4568; x_wconf 88' lang='lat' dir='ltr'><strong>Felicem</strong></span> <span class='ocrx_word' id='word_1_568' title='bbox 1677 4527 1867 4568; x_wconf 90' lang='lat' dir='ltr'><strong>revera</strong></span> <span class='ocrx_word' id='word_1_569' title='bbox 1897 4512 1950 4566; x_wconf 93' lang='lat' dir='ltr'><strong>in</strong></span> <span class='ocrx_word' id='word_1_570' title='bbox 1977 4509 2076 4566; x_wconf 91' lang='lat' dir='ltr'><strong>ali-</strong></span> 
     </span>
    </p>
   </div>
   <div class='ocr_carea' id='block_1_77' title="bbox 2176 3289 2677 3360">
    <p class='ocr_par' dir='ltr' id='par_1_77' title="bbox 2176 3289 2677 3360">
     <span class='ocr_line' id='line_1_77' title="bbox 2176 3289 2677 3360; baseline 0 -17"><span class='ocrx_word' id='word_1_571' title='bbox 2176 3289 2361 3360; x_wconf 85' lang='lat' dir='ltr'><strong>legunt</strong></span> <span class='ocrx_word' id='word_1_572' title='bbox 2389 3289 2677 3343; x_wconf 87' lang='lat' dir='ltr'><strong>humilitas.</strong></span> 
     </span>
    </p>
   </div>
   <div class='ocr_carea' id='block_1_78' title="bbox 2241 3381 3789 3455">
    <p class='ocr_par' dir='ltr' id='par_1_78' title="bbox 2241 3381 3789 3455">
     <span class='ocr_line' id='line_1_78' title="bbox 2241 3381 3789 3455; baseline 0 -17"><span class='ocrx_word' id='word_1_573' title='bbox 2241 3383 2367 3440; x_wconf 82' lang='grc'>251.</span> <span class='ocrx_word' id='word_1_574' title='bbox 2401 3385 2618 3440; x_wconf 88' lang='lat' dir='ltr'><strong>Gabriel</strong></span> <span class='ocrx_word' id='word_1_575' title='bbox 2651 3383 2921 3455; x_wconf 81' lang='lat' dir='ltr'><strong>Vasquez,</strong></span> <span class='ocrx_word' id='word_1_576' title='bbox 2948 3383 3233 3454; x_wconf 87' lang='lat' dir='ltr'><strong>theologus</strong></span> <span class='ocrx_word' id='word_1_577' title='bbox 3267 3381 3789 3448; x_wconf 88' lang='lat' dir='ltr'><strong>acutissimus,cum</strong></span> 
     </span>
    </p>
   </div>
   <div class='ocr_carea' id='block_1_79' title="bbox 2172 3476 3789 3548">
    <p class='ocr_par' dir='ltr' id='par_1_79' title="bbox 2172 3476 3789 3548">
     <span class='ocr_line' id='line_1_79' title="bbox 2172 3476 3789 3548; baseline -0.004 -14"><span class='ocrx_word' id='word_1_578' title='bbox 2172 3479 2675 3547; x_wconf 85' lang='lat' dir='ltr'><strong>animadvertisset,</strong></span> <span class='ocrx_word' id='word_1_579' title='bbox 2707 3479 2758 3533; x_wconf 91' lang='lat' dir='ltr'><strong>in</strong></span> <span class='ocrx_word' id='word_1_580' title='bbox 2785 3477 3062 3534; x_wconf 91' lang='lat' dir='ltr'><strong>nonnullis</strong></span> <span class='ocrx_word' id='word_1_581' title='bbox 3085 3477 3366 3533; x_wconf 86' lang='lat' dir='ltr'><strong>codicibus</strong></span> <span class='ocrx_word' id='word_1_582' title='bbox 3391 3476 3498 3548; x_wconf 89' lang='lat' dir='ltr'><strong>legi</strong></span> <span class='ocrx_word' id='word_1_583' title='bbox 3519 3476 3789 3542; x_wconf 90' lang='lat' dir='ltr'><strong>adoratur,</strong></span> 
     </span>
    </p>
   </div>
   <div class='ocr_carea' id='block_1_80' title="bbox 2175 3567 3796 3644">
    <p class='ocr_par' dir='ltr' id='par_1_80' title="bbox 2175 3567 3796 3644">
     <span class='ocr_line' id='line_1_80' title="bbox 2175 3567 3796 3644; baseline -0.006 -14"><span class='ocrx_word' id='word_1_584' title='bbox 2175 3573 2317 3630; x_wconf 89' lang='lat' dir='ltr'><strong>hanc</strong></span> <span class='ocrx_word' id='word_1_585' title='bbox 2377 3574 2666 3630; x_wconf 88' lang='lat' dir='ltr'><strong>lectionem</strong></span> <span class='ocrx_word' id='word_1_586' title='bbox 2714 3574 2875 3644; x_wconf 90' lang='lat' dir='ltr'><strong>longe</strong></span> <span class='ocrx_word' id='word_1_587' title='bbox 2933 3571 3330 3643; x_wconf 66' lang='lat' dir='ltr'><strong>praeferendam</strong></span> <span class='ocrx_word' id='word_1_588' title='bbox 3401 3585 3523 3627; x_wconf 89' lang='lat' dir='ltr'><strong>esse</strong></span> <span class='ocrx_word' id='word_1_589' title='bbox 3583 3567 3796 3626; x_wconf 87' lang='lat' dir='ltr'><strong>censuit</strong></span> 
     </span>
    </p>
   </div>
   <div class='ocr_carea' id='block_1_81' title="bbox 2179 3667 3796 3740">
    <p class='ocr_par' dir='ltr' id='par_1_81' title="bbox 2179 3667 3796 3740">
     <span class='ocr_line' id='line_1_81' title="bbox 2179 3667 3796 3740; baseline -0.004 -14"><span class='ocrx_word' id='word_1_590' title='bbox 2179 3681 2317 3726; x_wconf 92' lang='lat' dir='ltr'><strong>tom.</strong></span> <span class='ocrx_word' id='word_1_591' title='bbox 2353 3668 2396 3738; x_wconf 86' lang='grc' dir='ltr'>Ι,</span> <span class='ocrx_word' id='word_1_592' title='bbox 2419 3670 2472 3725; x_wconf 94' lang='lat' dir='ltr'><strong>in</strong></span> <span class='ocrx_word' id='word_1_593' title='bbox 2501 3685 2561 3724; x_wconf 91' lang='grc' dir='ltr'><strong>ιιι</strong></span> <span class='ocrx_word' id='word_1_594' title='bbox 2602 3678 2772 3740; x_wconf 87' lang='lat' dir='ltr'><strong>part.,</strong></span> <span class='ocrx_word' id='word_1_595' title='bbox 2804 3685 2860 3740; x_wconf 91' lang='lat' dir='ltr'><strong>q.</strong></span> <span class='ocrx_word' id='word_1_596' title='bbox 2891 3667 2982 3737; x_wconf 88' lang='grc'>25,</span> <span class='ocrx_word' id='word_1_597' title='bbox 3009 3667 3157 3740; x_wconf 91' lang='lat' dir='ltr'><strong>disp.</strong></span> <span class='ocrx_word' id='word_1_598' title='bbox 3181 3668 3272 3734; x_wconf 87' lang='lat'><strong>89,</strong></span> <span class='ocrx_word' id='word_1_599' title='bbox 3303 3683 3424 3739; x_wconf 91' lang='lat' dir='ltr'><strong>cap.</strong></span> <span class='ocrx_word' id='word_1_600' title='bbox 3458 3683 3572 3722; x_wconf 90' lang='lat' dir='ltr'><strong>xv:</strong></span> <span class='ocrx_word' id='word_1_601' title='bbox 3605 3667 3796 3734; x_wconf 84' lang='lat' dir='ltr'><strong>Quant-</strong></span> 
     </span>
    </p>
   </div>
   <div class='ocr_carea' id='block_1_82' title="bbox 2172 3760 3796 3834">
    <p class='ocr_par' dir='ltr' id='par_1_82' title="bbox 2172 3760 3796 3834">
     <span class='ocr_line' id='line_1_82' title="bbox 2172 3760 3796 3834; baseline -0.003 -16"><span class='ocrx_word' id='word_1_602' title='bbox 2172 3764 2248 3818; x_wconf 81' lang='lat' dir='ltr'><strong>uis</strong></span> <span class='ocrx_word' id='word_1_603' title='bbox 2278 3764 2333 3818; x_wconf 87' lang='lat' dir='ltr'><strong>in</strong></span> <span class='ocrx_word' id='word_1_604' title='bbox 2381 3763 2639 3834; x_wconf 82' lang='lat' dir='ltr'><strong>aliquibus</strong></span> <span class='ocrx_word' id='word_1_605' title='bbox 2693 3761 2960 3818; x_wconf 85' lang='lat' dir='ltr'><strong>codicibus</strong></span> <span class='ocrx_word' id='word_1_606' title='bbox 2986 3771 3215 3816; x_wconf 84' lang='lat' dir='ltr'><strong>recenter</strong></span> <span class='ocrx_word' id='word_1_607' title='bbox 3240 3760 3446 3816; x_wconf 73' lang='lat' dir='ltr'><strong>excusis</strong></span> <span class='ocrx_word' id='word_1_608' title='bbox 3497 3760 3565 3814; x_wconf 85' lang='lat' dir='ltr'><strong>sit</strong></span> <span class='ocrx_word' id='word_1_609' title='bbox 3593 3761 3796 3814; x_wconf 70' lang='lat' dir='ltr'><strong>verbum</strong></span> 
     </span>
    </p>
   </div>
   <div class='ocr_carea' id='block_1_83' title="bbox 2173 3853 3795 3924">
    <p class='ocr_par' dir='ltr' id='par_1_83' title="bbox 2173 3853 3795 3924">
     <span class='ocr_line' id='line_1_83' title="bbox 2173 3853 3795 3924; baseline -0.004 -14"><span class='ocrx_word' id='word_1_610' title='bbox 2173 3856 2307 3910; x_wconf 88' lang='lat' dir='ltr'><strong>illud</strong></span> <span class='ocrx_word' id='word_1_611' title='bbox 2337 3871 2670 3923; x_wconf 74' lang='lat' dir='ltr'><strong>ADOP’I‘ATUB,</strong></span> <span class='ocrx_word' id='word_1_612' title='bbox 2723 3857 2778 3909; x_wconf 90' lang='lat' dir='ltr'><strong>in</strong></span> <span class='ocrx_word' id='word_1_613' title='bbox 2807 3853 2928 3908; x_wconf 85' lang='lat' dir='ltr'><strong>aliis</strong></span> <span class='ocrx_word' id='word_1_614' title='bbox 2957 3863 3127 3909; x_wconf 87' lang='lat' dir='ltr'><strong>tamen</strong></span> <span class='ocrx_word' id='word_1_615' title='bbox 3154 3853 3344 3924; x_wconf 90' lang='lat' dir='ltr'><strong>legitur</strong></span> <span class='ocrx_word' id='word_1_616' title='bbox 3386 3868 3675 3909; x_wconf 76' lang='lat' dir='ltr'><strong>ADORA&#39;I‘UR</strong></span> <span class='ocrx_word' id='word_1_617' title='bbox 3700 3870 3714 3906; x_wconf 89' lang='lat'><strong>:</strong></span> <span class='ocrx_word' id='word_1_618' title='bbox 3743 3853 3795 3905; x_wconf 84' lang='lat' dir='ltr'><strong>in</strong></span> 
     </span>
    </p>
   </div>
   <div class='ocr_carea' id='block_1_84' title="bbox 2171 3945 3794 4022">
    <p class='ocr_par' dir='ltr' id='par_1_84' title="bbox 2171 3945 3794 4022">
     <span class='ocr_line' id='line_1_84' title="bbox 2171 3945 3794 4022; baseline -0.002 -19"><span class='ocrx_word' id='word_1_619' title='bbox 2171 3966 2274 4021; x_wconf 88' lang='lat' dir='ltr'><strong>quo</strong></span> <span class='ocrx_word' id='word_1_620' title='bbox 2301 3950 2458 4019; x_wconf 81' lang='lat' dir='ltr'><strong>facile</strong></span> <span class='ocrx_word' id='word_1_621' title='bbox 2485 3949 2651 4022; x_wconf 90' lang='lat' dir='ltr'><strong>potuit</strong></span> <span class='ocrx_word' id='word_1_622' title='bbox 2680 3948 2882 4002; x_wconf 88' lang='lat' dir='ltr'><strong>incuria</strong></span> <span class='ocrx_word' id='word_1_623' title='bbox 2910 3947 3222 4017; x_wconf 80' lang='lat' dir='ltr'><strong>scriptorum</strong></span> <span class='ocrx_word' id='word_1_624' title='bbox 3249 3962 3396 4001; x_wconf 89' lang='lat' dir='ltr'><strong>error</strong></span> <span class='ocrx_word' id='word_1_625' title='bbox 3440 3945 3632 4016; x_wconf 85' lang='lat' dir='ltr'><strong>aliquis</strong></span> <span class='ocrx_word' id='word_1_626' title='bbox 3671 3945 3794 3999; x_wconf 85' lang='lat' dir='ltr'><strong>irre-</strong></span> 
     </span>
    </p>
   </div>
   <div class='ocr_carea' id='block_1_85' title="bbox 2172 4037 3794 4115">
    <p class='ocr_par' dir='ltr' id='par_1_85' title="bbox 2172 4037 3794 4115">
     <span class='ocr_line' id='line_1_85' title="bbox 2172 4037 3794 4115; baseline -0.004 -17"><span class='ocrx_word' id='word_1_627' title='bbox 2172 4059 2311 4115; x_wconf 88' lang='lat' dir='ltr'><strong>pere.</strong></span> <span class='ocrx_word' id='word_1_628' title='bbox 2347 4042 2500 4098; x_wconf 85' lang='lat' dir='ltr'><strong>Hanc</strong></span> <span class='ocrx_word' id='word_1_629' title='bbox 2544 4059 2661 4097; x_wconf 79' lang='lat' dir='ltr'><strong>vero</strong></span> <span class='ocrx_word' id='word_1_630' title='bbox 2693 4058 2802 4098; x_wconf 87' lang='lat' dir='ltr'><strong>esse</strong></span> <span class='ocrx_word' id='word_1_631' title='bbox 2847 4040 3118 4096; x_wconf 84' lang='lat' dir='ltr'><strong>lectionem</strong></span> <span class='ocrx_word' id='word_1_632' title='bbox 3146 4056 3466 4112; x_wconf 86' lang='lat' dir='ltr'><strong>germanam,</strong></span> <span class='ocrx_word' id='word_1_633' title='bbox 3497 4055 3563 4093; x_wconf 80' lang='lat' dir='ltr'><strong>ea:</strong></span> <span class='ocrx_word' id='word_1_634' title='bbox 3603 4037 3794 4107; x_wconf 87' lang='lat' dir='ltr'><strong>optimo</strong></span> 
     </span>
    </p>
   </div>
   <div class='ocr_carea' id='block_1_86' title="bbox 2175 4132 3796 4209">
    <p class='ocr_par' dir='ltr' id='par_1_86' title="bbox 2175 4132 3796 4209">
     <span class='ocr_line' id='line_1_86' title="bbox 2175 4132 3796 4209; baseline -0.001 -20"><span class='ocrx_word' id='word_1_635' title='bbox 2175 4153 2349 4207; x_wconf 88' lang='lat' dir='ltr'><strong>sensu,</strong></span> <span class='ocrx_word' id='word_1_636' title='bbox 2373 4153 2521 4209; x_wconf 87' lang='lat' dir='ltr'><strong>quem</strong></span> <span class='ocrx_word' id='word_1_637' title='bbox 2547 4136 2718 4192; x_wconf 89' lang='lat' dir='ltr'><strong>reddit</strong></span> <span class='ocrx_word' id='word_1_638' title='bbox 2748 4135 2954 4191; x_wconf 76' lang='lat' dir='ltr'><strong>uerbum</strong></span> <span class='ocrx_word' id='word_1_639' title='bbox 2981 4149 3288 4201; x_wconf 63' lang='lat' dir='ltr'><strong>nonnon,</strong></span> <span class='ocrx_word' id='word_1_640' title='bbox 3339 4133 3467 4188; x_wconf 91' lang='lat' dir='ltr'><strong>mihi</strong></span> <span class='ocrx_word' id='word_1_641' title='bbox 3489 4132 3654 4188; x_wconf 88' lang='lat' dir='ltr'><strong>habeo</strong></span> <span class='ocrx_word' id='word_1_642' title='bbox 3681 4148 3796 4204; x_wconf 86' lang='lat' dir='ltr'><strong>per-</strong></span> 
     </span>
    </p>
   </div>
   <div class='ocr_carea' id='block_1_87' title="bbox 2172 4227 3796 4300">
    <p class='ocr_par' dir='ltr' id='par_1_87' title="bbox 2172 4227 3796 4300">
     <span class='ocr_line' id='line_1_87' title="bbox 2172 4227 3796 4300; baseline -0.002 -13"><span class='ocrx_word' id='word_1_643' title='bbox 2172 4248 2544 4287; x_wconf 86' lang='lat' dir='ltr'><strong>suasum:cum</strong></span> <span class='ocrx_word' id='word_1_644' title='bbox 2573 4241 2740 4286; x_wconf 89' lang='lat' dir='ltr'><strong>tamen</strong></span> <span class='ocrx_word' id='word_1_645' title='bbox 2773 4230 2980 4286; x_wconf 83' lang='lat' dir='ltr'><strong>verbum</strong></span> <span class='ocrx_word' id='word_1_646' title='bbox 3000 4244 3323 4286; x_wconf 66' lang='lat' dir='ltr'><strong>nonnon</strong></span> <span class='ocrx_word' id='word_1_647' title='bbox 3343 4229 3430 4282; x_wconf 75' lang='lat' dir='ltr'><strong>vix</strong></span> <span class='ocrx_word' id='word_1_648' title='bbox 3459 4228 3689 4300; x_wconf 89' lang='lat' dir='ltr'><strong>aliquem</strong></span> <span class='ocrx_word' id='word_1_649' title='bbox 3709 4227 3796 4283; x_wconf 82' lang='lat' dir='ltr'><strong>bo-</strong></span> 
     </span>
    </p>
   </div>
   <div class='ocr_carea' id='block_1_88' title="bbox 2171 4324 3796 4399">
    <p class='ocr_par' dir='ltr' id='par_1_88' title="bbox 2171 4324 3796 4399">
     <span class='ocr_line' id='line_1_88' title="bbox 2171 4324 3796 4399; baseline 0 -19"><span class='ocrx_word' id='word_1_650' title='bbox 2171 4342 2296 4380; x_wconf 90' lang='lat' dir='ltr'><strong>num</strong></span> <span class='ocrx_word' id='word_1_651' title='bbox 2317 4342 2524 4382; x_wconf 89' lang='lat' dir='ltr'><strong>sensum</strong></span> <span class='ocrx_word' id='word_1_652' title='bbox 2547 4327 2830 4399; x_wconf 78' lang='lat' dir='ltr'><strong>exprimere</strong></span> <span class='ocrx_word' id='word_1_653' title='bbox 2849 4325 3034 4380; x_wconf 80' lang='lat' dir='ltr'><strong>valeat.</strong></span> <span class='ocrx_word' id='word_1_654' title='bbox 3048 4324 3550 4396; x_wconf 80' lang='lat' dir='ltr'><strong>JudiciutuVazquii</strong></span> <span class='ocrx_word' id='word_1_655' title='bbox 3567 4325 3796 4396; x_wconf 62' lang='lat' dir='ltr'><strong>probant</strong></span> 
     </span>
    </p>
   </div>
   <div class='ocr_carea' id='block_1_89' title="bbox 2171 4416 3792 4491">
    <p class='ocr_par' dir='ltr' id='par_1_89' title="bbox 2171 4416 3792 4491">
     <span class='ocr_line' id='line_1_89' title="bbox 2171 4416 3792 4491; baseline -0.004 -16"><span class='ocrx_word' id='word_1_656' title='bbox 2171 4417 2477 4476; x_wconf 90' lang='lat' dir='ltr'><strong>Cardinalis</strong></span> <span class='ocrx_word' id='word_1_657' title='bbox 2491 4419 2559 4476; x_wconf 90' lang='lat' dir='ltr'><strong>de</strong></span> <span class='ocrx_word' id='word_1_658' title='bbox 2577 4419 2808 4491; x_wconf 80' lang='lat' dir='ltr'><strong>Lugo&#39;de</strong></span> <span class='ocrx_word' id='word_1_659' title='bbox 2825 4419 3093 4475; x_wconf 89' lang='lat' dir='ltr'><strong>Incarnat.</strong></span> <span class='ocrx_word' id='word_1_660' title='bbox 3113 4418 3258 4490; x_wconf 90' lang='lat' dir='ltr'><strong>disp.</strong></span> <span class='ocrx_word' id='word_1_661' title='bbox 3278 4418 3366 4484; x_wconf 85' lang='grc'><strong>51,</strong></span> <span class='ocrx_word' id='word_1_662' title='bbox 3385 4427 3522 4474; x_wconf 90' lang='lat' dir='ltr'><strong>sect.</strong></span> <span class='ocrx_word' id='word_1_663' title='bbox 3547 4418 3573 4472; x_wconf 80' lang='grc'><strong>1</strong></span> <span class='ocrx_word' id='word_1_664' title='bbox 3586 4426 3664 4488; x_wconf 89' lang='lat' dir='ltr'><strong>,et</strong></span> <span class='ocrx_word' id='word_1_665' title='bbox 3682 4416 3792 4472; x_wconf 83' lang='lat' dir='ltr'><strong>alii.</strong></span> 
     </span>
    </p>
   </div>
   <div class='ocr_carea' id='block_1_90' title="bbox 2246 4510 3794 4588">
    <p class='ocr_par' dir='ltr' id='par_1_90' title="bbox 2246 4510 3794 4588">
     <span class='ocr_line' id='line_1_90' title="bbox 2246 4510 3794 4588; baseline -0.003 -18"><span class='ocrx_word' id='word_1_666' title='bbox 2246 4515 2375 4572; x_wconf 87' lang='grc'>252.</span> <span class='ocrx_word' id='word_1_667' title='bbox 2419 4516 2739 4574; x_wconf 90' lang='lat' dir='ltr'><strong>Contrarius</strong></span> <span class='ocrx_word' id='word_1_668' title='bbox 2769 4513 3174 4588; x_wconf 91' lang='lat' dir='ltr'><strong>quodammodo</strong></span> <span class='ocrx_word' id='word_1_669' title='bbox 3231 4512 3314 4568; x_wconf 89' lang='lat' dir='ltr'><strong>his</strong></span> <span class='ocrx_word' id='word_1_670' title='bbox 3361 4521 3448 4568; x_wconf 90' lang='lat' dir='ltr'><strong>est</strong></span> <span class='ocrx_word' id='word_1_671' title='bbox 3486 4510 3794 4570; x_wconf 83' lang='lat' dir='ltr'><strong>eruditissi-</strong></span> 
     </span>
    </p>
   </div>
   <div class='ocr_carea' id='block_1_91' title="bbox 463 4578 3791 4680">
    <p class='ocr_par' dir='ltr' id='par_1_91' title="bbox 463 4578 3791 4680">
     <span class='ocr_line' id='line_1_91' title="bbox 463 4578 3791 4680; baseline -0 -18"><span class='ocrx_word' id='word_1_672' title='bbox 463 4620 574 4677; x_wconf 85' lang='lat' dir='ltr'><strong>quo</strong></span> <span class='ocrx_word' id='word_1_673' title='bbox 620 4578 807 4662; x_wconf 83' lang='lat' dir='ltr'><strong>codice</strong></span> <span class='ocrx_word' id='word_1_674' title='bbox 839 4578 1112 4677; x_wconf 66' lang='lat' dir='ltr'><strong>reperisse</strong></span> <span class='ocrx_word' id='word_1_675' title='bbox 1147 4578 1448 4677; x_wconf 84' lang='lat' dir='ltr'><strong>adoptatur,</strong></span> <span class='ocrx_word' id='word_1_676' title='bbox 1481 4605 1625 4676; x_wconf 91' lang='lat' dir='ltr'><strong>quod</strong></span> <span class='ocrx_word' id='word_1_677' title='bbox 1660 4605 1886 4661; x_wconf 91' lang='lat' dir='ltr'><strong>verbum</strong></span> <span class='ocrx_word' id='word_1_678' title='bbox 1937 4605 2070 4660; x_wconf 83' lang='lat' dir='ltr'><strong>arri-</strong></span> <span class='ocrx_word' id='word_1_679' title='bbox 2099 4578 2154 4642; x_wconf 80' lang='grc' dir='ltr'><strong>Ῑ)</strong></span> <span class='ocrx_word' id='word_1_680' title='bbox 2179 4627 2299 4668; x_wconf 90' lang='lat' dir='ltr'><strong>mus</strong></span> <span class='ocrx_word' id='word_1_681' title='bbox 2322 4612 2596 4678; x_wconf 78' lang='lat' dir='ltr'><strong>Petavius,</strong></span> <span class='ocrx_word' id='word_1_682' title='bbox 2639 4611 2730 4680; x_wconf 90' lang='lat' dir='ltr'><strong>qui</strong></span> <span class='ocrx_word' id='word_1_683' title='bbox 2760 4578 2802 4666; x_wconf 48' lang='lat'><strong>1..</strong></span> <span class='ocrx_word' id='word_1_684' title='bbox 2830 4626 2904 4666; x_wconf 84' lang='lat' dir='ltr'><strong>vu</strong></span> <span class='ocrx_word' id='word_1_685' title='bbox 2944 4609 3014 4666; x_wconf 90' lang='lat' dir='ltr'><strong>de</strong></span> <span class='ocrx_word' id='word_1_686' title='bbox 3043 4609 3340 4676; x_wconf 82' lang='lat' dir='ltr'><strong>Incarnat.,</strong></span> <span class='ocrx_word' id='word_1_687' title='bbox 3371 4622 3494 4678; x_wconf 91' lang='lat' dir='ltr'><strong>cap.</strong></span> <span class='ocrx_word' id='word_1_688' title='bbox 3527 4609 3584 4676; x_wconf 78' lang='grc'><strong>4,</strong></span> <span class='ocrx_word' id='word_1_689' title='bbox 3617 4615 3791 4679; x_wconf 88' lang='lat' dir='ltr'><strong>putat,</strong></span> 
     </span>
    </p>
   </div>
   <div class='ocr_carea' id='block_1_92' title="bbox 466 4697 2076 4769">
    <p class='ocr_par' dir='ltr' id='par_1_92' title="bbox 466 4697 2076 4769">
     <span class='ocr_line' id='line_1_92' title="bbox 466 4697 2076 4769; baseline -0.001 -15"><span class='ocrx_word' id='word_1_690' title='bbox 466 4699 610 4769; x_wconf 90' lang='lat' dir='ltr'><strong>puit,</strong></span> <span class='ocrx_word' id='word_1_691' title='bbox 651 4701 778 4769; x_wconf 87' lang='lat' dir='ltr'><strong>quia</strong></span> <span class='ocrx_word' id='word_1_692' title='bbox 815 4715 928 4756; x_wconf 86' lang='lat' dir='ltr'><strong>suae</strong></span> <span class='ocrx_word' id='word_1_693' title='bbox 984 4699 1181 4754; x_wconf 65' lang='lat' dir='ltr'><strong>haeresi</strong></span> <span class='ocrx_word' id='word_1_694' title='bbox 1229 4699 1412 4754; x_wconf 82' lang='lat' dir='ltr'><strong>lavere</strong></span> <span class='ocrx_word' id='word_1_695' title='bbox 1460 4697 1825 4754; x_wconf 86' lang='lat' dir='ltr'><strong>existimabat.</strong></span> <span class='ocrx_word' id='word_1_696' title='bbox 1870 4699 2076 4754; x_wconf 88' lang='lat' dir='ltr'><strong>Contra</strong></span> 
     </span>
    </p>
   </div>
   <div class='ocr_carea' id='block_1_93' title="bbox 467 4790 2074 4863">
    <p class='ocr_par' dir='ltr' id='par_1_93' title="bbox 467 4790 2074 4863">
     <span class='ocr_line' id='line_1_93' title="bbox 467 4790 2074 4863; baseline 0 -15"><span class='ocrx_word' id='word_1_697' title='bbox 467 4792 732 4848; x_wconf 85' lang='lat' dir='ltr'><strong>Alcuinus</strong></span> <span class='ocrx_word' id='word_1_698' title='bbox 761 4791 816 4847; x_wconf 91' lang='lat' dir='ltr'><strong>in</strong></span> <span class='ocrx_word' id='word_1_699' title='bbox 851 4790 1060 4848; x_wconf 89' lang='lat' dir='ltr'><strong>Hilario</strong></span> <span class='ocrx_word' id='word_1_700' title='bbox 1086 4791 1304 4863; x_wconf 85' lang='lat' dir='ltr'><strong>legebat</strong></span> <span class='ocrx_word' id='word_1_701' title='bbox 1339 4791 1610 4860; x_wconf 86' lang='lat' dir='ltr'><strong>adoratur,</strong></span> <span class='ocrx_word' id='word_1_702' title='bbox 1657 4791 1801 4862; x_wconf 91' lang='lat' dir='ltr'><strong>quod</strong></span> <span class='ocrx_word' id='word_1_703' title='bbox 1854 4807 2074 4848; x_wconf 90' lang='lat' dir='ltr'><strong>sensum</strong></span> 
     </span>
    </p>
   </div>
   <div class='ocr_carea' id='block_1_94' title="bbox 467 4882 2078 4956">
    <p class='ocr_par' dir='ltr' id='par_1_94' title="bbox 467 4882 2078 4956">
     <span class='ocr_line' id='line_1_94' title="bbox 467 4882 2078 4956; baseline 0.001 -18"><span class='ocrx_word' id='word_1_704' title='bbox 467 4901 684 4954; x_wconf 83' lang='lat' dir='ltr'><strong>quoque</strong></span> <span class='ocrx_word' id='word_1_705' title='bbox 733 4885 1012 4956; x_wconf 89' lang='lat' dir='ltr'><strong>postulare</strong></span> <span class='ocrx_word' id='word_1_706' title='bbox 1042 4884 1331 4940; x_wconf 85' lang='lat' dir='ltr'><strong>censebat.</strong></span> <span class='ocrx_word' id='word_1_707' title='bbox 1391 4887 1460 4940; x_wconf 86' lang='lat' dir='ltr'><strong>At</strong></span> <span class='ocrx_word' id='word_1_708' title='bbox 1499 4882 1677 4952; x_wconf 83' lang='lat' dir='ltr'><strong>Felix,</strong></span> <span class='ocrx_word' id='word_1_709' title='bbox 1711 4884 1796 4938; x_wconf 90' lang='lat' dir='ltr'><strong>vel</strong></span> <span class='ocrx_word' id='word_1_710' title='bbox 1824 4885 1969 4954; x_wconf 91' lang='lat' dir='ltr'><strong>quod</strong></span> <span class='ocrx_word' id='word_1_711' title='bbox 1998 4883 2078 4940; x_wconf 88' lang='lat' dir='ltr'><strong>illi</strong></span> 
     </span>
    </p>
   </div>
   <div class='ocr_carea' id='block_1_95' title="bbox 465 4977 2072 5050">
    <p class='ocr_par' dir='ltr' id='par_1_95' title="bbox 465 4977 2072 5050">
     <span class='ocr_line' id='line_1_95' title="bbox 465 4977 2072 5050; baseline 0.002 -21"><span class='ocrx_word' id='word_1_712' title='bbox 465 4986 668 5046; x_wconf 79' lang='lat' dir='ltr'><strong>praesto</strong></span> <span class='ocrx_word' id='word_1_713' title='bbox 716 4992 824 5032; x_wconf 92' lang='lat' dir='ltr'><strong>non</strong></span> <span class='ocrx_word' id='word_1_714' title='bbox 855 4987 1001 5033; x_wconf 90' lang='lat' dir='ltr'><strong>esset</strong></span> <span class='ocrx_word' id='word_1_715' title='bbox 1028 4977 1221 5044; x_wconf 91' lang='lat' dir='ltr'><strong>codex,</strong></span> <span class='ocrx_word' id='word_1_716' title='bbox 1256 4978 1312 5032; x_wconf 92' lang='lat' dir='ltr'><strong>in</strong></span> <span class='ocrx_word' id='word_1_717' title='bbox 1345 4993 1449 5048; x_wconf 90' lang='lat' dir='ltr'><strong>quo</strong></span> <span class='ocrx_word' id='word_1_718' title='bbox 1499 4977 1706 5049; x_wconf 89' lang='lat' dir='ltr'><strong>legerat</strong></span> <span class='ocrx_word' id='word_1_719' title='bbox 1758 4977 2072 5050; x_wconf 85' lang='lat' dir='ltr'><strong>adoptatur,</strong></span> 
     </span>
    </p>
   </div>
   <div class='ocr_carea' id='block_1_96' title="bbox 463 5074 2071 5148">
    <p class='ocr_par' dir='ltr' id='par_1_96' title="bbox 463 5074 2071 5148">
     <span class='ocr_line' id='line_1_96' title="bbox 463 5074 2071 5148; baseline 0.004 -21"><span class='ocrx_word' id='word_1_720' title='bbox 463 5075 552 5129; x_wconf 88' lang='lat' dir='ltr'><strong>vel</strong></span> <span class='ocrx_word' id='word_1_721' title='bbox 584 5074 724 5144; x_wconf 85' lang='lat' dir='ltr'><strong>quod</strong></span> <span class='ocrx_word' id='word_1_722' title='bbox 760 5074 951 5140; x_wconf 89' lang='lat' dir='ltr'><strong>vellet,</strong></span> <span class='ocrx_word' id='word_1_723' title='bbox 971 5089 1037 5130; x_wconf 87' lang='lat' dir='ltr'><strong>ex</strong></span> <span class='ocrx_word' id='word_1_724' title='bbox 1060 5074 1183 5129; x_wconf 91' lang='lat' dir='ltr'><strong>aliis</strong></span> <span class='ocrx_word' id='word_1_725' title='bbox 1204 5075 1506 5142; x_wconf 89' lang='lat' dir='ltr'><strong>codicibus,</strong></span> <span class='ocrx_word' id='word_1_726' title='bbox 1537 5075 1590 5131; x_wconf 91' lang='lat' dir='ltr'><strong>in</strong></span> <span class='ocrx_word' id='word_1_727' title='bbox 1620 5075 1819 5148; x_wconf 92' lang='lat' dir='ltr'><strong>quibus</strong></span> <span class='ocrx_word' id='word_1_728' title='bbox 1852 5077 2071 5147; x_wconf 85' lang='lat' dir='ltr'><strong>legeba-</strong></span> 
     </span>
    </p>
   </div>
   <div class='ocr_carea' id='block_1_97' title="bbox 467 5167 2070 5244">
    <p class='ocr_par' dir='ltr' id='par_1_97' title="bbox 467 5167 2070 5244">
     <span class='ocr_line' id='line_1_97' title="bbox 467 5167 2070 5244; baseline 0.004 -24"><span class='ocrx_word' id='word_1_729' title='bbox 467 5177 553 5222; x_wconf 91' lang='lat' dir='ltr'><strong>tur</strong></span> <span class='ocrx_word' id='word_1_730' title='bbox 579 5167 850 5234; x_wconf 87' lang='lat' dir='ltr'><strong>adoratur,</strong></span> <span class='ocrx_word' id='word_1_731' title='bbox 897 5167 952 5222; x_wconf 97' lang='lat' dir='ltr'><strong>id</strong></span> <span class='ocrx_word' id='word_1_732' title='bbox 981 5169 1205 5223; x_wconf 84' lang='lat' dir='ltr'><strong>verbum</strong></span> <span class='ocrx_word' id='word_1_733' title='bbox 1257 5168 1468 5238; x_wconf 86' lang='lat' dir='ltr'><strong>abesse,</strong></span> <span class='ocrx_word' id='word_1_734' title='bbox 1526 5179 1579 5224; x_wconf 91' lang='lat' dir='ltr'><strong>et</strong></span> <span class='ocrx_word' id='word_1_735' title='bbox 1616 5170 1763 5224; x_wconf 86' lang='lat' dir='ltr'><strong>aliud</strong></span> <span class='ocrx_word' id='word_1_736' title='bbox 1793 5171 2070 5244; x_wconf 88' lang='lat' dir='ltr'><strong>adoptatur</strong></span> 
     </span>
    </p>
   </div>
   <div class='ocr_carea' id='block_1_98' title="bbox 460 5257 2062 5336">
    <p class='ocr_par' dir='ltr' id='par_1_98' title="bbox 460 5257 2062 5336">
     <span class='ocr_line' id='line_1_98' title="bbox 460 5257 2062 5336; baseline 0.006 -25"><span class='ocrx_word' id='word_1_737' title='bbox 460 5259 775 5329; x_wconf 89' lang='lat' dir='ltr'><strong>subrogari,</strong></span> <span class='ocrx_word' id='word_1_738' title='bbox 798 5257 1019 5314; x_wconf 90' lang='lat' dir='ltr'><strong>codices</strong></span> <span class='ocrx_word' id='word_1_739' title='bbox 1041 5257 1510 5331; x_wconf 89' lang='lat' dir='ltr'><strong>Aquisgranenses</strong></span> <span class='ocrx_word' id='word_1_740' title='bbox 1533 5264 1812 5336; x_wconf 77' lang='lat' dir='ltr'><strong>corrumpi</strong></span> <span class='ocrx_word' id='word_1_741' title='bbox 1835 5266 2062 5335; x_wconf 88' lang='lat' dir='ltr'><strong>curavit,</strong></span> 
     </span>
    </p>
   </div>
   <div class='ocr_carea' id='block_1_99' title="bbox 461 5350 1159 5408">
    <p class='ocr_par' dir='ltr' id='par_1_99' title="bbox 461 5350 1159 5408">
     <span class='ocr_line' id='line_1_99' title="bbox 461 5350 1159 5408; baseline 0.003 -4"><span class='ocrx_word' id='word_1_742' title='bbox 461 5359 520 5406; x_wconf 91' lang='lat' dir='ltr'><strong>ut</strong></span> <span class='ocrx_word' id='word_1_743' title='bbox 552 5350 876 5408; x_wconf 81' lang='lat' dir='ltr'><strong>Hincmarus</strong></span> <span class='ocrx_word' id='word_1_744' title='bbox 907 5359 1159 5408; x_wconf 87' lang='lat' dir='ltr'><strong>testatur.</strong></span> 
     </span>
    </p>
   </div>
   <div class='ocr_carea' id='block_1_100' title="bbox 529 5443 2060 5518">
    <p class='ocr_par' dir='ltr' id='par_1_100' title="bbox 529 5443 2060 5518">
     <span class='ocr_line' id='line_1_100' title="bbox 529 5443 2060 5518; baseline 0.005 -20"><span class='ocrx_word' id='word_1_745' title='bbox 529 5443 656 5500; x_wconf 86' lang='lat'><strong>229.</strong></span> <span class='ocrx_word' id='word_1_746' title='bbox 690 5446 818 5502; x_wconf 89' lang='lat' dir='ltr'><strong>Post</strong></span> <span class='ocrx_word' id='word_1_747' title='bbox 844 5445 1100 5503; x_wconf 73' lang='lat' dir='ltr'><strong>haeresim</strong></span> <span class='ocrx_word' id='word_1_748' title='bbox 1131 5444 1464 5502; x_wconf 88' lang='lat' dir='ltr'><strong>Felicianam</strong></span> <span class='ocrx_word' id='word_1_749' title='bbox 1494 5447 1736 5518; x_wconf 87' lang='lat' dir='ltr'><strong>ejusdem</strong></span> <span class='ocrx_word' id='word_1_750' title='bbox 1769 5449 2060 5506; x_wconf 89' lang='lat' dir='ltr'><strong>verbimu-</strong></span> 
     </span>
    </p>
   </div>
   <div class='ocr_carea' id='block_1_101' title="bbox 456 5538 2058 5613">
    <p class='ocr_par' dir='ltr' id='par_1_101' title="bbox 456 5538 2058 5613">
     <span class='ocr_line' id='line_1_101' title="bbox 456 5538 2058 5613; baseline 0.008 -23"><span class='ocrx_word' id='word_1_751' title='bbox 456 5538 590 5594; x_wconf 88' lang='lat' dir='ltr'><strong>latio</strong></span> <span class='ocrx_word' id='word_1_752' title='bbox 610 5540 668 5596; x_wconf 91' lang='lat' dir='ltr'><strong>in</strong></span> <span class='ocrx_word' id='word_1_753' title='bbox 693 5539 974 5596; x_wconf 88' lang='lat' dir='ltr'><strong>codicibus</strong></span> <span class='ocrx_word' id='word_1_754' title='bbox 1004 5540 1224 5608; x_wconf 90' lang='lat' dir='ltr'><strong>accidit,</strong></span> <span class='ocrx_word' id='word_1_755' title='bbox 1259 5540 1345 5597; x_wconf 92' lang='lat' dir='ltr'><strong>vel</strong></span> <span class='ocrx_word' id='word_1_756' title='bbox 1390 5543 1513 5613; x_wconf 89' lang='lat' dir='ltr'><strong>quia</strong></span> <span class='ocrx_word' id='word_1_757' title='bbox 1547 5543 1794 5599; x_wconf 89' lang='lat' dir='ltr'><strong>nonnulli</strong></span> <span class='ocrx_word' id='word_1_758' title='bbox 1841 5546 2058 5603; x_wconf 90' lang='lat' dir='ltr'><strong>codices</strong></span> 
     </span>
    </p>
   </div>
   <div class='ocr_carea' id='block_1_102' title="bbox 449 5627 2053 5716">
    <p class='ocr_par' dir='ltr' id='par_1_102' title="bbox 449 5627 2053 5716">
     <span class='ocr_line' id='line_1_102' title="bbox 449 5627 2053 5716; baseline 0.007 -32"><span class='ocrx_word' id='word_1_759' title='bbox 449 5627 710 5703; x_wconf 89' lang='lat' dir='ltr'><strong>descripti</strong></span> <span class='ocrx_word' id='word_1_760' title='bbox 759 5648 826 5689; x_wconf 92' lang='lat' dir='ltr'><strong>ex</strong></span> <span class='ocrx_word' id='word_1_761' title='bbox 874 5634 1148 5706; x_wconf 88' lang='lat' dir='ltr'><strong>corruptis</strong></span> <span class='ocrx_word' id='word_1_762' title='bbox 1178 5650 1208 5690; x_wconf 87' lang='lat' dir='ltr'><strong>a</strong></span> <span class='ocrx_word' id='word_1_763' title='bbox 1240 5633 1421 5691; x_wconf 91' lang='lat' dir='ltr'><strong>Felice</strong></span> <span class='ocrx_word' id='word_1_764' title='bbox 1471 5637 1836 5716; x_wconf 68' lang='lat' dir='ltr'><strong>prmfercbant</strong></span> <span class='ocrx_word' id='word_1_765' title='bbox 1885 5640 2053 5713; x_wconf 83' lang='lat' dir='ltr'><strong>adop-</strong></span> 
     </span>
    </p>
   </div>
   <div class='ocr_carea' id='block_1_103' title="bbox 440 5726 2046 5803">
    <p class='ocr_par' dir='ltr' id='par_1_103' title="bbox 440 5726 2046 5803">
     <span class='ocr_line' id='line_1_103' title="bbox 440 5726 2046 5803; baseline 0.012 -31"><span class='ocrx_word' id='word_1_766' title='bbox 440 5726 585 5776; x_wconf 86' lang='lat' dir='ltr'><strong>tatur</strong></span> <span class='ocrx_word' id='word_1_767' title='bbox 612 5741 634 5780; x_wconf 84' lang='lat'><strong><em>:</em></strong></span> <span class='ocrx_word' id='word_1_768' title='bbox 663 5733 718 5781; x_wconf 91' lang='lat' dir='ltr'><strong>et</strong></span> <span class='ocrx_word' id='word_1_769' title='bbox 744 5726 994 5784; x_wconf 87' lang='lat' dir='ltr'><strong>catholici</strong></span> <span class='ocrx_word' id='word_1_770' title='bbox 1027 5727 1271 5784; x_wconf 84' lang='lat' dir='ltr'><strong>nonnulli</strong></span> <span class='ocrx_word' id='word_1_771' title='bbox 1299 5728 1523 5787; x_wconf 89' lang='lat' dir='ltr'><strong>verbum</strong></span> <span class='ocrx_word' id='word_1_772' title='bbox 1553 5731 1796 5803; x_wconf 87' lang='lat' dir='ltr'><strong>spurium</strong></span> <span class='ocrx_word' id='word_1_773' title='bbox 1840 5734 1891 5790; x_wconf 94' lang='lat' dir='ltr'><strong>id</strong></span> <span class='ocrx_word' id='word_1_774' title='bbox 1914 5750 2046 5791; x_wconf 87' lang='lat' dir='ltr'><strong>cen-</strong></span> 
     </span>
    </p>
   </div>
   <div class='ocr_carea' id='block_1_104' title="bbox 432 5820 2043 5899">
    <p class='ocr_par' dir='ltr' id='par_1_104' title="bbox 432 5820 2043 5899">
     <span class='ocr_line' id='line_1_104' title="bbox 432 5820 2043 5899; baseline 0.01 -27"><span class='ocrx_word' id='word_1_775' title='bbox 432 5827 625 5878; x_wconf 83' lang='lat' dir='ltr'><strong>sentes</strong></span> <span class='ocrx_word' id='word_1_776' title='bbox 672 5820 724 5877; x_wconf 91' lang='lat' dir='ltr'><strong>in</strong></span> <span class='ocrx_word' id='word_1_777' title='bbox 771 5823 1024 5880; x_wconf 83' lang='lat' dir='ltr'><strong>adoralur</strong></span> <span class='ocrx_word' id='word_1_778' title='bbox 1083 5823 1496 5893; x_wconf 88' lang='lat' dir='ltr'><strong>convertebant,</strong></span> <span class='ocrx_word' id='word_1_779' title='bbox 1549 5825 1635 5883; x_wconf 88' lang='lat' dir='ltr'><strong>vel</strong></span> <span class='ocrx_word' id='word_1_780' title='bbox 1686 5827 1811 5899; x_wconf 90' lang='lat' dir='ltr'><strong>quia</strong></span> <span class='ocrx_word' id='word_1_781' title='bbox 1852 5828 2043 5887; x_wconf 89' lang='lat' dir='ltr'><strong>eadem</strong></span> 
     </span>
    </p>
   </div>
   <div class='ocr_carea' id='block_1_105' title="bbox 2133 4695 3793 4772">
    <p class='ocr_par' dir='ltr' id='par_1_105' title="bbox 2133 4695 3793 4772">
     <span class='ocr_line' id='line_1_105' title="bbox 2133 4695 3793 4772; baseline -0.002 -12"><span class='ocrx_word' id='word_1_782' title='bbox 2133 4695 2136 4698; x_wconf 62' lang='grc'><strong>’</strong></span> <span class='ocrx_word' id='word_1_783' title='bbox 2179 4705 2358 4760; x_wconf 91' lang='lat' dir='ltr'><strong>minus</strong></span> <span class='ocrx_word' id='word_1_784' title='bbox 2384 4705 2664 4762; x_wconf 71' lang='lat' dir='ltr'><strong>cohmrere</strong></span> <span class='ocrx_word' id='word_1_785' title='bbox 2692 4719 2818 4760; x_wconf 93' lang='lat' dir='ltr'><strong>cum</strong></span> <span class='ocrx_word' id='word_1_786' title='bbox 2848 4703 3300 4759; x_wconf 91' lang='lat' dir='ltr'><strong>antecedentibus</strong></span> <span class='ocrx_word' id='word_1_787' title='bbox 3320 4701 3598 4768; x_wconf 90' lang='lat' dir='ltr'><strong>adoratur,</strong></span> <span class='ocrx_word' id='word_1_788' title='bbox 3631 4714 3793 4772; x_wconf 88' lang='lat' dir='ltr'><strong>quam</strong></span> 
     </span>
    </p>
   </div>
   <div class='ocr_carea' id='block_1_106' title="bbox 2180 4792 3793 4870">
    <p class='ocr_par' dir='ltr' id='par_1_106' title="bbox 2180 4792 3793 4870">
     <span class='ocr_line' id='line_1_106' title="bbox 2180 4792 3793 4870; baseline -0.002 -19"><span class='ocrx_word' id='word_1_789' title='bbox 2180 4799 2484 4870; x_wconf 87' lang='lat' dir='ltr'><strong>adoptatur,</strong></span> <span class='ocrx_word' id='word_1_790' title='bbox 2516 4799 2805 4870; x_wconf 87' lang='lat' dir='ltr'><strong>minusque</strong></span> <span class='ocrx_word' id='word_1_791' title='bbox 2835 4806 3014 4867; x_wconf 88' lang='lat' dir='ltr'><strong>aptam</strong></span> <span class='ocrx_word' id='word_1_792' title='bbox 3041 4794 3346 4850; x_wconf 89' lang='lat' dir='ltr'><strong>orationem</strong></span> <span class='ocrx_word' id='word_1_793' title='bbox 3373 4793 3571 4859; x_wconf 87' lang='lat' dir='ltr'><strong>videri,</strong></span> <span class='ocrx_word' id='word_1_794' title='bbox 3605 4792 3652 4848; x_wconf 92' lang='lat' dir='ltr'><strong>si</strong></span> <span class='ocrx_word' id='word_1_795' title='bbox 3676 4807 3793 4849; x_wconf 88' lang='lat' dir='ltr'><strong>ver-</strong></span> 
     </span>
    </p>
   </div>
   <div class='ocr_carea' id='block_1_107' title="bbox 2180 4886 3793 4962">
    <p class='ocr_par' dir='ltr' id='par_1_107' title="bbox 2180 4886 3793 4962">
     <span class='ocr_line' id='line_1_107' title="bbox 2180 4886 3793 4962; baseline -0.002 -15"><span class='ocrx_word' id='word_1_796' title='bbox 2180 4890 2306 4947; x_wconf 91' lang='lat' dir='ltr'><strong>bum</strong></span> <span class='ocrx_word' id='word_1_797' title='bbox 2333 4891 2603 4960; x_wconf 89' lang='lat' dir='ltr'><strong>adoratur,</strong></span> <span class='ocrx_word' id='word_1_798' title='bbox 2632 4889 2776 4962; x_wconf 92' lang='lat' dir='ltr'><strong>quod</strong></span> <span class='ocrx_word' id='word_1_799' title='bbox 2801 4888 3126 4962; x_wconf 64' lang='lat' dir='ltr'><strong>praecedenti</strong></span> <span class='ocrx_word' id='word_1_800' title='bbox 3158 4886 3385 4959; x_wconf 89' lang='lat' dir='ltr'><strong>periodo</strong></span> <span class='ocrx_word' id='word_1_801' title='bbox 3411 4886 3650 4956; x_wconf 87' lang='lat' dir='ltr'><strong>positum</strong></span> <span class='ocrx_word' id='word_1_802' title='bbox 3680 4887 3793 4944; x_wconf 84' lang='lat' dir='ltr'><strong>lue-</strong></span> 
     </span>
    </p>
   </div>
   <div class='ocr_carea' id='block_1_108' title="bbox 2182 4979 3790 5054">
    <p class='ocr_par' dir='ltr' id='par_1_108' title="bbox 2182 4979 3790 5054">
     <span class='ocr_line' id='line_1_108' title="bbox 2182 4979 3790 5054; baseline -0.001 -17"><span class='ocrx_word' id='word_1_803' title='bbox 2182 4995 2286 5050; x_wconf 84' lang='lat' dir='ltr'><strong>rat,</strong></span> <span class='ocrx_word' id='word_1_804' title='bbox 2315 4992 2619 5054; x_wconf 86' lang='lat' dir='ltr'><strong>repetatur.</strong></span> <span class='ocrx_word' id='word_1_805' title='bbox 2653 4983 2810 5052; x_wconf 89' lang='lat' dir='ltr'><strong>Quod</strong></span> <span class='ocrx_word' id='word_1_806' title='bbox 2842 4991 3024 5038; x_wconf 88' lang='lat' dir='ltr'><strong>autem</strong></span> <span class='ocrx_word' id='word_1_807' title='bbox 3057 4981 3240 5048; x_wconf 91' lang='lat' dir='ltr'><strong>docet,</strong></span> <span class='ocrx_word' id='word_1_808' title='bbox 3272 4979 3393 5036; x_wconf 90' lang='lat' dir='ltr'><strong>sine</strong></span> <span class='ocrx_word' id='word_1_809' title='bbox 3416 4979 3615 5036; x_wconf 89' lang='lat' dir='ltr'><strong>idonea</strong></span> <span class='ocrx_word' id='word_1_810' title='bbox 3645 4987 3790 5036; x_wconf 85' lang='lat' dir='ltr'><strong>vete-</strong></span> 
     </span>
    </p>
   </div>
   <div class='ocr_carea' id='block_1_109' title="bbox 2175 5071 3788 5144">
    <p class='ocr_par' dir='ltr' id='par_1_109' title="bbox 2175 5071 3788 5144">
     <span class='ocr_line' id='line_1_109' title="bbox 2175 5071 3788 5144; baseline -0.001 -14"><span class='ocrx_word' id='word_1_811' title='bbox 2175 5091 2295 5131; x_wconf 90' lang='lat' dir='ltr'><strong>rum</strong></span> <span class='ocrx_word' id='word_1_812' title='bbox 2347 5077 2597 5132; x_wconf 90' lang='lat' dir='ltr'><strong>codicum</strong></span> <span class='ocrx_word' id='word_1_813' title='bbox 2665 5075 2989 5131; x_wconf 89' lang='lat' dir='ltr'><strong>auctoritate</strong></span> <span class='ocrx_word' id='word_1_814' title='bbox 3054 5089 3162 5130; x_wconf 93' lang='lat' dir='ltr'><strong>non</strong></span> <span class='ocrx_word' id='word_1_815' title='bbox 3228 5088 3351 5129; x_wconf 89' lang='lat' dir='ltr'><strong>esse</strong></span> <span class='ocrx_word' id='word_1_816' title='bbox 3408 5071 3788 5144; x_wconf 86' lang='lat' dir='ltr'><strong>reponendum</strong></span> 
     </span>
    </p>
   </div>
   <div class='ocr_carea' id='block_1_110' title="bbox 2171 5169 3786 5242">
    <p class='ocr_par' dir='ltr' id='par_1_110' title="bbox 2171 5169 3786 5242">
     <span class='ocr_line' id='line_1_110' title="bbox 2171 5169 3786 5242; baseline 0.001 -19"><span class='ocrx_word' id='word_1_817' title='bbox 2171 5170 2427 5225; x_wconf 87' lang='lat' dir='ltr'><strong>adoratur</strong></span> <span class='ocrx_word' id='word_1_818' title='bbox 2473 5188 2572 5242; x_wconf 86' lang='lat' dir='ltr'><strong>pro</strong></span> <span class='ocrx_word' id='word_1_819' title='bbox 2613 5172 2900 5242; x_wconf 86' lang='lat' dir='ltr'><strong>adoptatur</strong></span> <span class='ocrx_word' id='word_1_820' title='bbox 2930 5213 2946 5239; x_wconf 88' lang='lat'><strong>,</strong></span> <span class='ocrx_word' id='word_1_821' title='bbox 3001 5185 3103 5226; x_wconf 90' lang='lat' dir='ltr'><strong>nec</strong></span> <span class='ocrx_word' id='word_1_822' title='bbox 3144 5179 3330 5224; x_wconf 88' lang='lat' dir='ltr'><strong>temere</strong></span> <span class='ocrx_word' id='word_1_823' title='bbox 3374 5169 3786 5225; x_wconf 81' lang='lat' dir='ltr'><strong>assentiendum</strong></span> 
     </span>
    </p>
   </div>
   <div class='ocr_carea' id='block_1_111' title="bbox 2170 5262 3787 5336">
    <p class='ocr_par' dir='ltr' id='par_1_111' title="bbox 2170 5262 3787 5336">
     <span class='ocr_line' id='line_1_111' title="bbox 2170 5262 3787 5336; baseline -0.001 -17"><span class='ocrx_word' id='word_1_824' title='bbox 2170 5264 2461 5320; x_wconf 83' lang='lat' dir='ltr'><strong>Hincmaro</strong></span> <span class='ocrx_word' id='word_1_825' title='bbox 2506 5266 2575 5322; x_wconf 92' lang='lat' dir='ltr'><strong>de</strong></span> <span class='ocrx_word' id='word_1_826' title='bbox 2618 5281 2880 5336; x_wconf 89' lang='lat' dir='ltr'><strong>germana</strong></span> <span class='ocrx_word' id='word_1_827' title='bbox 2928 5265 3164 5320; x_wconf 89' lang='lat' dir='ltr'><strong>lectione</strong></span> <span class='ocrx_word' id='word_1_828' title='bbox 3198 5262 3412 5333; x_wconf 87' lang='lat' dir='ltr'><strong>Hilarii,</strong></span> <span class='ocrx_word' id='word_1_829' title='bbox 3444 5263 3498 5318; x_wconf 91' lang='lat' dir='ltr'><strong>id</strong></span> <span class='ocrx_word' id='word_1_830' title='bbox 3529 5275 3683 5320; x_wconf 92' lang='lat' dir='ltr'><strong>certe</strong></span> <span class='ocrx_word' id='word_1_831' title='bbox 3709 5262 3787 5317; x_wconf 85' lang='lat' dir='ltr'><strong>fa-</strong></span> 
     </span>
    </p>
   </div>
   <div class='ocr_carea' id='block_1_112' title="bbox 2168 5355 3785 5428">
    <p class='ocr_par' dir='ltr' id='par_1_112' title="bbox 2168 5355 3785 5428">
     <span class='ocr_line' id='line_1_112' title="bbox 2168 5355 3785 5428; baseline -0.001 -16"><span class='ocrx_word' id='word_1_832' title='bbox 2168 5357 2271 5412; x_wconf 92' lang='lat' dir='ltr'><strong>cile</strong></span> <span class='ocrx_word' id='word_1_833' title='bbox 2302 5357 2514 5413; x_wconf 90' lang='lat' dir='ltr'><strong>admitti</strong></span> <span class='ocrx_word' id='word_1_834' title='bbox 2539 5367 2752 5428; x_wconf 90' lang='lat' dir='ltr'><strong>potest:</strong></span> <span class='ocrx_word' id='word_1_835' title='bbox 2783 5357 2878 5413; x_wconf 89' lang='lat' dir='ltr'><strong>sed</strong></span> <span class='ocrx_word' id='word_1_836' title='bbox 2909 5357 2963 5413; x_wconf 91' lang='lat' dir='ltr'><strong>in</strong></span> <span class='ocrx_word' id='word_1_837' title='bbox 2993 5357 3096 5413; x_wconf 89' lang='lat' dir='ltr'><strong>hoc</strong></span> <span class='ocrx_word' id='word_1_838' title='bbox 3125 5355 3293 5412; x_wconf 92' lang='lat' dir='ltr'><strong>cardo</strong></span> <span class='ocrx_word' id='word_1_839' title='bbox 3313 5357 3634 5427; x_wconf 84' lang='lat' dir='ltr'><strong>quaestionis</strong></span> <span class='ocrx_word' id='word_1_840' title='bbox 3661 5370 3785 5412; x_wconf 85' lang='lat' dir='ltr'><strong>ver-</strong></span> 
     </span>
    </p>
   </div>
   <div class='ocr_carea' id='block_1_113' title="bbox 2169 5448 3779 5522">
    <p class='ocr_par' dir='ltr' id='par_1_113' title="bbox 2169 5448 3779 5522">
     <span class='ocr_line' id='line_1_113' title="bbox 2169 5448 3779 5522; baseline 0 -18"><span class='ocrx_word' id='word_1_841' title='bbox 2169 5450 2322 5518; x_wconf 90' lang='lat' dir='ltr'><strong>titur,</strong></span> <span class='ocrx_word' id='word_1_842' title='bbox 2345 5451 2449 5506; x_wconf 92' lang='lat' dir='ltr'><strong>utri</strong></span> <span class='ocrx_word' id='word_1_843' title='bbox 2475 5451 2696 5506; x_wconf 82' lang='lat' dir='ltr'><strong>lectioni</strong></span> <span class='ocrx_word' id='word_1_844' title='bbox 2720 5451 2890 5522; x_wconf 89' lang='lat' dir='ltr'><strong>magis</strong></span> <span class='ocrx_word' id='word_1_845' title='bbox 2913 5451 3133 5506; x_wconf 81' lang='lat' dir='ltr'><strong>faveant</strong></span> <span class='ocrx_word' id='word_1_846' title='bbox 3151 5449 3369 5506; x_wconf 92' lang='lat' dir='ltr'><strong>codices</strong></span> <span class='ocrx_word' id='word_1_847' title='bbox 3391 5458 3519 5506; x_wconf 85' lang='lat' dir='ltr'><strong>ante</strong></span> <span class='ocrx_word' id='word_1_848' title='bbox 3541 5448 3779 5506; x_wconf 90' lang='lat' dir='ltr'><strong>Felicem</strong></span> 
     </span>
    </p>
   </div>
   <div class='ocr_carea' id='block_1_114' title="bbox 2164 5541 3782 5617">
    <p class='ocr_par' dir='ltr' id='par_1_114' title="bbox 2164 5541 3782 5617">
     <span class='ocr_line' id='line_1_114' title="bbox 2164 5541 3782 5617; baseline -0.003 -15"><span class='ocrx_word' id='word_1_849' title='bbox 2164 5545 2382 5617; x_wconf 90' lang='lat' dir='ltr'><strong>scripti,</strong></span> <span class='ocrx_word' id='word_1_850' title='bbox 2416 5554 2469 5601; x_wconf 92' lang='lat' dir='ltr'><strong>ct</strong></span> <span class='ocrx_word' id='word_1_851' title='bbox 2498 5561 2565 5601; x_wconf 92' lang='lat' dir='ltr'><strong>an</strong></span> <span class='ocrx_word' id='word_1_852' title='bbox 2592 5544 2728 5602; x_wconf 83' lang='lat' dir='ltr'><strong>ﬁdes</strong></span> <span class='ocrx_word' id='word_1_853' title='bbox 2757 5547 2942 5617; x_wconf 90' lang='lat' dir='ltr'><strong>negari</strong></span> <span class='ocrx_word' id='word_1_854' title='bbox 2976 5546 3147 5617; x_wconf 89' lang='lat' dir='ltr'><strong>possit</strong></span> <span class='ocrx_word' id='word_1_855' title='bbox 3177 5545 3473 5601; x_wconf 86' lang='lat' dir='ltr'><strong>Hincmaro</strong></span> <span class='ocrx_word' id='word_1_856' title='bbox 3502 5543 3646 5600; x_wconf 91' lang='lat' dir='ltr'><strong>idem</strong></span> <span class='ocrx_word' id='word_1_857' title='bbox 3671 5541 3782 5598; x_wconf 83' lang='lat' dir='ltr'><strong>lac-</strong></span> 
     </span>
    </p>
   </div>
   <div class='ocr_carea' id='block_1_115' title="bbox 2160 5634 3778 5711">
    <p class='ocr_par' dir='ltr' id='par_1_115' title="bbox 2160 5634 3778 5711">
     <span class='ocr_line' id='line_1_115' title="bbox 2160 5634 3778 5711; baseline -0.002 -14"><span class='ocrx_word' id='word_1_858' title='bbox 2160 5652 2271 5697; x_wconf 88' lang='lat' dir='ltr'><strong>tum</strong></span> <span class='ocrx_word' id='word_1_859' title='bbox 2301 5641 2476 5695; x_wconf 86' lang='lat' dir='ltr'><strong>semel</strong></span> <span class='ocrx_word' id='word_1_860' title='bbox 2516 5649 2679 5711; x_wconf 90' lang='lat' dir='ltr'><strong>atque</strong></span> <span class='ocrx_word' id='word_1_861' title='bbox 2700 5640 2901 5697; x_wconf 86' lang='lat' dir='ltr'><strong>iterum</strong></span> <span class='ocrx_word' id='word_1_862' title='bbox 2925 5642 3191 5709; x_wconf 89' lang='lat' dir='ltr'><strong>narranti,</strong></span> <span class='ocrx_word' id='word_1_863' title='bbox 3244 5638 3539 5695; x_wconf 87' lang='lat' dir='ltr'><strong>accedente</strong></span> <span class='ocrx_word' id='word_1_864' title='bbox 3562 5634 3778 5694; x_wconf 81' lang='lat' dir='ltr'><strong>Alcuini</strong></span> 
     </span>
    </p>
   </div>
   <div class='ocr_carea' id='block_1_116' title="bbox 2157 5731 3778 5808">
    <p class='ocr_par' dir='ltr' id='par_1_116' title="bbox 2157 5731 3778 5808">
     <span class='ocr_line' id='line_1_116' title="bbox 2157 5731 3778 5808; baseline -0.004 -15"><span class='ocrx_word' id='word_1_865' title='bbox 2157 5735 2492 5803; x_wconf 90' lang='lat' dir='ltr'><strong>testimonio,</strong></span> <span class='ocrx_word' id='word_1_866' title='bbox 2547 5735 2865 5808; x_wconf 86' lang='lat' dir='ltr'><strong>fraudisque</strong></span> <span class='ocrx_word' id='word_1_867' title='bbox 2892 5737 3136 5808; x_wconf 89' lang='lat' dir='ltr'><strong>vestigiis</strong></span> <span class='ocrx_word' id='word_1_868' title='bbox 3170 5734 3226 5790; x_wconf 92' lang='lat' dir='ltr'><strong>in</strong></span> <span class='ocrx_word' id='word_1_869' title='bbox 3254 5734 3446 5792; x_wconf 89' lang='lat' dir='ltr'><strong>codice</strong></span> <span class='ocrx_word' id='word_1_870' title='bbox 3481 5731 3778 5805; x_wconf 83' lang='lat' dir='ltr'><strong>Aquisgra-</strong></span> 
     </span>
    </p>
   </div>
   <div class='ocr_carea' id='block_1_117' title="bbox 2154 5827 2850 5900">
    <p class='ocr_par' dir='ltr' id='par_1_117' title="bbox 2154 5827 2850 5900">
     <span class='ocr_line' id='line_1_117' title="bbox 2154 5827 2850 5900; baseline -0.001 -13"><span class='ocrx_word' id='word_1_871' title='bbox 2154 5827 2312 5887; x_wconf 89' lang='lat' dir='ltr'><strong>ncnsi</strong></span> <span class='ocrx_word' id='word_1_872' title='bbox 2339 5829 2850 5900; x_wconf 88' lang='lat' dir='ltr'><strong>perseverantibus.</strong></span> 
     </span>
    </p>
   </div>
  </div>
