4060 6320
304 349 407 406 5ζ9
1692 321 2238 419 Pammenem.
2359 382 2363 390 ι
3521 382 3630 440 550

355 466 487 522 9.35.
514 467 775 527 Maﬁ‘eius
798 470 851 525 in
875 468 1094 526 Przcl‘at.
1115 468 1182 527 ad
1204 485 1369 543 opera
1388 470 1447 528 S.
1473 471 1663 528 Hilarii
1686 471 1911 529 verbum
1939 470 1994 535 Α
2020 487 2165 530 mum
2183 490 2363 535 cxxvn
2390 480 2469 538 sic
2499 481 2661 541 habet
2687 501 2702 541 :
2724 484 2918 560 Cuique
2942 506 2975 545 a
2997 488 3160 548 Patre
3186 490 3439 552 Ecclesia
3462 497 3629 553 haere-

286 562 579 632 adoptatur
608 563 1015 634 praeferendum
1044 572 1253 633 censet,
1297 566 1421 637 quia
1458 565 1748 638 elegantia:
1789 582 1913 622 ora-
2018 569 2153 626 ditas
2172 588 2262 643 per
2280 573 2612 647 adeptionem
2634 584 2885 655 corporis,
2908 585 3048 658 quod
3069 603 3132 642 ea:
3151 588 3348 663 virgine
3373 606 3628 665 praesum-

286 658 440 715 torite
469 655 529 711 id
564 658 746 729 magis
784 658 1053 729 congruit,
1080 673 1148 714 ne
1174 658 1317 715 idem
1350 658 1573 716 verbum
1601 667 1906 731 repetatur,
2014 672 2197 734 pturus
2217 678 2365 735 esset,
2394 670 2701 744 desponsata
2726 677 2810 731 sit.
2836 655 3086 736 ltavenim
3117 698 3185 738 ex
3215 655 3347 740 mss.
3373 655 3626 744 restituit

285 760 341 806 ut
370 751 564 807 aiebat
599 752 772 808 etiam
803 751 1058 808 Petavius
1085 768 1100 819 ;
1133 765 1188 807 et
1216 753 1341 823 quia
1374 751 1614 808 Hilarius
1642 768 1711 810 ex
1741 767 1914 825 oppo-
2012 753 2383 826 Constantius,
2414 778 2539 820 cum
2563 767 2615 821 in
2644 770 2857 826 excusis
2888 771 3162 842 legeretur
3185 793 3278 848 per
3297 778 3624 852 adeptionem

283 845 401 902 sitis
448 846 753 903 miriﬁcum
786 848 988 920 aliquid
1016 859 1335 920 aucupatur.
1369 848 1477 907 Sed
1509 849 1736 907 minime
1776 865 1909 906 con-
2010 853 2263 923 corporis.
2294 850 2610 914 Lectionem
2634 858 2935 920 Constantii
2963 884 3053 936 per
3070 845 3406 941 adoptionem
3416 875 3624 932 conﬁr-

279 949 413 1009 stat,
448 955 520 996 an
576 941 790 998 llilario
839 943 946 1000 hoc
991 943 1116 1000 loco
1145 958 1279 999 cura
1310 942 1418 999 ulla
1450 942 1613 1001 fuerit
1638 944 1708 1000 de
1736 959 1907 1016 oppo-
2010 952 2121 999 mat
2171 962 2277 1001 non
2325 949 2500 1006 solum
2549 952 2799 1011 Maﬁeius
2828 973 2893 1013 ex
2935 960 3120 1017 codice
3153 962 3470 1036 Veronensi,
3519 970 3621 1029 sed

279 1034 418 1100 sitis,
452 1051 642 1107 neque
672 1037 897 1094 difﬁcile
942 1047 1029 1109 e_st
1072 1037 1225 1108 plura
1265 1038 1434 1094 verba
1460 1038 1603 1111 apud
1644 1055 1768 1096 eum
1826 1039 1906 1096 sic
2005 1037 2169 1092 etiam
2204 1039 2448 1097 Muretus
2472 1058 2539 1100 ex
2562 1046 3046 1120 codiceVaticano,
3071 1070 3301 1125 quocum
3320 1034 3617 1121 editionem

280 1128 517 1198 repetita
554 1129 823 1200 reperire.
883 1133 1040 1205 128
1076 1132 1207 1188 Mihi
1253 1132 1474 1202 quidem
1529 1131 1676 1188 aliud
1723 1133 1904 1205 agenti
2004 1128 2363 1191 Parisiensem
2395 1136 2527 1193 anni
2555 1138 2700 1195 1572
2720 1140 2788 1196 ad
2818 1158 2885 1200 eo
2914 1145 3170 1204 collatam
3198 1164 3320 1207 esse
3350 1153 3615 1216 diximus.

276 1218 416 1276 libro
442 1237 483 1288 ι,
518 1236 653 1294 cap.
685 1224 775 1294 '55,
804 1225 1081 1281 occurrit:
1108 1220 1407 1283 Natiaitatis
1446 1228 1759 1300 signiﬁcatio
1801 1239 1897 1297 est,
2600 1230 2831 1291 CAPUT
2870 1235 3008 1293 Vill.

274 1316 384 1371 sola
412 1318 718 1375 nativitatis
762 1321 1018 1392 professio
1061 1331 1138 1377 est
1171 1339 1191 1379 :
1215 1323 1301 1378 ubi
1349 1339 1468 1379 vero
1508 1325 1782 1381 creationis
1826 1336 1900 1381 est
2094 1321 2235 1387 Quid
2261 1322 2316 1376 ίη
2342 1339 2471 1379 "Ova
2500 1324 2599 1382 Ιιασ
2629 1327 2839 1385 Sedulii
2867 1332 3092 1389 editione
3117 1338 3402 1405 prwstitttm
3429 1342 3515 1397 sit.

272 1427 482 1477 nomen,
516 1413 592 1468 ibi
633 1430 796 1470 causa
842 1415 1074 1485 ejusdem
1119 1418 1397 1473 creotionis
1450 1418 1680 1474 anterior
1710 1428 1807 1474 est.

2069 1413 2197 1471 257.
2240 1415 2375 1473 Cum
2407 1420 2575 1475 multa
2607 1423 2717 1477 sint
2747 1423 2801 1479 in
2831 1426 3009 1495 poetis
3035 1429 3228 1499 sacris,
3259 1447 3397 1503 quos
3435 1433 3614 1495 adhuc

271 1505 516 1563 editione
540 1507 767 1579 quidem
795 1508 1093 1567 Parisiensi
1119 1512 1410 1570 anni1572
1430 1512 1626 1585 legitur
1647 1515 1897 1585 professio
1997 1511 2268 1578 recensui,
2299 1511 2615 1585 Prudentio,
2649 1515 2966 1590 Dracontio,
2999 1519 3266 1595 iuvenco,
3299 1530 3613 1587 communia

269 1599 331 1652 sit
365 1615 385 1653 .-
429 1598 533 1655 sed
558 1600 741 1657 codex
772 1601 829 1659 S.
876 1601 1048 1672 Petri,
1073 1603 1168 1676 qui
1188 1604 1257 1660 ab
1285 1603 1389 1660 hoc
1418 1604 1538 1661 loco
1567 1606 1893 1676 scripturam
1994 1615 2115 1657 cum
2146 1599 2390 1672 Sedulio,
2420 1622 2482 1662 ea
2513 1608 2783 1666 interdum
2818 1611 3061 1670 indicare
3102 1622 3334 1688 tantum,
3369 1620 3613 1690 plerum-

269 1694 479 1764 protert
505 1698 822 1769 antiquam,
852 1699 1074 1757 exhibet
1096 1701 1350 1773 professio
1394 1711 1489 1770 est,
1535 1712 1594 1758 ut
1638 1702 1834 1760 observ

1992 1709 2096 1765 que
2124 1697 2347 1753 omnino
2375 1702 2799 1770 praetermittere
2844 1714 3211 1777 opportunum
3256 1710 3437 1768 visum
3485 1712 3613 1774 fuit.

265 1786 549 1860 Muretus,
583 1801 753 1864 atque
800 1794 875 1849 ita
936 1794 1288 1854 Constantius
1315 1805 1371 1854 et
1417 1796 1662 1855 Matl‘eius
1705 1798 1838 1870 legul

1992 1786 2140 1858 Opus
2176 1790 2361 1864 igitur,
2412 1793 2678 1868 laborque
2710 1798 3014 1871 praecipuus
3043 1802 3205 1873 hujus
3237 1804 3498 1864 editionis
3525 1798 3615 1866 est

265 1883 385 1940 sine
416 1884 532 1939 υιιε,
556 1886 848 1956 scriptum
874 1888 1158 1946 νπίθιαιθ,
1915 1874 1965 1936 Β
1992 1897 2178 1940 veram
2208 1887 2533 1957 scripturam
2562 1906 2594 1947 e
2634 1907 2768 1948 mss.
2804 1909 3001 1951 eruere
3032 1890 3087 1953 et
3124 1901 3461 1959 constituere
3498 1922 3512 1959 :
3557 1906 3612 1964 si

331 1976 460 2034 254.
486 1977 636 2046 Quid
669 1990 850 2038 autem
866 1998 969 2055 ego
997 1985 1255 2053 sentiam,
1308 1986 1355 2042 si
1385 1987 1737 2058 aperiendum
1786 1988 1886 2058 sit,
1991 1979 2119 2051 quid
2152 1981 2317 2038 variis
2357 1982 2686 2044 lectionibus
2732 1987 2937 2046 addere
2966 1994 3260 2064 oportebit,
3308 1997 3364 2054 id
3394 1998 3604 2059 eisdem

259 2068 530 2141 judicium
552 2072 840 2132 Francisci
874 2077 1102 2147 Suarez,
1163 2096 1272 2153 quo
1302 2098 1466 2139 nemo
1515 2084 1773 2141 solertius
1798 2100 1838 2141 r:

1988 2074 2214 2131 scholiis
2241 2077 2620 2137 concludetur.
2654 2081 2789 2140 Cum
2818 2085 2963 2142 enim
2990 2089 3219 2146 carmini
3248 2106 3466 2163 prosam
3499 2095 3597 2155 Se-
3685 2081 3698 2095 ’

262 2162 440 2221 tiones
464 2165 600 2224 hinc
630 2167 764 2224 inde
795 2172 1113 2242 expendere
1136 2175 1295 2248 εοιει,
1331 2176 1563 2235 libenter
1587 2178 1886 2248 amplectar
1987 2166 2122 2226 dulii
2146 2170 2420 2241 subjicere
2448 2172 2811 2250 decreverim,
2843 2181 3231 2241 inconcinnum
3254 2162 3411 2245 esset
3434 2191 3603 2249 variis

258 2257 311 2314 in
338 2275 395 2314 lli
427 2271 603 2332 part.,
660 2280 718 2335 q.
747 2264 841 2329 25,
872 2266 1017 2339 disp.
1049 2266 1143 2336 48,
1192 2279 1327 2326 sect.
1358 2269 1394 2325 4
1441 2288 1455 2326 :
1510 2270 1592 2325 Ad
1617 2271 1884 2327 Hilarium
1986 2266 2314 2326 lectionibus
2339 2283 2497 2330 notas
2529 2277 3059 2336 commentariumve
3081 2281 3438 2355 subjungere,
3458 2301 3604 2358 praa~

254 2354 534 2422 ηεροηάει
562 2354 636 2409 ι),
690 2356 936 2431 Thomas,
983 2371 1034 2416 ει
1069 2365 1412 2420 communiter
1441 2363 1772 2431 scholastici,
1804 2380 1884 2421 ιι-
1983 2360 2173 2415 sertirn
2197 2376 2319 2418 cum
2344 2378 2504 2434 prosa
2534 2367 2651 2436 ipsa
2676 2367 2882 2427 efﬁciat
2922 2386 2991 2428 ne
3014 2372 3201 2429 multis
3227 2354 3599 2437 notationibus

254 2461 477 2504 enorme
509 2466 733 2508 vocasse
758 2468 1096 2513 enormous:
1124 2459 1299 2513 carnis
1342 2460 1569 2531 gratiam
1596 2460 1875 2516 unionis...
1981 2466 2121 2524 opus
2149 2454 2239 2511 Sil-

252 2540 353 2595 Alii
381 2546 692 2611 coniectant
720 2549 1019 2605 mendosam
1042 2567 1154 2607 esse
1179 2553 1408 2608 litteram
1436 2552 1657 2623 Hilarii,
1690 2564 1737 2608 et
1791 2554 1878 2609 ubi
2051 2547 2178 2605 258·
2220 2549 2663 2611 Consentaneum
2693 2564 2779 2613 εει
2827 2571 3044 2628 Mosam
3093 2559 3214 2618 l000
3259 2562 3592 2637 interpreta-

251 2633 439 2705 legitur
462 2652 794 2696 ADOP'I'A'I‘UR
815 2640 1091 2714 legendum
1109 2662 1218 2702 esse
1235 2662 1589 2704 anonuun...
1622 2647 1716 2703 Sic
1740 2648 1875 2703 enim
1979 2639 2143 2698 tionis
2170 2642 2332 2700 simul
2363 2661 2485 2702 cum
2518 2648 2762 2706 carmine
2791 2649 2959 2708 edere
2991 2669 3004 2707 :
3038 2668 3109 2709 ex
3132 2670 3239 2726 qua
3269 2671 3378 2713 non
3408 2658 3589 2716 solum

250 2730 436 2801 optime
466 2733 699 2803 quadrat
727 2736 904 2790 ratio:
931 2740 1154 2794 ostendit
1178 2741 1338 2808 enim,
1369 2744 1695 2813 majestatent
1722 2739 1873 2796 Chri-
1975 2750 2132 2791 mens
2159 2748 2337 2809 Ροθιω
2380 2739 2582 2796 Clarius
2614 2744 2965 2813 perspicitur,
3012 2747 3109 2804 sed
3155 2758 3213 2805 et
3253 2764 3382 2807 vera
3426 2751 3590 2810 1801Ῐο

247 2824 310 2878 ui
336 2841 443 2879 ηοη
499 2842 614 2882 εδει
664 2828 993 2886 imminutam
1050 2833 1188 2888 inter
1221 2836 1444 2906 vagitus,
1474 2843 1606 2903 etc"
1634 2837 1871 2906 quando-
1971 2830 2276 2901 saepissime
2300 2832 2675 2892 conﬁrmatur.
2700 2838 2916 2895 Utinam
2946 2841 3053 2898 alia
3080 2841 3408 2902 haberemus
3431 2855 3587 2904 vete-

246 2917 456 2987 quidem
515 2920 576 2974 in
633 2921 770 2991 ipsis
819 2923 1092 2981 adoratur.
1130 2924 1202 2980 Et
1232 2927 1340 2981 haec
1371 2928 1520 2983 lectio
1565 2926 1780 2982 habetur
1813 2928 1869 2985 in
1973 2936 2033 2978 1⁵³
2067 2925 2339 2995 exempla,
2372 2927 2440 2983 ad
2471 2943 2593 2999 quae
2633 2944 2852 3001 prosam
2899 2933 3073 3005 ipsam
3125 2938 3313 2995 multis
3338 2939 3393 2995 in
3448 2941 3588 2999 locis

244 3011 467 3069 editione
492 3013 786 3072 Parisiensi
829 3021 952 3074 anni
976 3020 1116 3077 15M
1140 3020 1333 3094 (Μίνωϊ
1356 3023 1458 3078 sub
1482 3023 1610 3080 Sole
1631 3022 1865 3095 Aureo).
1970 3020 2241 3091 castigare
2261 3036 2545 3093 possemus
2571 3026 2584 3079 ι
2617 3024 2757 3082 Vere
2785 3029 2933 3084 enim
2962 3034 3333 3101 pronuntiavit
3362 3035 3586 3094 Callan-

243 3103 407 3162 Juxta
435 3126 601 3180 quam
632 3109 905 3169 lectionem
952 3114 1046 3169 illa
1092 3116 1373 3187 particula,
1403 3116 1530 3172 dum
1553 3119 1735 3174 carnis
1765 3117 1837 3173 hu

1968 3111 2089 3168 dius
2112 3115 2166 3169 in
2195 3115 2425 3174 Dissert.
2455 3118 2522 3174 de
2552 3120 2776 3177 Sedulio
2804 3123 2871 3178 ad
2905 3133 3039 3181 tom.
3091 3141 3145 3183 Ix
3174 3128 3439 3186 Biblioth.
3472 3132 3580 3188 Pa-

243 3202 451 3260 militas
475 3206 768 3276 aduratur,
819 3225 923 3264 non
951 3220 1024 3264 est
1050 3212 1333 3267 causaliter
1358 3214 1704 3270 sumenda....
1738 3214 1863 3269 Non
1895 3278 1935 3293 η
1966 3215 2111 3265 ῐΐυῐη
2137 3227 2150 3265 ε
2182 3209 2284 3266 Ubi
2306 3213 2526 3282 Primum
2553 3216 2623 3270 σά
2645 3220 2757 3290 εἰπε
2784 3218 2805 3291 (
2830 3234 3006 3289 Pl‘osui
3027 3221 3047 3293 )
3069 3222 3338 3279 ίεειίοηεπι
3362 3230 3584 3285 00098“-

241 3305 405 3367 potest
436 3316 562 3373 ergo
592 3300 690 3355 illa
717 3302 976 3371 particula
1003 3304 1221 3361 reddere
1248 3321 1482 3374 causam,
1510 3307 1600 3362 sed
1627 3309 1833 3381 signum

1967 3318 2099 3366 mus,
2129 3313 2235 3359 tum
2268 3278 2407 3361 illud
2435 3278 2697 3364 Ciceronis
2726 3278 2986 3369 succurrit
3006 3278 3042 3369 ε’
3063 3317 3222 3389 130
3259 3317 3340 3375 De

240 3398 293 3443 ut
318 3408 504 3445 sensus
524 3393 614 3458 sit,
637 3393 767 3449 dum
795 3393 1074 3466 adoretur,
1102 3398 1157 3451 id
1180 3409 1275 3467 est,
1305 3400 1559 3471 siquidem
1580 3401 1833 3457 adoretur

1961 3396 1981 3468 (
2005 3396 2163 3453 libris
2185 3396 2204 3471 )
2226 3416 2328 3471 quo
2354 3417 2434 3455 me
2452 3410 2671 3473 vertam,
2696 3406 2868 3460 nescio
2886 3422 2906 3461 :
2926 3408 2999 3462 ita
3019 3410 3261 3467 mendose
3278 3420 3323 3467 et
3338 3415 3579 3471 scribun-

238 3478 304 3536 Et
333 3482 513 3539 solum
542 3486 709 3543 uideri
733 3495 900 3560 potest
930 3489 1118 3545 durum
1148 3492 1198 3546 in
1221 3491 1319 3547 hac
1350 3493 1588 3565 lectione,
1614 3498 1737 3566 quia
1762 3496 1857 3552 illa

238 3580 501 3649 particula
526 3582 582 3635 in
627 3584 891 3637 communi
918 3601 1036 3654 usu,
1071 3594 1116 3640 et
1168 3584 1361 3641 Latina
1390 3589 1711 3661 praprietate
1751 3607 1855 3671 non

239 3672 443 3727 videtur
468 3674 624 3729 illam
648 3676 1079 3750 signiﬁcationem
1105 3680 1331 3737 habere:
1364 3690 1436 3736 est
1469 3691 1638 3737 tamen
1659 3682 1856 3738 nihilo-

237 3767 410 3823 minus
436 3768 728 3841 probabilis
770 3770 947 3839 lectio,
979 3782 1027 3827 et
1063 3776 1353 3846 responsio.
1386 3775 1496 3831 Sed
1526 3794 1628 3832 non
1651 3789 1725 3833 est
1745 3779 1853 3833 alia

236 3864 641 3932 contemnenda,
661 3880 821 3936 quam
850 3866 1035 3921 habent
1059 3869 1369 3924 recentiores
1390 3870 1616 3934 codices,
1642 3886 1855 3942 eamque

236 3969 342 4008 esse
364 3955 639 4026 antiquam
685 3966 735 4012 et
763 3974 1081 4014 communem
1130 3970 1334 4016 constat
1364 3979 1427 4017 ea:
1458 3962 1526 4016 Ι).
1580 3962 1778 4018 Thema
1804 3973 1853 4019 et

237 4043 606 4103 Scholasticis.
632 4046 701 4103 Et
727 4060 891 4121 potest
905 4052 1121 4109 reddere
1143 4056 1270 4109 satis
1290 4072 1595 4126 germanum
1620 4073 1846 4113 sensum.

234 4137 399 4196 Docet
422 4143 566 4197 enim
612 4159 672 4198 eo
702 4145 818 4201 loco
848 4146 1091 4201 Hilarius
1117 4193 1131 4216 ,
1198 4148 1353 4204 Verbi
1399 4154 1720 4224 majestatem
1745 4168 1849 4207 non

234 4237 396 4305 fuisse
423 4238 755 4293 imminutam
784 4242 847 4295 ob
879 4245 1285 4316 assumptionem
1330 4259 1521 4303 nostra:
1548 4256 1846 4310 κωκυ-αξη..

238 4327 386 4387 Unde
440 4334 730 4401 concludit,
790 4352 857 4391 ea:
879 4336 1177 4393 humilitate
1214 4342 1386 4396 carnis
1427 4340 1598 4397 Verbo
1620 4347 1846 4413 couinno

232 4438 345 4497 ene,
392 4446 496 4484 non
536 4430 702 4502 fuisse
731 4431 884 4487 Verbi
906 4435 1258 4506 ntajcstatem,
1284 4446 1331 4491 et
1360 4438 1650 4511 potentiam
1682 4439 1843 4495 amis-

232 4537 357 4577 sam.

297 4614 427 4674 255.
470 4618 645 4674 Addit
670 4618 918 4690 Suarius,
950 4631 1006 4678 ut
1027 4623 1293 4681 doctrina:
1321 4625 1381 4683 S.
1415 4627 1640 4685 Thomas
1662 4631 1835 4702 magis

230 4706 771 4781 cohazreat,gratiam
799 4715 1017 4771 unionis
1034 4717 1213 4773 solere
1235 4716 1510 4775 interdum
1539 4734 1637 4791 per
1659 4729 1837 4779 trans-

230 4797 487 4858 lationem
538 4811 595 4860 et
647 4807 1019 4879 metaphoram
1074 4810 1423 4883 adoptionem
1487 4815 1719 4871 vocari:
1763 4817 1832 4875 In

229 4909 326 4963 qua
353 4900 684 4969 metaphora,
718 4900 998 4973 subjunglt
1023 4944 1038 4969 ,
1070 4903 1123 4958 in
1156 4919 1213 4959 eo
1242 4921 1398 4961 sensu
1423 4916 1631 4979 sumpta
1656 4910 1835 4968 nullus

229 4999 297 5041 est
326 5006 497 5059 error,
530 4990 622 5045 sed
651 4993 799 5049 nobis
824 4996 1049 5052 cavenda
1076 5004 1173 5066 est,
1206 5009 1315 5054 tum
1339 5002 1483 5071 quia,
1515 5011 1573 5056 ut
1599 5005 1829 5059 ostendi-

228 5095 360 5151 mus,
388 5098 510 5138 vere
538 5094 589 5138 et
614 5086 827 5156 praprie
862 5087 957 5143 illa
1002 5105 1105 5145 non
1150 5100 1226 5147 est
1244 5092 1476 5164 adoptio,
1512 5103 1621 5149 tum
1675 5096 1831 5153 etiam

225 5175 342 5244 quia
362 5175 671 5250 metaphora
699 5178 794 5235 illa
814 5182 1076 5239 rarissime
1103 5192 1180 5241 est
1206 5187 1420 5256 usitata,
1450 5196 1496 5243 et
1519 5197 1685 5262 potest
1720 5207 1831 5249 esse

227 5272 424 5325 occasio
445 5273 661 5330 erroris.
698 5277 856 5349 129
893 5277 1025 5346 Quae
1055 5280 1274 5352 quidem
1306 5297 1435 5340 vera
1485 5292 1636 5351 sunt,
1684 5286 1729 5341 si
1758 5287 1829 5346 de

225 5362 627 5434 signiﬁcatione
673 5367 1141 5444 jurisperitorum,
1189 5384 1283 5432 aut
1323 5375 1488 5433 veluti
1522 5377 1828 5451 theologica

222 5456 374 5512 verbi
432 5458 690 5531 adoptare
736 5476 924 5519 sermo
951 5464 1023 5520 sit
1075 5484 1088 5521 :
1145 5467 1386 5541 alioquin
1435 5471 1579 5541 apud
1608 5480 1827 5532 veteres

222 5544 443 5607 Latinos
477 5551 673 5625 adopto
718 5554 988 5612 interdum
1028 5558 1349 5630 simpliciter
1380 5562 1716 5635 signiﬁcabat
1740 5583 1827 5621 os-

221 5652 386 5706 sumo,
430 5640 710 5697 interdum
731 5660 940 5701 assumo
960 5648 1014 5701 in
1039 5647 1208 5718 ﬁlium
1228 5667 1249 5718 ;
1270 5651 1414 5724 quod
1435 5650 1728 5711 discrimen
1755 5672 1823 5714 ex

220 5742 545 5805 argumento
572 5742 629 5790 et
655 5750 715 5793 re
745 5738 858 5808 ipsa
886 5740 1272 5811 colligebatur.

287 5847 419 5906 236.
463 5847 697 5906 Sanctus
720 5851 936 5924 quidem
967 5855 1222 5927 Hilarius,
1254 5861 1356 5918 etsi
1382 5863 1681 5935 saepissime
1701 5880 1825 5923 ver-

223 5940 349 5998 bum
381 5956 600 6000 assumo
621 5938 721 6000 hac
747 5945 802 6000 ln
827 5963 888 6004 re
909 5966 1169 6021 usurpare
1192 5952 1353 6020 solet,
1381 5966 1557 6011 tamen
1584 5956 1650 6012 ad
1681 5959 1823 6028 psal-

1859 4668 1915 4731 D

1957 3497 2061 3560 tur,
2081 3501 2131 3545 et
2147 3503 2381 3549 veneunt.
2403 3494 2541 3551 lllud
2559 3495 2720 3552 etiam
2744 3497 3152 3559 incommodum
3183 3505 3403 3579 accidit,
3427 3510 3573 3580 quod

1956 3598 2134 3654 neque
2177 3584 2497 3645 Gallandius
2544 3591 2831 3662 exemplar
2884 3609 3064 3665 prosae
3112 3612 3142 3651 a
3189 3599 3380 3657 Jureto
3429 3616 3576 3660 anno

1958 3677 2100 3733 1585
2128 3678 2335 3735 editum
2368 3680 2540 3737 vidit:
2574 3700 2751 3756 neque
2781 3687 2916 3743 mihi
2947 3689 3083 3746 illud
3126 3695 3367 3752 nancisci
3394 3696 3570 3756 licuit.

1955 3769 2270 3827 Gallandius
2288 3776 2518 3831 contulit
2541 3777 2930 3837 Bibliothecam
2952 3781 3176 3841 Patrum
3201 3787 3570 3849 Parisiensem

1954 3863 2080 3917 anni
2113 3863 2269 3932 1624,
2326 3880 2390 3922 ac
2433 3868 2894 3938 Lugdunensem:
2931 3875 3016 3931 bis
3060 3880 3398 3951 antiquiores
3431 3885 3569 3944 alias

1953 3970 2056 4026 ego
2081 3971 2191 4026 pra:
2218 3959 2470 4015 manibus
2490 3959 2676 4029 habui,
2703 3973 2760 4018 nt
2784 3981 2910 4021 mox
2931 3967 3128 4025 dicam.
3152 3970 3405 4045 Suspicio
3430 3977 3568 4035 mihi

1953 4057 2079 4105 nata
2107 4062 2214 4118 est,
2251 4066 2493 4121 prosam,
2516 4055 2960 4129 quandoquidem
2993 4076 3114 4118 eam
3148 4063 3374 4122 Sedulio
3402 4068 3565 4141 abju-

1949 4143 2134 4201 dieare
2159 4153 2347 4202 contra
2378 4145 2557 4215 Bedac,
2591 4149 2931 4222 aliorumque
2976 4154 3223 4224 ejusdem
3270 4158 3384 4216 lere
3415 4170 3555 4219 tem-

1952 4238 2100 4308 poris
2138 4238 2511 4295 auctoritatem
2554 4257 2661 4297 non
2690 4242 2836 4312 licet,
2867 4244 2936 4299 ab
2959 4245 3143 4318 aliquo
3172 4250 3560 4322 interpolatam

1952 4346 2097 4400 esse,
2124 4342 2180 4390 et
2205 4333 2258 4388 in
2288 4333 2613 4404 quibusdam
2659 4336 2796 4393 locis
2838 4338 2906 4394 ad
2937 4341 3253 4400 mendosam
3295 4348 3559 4407 carminis

1947 4427 2274 4499 scripturam
2301 4429 2789 4487 accommodatam.
2822 4432 2964 4490 Sane
2990 4450 3115 4492 cum
3148 4453 3307 4509 prosa
3334 4440 3563 4501 liberius

1948 4519 2221 4576 interdum
2254 4533 2535 4593 evagetur,
2565 4538 2749 4580 veram
2771 4527 3027 4583 carminis
3052 4529 3339 4591 lectionem
3365 4550 3398 4593 e
3424 4537 3561 4597 solis

1947 4628 2080 4670 mss.
2111 4615 2521 4686 exemplaribus
2551 4618 2812 4690 colligere
2858 4623 3165 4693 smpissime
3196 4643 3423 4707 necesse
3447 4643 3555 4691 est.

1942 4708 2013 4768 Ut
2035 4718 2216 4766 autem
2246 4712 2298 4767 in
2337 4722 2594 4784 promptu
2621 4715 2695 4772 sit
2719 4716 3013 4788 explicatio
3054 4732 3329 4794 notarum,
3358 4728 3554 4800 quibus

1938 4805 2210 4864 editiones
2236 4816 2455 4865 veteres
2491 4817 2548 4866 et
2571 4810 2792 4868 codices
2819 4827 2951 4870 mss.
2977 4814 3033 4871 in
3054 4815 3278 4877 scholiis
3306 4820 3550 4882 indican-

1939 4909 2046 4971 tur,
2077 4901 2314 4960 indicem
2346 4918 2534 4960 eamm
2562 4904 2815 4963 subtexe.

2007 5018 2127 5073 Alb.
2160 5018 2345 5076 Codex
2392 5020 2737 5079 bibliothecae
2765 5023 3033 5084 Albaniae.
3085 5027 3223 5085 Vide
3258 5045 3410 5087 num.
3451 5033 3544 5091 80.

1934 5140 2006 5151 -
2030 5110 2154 5167 Ald.
2188 5111 2365 5167 Editio
2394 5111 2542 5183 Aldi,
2574 5114 2645 5170 de
2687 5130 2815 5188 qua,
2842 5133 2990 5174 num.
3025 5118 3149 5175 101.
3181 5151 3254 5161 --
3276 5121 3417 5178 Alm.
3449 5125 3548 5181 Al-

1933 5206 2259 5263 meloveenii
2290 5205 2484 5263 codex.
2510 5206 2650 5266 Vide
2669 5224 2726 5264 n.
2758 5210 2851 5266 81.
2880 5242 2952 5253 -
2970 5211 3106 5283 Aug.
3130 5210 3314 5269 Codex
3341 5213 3543 5274 biblio-

1931 5299 2106 5357 theca:
2133 5298 2428 5370 Angelicai,
2460 5315 2610 5356 num.
2644 5301 2732 5358 79.
2759 5332 2833 5344 -—
2857 5304 3036 5359 Arntz.
3082 5301 3265 5359 Codex
3305 5306 3543 5367 Arntze-

1929 5395 2029 5463 nii,
2052 5410 2203 5451 num.
2247 5395 2337 5450 81.
2380 5424 2453 5437 -
2498 5393 2683 5453 Barth.
2718 5397 2945 5456 Codices
2985 5396 3214 5468 Barlhii,
3247 5415 3399 5458 num-
3445 5405 3540 5473 35.

1930 5489 2057 5547 155.
2087 5519 2161 5531 —-
2193 5488 2376 5545 Burm.
2424 5490 2573 5547 Petri
2618 5491 2856 5549 Secundi
2885 5492 3181 5548 Burmanni
3214 5494 3451 5566 codices,
3484 5508 3542 5556 et

1926 5583 2281 5654 conjectum,
2331 5600 2387 5641 η.
2436 5583 2527 5640 82.
2558 5613 2625 5625 —-
2675 5581 2828 5639 Cant.
2865 5582 3051 5640 Codex
3102 5582 3537 5663 Cantuariensis,

1929 5694 2081 5735 num.
2109 5679 2200 5737 83.
2233 5695 2354 5752 seq.
2381 5709 2454 5722 —
2485 5679 2651 5752 Capp.
2682 5678 2864 5734 Editio
2892 5677 3211 5748 Cappusoti,
3241 5695 3394 5738 num.
3442 5684 3534 5744 95.

1927 5804 2001 5815 —-
2026 5771 2162 5830 Celt.
2192 5772 2377 5831 Editio
2405 5773 2655 5843 Cellarii,
2680 5787 2807 5827 num
2835 5771 2960 5827 126.
2986 5799 3060 5812 --
3084 5767 3214 5825 Cod.
3240 5788 3293 5828 a.
3318 5776 3369 5833 b.
3401 5796 3449 5835 c.
3476 5782 3535 5838 d.

1921 5883 1967 5923 e.
2020 5865 2272 5938 Quinque
2323 5865 2574 5934 Codices,
2635 5880 2705 5921 ex
2755 5863 2950 5935 quibus
2978 5864 3310 5923 Arntzenius
3354 5875 3539 5932 varias

1925 5959 2186 6016 lectiones
2208 5959 2421 6026 habuit,
2445 5974 2596 6013 num.
2625 5959 2714 6014 82.
2736 5984 2809 6000 α·-
2829 5957 2944 6013 Col.
2966 5955 3147 6013 Editio
3165 5956 3537 6036 Coloniensis,
