4060 6320
464 363 570 421 551

1769 368 1789 425 ζ’
1820 357 2041 416 οωιιι
2076 355 2353 416 δεουιιι

3682 353 3789 409 5'5!

456 491 609 532 num.
649 474 771 533 110.
798 504 871 517 --
896 474 1106 537 Edimlt.
1151 472 1332 535 Editio
1378 469 1851 545 Edimburgensis,
1885 488 1940 527 ιι.
1975 470 2065 541 82,
2097 475 2151 535 Α
2175 468 2585 535 sovranaturali,
2615 471 2742 525 cem‘
2764 471 2866 541 egli
2886 470 3023 538 dice,
3052 469 3316 525 cisembra
3335 469 3544 543 verum
3572 475 3712 522 certe
3737 466 3789 522 la

457 568 585 625 125.
633 598 705 610 -
751 563 917 623 Febr.
958 565 1179 643 Georgii
1210 564 1446 622 Fabricii
1496 563 1688 634 editio,
1740 578 1887 619 num.
1944 563 2068 619 118.

460 658 691 715 -—Gall.
717 659 988 716 Gallendii
1017 658 1208 729 editio,
1233 673 1385 715 num.
1409 657 1620 714 150.--
1640 654 1811 712 Gram.
1835 654 2071 712 Gruneri

458 751 651 822 editio,
684 766 834 808 num.
867 753 991 809 128.
1026 784 1096 793 -
1162 750 1309 807 Had.
1344 749 1650 807 lladamarii
1694 749 1884 816 editio,
1917 765 2069 804 num.

462 845 663 901 108.-
686 843 832 915 Lips.
859 845 975 901 cad.
996 844 1183 901 Codex
1207 843 1527 917 Lipsiensis,
1554 859 1706 898 num.
1733 843 1901 898 84.——
1920 840 2067 912 Lips.

457 937 542 992 ed.
572 934 752 992 Editio
782 935 1106 1009 Lipsiensis,
1137 952 1289 991 num.
1320 935 1443 991 102.
1491 963 1563 976 -
1599 932 1745 991 Mali.
1775 932 2075 990 Mabiiionii

458 1030 655 1102 codex,
705 1046 858 1088 num.
896 1032 1099 1088 1635.-
1133 1029 1304 1086 Meus.
1336 1028 1520 1087 Codex
1562 1045 1714 1085 meus
1742 1029 2068 1100 descriptus,

460 1136 613 1179 num.
640 1122 730 1180 80.
760 1153 833 1166 -—
862 1124 1017 1199 131
1044 1123 1190 1180 Man.
1220 1124 1671 1180 Monasteriensis
1694 1122 1887 1189 editio,
1919 1139 2066 1179 num.

462 1217 555 1272 97.
594 1247 665 1257 —
697 1217 870 1272 Nam.
906 1218 1094 1274 Nansii
1123 1217 1319 1291 codex,
1353 1234 1503 1273 nunt.
1531 1216 1643 1273 182.
1666 1247 1737 1257 —
1770 1216 1933 1271 Nebr.
1968 1216 2074 1271 Ne-

461 1308 758 1368 brissensls
804 1308 998 1375 editio,
1032 1326 1181 1366 num.
1217 1310 1340 1381 l03,
1381 1309 1504 1366 111.
1538 1338 1609 1351 -
1656 1308 1762 1364 Ott.
1801 1309 1853 1364 1.
1884 1306 2073 1363 Codex

464 1399 761 1457 Vaticanus
806 1401 1209 1459 Ottobonianus
1248 1405 1303 1459 1.
1346 1402 1478 1459 Vide
1517 1418 1669 1458 num.
1709 1399 1799 1457 75.
1848 1431 1917 1444 -—
1958 1400 2071 1456 Ott.

463 1495 520 1549 2.
553 1494 955 1551 Ottobonianus
982 1496 1037 1551 2.
1078 1497 1210 1553 Vide
1243 1512 1395 1553 num.
1428 1496 1519 1552 76.
1547 1526 1620 1539 ο·-
1664 1493 1843 1550 Palat.
1886 1494 2074 1552 Codex

464 1585 762 1644 Vaticanus
791 1587 1094 1656 Palatinus,
1126 1604 1275 1647 num.
1308 1589 1343 1647 5
1380 1601 1437 1646 et
1477 1590 1567 1646 65.
1607 1619 1681 1631 —
1709 1585 1903 1644 Parrh.
1939 1590 2074 1644 Par-

462 1678 631 1735 rhasii
679 1679 870 1748 editio,
924 1698 1074 1739 num.
1111 1682 1234 1741 100.
1283 1714 1355 1726 -
1402 1682 1608 1741 Peelm.
1638 1683 1724 1743 ed.
1758 1682 2074 1740 l'eelmanni

467 1774 656 1844 editio,
691 1791 844 1831 num.
871 1776 996 1845 106,
1029 1778 1150 1833 109.
1180 1807 1249 1819 ——
1270 1775 1475 1833 Paelm.
1505 1777 1729 1845 schedia,
1753 1775 2075 1832 Poelmanni

2131 593 2133 595 ι
2175 577 2527 634 censeguenza
2555 559 2696 615 delle
2723 562 3020 633 cognitione
3050 562 3486 628 seeranaturale;
3510 561 3792 617 altrinsenti

2175 656 2418 711 dam-rma
2444 672 2719 712 canescere
2741 654 2882 711 uella
2909 658 3023 711 sala
3050 670 3243 715 natura
3282 656 3336 711 la
3382 659 3531 729 {orsa
3572 671 3791 729 proper-

2174 749 2387 803 zienata
2410 766 2500 822 per
2529 765 2801 804 canescere
2828 750 2907 804 cie
2928 748 3020 803 cite
3044 766 3237 821 supera
3268 750 3321 805 la
3349 750 3656 824 cognizt'enc
3679 749 3793 805 del-

2178 843 2230 896 la
2261 852 2467 898 natura.
2500 842 2603 912 Qui
2632 842 2830 919 ραι-ιαδὶ
2851 843 2904 898 di
2928 843 3228 915 cagniziens
3256 854 3413 911 certe,
3446 860 3553 899 non
3582 843 3638 898 di
3667 859 3794 898 cen-

2176 937 2512 1009 ghietluraie.

2245 1030 2373 1085 2M.
2415 1029 2724 1100 Quodnam,
2759 1044 2912 1101 rogo,
2936 1030 3007 1087 de
3039 1039 3151 1088 tota
3195 1030 3299 1087 hae
3350 1045 3412 1088 re
3435 1030 3704 1102 judicium
3728 1029 3793 1087 il-

2175 1120 2354 1177 lorum
2385 1122 2513 1188 erit,
2541 1122 2635 1193 qui
2685 1122 2879 1179 Latine
2920 1124 3194 1195 nesciunt,
3227 1132 3283 1181 et
3309 1125 3481 1182 verba
3520 1139 3644 1181 mea
3672 1139 3792 1183 cum

2176 1216 2361 1272 verbis
2377 1215 2583 1273 ltalicis
2607 1216 2775 1273 Diarii
2800 1217 3052 1276 conferre
3077 1235 3187 1277 non
3210 1230 3444 1292 possunt
3465 1219 3792 1289 lQuodnant

2152 1310 2341 1385 etiam
2362 1323 2575 1379 eorum,
2606 1309 2699 1382 qui
2728 1310 2925 1368 Latine
2963 1312 3184 1383 quidem
3219 1313 3422 1382 sciunt,
3449 1314 3551 1370 sed
3582 1314 3794 1371 theolo-

2175 1403 2318 1473 giam
2345 1409 2442 1458 aut
2468 1405 2694 1459 omnino
2725 1404 3000 1476 ignorant,
3033 1415 3128 1462 aut
3152 1406 3354 1463 leviter
3374 1414 3619 1475 tantum,
3650 1407 3793 1478 quod

2176 1495 2420 1566 plerique
2444 1510 2589 1552 nunc
2620 1495 2851 1565 faciunt,
2882 1499 3231 1570 attigerunt?
3259 1499 3429 1569 Agam
3456 1499 3631 1572 igitur
3666 1514 3790 1557 cum

2176 1597 2400 1644 auctore
2448 1590 2569 1659 ipso
2617 1589 2810 1655 Diarii,
2866 1605 2973 1646 non
3027 1591 3207 1647 solum
3264 1589 3550 1664 theologo,
3602 1606 3789 1648 verum

2177 1684 2340 1738 etiam
2368 1682 2683 1740 clarissime
2715 1682 3004 1757 theologis:
3052 1685 3390 1756 professors.
3420 1686 3651 1751 Asserai
3672 1702 3795 1744 sen-

2177 1776 2403 1831 tentiam
2438 1776 2861 1847 probabiliorem
2889 1791 3038 1845 esse,
3070 1794 3193 1850 qua:
3242 1789 3397 1837 tenet
3420 1782 3793 1853 segnitiem

466 1875 611 1922 notae
641 1882 799 1936 mss.,
829 1883 977 1924 num.
1010 1870 1100 1925 81.
1120 1900 1190 1910 -—
1209 1868 1337 1947 Reg.
1370 1872 1421 1937 l,
1440 1870 1496 1934 2,
1525 1871 1578 1937 5,
1607 1870 1663 1937 tl,
1692 1869 1745 1935 5,
1768 1868 1823 1925 6.
1849 1869 1956 1927 Sex
1982 1884 2073 1925 co-
2103 1868 2152 1930 B
2180 1869 2566 1941 mysteriorum
2601 1869 2746 1937 lidei,
2771 1886 2873 1941 qua
2908 1870 3166 1942 prmditus
3189 1872 3289 1927 luit
3318 1872 3588 1943 Adamus,
3628 1873 3795 1933 fuisse

382 2017 394 2031 ,
466 1959 616 2016 dices
649 1958 896 2043 Vaticani
932 1960 1153 2034 Reginae
1183 1961 1507 2019 Succorum.
1556 1961 1694 2019 Vide
1724 1978 1875 2017 num.
1907 1963 1976 2017 (ιϐ
2004 1960 2074 2016 ad

468 2052 556 2107 74.
577 2082 648 2096 --
669 2052 823 2111 Rom.
843 2054 1031 2113 Codex
1045 2055 1627 2129 bibliothecaeCollegii
1651 2055 1902 2122 Romani,
1921 2071 2071 2111 num.

467 2147 558 2202 78.
578 2176 649 2189 —
666 2149 849 2205 Scala.
881 2149 1063 2206 Editio
1085 2161 1169 2207 est
1196 2151 1387 2207 eadem
1421 2160 1585 2222 atque
1604 2148 2073 2220 Edimburgensis,

468 2239 540 2294 de
567 2254 674 2311 qua
720 2254 907 2312 supra.
954 2272 1028 2283 —
1062 2242 1222 2299 Taur.
1268 2243 1456 2299 Codex
1504 2241 1849 2299 bibliothecas
1887 2242 2079 2298 Tauri-

471 2333 685 2399 nensis,
730 2349 881 2391 num.
929 2336 1018 2391 62.
1063 2364 1135 2377 —
1182 2334 1344 2391 Tant.
1380 2336 1433 2404 1,
1464 2335 1522 2400 2,
1554 2337 1607 2391 5.
1654 2335 1940 2391 Editienes
1967 2344 2078 2391 tres

468 2425 858 2496 Ternzesianzr,
879 2445 932 2483 n.
955 2430 1079 2497 116,
1109 2431 1233 2496 119,
1257 2431 1380 2487 125.
1408 2462 1476 2472 -
1503 2429 1617 2485 Vat.
1639 2433 1692 2489 l.
1723 2428 2078 2486 2.0uocodl-

472 2535 561 2576 ces
592 2521 944 2578 bibliothecas
962 2524 1201 2595 antiquae
1225 2524 1522 2593 Vaticanus,
1547 2541 1603 2579 ιι.
1629 2523 1720 2593 Gl,
1744 2523 1837 2579 65.
1863 2554 1933 2564 —
1963 2521 2076 2579 νει.

471 2615 496 2667 1
512 2659 525 2683 ,
548 2613 604 2670 I.
639 2614 769 2670 Duae
786 2625 1003 2673 veteres
1032 2616 1326 2683 editiones.
1350 2617 1554 2689 quibus
1582 2632 1713 2674 usus
1738 2628 1821 2674 est
1852 2617 2083 2675 Annae-

474 2709 620 2775 nius,
656 2723 803 2764 num.
833 2709 924 2778 96,
959 2711 1081 2767 tes.
1113 2739 1183 2751 —
1220 2709 1350 2766 Urb.
1379 2708 1562 2767 Codex
1597 2710 1887 2767 Vaticanus
1918 2709 2081 2767 Urbi-

474 2816 594 2871 nas,
627 2818 777 2859 nunt.
797 2805 886 2861 77.
906 2835 975 2845 —
996 2804 1217 2862 Wanclt.
1240 2805 1584 2877 Conjecturte
1601 2805 1768 2862 Corn.
1791 2805 1909 2862 Val.
1938 2805 2085 2862 Von-

474 2893 605 2966 cltil,
652 2912 799 2952 num.
834 2898 958 2955 156.
989 2928 1060 2942 --
1090 2897 1281 2970 Waplt.
1314 2899 1829 2956 Animadversiones
1856 2899 2084 2955 Thomm

476 2986 823 3059 Wopkensil,
854 3006 1002 3047 num.
1033 2993 1157 3049 155.

545 3080 673 3138 259.
717 3083 845 3139 Post
871 3087 1048 3140 varias
1064 3086 1326 3143 lectiones
1345 3082 1475 3141 hine
1500 3083 1628 3142 inde
1646 3101 1934 3158 expensas,
1964 3085 2088 3142 bre-

478 3191 680 3249 vesque
696 3179 987 3250 aliquando
1014 3191 1171 3237 notas
1192 3182 1433 3247 criticas,
1460 3192 1516 3237 et
1538 3181 1923 3253 philologieas,
1951 3196 2089 3238 non-

2180 1977 2351 2016 earam
2373 1960 2533 2032 ﬁdem
2560 1964 3027 2034 supernaturalent.
3056 1963 3196 2032 Quid
3218 1980 3349 2036 euge
3376 1974 3485 2033 est,
3510 1965 3658 2038 quod
3675 1967 3795 2036 jure

2180 2067 2461 2124 oppenere
2484 2055 2702 2126 possis?
2731 2057 2813 2111 An
2841 2056 3044 2125 nescia,
3076 2056 3130 2111 id
3157 2056 3211 2113 in
3238 2057 3544 2128 quaestione
3563 2058 3795 2129 positum

2181 2162 2326 2219 esse,
2359 2158 2417 2205 et
2439 2149 2706 2221 quosdam
2733 2163 2930 2221 graves
2967 2149 3223 2210 doctores
3264 2166 3492 2223 negare,
3524 2151 3795 2223 ejusmodi

2181 2240 2554 2312 cognitionem
2584 2256 2709 2298 esse
2733 2258 2910 2297 mam
2935 2242 3091 2313 ﬁdem
3113 2243 3568 2316 supernaturaletn
3592 2246 3618 2300 Ρ
3638 2245 3795 2317 Atqui

2186 2333 2323 2393 nihil
2351 2335 2526 2405 magis
2554 2334 2775 2390 obvium
2804 2345 2890 2391 est
2906 2335 3049 2405 apud
3082 2335 3389 2407 theologos,
3413 2336 3507 2407 qui
3535 2335 3611 2393 de
3634 2351 3797 2406 opere

2184 2442 2279 2483 sex
2308 2429 2524 2484 dierum
2554 2428 2823 2494 scribunt,
2850 2429 3172 2487 nominatim
3193 2428 3332 2501 apud
3358 2427 3620 2488 Suarium
3650 2429 3689 2488 l.
3718 2445 3797 2496 tu.

2184 2535 2305 2591 cap.
2336 2522 2425 2589 18,
2450 2522 2542 2577 ubi
2569 2522 2737 2577 multa
2760 2521 2985 2578 disserit
3003 2521 3074 2580 de
3092 2538 3277 2581 rerum
3306 2524 3796 2593 supernaturalium

2186 2613 2519 2685 cognitione,
2550 2629 2710 2686 quam
2739 2613 2905 2673 hante
2928 2626 3062 2674 ante
3090 2626 3372 2686 palmatam
3401 2615 3659 2676 obtinuit.

2256 2708 2386 2763 212.
2426 2708 2506 2764 Ae
2556 2709 2787 2778 primum
2829 2718 2991 2779 negat
3036 2724 3161 2767 eam
3217 2710 3591 2781 cognitionem
3632 2710 3800 2775 fuisse

2188 2800 2435 2857 uisionem
2464 2800 2752 2870 beati/imit
2788 2818 2804 2859 ε
2834 2810 2946 2858 tum
2987 2817 3088 2873 pro
3114 2814 3269 2861 certe
3298 2803 3453 2874 punit
3499 2804 3673 2863 fuisse
3712 2821 3799 2862 cas

2188 2894 2470 2966 guitiancm
2488 2894 2941 2967 supernaturalcat
2967 2913 2980 2951 :
3004 2912 3069 2953 ac
3089 2896 3292 2955 deinde
3312 2897 3511 2967 quierit
3537 2913 3610 2957 an
3644 2897 3801 2959 luerit

2188 3005 2310 3045 acra
2334 2989 2464 3059 ﬁdes
2510 2991 2943 3061 supernaturalls,
2973 3000 3032 3050 ut
3062 2991 3307 3062 plerique
3346 2991 3554 3052 (lucent
3578 3007 3702 3053 cum
3738 2992 3799 3053 Β.

2191 3081 2420 3151 Thema,
2459 3097 2529 3139 an
2572 3082 2775 3155 aliquid
2816 3085 2921 3154 [ide
2975 3085 3361 3156 supernatttralt'
3413 3086 3717 3157 perfectius,
3754 3091 3801 3146 cl

2192 3176 2419 3235 mdium
2449 3178 2583 3235 inter
2638 3161 2881 3235 visionem
2914 3177 3203 3248 beetiﬁcant
3230 3189 3280 3239 ct
3305 3179 3467 3250 ﬁdem
3489 3186 3801 3248 supernatu-

480 3285 771 3342 numquam
794 3271 1014 3338 accidit,
1062 3283 1122 3327 ut
1150 3273 1553 3329 controversias
1579 3273 1841 3345 quasdam
1872 3275 2085 3330 theolo—
2112 3266 2161 3331 Ο
2192 3270 2374 3337 rslsnt,
2390 3278 2449 3328 ut
2469 3278 2663 3327 tenent
2678 3269 2831 3339 [iugo
2850 3270 2919 3329 de
2940 3270 2999 3330 Β,
3015 3269 3255 3337 Victore.
3277 3271 3520 3340 MensiS.
3540 3270 3601 3327 S-
3629 3271 3801 3333 Boua-

477 3361 628 3431 gicus
652 3378 927 3433 exponere
958 3367 1324 3423 necessarium
1351 3368 1441 3436 sit,
1462 3370 1604 3437 quod
1629 3370 1751 3425 sine
1787 3369 2088 3427 ambitione

481 3464 539 3511 et
568 3454 707 3515 fastu
737 3467 999 3527 pressura
1016 3459 1189 3525 soleo,
1219 3470 1428 3516 tantum
1452 3470 1513 3516 ut
1534 3462 1787 3533 dogmata
1813 3462 2087 3519 catholica

481 3557 763 3619 poetarum
804 3551 969 3607 etiam
1013 3554 1447 3611 Christianorum
1491 3564 1737 3611 veterum
1766 3560 2088 3614 auctoritate

478 3643 819 3711 conﬁrmem,
849 3656 942 3699 aut
974 3646 1273 3715 peculiares
1298 3649 1559 3719 quasdam
1582 3664 1770 3705 eorum
1800 3652 2088 3720 epiniones

480 3735 534 3789 itt
558 3733 703 3790 bono
723 3737 927 3793 lumine
946 3738 1229 3794 collocant.
1257 3739 1378 3796 Etsi
1405 3750 1587 3798 autem
1618 3742 1754 3798 nihil
1774 3743 1911 3799 mliti
1939 3745 2086 3814 prius

482 3837 591 3893 est,
640 3843 799 3899 quam
832 3841 891 3887 ut
933 3830 1292 3889 celeberrima
1320 3850 1547 3906 quasque
1578 3836 2085 3907 probatissintorum

482 3923 765 3980 doctorum
795 3927 989 3996 placita
1032 3942 1251 4000 sequar,
1295 3938 1478 3987 tamen
1509 3932 1809 3987 sententias
1858 3949 2028 4001 nicas,
2055 3947 2088 3988 a

481 4015 678 4087 quibus
702 4033 895 4089 graves
941 4021 1106 4093 aliqui
1138 4020 1375 4094 theologt
1413 4022 1765 4093 dissentiunt,
1800 4039 1898 4093 pro
1921 4021 2089 4081 certis

481 4111 767 4168 venditare
797 4129 905 4169 non
930 4114 1126 4182 audeo,
1158 4115 1256 4172 sed
1285 4130 1380 4173 eas
1424 4125 1637 4173 tantum
1669 4118 2084 4189 probabilioroa,

479 4212 577 4259 aut
602 4209 1005 4265 communiores
1036 4224 1194 4280 voco,
1243 4212 1453 4268 scilicet
1487 4215 1671 4268 stivam
1709 4215 1917 4283 stivam,
1952 4214 2089 4286 liga-

483 4312 598 4351 neat
646 4297 890 4370 ligonem.
947 4301 1104 4370 Quod
1144 4317 1245 4359 eos
1274 4305 1436 4360 velim
1485 4307 1945 4374 animadvertere,
1994 4307 2088 4378 qui

483 4404 636 4447 meas
654 4397 963 4451 natationes
986 4394 1044 4451 in
1059 4411 1286 4454 examen
1307 4399 1598 4469 aliquando
1616 4410 1835 4467 vocant,
1860 4414 2091 4470 procero

484 4483 582 4539 tim
606 4500 731 4541 cum
758 4502 877 4544 rem
907 4489 1050 4560 apud
1073 4491 1262 4562 vulgus
1293 4503 1479 4563 agunt,
1504 4493 1658 4563 cujus
1683 4507 1817 4550 sane
1843 4493 1979 4549 nihil
2009 4493 2091 4548 in-

487 4586 653 4631 terest
675 4578 744 4633 de
785 4580 1090 4637 istiusmodi
1117 4582 1489 4640 subtilioribus
1519 4586 1803 4656 theologia!
1832 4587 2092 4657 quaestio-

487 4668 648 4725 nibus
678 4671 889 4728 audire.
923 4673 1270 4745 Exemplum,
1320 4677 1366 4731 sl
1403 4677 1601 4746 placet,
1634 4678 1977 4749 proferamus
2022 4693 2090 4736 ex
2120 4659 2174 4723 Ῑ)

488 4763 672 4819 Diario
697 4764 1069 4822 ecclesiastico
1095 4768 1343 4825 Romano
1374 4769 1533 4843 133
1581 4770 1742 4842 hujus
1765 4773 1895 4826 anni
1928 4772 2090 4841 1795,

486 4869 639 4910 nttm.
668 4856 753 4921 19,
793 4857 848 4912 in
878 4872 986 4927 quo
1027 4860 1341 4917 enuntiatur
1371 4863 1690 4918 Dracontius
1726 4878 1757 4917 a
1785 4878 1876 4918 me
1910 4864 2094 4921 editus

486 4947 677 5005 Romae
701 4963 845 5007 anno
876 4950 1034 5009 1791.

560 5042 688 5103 210.
727 5043 937 5102 Auctor
955 5046 1171 5105 articuli
1198 5046 1266 5109 de
1289 5048 1583 5111 Dracontio
1607 5050 1898 5123 diligenter
1920 5061 2092 5113 totam

485 5136 806 5209 editionem,
842 5140 1254 5213 carminumque
1282 5154 1660 5215 argumentum
1702 5144 1986 5216 describit,
2028 5163 2095 5211 ac

484 5245 668 5289 meum
692 5232 857 5291 etiam
879 5232 1121 5295 laborem
1138 5234 1425 5306 exquisitis
1446 5236 1697 5297 laudibus
1723 5240 2091 5305 commendat.

490 5322 669 5382 Unum
699 5336 883 5382 tamen
909 5324 1032 5399 luit,
1059 5328 1201 5400 quod
1227 5328 1703 5390 animadversione
1727 5332 1951 5404 dignum
1996 5351 2094 5411 pu-

486 5425 646 5477 taret.
680 5418 765 5477 En
789 5419 910 5492 ejus
932 5420 1097 5480 verba
1122 5440 1135 5479 :
1159 5421 1229 5479 Al
1247 5438 1389 5481 verse
1416 5422 1526 5482 484
1554 5426 1639 5481 del
1664 5424 1795 5487 libre
1820 5443 1841 5487 ι
1870 5430 1932 5488 dc
1957 5429 2090 5505 Dea,

489 5511 600 5570 dice
629 5513 668 5570 il
690 5511 778 5570 clt.
811 5513 877 5571 Δ.
908 5513 979 5571 de
1005 5515 1338 5590 cognitione,
1371 5531 1478 5589 qua
1526 5519 1791 5591 praeditus
1819 5519 1921 5579 luit
1947 5521 2093 5583 Ade?

488 5619 627 5672 mus,
676 5606 1069 5679 mysteriorum
1117 5608 1611 5680 supernaturaiium
1661 5626 1770 5672 non
1821 5612 1958 5674 levis
2008 5621 2094 5673 cst

488 5699 757 5769 quaestio:
802 5716 963 5772 quam
995 5716 1178 5761 verum
1205 5702 1367 5763 [idem
1409 5707 1876 5779 supernaturalent
1924 5705 2094 5765 fuisse

489 5792 826 5862 probabilius
853 5801 940 5853 est
965 5813 980 5850 :
1011 5796 1071 5855 Ci
1097 5808 1375 5872 permane,
1405 5801 1499 5859 cite
1520 5801 1609 5860 uel
1642 5817 1771 5876 pure
1792 5800 2015 5858 diciama
2039 5800 2095 5863 Ia

488 5891 684 5943 nostra.
728 5883 980 5947 Concessa
1019 5891 1088 5947 ad
1130 5891 1332 5954 Atlante
1358 5894 1413 5955 la
1437 5896 1740 5972 cognisianc
1770 5891 1854 5951 dei
1896 5892 2096 5952 utisteri

2195 3371 2444 3423 ventura.
2482 3360 2637 3432 138
2681 3361 2927 3429 Gabriel,
2960 3368 3068 3422 etc.
3118 3361 3455 3425 Sententiatn
3486 3361 3546 3426 S.
3581 3362 3800 3427 Thoutlt

2190 3453 2459 3525 sequitur.
2490 3470 2651 3525 quam
2672 3470 2776 3525 ego
2817 3456 2983 3517 etiam
3008 3456 3438 3523 probabiliorem
3464 3455 3597 3517 dixi.
3624 3454 3802 3526 Repow

2190 3546 2278 3603 uis
2305 3546 2610 3607 :Conccsae
2628 3547 2838 3609 Adamn
2859 3548 3172 3618 cognitione
3195 3549 3587 3619 mysteriorum
3614 3563 3800 3619 super.

2192 3639 2541 3706 naturalium.
2585 3638 2797 3697 videtur
2826 3640 2952 3702 inde
2974 3650 3128 3701 certe
3149 3640 3410 3717 concoqui
3433 3641 3798 3711 cognitionem

2190 3732 2684 3804 supernaturaleut.
2715 3731 2823 3789 Sed
2852 3746 3036 3789 nonne
3063 3732 3243 3799 vides.
3292 3732 3393 3792 hac
3420 3732 3688 3805 arguendi
3717 3748 3800 3795 ra»

2192 3829 2341 3890 tione
2362 3827 2558 3888 mutari
2588 3829 2848 3893 medium,
2884 3836 2943 3887 ut
2969 3828 3173 3891 schola:
3195 3826 3535 3898 loquuntur?
3561 3828 3797 3897 Quaestio

2191 3924 2338 3981 anim
2360 3932 2448 3984 est
2470 3923 2540 3978 de
2560 3939 2678 3976 vera
2703 3922 2828 3991 ﬁde,
2852 3938 2961 3977 non
2986 3921 3055 3981 de
3076 3921 3368 3993 cognitione
3388 3919 3796 3993 aspernatum“,

2191 4031 2313 4087 quia
2336 4015 2514 4087 potius
2541 4014 2755 4077 Adsum
2778 4029 3037 4077 concessa
3056 4015 3404 4087 supponitur.
3427 4014 3682 4087 Cegnitio
3706 4030 3799 4081 adv

2195 4120 2303 4169 tem
2347 4110 2777 4181 supernaturaiis
2812 4119 2996 4181 potest
3036 4124 3161 4169 esse
3201 4110 3289 4167 vol
3334 4110 3473 4169 visio
3522 4110 3794 4181 beauties,

2193 4205 2277 4263 vel
2310 4205 2467 4269 lides,
2494 4204 2580 4267 vel
2616 4220 2682 4266 ex
2716 4204 2981 4275 probabili
3021 4204 3377 4276 quorumdam
3404 4206 3667 4277 Opinione
3702 4224 3795 4265 co-

2192 4297 2363 4368 gnitio
2383 4297 2560 4358 media
2591 4298 2734 4357 inter
2757 4298 3022 4355 visionem
3048 4298 3167 4363 Dei.
3192 4307 3251 4359 et
3280 4298 3463 4361 ﬁdem.

2260 4390 2388 4453 245.
2430 4391 2592 4455 Plura
2619 4391 2822 4453 addere
2846 4390 2984 4453 nihil
3007 4392 3199 4464 juvat;
3233 4391 3330 4449 sed
3358 4407 3551 4451 verear
3601 4410 3693 4459 ne.
3749 4392 3796 4455 si

2194 4485 2485 4551 rationem,
2519 4500 2684 4555 quam
2717 4484 2967 4541 laudatus
2999 4484 3090 4540 hic
3115 4485 3400 4556 theologus
3450 4486 3665 4557 objicit,
3721 4498 3796 4549 ta.

2194 4577 2335 4637 citus
2364 4586 2712 4652 praeteream,
2762 4578 2987 4640 silentio
3030 4593 3151 4643 eam
3200 4594 3323 4639 meo
3373 4580 3563 4637 videar
3600 4595 3796 4656 appro-

2199 4671 2377 4731 basse.
2407 4671 2723 4743 Altrimenti.
2750 4672 2847 4737 ait,
2877 4671 3121 4732 ἀσυνειηο
3173 4688 3450 4729 canescere
3492 4673 3636 4735 nclla
3686 4673 3795 4737 sala

2199 4772 2390 4827 natura
2413 4767 2465 4821 la
2496 4766 2644 4841 farsa
2694 4765 3097 4837 praporst'anata
3149 4781 3240 4834 per
3263 4781 3537 4825 canescere
3590 4768 3672 4827 cie
3706 4767 3796 4827 alta

2196 4872 2386 4929 supera
2412 4859 2467 4917 le
2494 4857 2792 4932 cegnizianc
2818 4856 2958 4915 delia
2980 4867 3191 4917 natura.
3218 4858 3274 4915 Si
3310 4857 3448 4917 nihil
3500 4858 3653 4925 aliud
3709 4876 3773 4921 vo

2198 4948 2293 5023 lit,
2324 4952 2426 5013 nisi
2470 4958 2741 5021 statuere,
2774 4950 2991 5011 seclusa
3041 4951 3378 5015 resolutione
3409 4952 3625 5025 divina,
3680 4969 3797 5029 my»

2198 5044 2365 5103 steria
2408 5042 2847 5119 supernaturalia
2886 5045 3141 5119 cognosci
3170 5058 3278 5105 non
3305 5059 3501 5121 posse,
3535 5046 3682 5109 uitro
3709 5061 3769 5107 as

2197 5136 2533 5199 scutiormt
2561 5137 2609 5197 si
2640 5136 2920 5199 existimet
2948 5136 3115 5211 (quod
3149 5137 3311 5197 verba
3366 5139 3624 5215 ianuam)
3680 5140 3796 5199 nul-

2199 5231 2302 5289 lam
2335 5243 2495 5299 posse
2538 5242 2657 5291 esse
2689 5229 3058 5308 cognitionem
3095 5239 3300 5293 certant
3335 5232 3642 5295 naturalem
3681 5248 3796 5305 my-

2196 5323 2485 5384 steriorum
2516 5322 3015 5397 supernaturalium
3046 5322 3211 5385 etiam
3237 5335 3358 5399 post
3379 5326 3793 5395 revelationem.

2195 5415 2249 5473 id
2298 5414 2493 5475 laisutn
2540 5428 2662 5473 esse
2721 5423 2936 5475 conatat
2992 5414 3044 5475 in
3116 5416 3398 5485 lucretico,
3450 5417 3547 5499 qui
3609 5416 3792 5479 multis

2197 5506 2472 5581 mysteriis
2514 5507 3015 5584 supernaturalibus
3067 5507 3375 5588 cognitione
3428 5517 3578 5573 certa
3635 5521 3792 5571 natu.

2196 5599 2297 5656 raii
2323 5600 2646 5659 assentitur.
2700 5618 2705 5625 ε

2267 5691 2397 5748 244.
2437 5693 2587 5759 Multi
2617 5694 2835 5765 quidem
2861 5704 3008 5760 sunt.
3031 5694 3122 5767 qui
3148 5703 3357 5758 natura:
3386 5694 3640 5763 humana;
3675 5699 3793 5772 ιιιρν

2198 5800 2275 5842 ste
2303 5786 2635 5846 debilitatem
2691 5799 2785 5842 aut
2815 5785 3192 5857 impotentiam
3217 5784 3383 5846 nimis
3425 5800 3788 5869 exaggerant,

2199 5887 2258 5935 ut
2284 5878 2416 5937 olim
2443 5890 2621 5953 erant,
2646 5880 2736 5953 qui
2776 5879 2926 5937 vires
2955 5892 3078 5937 cum
3127 5877 3345 5952 Pelagio
3369 5877 3538 5938 nimis
3568 5881 3788 5940 extolle-
