4060 6320
249 293 350 354 537

1307 286 1637 348 CARMINIS
1673 282 2056 346 PASCHALIS
2085 284 2474 344 DEDICATIO.

3445 291 3552 349 558

249 410 373 471 doni
397 409 637 468 cmlestis
669 410 794 466 oleo
824 421 1149 480 permanere
1196 408 1264 478 “,
1299 409 1451 467 nefas
1481 422 1606 466 esse
1646 421 1842 479 pensa-

1971 370 2452 479 :ontentnani.(Cur
2479 415 2661 464 autem
2684 408 2912 466 metrica
2942 407 3208 466 voluerim
3241 409 3360 466 htec
3380 410 3426 443 “
3468 425 3556 465 ra-

247 507 366 565 bam
390 506 460 575 ³²,
493 505 630 562 muti
664 503 708 536 ³³
743 504 1030 560 tenacitate
1060 504 1264 560 silentii
1291 519 1416 561 cum
1450 503 1602 558 nullo
1632 501 1846 573 partiri,

247 617 312 660 ne
341 601 506 658 unius
535 601 730 658 talenti
761 599 1024 656 creditam
1063 601 1429 669 quantitatem
1466 599 1596 654 dum
1639 596 1782 653 nitor
1804 595 1850 627 ³⁵

246 698 458 756 cautius
485 695 790 760 custodire,
821 697 976 766 culpa
1010 694 1244 751 defossa;
1274 694 1527 765 pecunia:
1558 709 1665 748 non
1695 705 1852 747 care-

247 806 378 848 rem.
405 789 629 846 lnvidia:
659 789 927 861 siquidem
967 791 1235 846 maculam
1266 789 1335 845 de
1363 803 1489 844 sese
1517 803 1623 844 non
1653 785 1851 855 abluit,

245 884 333 957 qui
363 883 524 938 alteri
549 883 805 940 conferre
831 883 1100 955 denegat,
1132 883 1280 956 quod
1310 899 1436 939 eum
1467 881 1712 948 dederit,
1741 896 1850 937 non

243 977 440 1034 amittit
465 977 530 1032 ³⁸.
564 977 710 1032 Inter
741 977 988 1034 diversas
1020 988 1202 1035 tamen
1235 979 1414 1034 anxia:
1450 979 1498 1009 ³⁸
1528 977 1853 1048 trepidatio-

244 1071 325 1127 nis
356 1071 644 1144 ambages,
676 1072 744 1128 ad
767 1072 1079 1142 jaciendum
1113 1072 1276 1144 hujus
1307 1073 1493 1144 operis
1525 1070 1850 1128 fundamen-

242 1173 351 1223 tum
412 1165 485 1220 ob
547 1164 653 1220 hoc
711 1165 943 1221 maxime
975 1164 1018 1197 ³⁷
1077 1173 1412 1235 provocatus
1472 1165 1683 1221 accessi
1717 1208 1732 1233 ,
1791 1173 1853 1220 ut

240 1258 370 1315 alios
427 1258 911 1316 exhortationibus
979 1260 1226 1316 veritatis
1293 1260 1360 1316 ad
1409 1259 1623 1333 frugem
1692 1260 1852 1316 bona:

242 1354 435 1410 messis
475 1353 523 1386 ³⁸
583 1354 825 1410 invitatis
863 1355 908 1410 si
955 1354 1173 1425 quando
1219 1355 1550 1411 infirmitatis
1597 1354 1852 1412 humanze

242 1449 282 1482 ³⁹
353 1448 501 1504 vitiis
577 1448 807 1506 forsitan
888 1449 1182 1506 lacessitus
1251 1450 1544 1521 impugner
1585 1495 1599 1520 ,
1667 1451 1852 1506 verbis

241 1543 476 1616 prepria:
564 1543 956 1614 disputationis
1033 1543 1346 1600 admonitus
1406 1555 1646 1600 metuam
1731 1545 1776 1577 ‘°
1835 1564 1846 1600 :

247 1636 400 1711 139
422 1645 481 1691 et
507 1637 599 1706 qui
618 1636 661 1669 “
682 1637 823 1693 furta
845 1637 1122 1709 prohibui,
1138 1637 1225 1693 fur
1244 1638 1416 1694 videri
1443 1654 1654 1707 verear,
1677 1648 1731 1695 et
1756 1639 1850 1711 qui

241 1735 403 1784 rectae
438 1726 486 1760 “
519 1727 823 1784 soliditatis
865 1730 968 1785 iter
997 1729 1233 1798 ostendi,
1269 1731 1620 1801 proclivioris
1650 1731 1849 1788 lubrici

1959 497 2110 553 tione
2135 511 2467 567 componere
2485 540 2498 566 ,
2529 499 2772 557 breviter
2788 501 3051 574 expedire
3078 519 3185 559 non
3210 503 3456 560 differam
3484 503 3551 560 ιθ.

1957 591 2146 660 Raro,
2195 604 2355 664 pater
2403 595 2646 666 optime,
2691 598 2833 652 sicut
2880 605 3062 654 vestra
3103 597 3148 628 ⁸⁵
3197 614 3414 671 quoque
3463 613 3557 669 pe-

1958 688 2085 744 ritia
2111 688 2370 744 lectionis
2396 689 2716 746 assiduitate
2747 693 3050 764 cognoscit,
3083 693 3283 749 divina:
3316 709 3548 751 munera

1957 781 2251 853 potestatis
2267 781 2410 853 stylo
2432 783 2716 853 quisquam
2741 783 2900 853 hujus
2921 785 3309 843 modulationis
3327 787 3556 858 aptavit,

1956 895 2012 943 et
2037 887 2194 944 multi
2221 898 2368 955 sunt,
2412 904 2549 960 quos
2579 892 2886 948 studiorum
2923 893 3272 950 saecularium
3300 894 3346 929 ἰα
3385 893 3554 949 disci-

1956 991 2102 1062 plina
2132 1007 2228 1063 per
2249 994 2492 1064 poeticas
2520 994 2692 1066 magis
2717 995 2958 1063 delicias,
2989 1006 3044 1053 et
3069 997 3370 1054 carminum
3399 997 3556 1055 voluu

1955 1105 2132 1165 ptates
2163 1097 2417 1154 oblectat.
2455 1098 2519 1154 lli
2565 1100 2831 1171 quidquid
2877 1100 2920 1132 "7
2957 1101 3248 1158 rhetoricae
3287 1102 3555 1159 facundiae

1959 1200 2264 1271 perlegam,
2324 1201 2688 1274 negligentius
2717 1213 3108 1276 assequuntur,
3135 1205 3394 1276 quoniam
3422 1204 3554 1260 illud

1957 1302 2103 1359 haud
2141 1304 2425 1376 diligunt:
2477 1305 2620 1376 quod
2681 1316 2862 1362 autem
2922 1322 3175 1363 versuum
3229 1306 3466 1362 viderint
3510 1305 3558 1339 ⁸⁸

1954 1406 2332 1464 blandimento
2364 1408 2652 1477 mellitum,
2675 1419 2824 1464 tanta
2855 1409 3043 1466 cordis
3079 1409 3340 1465 aviditate
3389 1409 3534 1464 susci

1955 1513 2133 1583 piunt,
2171 1511 2332 1584 140
2359 1521 2417 1567 ut
2447 1510 2500 1567 in
2524 1512 2634 1567 alta
2663 1513 2931 1569 memoria
2953 1514 3150 1584 saepius
3177 1513 3279 1569 hoc
3304 1511 3557 1570 iterando

1954 1615 2290 1670 constituant
2319 1623 2374 1670 et
2401 1624 2688 1686 reponant.
2723 1615 2925 1670 llorum
2959 1616 3144 1688 itaque
3171 1615 3216 1648 ⁸³
3237 1630 3422 1670 mores
3447 1629 3556 1670 non

1957 1717 2328 1789 repudiandos
2350 1718 2585 1784 aestimo,
2641 1717 2737 1774 sed
2785 1735 2885 1789 pro
2928 1718 3091 1774 insita
3130 1716 3556 1784 consuetudine,

241 1819 554 1892 periculosa
579 1822 806 1889 sectari,
834 1830 891 1878 et
921 1822 1116 1895 clypeo
1139 1823 1432 1879 dominica:
1486 1826 1843 1894 protectionis
1877 1827 1925 1889 B
1953 1821 2039 1876 vel
2073 1830 2265 1877 natura
2290 1821 2626 1888 tractandos,
2652 1830 2713 1877 ut
2741 1821 2970 1893 quisque
2999 1836 3102 1878 suo
3130 1821 3304 1893 magis
3335 1819 3560 1892 ingenio

242 1922 484 1970 armatus
511 1913 758 1970 inimicae
807 1913 1161 1986 jaculationis
1190 1915 1294 1972 tela
1334 1914 1484 1972 facili
1532 1918 1850 1993 repulsione

1960 1925 2006 1956 ⁸ο
2037 1924 2382 1984 voluntarius
2419 1924 2733 1999 acquiratur
2761 1924 2892 1982 Deo.
2921 1923 3032 1982 Nec
3054 1922 3273 1992 differt,
3299 1937 3408 1997 qua
3436 1922 3562 1994 quis

1758 2081 2075 2141 SCl-IOLIA.

244 2195 531 2269 Virgilium
564 2197 702 2255 IEu.
729 2214 783 2266 t,
819 2213 960 2254 vers.
997 2199 1124 2254 175.
1158 2197 1266 2254 Alii
1293 2198 1496 2270 pariter
1539 2198 1730 2257 dicunt
1756 2219 1855 2257 nu-

245 2273 570 2337 trimentum,
599 2271 905 2326 alimentum
925 2271 1080 2342 ignis.

311 2345 407 2399 51.
435 2342 568 2398 Vet.
601 2344 656 2401 1.
687 2343 947 2408 Monast.,
978 2343 1140 2398 Fabr.
1178 2359 1486 2414 permanare
1513 2361 1532 2399 :
1563 2361 1695 2401 mss.
1731 2362 1853 2402 cum

243 2415 385 2498 aliis.
398 2415 568 2498 editis
595 2431 922 2498 permanere.

311 2488 410 2542 52.
444 2485 763 2542 Fabricium
804 2499 952 2543 recte
983 2487 1165 2559 arguit
1191 2489 1484 2560 iliarthius,
1528 2489 1672 2559 quod
1701 2499 1856 2560 puta-

241 2558 354 2612 bam
395 2574 497 2630 pro
525 2559 805 2628 pensabam
828 2558 1155 2629 reposuerit.
1183 2559 1412 2614 Pensare
1436 2558 1583 2616 enim
1611 2558 1852 2631 sequiori

242 2633 451 2685 saeculo
472 2639 558 2703 est
586 2631 834 2701 cogitare
864 2649 876 2703 ς
907 2647 975 2686 ex
1005 2648 1114 2700 quo
1139 2647 1332 2686 eavox
1358 2633 1426 2687 ad
1453 2633 1709 2703 vulgares
1751 2636 1854 2690 lin-

242 2717 381 2773 guas
452 2701 644 2757 eadem
705 2702 1106 2772 signiﬁcatione
1154 2703 1392 2758 transiit.
1443 2701 1571 2759 Non?
1606 2705 1856 2762 dissimili

243 2789 414 2830 sensu
445 2783 704 2845 usurpata
735 2776 924 2830 eadem
956 2793 1061 2830 vox
1105 2787 1188 2831 est
1217 2793 1245 2829 a
1275 2776 1457 2830 (Iurtio
1489 2778 1528 2830 l.
1563 2793 1632 2832 vn
1665 2821 1679 2842 ,
1712 2793 1760 2832 e.
1798 2781 1851 2835 8.

311 2849 411 2902 55.
452 2845 713 2918 Nonnulli
740 2849 941 2918 vulgati
968 2849 1171 2902 mutui:
1219 2849 1394 2903 retine
1446 2850 1593 2902 muti.
1635 2849 1852 2907 Silentii

244 2919 533 2992 proprium
562 2917 852 2992 epitheton
889 2928 973 2974 est
997 2929 1212 2989 mutum,
1251 2920 1396 2991 quod
1423 2921 1688 2992 exemplis
1718 2938 1852 2979 con-

245 2991 525 3046 ﬁrmatum
557 2991 739 3044 voluit
771 2993 1116 3046 Arntzenius.

310 3061 411 3117 54.
456 3062 602 3126 Ald.,
632 3061 777 3116 Vatt.
814 3065 868 3126 1.
897 3066 951 3130 2,
987 3063 1201 3119 schedte
1238 3065 1471 3132 Poelm.,
1525 3067 1648 3119 dum
1684 3067 1853 3120 credi-

246 3144 355 3189 tam
387 3135 732 3208 quantitatctn
763 3137 920 3190 nitor.
949 3135 1063 3190 Ott.
1095 3138 1148 3200 1,
1181 3137 1429 3191 creditam
1453 3138 1857 3208 nti/iiquantita-

243 3216 346 3281 tem
379 3207 690 3281 duntnitor.
709 3207 962 3278 Plerique
986 3223 1144 3276 mss.,
1169 3219 1222 3264 et
1241 3211 1395 3275 editi,
1429 3207 1679 3264 creditam
1700 3228 1860 3281 quan-

247 3280 455 3332 titatem
485 3279 611 3332 (lum
638 3279 800 3333 nitor.

312 3353 414 3407 55.
457 3351 682 3416 Almel.,
713 3351 839 3406 Vet.
869 3353 924 3416 l,
976 3352 1233 3418 Monast.,
1266 3353 1471 3409 Poelm.
1501 3370 1625 3410 cum
1657 3355 1858 3411 nostris

248 3439 391 3483 mss.
434 3422 646 3478 amittit.
679 3423 1010 3478 Arntzenius
1038 3440 1159 3479 cum
1192 3425 1314 3480 aliis
1346 3427 1517 3481 edidit
1558 3429 1778 3482 amittet.

313 3495 412 3552 56.
459 3495 594 3565 Reg.
623 3495 679 3558 ‘2,
711 3495 843 3550 inter
879 3499 973 3549 has
1001 3505 1172 3550 tamen
1200 3498 1429 3552 diversas
1461 3500 1650 3554 anteire.

319 3568 414 3641 57.
457 3565 623 3641 Fabr.
655 3567 756 3619 hoc
782 3569 1002 3641 maaime
1022 3586 1040 3622 :
1074 3584 1206 3641 mss.
1233 3585 1357 3624 cum
1389 3572 1665 3641 plerisque
1693 3572 1856 3628 editis

247 3638 310 3692 ob
342 3638 707 3712 Itocmaxirne,
741 3639 885 3709 quod
929 3641 1122 3712 probat
1167 3638 1472 3705 Grunerns,
1523 3638 1701 3712 neque
1750 3645 1854 3698 itii-

249 3712 448 3784 prohat
480 3709 758 3784 Barthius,
790 3711 1040 3784 quamvis
1089 3713 1348 3781 particula
1404 3715 1465 3768 ob
1515 3716 1582 3769 ab
1615 3709 1856 3784 ’Optitnis

248 3781 618 3850 scriptoribus
649 3783 926 3838 interdum
958 3785 1261 3840 omittatur.

321 3854 413 3909 58.
460 3851 830 3922 Wopkensius
871 3855 1184 3926 conjecerat
1215 3856 1362 3911 boum
1407 3859 1614 3922 utentis,
1643 3857 1734 3926 qui
1784 3859 1856 3913 ita

253 3925 398 3998 hunc
427 3926 606 3981 locum
632 3941 660 3998 a
698 3927 918 3980 Barthio
944 3943 974 3980 e
1000 3943 1102 3982 suo
1130 3931 1318 3982 codice
1345 3928 1521 3998 icitari
1571 3925 1848 3983 observat.

253 3997 462 4054 Verum
492 4013 600 4070 non
632 3997 822 4068 liquet,
855 3999 924 4070 ita
951 4000 1002 4052 iti
1053 4015 1153 4054 suo
1177 4016 1280 4054 ins.
1313 3997 1505 4070 legisse
1529 4000 1811 4054 Barthium
1838 4018 1852 4054 :

249 4070 296 4125 is
325 4071 470 4124 enim
499 4069 830 4137 scripturam
861 4069 1091 4125 Fabricii
1123 4074 1310 4138 refert,
1344 4069 1408 4128 ac
1438 4073 1616 4127 varias
1645 4073 1726 4126 sui
1757 4087 1850 4127 co-

251 4143 388 4198 dicis
419 4141 688 4197 lectiones
719 4141 1056 4212 distinguere
1106 4145 1278 4208 solet,
1323 4145 1418 4200 sed
1463 4145 1529 4200 de
1572 4143 1674 4198 hac
1721 4159 1854 4198 voce

253 4224 414 4270 tacet.
473 4213 542 4267 Et
598 4213 830 4268 fortasse
883 4215 958 4268 illi
1015 4217 1216 4271 excidit
1273 4218 1454 4271 utentis
1509 4231 1606 4284 pro
1654 4219 1852 4271 messis.

251 4285 372 4342 Vat.
420 4288 474 4350 1,
527 4284 814 4350 mendose,
866 4286 1012 4341 bona:
1047 4292 1236 4344 mensis
1274 4306 1292 4343 :
1341 4289 1432 4344 alii
1473 4290 1661 4354 clare,
1712 4287 1856 4343 bona:

255 4375 434 4414 11188818
443 4396 457 4410 .

321 4433 410 4486 59.
459 4427 580 4482 Vat.
618 4427 670 4496 1,
696 4428 756 4496 2,
783 4430 934 4495 Ald.,
965 4429 1210 4488 humanae
1259 4433 1579 4500 inﬁrmitatis
1607 4448 1625 4486 :
1658 4431 1856 4498 reliqui

255 4502 577 4573 infirmitatis
604 4502 870 4558 humanw.
901 4503 1123 4570 Alme|.,
1153 4505 1273 4560 Vet.
1305 4507 1329 4559 1
1355 4549 1368 4573 ,
1404 4505 1664 4569 Monast.,
1690 4502 1853 4558 Fabr.

257 4576 390 4628 ratiis
422 4573 728 4628 necessitate
775 4575 996 4645 forsitan
1027 4579 1316 4632 lacessitus.
1371 4575 1630 4630 Barthius
1680 4585 1851 4643 putat,

257 4645 369 4720 lucc
398 4648 510 4702 duo
538 4645 708 4720 verba
739 4648 1038 4701 necessitate
1079 4650 1301 4720 forsitan
1347 4649 1557 4714 glossas
1600 4662 1722 4720 θεῖε
1764 4666 1856 4701 (ιιι-

253 4717 660 4790 juspiam,viro
699 4727 891 4774 sancto
935 4717 1147 4790 culpam
1195 4721 1534 4782 atnoventis,
1581 4717 1677 4772 sed
1711 4720 1854 4790 rcitra

1962 2220 2154 2262 omnes
2181 2213 2406 2260 metuam
2435 2221 2453 2260 :
2485 2214 2530 2260 et
2559 2205 2668 2262 aui.

2033 2279 2126 2334 η.
2155 2277 2488 2333 Arntzenius
2518 2273 2657 2332 Aldo
2686 2275 2928 2331 tribuere
2969 2273 3189 2330 videtur
3219 2281 3378 2343 atque
3426 2280 3564 2326 recte

1961 2365 2063 2408 pro
2085 2359 2131 2404 et
2150 2351 2236 2416 qui
2258 2357 2415 2403 recte.
2449 2348 2555 2405 Sed
2590 2347 2763 2404 Aldus
2788 2347 2920 2402 mihi
2953 2347 3121 2400 habet
3159 2354 3208 2400 et
3255 2345 3348 2415 qui
3398 2354 3558 2398 recte.

1959 2421 2187 2478 Sehedze
2211 2421 2443 2484 Poeltn.,
2477 2419 2600 2474 Vat.
2627 2422 2681 2485 Ξ,
2707 2420 2824 2473 Ald.
2860 2418 2978 2473 aliis
3006 2419 3105 2471 iter
3130 2435 3148 2472 :
3176 2417 3362 2485 caeteri
3393 2417 3558 2470 omit-

1963 2503 2083 2548 tunt
2106 2493 2248 2548 aliis.
2273 2490 2625 2549 Observanda
2656 2484 2740 2544 est
2765 2491 2977 2558 phrasis
3027 2488 3212 2559 clypeo
3267 2484 3558 2559 Dominicis

1963 2566 2319 2634 protectionis,
2351 2580 2470 2634 quae
2520 2563 2803 2617 familiaris
2844 2572 2925 2616 est
2977 2558 3372 2634 ecclesiasticis
3422 2559 3560 2613 scri-

1962 2632 2215 2706 ptoribus
2238 2653 2303 2692 ex
2328 2632 2502 2691 sacris
2537 2635 2754 2700 litteris,
2787 2637 2840 2690 in
2873 2633 3073 2704 quibus
3104 2632 3314 2705 rlypeus
3345 2639 3399 2686 et
3440 2646 3560 2685 mu-

1958 2725 2046 2763 rus
2077 2727 2173 2774 pro
2207 2708 2537 2779 prmsidioet
2567 2707 2735 2780 tutela
2761 2709 2884 2780 poni
2913 2706 3073 2780 solet.
3138 2776 3149 2780 _
3190 2776 3198 2780 _
3417 2775 3430 2780 Α
3629 2759 3646 2780 ⁸

2028 2781 2119 2838 45.
2152 2775 2355 2837 Poelm.
2385 2780 2504 2843 hac,
2538 2778 2661 2834 Vat.
2692 2779 2742 2842 1,
2764 2775 2914 2832 hoc:
2952 2776 3150 2846 reliqui
3181 2776 3289 2831 hwc
3327 2775 3554 2829 ratione.

2031 2852 2313 2916 44.Οιι.1,
2338 2853 2472 2923 Reg.
2503 2853 2563 2916 1,
2592 2868 2698 2904 non
2741 2849 2983 2917 differant
3022 2849 3243 2904 breviter
3283 2847 3554 2920 expedire.

1959 2923 2049 2981 Sic
2076 2927 2246 2982 codex
2277 2925 2364 2990 Β..
2397 2937 2451 2980 et
2470 2924 2686 2979 sehedm
2715 2923 2922 2977 Poelm.

2031 2999 2122 3054 45.
2142 2998 2270 3053 Mss.
2295 2997 2542 3066 plerique
2564 3006 2732 3048 vestra
2755 3011 2772 3048 :
2799 2993 3077 3048 nonnullte
3101 2989 3557 3066 editionesetiam

1962 3078 2172 3126 veteres
2203 3061 2314 3131 tua,
2335 3061 2478 3136 quod
2504 3068 2734 3136 probant
2760 3066 2976 3121 sehedm
3005 3065 3235 3136 Poelm.,
3266 3073 3319 3118 et
3344 3061 3559 3136 Grunef

1964 3157 2058 3197 rus
2091 3161 2105 3197 :
2140 3143 2267 3210 quia
2295 3133 2550 3197 sedulius
2579 3140 2632 3194 in
2662 3138 2896 3205 epistt-la
2926 3151 3157 3190 numero
3181 3134 3445 3210 singulari
3472 3133 3551 3210 uti

1965 3215 2129 3269 solet.
2159 3205 2426 3268 Dissentit
2453 3210 2800 3276 Arntzenius,
2834 3210 2923 3278 qui
2959 3216 3110 3263 uolat
3135 3251 3150 3272 ,
3187 3206 3468 3261 Sedulium
3500 3205 3554 3278 in

1964 3286 2190 3356 epistola
2223 3301 2400 3355 prosa:
2423 3285 2489 3338 ad
2519 3276 2890 3356 Macedoniuut
2943 3282 3021 3356 sic
3068 3294 3299 3356 n‘utnern
3345 3276 3549 3356 plurali

1965 3347 2110 3426 loqui
2144 3347 2366 3412 amare:
2398 3356 2543 3428 quod
2575 3354 2715 3424 apud
2741 3355 3068 3428 aliosretiam
3098 3350 3392 3428 invenitur.
3443 3347 3553 3402 Co-

1963 3422 2070 3485 deit
2110 3429 2352 3494 Barthii,
2386 3422 2520 3500 Reg.
2572 3422 2643 3500 1,,
2681 3427 2966 3500 cog:100_it,__
2996 3423 3142 3500 quod
3173 3422 3374 3500 aptius
3428 3433 3553 3500 esse

1959 3511 2148 3558 censet
2195 3493 2495 3563 Barthius:
2528 3493 2798 3572 probanie
2852 3494 3114 3572 cellario:
3165 3493 3447 3572 Grunerus
3503 3497 3560 3572 et

1958 3575 2290 3630 Arutzenins
2308 3563 2667 3644 restituerunt
2697 3570 2979 3644 coquoscit.
3026 3566 3194 3644 Iidem
3251 3563 3561 3644 rescribunt

1957 3647 2168 3716 pietatis
2197 3662 2320 3700 cum
2355 3642 2629 3700 nonnullis
2659 3642 2992 3716 editionibus
3016 3657 3028 3691 :
3056 3641 3184 3716 quia
3207 3641 3422 3716 _oplit_ne
3448 3647 3557 3687 vox

1957 3708 2145 3788 'pietas,
2173 3723 2225 3771 ιι.
2255 3733 2328 3781 e.,
2366 3717 2692 3786 benignitas,
2719 3713 3027 3789 clementia,
3052 3708 3555 3789 huieloco‘couve-

1961 3774 2058 3843 itit.
2090 3774 2158 3842 At
2187 3774 2535 3843 ιυεείοιηηὲἐ
2569 3774 2738 3839 nostri
2768 3801 2892 3838 cum
2925 3799 3025 3838 ms.
3052 3778 3283 3844 Barthii,
3318 3785 3372 3831 et
3402 3774 3560 3831 sche-

1957 3859 2044 3914 dis
2067 3860 2303 3920 Poelm.,
2329 3861 2598 3914 exhibent
2628 3856 2893 3931 potestatis
2919 3872 2937 3908 :
2967 3857 3016 3931 iu
3038 3853 3159 3931 Vat.
3187 3851 3245 3931 f2,
3277 3863 3381 3931 per
3407 3861 3560 3931 com-

1959 3932 2218 4000 pendium
2250 3933 2558 3985 litterarum
2588 3921 2870 4002 potentius,
2905 3928 2988 4002 \'t_‘.l
3017 3921 3558 4002 pieta.tis..0pportu-

1959 3996 2061 4055 itus
2086 4003 2173 4058 hic
2207 4005 2355 4057 locus
2383 4010 2553 4064 esset,
2584 4009 2642 4052 ut
2663 3999 2916 4053 Sedulius
2936 3996 3164 4064 Iuvenci,
3189 3996 3553 4064 prjmipoeta‘.

1958 4073 2237 4128 christiani
2284 4059 2644 4132 meminisset,
2675 4071 2817 4141 quod
2848 4063 3132 4141 observavi
3159 4059 3456 4141 iti_[.’r0|eg.
3491 4059 3559 4138 tul

1957 4145 2280 4210 Juveucum,
2317 4161 2464 4198 nutu.
2501 4143 2592 4196 91.
2619 4132 2772 4207 Quod
2801 4149 2979 4213 autem
3013 4132 3341 4213 AldusAhinc
3379 4132 3561 4213 suspi:

1957 4227 2133 4282 catur,
2164 4202 2465 4272 Juvcncutn
2497 4231 2524 4266 a
2555 4202 2782 4267 Sedulii)
2816 4211 3015 4263 lectqu
3047 4202 3560 4282 titiirfttisse,mttiilii

1959 4270 2246 4359 probabile
2279 4305 2386 4342 non
2412 4295 2514 4341 est.
2533 4283 2858 4359 Vitleschol.
2885 4282 2950 4333 ad
2976 4295 3118 4359 vers.
3141 4270 3558 4359 58,et'18-8.!:t.

2033 4341 2295 4415 Vatt.
2334 4341 2382 4422 17,
2415 4360 2473 4422 2,
2511 4353 2844 4410 swtularittm
2873 4352 3203 4405 studiorum:
3232 4342 3326 4398 alii
3355 4341 3562 4424 studio-

1960 4414 2086 4486 rum
2110 4414 2664 4486 stcculariutii.'COtlex
2697 4427 2757 4479 Β.
2787 4426 2994 4479 omittit
3025 4436 3158 4490 quos
3179 4427 3307 4471 ante
3357 4414 3566 4469 studio-

1960 4521 2100 4568 rum,
2121 4517 2173 4558 et
2203 4504 2362 4572 paulo
2387 4510 2508 4571 post
2541 4501 2704 4552 habet
2731 4489 3050 4572 voluptatein
3077 4489 3316 4572 oblectat.
3334 4559 3346 4572 .
3367 4556 3378 4567 O
3483 4557 3495 4568 .

2161 4557 2288 4630 δίζε.
2315 4557 2508 4628 omnes
2531 4572 2726 4637 ttostt'i,
2754 4557 2874 4622 cuni
2903 4566 3086 4620 multis
3113 4557 3378 4637 cditis_,_lti
3403 4557 3561 4630 quid-

1960 4631 2110 4717 quid.
2143 4648 2351 4703 Poelm.
2385 4647 2439 4699 hi
2471 4659 2668 4715 quoque
2693 4631 2970 4712 quidquid.
3011 4633 3224 4693 Alicubi
3256 4631 3315 4717 hi
3351 4645 3567 4717 qumque

1963 4711 2268 4782 rhetoricaz,
2336 4711 2494 4789 quod
2536 4711 2716 4789 minus
2778 4723 2992 4789 rectum
3047 4722 3171 4764 esse
3228 4711 3450 4789 notatur
3509 4711 3565 4789 in

257 4775 421 4862 ipsius
441 4775 806 4863 voluntatem.
835 4775 1076 4847 Aberant
1099 4793 1300 4863 quippe
1327 4793 1392 4845 ad
1417 4775 1536 4863 ejus
1561 4807 1663 4844 ms.
1695 4789 1858 4846 Certe
1885 4787 1938 4848 D
1964 4792 2184 4863 schedis
2214 4775 2552 4847 Pbelinanni.
2595 4786 2720 4863 Ald.
2741 4857 2753 4863 _
2773 4785 3034 4863 pet-legent
3091 4794 3188 4863 pro
3237 4775 3520 4863 pertegant
3547 4787 3567 4827 :

257 4861 558 4918 necessitate
587 4863 640 4916 itt
675 4861 823 4916 nullo
852 4877 916 4918 ex
949 4861 1149 4918 nostris
1181 4861 1313 4916 mss.
1343 4861 1650 4932 reperitur,
1683 4877 1858 4930 neque

259 4934 308 4989 in
335 4934 556 4990 schedis
585 4934 1026 5006 Poelm.,neque
1056 4935 1108 4990 in
1140 4935 1298 4990 Aldo.
1326 4935 1526 4990 Verum
1553 4934 1686 5003 Reg.
1719 4935 1772 4997 1,
1795 4937 1850 5002 5,

258 5006 496 5062 retinent
526 5007 788 5077 forsitan;
819 5005 954 5076 Reg.
979 5007 1036 5076 2,
1061 5007 1170 5063 Ott.
1207 5008 1261 5073 1,
1288 5006 1434 5063 Vatt.
1469 5007 1520 5073 l,
1545 5008 1602 5076 ‘2,
1636 5007 1858 5076 forsan:

258 5080 331 5135 sic
359 5081 524 5135 etiam
550 5079 768 5132 variant
790 5079 938 5133 editi.

322 5151 413 5206 40.
460 5150 718 5205 Barthius
747 5149 984 5219 conjecit
1011 5167 1090 5205 me
1120 5161 1264 5205 tuear
1292 5167 1310 5205 :
1338 5149 1608 5205 Cellarius
1635 5149 1858 5220 conjec-

259 5231 430 5278 turam
467 5225 614 5278 inter
635 5223 753 5291 ipsa
783 5221 986 5277 Sedulii
1019 5223 1184 5278 verba
1216 5225 1441 5292 recepit.
1471 5221 1778 5280 Grunerus.
1803 5229 1860 5276 et

257 5295 588 5351 Arntzenius
616 5309 682 5349 ex
712 5295 985 5349 sententia
1018 5295 1134 5364 ipsa
1173 5303 1228 5349 et
1277 5293 1633 5363 sequentibus
1677 5293 1858 5348 verbis

258 5379 506 5424 veterem
536 5366 830 5422 lectionem
877 5377 1223 5422 revocarunt.
1257 5365 1385 5420 Vult
1409 5367 1553 5419 enim
1600 5364 1860 5422 Sedulius

257 5439 568 5504 admoneri,
595 5449 653 5493 et
679 5448 921 5492 metuere
961 5438 1142 5493 verbis
1170 5438 1405 5506 propriis:
1448 5436 1857 5508 disputationis,

258 5523 315 5566 ut
342 5514 434 5580 qui
463 5513 606 5566 furta
635 5508 930 5578 prohibet,
978 5509 1063 5564 fur
1112 5511 1283 5564 videri
1327 5524 1573 5566 veretur.
1627 5507 1764 5563 (lato
1808 5509 1860 5562 in

259 5579 548 5640 distichis:
597 5581 771 5654 Turpe
808 5582 1163 5654 estdoctori,
1211 5598 1330 5636 cum
1378 5579 1536 5654 culpa
1582 5580 1861 5652 redarguat

257 5656 448 5724 ipsum.
465 5654 665 5711 Cicero
682 5653 785 5710 hac
805 5653 1018 5709 ratione
1035 5654 1104 5709 ab
1125 5654 1429 5709 accusando
1451 5653 1625 5712 Verre
1651 5653 1718 5720 Q.
1744 5654 1834 5710 Ca:
1851 5679 1864 5692 -

260 5728 443 5783 cilium
474 5726 750 5782 deterruit
776 5725 830 5780 in
857 5726 1196 5782 Divinatione
1227 5727 1277 5780 in
1308 5725 1556 5781 Verrem.

330 5801 421 5857 M.
452 5799 594 5870 Reg.
624 5799 730 5865 l,a
758 5813 839 5870 pr.
861 5797 1144 5864 m.,OttJ,
1177 5813 1204 5850 a
1234 5814 1316 5870 pr.
1341 5813 1438 5863 m.,
1468 5799 1642 5855 codex
1659 5797 1731 5870 VB,
1757 5813 1866 5870 ine-7

269 5880 428 5942 tuam,
459 5868 635 5942 utqui
665 5885 685 5924 :
737 5868 954 5928 sclledte
1003 5868 1518 5940 Pecuni—metuam,
1575 5869 1689 5944 qui.
1748 5869 1860 5927 Alii

1968 4861 2148 4919 Verba
2175 4863 2317 4918 haud
2349 4863 2571 4932 diligunt
2601 4849 2987 4932 desiderantur
3009 4857 3059 4907 in
3080 4849 3204 4906 eod.

2035 4915 2148 4990 15.“
2156 4915 2387 4992 Srcliedae
2410 4915 2618 4988 Poelm.
2649 4929 2871 4983 viderint
2894 4941 3133 4981 versuum
3165 4938 3182 4976 :
3209 4920 3289 4974 sic
3316 4917 3464 4972 Vatt.
3495 4915 3520 4968 1
3546 4954 3563 4982 ,

1964 5005 2024 5062 2.
2061 5007 2194 5062 Rea.
2221 5009 2276 5061 ἓ.

2306 5079 2328 5132 1
2354 5121 2368 5143 ,
2402 5090 2566 5143 supra
2585 5115 2599 5139 ,
2625 5072 2826 5126 Eorum
2853 5072 3042 5143 itaque.
3087 5069 3223 5143 Reg.
3255 5061 3312 5126 ‘2,
3344 5074 3448 5143 non
3478 5071 3568 5110 re-

1964 5151 2228 5212 spuendas
2250 5137 2619 5213 (estnam-Reg.
2644 5145 2691 5205 1,
2718 5161 2822 5198 non
2844 5137 3194 5215 repudiandos
3213 5137 3560 5215 essemstimo:

1966 5203 2218 5291 plerique
2254 5203 2361 5275 non
2392 5203 2745 5291 repudiandos
2767 5203 2985 5291 restituo.
3012 5211 3189 5291 _A|dus
3213 5203 3405 5291 scribit

1967 5275 2241 5359 iimoised
2273 5275 2600 5348 Arntzcnius
2629 5289 2828 5359 prohat
2872 5286 3056 5339 multis
3103 5275 3569 5362 exemplisnaisti-

1965 5345 2118 5419 iam;
2135 5345 2449 5434 apud-alios
2472 5345 2646 5416 etiam.
2667 5361 2846 5430 positu
2858 5374 2914 5434 m_
2932 5370 3028 5434 pro
3057 5349 3374 5434 existimare:
3393 5345 3574 5434 lutet:-

1966 5437 2098 5492 dum
2135 5426 2314 5493 tamen
2343 5438 2560 5490 variant
2587 5426 2751 5489 etiam
2777 5427 2916 5501 apud
2948 5426 3083 5481 alios
3111 5426 3410 5490 scriptores
3439 5428 3575 5468 mss.

1967 5506 2213 5565 codices.
3122 5566 3129 5568 Α
3535 5557 3547 5568 .

2044 5580 2135 5635 50.
2163 5579 2276 5636 Ott.
2301 5581 2350 5647 1,
2383 5579 2519 5648 Reg.
2554 5579 2607 5640 1,
2637 5577 2696 5643 2,
2720 5574 2949 5648 Poelm._,
2967 5576 3023 5622 ut
3046 5566 3262 5648 quisque
3289 5577 3389 5648 suo,
3407 5566 3576 5648 magi:

1968 5626 2538 5725 ing‘cit'iovitvolitittariits
2565 5626 2866 5725 acqtiii'atttr
2897 5626 3025 5694 Deo.
3059 5626 3149 5722 :Sic
3353 5626 3572 5725 Based

1974 5717 2146 5794 magis
2172 5741 2288 5779 suo.
2335 5723 2454 5778 Vat.
2489 5724 2544 5791 ‘2,
2595 5717 2650 5774 ut
2696 5717 2922 5794 quisque
2938 5717 3223 5794 magissuo
3251 5717 3460 5794 tnge‘t’ttq
3489 5717 3575 5794 af—

1972 5773 2351 5869 ἧὶλὲῖξιὶιὶιῗϋεο
2379 5773 2760 5869 isis—schedis:
2800 5773 3048 5846 ιέυειιιιξ
3065 5780 3236 5869 Ala,
3261 5773 3579 5869 eiii/afni,

1973 5846 2075 5928 £641
2101 5846 2594 5928 inﬂlto-c-mendosc
2608 5864 2723 5934 quis
2750 5875 2882 5931 quos
2908 5871 3005 5930 pro
3028 5853 3260 5928 quisque.
3278 5846 3466 5905 Codex
3490 5847 3580 5918 8.,
