4060 6320
247 204 344 271 543
1320 202 1568 263 OPERIS
1608 197 1691 261 PA
1701 202 1831 263 SCH

1940 200 1994 265 lS
2032 198 2433 266 DEDICATIO.
3368 154 3375 157 ν
3424 208 3533 270 546

230 328 408 396 longa:
457 322 828 380 excusationis
874 320 1132 396 ambages
1155 365 1172 392 ,
1224 339 1326 380 nec
1373 325 1552 397 pigeat
1599 333 1651 380 te
1707 333 1831 395 post
1856 332 1910 394 Α
1933 327 2203 393 ordinavi,
2228 335 2419 383 contra
2441 338 2635 382 omnes
2658 323 2885 383 aemulos
2914 326 3023 384 tute
3050 326 3207 403 147
3227 326 3537 387 defensioni

241 417 363 474 tanti
415 415 645 487 gurgitis
700 431 927 473 emensa
966 416 1283 474 discrimina
1334 417 1513 474 adhuc
1542 416 1828 474 ﬂuctuanti
1930 418 2279 477 commendo.
2317 419 2452 474 lluic
2492 429 2676 476 autem
2712 420 2866 490 Operi
2895 421 2966 490 ³⁸,
3002 421 3223 479 favente
3271 423 3532 491 Domino,

236 511 433 583 paginae
457 511 803 568 auctoritatis
826 522 933 569 ture
954 511 1254 570 anchoram
1275 513 1654 570 commodare.
1685 513 1830 583 Qua-
1930 509 2314 569 PASCHALIS
2343 509 2675 568 CARHINIS
2699 528 2897 571 nomen
2918 513 3175 585 imposui,
3207 516 3333 587 quia
3361 513 3530 573 PAS-

236 613 352 660 tuor
371 617 500 675 ergo
527 603 576 638 ”
606 620 926 663 IIRABILIU!
966 621 1257 665 ntvmonmt
1286 607 1537 676 libellos,
1587 623 1725 680 quos
1758 622 1830 664 ex
1933 601 2077 661 CBA
2127 611 2377 660 nostrum
2430 602 2740 661 immolatus
2794 614 2880 662 est
2930 605 3181 663 Christus
3230 624 3245 662 :
3296 607 3385 664 cui
3434 606 3536 662 ho-

233 695 469 769 pluribus
496 710 672 768 pauca
708 700 1030 771 complexus
1052 714 1228 771 usque
1269 698 1339 757 ad
1366 700 1680 772 passionem
1709 742 1725 768 ,
1775 707 1832 757 et
1933 712 2037 754 nor
2068 697 2140 765 ³⁵,
2169 705 2226 753 et
2255 695 2453 769 gloria,
2475 711 2597 753 cum
2627 696 2807 767 Patre,
2840 707 2898 756 et
2921 698 3128 773 Spiritu
3176 709 3401 772 sancto,
3433 714 3533 773 per

233 789 711 860 resurrectionem,
737 793 1227 867 ascensionemque
1253 793 1470 850 Domini
1502 793 1676 851 nostri
1700 793 1833 851 Jesu

232 880 445 956 Christi,
472 893 710 957 quatuor
738 888 1203 962 evangelistarum
1231 888 1280 926 ⁸⁸
1309 888 1456 947 dicta
1482 903 1828 965 congregans

1934 792 2121 851 omnia
2144 791 2344 850 saecula
2373 792 2719 850 saeculorum.
2753 793 2946 853 Amen.

1710 1022 2029 1081 SCROLIA.

234 1139 416 1198 ordine
436 1138 562 1196 Vat.
585 1139 645 1204 2,
673 1141 798 1197 cod.
822 1144 912 1209 Β.,
940 1142 1094 1209 Ald.,
1126 1142 1251 1201 Vet.
1284 1144 1311 1198 1
1335 1185 1351 1209 ,
1384 1142 1557 1211 Mon.,
1600 1140 1821 1199 scheda‘.

233 1214 462 1280 Poelm.,
493 1213 780 1283 fluctuanti
812 1216 1005 1271 adhuc.
1036 1214 1175 1284 Reg.
1202 1216 1255 1280 1,
1290 1214 1405 1275 Ott.
1439 1217 1493 1281 1,
1525 1230 1647 1271 cum
1684 1231 1822 1270 non-

233 1285 395 1357 nullis
426 1286 592 1357 ed_itis
632 1288 961 1340 commodare
1003 1301 1022 1341 :
1059 1287 1153 1340 alii
1204 1300 1328 1341 cum
1377 1287 1500 1342 Ald.
1528 1334 1542 1357 ,
1575 1287 1698 1343 Vet.
1754 1286 1817 1354 1,

234 1355 344 1414 Vat.
372 1356 430 1424 2,
463 1355 637 1425 Mon.,
676 1358 904 1426 Poelm.,
936 1359 1348 1417 accommodare.

296 1427 383 1484 95.
413 1426 528 1501 Ott.
564 1430 616 1494 1,
647 1427 821 1501 Igitur
867 1430 1181 1485 mirabilium
1222 1432 1516 1485 divinorum
1541 1440 1644 1485 tres
1676 1431 1823 1485 libel-

233 1499 337 1574 los;
365 1500 463 1555 sed
487 1510 591 1556 tres
612 1499 890 1572 appictum
919 1513 1004 1558 est
1033 1518 1215 1574 supra.
1235 1502 1294 1559 S.
1330 1504 1573 1558 Isidorus
1602 1503 1671 1558 de
1701 1502 1818 1574 Vir.

233 1571 422 1628 illustr.
477 1583 590 1628 tres
621 1571 787 1628 etiam
832 1571 1144 1630 enumerai.
1178 1574 1361 1630 NOslri
1408 1575 1496 1629 alii
1530 1590 1661 1629 mss.
1700 1571 1820 1628 Vat.

230 1641 281 1710 2,
308 1643 445 1717 Reg.
471 1644 504 1717 Δ1
526 1690 540 1711 ,
577 1645 647 1717 2,
677 1645 755 1701 ὃς
790 1644 1028 1717 Quatuor
1064 1647 1223 1717 igitur
1258 1645 1578 1701 mirabilium
1622 1647 1823 1700 divino-

230 1730 338 1789 rum
360 1714 588 1771 libellos.
615 1716 755 1787 Reg.
786 1716 821 1771 4
843 1760 859 1785 ,
893 1714 1133 1785 Quatuor
1163 1717 1483 1772 mirabilium
1528 1719 1694 1789 igitur
1742 1719 1825 1771 di-

228 1787 478 1842 vinorum.
530 1792 784 1853 Quatuor
836 1799 998 1845 etiam
1038 1790 1161 1845 cod.
1207 1789 1407 1846 Almel.
1454 1787 1731 1846 recenset.
1768 1789 1824 1845 In

228 1858 440 1934 schedis
463 1859 674 1924 Poelm.
701 1876 799 1932 pro
822 1870 1043 1934 quatuor
1062 1861 1411 1934 substituitur
1425 1862 1676 1934 quinque.
1694 1861 1826 1916 Edi-

1928 1140 2122 1269 renga.
2153 1140 2273 1228 rion
2306 1138 2452 1198 enim
2478 1153 2766 1214 assequar,
2796 1153 2898 1197 cur
2923 1139 3169 1197 ordinavi
3197 1142 3383 1215 glossa
3410 1158 3545 1203 ceno

1929 1229 2024 1269 seu
2069 1231 2097 1268 a
2122 1223 2213 1269 Sll.
2681 1242 2685 1250 -

1929 1216 2097 1270 senda
2122 1216 2213 1270 sit.
2681 1242 2685 1250 -

1999 1285 2089 1341 95.
2131 1285 2390 1342 Nonnulli
2416 1285 2570 1354 editi,
2604 1286 2748 1344 Huic
2785 1295 2955 1343 autem
2983 1285 3203 1341 carmini
3221 1304 3242 1353 ;
3274 1303 3405 1344 vera
3434 1287 3544 1346 lec-

1929 1358 2024 1426 tio,
2056 1360 2223 1428 aperi,
2274 1358 2433 1429 cujus
2459 1360 2643 1430 glossa
2675 1361 2728 1415 in
2760 1375 2864 1415 ms.
2911 1359 3123 1415 Bartbii
3166 1367 3303 1425 erat,
3352 1361 3408 1417 lt.
3456 1376 3503 1415 e.
3528 1402 3545 1429 ,

1928 1431 2454 1501 carminiprtesenti.
2512 1430 2772 1488 Sedulius
2818 1447 2927 1487 non
2977 1430 3149 1487 semel
3195 1448 3328 1501 opus
3385 1440 3546 1488 vocat

1928 1519 2086 1576 suum
2113 1518 2359 1576 carmen,
2394 1503 2579 1576 itaque
2605 1504 2702 1559 alii
2730 1504 3049 1576 loquuntur.
3077 1502 3334 1576 Alioquin
3362 1502 3539 1576 sedu-

1929 1574 2036 1630 lius
2068 1574 2257 1639 vnluit,
2286 1574 2815 1645 nomen‘poematis,
2837 1583 2893 1630 ut
2919 1591 2949 1628 a
2974 1588 3136 1646 prosa
3163 1574 3543 1646 distinguitur,

1928 1661 2049 1701 esse
2075 1646 2291 1702 Carmen
2322 1644 2597 1713 Paschale,
2632 1662 2829 1702 nomen
2861 1644 2994 1703 vero
3036 1661 3212 1713 prosae
3243 1644 3390 1712 Opus
3428 1644 3542 1702 Pa-

1924 1717 2121 1773 schnle.
2168 1718 2348 1773 Nostri
2375 1733 2568 1774 omnes
2598 1734 2730 1775 mss.
2758 1734 2881 1774 cum
2914 1716 3065 1782 Ald.,
3098 1718 3272 1786 Mon.,
3309 1717 3428 1773 Vet.
3462 1722 3538 1786 1.,

1929 1790 2118 1847 sched.
2143 1790 2377 1857 Poeltn.,
2405 1791 2608 1861 favente
2632 1790 2996 1861 Dominotalii
3028 1788 3162 1845 editi
3185 1793 3388 1860 favente
3405 1788 3540 1846 Deo.

1931 1862 2068 1935 (30d.
2096 1864 2195 1935 Β.,
2224 1861 2365 1917 Huic
2406 1859 2607 1932 autem,
2648 1864 2848 1935 favente
2877 1859 3009 1935 Deo,
3030 1859 3379 1935 _sine_’operi1
3424 1862 3536 1935 Ott.

230 1929 397 2008 tiones
419 1934 628 1999 pariter
654 1929 891 2008 variant,
922 1933 1043 2008 alia:
1074 1935 1313 2008 quinque
1336 1929 1504 2008 libros
1534 1929 1821 2003 exhibent,
1856 1946 1905 2008 Β
1936 1933 1988 2008 1,
2021 1949 2145 1991 cum
2173 1929 2300 2008 Ald.
2333 1944 2388 1990 et
2436 1929 2720 2008 aliisimss.
2752 1934 2980 2008 nostris,
3019 1929 3297 2008 Paschalis
3338 1930 3546 2008 ρατηιᾷ-

228 2003 341 2075 alia:
366 2015 626 2072 quatuor.
657 2003 907 2059 Varietas
938 2005 1055 2059 haec
1077 2003 1128 2058 in
1157 2005 1257 2061 hac
1277 2007 1506 2075 epistola
1540 2021 1606 2061 ex
1639 2021 1829 2060 nume-

226 2074 299 2148 ris
328 2075 464 2148 oriri
498 2084 716 2148 potest,
751 2085 810 2131 ut
838 2091 984 2147 saepe
1013 2075 1212 2132 accidit
1254 2096 1268 2131 :
1303 2074 1356 2133 in
1386 2078 1528 2148 ipsis
1579 2093 1710 2133 vero
1761 2078 1829 2132 li-

224 2144 332 2202 bris
356 2146 759 2202 distribuendis
806 2148 889 2202 vel
918 2144 1003 2203 ex
1045 2148 1396 2205 librariorum
1416 2144 1660 2204 arbitrio
1685 2191 1700 2215 ,
1736 2150 1823 2204 vel

227 2217 457 2291 exgipsa
506 2219 774 2275 varietate
800 2220 855 2274 in
891 2220 1300 2287 exemplaribus
1342 2220 1506 2291 hujus
1550 2220 1821 2291 epistolae.

226 2287 354 2363 Vide
384 2288 705 2363 Prolegom.
737 2307 889 2347 num.
913 2292 976 2347 51
1007 2305 1163 2363 seqq.

290 2361 381 2417 94.
412 2360 605 2417 Ottob.
637 2365 692 2431 1,
723 2375 950 2435 quatuor
984 2360 1391 2434 Evangeliorum
1421 2381 1434 2418 :
1459 2364 1537 2419 sic
1565 2364 1702 2431 Reg.
1739 2366 1762 2419 1
1795 2379 1825 2420 a

224 2446 305 2560 Br.
337 2450 439 2503 m.,
471 2449 640 2505 supra
671 2434 1108 2509 evangelistarum
1129 2478 1145 2503 ,
1189 2435 1335 2505 quod
1384 2436 1568 2491 cancri
1601 2436 1822 2493 habent.

265 2505 474 2560 leriuue
527 2522 666 2560 mss.
724 2517 782 2560 et
827 2507 999 2560 editi.
1051 2524 1374 2560 conareaans
1416 2507 1657 2560 ordinari
1699 2524 1822 2560 cum

265 2505 474 2579 lerique
504 2522 666 2579 imss.
724 2517 782 2563 et
803 2505 999 2574 'editi,
1051 2524 1374 2579 congregans
1416 2507 1657 2562 ordinari
1699 2524 1825 2563 cum

226 2575 395 2652 glossa
420 2578 476 2633 iu
502 2578 641 2652 Reg.
672 2579 730 2649 2,
762 2579 1008 2635 instruxi.
1039 2575 1170 2635 Mss:
1196 2575 1403 2652 Pucltn.
1433 2620 1448 2645 ,
1494 2595 1826 2652 congregans

226 2650 451 2723 curaui;
494 2651 622 2706 cod.
653 2652 898 2718 Bartbii,
955 2667 1274 2723 congregans
1314 2651 1559 2705 adunavi.
1602 2650 1826 2708 ‘Bartltio

223 2734 325 2775 non
377 2720 643 2793 displicet
691 2725 867 2778 curavi
893 2766 908 2792 ,
951 2720 1069 2780 sed'
1108 2720 1287 2794 magis
1342 2723 1519 2792 placet
1561 2723 1826 2791 aduuavi;

224 2806 337 2863 quae
353 2810 469 2866 _vux
495 2795 566 2850 ad
600 2796 850 2850 ultimum
879 2797 1059 2851 aetatis
1095 2803 1373 2866 argentea:
1402 2804 1617 2864 tempus
1648 2796 1825 2851 refer-

224 2870 329 2937 tur.
352 2864 706 2937 Burmanuus
744 2868 810 2923 ad
850 2866 1076 2924 Petron.
1123 2864 1180 2922 ei
1222 2866 1293 2921 58
1339 2868 1563 2937 praefert
1608 2867 1825 2921 curari:

224 2936 315 2993 sed
366 2936 689 3008 hujusmodi
740 2939 890 2994 vocis
926 2953 1059 2995 usus
1096 2936 1433 3009 Woiiken’sio
1478 2953 1586 2993 non
1629 2940 1827 3009 proba-

226 3014 346 3063 tur:
379 3014 473 3080 qui
497 3011 729 3081 conjicit
753 3012 891 3082 quis,
911 3011 996 3067 vel
1021 3011 1206 3083 quibus
1226 3008 1648 3083 expluribus....
1680 3009 1824 3064 dicta

224 3095 539 3154 congregare
588 3085 787 3154 curavi,
823 3083 908 3139 vel
935 3082 1063 3154 quos
1082 3099 1146 3137 ea:
1166 3082 1477 3154 pluribus...
1511 3082 1651 3136 dicta
1701 3099 1827 3136 con-

281 3153 434 3224 egans
459 3153 741 3210 adornavi.
773 3153 1103 3211 Arntzenius
1134 3153 1312 3224 rejicit
1333 3153 1561 3224 adunavi
1581 3197 1595 3221 ,
1629 3153 1827 3209 nonni-

258 3222 660 3297 il_'propettdet
708 3227 765 3282 in
796 3229 1010 3295 curavi,
1057 3226 1154 3281 sed
1194 3222 1319 3280 cum
1350 3222 1592 3281 Cellario
1630 3225 1826 3297 recipit

221 3294 480 3369 ordinari.
512 3298 648 3354 Haec
694 3299 811 3368 ipsa
850 3294 1121 3369 scriptura
1161 3297 1464 3353 communis
1518 3300 1571 3351 in
1621 3294 1824 3353 nostris

1933 2007 2017 2060 nis
2045 2023 2233 2061 nomen
2261 2007 2510 2078 imposui.
2543 2007 2730 2062 Codex
2776 2005 2989 2072 Barth.,
3030 2002 3310 2058 Paschalis
3333 2003 3539 2059 Carmi-

1930 2079 2013 2132 nis
2040 2094 2228 2133 nouum
2255 2094 2440 2149 nomen
2478 2078 2597 2133 ideo
2626 2079 2874 2149 imposui.
2907 2076 3209 2149 Arutzenio
3240 2092 3428 2149 novum
3453 2092 3547 2133 su-

1933 2150 2195 2218 perﬂuum
2229 2148 2465 2214 videtur,
2502 2164 2602 2205 nec
2625 2147 2756 2204 satis
2786 2150 3105 2204 convenire.
3135 2147 3399 2204 Nonnulli
3425 2149 3543 2206 edi-

1934 2222 1993 2289 ti,
2030 2221 2304 2277 Paschalis
2332 2219 2590 2276 Carminis
2618 2223 2734 2276 ideo
2760 2237 2945 2275 nomen
2970 2221 3213 2292 imposui.

2003 2292 2096 2349 96.
2138 2293 2265 2349 Vat.
2313 2294 2370 2364 2,
2423 2292 2663 2364 Regal,
2722 2308 2821 2364 pro
2851 2307 2965 2349 sec.
2999 2291 3150 2357 lect.,
3204 2291 3291 2348 vel
3337 2291 3545 2364 glossa,

1930 2365 2064 2437 Reg.
2098 2365 2156 2429 4,
2185 2364 2336 2429 Ald.,
2358 2362 2450 2418 cui
2470 2362 2553 2437 est
2571 2362 2893 2437 Itonor;alii
2929 2379 3062 2419 mss.
3090 2365 3260 2418 nostri
3292 2362 3357 2418 et
3382 2362 3538 2437 ed_iti,

1930 2434 2229 2501 cui—honor,
2254 2438 2373 2493 sine
2400 2446 2498 2491 est.
2529 2436 2667 2507 Reg.
2696 2434 2751 2502 4,
2773 2436 3260 2507 honor,rgloriaque
3287 2451 3406 2507 cum
3424 2434 3539 2507 Pa-

1931 2516 2025 2564 tre.
2061 2508 2173 2564 Ott.
2207 2510 2261 2575 1,
2297 2508 2425 2564 Vat.
2452 2507 2507 2576 2,
2558 2504 2684 2563 Al'd.
2732 2522 2854 2561 cum
2888 2504 3010 2560 aliis
3037 2507 3219 2569 editis,
3252 2515 3301 2561 et
3333 2504 3544 2578 Spiritu

1931 2590 2130 2637 sancto.
2156 2579 2292 2651 Reg.
2321 2581 2376 2647 1,
2407 2589 2454 2634 et
2486 2595 2603 2634 cum
2631 2578 2838 2651 Spiritu
2868 2588 3049 2633 sancto
3075 2580 3129 2631 in
3154 2577 3349 2651 alecula
3369 2593 3541 2651 stecug-

1932 2653 2125 2707 lorum.
2149 2649 2334 2707 Amen.
2368 2651 2479 2708 Alii
2508 2666 2642 2707 mss.
2674 2649 2730 2706 et
2754 2651 2908 2722 editi,
2939 2660 2988 2706 et
3016 2662 3199 2722 sancto
3227 2649 3461 2722 Spiritu.
3493 2649 3543 2706 Α

1928 2724 2082 2794 Lips.
2136 2726 2335 2780 absunt
2387 2724 2530 2788 hinc,
2576 2739 2706 2794 cum
2748 2721 2932 2789 Patre,
2985 2730 3033 2777 et
3077 2720 3304 2794 Spiritui
3337 2731 3542 2794 sancto.

1931 2792 2076 2853 idem
2108 2797 2304 2863 codex,
2347 2797 2402 2850 in
2424 2793 2641 2864 uacula,
2675 2810 2783 2850 non
2812 2810 2904 2867 per
2930 2795 3105 2867 omnia
3144 2793 3358 2867 sa'cula,
3390 2792 3541 2867 quod

1929 2868 2019 2923 alii
2054 2878 2260 2924 tenent.
2296 2863 2632 2923 Arntzenius
2657 2868 2757 2931 ait,
2805 2863 2981 2920 omnia
3020 2864 3196 2921 videri
3227 2863 3540 2935 abundare,

1928 2940 2028 3012 sed
2058 2956 2158 3012 pro
2185 2949 2403 3009 recepta
2429 2942 2701 3012 scriptura
2727 2936 2882 2993 aﬂ‘ert
2919 2937 3222 3012 Sgdulium
3253 2936 3433 3012 ipsum
3482 2938 3539 2993 in

1930 3011 2041 3066 line
2060 3007 2700 3082 'epistolar‘dedica'torite
2731 3025 2933 3081 prosae,
2963 3007 3320 3082 Prudentium
3347 3009 3537 3082 bymn.

1931 3086 1963 3138 9
1993 3079 2152 3139 Catii.
2181 3099 2327 3138 vers.
2355 3084 2483 3147 ult.,
2511 3092 2566 3139 et
2592 3079 2859 3137 cod.‘ms.
2894 3083 3027 3136 vitae
3048 3084 3107 3136 δ.
3130 3080 3349 3136 0diliaa.
3394 3080 3451 3137 In
3476 3079 3546 3136 li-

1930 3153 2044 3211 bris
2068 3156 2273 3211 uostris
2302 3155 2566 3225 liturgicis
2616 3153 2754 3209 nihil
2786 3163 2886 3225 est
2915 3153 3293 3225 lrequentius.
3316 3151 3383 3225 In;
3407 3151 3538 3225 Vat.

1927 3227 1963 3281 2
1990 3227 2142 3283 deest
2171 3243 2342 3281 amen.
2376 3222 2511 3298 Reg.
2542 3225 2600 3290 4,
2634 3241 2800 3298 auten.
2834 3222 3069 3298 Explicit
3106 3222 3327 3298 epistgla
3355 3223 3535 3298 Sedu-

1930 3299 1987 3354 lii
2022 3300 2089 3353 ad
2122 3296 2511 3355 Macedoniam.
2540 3298 2632 3355 Sic
2658 3297 2777 3353 fere
2804 3297 2983 3354 codex
3028 3307 3185 3354 vetus
3228 3296 3542 3357 Taurinens

219 3368 469 3425 omnibus
491 3384 631 3426 mss.
665 3358 815 3427 clare
844 3358 1155 3439 exhibetur,
1188 3384 1253 3424 ac
1280 3368 1493 3424 caeteris
1521 3379 1608 3424 est
1629 3370 1817 3441 prmle.
1854 3358 1902 3424 C
1931 3372 2031 3438 sis,
2064 3382 2125 3428 ut
2150 3372 2263 3426 dixi
2296 3370 2352 3427 in
2380 3371 2691 3443 Prolegom.
2723 3386 2781 3426 n.
2817 3369 2911 3426 62.

899 3659 1551 3803 habitatio
1628 3704 1831 3841 αρε

1940 3642 2068 3806 ἱβΔ
2106 3657 2829 3844 ﬂagellatis

1604 3904 1692 3956 AD
1726 3898 2172 3957 MACEDONIUM.

496 4036 735 4102 Sancto
764 4053 837 4099 ac
877 4033 1230 4099 beatissimo
1254 4034 1433 4118 patri
1465 4032 1841 4101 Macedonio
1871 4029 2234 4115 presbytero
2269 4028 2566 4095 Sedulius
2592 4027 2664 4092 in
2696 4027 2943 4093 Christo
2971 4028 3258 4092 salutem.

298 4330 457 4407 148
480 4328 820 4402 Praecepisti,
851 4328 1153 4388 reverenda
1180 4329 1251 4387 mi
1295 4329 1539 4401 domine,
1587 4329 1825 4387 Pascha-

1935 4326 2004 4383 lis
2032 4320 2295 4382 carminis
2330 4328 2557 4390 textum,
2614 4319 2759 4392 quod
2813 4318 2997 4376 ofﬁcio
3038 4334 3191 4393 pura:
3235 4317 3546 4377 devotionis

1724 4464 2041 4523 SCHOLIA.

303 4612 362 4669 In
387 4611 539 4684 Opus
569 4609 831 4669 Paschale
863 4618 1020 4678 notas
1058 4608 1256 4684 edidit,
1307 4606 1401 4679 qui
1438 4604 1661 4684 primus
1710 4619 1831 4684 o_m-

232 4684 379 4741 nium
412 4677 563 4759 t'ypis
591 4684 725 4759 illud
756 4677 1015 4759 vulgavit,
1058 4677 1386 4759 Fra‘nciscits
1430 4678 1696 4759 Jtu'_ettts._
1725 4677 1834 4733 Re-

232 4771 376 4813 cusze
399 4748 491 4813 ea!
511 4764 641 4812 sunt
670 4757 725 4811 in
765 4748 1041 4811 nonnullis
1088 4751 1422 4809 editionibus
1482 4748 1833 4806 Bibliotheca:

235 4828 477 4895 Patrum,
509 4840 566 4885 et
605 4830 907 4898 praesertim
956 4828 1009 4882 in
1057 4825 1421 4898 Bibliotheca
1454 4821 1830 4898 Gallandiana.

234 4899 346 4955 Non
374 4893 963 4957 vidverat'Gallandius
1008 4896 1241 4963 primam
1292 4893 1587 4952 editionem
1638 4894 1834 4963 Operis

235 4971 538 5037 Paschalis,
567 4987 690 5040 qua:
716 4987 744 5024 a
777 4969 967 5027 Jureto
997 4964 1225 5025 Parisiis
1255 4975 1558 5040 procurata
1572 4964 1673 5040 fuit
1692 4979 1835 5040 an_no

1940 4602 2161 4660 Parisiis
2195 4598 2375 4667 l624;
2414 4597 2710 4656 editionem
2741 4594 3129 4653 Coloniensem
3186 4595 3348 4665 1618,
3392 4593 3546 4652 Pari-

1939 4676 2178 4733 siensem
2208 4671 2372 4744 1644,
2399 4671 2844 4744 Lugdunensem,
2876 4679 2932 4744 et
2950 4667 3386 4744 Gallandiauam.
3414 4668 3546 4724 Om-

1941 4749 2088 4804 nium
2131 4748 2326 4802 harum
2358 4741 2673 4802 editionum
2730 4741 3105 4814 antiquissima
3165 4741 3410 4811 profecto
3463 4747 3551 4796 cst

1939 4819 2270 4876 Parisiensis
2313 4818 2441 4872 anni
2499 4815 2664 4880 l589,
2714 4829 2875 4884 quam
2924 4814 3270 4884 potissimum
3324 4826 3548 4884 sequar.

1941 4890 2267 4948 Parisiensis
2293 4890 2423 4944 anni
2458 4888 2597 4943 1624
2647 4882 2908 4942 mendosa
2926 4882 3045 4950 'est,
3091 4885 3186 4940 sed
3234 4882 3551 4939 mendosior

1941 4966 2111 5020 altera
2141 4962 2271 5018 anni
2302 4959 2464 5017 1644.
2494 4960 2575 5015 Ex
2620 4960 2762 5014 notis
2799 4965 2979 5012 autem
3016 4956 3187 5014 Jureti
3226 4953 3551 5010 ethallan-

237 5023 1214 5111 isss";"a.‘es.;{annniniisse..*
1247 5023 1298 5095 i'n
1330 5036 1699 5111 Bibliotheca
1739 5036 1839 5091 Pa-
1865 5023 1918 5085 ι)
1945 5035 2020 5111 «iii
2048 5032 2397 5111 ιιίιιίιρπιίεί,
2429 5029 2576 5111 qvod
2608 5029 2674 5085 ad
2704 5028 2806 5085 ιιοε
2836 5024 3552 5111 ιίδεοεεβρσυιίῑλιιυξιῖεητ

235 5108 402 5183 trum,
430 5115 669 5170 maxime
698 5114 751 5169 in
775 5114 1071 5169 Parisiensi
1118 5112 1246 5167 anni
1278 5110 1439 5174 1644,
1484 5108 1839 5183 Sedulianum

236 5184 335 5259 hoc
358 5180 500 5259 opus
532 5186 692 5243 [tedis
725 5185 938 5241 mendis
964 5185 1165 5259 ubique
1195 5196 1427 5249 scatere,
1458 5182 1549 5236 vix
1586 5189 1644 5259 ut
1672 5180 1847 5259 inter-

234 5257 358 5317 dum
390 5253 637 5315 auctoris
663 5268 898 5314 meutem
931 5253 1146 5327 assequi
1177 5265 1383 5326 posset,
1428 5253 1845 5327 conttilit_i_nter

237 5345 295 5386 se
331 5330 731 5388 Biblimhecam
760 5329 981 5384 Patrum
1014 5324 1383 5384 Parisiensem
1427 5324 1556 5380 anni
1592 5325 1753 5392 1644,
1789 5331 1847 5380 et

237 5400 681 5475 Lugdunensem,
718 5409 985 5475 notasque
1014 5414 1141 5457 suns
1182 5399 1441 5475 subjecit,
1473 5396 1667 5475 quibus
1710 5410 1848 5451 non-

240 5467 419 5531 nullos
448 5467 678 5530 errores
694 5467 932 5536 aul‘crré,
965 5473 1255 5542 lumenque
1281 5467 1432 5542 operi
1456 5467 1655 5542 afferre
1673 5481 1849 5542 cona-

246 5557 329 5601 tus
367 5555 471 5603 est.
522 5544 604 5601 Ne
648 5543 782 5600 milii
837 5543 1057 5614 quidem
1108 5541 1265 5599 licuit
1294 5541 1523 5613 primam
1554 5541 1849 5614 editionem

246 5618 440 5688 Operis
472 5616 763 5673 Paschalis
787 5611 1076 5672 consulere
1109 5631 1128 5670 :
1154 5611 1361 5688 contuli
1387 5624 1569 5688 tamen
1593 5611 1865 5688 editiones

253 5684 615 5746 Bibliotheca
642 5689 863 5745 Patrum
894 5687 1189 5760 Margarini
1237 5686 1306 5760 de
1335 5687 1385 5760 la
1416 5684 1866 5760 Bigne,Parisiis

255 5731 1189 5829 ῖέἑὸἶ’Ἁῖιὶῖαῐοίῖιὶἰι““ὑιῖέἑὲἒιῖἱιὲίἰ’
1201 5731 1863 5831 εἷυὲἁὲιιῖ’¹ὗίῖ›ἰίὸιῖι’ἑὲἐέζ

1946 5108 2046 5162 dos
2075 5108 2350 5174 pertinere
2380 5093 2676 5174 arbitratus
2715 5115 2857 5156 sum.
2906 5093 3552 5174 ludicium_V_Vupkensii

1946 5179 2015 5234 de
2044 5168 2212 5234 Prosa
2267 5176 2371 5231 hoc
2402 5182 2529 5232 est:
2571 5171 2686 5228 Nec
2736 5182 2906 5228 tamen
2956 5171 3141 5226 Prusae
3189 5168 3310 5222 huic
3356 5176 3555 5222 tantum

1952 5250 2146 5314 tribuo,
2178 5257 2235 5304 ut
2261 5248 2407 5321 illius
2438 5245 2769 5321 auctoritate
2792 5242 3170 5321 emendationes
3213 5255 3353 5294 meas
3396 5253 3560 5321 stupe-

1949 5336 2168 5377 numero
2198 5319 2423 5391 spongia
2469 5317 2846 5391 damnaverim,
2888 5315 3081 5391 quippe
3109 5328 3267 5383 quam
3306 5315 3558 5391 poematis

1951 5392 2187 5450 sensibus
2211 5380 2317 5447 non
2334 5380 2560 5463 "semper
2582 5390 2708 5464 satis
2730 5380 2911 5443 exacte
2930 5380 3218 5464 (td/tmere,
3246 5391 3294 5437 et
3307 5380 3563 5464 aliquant

1967 5466 2034 5521 do
2054 5468 2209 5520 etiam
2232 5449 2493 5533 corrupta:
2518 5463 2793 5535 scriptura:
2829 5449 3215 5535 conformatum
3250 5468 3385 5535 esse,
3408 5449 3564 5535 "mihi

1966 5546 2104 5611 certo
2126 5521 2485 5611 persuadeam.
2512 5535 2604 5590 Sic
2622 5521 2793 5589 refert
2811 5521 3139 5611 Aruizenius
3167 5528 3220 5581 in
3241 5521 3565 5611 praefatione

1967 5608 2061 5681 qui
2089 5602 2270 5681 tamen
2300 5607 2509 5681 statuit,
2545 5620 2733 5681 pauca
2760 5611 2972 5681 tantum
3006 5602 3060 5654 in
3082 5602 3194 5672 ipso
3223 5602 3449 5681 carmine
3477 5610 3571 5678 su-

1968 5664 2193 5753 peresse,
2220 5680 2285 5736 de
2309 5664 2795 5753 quibus'diffciljus
2822 5690 2885 5730 ea:
2927 5664 3112 5753 Plosa'
3136 5676 3304 5744 posset
3333 5664 3567 5741 deﬁniri,

1966 5743 2092 5824 quid
2120 5743 2301 5809 verum
2320 5743 2409 5808 'sit.
2434 5743 2815 5818 Vide'Proleg.
2845 5759 2904 5802 n.
2932 5743 3059 5802 238.
