4060 6320
460 318 565 376 551

501 434 568 489 10
679 432 916 499 Quorum
945 429 1274 501 multiplices
1304 442 1403 486 nec
1436 437 1792 486 numerantur
1822 445 1975 500 opes.

605 524 718 580 Illic
760 523 1001 579 invenies
1027 565 1041 589 ,
1083 522 1343 594 quidquid
1375 538 1524 578 mare
1555 523 1727 578 nutrit
1753 521 2060 593 edendum},

675 616 946 688 Quidquid
980 624 1123 672 terra
1147 624 1318 685 creat,
1339 617 1599 689 quidquid
1625 616 1690 673 ad
1723 630 1868 674 asua
1896 617 2065 674 volat.

604 711 774 770 Cerea
798 711 1088 784 gemmatis
1117 711 1418 770 ﬂavescunt
1445 713 1608 770 mella
1638 713 1916 783 canistris,

1846 314 2061 374 C(ELII
2100 312 2274 375 SEDU
2283 315 2366 372 ιιι

2084 437 2140 496 Α

3665 311 3776 371 55‘!

2385 430 2544 506 155
2570 429 2962 503 Collucentque
2990 430 3104 487 suis
3132 445 3294 488 aurea
3324 443 3452 486 vasa
3477 428 3638 485 favis.

2210 525 2278 582 15
2315 525 2386 580 At
2421 541 2516 580 nos
2547 525 2799 596 exiguum
2829 525 2899 581 de
2929 540 3165 596 paupere
3193 525 3503 596 carpsimus
3535 526 3725 586 horto,

2388 616 2568 673 Rubra
2595 616 2744 690 quod
2770 616 3074 689 appositum
3109 626 3248 676 testa
3279 617 3572 686 ministrat,
3605 614 3755 671 olus.

1845 856 2026 916 OPUS
2066 856 2452 916 PASCHALE.

459 983 566 1044 tas,
599 973 864 1031 nobilium
893 971 1062 1030 debes
1083 972 1255 1030 caenis
1278 971 1463 1028 satiari
1490 971 1798 1038 doctorum,
1833 985 2064 1042 quorum

464 1069 798 1141 multiplices
850 1077 1126 1139 nequeunt
1175 1067 1371 1124 referri
1421 1075 1732 1138 apparatus.
1783 1065 1896 1120 Illic
1942 1082 2068 1137 pro-

461 1163 606 1219 fecto
636 1161 905 1232 reperies,
940 1160 1205 1232 quidquid
1230 1159 1396 1215 maris
1424 1161 1594 1214 nutrit
1616 1169 1642 1196 ι
1666 1158 1806 1214 unda
1840 1174 2070 1215 vescen-

463 1255 616 1323 dum,
650 1253 916 1326 quidquid
947 1263 1107 1309 terrae
1139 1252 1459 1308 fecunditas
1482 1249 1878 1318 subministrat,
1913 1251 2070 1322 quid-

463 1350 592 1422 quid
618 1351 675 1406 in
704 1349 941 1405 nubibus
964 1348 1180 1421 pennali
1205 1362 1404 1420 corpus
1428 1346 1754 1402 libramento
1775 1353 2067 1402 sustentat.

2172 971 2226 1026 In
2260 969 2393 1042 ipsis
2415 968 2579 1026 etiam
2607 967 2829 1026 ferculis
2859 969 3095 1042 pretiosa
3133 970 3296 1027 nimis
3327 970 3600 1026 varietate
3628 984 3790 1042 gem-

2171 1065 2332 1121 matis
2361 1065 2669 1121 ﬂavescunt
2708 1067 2980 1122 nectareis
3025 1082 3121 1123 sua
3161 1067 3323 1124 mella
3364 1081 3488 1123 cum
3518 1066 3698 1132 ceris,
3731 1071 3790 1122 et

2171 1158 2355 1215 aureis
2383 1161 2667 1230 appositus
2694 1159 2747 1214 in
2775 1160 3032 1216 canistris
3071 1161 3335 1217 concolor
3365 1160 3589 1216 metallo
3625 1159 3787 1215 favus

2175 1250 2200 1290 δ
2231 1252 2442 1308 alludit.
2484 1253 2551 1307 At
2583 1266 2685 1308 nos
2715 1252 2784 1310 de
2835 1254 3084 1324 pauperis
3124 1253 3269 1310 horti
3315 1253 3627 1310 seminibus
3661 1252 3789 1309 olus

2173 1344 2281 1401 vile
2329 1344 2723 1416 decerpsimus,
2775 1346 2922 1418 quod
2974 1348 3028 1402 in
3075 1347 3240 1404 rubra
3279 1354 3439 1403 testae
3489 1345 3788 1418 paropside

1965 1483 2282 1543 SCIIOLIA.

541 1609 627 1665 10.
662 1609 778 1665 Nic.
808 1601 1063 1664 Heinsius
1093 1603 1257 1660 scribi
1285 1604 1467 1673 jussit,
1497 1603 1728 1670 Quorum
1757 1601 2067 1674 multiplices
2097 1605 2146 1666 Β
2173 1601 2244 1656 sis
2273 1600 2488 1673 paulum
2514 1599 2728 1654 seducta
2755 1599 3016 1674 secundis.
3035 1601 3222 1656 —Hic
3242 1619 3369 1671 nux,
3399 1602 3486 1657 hic
3514 1602 3686 1658 mixta
3711 1608 3788 1657 est

463 1691 871 1738 annumerantur
913 1695 1056 1746 apes.
1109 1677 1345 1742 Reponit
1384 1675 1748 1744 WOpkensius
1775 1715 1790 1741 ,
1833 1691 1924 1729 nec
1968 1691 2065 1742 pro

466 1772 568 1809 non
597 1757 806 1817 venire,
830 1767 893 1806 ac
920 1754 996 1806 sic
1021 1751 1170 1817 loqui
1200 1749 1653 1803 Commodianum
1679 1747 1932 1802 lnstruct.
1963 1747 2062 1802 16:

465 1827 602 1882 Sunt
628 1824 733 1879 alia
762 1833 1012 1892 praeterea
1041 1821 1298 1875 daemonia
1328 1821 1486 1892 fanis,
1510 1849 1581 1858 -—
1606 1819 1736 1884 Qua:
1763 1836 1852 1873 nec
1881 1835 2065 1873 nume-

461 1908 666 1952 rantur.
708 1891 992 1952 Sententia
1029 1909 1097 1948 ex
1146 1907 1303 1960 prosa
1330 1891 1497 1945 clara
1539 1901 1622 1946 est
1654 1909 1666 1943 :
1703 1907 1898 1954 nempe
1925 1907 2062 1959 quo-

461 1986 580 2026 rum
630 1985 762 2038 opes
806 1984 875 2022 ne
911 1964 1188 2022 numerari
1209 1963 1433 2089 iquidem
1469 1972 1717 2031 possunt.
1751 1961 2065 2033 Re-jicienda

461 2057 593 2089 eruo
619 2051 703 2089 est
733 2041 838 2089 alia
865 2038 1175 2089 contiectura
1259 2052 1397 2089 erm.
1427 2035 1832 2089 Cannettieteri.
1865 2033 1941 2088 vel
1973 2051 2065 2086 nu-

461 2057 593 2112 ergo
619 2033 703 2096 est
733 2041 838 2095 alia
865 2038 1175 2106 c0njectura
1209 2033 1397 2112 Herm.
1427 2035 1832 2112 (Jannegieteri,
1865 2033 1941 2112 vel
1973 2051 2067 2112 nu-

465 2104 755 2179 merantur,
778 2124 871 2166 aut
892 2122 938 2166 et
968 2104 1322 2179 numerantur.
1352 2107 1569 2172 Parrlt.,
1604 2104 1724 2161 eum
1750 2104 1883 2174 Reg.
1909 2106 1966 2166 ‘2.
1995 2105 2066 2160 ita

461 2178 768 2254 distinguit,
800 2183 1040 2259 Quorum
1066 2178 1400 2251 multiplices,
1431 2193 1524 2232 nec
1554 2189 2065 2259 numeranturppes,

462 2249 672 2313 scilicet
701 2249 1034 2320 multiplices
1065 2249 1225 2316 sunt,
1248 2265 1349 2306 nec
1389 2260 1766 2305 numerantur.
1805 2249 2065 2304 Indicium

469 2340 652 2384 autem
684 2341 1004 2398 magnarum
1030 2339 1194 2392 opum
1226 2331 1331 2386 est,
1365 2321 1509 2391 quod
1541 2337 1644 2375 non
1672 2330 2064 2398 numerentur:

466 2415 590 2454 nam
636 2391 894 2465 Pauperis
941 2405 1014 2450 est
1046 2391 1337 2465 numerare
1347 2409 1520 2465 pecus,
1557 2403 1612 2445 ut
1641 2393 1803 2462 vulgo
1830 2391 1937 2465 dici
1972 2406 2066 2447 so-

462 2471 556 2526 let.
605 2463 857 2525 Horatius
898 2468 938 2522 l.
980 2483 1025 2532 ι¹
1059 2482 1146 2534 ep.
1180 2465 1213 2520 6
1245 2484 1258 2520 :
1295 2463 1465 2518 Eirilis
1497 2465 1676 2518 domus
1706 2473 1811 2525 est,
1846 2464 1931 2518 ubi
1963 2479 2068 2518 non

459 2552 508 2596 et
536 2541 698 2596 multa
727 2548 1028 2612 supersunt,
1051 2567 1121 2577 —
1144 2534 1212 2591 Et
1234 2535 1516 2590 Dominum
1539 2537 1752 2607 fallunt,
1777 2546 1826 2590 et
1853 2545 2068 2607 prosunt

489 2615 687 2669 nribus.

463 2616 918 2741 [natifslleinsius
955 2696 1149 2737 rursus
1175 2680 1398 2750 conjicit
1426 2680 1581 2735 mittit
1611 2697 1710 2749 pro
1739 2681 1923 2746 nutrit,
1953 2679 2066 2734 dis-

460 2759 732 2814 sentiente
771 2755 980 2826 pariter
1022 2753 1368 2826 chkensio,
1410 2753 1503 2823 qui
1545 2752 1842 2826 observatL
1864 2753 2066 2826 _ob_se-

461 2845 633 2902 quens
660 2823 1056 2902 verbunic‘reat
1086 2825 1413 2902 concinnum
1441 2839 1565 2902 esse
1596 2825 1782 2877 nutrit.
1814 2823 2068 2902 Plerique

463 2894 822 2971 distinguunt,
855 2895 1236 2971 Illicinvenies,
1271 2894 1524 2968 quidquid
1552 2911 1710 2971 mare
1721 2895 1884 2971 nutrit
1912 2894 2067 2971 eden—

460 2971 588 3026 dum
613 2965 658 3037 ς’
680 2972 1020 3026 Burmanuus
1068 2985 1177 3025 non
1218 2965 1592 3038 ineleganter,
1636 2965 1760 3022 Illic
1799 2966 2064 3032 invenies,

460 3043 715 3116 quidquid
744 3058 888 3096 mare
914 3042 1100 3116 nutrit,
1133 3039 1411 3116 edendum.

531 3109 617 3172 13'.
653 3113 1017 3170 Taurinensis
1043 3119 1205 3168 vetus
1232 3109 1404 3166 codex
1431 3153 1447 3180 ,
1477 3110 1641 3166 Terea
1672 3109 1944 3182 gemmatis
1970 3111 2069 3179 ﬂa-

459 3197 664 3242 vescunt
687 3185 842 3240 mella
865 3184 1124 3238 canistris.
1146 3184 1467 3238 Mendosunt
1501 3193 1606 3250 est,
1628 3181 1816 3237 Terea.
1853 3181 2063 3236 Poelm.

461 3275 524 3315 ac
562 3257 808 3315 nonnulli
846 3257 936 3310 alii
980 3254 1137 3318 editi,
1187 3253 1418 3321 Cretera;
1465 3269 1591 3310 vera
1623 3253 1784 3310 lectio
1809 3251 1973 3307 Cerea
2003 3268 2068 3308 ex

462 3347 594 3388 mss.
649 3341 704 3387 et
758 3326 1054 3383 sententia.
1114 3326 1342 3381 Accedit
1391 3340 1572 3395 prosa.
1625 3325 1734 3380 Pro
1787 3327 2069 3395 ﬂavescunt

457 3403 649 3458 Arntz.
685 3441 702 3467 ,
732 3403 1046 3471 ‘ﬂavescent.
1094 3397 1241 3471 quod
1287 3413 1409 3451 cum
1439 3397 1677 3471 invenies
1704 3406 1854 3471 recte
1877 3395 2070 3471 cuba:-

460 3484 564 3530 ret.
609 3466 867 3541 Sequitur
910 3480 1097 3541 autem
1113 3466 1393 3541 collucent
1438 3469 1490 3522 in
1525 3468 1806 3541 praesenti,
1839 3466 1938 3541 nisi
1969 3468 2072 3541 hoc

461 3545 639 3614 ipsum
685 3538 740 3598 in
785 3543 965 3614 futuro
1012 3539 1289 3595 indicativi
1323 3538 1472 3614 dicas
1509 3554 1541 3593 a
1571 3539 1800 3614 colluco,
1831 3538 2068 3614 collucis.

461 3611 628 3672 Multa
667 3615 814 3670 enim
845 3612 1014 3670 verba
1045 3620 1174 3665 sunt
1203 3611 1458 3666 secunda:
1488 3611 1917 3680 conjugationis,
1949 3625 2070 3680 quae

464 3689 518 3743 in
563 3690 719 3743 tertia
751 3687 916 3742 etiam
949 3699 976 3736 a
1008 3685 1182 3752 poetis
1211 3683 1451 3737 maxime
1480 3682 1836 3738 adhibentur.
1871 3681 2067 3736 Barth.

457 3759 590 3814 citat
634 3763 917 3830 ﬂorescunt
962 3757 1147 3830 minus
1192 3752 1542 3830 bene._Cum
1573 3762 1668 3830 ‘tot
1709 3753 1884 3830 critici
1928 3755 2072 3809 hunc

460 3825 747 3902 prologum
776 3829 1146 3902 excusserint,
1177 3841 1240 3881 ac
1270 3825 1636 3902 multa-verba
1665 3841 1769 3882 suo
1801 3826 1924 3902 loco
1956 3839 2073 3902 mo-

460 3898 594 3960 vere
626 3898 984 3969 'tentaverint,
1039 3899 1239 3954 mirum
1285 3898 1458 3953 videri
1489 3898 1672 3966 debet,
1709 3899 1982 3969 neminem
2015 3899 2069 3952 in

459 3974 564 4032 hoc
585 3989 748 4030 versu
777 3973 930 4027 mella
961 3967 1308 4028 Sollicitasse.
1346 3970 1414 4024 Et
1445 3969 1826 4027 Nebrissensis
1851 3967 2071 4041 quidem

459 4063 654 4103 ansam
687 4045 920 4115 praebuit
951 4041 1262 4114 suspicandi
1296 4061 1310 4098 :
1349 4042 1645 4109 Quomodo,
1679 4044 1774 4110 ait,
1805 4043 1961 4096 mella
1985 4059 2074 4096 ca-

461 4120 643 4174 nistris
676 4119 729 4172 in
768 4134 910 4173 creua
948 4124 1301 4185 apponuntur,
1342 4131 1443 4169 non
1481 4115 1652 4182 video,
1686 4115 1788 4169 nisi
1818 4115 1972 4168 malis
2000 4115 2073 4169 le-

456 4209 577 4264 gere
615 4204 846 4264 annus.
890 4185 999 4244 Sed
1039 4187 1376 4264 exemplaria
1415 4185 1875 4264 omnia__referuut
1902 4186 2074 4264 canis-

465 4257 588 4332 tris,
632 4263 776 4334 quod
819 4270 1020 4334 tuetur_
1040 4257 1561 4334 etiamacrosticltis
1591 4257 1839 4313 Belisarii
1871 4274 1922 4312 v.
1953 4258 1988 4311 6
2017 4258 2072 4312 in

460 4329 713 4408 Append.
754 4333 814 4389 In
848 4348 953 4388 ms.
988 4331 1188 4408 Reg_._2
1214 4329 1330 4408 haec
1354 4337 1472 4408 erat
1496 4330 1676 4408 glossa
1702 4344 2070 4408 supra‘cerea,

2173 1675 2377 1746 rugosis
2419 1674 2592 1746 carica
2623 1674 2832 1745 palmis,
2861 1703 2930 1714 —
2967 1673 3268 1746 Primaque,
3301 1685 3350 1729 et
3379 1676 3432 1728 in
3465 1675 3666 1743 patulis
3697 1692 3787 1728 re-

2172 1744 2401 1800 dolentia
2443 1744 2581 1798 mala
2618 1744 2886 1817 canistris,
2916 1775 2988 1785 —
3019 1745 3086 1799 Et
3129 1744 3194 1799 de
3235 1749 3513 1817 purpureis
3551 1746 3788 1801 collecta:

2171 1817 2354 1872 vitibus
2397 1832 2526 1872 uvae.
2555 1845 2628 1858 —
2650 1815 2917 1890 candidus
2954 1819 3008 1872 in
3048 1818 3216 1872 medio
3237 1815 3397 1890 favus
3423 1827 3521 1873 est.
3553 1818 3786 1890 Pervul-

2170 1899 2352 1974 gatum
2381 1899 2463 1944 est
2496 1889 2867 1974 proverbium,
2891 1890 2973 1974 ..11)
3005 1889 3288 1974 ovansque
3312 1890 3382 1944 ad
3411 1891 3573 1974 mala.
3608 1889 3787 1974 ρει-ιο

2174 1962 2318 2016 nulla
2348 1975 2509 2015 causa
2539 1969 2642 2024 est,
2671 1977 2771 2015 cur
2796 1961 2974 2016 mellis
3001 1960 3240 2016 canistris
3266 1961 3574 2030 apponendi
3608 1960 3786 2017 Sedu-

2173 2031 2278 2086 lius
2305 2033 2637 2087 mentionem
2669 2032 2898 2094 faceret,
2924 2048 3046 2088 cum
3078 2031 3258 2088 favum
3289 2035 3424 2088 vasis
3449 2033 3626 2088 aureis
3656 2033 3782 2088 col-

2174 2104 2443 2160 lucentem
2479 2114 2749 2158 memoret
2778 2121 2844 2159 ex
2873 2105 3046 2160 veteri
3080 2120 3232 2161 more
3261 2105 3556 2160 adhibendi
3588 2105 3700 2160 mel
3732 2105 3786 2161 in

2173 2177 2457 2248 conviviis,
2484 2174 2634 2248 utde
2659 2176 3026 2248 Pythagoricis
3057 2185 3286 2232 testatur
3311 2177 3652 2232 Jamblichus
3676 2175 3783 2233 Vit.

2173 2247 2396 2319 Pytltag.
2446 2262 2496 2302 c.
2529 2247 2623 2310 2|,
2656 2247 2713 2302 n.
2745 2249 2814 2303 97
2848 2266 2859 2300 :
2893 2247 2957 2300 In
2986 2249 3211 2319 prandio
3237 2251 3386 2314 panis
3413 2258 3547 2313 erat,
3580 2259 3630 2302 et
3661 2249 3782 2317 mel,

2173 2330 2262 2372 aut
2308 2325 2475 2390 favus.
2526 2319 2641 2374 Etsi
2675 2332 2854 2375 autem
2896 2320 3148 2375 Sedulius
3192 2321 3331 2377 libro
3371 2337 3431 2384 ll,
3466 2336 3616 2376 vers.
3648 2321 3782 2387 268,

2173 2401 2463 2464 utrumque
2497 2391 2799 2464 conjungit,
2844 2390 3276 2464 Exsuperantque
3321 2399 3488 2464 favos,
3525 2401 3575 2447 et
3603 2392 3783 2447 dulcia

2172 2462 2348 2529 mella,
2389 2464 2543 2533 quasi
2573 2463 2682 2517 duo
2727 2478 3034 2535 synonyma
3055 2462 3220 2519 verba
3252 2462 3482 2535 ponens,
3517 2465 3784 2521 tamenin

2173 2535 2432 2605 praesenti
2475 2538 2656 2589 minus
2695 2534 2747 2588 id
2789 2534 3133 2589 commodum
3174 2534 3346 2603 esSet,
3377 2553 3499 2591 cum
3529 2537 3672 2591 duas
3701 2537 3786 2590 di-

2173 2621 2362 2676 versas
2401 2621 2489 2661 res
2518 2620 2797 2675 exponere
2827 2607 3069 2662 voluisse
3101 2608 3374 2664 videatur.
3404 2607 3559 2677 Quod
3596 2620 3782 2663 autem

2174 2694 2281 2734 non
2329 2679 2514 2732 catinis
2557 2677 2846 2748 legendum
2888 2677 2981 2742 sit,
3011 2689 3067 2731 ut
3097 2681 3425 2748 conjiciebat
3453 2679 3785 2735 Nebrissen-

2172 2752 2270 2814 sis,
2303 2750 2399 2806 sed
2443 2751 2708 2811 canistris,
2743 2758 2941 2820 praeter
2980 2750 3232 2806 Ovidium
3261 2751 3460 2806 suadet
3489 2753 3658 2806 etiam
3690 2751 3782 2807 Ci-

2172 2838 2298 2894 cero
2344 2822 2380 2876 Ι.
2432 2837 2505 2884 vt,
2554 2838 2642 2894 ep.
2691 2823 2744 2886 1,
2787 2821 2851 2876 ad
2899 2824 3035 2886 Att.,
3081 2823 3214 2877 circ.
3245 2822 3390 2878 med.
3417 2821 3708 2889 Laucibus,
3735 2833 3784 2878 et

2173 2893 2608 2963 splendidissimis
2653 2894 2895 2966 canistris
2937 2894 3182 2948 olusculis
3225 2911 3330 2948 non
3369 2895 3502 2949 soles
3531 2909 3782 2966 pascere;

2173 2966 2300 3036 quid
2344 2978 2390 3020 te
2437 2967 2490 3018 in
2541 2966 2674 3020 vasis
2720 2963 2966 3038 ﬁctilibus
3006 2967 3367 3037 appositurum
3407 2963 3628 3038 putent?
3666 2965 3783 3022 Huc

2175 3037 2371 3104 etiam,
2421 3047 2479 3091 ut
2523 3038 2780 3104 arbitror,
2829 3037 3084 3094 Sedulius
3125 3039 3384 3107 respexit.
3410 3037 3574 3093 'Vide
3614 3039 3780 3094 etiam

2173 3108 2561 3182 Prudentium,
2609 3110 2795 3182 Itytnn.
2826 3111 2860 3165 4
2909 3109 3105 3182 Perist.
3154 3111 3483 3182 vers._I~.‘iH:
3539 3107 3783 3182 Pretiosa

2175 3191 2388 3246 portans
2420 3211 2487 3221 —
2516 3179 2671 3235 Dona
2716 3183 2976 3236 canistris.
3025 3179 3185 3238 Cerea
3223 3180 3364 3236 mala
3403 3180 3668 3237 dicuntur
3695 3181 3782 3239 vel

2173 3253 2243 3307 ob
2271 3255 2509 3309 colorem
2547 3269 2792 3316 cereum,
2823 3269 2934 3323 quo
2961 3265 3172 3323 spectat
3197 3257 3504 3324 ﬂavescunt,
3532 3253 3622 3310 vel
3651 3255 3780 3324 quia

2174 3325 2360 3398 mollia
2383 3333 2529 3380 sunt.
2558 3325 2669 3398 Iloc
2690 3325 2894 3398 pariter
2913 3342 2980 3381 ex
3012 3324 3234 3397 Virgilio
3257 3327 3480 3382 videtur
3501 3334 3780 3398 sumptum

2153 3396 2278 3469 .ecl.
2319 3397 2379 3469 2,
2421 3410 2567 3451 vers.
2600 3397 2689 3463 59,
2727 3396 2931 3450 Addam
2961 3396 3324 3469 cerea’pruna.
3358 3399 3568 3454 Ductus
3596 3396 3780 3455 autem

2175 3467 2290 3536 ipse
2318 3468 2622 3523 litterarum
2645 3483 2711 3522 eo
2737 3483 2834 3522 nos
2855 3469 3024 3533 ducit,
3054 3479 3112 3522 ut
3134 3467 3202 3524 ex
3229 3470 3368 3524 mala
3395 3470 3599 3526 factum
3627 3472 3783 3526 mella

2175 3539 2244 3612 ab
2269 3539 2470 3608 ignaris
2497 3539 2736 3612 librariis
2758 3538 3158 3603 existimemus,
3186 3543 3488 3611 prassertim
3512 3543 3638 3612 quia
3664 3559 3779 3599 me-

2174 3609 2263 3666 dio
2303 3626 2420 3666 :cvo
2461 3611 2658 3666 malum
2703 3611 2986 3687 dicebatur
3021 3609 3221 3687 metum
3263 3609 3566 3687 egxhcraaco
3601 3616 3776 3687 μῆλον,

2175 3699 2382 3748 pomum
2410 3699 2429 3737 :
2460 3697 2581 3752 quae.
2611 3698 2714 3738 vox
2739 3684 2905 3740 etiam
2937 3685 2992 3739 in
3020 3683 3264 3741 Italicum
3296 3685 3497 3742 idioma
3529 3683 3771 3743 transiit.

2173 3752 2374 3810 Confer
2402 3755 2754 3824 Ducnngium.

2245 3827 2334 3882 14.
2383 3825 2757 3900 Nebrissensis
2803 3827 3051 3893 dubitat,
3097 3841 3166 3900 an
3217 3827 3327 3884 favi
3369 3830 3628 3887 dicantur
3670 3833 3774 3900 sul,

2173 3900 2324 3969 quasi
2373 3900 2456 3953 sui
2500 3899 2721 3974 coloris,
2765 3914 2835 3974 an
2866 3899 2989 3970 quia
3019 3898 3176 3974 vasis
3193 3903 3378 3958 aureis
3406 3905 3606 3974 apponi
3637 3898 3777 3960 coué

2174 3981 2480 4047 sueverant.
2532 3970 2730 4047 Verum
2772 3972 2823 4026 id
2849 3987 3067 4047 nomen
3099 3972 3206 4047 suis
3233 3975 3411 4031 solum
3440 3970 3664 4047 indicat,
3698 3975 3780 4033 fa-

2178 4057 2271 4097 vos
2302 4050 2428 4096 tunc
2459 4043 2510 4096 in
2542 4043 2684 4096 vasis
2713 4045 2892 4100 aureis
2922 4043 3210 4099 contineri.

2246 4115 2336 4190 15.
2380 4112 2590 4190 Pauper
2630 4115 2811 4169 hortus
2851 4124 2935 4172 est
2981 4115 3184 4179 tenuis,
3227 4133 3336 4174 non
3380 4119 3688 4190 abundans,
3719 4131 3779 4178 ut

2175 4189 2317 4265 apud
2346 4186 2490 4265 alios
2523 4202 2717 4265 pauper
2743 4203 2888 4259 ager,
2922 4204 3124 4265 pauper
3147 4203 3346 4265 mensa.
3378 4191 3636 4265 Virgilius
3669 4186 3773 4251 ecl.

2175 4257 2228 4324 7,
2254 4256 2529 4342 vet-5:34,
2547 4256 2732 4342 Qustos
2760 4256 2813 4313 es
2836 4256 3078 4342 pauperis
3105 4259 3259 4342 horti.

2247 4330 2335 4384 16.
2383 4329 2516 4406 fteg.
2560 4329 2615 4395 1,
2663 4329 2981 4406 oppositum,
3016 4347 3189 4406 supra
3220 4331 3438 4390 diversa
3469 4335 3656 4406 lectio,
3689 4341 3775 4396 vel

464 4400 662 4478 fa'vum,
710 4417 766 4461 et
808 4419 972 4478 supra
1013 4400 1429 4478 mella,_lic_entia
1459 4402 1659 4478 poetica
1689 4403 1835 4478 dicit.
1867 4401 2069 4478 Omnes
2096 4400 2151 4462 D
2174 4401 2466 4478 correctio
2495 4400 2832 4473 appositum;
2886 4403 3030 4478 quod
3089 4401 3250 4478 unice
3300 4408 3621 4466 tenendum.
3642 4400 3654 4406 ⁷
3677 4411 3778 4467 Est

465 4473 600 4535 mss.
621 4473 656 4548 ,i
679 4492 816 4548 quos
861 4473 1001 4548 vidi,
1037 4487 1091 4548 e_t
1129 4473 1260 4529 editi
1289 4473 1474 4548 legunt
1502 4473 1659 4548 mella
1687 4474 1965 4548 canistris;
1996 4474 2066 4529 ita

460 4543 631 4606 etiam
669 4543 837 4604 refert
881 4545 1208 4602 Aldhelmus
1261 4559 1387 4614 cap.
1425 4545 1462 4598 ‘2
1502 4544 1689 4599 Prosa:
1728 4546 1794 4600 de
1824 4543 2066 4614 Virgin.,

468 4621 558 4677 ubi
602 4621 671 4676 de
711 4629 829 4675 arte
871 4633 1030 4688 apum
1057 4616 1385 4672 conficiendi
1416 4615 1522 4670 mel
1557 4615 1808 4684 loquens,
1839 4616 1919 4672 sic
1946 4617 2022 4672 ait
2055 4636 2069 4673 :

468 4691 633 4764 Cujus
675 4694 800 4764 artis
838 4687 1082 4764 melimen
1119 4687 1352 4764 egregius
1397 4689 1790 4764 poetametrica
1821 4690 2072 4764 facundia

467 4759 630 4834 fretus
657 4761 955 4834 catalectico
982 4775 1126 4813 versu
1155 4759 1670 4834 creditur‘cecinisse,
1699 4761 2067 4834 eum_diceret:

467 4829 626 4907 Cerea
673 4833 938 4907 gemmatis
974 4833 1266 4907 ﬂavescunt
1311 4830 1770 4907 mellaucanistris.
1819 4829 1886 4907 Et
1933 4832 2070 4901 infra

463 4899 1044 4978 brachyéatalecto,_sive
1059 4899 1293 4978 colapho,
1307 4931 1378 4941 -—
1389 4901 1482 4978 Gol
1487 4901 1758 4978 iacentque
1777 4899 2070 4978 suis_aurea

465 4997 586 5034 vasa
625 4972 792 5050 'favis.
809 4977 880 5031 At
928 4972 1180 5030 Sedulius
1204 4988 1312 5050 non
1334 4972 2064 5050 canit_hocltico_arti_fi_cium

465 5044 650 5122 apum,
702 5048 797 5122 sed
849 5060 1069 5122 mensas
1112 5047 1380 5122 secundas
1427 5044 1675 5122 {itaque
1721 5045 2063 5122 vix_dubito,

465 5116 594 5193 quin
621 5116 854 5194 genuina
890 5117 1051 5194 lectio
1081 5117 1153 5171 sit
1180 5118 1323 5194 mala
1348 5116 1768 5194 canistris,_‘cum
1797 5118 1868 5172 ob
1896 5120 2065 5174 ratio-

469 5187 592 5251 nem
623 5187 1032 5256 'Nebrissensis,
1077 5196 1191 5242 tum
1233 5187 1358 5258 quia
1401 5190 1472 5242 ita
1515 5189 1716 5245 melius
1745 5205 1947 5246 mensa:
1976 5205 2065 5246 se-

467 5266 658 5322 cunda:
699 5261 1257 5335 exprimuntur,_tum
1298 5259 1535 5335 denique
1576 5265 1702 5335 quia
1735 5263 1788 5317 id
1832 5262 2066 5319 suadent

467 5337 697 5393 aliorum
745 5332 1070 5404 scriptorum
1115 5332 1234 5387 loca
1261 5376 1295 5404 ,Α
1326 5332 1752 5404 qumASedulius
1799 5335 2058 5391 imitatur.

467 5408 696 5467 Ovidius
724 5409 762 5464 ι.
793 5402 884 5462 vni
913 5404 1064 5474 Met.,
1093 5418 1240 5460 vers.
1269 5402 1377 5460 672
1406 5420 1421 5459 :
1455 5402 1694 5476 Dantque
1721 5405 1892 5462 locum
1921 5423 2062 5462 men-

2177 4473 2328 4551 enitn
2356 4473 2839 4551 verbunrappono,
2871 4473 2953 4551 u_t_i
2977 4474 3209 4551 simplex
3243 4493 3399 4551 pono,
3429 4479 3690 4551 frequens
3720 4485 3773 4539 in

2177 4545 2438 4624 conviviis
2482 4545 2842 4616 explicandis.
2868 4545 3030 4624 _V_ide
3075 4545 3252 4624 verba;
3280 4545 3566 4607 Ciceronis
3612 4555 3775 4624 paulo

2177 4627 2306 4673 ante
2345 4617 2539 4681 relata,
2584 4627 2639 4674 et
2669 4626 2784 4672 not.
2818 4617 2884 4673 ad
2914 4617 3209 4674 Juvencum
3238 4619 3276 4674 l.
3308 4637 3387 4685 tu,
3416 4638 3566 4678 vers.
3592 4617 3682 4681 80.
3717 4627 3770 4681 In

2179 4687 2312 4761 Urb.
2341 4688 2594 4744 mendum
2621 4690 2825 4745 clarum
2858 4699 3040 4746 testam
3073 4705 3173 4761 pro
3199 4701 3350 4749 testa.
3378 4694 3619 4751 Isidorus
3644 4698 3775 4754 citat

2179 4760 2322 4817 hunc
2370 4776 2608 4826 versum,
2658 4772 2717 4816 ut
2739 4761 2847 4816 dixi
2897 4763 2948 4816 in
2995 4760 3212 4833 PrOleg.
3258 4780 3408 4820 num.
3457 4767 3594 4833 I67;
3641 4770 3773 4824 citat

2177 4833 2340 4912 etiam
2384 4833 2526 4912 Beda
2555 4833 2623 4888 de
2652 4836 2783 4912 A_rte
2813 4843 2998 4912 metm,
3028 4833 3125 4888 sed
3157 4836 3420 4893 mendose
3452 4838 3648 4895 Βίωνα)
3675 4856 3770 4912 pro

2178 4903 2378 4969 Rubra,
2404 4905 2456 4959 in
2481 4905 2774 4974 exemplari
2802 4906 3041 4974 quidem,
3066 4921 3174 4974 quo
3201 4917 3348 4964 utor.

2244 4987 2269 5014 α
2303 4976 2550 5056 Reposui
2591 4977 2774 5044 nutrit,
2802 4988 2861 5033 ut
2902 4977 3280 5048 subministrat,
3325 4991 3600 5040 sustentat.
3631 4983 3764 5056 Alii,

2174 5049 2404 5103 nutrivit.

2243 5120 2270 5159 δ
2305 5120 2387 5176 Ad
2419 5121 2562 5176 hunc
2593 5120 2771 5176 locum
2798 5122 2869 5176 ita
2896 5123 3116 5179 Juretus
3142 5133 3370 5181 annotat
3397 5144 3412 5181 :
3447 5128 3542 5184 Sic
3569 5145 3635 5185 ea:
3659 5146 3768 5186 ves-

2173 5193 2311 5260 tigiis
2339 5193 2834 5272 detritmscripturte
2859 5197 3040 5272 veteris
3068 5197 3380 5272 exemplaris
3407 5203 3657 5272 expressi.
3693 5201 3766 5258 Ex

2171 5281 2278 5334 quo
2319 5265 2506 5335 colligi
2548 5265 2911 5344 licet,_neque
2951 5265 3324 5344 i_lla_quide'm,
3365 5265 3486 5344 qusi
3509 5272 3579 5330 de
3605 5274 3765 5332 melle

2172 5344 2594 5408 praecesserunt,
2626 5339 2760 5396 satis
2787 5341 2936 5395 clare
2962 5339 3066 5411 legi
3097 5339 3358 5412 potuisse.
