4060 6320
330 303 419 363 Si!

455 417 638 475 Pande
660 417 960 475 salutarem
990 432 1192 490 paucos
1221 431 1341 489 quae
1369 415 1524 473 ducit
1547 416 1603 472 in
1637 413 1827 472 urbem
1938 418 1993 480 Α

360 514 421 572 80
449 513 696 585 Angusto
723 512 853 568 mihi
884 511 1022 568 calle
1048 512 1212 579 viam,
1243 511 1505 581 verbique
1530 513 1810 568 lucernam

460 606 532 661 Da
566 604 797 675 pedibus
828 604 1009 661 lucere
1036 606 1194 671 meis,
1237 615 1297 661 ut
1325 606 1518 661 semita
1563 605 1693 661 vita:

460 697 541 755 Ad
562 699 753 753 caulas
775 714 862 753 me
882 699 1031 754 ruris
1060 707 1205 770 agat,
1239 714 1341 770 qua
1375 707 1555 755 servat
1582 714 1855 757 ammnum

456 792 651 849 Pastor
679 792 825 848 ovile
862 792 1059 860 bonus,
1091 808 1194 865 qua
1225 794 1433 851 vellere
1459 797 1693 866 praevius
1722 797 1844 853 albo

453 884 698 957 Virginis
735 900 908 959 agnus
947 887 1063 943 ovis
1086 928 1102 953 ,
1145 901 1389 959 grexque
1428 892 1604 957 omnis
1647 889 1914 948 candidus

1623 980 1835 1055 [intrat,

352 1072 416 1130 85
458 1069 618 1145 165
643 1070 724 1128 Te
752 1071 927 1142 duce,
958 1070 1200 1130 difficilis
1242 1087 1351 1129 non
1382 1083 1469 1130 est
1509 1076 1616 1143 via,
1662 1076 1915 1134 subditur

1637 1168 1840 1244 [omnis

446 1257 699 1329 Imperiis
729 1267 925 1316 natura
956 1260 1095 1316 tuis:
1128 1262 1346 1333 rituque
1378 1263 1559 1322 soluto

450 1351 674 1408 Transit
699 1353 759 1409 in
788 1353 1049 1411 adversas
1074 1355 1230 1426 jussu
1272 1356 1589 1415 dominante
1617 1360 1837 1432 figuras.

445 1444 502 1502 Si
538 1445 745 1518 jubeas
775 1448 971 1507 mediis
1000 1457 1215 1522 segetes
1253 1465 1413 1509 arere
1439 1454 1677 1524 pruinis,

1490 295 1776 354 CARMEN
1817 295 2196 356 PASCHALE.
2237 294 2368 351 LIB.
2411 296 2451 351 l.

3511 295 3622 351 562

2159 411 2451 468 Messorem
2489 412 2751 483 producet
2786 413 3002 470 hiems:
3034 416 3078 470 si
3117 428 3349 472 currere
3379 422 3620 470 mustum

2050 504 2122 561 99
2161 503 2381 561 Vernali
2414 505 2514 561 sub
2545 506 2663 561 sole
2694 505 2846 573 velis,
2882 507 3209 563 ﬂorentibus
3239 507 3388 563 arvis

2162 598 2426 654 Sordidus
2455 599 2750 669 impressas
2780 599 3012 656 calcabit
3038 601 3244 657 vinitor
3270 615 3431 668 uvas,

2160 692 2475 765 Cunctaque
2504 693 2699 749 divinis
2726 696 2996 765 parebunt
3022 705 3265 765 tempora
3292 694 3475 750 dictis.

2162 786 2367 844 Indicio
2398 796 2485 843 est
2508 786 2727 857 antiqua
2759 787 2913 858 ﬁdes,
2960 799 3015 845 et
3053 804 3190 845 cana
3217 791 3462 860 priorum

2162 882 2347 939 Testis
2395 881 2552 953 origo
2592 890 2808 950 patrum
2834 923 2849 949 ,
2901 881 3173 955 nullisque
3214 882 3480 941 abolenda
3521 896 3623 957 per

3349 977 3548 1052 [aevum

2055 1078 2126 1136 95
2163 1066 2529 1146 Temporibus
2568 1080 2825 1130 constant
2852 1072 3114 1128 virtutum
3146 1073 3296 1142 signa
3329 1081 3568 1129 tuarum.

2160 1170 2240 1226 Ex
2272 1169 2469 1234 quibus
2499 1166 2691 1222 audaci
2725 1167 3103 1237 perstringere
3133 1180 3305 1235 pauca
3330 1166 3506 1221 relatu

2167 1262 2324 1336 165
2366 1260 2467 1316 Vix
2488 1257 2687 1315 animis
2709 1258 3007 1314 committo.
3023 1255 3185 1324 meis,
3208 1244 3526 1328 silvamque
3538 1269 3627 1328 ραι

3312 1349 3537 1424 [tentem

2162 1450 2501 1525 Ingrediens,
2534 1447 2749 1519 aliquos
2777 1446 2924 1504 nitor
2948 1446 3268 1518 contingere
3296 1459 3501 1500 ramos.

1672 1593 1853 1653 OPUS
1889 1592 2278 1654 PASCHALE.

311 1682 543 1756 mysticae
568 1683 1040 1742 demonstratione
1064 1685 1307 1754 virtutis,
1328 1687 1474 1759 quod
1502 1689 1686 1745 carnis
1706 1689 1906 1747 delicta

309 1792 655 1845 necaverant,
671 1780 780 1835 tida
806 1780 934 1850 ligni
966 1782 1304 1851 protectioue
1329 1784 1607 1850 vallatum,
1625 1800 1723 1856 per
1742 1802 1907 1841 unum

309 1873 465 1927 tozius
501 1873 693 1928 mundi
727 1874 991 1943 baptisma
1024 1875 1292 1946 panderes
1327 1876 1656 1934 abluendnm
1711 1897 1724 1933 :
1760 1880 1909 1936 illam

308 1965 430 2021 mihi
461 1965 711 2035 placidus
741 1967 883 2021 viam
910 2008 926 2033 ,
975 1968 1121 2023 illam
1153 1970 1383 2039 supplici
1424 1986 1567 2026 nunc
1595 1972 1909 2029 demonstra

306 2064 572 2129 semitam,
605 2078 734 2133 qua:
780 2062 847 2117 ad
890 2063 1141 2118 salutaris
1171 2066 1325 2120 urbis
1368 2069 1569 2122 moenia
1611 2082 1907 2138 paucorum

303 2155 474 2227 dirigit
501 2168 744 2228 augusto
772 2158 911 2214 calle
936 2159 1186 2228 vestigia,
1213 2159 1552 2216 Hierusalem
1594 2163 1806 2217 scilicet
1831 2163 1911 2218 ci-

300 2251 515 2308 vitatem
564 2252 930 2320 Dominicam,
978 2251 1179 2309 Christi
1211 2255 1463 2323 passione
1493 2265 1737 2310 ucstrum
1779 2255 1911 2311 Pas-

299 2344 392 2401 ch-i
419 2356 749 2418 gestantem.
783 2356 843 2402 ut
867 2362 963 2417 per
993 2348 1131 2403 hanc
1171 2349 1470 2420 corporalis
1498 2350 1685 2421 gratia:
1717 2349 1907 2422 hospi-

300 2442 555 2497 talitatem
582 2440 908 2513 fulgentem,
938 2441 1004 2497 ad
1029 2443 1179 2497 illam
1204 2443 1465 2512 spiritalis
1484 2443 1675 2514 gloriae
1698 2458 1911 2499 nterea-

298 2550 415 2590 mur
443 2533 676 2603 patriatn
708 2535 1024 2604 pervenire,
1047 2543 1104 2590 et
1142 2539 1214 2591 sit
1242 2535 1453 2591 lucerna
1484 2544 1509 2573 ι
1543 2536 1760 2605 pedibus
1780 2537 1907 2591 meis

298 2628 502 2683 verbum
532 2638 683 2684 tuum
709 2670 725 2694 ,
769 2629 997 2684 Domine
1023 2671 1038 2694 ,
1072 2644 1181 2701 quo
1209 2631 1340 2685 recti
1390 2630 1568 2701 fulgor
1598 2631 1813 2686 itineris
1836 2633 1905 2688 ad

298 2721 387 2778 illa
416 2740 501 2780 me
546 2723 709 2780 llorei
747 2726 1011 2796 graminis
1058 2726 1174 2781 loca
1204 2725 1490 2797 perducat,
1537 2743 1644 2797 qua
1676 2728 1903 2784 nitidum

298 2816 473 2874 bonus
520 2829 708 2888 pastor
766 2820 913 2876 ovile
959 2829 1294 2885 conservat,
1343 2836 1449 2892 qua
1502 2821 1730 2893 virginis
1785 2824 1904 2879 ovis

296 2924 489 2982 agnum
516 2912 674 2967 nivea
699 2911 952 2968 claritate
972 2912 1318 2983 purissimum
1348 2928 1477 2983 grex
1503 2913 1683 2970 omnis
1722 2915 1904 2985 sequi-

299 3016 382 3062 tur
408 3006 755 3063 candidatus.
788 3006 908 3063 Non
940 3018 1030 3064 est
1072 3008 1162 3062 via
1207 3007 1469 3074 difficilis,
1515 3010 1560 3064 si
1611 3019 1664 3065 te
1708 3010 1903 3065 ducem

296 3103 539 3171 prmbere
569 3101 907 3172 dignaberis.
952 3101 1143 3158 Omnia
1179 3110 1280 3157 tota
1312 3102 1596 3170 subiacent
1619 3104 1900 3174 potestati.

296 3193 480 3251 Omnis
509 3197 621 3251 tuis
652 3197 898 3265 imperiis
927 3207 1119 3252 natura
1147 3197 1476 3262 succumbit,
1523 3206 1577 3252 et
1619 3198 1671 3251 in
1710 3197 1904 3253 adver-

296 3304 381 3345 sas
415 3292 634 3359 Species
674 3305 739 3346 ac
788 3291 987 3361 figuras
1025 3292 1177 3360 jussu
1219 3291 1534 3347 dominante
1576 3292 1895 3362 pertransit.
1938 3303 1947 3314 ‘

294 3382 348 3439 Si
374 3383 510 3438 velis
537 3383 861 3451 glacialibus
895 3393 1108 3455 segetes
1137 3400 1346 3442 annuas
1388 3387 1590 3444 [lavere
1637 3389 1896 3457 tempori-

295 3473 413 3543 bus,
446 3476 720 3545 producit,
768 3477 993 3532 falcibus
1021 3476 1214 3548 agilem
1264 3477 1438 3534 hiems
1487 3478 1639 3550 pigra
1685 3495 1898 3536 messo-

294 3583 427 3626 rem.
457 3570 514 3627 Si
546 3569 788 3626 vernalis
826 3570 997 3643 plagte
1039 3578 1285 3643 tempore
1311 3587 1434 3628 cum
1467 3571 1640 3643 prima
1693 3573 1891 3630 ﬂorum

1923 3435 1968 3499 C

2012 1690 2153 1762 palla
2192 1686 2370 1773 Ftellus
2415 1682 2677 1753 adoperta
2730 1679 3066 1752 resplendet,
3121 1678 3365 1749 gravidis
3409 1678 3625 1735 vineam

2014 1787 2288 1862 pampinis
2310 1784 2506 1855 jnheas
2527 1779 2797 1854 parturire
2820 1786 3033 1834 mnsteo
3058 1776 3303 1841 vinitori,
3328 1777 3439 1846 jam
3467 1774 3495 1815 b
3527 1789 3628 1833 nec

2014 1883 2311 1956 repudians
2339 1879 2544 1935 viscera
2579 1875 2757 1932 felicis
2800 1889 2925 1928 uvae
2976 1880 3228 1928 nectarea
3256 1913 3272 1935 ,
3306 1870 3627 1926 temulenta:

2016 1978 2189 2049 calcis
2214 1984 2364 2046 grata
2392 1970 2737 2043 propulsahit
2764 1966 2985 2035 iniuria.
3013 1964 3459 2049 Cunctorumque
3486 1972 3626 2020 tem-

2016 2088 2212 2146 porum
2243 2071 2391 2127 vices
2421 2067 2650 2124 mutatis
2682 2064 2945 2119 fructihns
2976 2076 3084 2116 nou
3116 2070 3349 2116 renuent
3376 2058 3628 2116 Creatori

2014 2170 2242 2227 servire.
2276 2163 2603 2221 Mirabilium
2634 2158 2901 2229 siquidem
2932 2155 3241 2213 divinorum
3272 2169 3407 2209 cana
3441 2152 3631 2223 pandit

2014 2263 2153 2318 fides
2175 2259 2464 2323 indicium,
2499 2264 2555 2311 et
2596 2254 2815 2323 antiqua
2848 2260 3060 2320 patrum
3094 2250 3249 2304 testis
3286 2249 3443 2319 origo
3489 2246 3629 2317 pris-

2013 2371 2226 2413 corum.
2258 2354 2368 2410 Nec
2396 2349 2664 2408 abolenda
2692 2348 2909 2404 sacculis
2947 2362 3065 2402 aevo
3090 2354 3415 2403 senescente
3446 2356 3627 2400 trans-

2012 2450 2150 2507 actis
2198 2444 2529 2503 immortalia
2560 2441 2874 2501 caelestium
2915 2441 3174 2496 virtutum
3223 2441 3376 2510 signa
3425 2438 3624 2511 ρει-(ιιι-

2009 2552 2154 2599 rant.
2186 2541 2266 2597 Ex
2296 2539 2496 2610 quibus
2526 2544 2673 2592 metu
2706 2534 3030 2606 trepidantis
3067 2533 3269 2604 ingenii
3299 2547 3466 2602 pauca
3515 2532 3627 2587 sal-

2011 2645 2122 2692 tem
2153 2632 2340 2688 audaci
2366 2630 2634 2686 relatione
2667 2626 3032 2698 perstringere
3063 2628 3156 2680 vix
3196 2625 3397 2679 nostris
3423 2625 3620 2680 animis

2011 2737 2068 2785 et
2115 2725 2266 2783 cordi
2311 2722 2674 2796 permittimus
2728 2718 3010 2784 imbecilli,
3066 2727 3125 2773 ut
3172 2718 3367 2774 silvam
3406 2733 3620 2789 magum

2009 2821 2300 2878 densitatis
2331 2816 2669 2888 ingrediens,
2703 2815 2918 2885 aliquos
2947 2812 3124 2869 enitar
3144 2821 3388 2868 extrema
3416 2812 3620 2884 digito-

2009 2931 2130 2973 rum
2161 2912 2472 2970 summitate
2499 2927 2682 2967 ramos
2734 2910 3024 2980 attingere.
3070 2907 3202 2963 Nam
3238 2908 3340 2963 etsi
3381 2907 3621 2963 humano

2005 3011 2222 3082 corpori
2250 3019 2469 3066 centum
2509 3008 2672 3064 simul
2702 3023 2801 3062 ora
2845 3005 3217 3077 suppeditent,
3260 3006 3617 3077 centenisque

2007 3103 2313 3175 linguarum
2349 3102 2591 3158 motibus
2627 3117 2727 3156 vox
2774 3099 2954 3156 ferrea
2990 3101 3229 3169 clamare
3256 3115 3365 3156 nou
3412 3109 3614 3166 cesset,

2005 3199 2130 3268 quis
2156 3205 2352 3253 cuncta
2386 3196 2567 3250 valeat
2605 3193 2868 3264 expedire
2894 3237 2909 3261 ,
2957 3206 3187 3260 quorum
3232 3194 3474 3248 numeris
3515 3207 3616 3249 nec

2005 3298 2154 3346 astra
2185 3291 2309 3347 caeli
2338 3289 2685 3355 densissima,
2724 3302 2823 3343 nec
2858 3286 3040 3342 bibula
3073 3287 3237 3341 maris
3281 3301 3444 3342 arena
3475 3301 3611 3342 con-

2005 3385 2236 3441 veniat?
2261 3384 2337 3439 Ex
2366 3399 2475 3455 quo
2507 3383 2561 3438 in
2586 3383 2789 3438 claram
2813 3397 2994 3438 rerum
3018 3380 3211 3438 faciem
3242 3381 3466 3438 confusa
3499 3398 3616 3437 ma-

2004 3482 2194 3547 teries,
2227 3494 2350 3552 qua:
2391 3479 2562 3535 chaos
2598 3477 2744 3534 dicta
2770 3486 2877 3546 est,
2911 3476 3090 3534 Verbo
3136 3477 3463 3546 fabricante,
3494 3491 3618 3532 sur-

2001 3576 2164 3631 rexit.

1806 3710 2131 3770 SCHOLIA.

359 3807 447 3865 80.
478 3806 735 3864 Nonnulli
762 3806 966 3876 vulgati
996 3806 1232 3879 Augusto
1260 3823 1280 3861 :
1310 3805 1541 3861 emenda
1570 3805 1805 3875 Angusto
1830 3821 1895 3864 ex

292 3882 469 3937 verbis
496 3882 631 3949 ip~is
664 3880 985 3935 Salvatnris.
1416 3902 1429 3911 ο

360 3952 449 4008 82.
482 3953 610 4008 Ald.
645 3969 748 4022 quo
776 3958 941 4006 seruat
972 3967 988 4004 :
1023 3949 1112 4004 alii
1140 3967 1263 4019 qua.

358 4026 446 4080 85.
489 4020 676 4081 Ottob’.
705 4029 756 4090 t,
786 4040 886 4095 quo
915 4022 1102 4078 vellere
1126 4038 1145 4077 :
1175 4023 1253 4078 sic
1280 4021 1414 4092 Reg.
1449 4022 1473 4076 1
1501 4035 1531 4075 a
1561 4036 1642 4091 pr.
1673 4036 1772 4086 m.,
1798 4020 1894 4076 sed

289 4108 493 4168 correct
506 4113 596 4150 nm
627 4114 752 4168 qua.

356 4167 448 4223 8i.
477 4164 827 4224 Burtn’annus
852 4165 1177 4237 conjiciebat
1211 4181 1375 4236 agnus
1406 4173 1542 4219 ovat.
1577 4164 1711 4235 Reg.
1748 4164 1799 4227 1,
1833 4174 1890 4220 et

288 4240 399 4296 Ott.
424 4248 441 4293 l
467 4257 494 4294 a
531 4256 612 4307 pr.
650 4257 750 4303 m.,
776 4254 924 4303 ores,
955 4247 1262 4293 correcuim
1298 4251 1393 4300 per
1422 4238 1529 4290 ovis
1559 4253 1680 4291 cum
1706 4237 1887 4307 glossa

286 4310 338 4367 in
375 4313 513 4382 Reg.
534 4306 569 4367 il
595 4357 610 4379 ,
648 4310 853 4366 Moriar.
902 4313 1104 4365 Eadem
1134 4320 1213 4363 est
1242 4308 1424 4379 glo.~sa
1457 4313 1507 4362 in
1534 4306 1669 4382 Reg.
1696 4310 1753 4382 2,
1796 4325 1888 4382 eas

285 4380 515 4455 demque
548 4384 815 4451 scriptura
843 4383 950 4455 ovis
982 4384 1032 4455 in
1060 4388 1275 4435 caeteris
1302 4395 1457 4443 mss.,
1500 4390 1554 4455 et
1579 4380 1762 4455 editis,
1811 4381 1883 4434 uti

286 4452 445 4511 etiam
498 4458 551 4509 in
601 4456 787 4509 Prnsa.
847 4453 955 4508 Sed
984 4454 1214 4507 fortasse
1258 4467 1387 4506 vera
1416 4460 1501 4505 est
1534 4452 1700 4506 lectio
1745 4467 1886 4515 oves,

285 4544 509 4600 grqu'ue
532 4569 547 4590 ,
582 4527 684 4581 hac
715 4525 1093 4600 distinctione:
1124 4522 1351 4593 Virginis
1380 4538 1717 4600 agntts_ove_s,_
1738 4538 1889 4600 grex:

284 4593 379 4670 aue
401 4593 572 4655 omm’s
602 4597 855 4653 candidus
878 4599 1076 4670 intrat:
1132 4611 1256 4649 nam
1283 4593 1425 4670 oves
1453 4594 1504 4647 in
1548 4593 1759 4670 judicio
1792 4594 1887 4670 Dei

285 4663 591 4728 statneutur
643 4687 682 4745 ag
735 4680 889 4745 parte
930 4669 1158 4745 dextra,
1194 4678 1250 4719 ιιι
1283 4664 1421 4745 haedi
1464 4681 1489 4715 a
1520 4666 1762 4745 sinistra.
1826 4663 1885 4718 In

287 4759 415 4817 mss.
444 4739 875 4817 exemplaribus
915 4755 1063 4817 saepe
1100 4740 1117 4792 i
1158 4739 1527 4817 occurrit_pro
1568 4751 1595 4787 e
1624 4739 1885 4817 positum.

284 4813 402 4869 Huc
430 4815 558 4871 facit
581 4807 912 4869 Fortunatus
936 4813 972 4865 l.
1000 4807 1059 4876 t1,
1091 4825 1260 4865 carm.
1296 4810 1329 4863 4
1352 4828 1365 4862 :
1392 4807 1460 4862 In
1487 4821 1637 4860 cruce
1667 4807 1892 4860 restituit

298 4884 518 4960 Virginis
556 4903 723 4959 agnus
757 4900 890 4960 oves.
944 4885 1112 4938 Immo
1140 4882 1354 4960 etiamsi
1381 4880 1600 4960 legatur
1626 4879 1767 4960 ovis,
1798 4893 1893 4960 ca-

282 4948 406 5028 tioni
437 4948 844 5028 interpunctio,
874 4970 939 5011 ac
968 4954 1241 5011 sententia
1274 4951 1536 5007 sustineri
1567 4955 1767 5019 potest.
1825 4948 1885 5004 lu

281 5026 633 5086 Bonntleest
669 5045 767 5097 que
799 5037 921 5096 post
955 5043 1100 5098 grex.

350 5103 440 5175 87.
477 5104 647 5167 Meus,
684 5096 991 5155 nominant}:
1014 5116 1033 5154 :
1065 5100 1183 5167 lege
1226 5096 1547 5150 dominante.
1755 5163 1766 5175 .

352 5174 441 5231 88.
472 5174 635 5229 Arere
693 5188 792 5242 pro
847 5184 1258 5242 maturescere,
1317 5179 1375 5222 ut
1425 5175 1630 5220 arentes
1685 5172 1879 5218 aristw.

284 5244 498 5301 I’ruiuis
547 5261 646 5316 pro
661 5241 877 5316 hieme,
912 5254 965 5296 ut
994 5242 1086 5316 alii
1129 5241 1289 5316 vulgo
1317 5247 1514 5316 poetae.

351 5319 439 5374 89.
476 5308 634 5379 Urb"
660 5308 1106 5384 Rom.,producit
1126 5308 1262 5384 :alii
1284 5308 1529 5384 producet
1551 5324 1673 5363 cum
1703 5308 1883 5377 glossa

288 5388 335 5444 in
364 5389 497 5461 Reg.
531 5388 696 5443 dabit.
741 5386 837 5461 Sic
866 5382 1051 5461 postea
1078 5382 1328 5461 enicabit.
1362 5382 1632 5461 parebunt.

349 5462 406 5517 9|
427 5452 699 5516 .VUVidllls
726 5474 762 5512 tt
791 5452 918 5512 Met.
944 5457 1047 5511 29:
1074 5455 1259 5511 Stabat
1282 5463 1329 5509 et
1352 5455 1644 5508 Autumnus
1671 5452 1884 5506 calcatis

282 5535 524 5588 sordidus
550 5533 684 5585 uvis.

349 5606 438 5662 95.
471 5603 586 5661 Ott.
627 5603 684 5667 2,
731 5599 948 5655 Iudicio
986 5609 1096 5654 est:
1128 5596 1290 5654 facile
1332 5597 1449 5655 haec
1478 5597 1621 5653 inter
1648 5610 1709 5653 se
1731 5610 1879 5652 com-

348 5754 375 5784 ι
408 5747 486 5801 Ex
517 5743 728 5813 psalmo
755 5755 940 5813 cxvut,
973 5753 1116 5795 vers.
1150 5737 1274 5813 tos.

347 5816 376 5857 δ
403 5810 798 5875 Animadvertit
826 5811 1042 5868 Juretus
1066 5853 1082 5879 ,
1136 5810 1278 5865 male
1321 5825 1445 5867 esse
1482 5811 1534 5865 in
1576 5825 1628 5864 v.
1661 5823 1712 5865 c.
1753 5825 1875 5863 nam

281 5905 369 5946 nec
406 5888 710 5960 repudians.
752 5886 897 5941 Sane
936 5893 1046 5939 tcta
1078 5883 1193 5937 haec
1225 5883 1483 5953 periodus
1510 5881 1739 5937 obscura
1769 5891 1871 5937 est.

1918 4925 1972 4989 D

1983 5735 2152 5809 Paulo
2172 5744 2308 5809 ante
2348 5737 2400 5792 in
2429 5737 2662 5808 vulgatis
2696 5744 2782 5793 est
2809 5734 2981 5809 plaga:
3006 5735 3278 5809 temporis,
3314 5744 3371 5791 et

1981 5808 2121 5863 infra
2150 5807 2275 5876 ﬁdei
2292 5806 2578 5878 judicium,
2606 5818 2663 5864 et
2688 5806 2818 5864 mox
2859 5812 3015 5862 corde
3040 5806 3401 5878 permittimus.

2008 3820 2314 3869 mutantur.
2369 3812 2485 3867 Hoc
2523 3811 2647 3867 loco
2689 3810 2898 3868 Indicio
2936 3812 3055 3868 siue
3084 3816 3454 3872 controversia
3484 3818 3619 3873 reti-

2005 3882 2245 3957 nendum
2272 3890 2378 3957 est.
2423 3883 2685 3957 Virgilius
2723 3899 2741 3937 ι
2772 3884 2901 3940 Ain.
2934 3885 3040 3940 296
3077 3885 3214 3940 dixit
3258 3888 3404 3941 Cana
3430 3889 3564 3957 ﬁdes
3588 3905 3609 3946 :

2002 3952 2099 4028 sic‘
2114 3970 2246 4028 cana
2263 3955 2415 4026 jura,
2446 3967 2501 4008 et
2523 3952 2858 4028 similiapro
2900 3957 3118 4028 priscis,
3153 3957 3410 4028 antiquis.

2074 4024 2164 4078 95.
2195 4024 2299 4078 Pro
2321 4034 2557 4079 constant
2587 4024 2803 4081 scheda:
2832 4027 3038 4083 Poelm.
3070 4024 3294 4083 exstant.

2076 4095 2167 4151 96.
2207 4095 2550 4151 Burmanuus
2594 4112 2693 4163 pro
2743 4096 2917 4151 relatu
2958 4100 3198 4154 malebat
3247 4101 3460 4166 volatu,
3514 4103 3605 4159 vel

2001 4178 2193 4239 meatu,
2248 4168 2372 4237 quia
2429 4169 2778 4239 perstringere
2825 4171 3044 4237 prOprie
3091 4171 3284 4225 avibus
3322 4174 3600 4229 tribuitur.

1999 4238 2133 4307 Qua:
2162 4255 2292 4293 sane
2319 4238 2817 4307 conjiciendiratio
2845 4242 3030 4308 inepta
3059 4251 3162 4295 est.
3216 4243 3469 4298 Sedulius
3494 4243 3605 4301 for-

2000 4310 2411 4381 tasseimilatur
2427 4310 2862 4381 Claudianumde
2884 4311 3044 4381 Rapt.
3076 4312 3231 4368 Pros.
3256 4313 3600 4371 init.:.luno-

1995 4381 2079 4434 nis
2121 4380 2377 4435 thalamos
2403 4378 2595 4435 audaci
2636 4398 2868 4453 promere
2896 4378 3072 4452 cantu,
3104 4393 3212 4441 etc.
3255 4384 3362 4442 Res
3389 4386 3602 4444 divinas

1995 4454 2274 4521 explicare
2298 4454 2438 4508 velle
2468 4457 2630 4509 etiam
2657 4455 2858 4510 ethnici
2883 4458 3164 4512 audaciam
3189 4459 3601 4516 existimabant.

2068 4526 2159 4599 97.
2201 4524 2348 4579 Idem
2383 4526 2724 4599 Burinauuus
2754 4528 3063 4599 suspicatur
3092 4528 3310 4585 Vixalis
3332 4532 3596 4587 committo

1995 4597 2140 4658 meis,
2178 4600 2371 4652 eadem
2416 4598 2623 4652 scilicet
2658 4597 2874 4672 ratione
2900 4600 3120 4656 ductus.
3172 4600 3306 4672 Reg.
3344 4605 3392 4668 l,
3431 4603 3591 4670 Urb.,

1994 4676 2253 4741 patentem
2307 4684 2404 4741 pro
2432 4678 2709 4741 patentem.
2743 4668 2904 4726 Rom.
2925 4716 2941 4740 ,
2974 4689 3070 4741 pro
3107 4673 3162 4727 d.
3191 4691 3237 4728 s.
3257 4668 3279 4739 ξ
3303 4668 3595 4730 sonantem.

2068 4739 2156 4794 98.
2200 4739 2305 4818 Pro
2325 4739 2759 4818 aliquosPat‘rlt.
2791 4739 3037 4818 paucos;
3067 4745 3153 4818 vel
3185 4743 3311 4813 hoc,
3344 4748 3431 4802 vel
3474 4764 3597 4818 par-

1991 4826 2098 4877 cos,
2151 4812 2414 4881 scriptum
2458 4813 2674 4867 videtur
2721 4812 2942 4870 in'cod.
2988 4815 3055 4872 E.
3091 4816 3435 4873 Burmanuus
3463 4812 3599 4874 cou-

1991 4881 2155 4959 jertat
2183 4884 2413 4959 patulos.
2441 4885 2584 4951 quod
2620 4886 2905 4959 epitheton
2950 4889 3117 4942 ramis
3136 4904 3286 4959 saepe
3314 4890 3593 4946 tribuitur.

1994 4954 2145 5009 Meus
2178 4954 2314 5009 nitar
2343 4972 2552 5028 paucos.
2605 4958 2876 5028 Corippus
2913 4959 3114 5028 Paneg.
3145 4954 3336 5015 Anast.
3390 4962 3509 5015 iuit.
3541 4962 3597 5017 id

1995 5030 2272 5104 exnressit
2297 5044 2309 5077 :
2337 5025 2659 5104 [inmensam
2683 5025 2868 5104 siluam
2895 5025 3132 5096 laudum,
3161 5033 3237 5085 vir
3282 5034 3447 5104 juste,
3477 5040 3596 5086 tua-

1994 5114 2109 5172 ruin
2134 5127 2205 5172 -_—
2224 5098 2514 5172 Aspiciens,
2549 5105 2711 5172 celsos
2730 5103 2868 5156 nitor
2898 5104 3190 5172 contingere
3232 5098 3428 5169 ra'mos,
3478 5115 3589 5160 etc.

1994 5166 2327 5224 Adnmbrata
2379 5169 2494 5223 haec
2529 5187 2594 5225 ex
2640 5171 2933 5228 Theocrito
2974 5166 3284 5228 obsei-vavit
3332 5166 3590 5231 Barthius

1996 5241 2106 5294 [de
2128 5240 2301 5295 Laud.
2331 5241 2509 5296 Stilic.
2534 5284 2547 5304 ,
2581 5258 2729 5298 vers.
2762 5244 2855 5298 29.
2906 5242 3070 5299 Clare
3100 5242 3377 5298 Sedulium
3410 5247 3595 5301 imita-

1990 5320 2077 5365 tur
2124 5324 2316 5367 aucmr
2361 5323 2517 5368 vetus
2552 5312 2684 5368 Vitae
2729 5314 2789 5371 S.
2838 5313 3156 5375 Theobaldi,
3187 5331 3347 5380 quam
3390 5317 3500 5371 vidi
3531 5319 3586 5373 in

1989 5382 2179 5455 c_odice
2207 5385 2587 5455 antiquissimo
2618 5385 2737 5439 Vat.
2774 5386 2989 5455 Regina»
3013 5384 3175 5440 Suec.
3208 5384 3338 5451 571,
3364 5387 3419 5441 in
3453 5390 3584 5445 tlne:

1992 5452 2192 5529 Testem
2230 5452 2411 5529 invoco
2458 5455 2797 5511 habitatorem
2844 5452 2962 5529 ejus
3018 5455 3272 5528 Spiritum
3320 5469 3582 5527 sanctum,

1989 5526 2154 5579 multa
2184 5527 2387 5596 regnita
2413 5543 2492 5580 me
2523 5526 2933 5595 prreterntisisSe,
2963 5536 3014 5581 et
3038 5526 3102 5580 de
3119 5541 3307 5597 magna
3345 5529 3476 5583 silva
3495 5530 3584 5585 ria:

1987 5612 2182 5667 paucos
2210 5613 2382 5652 ramos
2410 5599 2788 5669 perstrinxisse.

3418 5738 3580 5812 paulo
