4060 6320
460 251 568 311 567

599 367 876 441 Squamea
905 365 1043 422 colla
1073 374 1292 421 tumens
1313 407 1328 431 ,
1363 362 1616 419 inimicos
1642 376 1740 420 ore
1763 362 2057 434 chelydros
2085 366 2140 429 Α

457 464 564 523 155
601 463 828 524 Scrbuit
853 501 869 527 ,
901 470 956 516 et
984 462 1187 532 proprii
1221 459 1365 517 redit
1395 460 1448 515 in
1478 459 1711 531 virgulta
1735 458 1957 530 rigoris.

669 554 867 611 Pervia
894 553 1053 609 divisi
1101 562 1396 623 patuerunt
1423 553 1618 609 caerula
1648 554 1801 625 ponti

600 652 659 707 ln
691 650 965 720 geminum
1001 648 1243 704 revoluta
1282 650 1455 714 latus,
1488 647 1799 718 nudataque
1827 647 1988 703 tellus

597 742 861 812 Cognatis
888 744 1156 813 spoliatur
1186 743 1343 814 aquis
1372 785 1387 808 ,
1434 758 1501 799 ac
1530 741 1687 797 turba
1717 742 1985 812 pedestris

608 837 769 911 17o
815 836 989 891 Intrat
1039 837 1094 892 in
1145 830 1389 894 absentis
1433 836 1611 908 pelagi
1641 850 1826 900 mare,
1853 849 2057 905 perque

1702 925 2058 1002 [profundum

455 1022 563 1080 140
602 1022 760 1081 Sicca
798 1023 1115 1094 peregrinas
1163 1029 1491 1090 stupuerunt
1520 1034 1792 1075 marmora
1824 1019 2056 1090 plantas.

600 1116 835 1173 Mutavit
861 1125 1052 1171 natura
1082 1113 1224 1171 viam
1250 1158 1266 1183 ,
1298 1114 1648 1180 mediumque
1688 1128 1784 1185 per
1803 1128 1988 1184 mquor

603 1208 925 1280 Ingrediens
957 1207 1215 1277 populus,
1245 1206 1377 1261 rude
1395 1207 1505 1277 jam
1527 1207 1791 1276 baptisma
1812 1206 2057 1278 gerebat:

603 1303 703 1359 Cui
724 1304 834 1358 dux
854 1301 1104 1359 Christus
1116 1310 1257 1366 erat;
1283 1302 1483 1356 clamat
1504 1315 1630 1357 nam
1653 1300 1838 1365 lectio,
1864 1298 2057 1354 Multas

1851 241 2069 301 C(ELII
2097 239 2375 301 SEDULII

3662 242 3765 299 568

2305 357 2426 417 Vox
2469 358 2683 415 Domini
2712 373 2904 431 super
2943 368 3125 419 exstat
3151 374 3348 434 aquas;
3382 374 3494 416 vos
3530 358 3767 432 denique

3363 453 3617 530 [verbum
3643 464 3728 510 est
3749 496 3766 523 ,

2167 551 2272 607 145
2294 549 2534 607 Verbum
2549 547 2800 605 Christus
2818 549 2994 616 adest,
3015 548 3249 622 geminae
3262 551 3352 620 qui
3370 564 3616 605 consona
3635 550 3769 622 legis

2308 644 2657 700 Testamenta
2683 659 2902 715 regens,
2932 654 3179 700 veterem
3209 643 3470 715 patefecit
3489 644 3767 716 abyssum,

2311 740 2466 813 171
2484 737 2551 795 Ut
2578 737 2830 794 doctrina
2845 752 3081 808 sequens
3096 737 3272 808 planis
3293 736 3584 792 incederet
3603 737 3771 794 arvis.

2375 833 2514 902 Quid
2530 832 2786 901 referam,
2801 832 3121 889 innumeras
3135 833 3348 890 ctelesti
3365 847 3507 902 pane
3524 842 3773 889 catervas

2306 927 2601 996 Angelicos
2622 926 2925 998 sumpsisse
2947 926 3121 996 cibos,
3156 926 3475 998 nimbisque
3495 926 3718 997 supt-rni

2164 1019 2271 1101 150
2311 1020 2582 1081 Nectaris,
2616 1021 2764 1077 aeria
2795 1020 3054 1092 populum
3079 1020 3376 1077 dulcedine
3407 1028 3649 1091 pastum,

2305 1115 2361 1171 1n
2394 1116 2589 1182 pluviis
2610 1114 2877 1170 habuisse
2899 1114 3093 1186 dapes,
3124 1125 3183 1170 et
3211 1115 3265 1169 in
3295 1114 3571 1170 imbribus
3587 1111 3775 1169 escas?

2374 1206 2588 1263 Rursus
2619 1207 2672 1262 in
2695 1208 2902 1262 exustis
2927 1206 3125 1264 sitiens
3152 1208 3437 1263 exercitus
3467 1207 3637 1272 arvis,

2306 1300 2421 1369 Qua
2448 1300 2677 1355 nimium
2707 1298 2824 1355 loca
2857 1300 3001 1355 sicca
3030 1299 3144 1367 diu,
3176 1315 3285 1372 qua
3314 1308 3465 1357 terra
3494 1299 3705 1372 negatis

1820 1391 2002 1449 Ol’US
2042 1391 2428 1450 PASCHALE.

453 1492 666 1549 brando
701 1491 911 1563 linguas
944 1505 1236 1557 exercens,
1277 1488 1526 1562 geminos
1571 1488 1808 1543 inimica:
1854 1487 2062 1543 fraudis

455 1600 662 1657 angues
708 1585 1008 1651 absorbuit,
1053 1596 1218 1653 atque
1250 1584 1528 1655 propriam
1574 1583 1794 1655 virgulti
1823 1583 2060 1654 speciem

451 1680 625 1749 rigidi
661 1695 850 1735 rursus
874 1679 1175 1734 mutatione
1214 1679 1477 1748 suscepit.

2167 1488 2288 1544 tat?
2317 1488 2554 1544 Verbum
2591 1496 2770 1546 antem
2823 1488 3102 1545 Christum
3159 1502 3285 1544 esse
3327 1486 3450 1560 quis
3502 1487 3779 1558 abneget?

2165 1582 2258 1654 qui
2285 1583 2510 1651 veteris,
2542 1598 2604 1638 ac
2635 1583 2761 1638 novi
2784 1582 3036 1639 conditor
3069 1580 3408 1636 Testamenti
3449 1579 3776 1636 immensam

2166 1676 2195 1717 ι’
2225 1680 2413 1749 primre
2442 1678 2577 1749 legis
2608 1678 2865 1752 abyssum
2890 1692 2989 1733 suo
3018 1675 3277 1746 patefecit
3301 1675 3563 1740 adventu,
3590 1684 3779 1743 quate-

528 1770 637 1826 Per
682 1771 857 1825 media
888 1771 1110 1825 marinis
1140 1769 1395 1824 ﬂuctibus
1426 1768 1696 1840 profunda
1726 1768 1946 1825 latentia
1974 1783 2063 1824 re-
2092 1812 2141 1874 Β
2169 1789 2270 1828 nus
2298 1772 2609 1828 recentiore
2638 1771 2915 1837 doctrina,
2947 1779 3220 1842 tamquam
3252 1770 3481 1824 remotis
3509 1767 3777 1823 undarum

451 1861 654 1918 volutis
678 1864 734 1917 in
758 1863 1033 1933 geminum
1063 1862 1206 1918 latus
1230 1863 1409 1929 undis,
1444 1872 1499 1918 et
1521 1879 1774 1932 aequorea
1805 1863 2062 1918 divinitus

453 1957 821 2021 aedificatione
867 1958 1191 2026 suspensis,
1245 1957 1514 2026 pedestris
1565 1958 1723 2013 turba
1776 1959 2063 2025 transivit,

453 2051 606 2106 stetit
635 2049 764 2104 undi
788 2065 873 2115 [ne
916 2060 1114 2119 pontus
1154 2059 1213 2105 ut
1242 2065 1430 2105 murus
1449 2094 1464 2119 ,
1515 2059 1570 2105 et
1598 2053 1812 2122 cognati
1841 2051 2066 2123 gurgitis

456 2144 688 2213 Spoliata
724 2143 994 2199 velamine
1028 2144 1193 2199 tellus
1223 2144 1523 2214 permansit
1549 2144 1714 2208 nuda,
1758 2144 1931 2200 donec
1973 2160 2068 2216 po-

455 2236 620 2304 pulus
644 2237 834 2307 pelago
860 2238 1115 2308 gradiens
1142 2239 1371 2295 absente
1409 2254 1506 2310 per
1546 2240 1789 2309 pelagus,
1824 2241 2066 2311 vestigiis

452 2330 725 2402 hospitam
787 2332 1089 2402 peregrinis
1139 2348 1360 2403 aquosae
1413 2336 1556 2389 viam
1604 2343 1858 2404 carperet
1904 2335 2062 2390 sicci-

456 2426 606 2480 tatis.
659 2425 885 2480 Mutavit
914 2436 1106 2481 natura
1144 2425 1395 2482 semitam
1417 2468 1432 2493 ,
1483 2426 1631 2497 jussa
1658 2426 1937 2497 paululum
1970 2443 2058 2483 re-

450 2516 641 2573 laxare
666 2519 1028 2573 constantiam
1055 2562 1070 2586 ,
1120 2528 1175 2574 et
1203 2518 1487 2574 innumera
1533 2519 1724 2575 lubrici
1759 2520 1889 2574 salis
1916 2535 2064 2575 cam-

457 2625 557 2682 pos
605 2611 895 2666 multitudo
938 2620 1302 2682 transgressa,
1332 2612 1468 2668 rude
1495 2612 1840 2683 baptismatis
1862 2623 2065 2684 myste-

454 2704 594 2760 rium
626 2704 922 2761 nesciendo
948 2705 1210 2775 gerebat,
1243 2720 1365 2776 qute
1397 2720 1492 2777 per
1518 2721 1781 2777 aquarum
1811 2706 1945 2761 freta
1974 2720 2064 2761 sa-

455 2798 657 2866 lubria,
705 2800 847 2855 duce
873 2798 1118 2866 Cbrism,
1162 2799 1512 2855 transiverat.
1562 2800 1641 2854 lta
1672 2799 1908 2871 denique
1942 2814 2066 2870 pro-

454 2892 621 2965 pheta
651 2893 881 2958 cecinit,
916 2894 1004 2948 illa
1034 2894 1351 2966 significans
1396 2911 1411 2947 :
1465 2890 1584 2947 Vos:
1612 2902 1637 2929 ι
1666 2892 1878 2947 Domini
1910 2909 2066 2967 super

454 3006 619 3062 aquas
657 2990 870 3045 multas.
916 2988 1115 3045 Vocem
1160 2988 1324 3060 igitur
1356 2988 1585 3045 verbum
1615 2986 1723 3043 dici
1752 2987 1875 3059 quis
1908 2988 2068 3043 dubi-

2170 1870 2405 1925 molibus
2437 1869 2664 1932 intimis,
2700 1883 2764 1924 ac
2793 1866 3095 1937 profundis,
3130 1880 3369 1935 sequens
3407 1873 3542 1921 tetas
3590 1862 3662 1918 nil
3689 1878 3779 1933 pe-

2168 1964 2288 2019 ricli
2319 1964 2621 2019 formidans
2648 1977 2747 2034 per
2772 1961 2965 2018 callem
2998 1961 3179 2034 plana:
3203 1959 3479 2016 libertatis
3500 1958 3780 2015 incederet

2164 2060 2278 2128 jam
2309 2072 2522 2114 secura.

2239 2150 2381 2217 Quid
2406 2147 2652 2219 ejusdem
2683 2146 2861 2217 plebis
2886 2154 3137 2202 catervas
3162 2146 3482 2200 innumeras
3510 2145 3566 2199 in
3596 2144 3781 2200 descr-

2169 2242 2241 2299 tis
2274 2252 2546 2299 terrarum
2590 2241 2805 2312 spatiis,
2829 2250 2883 2295 et
2907 2241 3076 2295 totius
3109 2240 3286 2297 victus
3313 2238 3606 2295 sterilitate
3632 2238 3779 2293 dam-

2173 2338 2334 2401 natis,
2366 2337 2519 2393 cibos
2544 2336 2846 2408 angelicos,
2875 2350 3180 2406 panemque
3204 2334 3451 2391 caelestis
3477 2335 3669 2404 gratim
3698 2348 3783 2388 rc-

2173 2432 2343 2488 feram
2375 2426 2741 2487 consecutas?
2766 2428 2866 2485 Ubi
2889 2437 3182 2484 nectareus
3209 2426 3465 2482 aetherem
3488 2425 3782 2496 majestatis

2174 2525 2393 2580 nimbus
2420 2524 2663 2579 irrorans
2695 2521 2897 2593 popqu
2928 2520 3097 2593 dapes
3121 2536 3188 2576 ex
3209 2521 3433 2594 pluviis,
3457 2531 3514 2576 et
3534 2519 3782 2591 copiosas

2175 2631 2243 2673 ex
2274 2615 2544 2670 imbribus
2572 2628 2727 2669 escas
2755 2612 2967 2670 etfudit.

2247 2708 2351 2765 Per
2402 2709 2707 2779 squalentia
2751 2721 2943 2762 rursus
2999 2705 3264 2761 violentis
3304 2719 3434 2759 arva
3478 2704 3782 2761 fervoribus

2173 2804 2367 2859 sitiens
2397 2803 2657 2859 asstuabztt
2691 2801 2990 2866 exercitus,
3020 2813 3125 2869 qua
3158 2797 3415 2854 familiari
3445 2812 3668 2869 semper
3696 2811 3783 2851 ar-

2174 2897 2307 2953 dore
2345 2896 2558 2968 negatis
2587 2896 2863 2961 fontibus,
2890 2895 3082 2965 jaceus
3126 2900 3271 2947 terra
3301 2891 3641 2961 languebat,
3682 2904 3784 2961 qna

2174 3007 2327 3062 spem
2361 2988 2580 3047 bibendi
2604 2990 2831 3061 pariter,
2861 3001 2925 3044 ac
2960 2985 3183 3042 vivendi
3231 2983 3496 3041 deﬁciens
3524 2997 3783 3056 aquarum

1970 3080 2293 3138 SCllOLlA.

1970 3082 2217 3138 SCllOLt
2278 3124 2293 3138 .

527 3181 652 3235 151.
680 3178 963 3250 Virgilius,
986 3174 1196 3240 ῐῐίΕιιη
1228 3175 1354 3250 581ε
1379 3173 1823 3250 Etcwrulacolla
1871 3183 2071 3229 tumen-
2098 3178 2144 3241 C
2177 3087 2421 3244 falsitatis
2442 3174 2823 3250 increpo,—Ut
2835 3192 2935 3229 non
2958 3174 3197 3250 adjiciat,
3215 3175 3317 3229 sive
3339 3173 3513 3228 demat
3533 3171 3780 3228 litteram.

462 3263 580 3308 tem.
620 3249 910 3318 Epitbeton
942 3265 1217 3319 squameus
1245 3249 1312 3302 de
1340 3257 1599 3319 serpente
1625 3249 1981 3319 obviumuest.

530 3316 742 3379 155ξ1ιι
790 3321 907 3375 Meo
939 3316 1086 3373 clare
1132 3320 1388 3373 tuendum
1419 3317 1591 3372 reddit
1615 3333 1712 3381 pro
1755 3316 1892 3370 redit
1926 3333 1941 3369 :
1973 3317 2067 3373 ibi.

457 3395 580 3451 dem
612 3394 830 3458 vigoris;
865 3392 1095 3446 fortasse
1123 3390 1319 3461 aliquis
1349 3392 1524 3445 voluit
1546 3390 1735 3443 viroris
1762 3430 1775 3452 ,
1805 3388 1899 3441 sed
1932 3390 2076 3460 τίθου

459 3468 534 3521 ris
560 3469 790 3532 probum
816 3475 921 3519 est.

534 3530 659 3592 156.
687 3536 821 3599 Reg.
858 3545 879 3589 1
904 3577 918 3594 ,
956 3533 1034 3589 De
1064 3535 1196 3587 mari
1225 3532 1427 3597 Rubro,
1457 3542 1505 3586 et
1540 3532 1741 3604 populo
1754 3530 1944 3604 lsraeli
1968 3532 2070 3587 ico.

459 3610 571 3665 Ott.
605 3624 641 3661 ι.
672 3607 742 3660 De
763 3607 897 3661 mari
932 3605 1107 3659 Rubro
1135 3648 1149 3666 ,
1197 3613 1245 3659 et
1297 3604 1468 3659 turba.
1496 3602 1682 3667 Rmin,
1722 3602 1819 3675 Ubi
1850 3606 2074 3675 populus

459 3678 629 3735 Israel
662 3682 808 3732 siccis
830 3679 1043 3750 pedibus
1074 3693 1166 3750 per
1195 3691 1336 3750 mare
1361 3677 1473 3750 icit.
1526 3676 1675 3730 Meus
1701 3717 1715 3736 ,
1744 3674 1923 3750 ⁸Μανε
1957 3674 2069 3750 Ru-

463 3754 613 3806 brum
654 3754 786 3804 cedit
829 3747 1025 3819 populo
1060 3747 1180 3802 Dei.
1211 3748 1267 3803 lu
1296 3748 1574 3803 Altbelmo
1604 3759 1654 3801 et
1687 3747 1808 3800 aliis
1832 3748 2075 3802 occurrit

461 3824 659 3879 eterqu
684 3824 872 3888 ponti:
916 3821 1116 3875 similia
1156 3828 1284 3875 sunt
1328 3836 1511 3875 aversa
1550 3830 1886 3887 castrorum,
1932 3829 2074 3873 recta

458 3896 713 3949 montium
741 3937 755 3958 ,
789 3894 926 3964 ﬂexa
956 3892 1164 3946 collium
1194 3934 1208 3957 ,
1235 3904 1473 3965 porrecta
1500 3907 1803 3962 camporum
1830 3931 1845 3957 ,
1889 3891 2072 3946 acerba

457 3969 708 4040 ﬂuctuum
736 4010 749 4027 ,
772 3981 998 4040 contigan
1027 3966 1240 4040 nauium
1260 4007 1275 4030 ,
1309 3977 1418 4040 etc.

537 4040 659 4096 133.
686 4041 869 4104 t2ant.,
905 4037 1122 4105 Parrh.,
1183 4038 1313 4108 Reg.
1365 4037 1401 4091 ‘2
1430 4078 1445 4103 ,
1477 4035 1510 4091 5
1541 4077 1558 4103 ,
1604 4046 1658 4090 at
1680 4037 1829 4089 turba
1860 4052 1879 4102 ;
1934 4037 2068 4103 alii,

461 4125 526 4165 ac
555 4110 704 4165 turba
732 4126 751 4177 ;
782 4111 912 4181 Reg.
949 4110 1001 4176 1,
1026 4120 1077 4164 et
1100 4108 1271 4164 turba.

537 4182 659 4239 13!).
728 4179 971 4237 Atlvurte
1024 4182 1376 4250 tautologiam
1413 4222 1428 4245 ,
1491 4180 1616 4236 aliis
1666 4179 1830 4234 etiam
1894 4179 2072 4248 poetis

459 4252 781 4326 familiarem
810 4295 825 4318 ,
853 4254 1070 4326 pelagus
1095 4297 1108 4311 .
1142 4270 1282 4306 mare
1313 4294 1336 4326 ,Α
1372 4251 1734 4326 profundum,
1785 4267 2068 4326 marmora.

534 4324 657 4381 140.
715 4320 1009 4391 Eleganter
1047 4338 1241 4393 stupor
1272 4320 1533 4379 tribuitur
1585 4324 1745 4378 mari.
1797 4320 2072 4378 Marmora

461 4413 562 4470 pro
595 4399 728 4470 mari
763 4415 774 4450 :
811 4398 933 4451 vide
967 4398 1228 4470 Dracont.
1260 4412 1315 4460 ι,
1346 4396 1473 4450 578.

536 4471 658 4523 111.
694 4468 1041 4522 Burtuannus
1072 4468 1297 4535 coniicit
1345 4478 1535 4529 natura
1573 4468 1725 4520 vices.
1750 4464 1952 4521 Omnes
1978 4466 2073 4519 ba-

460 4541 594 4597 bent
622 4542 757 4595 viam
784 4581 797 4602 ,
832 4540 926 4595 sed
959 4538 1014 4593 in
1044 4541 1154 4594 Ott.
1185 4540 1245 4609 1,
1281 4555 1377 4610 pro
1406 4542 1543 4593 viam
1564 4537 1707 4592 aliud
1737 4542 1889 4608 prius
1919 4537 2072 4592 vide-

463 4623 553 4667 tur
585 4614 772 4666 fuisse.

543 4683 661 4738 142.
715 4682 877 4743 tlel|.,
920 4680 1074 4746 Ald.,
1122 4680 1376 4737 lncedens
1407 4696 1528 4734 cum
1583 4679 1745 4734 codd.
1780 4680 1968 4735 Heins.
2013 4691 2068 4735 ct

460 4754 659 4810 Almel.
698 4752 883 4808 Nostri
915 4768 1105 4807 omnes
1132 4795 1147 4819 ,
1170 4764 1227 4809 et
1255 4753 1349 4807 alii
1386 4750 1699 4823 Ingrediens
1727 4793 1741 4814 ,
1775 4753 1919 4820 quod
1954 4769 2069 4806 ma-

460 4841 545 4899 gis
575 4827 789 4899 accedit
830 4824 899 4878 ad
955 4830 1199 4899 version.
1246 4822 1693 4899 Vulg:tt.’_Exodi
1718 4833 1823 4899 ,ιιι
1853 4825 2068 4899 _Sednlii

463 4894 707 4967 pmSam.
740 4895 922 4959 Rom.,
981 4894 1111 4949 rude
1155 4897 1445 4967 baptisma;
1485 4894 1605 4963 lege
1660 4894 1788 4947 rude
1833 4895 1948 4963 jam
1982 4896 2071 4947 ba-

519 4987 554 5022 ιθ
564 4986 671 5023 ma.

696 5039 871 5093 Lectio
891 5038 1128 5094 notanda
1177 5038 1579 5103 significatione
1603 5039 1835 5090 sumitur
1862 5053 1959 5109 pro
1981 5053 2068 5091 sa-

459 5125 549 5182 cra
572 5112 857 5182 SCI‘lpltlta
881 5153 894 5170 ,
930 5111 1015 5164 vel
1039 5110 1335 5182 doctrinm,
1367 5110 1616 5182 utiaapud
1646 5109 1969 5182 PaulinunL
1995 5113 2067 5166 lle

457 5181 579 5241 Vita
612 5186 667 5239 S.
698 5180 927 5237 vllartini
961 5197 1045 5244 Iv.
1078 5181 1178 5235 181
1207 5222 1223 5246 ,
1284 5180 1389 5235 Jul.
1436 5180 1754 5243 Fll'llll(‘llll|,
1787 5194 1891 5234 etc.
1928 5180 2066 5237 Hinc

457 5256 698 5309 lectiones
728 5257 778 5307 in
808 5256 1004 5308 ol‘ticiis
1034 5253 1425 5309 ecclesiasticis
1452 5295 1465 5317 ,
1501 5253 1857 5316 lertionarius,
1885 5251 2066 5307 lectio-

457 5329 682 5379 narium.
716 5324 989 5381 Orientius
1014 5340 1110 5381 sua
1132 5341 1286 5379 sacra
1308 5325 1553 5379 carmina
1585 5338 1738 5380 vocat
1770 5325 2061 5380 lcctiooem

459 5394 546 5451 llis
577 5398 817 5462 pulchris
849 5397 1093 5451 iatuliicis
1121 5396 1174 5449 iu
1198 5397 1265 5449 lin
1374 5396 1524 5463 Quod
1552 5397 1596 5449 si
1618 5412 1767 5465 quem
1789 5395 1931 5451 laedit
1959 5397 2066 5466 spi-

456 5469 626 5522 ritalis
668 5469 821 5523 lectio
845 5511 861 5535 ,
887 5497 960 5509 —-
982 5467 1044 5523 Ei
1074 5467 1243 5524 li’ebit
1271 5470 1542 5522 lectionem
1570 5485 1832 5538 spernere,
1851 5468 2061 5523 —Non

456 5554 770 5595 commutare
802 5542 1034 5595 lectionis
1061 5541 1367 5613 formulam,
1403 5566 1470 5580 --
1499 5539 1730 5611 Augaeus
1755 5543 2063 5614 magistrum

529 5665 557 5725 fl
583 5655 786 5712 Psalm.
815 5671 1001 5720 xsvtu,
1039 5671 1181 5725 vers.
1216 5656 1270 5711 5.

528 5723 556 5763 ι’
589 5726 841 5782 Nonnulli
895 5723 1202 5782 immensum
1236 5742 1255 5781 :
1304 5726 1480 5784 retine
1531 5727 1849 5783 immensam.
1884 5727 2053 5783 Paulo

454 5805 583 5854 ante
618 5800 933 5869 praestiterit
979 5801 1161 5870 legere
1207 5801 1326 5870 quis
1357 5800 1589 5856 dubitet:
1633 5803 1877 5871 sequitur
1904 5800 2050 5856 enim

2177 3248 2553 3316 Reprehendit
2579 3247 2593 3309 ζ
2624 3257 2683 3303 ttt
2709 3249 2925 3302 videtur
2950 3289 2965 3310 ,
2998 3247 3245 3302 codicum
3274 3258 3654 3314 corruptores.

2256 3323 2375 3376 1M.
2406 3321 2631 3375 Scbedzr
2679 3320 2916 3383 Poeltn.,
2950 3318 3165 3383 Parrh.,
3208 3318 3377 3371 denuo
3423 3331 3522 3385 pro
3550 3318 3784 3387 denique.

2178 3391 2317 3463 Reg.
2349 3396 2402 3458 1,
2434 3394 2467 3447 4
2495 3434 2511 3457 ,
2544 3393 2656 3447 Ott.
2706 3392 2776 3456 1,
2813 3396 2977 3459 Ang,
3015 3393 3202 3463 ltum.,
3233 3391 3384 3444 Meus
3408 3432 3423 3454 ,
3456 3389 3576 3463 Vat.
3614 3389 3676 3463 1.
3704 3388 3740 3444 2
3766 3432 3782 3454 ,

2178 3459 2398 3528 μυῖα-11η
2428 3465 2575 3522 Αιό..
2603 3474 2656 3517 et
2679 3463 2927 3534 plu-rique
2956 3462 3113 3527 editi,
3142 3463 3350 3515 verbum
3375 3470 3451 3515 est
3517 3459 3783 3534 Cellartus

2177 3550 2299 3590 cum
2334 3553 2464 3592 is.
2507 3533 2723 3598 Arntz.,
2777 3536 3000 3599 Almel.,
3041 3537 3227 3595 t2ant.,
3280 3549 3347 3585 ac
3390 3533 3668 3587 nonnullis
3718 3547 3783 3588 ex

2179 3609 2406 3672 nostris,
2431 3608 2641 3663 rerbum
2666 3612 2787 3661 sine
2813 3617 2919 3673 est,
2955 3605 3048 3660 sed
3075 3606 3147 3660 ita
3178 3614 3238 3658 ut
3267 3604 3642 3659 subaudiatur.

2252 3680 2375 3734 MS.
2421 3680 2550 3750 Reg.
2584 3683 2616 3735 5
2645 3722 2659 3744 ,
2695 3680 2843 3746 Ald.,
2873 3688 2927 3732 at
2952 3689 3026 3732 est
3053 3692 3151 3748 pro
3171 3679 3338 3731 adest.
3367 3675 3628 3731 Nonnulli
3670 3676 3784 3731 vul-

2175 3754 2285 3821 gati
2301 3752 2457 3824 _quod
2491 3769 2589 3822 pro
2613 3753 2722 3824 qui.

2252 3818 2379 3879 116.
2415 3818 2548 3895 Reg.
2581 3818 2638 3893 2,
2670 3823 2724 3891 5,
2755 3821 3045 3895 Alb.,Vat.
3068 3821 3126 3887 Ξ,
3156 3820 3270 3895 Qtt.
3298 3819 3354 3884 2,
3380 3818 3532 3882 ΑΜ..
3560 3819 3778 3895 Perrin,

2175 3911 2379 3967 gerens.
2422 3891 2519 3951 Alii
2556 3891 2713 3959 πῆξε..
2745 3910 2869 3949 cum
2897 3894 3081 3949 multis
3110 3892 3275 3967 editis
3305 3932 3321 3955 ,
3367 3907 3586 3963 regens;
3615 3891 3779 3967 binus,

2176 3963 2366 4035 ferens.
2399 3967 2774 4023 Nebrissensis
2801 3968 2961 4035 legit,
2996 3975 3050 4018 et
3076 3964 3334 4031 explicat,
3381 3978 3584 4034 gerens.
3615 3963 3781 4020 Cella-

2176 4054 2291 4092 rius
2328 4049 2384 4093 et
2419 4043 2749 4094 Arntzenius
2787 4040 3078 4092 ediderunt
3104 4052 3323 4109 regens,
3357 4052 3479 4103 qua:
3523 4045 3609 4091 est
3654 4038 3780 4092 scri-

2178 4122 2334 4179 ptura
2364 4114 2693 4178 optimorum
2724 4112 2997 4166 codicum.

2250 4181 2372 4235 Mi.
2418 4183 2550 4253 Reg.
2584 4184 2636 4241 5.
2673 4183 2972 4253 incederet;
3002 4181 3236 4253 corrige,
3269 4179 3556 4253 incederet.

2251 4254 2374 4307 M8.
2422 4251 2554 4321 Heg.
2587 4254 2649 4319 1,
2688 4252 2763 4307 De
2792 4269 3003 4307 ntonna.
3037 4252 3151 4307 Ott.
3190 4253 3248 4316 1,
3287 4251 3387 4307 Ubi
3417 4267 3601 4319 panem
3637 4266 3779 4305 acce-

2175 4338 2358 4395 perunt
2385 4330 2656 4380 «etenim.
2686 4326 2865 4385 Rotn.,
2893 4322 2972 4378 De
3000 4341 3191 4378 manna
3222 4326 3419 4378 uetitas
3443 4323 3589 4378 dato.
3615 4322 3776 4389 biens,

2175 4393 2415 4467 Populus
2448 4395 2542 4451 Dei
2568 4414 2759 4450 manna
2787 4397 3019 4467 pascitur
3046 4397 3101 4449 in
3132 4396 3353 4448 deserto.

2253 4468 2371 4524 1511.
2407 4469 2654 4537 Plerique
2686 4484 2816 4523 tuss.
2849 4470 3020 4522 Ilttsll‘l
3072 4469 3238 4528 aeria,
3295 4467 3545 4522 nonnulli
3605 4482 3774 4522 aerea.

2178 4536 2381 4610 Pot-Im.
2423 4541 2487 4593 ad
2540 4536 2740 4610 marg,
2794 4543 3021 4594 (etherea
3067 4554 3087 4593 :
3136 4539 3228 4592 alii
3283 4538 3418 4593 editi
3462 4547 3519 4594 et
3574 4541 3781 4594 scbedtc

2098 4600 2148 4659 D
2178 4609 2416 4677 Poelm.,
2446 4600 2681 4668 eletheria:

2255 4685 2376 4739 151.
2422 4684 2589 4739 Torn.
2625 4684 2674 4750 1,
2709 4682 2956 4751 Edimb.,
3003 4681 3071 4737 In
3108 4681 3299 4755 plumis
3337 4699 3441 4751 pro
3473 4681 3542 4737 In
3572 4681 3776 4752 pluriis,

2182 4764 2238 4808 ut
2285 4757 2663 4825 intelligamth
2711 4755 3022 4810 coturnices
3057 4772 3071 4808 :
3111 4754 3171 4810 et
3204 4756 3276 4809 ita
3311 4758 3408 4811 bas
3438 4769 3603 4810 voces
3641 4754 3776 4822 apud
3805 4808 3811 4817 ,

2180 4825 2451 4881 Ttbullnm
2486 4828 2522 4882 l.
2553 4843 2569 4881 ι
2597 4828 2748 4893 Eleg.
2779 4826 3393 4896 2.vers.79,confutuli
3418 4829 3629 4882 monuit
3652 4828 3778 4881 Bur-

2181 4912 2435 4953 mannus.
2468 4898 2649 4967 Longe
2678 4907 2856 4952 lztmeu
2887 4899 3079 4953 melior
3120 4910 3203 4954 est
3242 4900 3551 4955 communis
3591 4899 3770 4956 lectio.

2182 4967 2346 5042 Meus
2371 4984 2475 5042 non
2503 4970 2645 5024 male
2674 4970 2852 5042 άέιρεε,
2885 4970 2940 5022 in
2970 4972 3189 5026 nubibus
3217 4987 3381 5027 escas.

2258 5041 2383 5115 152.
2426 5040 2561 5111 Reg.
2599 5044 2647 5107 1,
2682 5039 2762 5095 De
2792 5057 2929 5111 aqua
2964 5059 3026 5096 ea:
3073 5054 3220 5115 petra
3266 5043 3539 5113 producta.
3579 5042 3692 5100 Ott.
3725 5043 3772 5106 1,

2178 5113 2277 5167 (Ibi
2304 5128 2495 5183 aquam
2525 5116 2588 5166 de
2614 5122 2759 5187 petra
2788 5113 3230 5187 eduxit._Rom.,
3287 5114 3362 5169 De
3406 5115 3610 5187 Moyse,
3660 5131 3770 5170 cum

2172 5202 2307 5258 aqua
2335 5188 2561 5238 manavit
2603 5186 2666 5240 de
2707 5194 2872 5258 petra.
2904 5215 2976 5227 —
3005 5185 3115 5241 Pro
3145 5188 3196 5240 iu
3228 5189 3421 5241 exustis
3454 5185 3607 5245 Meus
3634 5189 3773 5242 inea:

2169 5255 2373 5310 haustis
2408 5255 2714 5325 perperam.

2244 5329 2373 5403 155.
2414 5330 2742 5403 Artttzeuius
2773 5329 2824 5381 iu
2877 5329 3269 5399 Mi~cellaneis,
3298 5346 3439 5403 quae,
3476 5340 3762 5401 postquam

2170 5400 2377 5471 Sedulii
2413 5398 2714 5471 editionem
2739 5415 2859 5453 cum
2884 5407 3029 5457 notis
3054 5398 3329 5458 variorum
3357 5398 3764 5471 procuraverat,

2167 5486 2313 5526 anno
2343 5469 2501 5536 1765,
2535 5470 2728 5533 edidit,
2770 5486 2893 5538 cap.
2950 5476 3033 5541 l7,
3085 5490 3151 5530 ex
3197 5469 3510 5543 conjectura
3542 5474 3765 5543 corrigit

2167 5545 2294 5615 quia
2325 5552 2462 5596 terra
2494 5557 2589 5609 pro
2619 5558 2721 5613 qua
2748 5551 2887 5598 terra
2912 5561 2931 5600 :
2962 5548 3105 5617 quod
3135 5547 3358 5601 minime
3389 5548 3589 5617 placet.

2170 5655 2289 5779 quis
2303 5655 2533 5735 abneget.
2559 5653 2701 5711 Infra
2732 5657 2952 5729 reposui
2969 5659 3222 5731 familiari
3241 5674 3440 5731 semper
3461 5659 3644 5714 ardore
3672 5668 3764 5727 pro

2170 5743 2223 5779 r
2264 5740 2392 5779 om.

2162 5740 2392 5781 ardoris.
