4060 6320
256 262 352 321 569

383 379 550 454 ἆξαι-α
568 380 794 450 iacebat
822 381 1003 453 aquis,
1030 395 1133 454 qua
1165 394 1293 451 spes
1320 381 1502 440 ablata
1531 382 1776 454 bibendi,

255 473 349 536 l55
386 473 741 545 Viveudique
769 475 886 540 luit.
916 477 1126 533 subitas
1153 486 1345 534 arente
1377 478 1601 535 metallo

384 569 578 626 llansit
603 585 807 643 aquas;
833 571 1118 659 sterilique
1146 571 1287 630 latex
1316 572 1386 629 de
1415 589 1552 646 rupe
1572 576 1843 646 cucurrit,

385 665 544 737 172
583 665 655 721 Et
700 665 886 738 jejuna
936 682 1135 725 novum
1195 680 1520 727 vomuerunt
1574 687 1848 731 marmora

1535 763 1771 839 [potum.

376 850 474 908 His
506 852 687 923 igitur
705 853 820 926 jam
851 869 1008 912 sacra
1042 854 1217 913 tribus
1242 856 1379 914 dans
1407 874 1635 917 munera
1661 861 1850 931 rebus,

376 944 640 1005 Christus
669 959 791 1006 erat
814 952 999 1022 panis,
1029 950 1281 1008 Christus
1306 963 1482 1025 petra,
1506 954 1760 1014 Christus
1791 958 1845 1015 in

1558 1049 1767 1125 fundis.

245 1134 340 1194 160
443 1134 737 1209 Angelicis
772 1138 1097 1196 tremefacta
1124 1141 1290 1198 minis
1317 1140 1513 1199 an‘atur
1530 1145 1698 1201 asella

369 1231 668 1315 Sessorem
704 1249 801 1305 per
818 1235 986 1292 verba
1019 1253 1199 1305 suum,
1236 1238 1531 1312 linguaque
1555 1243 1772 1301 rudenti

368 1324 563 1385 Edidit
590 1326 864 1385 humanas
891 1330 1093 1387 animal
1121 1334 1344 1401 pecuale
1370 1320 1642 1408 loquelas.

436 1416 531 1474 Sol
557 1418 722 1475 stetit
741 1420 808 1476 ad
836 1420 1088 1493 Gabaon,
1109 1425 1387 1499 mediique
1406 1430 1698 1488 cacumine
1716 1432 1841 1490 οωιί

1408 263 1692 324 CARMEN
1729 265 2121 329 PASCBALE.
2159 271 2292 330 LIB.
2335 274 2377 333 l.

3450 285 3559 347 571)

1867 405 1924 468 Α
2091 390 2239 448 Fixit
2266 395 2613 455 anhelantem
2645 398 2813 458 dilato
2839 416 3073 474 vespere
3096 403 3298 472 lucem.

1953 484 2057 542 165
2092 484 2350 546 lnsolitus
2382 488 2599 549 frenare
2625 493 2792 562 diem,
2826 511 2930 554 nec
2961 497 3091 554 luna
3122 498 3371 559 cucurrit

2101 580 2463 653 1730rdine
2477 585 2628 656 pigra
2639 590 2942 657 suo,donec
2959 592 3345 663 populantibus
3356 596 3548 665 armis,

2094 673 2360 730 Feri-idus
2390 676 2663 749 ingentem
2689 682 2901 753 gladius
2928 698 3281 745 consumeret
3311 692 3549 762 hostem,

2092 771 2423 844 Conjurante
2444 775 2566 845 polo
2594 794 2609 832 :
2636 778 2747 849 jam
2777 790 2902 836 tunc
2927 781 3184 840 famulata
3218 786 3480 845 videbant

2094 867 2285 925 Sidera
2316 879 2626 941 venturum,
2658 874 2941 942 praemisso
2968 879 3214 947 nomine,
3243 880 3451 940 Jesum.

1957 962 2058 1020 l70
2094 963 2303 1019 Heliam
2326 964 2475 1019 corvi
2503 967 2774 1037 quondam
2809 984 3010 1037 pavere
3043 972 3302 1041 ministri,

2090 1054 2409 1112 Praebentes
2437 1056 2558 1112 sine
2592 1073 2744 1116 more
2764 1058 2951 1132 dapes,
2982 1063 3204 1136 alesque
3229 1067 3441 1139 rapinis

2090 1147 2356 1218 Deditus,
2414 1140 2577 1222 atque
2630 1151 2792 1208 avido
2844 1162 3099 1213 saturans
3144 1173 3273 1215 cava
3329 1171 3548 1233 guttura

2088 1337 2337 1395 Tradidit
2358 1340 2815 1414 illmsam‘leiunis
2842 1345 3116 1402 morsibus
3140 1254 3469 1407 escitiiiitro,

2087 1435 2240 1493 Nunc
2268 1436 2445 1494 bonus
2467 1439 2655 1509 Heliae,
2683 1441 2774 1513 qui
2806 1442 3053 1514 perfidus
3081 1455 3242 1504 antea
3266 1447 3404 1520 Noe,

1614 1555 1794 1616 OPUS
1832 1556 2221 1618 PASCHALE.

1006 1580 1009 1583 ν
1664 1556 1702 1612 Ρ
2206 1602 2221 1618 .

235 1640 415 1735 natura
432 1634 801 1735 subduxerat,
822 1652 948 1696 cum
973 1643 1243 1713 stupentis
1267 1645 1382 1700 saxi
1407 1556 2226 1717 visceriliitslifr-pgslﬁtiiiAiiiis
2255 1657 2466 1730 legibus
2502 1670 2646 1718 mota
2685 1618 2854 1735 pigrae
2898 1664 3152 1721 stationis
3182 1665 3350 1722 limen
3383 1681 3517 1723 exeo
3542 1695 3550 1700 -

235 1727 589 1797 poriuclusns
605 1742 957 1800 spumantem
977 1736 1159 1792 subito
1174 1738 1458 1796 ﬂuctuanti
1473 1754 1628 1800 caute
1642 1746 1844 1802 redun-

233 1820 370 1878 davit
386 1823 438 1878 in
451 1824 706 1892 laticem,
720 1826 992 1899 siccaeque
1002 1829 1170 1901 jejuni
1184 1836 1470 1891 marmoris
1485 1852 1637 1894 venae
1652 1849 1836 1907 potum

234 1917 435 1973 cnnrtis
460 1934 743 1976 vomuere
768 1921 1147 1993 multiplicem.
1187 1925 1279 1981 llis
1308 1928 1483 1985 tribus
1514 1947 1643 2002 ergo
1674 1934 1839 1990 rebus

227 2011 333 2081 jam
348 2029 545 2084 magna
562 2015 651 2070 sui
679 2017 937 2072 nuntians
954 2028 1301 2076 sacramenta
1320 2026 1565 2096 mysterii
1587 2024 1838 2085 Christus

230 2115 342 2165 erat
375 2109 430 2162 in
462 2107 700 2179 pelago'.
727 2106 980 2167 Christus
1019 2113 1071 2167 in
1103 2129 1274 2183 pane,
1312 2115 1563 2174 Christus
1594 2118 1647 2175 iu
1680 2135 1833 2178 saxo.

293 2200 498 2261 Asella.
538 2201 657 2256 vile
698 2216 888 2273 pecus,
941 2219 1004 2261 ac
1045 2205 1327 2275 stolidum,
1361 2210 1619 2281 angelicae
1651 2222 1836 2282 potes-

229 2295 348 2351 tatis
377 2294 602 2351 visione
632 2298 923 2367 perterrita
941 2340 956 2365 ,
991 2314 1263 2356 sessorem
1291 2304 1470 2358 verbis
1496 2305 1793 2376 alloquitur
1816 2351 1832 2376 ,

226 2401 278 2450 et
305 2395 552 2453 rudentis
582 2398 786 2470 lingua!
815 2399 1027 2456 clamor
1057 2402 1368 2460 inconditus
1396 2402 1647 2461 humana:
1685 2407 1833 2463 vocis

225 2487 467 2547 affatibus
489 2492 708 2564 explica
719 2503 826 2550 tur.

289 2583 380 2641 Sol
422 2587 476 2642 in
509 2587 701 2643 medio
739 2587 864 2644 caeli
911 2590 1198 2647 cacumine
1246 2591 1470 2660 rapidos
1524 2592 1831 2651 anhelantis

224 2677 445 2736 ﬂammai
470 2696 679 2738 cursus
701 2683 983 2739 infrenans
1006 2695 1196 2741 contra
1220 2684 1442 2743 Gabaon
1464 2703 1559 2760 per
1584 2690 1831 2747 insolitas

222 2773 319 2833 diei
347 2793 535 2837 moras
566 2778 742 2836 dilato
770 2794 1001 2852 vespere
1027 2781 1203 2839 lucem
1235 2783 1374 2839 tlxus
1405 2786 1688 2841 astrinxit.
1719 2786 1828 2844 Nec

1942 1747 2100 1814 dens,
2130 1751 2377 1807 ordinem
2409 1755 2657 1810 consueti
2685 1770 2906 1825 gressus
2926 1758 3191 1821 exercuit,
3229 1757 3403 1813 donec
3432 1756 3551 1827 gla—

1942 1836 2065 1892 dius
2096 1838 2316 1894 victoris
2347 1840 2646 1896 exercitum
2679 1841 2930 1899 hostilem
2975 1843 3213 1899 funditus
3241 1850 3551 1916 amputaret

1942 1933 2184 1989 caelestis
2215 1935 2403 1991 auxilii
2434 1937 2831 2007 coniuratione.
2863 1936 3062 1993 Virtuti
3093 1936 3406 1994 famulantia
3449 1939 3546 1994 de-

1942 2025 2103 2098 nique
2135 2027 2391 2084 videbant
2421 2030 2535 2100 ipsa
2561 2031 2668 2100 jam
2698 2029 2901 2094 sidera,
2927 2045 3025 2101 per
3053 2029 3248 2085 similis
3294 2029 3543 2085 vocabuli

1942 2130 2370 2189 sacramentum,
2394 2122 2580 2180 lesum
2606 2123 2918 2195 Dominum,
2941 2124 3161 2181 nomine
3176 2124 3542 2197 praecedente,

1940 2228 2255 2273 venturum.

2011 2310 2221 2365 Heliam
2267 2319 2468 2382 praeter
2499 2320 2703 2367 natura:
2751 2312 3074 2383 dispositum
3133 2312 3282 2369 corvi
3330 2312 3544 2368 diurnis

1937 2403 2113 2473 epulis
2144 2412 2543 2475 transegernnt,
2576 2405 2797 2477 alesque
2829 2413 2854 2442 ⁸
2882 2406 3098 2462 voracis
3138 2405 3302 2461 rostri
3334 2406 3542 2475 rapaci-

1940 2499 2037 2555 tati
2068 2497 2363 2569 subjectus,
2397 2499 2488 2569 qui
2519 2498 2733 2556 facilem
2760 2500 2996 2570 praedam
3022 2515 3156 2555 cavo
3180 2503 3381 2573 gutturi
3408 2502 3539 2558 sub-

1941 2593 2233 2655 ministrat.
2253 2593 2452 2665 jejuuis
2479 2596 2751 2651 morsibus
2769 2610 2949 2651 escam
2970 2594 3253 2651 deferebat
3282 2596 3535 2653 illzesam.

1938 2690 2091 2749 Nunc
2121 2691 2286 2747 Heliae
2315 2691 2510 2761 bOnus,
2555 2707 2619 2748 ac
2652 2692 2812 2759 fidus,
2852 2692 2946 2766 qui
2974 2692 3088 2750 Noe
3115 2693 3387 2764 quondam
3420 2710 3537 2750 ma-

1937 2786 2043 2854 lus,
2066 2800 2128 2842 ac
2159 2785 2418 2857 perﬁdus,
2452 2787 2505 2841 in
2538 2788 2701 2845 terris
2729 2787 2902 2845 abluit
2930 2789 3167 2862 culpam,
3196 2790 3250 2846 in
3273 2802 3535 2862 aquarum

1733 2877 2027 2937 SCIIOLIA
2040 2918 2055 2935 .

287 2968 410 3025 155.
443 2968 696 3038 Metella,
732 2973 786 3024 b.
836 2986 887 3027 c.

220 3038 643 3113 d‘icituraSilio,
674 3038 948 3103 etSIatio;
970 3044 1038 3097 de
1067 3044 1297 3113 gemmis
1324 3059 1354 3098 a
1381 3044 1820 3103 PIinioJuuiore.

218 3110 605 3188 Nebrissensis~
624 3117 847 3188 exponit
879 3110 1136 3188 lapidem,
1181 3116 1269 3171 vel
1300 3116 1478 3187 potius
1511 3116 1706 3188 lapidis
1728 3133 1823 3174 ve-

219 3199 359 3239 nam.
396 3187 534 3242 Vide
566 3184 804 3243 Cerdam
842 3187 979 3242 Adv.
1012 3202 1063 3242 c.
1086 3188 1213 3243 101.

291 3258 408 3333 ltiti.
437 3259 804 3333 Taurinensis
825 3259 996 3314 codex
1015 3259 1452 3333 antiquissimus,
1474 3262 1622 3315 Ausi!
1638 3278 1819 3333 aquas,

218 3329 475 3403 sterilique
525 3331 673 3385 latex
719 3332 785 3385 de
829 3346 960 3403 rupe
1010 3333 1261 3387 manavit.
1292 3332 1351 3387 ln
1378 3335 1654 3388 veteribus
1684 3329 1817 3390 mss.

215 3401 497 3475 codicibus
526 3403 790 3470 asiiiratio
810 3401 956 3475 smpe
977 3403 1342 3473 desideratur,
1364 3420 1511 3475 saepe
1532 3405 1819 3463 redundat:

218 3471 391 3541 itaque
421 3476 580 3529 Ausit
611 3482 696 3530 cst
724 3492 819 3542 pro
852 3473 1063 3529 Hausit.
1116 3475 1221 3531 Sed
1274 3471 1523 3537 manauit.
1574 3479 1823 3547 quamvis

217 3558 397 3619 contra
425 3561 669 3602 taetrum
699 3549 788 3617 sit,
826 3556 1005 3619 tamen
1035 3550 1088 3600 in
1116 3547 1303 3619 multis
1332 3563 1461 3603 mss.
1492 3551 1824 3619 exmnplari-

218 3613 312 3690 bus
344 3620 643 3674 retinetur.
694 3613 864 3685 Meus,
898 3617 1064 3688 Ang.,
1109 3617 1262 3685 Alb.,
1318 3619 1457 3690 Reg.
1496 3622 1546 3685 1,
1579 3622 1634 3684 2,
1658 3613 1730 3687 ’4,
1755 3624 1817 3690 5;

218 3686 322 3744 Ott.
378 3692 434 3756 1,
483 3690 636 3745 Vatt.
669 3695 724 3753 1,
753 3692 811 3751 ‘2,
845 3686 1026 3765 Cant.)
1064 3690 1187 3765 cod.
1246 3691 1348 3757 E.,
1400 3686 1663 3760 manavit,
1713 3686 1822 3765 quo

217 3768 423 3829 spectat
452 3766 652 3818 Arntz.
689 3762 953 3816 manabat.
997 3761 1053 3816 In
1084 3760 1198 3817 Ott.
1254 3766 1274 3816 1
1331 3778 1492 3830 supra
1545 3760 1819 3831 tamquam

214 3835 389 3901 glossa
441 3847 530 3890 est
584 3835 856 3889 cucurrit:
888 3836 937 3887 in
975 3834 1109 3903 Reg.
1156 3834 1191 3886 2
1243 3833 1423 3902 glossa
1476 3846 1564 3890 est
1613 3836 1819 3903 eduxit,

216 3907 460 3979 cucurrit,
496 3908 688 3979 ﬂuxit;
721 3909 774 3960 iu
803 3905 923 3959 Val.
956 3906 1008 3973 1,
1043 3923 1070 3957 a
1102 3921 1214 3960 sec.
1249 3922 1350 3969 ιιι,
1378 3909 1624 3979 cucurrit.
1662 3908 1817 3971 Ut'l).,

216 3974 320 4030 Ott.
348 3979 406 4043 2,
463 3974 629 4035 Rom.
682 3990 932 4034 recentes
979 3992 1136 4037 mss..
1184 3978 1435 4031 cucurrit.
1474 3978 1601 4033 Ald.
1650 3981 1822 4035 edidit.

216 4052 438 4117 manavit
460 4068 480 4105 :
517 4050 743 4119 Parrh.,
776 4050 972 4114 salivit,
1006 4047 1147 4118 quod
1174 4049 1263 4104 vix
1285 4064 1405 4104 cum
1437 4052 1819 4119 grammatices

217 4123 412 4187 regulis
441 4134 622 4191 stare,
657 4125 710 4176 iu
739 4122 958 4177 schedts
1011 4122 1220 4175 Poelm.
1280 4123 1600 4176 observatur
1633 4140 1647 4175 :
1695 4137 1816 4176 nam

214 4194 352 4260 salii,
381 4206 438 4250 et
467 4194 615 4249 salui
643 4195 696 4248 in
727 4196 1029 4263 praeterito,
1058 4208 1183 4247 raro
1209 4192 1358 4246 salici
1382 4193 1604 4248 dicitur.
1650 4193 1820 4249 Pleri-

214 4279 315 4333 que
362 4267 500 4322 editi
553 4269 805 4327 cucurrit,
849 4275 904 4320 et
952 4264 1240 4320 Gruncrus
1281 4263 1541 4332 afllrnzat,
1592 4268 1817 4320 manavit

214 4338 444 4405 glossam
496 4353 645 4395 esse.
698 4337 1013 4394 Assentitnr
1044 4336 1394 4403 Arnlzenius,
1425 4340 1514 4408 qui
1547 4335 1816 4391 similibus

214 4413 483 4476 exemplis
516 4411 698 4475 docet,
732 4418 879 4466 recte
931 4424 1138 4461 currere
1185 4409 1252 4463 de
1302 4424 1439 4479 aqua
1492 4409 1620 4467 dici.
1666 4419 1721 4463 ct
1750 4425 1815 4465 ex

214 4482 453 4537 Antonio
483 4482 612 4538 adv.
635 4481 800 4539 Gent.
837 4495 982 4535 vers.
1018 4479 1108 4546 15,
1143 4481 1259 4535 sive
1290 4484 1467 4548 potius
1490 4497 1558 4534 ex
1587 4480 1817 4535 Paulino

215 4565 393 4620 poem.
428 4556 611 4610 ultim.
644 4555 897 4621 producit
928 4554 1105 4606 locum
1134 4552 1368 4605 similem
1405 4572 1417 4605 :
1450 4550 1652 4605 Manna
1681 4555 1766 4607 cui
1790 4570 1818 4608 e

215 4625 357 4690 calo,
385 4637 432 4681 et
464 4630 587 4698 fons
607 4626 670 4680 de
693 4643 820 4699 rupe
841 4623 1092 4678 cucurrit.
1115 4621 1228 4699 Non
1254 4622 1546 4699 difficulter
1569 4625 1812 4699 credam,

214 4709 392 4753 veram
422 4696 766 4769 scripturam
787 4714 912 4751 esse
941 4696 1201 4769 manavit,
1232 4709 1356 4769 cum
1378 4697 1621 4769 primam
1659 4696 1816 4765 hujus

214 4773 360 4823 verbi
388 4766 665 4843 I'Jugeitius
694 4770 994 4825 'l‘oletanus
1022 4768 1272 4833 antistes,
1298 4766 1502 4839 aliique
1530 4767 1814 4823 christiani

216 4851 385 4908 poetae
404 4844 801 4913 ciirripueriut.

284 4915 407 4970 157.
446 4917 635 4979 Rom.,
663 4929 929 4979 vomuere;
960 4912 1102 4983 lege,
1134 4920 1452 4966 uomuerunt.

287 4985 409 5042 158.
465 4985 694 5043 Vonckii
720 4981 1037 5056 Coniectura
1083 4992 1183 5057 est
1225 4984 1321 5038 His
1355 4983 1556 5057 jugiler
1584 4997 1683 5052 pro
1719 4981 1817 5057 His

217 5054 390 5128 igitur.
447 5059 559 5115 Sed
603 5054 858 5128 quamvis
911 5071 1096 5111 verum
1144 5056 1235 5121 sit,
1267 5054 1493 5128 primam
1530 5055 1581 5108 in
1605 5056 1755 5125 jugis
1783 5070 1813 5128 a

215 5125 434 5187 Sedulio
471 5125 702 5186 littenler
742 5129 971 5198 corripi,
1015 5138 1196 5183 tamen
1232 5128 1335 5181 hoc
1364 5127 1487 5181 loco
1522 5127 1817 5198 ἰιιιιυνιιηάἰ

217 5213 374 5256 causa
407 5203 558 5257 nulla
590 5210 695 5256 est.
731 5196 954 5265 Parrli.,
1003 5200 1223 5255 scheibe
1254 5199 1489 5264 Poelm.,
1526 5196 1626 5251 His
1655 5198 1817 5268 igitur

218 5286 422 5328 sacrata
452 5276 636 5336 tribus,
669 5273 814 5344 quod
846 5272 1027 5327 minus
1059 5286 1244 5344 verum
1281 5282 1429 5344 puto.

295 5347 418 5402 159.
459 5347 659 5401 Εκειειι
689 5340 775 5400 hic
806 5359 1003 5415 versus
1021 5342 1162 5415 apud
1190 5343 1390 5415 [tedam
1413 5342 1483 5395 de
1505 5340 1813 5415 Art._metr.

287 5417 407 5473 160.
431 5417 573 5482 Reg.
598 5418 646 5479 l,
663 5416 775 5471 Ott.
807 5417 831 5471 1
854 5432 867 5470 :
894 5413 972 5470 De
994 5411 1164 5477 asina,
1182 5413 1491 5483 quwlocuta
1511 5426 1605 5483 est;
1630 5411 1814 5477 Rom.,

219 5486 297 5540 Ad
311 5488 534 5545 Balaam
550 5487 613 5542 de
630 5487 890 5545 locutione
906 5488 1087 5541 asime.
1107 5482 1274 5547 Meus,
1297 5484 1469 5540 Asella
1482 5485 1550 5538 ad
1571 5482 1815 5538 Balaam.

291 5560 412 5616 ltit.
445 5561 623 5623 Meus,
653 5560 910 5624 rudendi;
943 5560 1118 5613 retine
1150 5558 1379 5613 rudenti.

289 5632 413 5687 162.
448 5632 619 5702 Edere
644 5631 872 5702 loquelas
890 5630 1110 5696 dicitur,
1138 5638 1197 5685 ut.
1218 5630 1366 5684 edere
1395 5644 1569 5702 vocent
1587 5673 1601 5697 ,
1628 5643 1783 5702 sonos
1800 5668 1817 5694 ,

221 5702 519 5759 clamorem.
556 5699 738 5757 Verbo
767 5703 996 5776 pecualis
1025 5718 1157 5759 usus
1186 5702 1354 5758 etiam
1395 5711 1482 5757 est
1523 5699 1818 5756 Venantius

1846 4381 1895 4439 D

935 2979 1111 3042 petra.
1147 2971 1424 3026 Metallum
1454 2971 1521 3027 de
1552 2988 1823 3030 marmore
1853 2977 1899 3043 C
1932 2973 2266 3031 Fortunatus
2294 2991 2333 3031 ιι
2362 2975 2432 3031 de
2456 2975 2690 3032 Martino
2722 2976 2847 3034 146.

2001 3048 2127 3104 165.
2157 3046 2293 3116 Reg.
2326 3049 2377 3113 1,
2421 3048 2553 3121 Ott.
2590 3050 2643 3117 1,
2701 3047 2775 3104 De
2816 3047 2948 3104 Iesu
3000 3048 3168 3105 Nave.
3222 3051 3406 3121 Rom.,
3455 3050 3535 3110 De

1925 3117 2106 3186 Iosue,
2139 3121 2201 3173 de
2224 3126 2444 3174 statione
2473 3120 2622 3176 solis.

2000 3191 2124 3247 165.
2156 3189 2524 3261 Wopkeusins
2550 3193 2862 3263 suspicatur
2889 3192 3187 3258 Int'alidus,
3219 3196 3302 3249 vel
3334 3193 3531 3251 Insoli-

1926 3264 2046 3321 dus.
2076 3279 2178 3334 qua
2212 3279 2349 3335 voce
2378 3265 2686 3335 posteriore
2712 3280 2843 3320 usus
2873 3274 2958 3321 est
2976 3266 3220 3322 Ovidius.
3247 3267 3530 3333 interpre—

1926 3333 2646 3412 tatttrn'lnsolitusfrenare,
2681 3353 2799 3391 cum
2838 3340 2956 3412 jam
3006 3340 3277 3412 dedicist
3329 3339 3528 3412 (legam

1927 3407 2285 3483 dedidicisse!)
2315 3410 2542 3481 frenare,
2570 3410 2647 3463 vel
2669 3407 2848 3483 regere
2878 3409 3035 3483 diem.
3078 3410 3272 3464 Melius
3301 3407 3533 3467 A‘ru'tze-

1928 3479 2051 3535 nius
2079 3479 2355 3551 vulgatam
2406 3483 2692 3536 lectionem
2728 3479 2992 3548 'cxponit;
3050 3484 3138 3552 qui
3190 3483 3384 3539 ordine
3432 3501 3531 3539 suo

1924 3562 2149 3607 servato
2164 3570 2269 3605 nun
2294 3553 2345 3605 iu
2376 3553 2595 3620 longius
2626 3562 2844 3617 tempus
2859 3554 3000 3608 diem
3018 3556 3341 3619 protrahere
3362 3556 3529 3611 solet.

1926 3621 2034 3696 Pro
2065 3625 2271 3696 frenare
2296 3624 2446 3680 Meus
2470 3625 2637 3678 habet
2681 3627 2906 3679 retinere
2956 3640 3020 3680 ex
3064 3627 3244 3696 aliqua
3299 3628 3532 3683 fortasse

1924 3695 2131 3765 glossa.
2181 3695 2510 3750 Arntzenim
2566 3706 2794 3767 frenare,
2851 3698 2929 3750 uti
2982 3695 3527 3754 etiam’anhelantem

1925 3767 2167 3820 alludere
2195 3767 2431 3839 putatad
2459 3768 2769 3833 opinionem
2796 3777 3064 3826 veterum.
3100 3771 3190 3838 qui
3227 3786 3399 3839 eques
3424 3772 3528 3824 SH”

1926 3838 2259 3893 tribuebant.
2327 3838 2520 3892 Verum
2561 3841 2817 3894 Sedulius
2862 3855 2969 3892 non
3011 3840 3189 3893 solmn
3225 3856 3253 3894 a
3286 3838 3529 3904 fabulis.

1924 3910 2019 3963 sed
2053 3910 2215 3964 etiam
2245 3926 2275 3963 ει
2300 3911 2613 3963 nominibus
2642 3910 2950 3963 fabularum
2982 3912 3301 3977 longissime
3322 3914 3531 3968 distare

1924 3980 2104 4035 solet:
2139 3990 2195 4035 et
2224 3989 2402 4047 potest
2431 3982 2602 4048 accipi
2632 3981 2844 4051 frenare
2869 3981 3239 4046 inctaphorire
3273 4000 3367 4049 pro
3390 3984 3526 4038 I'cli'

1924 4067 2075 4106 nere.
2097 4051 2191 4106 Est
2209 4063 2393 4105 autem
2411 4066 2626 4118 sensos,
2644 4052 2732 4107 Sol
2758 4066 2864 4106 nou
2884 4055 3081 4105 solitus
3101 4052 3342 4107 retinere
3357 4053 3523 4110 diem.

1994 4123 2120 4177 166.
2154 4123 2304 4178 Meus
2326 4124 2521 4197 plena:
2566 4124 2685 4193 lege
2714 4127 2884 4197 pigra.
2918 4121 3038 4176 Vat.
3075 4126 3126 4190 1,
3162 4125 3321 4191 arvis,
3354 4139 3386 4178 a
3411 4141 3523 4181 sec.

1923 4212 1974 4249 Ill
1987 4236 1998 4249 .
2033 4197 2193 4249 armis
2225 4196 2411 4263 probe.

2000 4269 2117 4339 lti_7.
2153 4267 2274 4321 Ald.
2305 4265 2564 4339 Ferridus
2595 4266 2647 4320 in
2680 4276 2919 4339 agitem;
2947 4265 3049 4339 nis_i
3079 4281 3237 4339 error
3266 4266 3335 4321 sit
3372 4276 3529 4339 typo-

1921 4337 2213 4405 grapltirus
2266 4352 2364 4406 pro
2404 4338 2680 4409 ingentem.
2716 4336 2955 4409 Veunsle
2995 4335 3250 4390 Fervidus
3294 4335 3525 4408 gladius.

1916 4412 2173 4465 Lucanus
2199 4425 2290 4476 νιι,
2321 4410 2425 4464 ε)οἳ
2442 4406 2735 4480 {Frigidus
2757 4407 2881 4463 inde
2896 4435 2967 4448 ιι·-
2990 4409 3107 4464 Stat
3129 4406 3369 4481 gladius:
3393 4413 3527 4466 calet

1919 4481 2043 4536 inde
2067 4498 2255 4535 nocens
2281 4499 2312 4536 a
2342 4481 2594 4551 sanguine
2620 4485 2835 4546 ferrum.

1996 4552 2121 4608 168.
2157 4553 2545 4622 Nonnullijam
2573 4561 2718 4625 tum:
2768 4552 3148 4625 pleriqnejam
3172 4563 3314 4609 tunc.
3344 4555 3531 4610 lmita-

1920 4633 2009 4680 tur
2037 4626 2402 4679 Claudianum
2453 4627 2520 4677 de
2552 4641 2605 4680 ιιι
2659 4623 2884 4679 Consul.
2924 4623 3145 4678 Ilonorii
3193 4642 3242 4679 ν.
3277 4629 3386 4682 98:
3432 4626 3531 4683 Cui

1920 4697 2104 4749 militat
2131 4697 2311 4758 mlier.
2338 4727 2409 4737 —
2432 4695 2496 4751 Et
2522 4698 2786 4767 coniurati
2813 4698 3025 4750 ueniunt
3046 4696 3114 4750 ad
3137 4698 3355 4752 classica
3369 4701 3528 4754 venti.

1924 4768 2080 4840 thde
2105 4769 2249 4824 bello
2278 4771 2405 4826 Get.
2441 4783 2586 4824 vers.
2616 4772 2686 4825 49
2715 4788 2729 4825 :
2763 4770 2864 4823 Aut
2898 4770 3233 4838 ronjuratum
3259 4771 3530 4840 querimur

1918 4838 2197 4909 Splendore
2226 4858 2484 4897 serenum.

1994 4911 2114 4967 169.
2148 4911 2221 4966 1η
2252 4913 2383 4983 Reg.
2416 4929 2434 4968 ι
2464 4915 2601 4968 forte
2631 4912 2730 4967 fuit
2772 4916 3047 4982 promisso.
3098 4928 3242 4969 nunc
3270 4922 3359 4984 est
3396 4928 3533 4984 pra!-

1919 4984 2097 5056 misso.
2129 4984 2186 5038 In
2216 4987 2371 5038 Rom.
2401 4986 2551 5040 clare
2575 4988 2851 5056 promisso,
2883 4986 2939 5040 iu
2965 4987 3082 5041 Meo
3112 4985 3299 5039 dubie.
3326 4982 3532 5038 Ctiufer

1922 5055 2185 5109 Prudent.
2221 5057 2411 5123 ltymn.
2445 5072 2520 5111 xtl
2557 5057 2713 5110 tiath.
2748 5072 2895 5113 vers.
2931 5060 3055 5113 175.

1995 5126 2118 5181 1ἷο.
2149 5130 2275 5197 Reg.
2301 5145 2337 5191 ι,
2356 5130 2470 5181 ()tt.
2494 5131 2543 5190 1,
2570 5128 2644 5182 De
2665 5127 2843 5183 Helia.
2864 5131 3011 5184 Mens
3030 5127 3237 5189 Helias,
3255 5141 3408 5179 corvo
3431 5127 3530 5179 mi-

1921 5198 2192 5270 nistrante,
2221 5202 2470 5267 poscitur.
2502 5200 2658 5254 Rom.
2681 5199 2761 5254 De
2789 5200 2965 5268 Helia,
2987 5201 3150 5254 corvis
3175 5197 3526 5270 pascentibus.

1999 5268 2119 5323 171.
2149 5270 2369 5336 Parth.,
2403 5271 2619 5325 ερΙιιξιΙειι
2654 5273 2884 5337 l’uelm.,
2932 5266 3220 5325 lieddrntés
3253 5281 3349 5336 pro
3379 5266 3530 5323 Prte-

1922 5339 2112 5394 bentes.
2144 5341 2334 5397 Arntz.
2391 5359 2492 5398 ms.
2537 5345 2741 5412 rapina:
2791 5359 2889 5411 pro
2918 5342 3136 5413 rapinis,
3187 5339 3327 5392 hami
3356 5338 3528 5395 int-le-

1921 5422 2142 5485 ganter:
2163 5430 2286 5467 naut
2307 5416 2450 5485 apud
2470 5427 2654 5479 poetas
2668 5430 2929 5469 numerus
2942 5413 3234 5481 singularis
3252 5413 3528 5465 interdum

1924 5484 2249 5562 prqplurpli
2284 5484 2525 5562 ponitur.
2563 5559 2572 5562 _
2953 5554 2965 5562 _
3056 5552 3089 5562 _r
3125 5551 3169 5562 υ
3208 5552 3220 5562 _
3275 5550 3286 5562 _

1995 5555 2116 5610 175.
2151 5551 2362 5628 Jejuuis
2391 5559 2667 5617 morsibus.
2692 5568 2784 5613 aut
2816 5554 2991 5628 corvi,
3021 5552 3097 5608 ait
3125 5551 3527 5620 Nebrisscnsis,

1924 5626 2401 5706 ιιιιιιρι-ινλερίὶχῇιιιιὶὲ
2418 5642 2511 5685 aut
2542 5630 2707 5706 lleliae
2729 5626 2927 5706 jejuni.
2948 5697 2960 5706 _
3171 5692 3201 5705 η
3240 5693 3252 5706 ⁸

1998 5699 2124 5753 171.
2156 5694 2327 5769 Meus,
2359 5700 2503 5757 Tunc
2536 5694 3033 5756 bonustellarius
3059 5694 3384 5764 conjicicbat
3412 5704 3533 5749 ante

292 5846 319 5876 ι
344 5837 402 5896 In
434 5847 549 5895 vet.
590 5836 714 5893 cod.
745 5836 847 5893 fuit
870 5839 1095 5912 feracis;
1125 5837 1219 5895 sed
1249 5836 1502 5895 librarius
1544 5837 1662 5907 ipse
1687 5833 1925 5892 correxit
1946 5833 2169 5889 voracis.
