4060 6320
525 334 632 394 575

672 452 816 510 Ecce
842 452 1044 511 etenim
1076 449 1272 509 sceleri
1301 448 1482 506 scelus
1510 446 1724 505 addidit
1765 445 1849 503 ira
1879 444 2127 512 furentis,
2156 440 2210 505 Α

673 546 1073 619 Rebrzeumque
1097 545 1268 603 decus
1291 542 1477 599 Daniel
1504 542 1821 599 decernitur
1846 541 2035 596 insons

524 640 634 697 2l5
670 640 885 713 Jejunis
916 641 1073 697 cibus
1101 654 1224 695 esse
1256 637 1406 706 feris,
1436 636 1535 692 sed
1563 635 1743 691 bellua
1770 634 1918 706 justo

672 734 819 791 Mitis
849 734 990 790 facta
1020 734 1164 799 viro,
1190 739 1413 787 sanctos
1442 744 1510 786 ne
1540 726 1766 784 laederet
1797 734 1969 795 artus,

670 828 850 899 Ctepit
879 843 1071 885 amare
1102 826 1325 892 famem,
1352 825 1532 881 rabies
1564 822 1768 879 mollita
1799 820 2038 876 furorem

670 921 954 994 Deposuit,
977 919 1250 991 smvisque
1276 918 1329 973 iu
1359 917 1607 974 faucibus
1636 916 1712 971 ira
1735 912 1963 986 quievit.

672 1020 741 1075 Et
771 1020 1012 1075 didicere
1041 1028 1222 1075 truces
1245 1016 1487 1089 prtedam
1510 1029 1732 1072 servare
1760 1015 1969 1070 leones.

757 1112 918 1188 179
938 1111 1064 1181 Dic,
1090 1109 1184 1168 ubi
1203 1118 1360 1177 sunt,
1384 1119 1603 1178 natura,
1634 1116 1739 1164 tua:
1759 1113 1888 1178 post
1911 1102 2136 1268 Ealia’le-

1932 1211 2031 1268 ges

1932 1211 2031 1268 ges

677 1298 812 1368 Quis
842 1298 1006 1353 toties
1030 1296 1125 1352 tibi
1147 1296 1272 1368 jura
1301 1295 1456 1351 tulit?
1479 1295 1603 1368 quis
1626 1302 1826 1349 tartara
1849 1290 2013 1361 jussit

674 1393 1025 1449 Translatum
1056 1391 1269 1449 nescire
1292 1390 1493 1458 virum,
1523 1388 1876 1459 sterilemque
1907 1384 2103 1441 marito

674 1487 1008 1546 Fecundavit
1032 1501 1217 1553 anum,
1246 1500 1456 1542 sacram
1487 1484 1745 1556 precepit
1766 1482 1835 1539 ad
1861 1495 2013 1538 aram

528 1112 640 1172 220

1908 324 2125 383 οοειιι
2163 322 2440 383 SEDULII

3415 388 3427 398 ,
3739 327 3852 384 576

2380 441 2587 513 Sponte
2616 441 2802 497 venire
2833 456 3019 514 pecus.
3050 443 3350 501 muliebres
3379 444 3662 501 transtulit
3693 455 3855 501 artus

2239 533 2349 590 225
2385 534 2442 591 In
2473 535 2764 590 simulacra
2791 536 2958 594 salis:
2988 552 3167 593 ramos
3191 537 3442 594 incendia
3470 554 3668 611 passos

2381 627 2499 685 Non
2528 630 2722 685 ardere
2750 629 2935 687 dedit:
2969 632 3259 703 virgultum
3288 630 3447 687 solvit
3473 633 3525 687 in
3567 646 3807 702 anguem
3833 646 3853 689 :

2384 722 2485 778 Per
2511 722 2733 794 pelagus
2764 726 2987 779 siccavit
3017 726 3158 781 iter:
3190 725 3441 783 mirabile
3473 727 3678 783 nimbis

2382 817 2574 873 Manna
2603 817 2758 889 pluit,
2791 834 2926 874 saxo
2956 819 3141 876 latices
3174 820 3442 891 produxit
3467 822 3536 877 ab
3570 823 3723 878 imo:

2380 911 2800 983 Quadrupedem
2836 910 3131 983 fariqplano
3158 927 3413 970 sermone
3444 916 3665 985 coegit:

2236 1006 2344 1063 230
2376 1007 2536 1082 180
2559 1006 2847 1076 Suslien~is
2868 1007 3082 1076 rapidas
3105 1009 3397 1067 elementis
3414 1012 3626 1069 distulit
3651 1011 3855 1068 horas:

2386 1102 2489 1157 Per
2512 1101 2763 1157 volucres
2787 1100 3057 1158 hominem
3084 1106 3230 1174 pasci
3254 1105 3403 1161 dedit
3419 1115 3586 1179 atque
3608 1108 3862 1164 coruscis

2387 1191 2443 1249 lu
2495 1193 2694 1250 caelum
2748 1199 3053 1252 transvexit
3097 1198 3254 1269 cquis
3290 1215 3306 1254 :
3347 1198 3461 1271 jam
3502 1213 3688 1258 morte
3731 1216 3863 1273 gra-

3632 1292 3788 1369 [vato

2389 1383 2608 1453 Adiecit
2638 1384 2740 1440 tria
2772 1384 2941 1441 lustra
2970 1386 3129 1446 viro:
3157 1386 3435 1459 prmdonis
3466 1389 3521 1445 in
3552 1404 3654 1446 ore

2389 1478 2684 1553 Naufragio
2714 1479 2960 1537 fundavit
2987 1495 3146 1553 Opem
3173 1499 3189 1538 ε
3224 1481 3489 1555 ﬂagrante
3519 1484 3773 1553 camino}

1882 1573 2064 1632 OPUS
2101 1571 2379 1631 PASCHA
2390 1573 2499 1629 LE.

532 1674 883 1751 permutavit,
935 1688 1098 1747 quem
1141 1674 1245 1730 sub
1293 1671 1456 1744 hujus
1503 1670 1873 1733 deformitatis
1922 1678 2145 1741 aspectu

534 1770 803 1827 hirsutum
852 1769 1006 1825 silvis
1042 1780 1098 1825 et
1127 1768 1402 1824 montibus
1448 1780 1659 1837 septem
1716 1763 1977 1820 viderunt
2004 1771 2145 1818 tem-

544 1878 674 1937 pora
701 1872 1080 1934 pervagatum.

2330 1666 2447 1734 Dic,
2480 1668 2567 1722 ubi
2602 1677 2726 1739 post
2760 1669 2885 1725 talia
2911 1680 3016 1726 tum
3040 1681 3168 1727 sunt
3190 1672 3359 1745 leges,
3377 1676 3631 1746 pertinax
3654 1691 3687 1731 o
3710 1688 3871 1735 natu.

2254 1776 2338 1830 ra,
2361 1762 2481 1834 quis
2513 1764 2673 1819 toties
2705 1764 2801 1819 tibi
2828 1767 2956 1835 jura
2981 1766 3295 1822 subtraxit?
3321 1769 3445 1839 quis
3478 1778 3504 1807 α
3533 1774 3867 1830 translatum

2251 1858 2462 1911 nescire
2506 1856 2680 1911 virum
2714 1858 2874 1925 jussit
2920 1858 3214 1923 infernum,
3250 1860 3423 1916 sterili
3464 1864 3627 1918 matri
3679 1862 3869 1920 fecun-

610 1956 723 2013 Nec
751 1958 932 2012 minus
965 1956 1112 2011 Darii
1144 1954 1490 2023 postmodum
1523 1950 1827 2025 regnatoris
1854 1949 1980 2005 dum
2011 1963 2153 2021 prac-
2255 1948 2379 2005 dum
2413 1950 2663 2019 praestitit
2689 1963 3050 2018 senectutem,
3080 1954 3147 2007 ad
3179 1968 3329 2008 aram
3365 1966 3564 2023 sponte
3595 1959 3868 2022 compulit

535 2053 753 2107 teritatn
783 2050 940 2106 furor
971 2051 1213 2106 imitatur
1235 2050 1524 2114 insaniam,
1555 2047 1766 2113 Daniel,
1798 2046 2153 2101 Hebra‘orum
2181 2123 2207 2124 ί
2257 2048 2443 2102 vcnire
2473 2048 2759 2119 pecudem.
2791 2050 3114 2106 muliebrem
3139 2053 3373 2124 efﬁgiem
3401 2054 3452 2108 in
3486 2053 3621 2109 salis
3646 2055 3869 2112 simula-

536 2147 706 2203 decus
744 2145 1166 2215 amplissimum,
1200 2160 1325 2201 cum
1357 2142 1487 2199 feris
1512 2142 1720 2213 jejunio
1750 2141 2041 2196 stimulatis
2064 2140 2147 2194 in-
2179 2123 2220 2183 Β
2249 2155 2401 2197 crum
2416 2146 2703 2213 convertit,
2728 2160 2912 2201 ramos
2932 2146 3201 2202 incendiis
3220 2158 3514 2204 mstuantes
3538 2165 3649 2204 non
3671 2149 3868 2206 ardere

532 2241 795 2306 cluditur,
824 2248 880 2295 et
899 2241 1167 2310 simplicis
1196 2240 1395 2294 anima:
1420 2253 1620 2309 corpus
1637 2237 1918 2293 innoxium
1942 2233 2145 2291 saevius

535 2334 842 2391 vorandum
884 2333 1159 2389 morsibus
1194 2332 1519 2404 deputatur;
1562 2330 1745 2386 bellua
1777 2339 1957 2385 tamen
2003 2326 2149 2383 facta

536 2426 684 2483 mitis
729 2435 787 2483 et
824 2426 1058 2496 placida,
1084 2443 1152 2483 ne
1171 2435 1394 2482 sanctos
1417 2436 1565 2481 artus
1590 2425 1782 2481 insano
1810 2424 1976 2480 dente
2000 2423 2149 2478 lace-

534 2528 683 2578 raret
710 2523 991 2588 esuriens,
1023 2522 1195 2589 cmpit
1222 2534 1409 2576 amare
1445 2519 1557 2591 jam
1598 2520 1817 2585 famem,
1860 2517 2147 2588 vultusque

539 2612 799 2669 terribilis
828 2613 1009 2669 rabies
1038 2611 1248 2669 mollita
1287 2612 1615 2669 submittens
1638 2654 1654 2679 ,
1684 2622 1849 2681 atque
1893 2610 1947 2665 in
1978 2609 2147 2665 saevis

536 2706 781 2764 faucibus
805 2708 884 2763 ira
910 2706 1165 2763 blandior
1185 2705 1608 2779 conquiescens,
1638 2702 1891 2775 genuina:
1915 2702 2147 2757 feritatis

538 2802 889 2862 immemores
917 2802 1156 2875 pradam
1186 2816 1409 2860 servare
1440 2800 1625 2857 docuit
1651 2809 1781 2856 tunc
1810 2798 2018 2855 leones.

2253 2238 2601 2308 monstravit,
2645 2240 2933 2311 virgultum
2972 2241 3209 2298 solvitin
3231 2242 3544 2309 colubrum,
3581 2259 3681 2316 per
3705 2245 3873 2300 mari-

2251 2345 2351 2385 nos
2373 2330 2569 2387 fluctus
2601 2333 2884 2402 pedestres
2914 2335 3170 2404 pati-fecit
3216 2336 3464 2392 incessus
3489 2379 3505 2403 ,
3548 2338 3867 2407 pluentibus

2248 2424 2447 2479 nimbis
2477 2435 2791 2482 nectareum
2822 2443 3017 2482 manna
3042 2428 3260 2484 diffudit
3286 2471 3301 2495 ,
3336 2446 3402 2486 ex
3435 2431 3725 2486 arentibus
3751 2434 3867 2488 saxi

2247 2517 2553 2573 visceribus
2582 2518 2757 2574 undas
2794 2520 2956 2588 ejecit
2981 2565 2995 2589 ,
3028 2536 3120 2576 ora
3170 2529 3341 2576 mutae
3367 2522 3747 2594 quadrupedis
3778 2524 3869 2579 bu-

2248 2627 2406 2667 mana
2435 2612 2534 2668 fari
2560 2614 2722 2670 verba
2770 2614 3035 2683 permisit,
3067 2615 3339 2671 elementa
3383 2615 3583 2671 deﬁxis
3614 2618 3866 2673 cursibus

2247 2706 2408 2777 longa
2447 2709 2686 2765 statione
2711 2709 3036 2779 suspendit,
3080 2710 3364 2766 volucrum
3396 2710 3726 2769 ministeriis
3770 2713 3866 2769 bo-

2246 2801 2446 2858 minem
2474 2803 2638 2875 pavit,
2671 2812 2728 2861 et
2754 2803 2809 2860 in
2840 2804 3040 2861 ccelum
3067 2806 3282 2863 corusci
3307 2805 3588 2879 equitatus
3607 2823 3720 2865 axe
3743 2824 3867 2882 per-

2035 2916 2357 2975 SCHOLIA.
2456 2922 2459 2925 ’
2534 2964 2540 2977 .

536 3041 742 3120 glossa.
787 3040 894 3099 Sed
928 3040 1070 3096 eum'
1091 3055 1295 3120 omnes
1322 3038 1497 3120 nostri
1518 3050 1834 3120 rmjss.jocum
1868 3032 2141 3116 plerisque

536 3111 696 3169 editis
722 3121 946 3170 teneant
967 3117 1265 3185 furuerunt.
1283 3111 1336 3166 id
1369 3111 1873 3185 praestatretiurre,
1894 3111 2141 3185 quamvis

537 3186 784 3241 nonnulli
813 3176 1155 3256 grammatici
1188 3176 1757 3256 negentiprmteritum
1787 3182 1987 3256 a_[ur_o.
2008 3176 2137 3232 Nam

536 3258 680 3312 favet
708 3251 899 3327 Prola,
929 3267 985 3312 et
1014 3251 1521 3327 prmtcritumifurui
1538 3251 1742 3327 Servio
1773 3251 2054 3327 tribuitur,
2086 3261 2141 3306 et

534 3328 716 3385 Plinio
745 3322 909 3384 etiam
935 3322 1322 3383 abllarduiuo.
1345 3322 1597 3381 Ostendit
1619 3334 1886 3390 przeterea
1915 3322 2141 3377 Arnlze-

535 3403 682 3469 nius,
718 3402 948 3473 furorem
977 3400 1214 3470 graviori
1259 3398 1353 3473 irae
1378 3396 1571 3473 tribui,
1601 3394 2141 3473 adeoquejeruerunt

539 3462 702 3541 pos~e
718 3462 848 3527 'esse
868 3462 1107 3540 glossam
1132 3469 1392 3537 praeteriti
1417 3469 1715 3541 furuerunt.
1749 3465 1803 3541 In
1828 3462 2023 3541 Darius
2046 3482 2143 3541 an-

537 3537 802 3614 tiquiores
835 3537 1063 3609 primam
1103 3553 1158 3597 et
1194 3541 1489 3597 secundam
1523 3538 1897 3614 producebant
1925 3556 1937 3591 :
1971 3537 2145 3594 Sedu-

536 3610 670 3679 liiis,
715 3614 994 3682 Sidonius,
1027 3624 1085 3670 et
1122 3614 1240 3672 alii.
1273 3624 1561 3679 utramque
1581 3610 1912 3682 corripiunt;
1946 3626 2141 3682 quatu-

537 3702 700 3758 quam
731 3680 1033 3758 iuuSedulio
1055 3686 1348 3758 synaeresis
1380 3684 1497 3758 ﬁeri
1522 3680 1961 3758 p9_test,_aujt_l_egi
1986 3681 2136 3758 pari,

608 3756 737 3812 2t5.
782 3756 878 3813 Hic.
913 3753 1105 3813 versus
1132 3756 1262 3812 Ecce
1292 3756 1449 3813 deest
1474 3756 1525 3809 in
1555 3753 1688 3826 Vat.
1716 3755 1770 3816 2.
1796 3755 1946 3826 Alb.,
1971 3753 2137 3826 Ang.,

540 3826 674 3899 Reg.
705 3827 758 3892 4.
796 3830 852 3899 5,
881 3829 1037 3889 Urb..
1073 3829 1214 3893 Meo,
1250 3829 1437 3896 Rom.,
1483 3826 1627 3896 Ald.,
1668 3825 1890 3899 P:irrh._.
1929 3830 2139 3897 Arum,

537 3897 717 3970 Lips,
758 3897 860 3957 ms.
902 3902 1127 3969 Heinsii,
1159 3901 1315 3957 Cant.
1348 3901 1578 3956 Additus
1617 3899 1782 3954 estin
1832 3897 1951 3953 Vat.
1995 3900 2018 3954 l
2056 3918 2140 3959 re-

537 3974 771 4028 centiori
795 3990 979 4041 manu,
1007 3987 1064 4029 et
1091 3976 1144 4029 in
1176 3973 1288 4029 Ott.
1329 3974 1352 4028 1
1385 3975 1662 4042 ascriptus
1687 3971 1741 4026 in
1770 3970 1876 4025 line
1909 3972 2137 4040 paginm,

536 4046 666 4116 etin
697 4044 829 4115 Reg.
855 4045 891 4100 2
917 4046 982 4101 ad
1009 4049 1331 4116 marginem.
1362 4044 1420 4099 In
1456 4045 1586 4114 Reg.
1621 4046 1642 4098 1
1674 4043 1820 4114 prius
1842 4055 1929 4099 est
1951 4060 2142 4103 versus

540 4114 693 4176 Ecce.
722 4114 833 4172 tuin
870 4117 982 4174 Nec
1011 4114 1213 4173 minus:
1235 4116 1329 4172 sed
1359 4120 1572 4187 signant
1599 4115 1939 4186 trajeCtionis
1961 4116 2138 4174 adest.

540 4187 682 4258 idem
712 4188 847 4257 Rt-g.
879 4191 1043 4246 liabet
1067 4189 1196 4244 Ecce
1224 4190 1431 4255 etenim,
1463 4189 1559 4244 sed
1580 4203 1678 4258 pro
1707 4188 1895 4242 ctenim
1912 4188 2140 4246 fortasse

535 4257 640 4316 fuit
666 4259 840 4316 aliud.
874 4265 987 4318 Ott.
1029 4263 1086 4325 2,
1134 4262 1306 4317 codex
1342 4261 1406 4326 E,
1439 4273 1492 4315 et
1522 4257 1661 4315 alius
1691 4274 1797 4313 ms.
1831 4260 1974 4327 apud
2007 4260 2141 4315 Bur-

538 4346 821 4403 tnaunom,
860 4333 991 4391 Ecce
1026 4333 1197 4400 aliud,
1243 4334 1389 4404 quod
1432 4336 1777 4404 Burmannus
1821 4344 2009 4387 monet
2044 4336 2140 4387 de-

538 4415 816 4478 sumptum
843 4421 908 4478 ex
960 4406 1182 4478 Virgilio
1222 4402 1417 4462 ηΑΞη.
1458 4402 1594 4459 Ecce
1620 4402 1768 4458 aliud
1799 4405 1989 4476 majus.
2033 4404 2137 4460 Alii

539 4476 663 4530 exbi
676 4480 807 4530 bent
840 4475 968 4532 Ecce
988 4475 1193 4535 etenim.

608 4546 737 4602 2l9.
777 4547 834 4602 In
857 4555 1099 4606 carmine
1127 4551 1344 4620 vulgato
1366 4549 1643 4605 Aldhelm.
1680 4548 1749 4604 de
1772 4547 2024 4619 Virginit.
2060 4550 2139 4604 iu-

539 4620 742 4691 seritur
775 4620 861 4691 llic.
895 4637 1109 4687 versus,
1148 4632 1204 4679 et
1230 4619 1433 4691 legitur
1462 4619 1739 4677 Edidicere
1766 4636 1785 4676 :
1814 4622 1909 4674 sed
1946 4622 2000 4676 in
2034 4637 2135 4676 ms.

541 4688 721 4762 iuveni
759 4690 827 4746 Et
866 4693 1115 4751 didicere.
1168 4688 1545 4751 Nebrisseusis
1578 4709 1647 4749 ex
1695 4691 1925 4747 Martiali
1959 4710 1997 4757 ι,
2043 4710 2131 4762 ep.

541 4760 666 4829 105,
701 4764 769 4819 de
803 4764 961 4821 leone
1010 4780 1062 4821 et
1109 4769 1297 4835 lepore
1328 4764 1539 4836 profert
1573 4782 1586 4817 :
1620 4762 1689 4819 Et
1715 4764 1948 4836 securior
1974 4774 2049 4819 est
2078 4760 2132 4820 in

534 4847 626 4887 ore
651 4838 851 4902 prazda.
885 4838 1027 4894 Idem
1057 4832 1388 4901 Martialis],
1417 4852 1506 4908 ep.
1540 4837 1594 4901 7,
1624 4838 1698 4891 ait
1731 4853 1742 4889 :
1786 4832 1949 4890 Tutus
1973 4846 2021 4890 et
2053 4837 2134 4891 iu.

531 4910 670 4982 genti
692 4908 830 4982 ludjt
851 4911 903 4965 in
930 4928 1016 4966 ore
1034 4912 1202 4982 lepus.

609 4977 736 5051 ξω.
771 4979 905 5051 Reg.
939 4986 990 5050 1,
1029 4977 1409 5051 Recapitulatio
1435 4979 1666 5035 omnium
1707 4979 1982 5034 ultionum.
2017 4980 2131 5044 Ott.

534 5046 586 5113 ί.
620 5046 999 5124 Βεταρὶιιῖιαιὶὸ
1024 5046 1249 5110 omnium
1268 5053 1657 5124 miraculorum.
1684 5051 1867 5114 Rom..
1895 5051 2133 5108 Interro-

530 5123 673 5196 gatio
701 5123 884 5181 contra
910 5136 1173 5182 naturam.
1208 5126 1356 5181 Meus
1375 5168 1390 5188 ,
1444 5123 1696 5196 Epilogus
1736 5124 2123 5192 praedictorum.

533 5190 736 5267 Mittit:
772 5200 918 5253 clare
964 5199 1206 5253 imitatur
1247 5190 1526 5253 Sedulium
1563 5190 1684 5255 Ι.’1.
1718 5190 1861 5251 vers.
1896 5196 2020 5267 890,
2054 5200 2128 5255 al.

532 5263 834 5341 82§_:_Dic,
866 5271 953 5326 ubi
980 5281 1120 5325 sunt.
1148 5270 1440 5332 mundana,
1469 5280 1591 5329 tute.
1622 5268 1895 5338 sapientia,
1931 5263 2103 5341 leges?

604 5338 729 5394 22L
765 5343 908 5399 Editi
938 5344 1268 5411 Quistotics.
1320 5343 1401 5396 vel
1452 5343 1654 5397 totiens.
1706 5341 1836 5396 Cod.
1891 5338 2128 5402 Efcum

533 5405 665 5485 Reg.
708 5414 730 5469 1
774 5431 804 5469 a
831 5433 912 5484 pr.
943 5405 1042 5482 ii...
1077 5416 1180 5485 Qui
1205 5415 1375 5469 toties.
1411 5415 1469 5468 lu
1500 5415 1645 5471 toties
1687 5424 1741 5470 et
1779 5415 1961 5472 totiens
1994 5432 2125 5473 mss.

523 5481 688 5559 etiam
721 5481 956 5545 vari-ant.
989 5481 1153 5552 Editi.
1175 5488 1262 5559 qui
1290 5497 1527 5543 tartara:
1551 5503 1583 5543 e
1606 5503 1737 5545 mss.
1769 5489 1974 5543 nostris
2005 5488 2126 5545 Vat.

524 5550 551 5607 1
575 5568 711 5631 aApr.
738 5576 838 5622 m.,
864 5561 994 5631 Reg.
1016 5561 1071 5625 4.
1100 5550 1268 5625 Μ’θὶις,
1289 5561 1403 5628 quis
1425 5569 1658 5615 tartara:
1679 5560 1772 5617 alii
1797 5576 1918 5617 cum
1942 5560 2128 5619 editis.

591 5624 720 5683 222.
757 5624 1237 5703 Possetvsteriliquc
1256 5624 1466 5688 marito.
1499 5632 1788 5701 Cellarius,
1813 5643 1868 5689 et
1893 5634 2125 5688 Arntze-

516 5702 639 5761 nius
688 5716 887 5763 tartara
936 5702 1369 5779 interpretantur
1414 5708 1484 5763 de
1528 5707 1814 5775 sepulcro,
1863 5707 1948 5762 vel
1980 5714 2121 5762 statu

517 5787 879 5834 mortuorum.
902 5779 1012 5837 Sed
1038 5778 1138 5836 cur
1166 5792 1278 5837 non
1303 5778 1372 5836 de
1399 5779 1591 5837 inferis
1615 5781 1859 5848 sedibus,
1888 5779 1958 5836 ad
1985 5792 2121 5850 quas
2209 5853 2220 5864 ι

515 5916 536 5961 ι
590 5901 614 5929 α
642 5882 747 5946 Alii
779 5890 905 5960 Qui,
934 5893 1025 5949 alii
1051 5894 1204 5961 Quis.

2248 3035 2482 3091 animam
2508 3034 2709 3094 Christi
2731 3038 3081 3096 descendisse
3101 3040 3397 3104 credimus.
3423 3051 3483 3097 ut
3501 3043 3718 3099 animas
3741 3059 3863 3100 san-

2247 3117 2460 3182 ctorum
2490 3118 2703 3178 patrum
2736 3110 3033 3167 liberaret?
3060 3112 3212 3177 Seio,
3246 3112 3350 3169 boc
3380 3116 3556 3182 ipsum
3588 3117 3662 3169 ab
3693 3119 3860 3173 haere-

2250 3181 2371 3254 ticis
2404 3183 2676 3236 nonnullis
2690 3185 2924 3254 negari:
2958 3185 3053 3240 sed
3085 3200 3184 3241 eos
3205 3181 3423 3254 egregie
3448 3187 3681 3242 revincit
3708 3189 3863 3245 Peta-

2250 3252 2373 3306 vius
2403 3254 2439 3305 Ι.
2469 3269 2564 3309 xut
2593 3254 2660 3308 de
2685 3253 2897 3310 locaru.
2924 3270 2974 3310 c.
3007 3256 3093 3311 15.
3123 3252 3259 3311 Vide
3285 3257 3318 3310 Ι.
3342 3252 3397 3322 v,
3434 3274 3583 3314 vers.
3615 3260 3748 3315 428.

2170 3353 2216 3418 Ο
2316 3322 2443 3379 225.
2478 3328 2587 3381 Ott.
2615 3326 2671 3391 2,
2703 3343 2862 3380 auum
2890 3328 3100 3391 Soram.
3132 3329 3397 3402 praecepit.
3440 3330 3498 3385 In
3552 3330 3678 3386 aliis
3725 3348 3857 3389 mss.

2249 3394 2437 3443 Summ
2462 3407 2545 3443 est
2572 3399 2750 3443 classa
2781 3414 2943 3443 munra
2968 3415 3141 3443 animi,

2291 3413 2437 3469 arant
2462 3407 2545 3451 est
2572 3399 2750 3465 glossa
2781 3414 2944 3469 supra
2968 3399 3147 3456 auum.

2316 3466 2445 3544 227.
2478 3470 2823 3544 Rurmanuus
2847 3466 3021 3537 putat.
3045 3474 3566 3544 interpungendum,
3587 3476 3861 3532 mirabile!

2246 3538 2454 3594 nimbis.
2478 3539 2679 3597 Verum
2703 3558 2808 3597 non
2827 3544 3042 3599 videtur
3062 3538 3429 3617 interjectioui
3454 3538 3718 3603 ltic'loeus
3739 3565 3859 3605 esse

2246 3622 2428 3665 amns.

2474 3683 2693 3765 Regi.
2721 3684 2843 3741 Vat.
2865 3685 2922 3765 2_,
2947 3699 3135 3765 contra
3161 3700 3393 3765 metrum
3412 3689 3581 3765 pluit.
3596 3694 3688 3761 qui
3709 3709 3856 3749 saa'o.

2244 3752 2333 3808 Sic
2363 3755 2532 3831 edidit
2564 3752 2775 3831 Aldus,
2815 3759 2907 3829 qui
2957 3762 3276 3831 plerumque
3325 3752 3423 3816 bis'
3455 3752 3673 3818 duobus
3723 3782 3853 3821 mss.

2245 3826 2538 3906 consentit.
2574 3826 3007 3906 l’lerique_'_rnss'.,
3042 3847 3091 3890 et
3121 3834 3285 3895 editi.
3316 3833 3480 3906 pluit,
3518 3852 3649 3889 saxo
3682 3837 3857 3891 latices

2246 3898 2598 3973 produxitab
2644 3898 2770 3954 imo.
2818 3902 2993 3959 Minus
3035 3907 3172 3961 bene
3217 3898 3431 3962 Poélm.
3469 3898 3764 3973 producit,
3807 3918 3857 3963 et

2245 3966 2433 4049 Parrb.
2467 3972 2529 4025 ob
2550 3989 2672 4026 uno.
2705 3974 3031 4032 Arutzeuius
3059 3979 3443 4045 suspicabatur
3468 3966 3532 4031 ab
3559 3981 3689 4043 icto,
3732 3966 3855 4049 quia

2244 4042 2454 4098 scilicet.
2502 4059 2814 4113 percussum
2861 4058 2945 4102 est
2992 4042 3223 4103 saxum:
3269 4050 3365 4104 sed
3401 4065 3466 4104 ex
3512 4065 3617 4104 ms.
3671 4042 3852 4106 Arntz.

2243 4115 2529 4192 rescripsi}
2559 4116 2693 4192 _sua:i
2738 4118 2913 4173 latices
2951 4123 3202 4192 produxit
3240 4121 3304 4174 ab
3339 4122 3465 4183 imo,
3495 4132 3551 4175 ut
3581 4121 3688 4177 hoc
3719 4123 3855 4177 libro

2242 4199 2390 4239 vers.
2552 4186 2973 4263 imaprofundi',
3008 4207 3059 4247 et
3104 4193 3664 4263 similia.’pr:esertim
3715 4194 3854 4262 apud

2243 4266 2452 4334 poetas.
2497 4260 2554 4313 lu
2602 4258 2883 4316 Addendis
2920 4275 3099 4319 tamen
3128 4258 3373 4333 agnovit:
3405 4263 3665 4334 frequens
3692 4258 3852 4320 etiam

2242 4331 2543 4407 essentiam
2564 4347 2768 4407 saxum,
2791 4334 2950 4389 imum
2977 4331 3297 4402 pulmonem,
3321 4337 3484 4390 imum
3508 4331 3850 4407 profundum.

2243 4398 2491 4467 lutelliue
2526 4403 2640 4472 quis
2673 4405 2806 4472 pluit
2840 4398 3051 4463 manna.

2310 4472 2441 4527 229.
2458 4473 2659 4530 Omnes
2683 4477 2849 4532 nostri
2872 4479 3133 4535 tredecim
3158 4495 3291 4534 mss.
3317 4495 3438 4534 cum
3463 4478 3681 4543 Pnrrh.,
3704 4480 3849 4542 ΑΜ..

2239 4552 2297 4598 et
2325 4544 2743 4624 codd.‘lleiosi_i,
2778 4549 2957 4624 Lips.._
3002 4555 3218 4617 Arutz.,
3259 4553 3451 4619 Cant.,
3497 4554 3703 4624 plano:
3747 4569 3848 4607 non

2244 4618 2397 4686 pauci
2435 4618 2597 4680 editi.
2648 4622 2815 4686 pleno.
2870 4622 3099 4679 Scliedze
3150 4625 3359 4678 Poelm.
3411 4635 3464 4679 et
3497 4618 3846 4679 'Arntzenius

2243 4690 2540 4765 probarunt
2570 4692 2746 4765 plano,
2772 4694 2924 4760 cujus
2950 4696 3127 4765 glossa
3151 4704 3237 4755 est
3263 4697 3318 4749 in
3347 4694 3525 4759 Rng
3552 4696 3845 4761 articulum,

2238 4771 2398 4827 recto,
2430 4764 2674 4839 velapto.
2697 4763 3046 4839 Rurtnzmnus
3070 4766 3386 4839 praeferebat
3415 4766 3678 4839 plenosut
3698 4769 3847 4839 plma

2242 4847 2360 4909 uoce
2390 4835 2527 4901 apud
2556 4835 2843 4909 Virgilium
2895 4838 2988 4891 lib.
3023 4855 3038 4893 ι
3081 4838 3283 4909 Georg.
3315 4835 3461 4893 vers.
3510 4837 3639 4893 318.
3687 4835 3847 4894 Addit

2239 4901 2518 4959 Lucanum
2554 4908 2591 4961 Ι.
2625 4901 2697 4974 vi,
2725 4923 2866 4962 vers.
2893 4909 3019 4965 69.2.

2459 4978 2715 5055 Nonnulli
2730 4980 2882 5055 editi,
2898 4982 3227 5055 Suspensus:
3244 4983 3366 5055 lege
3388 4983 3689 5052 Suspensis.
3712 4984 3839 5055 Reg.

2236 5046 2293 5174 ἓξ
2322 5049 2492 5175 Μεῖξιε,
2524 5051 2777 5108 abstulit:
2815 5053 2865 5107 iu
2896 5046 3028 5125 Reg.
3057 5055 3092 5110 «1
3121 5046 3416 5111 recentiori
3448 5046 3613 5111 manu
3647 5046 3839 5112 factum

2276 5132 2376 5175 θείη
2405 5132 2462 5175 tt.

2276 5132 2462 5178 istum.

2308 5194 2436 5271 25d.
2471 5194 2605 5271 Reg.
2637 5195 2691 5256 5.
2712 5195 2830 5271 ptt.
2859 5195 2914 5271 2.
2950 5197 3117 5271 Mens,
3152 5199 3295 5271 Alb.,
3346 5197 3451 5253 Per
3490 5201 3840 5271 volucremque

2233 5262 2516 5339 (inminent.
2544 5265 2670 5339 Vat.
2704 5267 2759 5333 2,
2793 5269 2940 5336 Ald.,
2979 5268 3079 5323 Per
3097 5262 3455 5339 uolucremque
3481 5262 3772 5336 hominem,
3788 5282 3839 5325 et

2238 5335 2356 5409 Vat.
2391 5339 2426 5393 2
2454 5338 2605 5392 addit
2634 5353 2875 5394 errorem
2910 5341 3039 5409 pisci
3064 5356 3162 5409 pro
3189 5342 3347 5408 pasci.
3371 5335 3495 5397 'Alii
3541 5358 3673 5395 mss.
3719 5335 3833 5396 cum

2237 5407 2453 5484 Parrh.,
2488 5421 2540 5462 et
2564 5409 2833 5484 plerisque
2856 5407 3015 5484 editis
3046 5407 3149 5466 Per
3167 5407 3398 5468 uolucres
3419 5412 3684 5468 Itmuinem
3701 5415 3834 5484 pasci

2232 5481 2393 5543 dedit,
2418 5491 2571 5549 atque
2599 5483 2845 5537 coruscis.
2872 5482 3031 5548 Urb.,
3062 5484 3244 5545 Rom..
3267 5485 3429 5549 dedit,
3463 5484 3555 5540 ille
3588 5481 3829 5540 coruscis.

2303 5498 2393 5543 au,
2418 5498 2471 5534 at
2508 5498 2571 5535 ue
2599 5498 2845 5537 coruscrs.
2875 5498 3031 5548 urn.,
3063 5498 3244 5545 ttom.,
3267 5498 3429 5549 dedit,
3463 5498 3555 5540 rue
3588 5501 3829 5540 contam.

2303 5552 2434 5609 252.
2469 5498 2722 5608 gortasse
2750 5568 2815 5628 ex
2848 5555 3040 5611 Ovidio
3069 5572 3143 5628 rv,
3176 5555 3301 5610 Μαιι.
3337 5557 3464 5612 145.
3500 5554 3695 5611 Oculos
3722 5560 3829 5628 jam

2233 5636 2394 5688 morte
2434 5633 2692 5697 gravatos,
2726 5627 2819 5681 ubi
2844 5627 3087 5683 nonnulli
3121 5627 3326 5683 habent
3354 5630 3537 5684 minus
3568 5628 3708 5684 bene
3722 5631 3830 5699 jam

2232 5700 2286 5754 in
2314 5706 2497 5754 morte.

2294 5773 2421 5829 255.
2444 5771 2607 5841 Urb.,
2630 5769 2905 5845 Naufraga
2925 5787 2942 5825 :
2966 5771 3045 5827 sic
3067 5770 3178 5829 Ott.
3204 5771 3230 5828 1
3257 5787 3286 5828 a
3312 5785 3393 5843 pr.
3423 5785 3525 5842 m.,
3552 5770 3650 5829 sed
3672 5782 3825 5843 supra
