4060 6320
455 246 553 304 591

595 360 686 418 Sic
706 360 882 417 aliena
907 370 1131 429 gerens,
1164 364 1224 414 ut
1248 347 1350 415 nec
1373 364 1463 415 tua
1492 357 1742 430 linquere
1763 373 1974 429 posses.

455 456 565 515 555

1845 546 1912 601 im
1922 546 2051 602 olet.

1845 546 1912 601 im
1958 546 2051 602 let.

604 640 759 715 195
802 639 1012 696 Marcus
1056 613 1116 694 ui
1162 638 1272 694 alta
1321 637 1505 697 fremit
1550 655 1656 696 vox
1700 654 1796 711 per
1818 544 2053 698 [desierta

1767 735 1982 807 [leonis,

598 833 727 891 Jura
753 830 1056 888 sacerdotis
1086 828 1260 886 Lucas
1290 835 1442 885 tenet
1467 843 1564 885 ore
1590 827 1843 899 iuvenci.f

600 927 751 983 More
772 924 968 981 volans
996 922 1212 994 aquilze,
1239 922 1410 979 verbo
1436 923 1570 994 petit
1588 931 1732 978 astra
1762 921 2019 980 Joannes.

598 1018 866 1087 Quattuor
895 1016 951 1071 iii
995 1030 1256 1087 proceres
1284 1030 1391 1070 una
1422 1022 1476 1070 te
1501 1029 1636 1070 voce
1666 1023 1949 1085 canentes,

456 1112 563 1171 360
590 1111 858 1183 Tempora
872 1125 970 1167 ceu
989 1108 1241 1175 tetidem,
1257 1108 1423 1163 latum
1436 1117 1762 1180 sparguntur
1774 1110 1827 1163 in
1845 1110 2057 1165 orbem.

600 1205 693 1265 Sic
725 1213 782 1262 et
811 1201 1097 1275 apostolici
1127 1215 1345 1273 semper
1374 1199 1661 1257 duodenus
1690 1199 1919 1255 honoris

1834 239 2052 299 οαειιι
2091 239 2177 301 SE
2186 240 2366 301 DULll

710 367 882 417 aliena
907 370 1131 429 gerens,
1164 367 1224 414 ut
1248 370 1350 415 nec
1373 367 1463 415 tua
1493 367 1742 430 linquere
1763 373 1974 429 posses.
2075 367 2127 426 Α

710 453 823 508 lloc
852 450 1139 507 Matthrcus
1169 464 1362 521 agens,
1396 448 1677 506 hominem
1719 452 2053 522 generaliter

3655 233 3759 296 892

2299 361 2491 432 Fulget
2510 373 2651 432 apex
2671 372 2920 426 numero,
2954 371 3172 416 menses
3192 358 3456 423 imitatus,
3487 362 3544 412 et
3566 355 3752 422 horas,

2302 453 2568 511 Omnibus
2598 462 2657 508 ut
2696 453 2859 509 rebus
2889 460 3035 509 totus
3077 451 3172 506 tibi
3212 451 3407 507 militet
3432 464 3629 505 annus.

2308 549 2446 605 Hinc
2475 548 2637 618 igitur
2673 549 2876 603 veteris
2906 546 3159 603 recolens
3179 543 3409 601 exordia
3452 542 3667 609 mortis,

2162 641 2268 699 ’565
2303 640 2387 697 Ad
2415 642 2579 697 vitam
2621 640 2928 712 properabo
2975 653 3206 705 novam,
3251 638 3632 709 lacrymasque
3676 648 3760 690 se-

3472 727 3691 803 [rendo,

2306 829 2513 887 Gaudia
2569 830 2727 902 longa
2781 837 3022 887 metam:
3080 843 3203 883 nam
3253 828 3346 899 qui
3391 826 3656 883 deﬂemus
3710 825 3761 880 in

3470 918 3693 994 μάθω,

2315 1017 2472 1089 196
2496 1016 2716 1074 Semina
2743 1015 3044 1083 mittentes,
3074 1030 3200 1073 mox
3224 1014 3624 1072 exsultabimus
3648 1027 3763 1069 om-

3550 1105 3694 1180 lues,

2166 1201 2270 1259 568
2308 1201 2596 1260 Portantes
2628 1211 2869 1273 nostros,
2899 1201 3120 1260 Christo
3145 1199 3404 1257 veniente
3424 1240 3441 1268 ,
3470 1197 3759 1270 maniplos.

1810 1337 1990 1396 OPUS
2026 1338 2416 1398 PASCHALE.

454 1471 514 1520 ut
540 1462 629 1518 leo
677 1458 969 1525 mirabilis,
1003 1473 1097 1528 per
1141 1456 1355 1512 deserta
1387 1454 1717 1511 vociferatus
1756 1454 2058 1510 infremuit.
2162 1471 2265 1513 nus
2296 1455 2398 1511 tibi
2424 1457 2620 1514 militet
2643 1457 2956 1515 universus.
2990 1456 3160 1529 Igitur
3181 1455 3310 1512 hinc
3329 1464 3543 1512 vetusta
3569 1471 3773 1513 memo—

454 1559 633 1616 Lucas
676 1554 1001 1612 sacerdotali
1032 1552 1307 1622 religionis
1338 1551 1568 1607 exordio
1613 1551 1845 1621 sumpsit
1871 1550 2063 1605 simili—
2161 1564 2290 1605 rans
2342 1552 2582 1622 antiquae
2637 1554 2827 1609 mortis
2897 1553 3169 1623 exordia,
3226 1567 3423 1608 novam
3482 1566 3775 1622 pronerare

450 1652 700 1707 tudinem
726 1649 795 1703 de
820 1648 1077 1717 juvenco.
1104 1644 1344 1701 Joannes
1364 1644 1560 1715 aquilae
1589 1644 1825 1699 volantis
1853 1643 2059 1714 impetu
2161 1642 2405 1699 delector
2426 1645 2492 1698 ad
2511 1644 2701 1716 vitam,
2722 1645 2887 1717 utqui
2915 1645 3073 1702 lletus
3094 1644 3487 1701 seminavimus
3510 1645 3562 1699 in
3580 1645 3771 1717 Adam,

449 1745 653 1802 caelum
682 1740 837 1798 verbi
865 1740 1148 1811 majestate
1179 1740 1500 1810 penetravit.
1534 1738 1779 1805 Quatuor
1815 1738 1903 1794 isti
1937 1753 2061 1809 pro-
2161 1737 2406 1811 lartitiatn
2436 1749 2704 1794 metamus
2746 1740 2800 1795 in
2848 1741 3086 1808 Christo,
3130 1749 3187 1797 et
3213 1739 3534 1795 Davndicam
3568 1728 3776 1794 merea-

451 1855 633 1905 ceres,
663 1853 727 1893 ac
757 1849 1040 1908 praecones
1068 1849 1170 1890 uua
1202 1842 1440 1913 teavoce
1468 1841 1775 1897 cantantes,
1794 1848 1894 1888 ceu
1928 1840 2063 1888 tem-
2091 1885 2138 1913 η
2165 1810 2287 1888 niur
2311 1832 2498 1889 dicere
2538 1834 2867 1889 cantilenam
2898 1833 2927 1873 ι’
2954 1853 2967 1890 :
3001 1835 3105 1903 Qui
3133 1836 3388 1890 seminant
3418 1835 3475 1889 in
3513 1834 3776 1906 tacrgmis,

452 1948 586 2005 pora
609 1885 833 1987 iotidtim
861 1944 958 2000 per
985 1926 1308 1982 latissimam
1334 1905 1502 1981 totius
1523 1925 1710 1981 mundi
1729 1934 2061 1996 sparguntur
2091 1885 2139 1946 Β
2165 1926 2218 1981 in
2243 1927 2434 1999 gaudio
2484 1936 2690 1983 metent.
2731 1925 2933 1983 Euntes
2977 1928 3141 1993 ibunt,
3185 1938 3234 1983 et
3260 1929 3479 1999 ﬂebant,
3521 1929 3777 1982 mittentes

453 2024 715 2096 efﬁgiem.
743 2023 835 2079 Sic
859 2018 1147 2091 apostolici
1170 2034 1387 2090 quoque
1412 2017 1667 2074 culminis
1689 2018 1915 2074 honoris
1935 2018 2063 2075 duo-
2168 2021 2360 2076 semina
2390 2037 2507 2076 sua.
2545 2020 2819 2077 Venientes
2845 2030 3017 2077 autem
3061 2023 3262 2077 venient
3310 2024 3364 2077 in
3410 2020 3773 2088 exsultatione,

453 2118 631 2176 denus
655 2130 796 2186 apex
824 2127 1043 2185 semper
1070 2111 1368 2182 refulgens,
1402 2112 1644 2167 numeris
1686 2110 1849 2166 horas
1880 2111 2060 2167 imita-
2163 2123 2430 2186 portantes
2450 2116 2746 2186 manipulos
2775 2131 2898 2171 suos
2928 2115 2949 2188 (
2974 2114 3123 2171 Psal.
3156 2130 3346 2184 cum,
3374 2115 3431 2185 5,
3462 2114 3567 2186 6).

452 2216 566 2278 tur,
597 2215 655 2265 et
681 2220 923 2274 menses,
955 2214 1038 2275 ut,
1072 2203 1235 2261 rebus
1266 2203 1523 2260 omnibus
1568 2202 1932 2275 congregatis,
1962 2218 2061 2259 an-

1956 2340 2249 2401 SCHOLIA
2261 2385 2274 2399 .

525 2443 651 2502 554.
694 2443 825 2511 Reg.
867 2439 904 2495 2
943 2452 1133 2509 supra,
1184 2435 1320 2511 Reg.
1361 2435 1455 2511 4,;
1488 2443 1545 2492 et
1584 2435 1834 2491 nonnulli
1884 2435 2036 2511 editi,

451 2531 665 2582 nosses;
709 2508 978 2583 plerique,
1013 2508 1217 2579 posses;
1265 2508 1402 2583 Reg.
1430 2508 1490 2573 2,
1523 2524 1551 2561 a
1582 2522 1665 2577 pr.
1715 2523 1817 2572 m.,
1855 2510 2041 2583 possis.

418 2588 611 2652 ~Steoe
636 2580 1036 2655 :iccidit,‘posse
1064 2595 1129 2655 _et
1172 2596 1322 2635 nosse
1361 2580 1504 2655 inter
1537 2594 1599 2634 se
1632 2581 2046 2655 permutari,_et

449 2659 723 2716 interdum
765 2651 959 2727 parum
989 2652 1181 2721 refert,
1211 2660 1392 2707 utrum
1435 2652 1610 2723 eligas
1635 2667 1649 2704 :
1677 2651 1869 2707 eadem
1893 2653 2043 2708 enim

449 2734 660 2788 eruitur
689 2726 981 2783 sententia.

522 2802 649 2859 355.
690 2798 748 2854 lo
783 2796 1045 2854 Cantabr.
1077 2794 1527 2869 Explicit_devet.
1562 2792 1892 2869 Testamento
1921 2812 1934 2848 :
1964 2794 2044 2849 in—

448 2874 573 2945 cipit
594 2872 656 2945 d_e
680 2865 1270 2945 quatuorevgngclistis.
1299 2866 1580 2939 Prologus.
1617 2865 2047 2945 Alb.‘_lnvocatio

451 2936 573 2999 novi
603 2936 933 2997 Testamenti.
967 2936 1077 3011 Ott'.
1108 2941 1161 3001 1,
1187 2937 1263 2992 De
1290 2936 1517 3011 quatuor
1538 2936 1888 3011 evangelistis.
1908 2937 2044 3011 _Ott.

448 3015 508 3080 2,
542 3013 811 3068 Invocatio
840 3010 1047 3067 Sedulii
1073 3012 1127 3064 in
1149 3008 1377 3065 secundo
1406 3010 1558 3065 libro.
1594 3008 1699 3065 Pro
1731 3026 1885 3080 agens
1908 3008 2044 3080 Reg.

452 3079 656 3142 iniens
696 3101 817 3139 cum
842 3084 1024 3155 glossa
1058 3082 1323 3155 scribens,
1351 3083 1458 3155 sed
1482 3082 1641 3155 prius
1671 3079 1884 3155 videtur
1913 3079 2049 3136 scri-

451 3168 603 3227 ptum
638 3156 807 3212 fuisse
832 3151 1009 3229 agens.
1040 3154 1224 3229 Aldus
1239 3153 1411 3229 edidit
1440 3153 1605 3208 aiens.
1648 3161 1702 3207 et
1747 3153 1799 3229 iu
1846 3151 2046 3229 Emen-

452 3223 647 3284 dandis
669 3223 911 3284 correxit
952 3226 1045 3291 ait,
1089 3225 1175 3295 qui
1207 3225 1487 3289 hominem,
1534 3223 1819 3295 quomodo
1853 3223 2049 3292 legitur

2154 2438 2229 2493 hil
2260 2454 2359 2494 nos
2385 2441 2529 2511 cogit
2554 2447 2660 2495 tam
2680 2439 2926 2497 insolens
2943 2439 3168 2496 verbum
3196 2458 3348 2511 unas,
3376 2442 3580 2510 anatis,
3608 2455 3770 2509 agno-

2154 2526 2343 2579 scere;
2369 2513 2615 2583 adeoque
2645 2522 2754 2567 tam
2789 2513 2841 2566 in
2872 2527 3054 2583 prosa,
3077 2529 3238 2583 quam
3268 2514 3323 2568 in
3345 2515 3591 2570 carmine
3617 2528 3770 2582 sepa-

2154 2585 2322 2637 randa
2365 2592 2493 2637 sunt
2520 2586 2683 2639 verba
2711 2601 2814 2638 una
2839 2595 2908 2651 te,
2954 2584 3202 2640 scilicet:
3239 2598 3313 2654 te,
3353 2585 3618 2653 ChriSIe,
3669 2600 3768 2641 una

2156 2668 2291 2709 γοοδ
2321 2664 2601 2710 canentes.

2227 2724 2353 2780 ὅδὲ.
2391 2726 2556 2796 Urb.)
2590 2725 2752 2780 Rom.
2777 2770 2792 2796 ,
2834 2726 3106 2791 imitatur,
3150 2736 3197 2782 et
3222 2727 3400 2784 horas.
3448 2727 3654 2784 Arator
3682 2727 3719 2785 Ι.
3750 2744 3765 2784 t

2157 2811 2302 2872 vers.
2330 2796 2431 2872 itii
2463 2814 2476 2849 :
2509 2795 2781 2872 Duodena‘
2800 2799 3299 2872 refulgent—Signa
3330 2802 3498 2870 chori,
3529 2812 3589 2858 et
3626 2814 3763 2856 vers.

2157 2870 2190 2922 5
2203 2870 2218 2922 5
2230 2870 2262 2921 8
2280 2885 2292 2920 :
2330 2868 2573 2923 Ecclesia:
2594 2869 2848 2924 crescebat
2860 2868 3028 2936 apes.

2227 2938 2353 2994 564.
2391 2939 2522 3013 Urb.
2554 2952 2847 3013 corrupte,
2900 2940 3003 2995 Hic
3041 2943 3200 3013 igitur
3236 2960 3300 2997 ne
3330 2944 3481 2999 terris
3508 2945 3763 3000 recolens.

2156 3009 2263 3066 Pro
2291 3012 2510 3066 exordia
2532 3014 2709 3067 mortis
2733 3012 2904 3069 codex
2932 3009 3084 3069 vetus
3105 3012 3297 3083 Tanr.,
3323 3016 3538 3071 exordia
3562 3015 3763 3083 mundi,

2157 3083 2303 3152 quod
2349 3096 2527 3137 tamen
2563 3088 2742 3139 minus
2775 3085 2974 3154 placet.

2230 3154 2355 3232 _566.
2388 3153 2659 3232 Plerique
2684 3153 2818 3232 mss.
2857 3165 2913 3213 el
2955 3156 3118 3224 editi,
3162 3174 3287 3212 nam
3315 3159 3406 3232 qui
3433 3159 3687 3232 deﬂemus
3715 3160 3766 3214 in

2158 3224 2370 3301 fidam;
2401 3224 2580 3295 Angﬁ,
2618 3225 2738 3282 Vet.
2784 3228 2836 3301 1,
2877 3245 3001 3281 nam
3042 3232 3220 3301 quod;
3244 3232 3296 3283 in
3325 3224 3461 3300 Reg.
3487 3224 3524 3284 ξ
3560 3231 3768 3287 sidetur

453 3302 614 3357 etiam
648 3304 701 3355 iu
729 3298 864 3369 Reg.
896 3297 952 3352 5.
995 3291 1386 3373 Animadverte
1433 3291 1927 3373 plirasin‘implere’
1949 3298 2039 3347 ho-
2071 3291 2119 3357 C
2152 3296 2318 3351 fuisse
2358 3291 2648 3373 nam'quos
2674 3291 2831 3373 ,_scd
2855 3291 3067 3373 factum
3098 3312 3183 3356 est
3198 3291 3334 3355 'nant
3363 3291 3453 3373 qui
3471 3345 3487 3369 ,
3521 3312 3581 3359 et
3610 3318 3765 3372 supra

455 3373 664 3436 minem,
699 3372 753 3424 li.
788 3365 867 3434 ei,
914 3383 1110 3423 munus
1141 3365 1398 3432 hominis,
1448 3376 1505 3420 ut
1546 3365 1761 3434 implere
1791 3366 2039 3429 anticum,

454 3435 658 3511 Deum,
682 3441 938 3515 judicem,
978 3439 1236 3510 complere
1274 3438 1450 3492 duces.
1498 3435 1555 3490 ln
1586 3450 1749 3507 prosa
1778 3446 1865 3491 est
1890 3451 2045 3507 expe-

454 3515 601 3568 divit.

528 3585 655 3640 5'57.
690 3582 823 3650 Reg.
867 3582 935 3645 1,
966 3580 1031 3645 2,
1064 3580 1135 3643 5,
1189 3578 1311 3650 Vat.
1341 3579 1417 3650 1,
1450 3578 1506 3644 2,
1545 3577 1659 3633 Ott.
1701 3579 1755 3642 1,
1783 3577 1839 3643 2,
1885 3577 2043 3643 Urb.,

456 3655 654 3718 Rom.,
688 3649 867 3718 Meos,
899 3651 1196 3705 sacerdotii.
1240 3649 1411 3705 Codd.
1447 3652 1603 3704 Cant.
1623 3692 1638 3715 ,
1671 3651 1863 3705 Arntz.
1884 3691 1900 3714 ,
1933 3650 2049 3703 edi-

457 3727 636 3782 tiones
666 3722 884 3789 Parrb.,
914 3721 1064 3786 Ald.,
1111 3724 1339 3795 albaque
1360 3720 1524 3795 simili
1557 3719 1719 3795 modo
1745 3719 2044 3795 sacerdotii.

458 3797 645 3852 Editio
666 3795 840 3864 Lips.
886 3790 1264 3850 sacerdotumf
1287 3790 1537 3864 Plerique
1564 3790 1718 3858 editi,
1746 3793 2048 3864 sacerdotis,

461 3885 584 3924 cum
610 3862 747 3939 Aug.
768 3909 785 3933 ,
815 3865 950 3937 Reg.
980 3866 1033 3928 4,
1068 3865 1220 3939 Alb.,
1248 3874 1323 3925 et.
1358 3875 1416 3919 ut
1450 3862 1687 3939 videtur,
1718 3862 1831 3918 Ott.
1860 3864 1912 3939 _t,
1945 3866 2052 3939 _uni

460 3954 607 3996 nunc
644 3933 727 3994 esi
754 3933 1033 3994 sacerdotii
1074 3937 1264 3994 eadem
1302 3937 1478 3991 veteri
1521 3948 1726 3990 manu:
1778 3933 1876 3989 sed
1911 3934 2054 3990 aliud

460 4018 689 4081 apparet
715 4010 997 4081 deletuni._
1019 4009 1076 4063 ln
1106 4009 1322 4063 humilia
1348 4011 1511 4063 etiam
1533 4006 1732 4081 veteri,
1763 4005 1919 4075 cujus
1942 4022 2055 4081 tne—

461 4078 595 4138 mini
636 4099 786 4137 nutu.
823 4082 925 4136 177
968 4079 1182 4150 Proleg.
1212 4125 1226 4149 ,
1259 4090 1341 4135 est
1362 4079 1643 4133 sacerdotis
1670 4123 1685 4147 ,
1717 4078 2057 4150 etintendose

461 4171 548 4209 ore
577 4155 761 4208 virenti
794 4169 891 4223 pro
936 4168 1024 4207 ore
1057 4148 1290 4223 juuenci.
1334 4150 1624 4223 Probabile
1668 4148 1825 4203 valde
1863 4160 1978 4223 est,
2024 4166 2055 4204 a

461 4225 685 4282 Seduiio
713 4220 835 4280 esse
876 4220 1177 4294 profectum
1201 4222 1479 4277 sacerdotii
1503 4237 1521 4274 :
1551 4236 1673 4294 nam
1705 4220 1931 4294 eu_m_in
1957 4222 2057 4294 hu-

459 4296 703 4366 iusmodi
720 4291 1125 4352 concisionibus
1152 4295 1379 4366 multum
1401 4308 1542 4366 esse,
1573 4291 1805 4346 advertit
1834 4292 2060 4347 Parrltao

462 4364 606 4433 sius,
662 4380 824 4437 atque
870 4368 925 4420 in
963 4364 1337 4437 hujuscemodi
1376 4364 2063 4437 genitivispraestantiores

463 4440 602 4493 alios
626 4433 810 4493 habuit
833 4433 1178 4506 ducesfqttos
1202 4433 1528 4500 imitaretur,
1551 4445 1608 4488 ut
1640 4433 1843 4506 Virgili,
1873 4435 2061 4506 auxili,

2152 3383 2275 3420 nam
2322 3368 2500 3433 glossa
2544 3386 2657 3423 nos.
2690 3369 2917 3426 Scliedm
2945 3371 3152 3427 Poelm.
3186 3374 3237 3427 in
3266 3368 3479 3428 textum
3501 3368 3769 3442 recipiunt

2155 3454 2256 3512 _nos
2297 3454 2564 3512 pro__nam
2588 3479 2604 3502 ,
2646 3450 2808 3510 atque
2848 3443 2921 3497 ita
2954 3444 3005 3496 in
3038 3443 3150 3512 ipsa
3178 3445 3422 3500 editione
3451 3445 3766 3502 Poelmanni

2154 3510 2371 3586 legitur.
2405 3509 2562 3577 Urb.,
2594 3509 2755 3576 male,
2771 3530 2893 3567 nam
2914 3516 3003 3581 qui
3022 3509 3317 3586 deﬂevimus
3343 3516 3549 3583 Adam;
3584 3517 3766 3585 Rom.,

2155 3580 2530 3657 Alb.‘,_cotitru
2561 3594 2817 3657 metrum,
2845 3601 2967 3638 nam
2989 3588 3076 3656 qui
3087 3580 3400 3657 deﬂevimus
3427 3592 3478 3641 in
3507 3580 3695 3644 Adam.

2231 3652 2353 3707 367.
2398 3652 2616 3719 Arator,
2647 3654 2684 3709 Ι.
2724 3671 2773 3718 ι.
2799 3671 2851 3711 v.
2880 3652 3018 3717 419'.
3046 3652 3261 3713 videtur
3291 3659 3574 3715 Sedulinm
3604 3677 3768 3716 a-mu-

2158 3723 2289 3805 lari,
2325 3722 2405 3777 Da
2431 3725 2631 3805 semina
2645 3728 2804 3805 verbi,
2834 3735 2940 3783 etc.
2971 3727 3196 3801 Colligat
3224 3731 3322 3784 ista
3348 3747 3554 3801 manus,
3589 3742 3639 3787 te
3658 3738 3767 3805 fru-

2158 3796 2427 3869 ctiﬁcante
2439 3838 2454 3858 ,
2490 3797 2767 3869 maniplos.

2232 3868 2356 3921 365.
2402 3867 2588 3946 Rom,
2623 3867 2801 3946 turnus
2829 3871 3128 3946 eleganter,
3177 3871 3383 3929 Christo
3424 3886 3629 3930 nostros
3671 3890 3764 3946 pro

2159 3948 2363 3992 nostros
2403 3937 2629 3995 (ΖΙιτ-ίειο.
2705 3937 3123 3998 VetuSIissimus
3179 3946 3348 3999 codex
3421 3937 3765 4002 Inbiiotliéca?

2160 4009 2511 4085 Talll‘iﬂeﬂfis
2538 4030 2552 4067 :
2583 4010 2812 4085 Explicit
2841 4014 2967 4085 liber
2994 4016 3192 4083 primus
3215 4019 3397 4069 veteris
3417 4017 3759 4072 Testamenti.

2161 4080 2355 4153 Incipit
2376 4082 2508 4159 liber
2535 4080 2733 4159 prtinus
2754 4080 3260 4159 novi_Testantenti._
3273 4086 3489 4159 Legenti
3519 4091 3621 4159 vita
3653 4105 3764 4156 per-

2165 4162 2339 4228 petua.
2376 4153 2508 4228 Reg.
2536 4155 2588 4222 1,
2619 4154 2849 4228 Explicit
2867 4155 2997 4211 liber
3015 4158 3197 4212 veteris
3217 4153 3551 4213 Testamenti.
3579 4153 3767 4228 Incipit

2169 4226 2296 4295 liber
2321 4225 2520 4292 primus
2544 4227 2599 4279 in
2628 4243 2756 4281 novo
2785 4226 3127 4281 Testamento.
3160 4228 3274 4284 Ott.
3300 4230 3352 4293 1,
3377 4228 3608 4295 Explicit
3641 4225 3767 4284 liber

2172 4294 2374 4351 Sedulii
2404 4298 2601 4356 primus
2628 4299 2807 4353 veteris
2832 4295 3166 4353 Testamenti.
3208 4296 3405 4366 Inripit
3436 4304 3552 4355 noui
3582 4301 3760 4356 Testu-

2174 4368 2331 4419 inenti
2361 4366 2491 4439 liber
2519 4370 2739 4439 primus.
2791 4368 2908 4423 Vat.
2943 4370 2970 4424 1
2991 4411 3006 4434 ,
3042 4367 3274 4439 Explicit
3311 4370 3377 4426 de
3402 4375 3560 4427 veteri
3587 4371 3765 4429 Testa-

2174 4447 2363 4510 mento.
2416 4438 2611 4510 Incipit
2657 4438 2722 4494 de
2764 4455 2915 4496 novo.
2971 4441 3027 4494 In
3074 4444 3350 4496 nonnullis
3376 4445 3656 4498 codicibus
3685 4445 3761 4499 di—

465 4520 573 4564 etc.
622 4508 882 4576 Quamvis
905 4510 1125 4582 _autet‘n»
1150 4506 1610 4577 quadrisyllabum
1655 4505 1726 4582 sit
1762 4505 2057 4582 sacerdotii,
2088 4511 2143 4571 D
2168 4508 2387 4582 stinctio
2435 4505 2702 4582 indicatur
2750 4511 2896 4566 inter
2935 4512 3127 4567 librum
3163 4515 3394 4582 primum
3422 4559 3436 4582 ,
3482 4527 3537 4571 et
3574 4529 3761 4571 secun-

467 4588 647 4635 tamen
684 4581 875 4634 melius
903 4579 974 4634 ita
1002 4576 1272 4633 scribetur
1292 4618 1310 4645 ,
1341 4576 1504 4647 quam
1531 4576 1818 4645 sacerdoti,
1857 4584 1918 4632 ut
1943 4594 2059 4633 am-

467 4651 908 4720 lligttilaSOlllll'lS
939 4648 1177 4704 tollatur.

539 4721 665 4777 5:39.
698 4719 916 4775 Juretus
963 4720 1016 4773 in
1061 4735 1221 4789 prosa
1253 4719 1381 4787 legit
1407 4727 1558 4773 unate
1584 4733 1736 4784 voce,
1778 4729 1943 4788 atque
1990 4719 2062 4773 ita

465 4792 799 4860 conjunctim
828 4791 991 4845 etiam
1020 4791 1072 4844 in
1095 4791 1337 4845 carmine
1362 4789 1648 4859 legendum
1673 4790 1973 4854 contendit,
2006 4799 2064 4845 et

466 4862 798 4932 exemplaria
829 4876 961 4916 mss.
994 4864 1047 4916 in
1080 4862 1224 4916 hunc
1249 4860 1575 4916 sententiam
1605 4862 1793 4914 trahit.
1837 4860 1947 4917 Sed
1975 4863 2059 4915 ui-

540 4985 566 5013 ιι
594 4975 830 5041 Juretus,
865 4981 925 5029 ut
943 4972 1086 5038 .dixi,
1128 4981 1184 5026 et
1203 4970 1520 5027 Gallandius
1552 4970 1739 5041 legunt
1762 4982 1940 5037 unate,
1973 4972 2066 5029 alii

464 5048 593 5104 editi
624 5047 791 5101 unita.
857 5043 1045 5100 [livido
1075 5044 1266 5109 verba,
1297 5044 1436 5098 sicut
1465 5045 1517 5098 in
1549 5044 1818 5108 carmine,
1863 5061 1969 5099 una
1992 5054 2058 5100 te.

538 5120 564 5157 ί)
594 5118 761 5173 Paulo
787 5124 915 5172 ante
950 5113 1207 5182 rescripsi
1247 5122 1499 5168 metamus
1528 5131 1626 5185 pro
1656 5124 1926 5171 metemus.
1972 5116 2063 5172 Sic

464 5187 1018 5261 notmutnqnamlevi
1047 5188 1209 5242 unius
1241 5186 1491 5261 litterulae
1521 5192 1821 5261 mutatione
1840 5200 2060 5243 sensum

465 5274 667 5331 prosae,
700 5256 940 5330 alioquin
985 5267 1220 5331 certum,
1252 5256 1551 5331 planiorem
1578 5259 1813 5324 reddidi,
1847 5267 1904 5331 ut
1937 5274 2058 5329 pag.

466 5328 568 5390 178
586 5375 600 5402 ,
631 5328 865 5388 imitatur
906 5346 1006 5401 pro
1035 5328 1296 5397 imitatus,
1327 5338 1381 5384 et
1405 5329 1684 5399 deputatur
1713 5345 1812 5401 pro
1837 5328 2059 5398 deputa-

2167 4578 2319 4640 dum,
2353 4580 2449 4635 sed
2485 4582 2607 4656 _sine
2636 4582 2743 4637 ulla
2776 4578 3177 4656 inscriptionef
3208 4583 3379 4656 Aldus
3413 4578 3610 4642 librum
3657 4588 3760 4656 pri-

2168 4665 2315 4703 mum
2351 4651 2634 4705 continuat
2661 4668 2833 4721 usque
2854 4653 2922 4707 ad
2953 4669 3193 4722 versum,
3236 4654 3420 4709 Prima
3447 4674 3559 4713 sua:
3589 4651 3760 4711 Domi—

2166 4722 2534 4847 nucshtltat‘amis
2564 4724 2807 4796 dignatus
2833 4726 3015 4781 adesse
3033 4741 3052 4780 :
3078 4740 3186 4797 quo
3213 4727 3307 4783 alii
3335 4729 3549 4783 tertium
3579 4730 3758 4784 librum

2167 4809 2219 4845 in
2291 4809 2389 4847 oan
2420 4834 2433 4846 .

2167 4809 2433 4847 ιηεηοαηι.

2171 4984 2272 5059 tus.
2306 4978 2613 5059 Aliquando
2643 4981 2806 5037 verba
2832 4982 3023 5039 eadem
3047 4984 3321 5059 _relinquo
3341 5026 3358 5049 ,
3404 4989 3654 5058 quamvis
3680 4988 3757 5043 fa-

2167 5048 2273 5132 cile
2303 5051 2611 5132 possintat!
2647 5061 2850 5132 textum
2891 5056 3150 5111 carminis
3184 5048 3513 5132 ‘retorttta'ri,
3547 5072 3601 5115 ut
3639 5075 3753 5132 pag.

2169 5120 2294 5201 £95,
2337 5123 2630 5201 gaudebitis
2668 5127 2798 5201 quia
2817 5141 2836 5179 .'
2872 5136 3068 5201 potest
3109 5128 3254 5183 enim
3296 5144 3363 5184 ex
3395 5120 3657 5187 carittine.
3679 5120 3760 5189 1'3-

2168 5194 2294 5275 poui
2338 5193 2819 5275 gaudebitis_,’qu_i_.
2867 5193 3081 5266 Saepius
3128 5213 3312 5275 autem
3361 5201 3433 5256 ita
3475 5204 3757 5275 depraVata

2166 5273 2249 5316 est
2277 5277 2461 5345 prosa,
2494 5274 2553 5319 ut
2576 5266 2715 5345 sine
2742 5267 2974 5325 aliorum
3007 5285 3142 5327 mss.
3166 5286 3273 5342 0pc
3299 5272 3493 5333 inutile
3522 5266 3594 5332 sit
3622 5272 3756 5331 velle

2165 5336 2489 5390 medicinam
2520 5336 2805 5393 adhibere.
