4060 6320
303 345 406 403 595

1467 348 1751 410 CARMEN
1781 353 2171 415 PASCHALE.
2212 360 2342 417 LIB.
2387 362 2453 418 ll.
3504 377 3609 434 594

1333 478 3587 520 _______________________________________

1410 611 1757 698 LIBER
1830 602 2484 707 SECUNDUS.

436 961 593 1035 197
625 959 914 1032 Expulerat
942 959 1367 1032 primogenitum
1399 961 1742 1018 saevissimus
1790 977 1892 1017 an-
1921 964 1973 1025 Δ
2037 963 2107 1020 10
2144 961 2325 1037 Carpit
2351 968 2526 1040 origo,
2562 972 2726 1043 perit,
2777 974 3103 1050 clademque
3147 933 3423 1041 a'semine
3452 989 3604 1043 sum;

1705 1069 1826 1125 guis

427 1143 718 1215 Florigera
750 1143 821 1201 de
851 1144 982 1201 sede
1009 1145 1185 1201 virum
1204 1189 1220 1211 ,
1247 1144 1548 1216 blandique
1578 1051 1792 1217 εθρὲἷέ

426 1237 713 1294 lllecebris
732 1237 944 1294 letbum
976 1238 1176 1295 misero
1201 1249 1415 1309 potarat
1445 1255 1710 1295 amarum.

425 1331 543 1388 Nec
573 1332 724 1387 solus
755 1333 1003 1389 meritam
1034 1342 1401 1404 praesumptor
1428 1344 1678 1389 senserat
1707 1334 1845 1390 iram

350 1423 387 1481 5
424 1422 645 1481 Mortali
671 1427 774 1481 sub
803 1427 920 1498 lege
944 1425 1157 1497 jacens,
1184 1425 1279 1482 sed
1304 1440 1531 1497 prorsus
1561 1426 1631 1481 ab
1663 1426 1782 1498 ipso

423 1516 739 1574 Humanum
769 1519 932 1575 simul
958 1533 1122 1575 omne
1147 1533 1341 1591 genus.
1375 1517 1529 1575 Heu!
1564 1519 1727 1575 noxia
1756 1534 1888 1576 con-

1717 1631 1811 1682 ux,

1717 1631 1811 1682 ux,

424 1711 593 1785 198
621 1711 795 1768 Noxia
826 1719 884 1767 tu
912 1711 1119 1784 conjux
1151 1710 1347 1784 magis,
1405 1726 1476 1768 an
1507 1611 1885 1781 dracohperll-

1520 1804 1645 1878 [dus
1676 1804 1812 1861 ille?

413 1895 671 1953 Perﬁdus
702 1897 795 1952 ille
826 1896 1015 1962 draco,
1066 1897 1161 1953 sed
1192 1906 1248 1953 tu
1276 1912 1493 1970 quoque
1538 1898 1697 1954 noxia
1746 1913 1881 1954 con-

1714 2006 1806 2045 ΠΧ.

1714 2006 1806 2045 ux.

415 2083 568 2142 Proh
591 2083 754 2141 dolor
779 2086 793 2140 !
829 2085 1021 2143 aeterni
1047 2084 1266 2142 fuerant
1295 2084 1424 2142 duo.
1449 1990 1711 2144 Cresam-[:5
1732 2093 1880 2156 post-

1618 2178 1804 2251 [quam

2147 1151 2288 1219 Quid
2338 1168 2630 1212 numerosa
2668 1158 2816 1225 dies,
2874 1160 3002 1232 quid
3046 1172 3293 1235 tempore
3341 1076 3604 1239 p[t?:d:rat

3435 1262 3530 1319 illo

2143 1339 2381 1397 Cernere
2418 1350 2724 1414 nongentos
2754 1347 2893 1402 ultra
2922 1346 3158 1405 feliciter
3186 1366 3380 1423 annos,
3410 1260 3432 1334 [

2141 1430 2575 1508 Progeniemque
2618 1452 2811 1495 senum
2849 1440 3120 1498 decimam
3148 1456 3402 1515 spectare
3430 1464 3604 1520 nepo-

3353 1540 3515 1613 [tum,

2139 1619 2371 1692 Jamque
2392 1636 2550 1680 suum
2576 1626 2794 1684 nescire
2817 1642 3023 1700 genus,
3056 1644 3178 1686 cum
3207 1632 3352 1689 victa
3397 1648 3593 1705 supre—

2733 1744 2745 1749 _.
3388 1729 3521 1801 [mis

2032 1805 2099 1862 15
2136 1805 2422 1876 Cursibus,
2454 1818 2723 1867 extrema:
2752 1827 2874 1871 sors
2915 1815 3282 1888 irreparabilis
3310 1819 3483 1888 hom,

2137 1899 2267 1955 Sera
2301 1899 2451 1966 licet,
2472 1911 2700 1958 ventura
2726 1903 2895 1975 foret,
2929 1907 3259 1982 longumque
3293 1926 3390 1982 per
3415 1928 3593 1969 aevum

2135 1991 2255 2048 Vita
2288 1992 2472 2048 brevis
2495 1995 2570 2050 nil
2598 2010 2720 2052 esse
2749 1996 2843 2052 diu
2869 2012 2993 2055 cum
3023 2000 3132 2058 line
3157 2001 3413 2059 doleret?

2132 2083 2242 2141 Nec
2272 2084 2529 2149 reducem
2582 2101 2709 2158 spes
2758 2087 2930 2146 l'erret
2957 2106 3141 2163 opem,
3196 2094 3469 2165 primique
3495 2108 3580 2154 se-
3654 2088 3667 2095 ’

3243 2185 3516 2257 [pulcrum

1610 2339 1787 2397 OPUS
1826 2336 2209 2396 PASCHALE.

339 2459 650 2529 Expulerat
690 2475 921 2533 serpens
969 2461 1063 2518 ille
1115 2460 1481 2532 nequissimus
1522 2459 1591 2515 de
1629 2458 1871 2530 paradisi
1904 2463 1952 2523 B
1978 2474 2235 2516 crescere
2262 2458 2431 2528 carpit
2457 2460 2638 2530 origo,
2666 2469 2797 2517 tunc
2821 2462 3005 2530 periit,
3038 2461 3362 2535 clademque
3392 2474 3590 2535 partu-

264 2556 395 2612 sede
424 2555 686 2628 ﬂorigera
734 2557 1156 2628 primogenitum
1190 2555 1400 2612 dolosis
1437 2554 1648 2611 artibus
1672 2553 1874 2621 virum,

265 2662 317 2707 et
360 2651 650 2708 illecebris
701 2651 884 2706 blandi
941 2650 1155 2719 saporis
1213 2649 1588 2705 absconditam
1642 2656 1873 2702 mortem

262 2746 471 2815 gustari
520 2743 734 2800 fecerat
763 2758 887 2799 mox
933 2758 1197 2798 amaram.
1228 2741 1340 2799 Nec
1371 2740 1763 2813 indignationis
1787 2739 1874 2795 di-

252 2836 754 2915 .vinzrseutentiam
773 2836 925 2891 solus
946 2836 1201 2905 prterepti
1222 2843 1522 2891 temerator
1534 2835 1660 2889 vitae
1676 2833 1877 2888 damno

262 2936 604 3000 susceperat,
650 2927 746 2983 sed
781 2928 850 2983 ab
898 2929 1017 2999 ipso
1046 2927 1276 2983 veniens
1320 2926 1557 2981 humana
1590 2923 1878 2995 progenies

262 3021 436 3095 longe
480 3024 682 3079 mortis
722 3023 901 3078 fuerat
937 3022 1241 3077 conditioni
1282 3021 1668 3077 succumbens.
1721 3019 1875 3076 Heu!

261 3118 464 3187 conjux
497 3116 766 3185 crudelis,
793 3126 849 3172 et
876 3118 1033 3172 noxia
1060 3117 1072 3171 !
1109 3119 1190 3171 An
1223 3115 1319 3171 ille
1349 3117 1521 3187 magis
1554 3115 1719 3169 draco
1748 3129 1873 3184 per-

261 3207 401 3263 ﬁdus
427 3209 748 3266 homicida?
771 3208 878 3266 Sed
902 3221 955 3264 tu
981 3209 1180 3278 coniux
1198 3222 1417 3279 quoque
1440 3207 1674 3262 crudelis
1688 3207 1869 3261 noxia.

260 3305 408 3363 Proh
453 3307 646 3364 dolor!
687 3305 799 3361 duo
845 3313 1052 3360 tantum
1091 3303 1309 3359 fuerant
1335 3303 1545 3358 aeterni.
1581 3301 1870 3372 Postquam

1984 2554 2131 2610 ricns
2176 2570 2206 2611 a
2234 2556 2444 2611 semine
2484 2554 2813 2612 detrimenta
2841 2556 3110 2625 suscepit.
3142 2556 3284 2626 Quid
3316 2558 3409 2613 illa
3452 2569 3590 2615 tem-

1984 2657 2194 2719 pestate
2221 2663 2508 2704 numerosa
2537 2648 2678 2713 dies,
2707 2664 2772 2704 ac
2818 2649 3140 2720 multiplex?
3171 2652 3302 2722 quid
3341 2650 3589 2710 felicibus

1985 2743 2114 2798 vitae
2144 2743 2333 2813 spatiis
2362 2750 2664 2814 nongentos
2685 2743 2948 2814 proderat
2968 2758 3148 2799 annos
3172 2746 3462 2817 excedere,
3494 2764 3590 2806 ne-

1986 2843 2282 2905 potumque
2325 2834 2532 2891 decima
2570 2845 2899 2891 senescente
2928 2838 3211 2907 progenie,
3253 2839 3338 2895 sui
3368 2842 3591 2912 generis

1985 2936 2269 2984 externum
2296 2928 2614 3000 sanguinem
2634 2927 2744 2999 jam
2773 2928 2984 2995 videre,
3017 2946 3142 2984 cum
3174 2946 3299 2987 sors
3339 2934 3591 2992 humana:

1983 3020 2313 3076 conditionis
2364 3030 2616 3076 extrema
2671 3020 3043 3091 irreparabilis
3105 3022 3257 3078 liora:
3315 3029 3589 3096 supremis

1981 3112 2234 3167 cursibus
2264 3123 2548 3183 occupata,
2579 3111 2710 3166 licet
2756 3126 2967 3180 serum,
3016 3129 3359 3185 nequaquam
3403 3127 3581 3177 tamen

1981 3204 2282 3261 declinaret
2323 3205 2629 3269 interitum,
2661 3204 2992 3276 longamque
3037 3196 3346 3277 temporum
3380 3225 3476 3277 per
3504 3227 3582 3267 te-

1926 3300 1931 3307 “
1979 3308 2144 3356 tatem
2172 3300 2297 3355 vitze
2330 3307 2356 3336 ι
2400 3299 2646 3354 existens
2675 3298 2891 3365 brevis,
2931 3300 3063 3355 nihil
3108 3314 3235 3358 esse
3269 3299 3536 3360 diutinum
3562 3349 3579 3373 ,

1761 3439 1842 3498 SC
1851 3439 2052 3497 ηοω
2063 3483 2077 3496 .

329 3565 382 3620 1.
406 3563 550 3637 Beg.
573 3561 633 3637 ἓ,
659 3560 1130 3637 Incipitliberide
1148 3565 1451 3637 expulsione
1467 3564 1784 3637 protoplasti
1804 3581 1868 3619 ex
1895 3563 1942 3626 C
1972 3572 2274 3636 gustaturus
2291 3563 2874 3637 amaram—Tempore.
2894 3565 3049 3634 Quod
3072 3566 3118 3623 si
3142 3567 3325 3625 minus
3345 3570 3587 3628 arrideat

260 3635 560 3706 paradiso:
591 3633 817 3706 \lal.2,_
857 3633 1060 3706 sedulii
1104 3636 1386 3706 presbyteri
1417 3635 1546 3706 liber
1590 3633 1864 3690 secundus.

258 3708 412 3763 Meus
450 3748 465 3769 ,
523 3704 732 3761 Sedulii
785 3704 848 3757 de
896 3704 1116 3758 historia
1170 3704 1384 3760 Domini
1439 3704 1568 3759 liber
1614 3709 1870 3761 secundus

257 3779 448 3839 incipit
484 3775 723 3841 feliciter.
756 3776 854 3829 Ms.
899 3774 1016 3830 Nic.
1078 3777 1281 3831 Hcinsii
1305 3819 1319 3839 ,
1357 3777 1519 3831 Liber.
1537 3780 1735 3845 primus
1768 3777 1868 3832 Se-

257 3850 390 3905 duli
428 3848 507 3903 De
536 3864 668 3901 noro
711 3846 1059 3921 Testamento.
1088 3849 1245 3902 Cant.
1277 3848 1448 3921 _Liber
1469 3854 1667 3921 primus
1697 3851 1751 3901 in
1775 3866 1873 3901 no-

259 3937 317 3976 tto
358 3922 722 3977 Testamento.
756 3919 870 3973 Ott.
898 3919 953 3985 2,
1008 3919 1084 3973 De
1113 3936 1242 3973 noro
1272 3919 1618 3973 Testamento.
1651 3922 1762 3973 Arn
1792 3936 1868 3984 z.,

258 3992 461 4062 Incipit
493 3991 623 4046 liber
644 3991 919 4062 secundus.
957 3990 1073 4046 Ott.
1103 3997 1153 4055 1,
1180 4008 1278 4059 pro
1306 3992 1466 4045 titulo
1488 3992 1648 4060 primi
1677 3990 1870 4059 Capitis

260 4063 341 4120 De
369 4061 548 4119 Adam
592 4063 748 4133 dicit.
783 4061 969 4133 qu.,
1028 4063 1181 4128 Quod
1217 4063 1383 4117 Adam
1430 4062 1530 4131 fuit
1571 4066 1761 4133 ejectus
1809 4062 1873 4116 de

262 4135 539 4207 paradiso.
590 4132 752 4196 Ut-b.,
815 4132 888 4187 De
916 4134 1067 4200 lapsu
1115 4135 1422 4207 protoplusti
1452 4151 1541 4203 per
1570 4135 1868 4187 draconem.

265 4205 361 4264 Hic
386 4210 603 4277 primus
640 4219 836 4259 versus
858 4246 873 4265 .
905 4216 959 4260 et
990 4222 1085 4260 sex
1117 4205 1209 4260 alii
1238 4205 1531 4275 sequentes
1563 4207 1873 4273 producitu-

258 4289 347 4333 tur
384 4275 441 4334 in
473 4275 809 4331 Collectionc
840 4277 1148 4332 Pisaurensi
1182 4288 1464 4346 poetarum
1485 4322 1498 4345 ,
1536 4288 1669 4332 tom.
1698 4277 1786 4341 Vl,
1814 4292 1867 4345 p.

265 4350 398 4418 282,
434 4348 582 4403 inter
613 4349 852 4402 carmina
885 4348 1097 4401 minora
1134 4349 1465 4404 incertorum
1494 4357 1774 4402 auctorum
1805 4363 1874 4402 ex

256 4420 520 4477 Tractatu
552 4419 905 4487 diplomatico
931 4418 1325 4488 Maurinoruni,
1354 4432 1487 4473 totu.
1521 4419 1778 4489 lll.,part.
1812 4433 1868 4484 tt,

259 4504 401 4549 sect.
428 4492 489 4557 4,
523 4506 643 4560 cap.
676 4491 731 4555 2,
755 4500 860 4545 art.
908 4492 956 4549 1.
994 4490 1284 4559 lgnorabat
1330 4491 1542 4546 scilicet
1596 4488 1877 4546 Guilector

265 4563 642 4623 Pisaurensis.
673 4562 886 4618 Sedulii
913 4577 1005 4616 ros
1033 4577 1174 4617 esse.

329 4636 387 4692 ἓ.
426 4634 682 4689 Nonnulli
733 4633 957 4703 vulgati,
1006 4630 1341 4701 blandisque;
1387 4648 1520 4689 mss.
1544 4641 1600 4686 et
1627 4632 1876 4701 plerique

259 4707 430 4772 edidi,
447 4705 970 4777 blandique,l‘avente
985 4720 1164 4775 prosa.
1184 4704 1392 4760 Poelm.
1409 4720 1532 4760 cum
1551 4703 1875 4772 quibusdam

259 4780 422 4835 editis
449 4776 684 4850 saporis:
715 4777 804 4830 alii
831 4776 962 4850 editi
985 4792 1105 4829 cum
1133 4778 1410 4850 plerisque
1435 4785 1660 4850 mss.et
1688 4788 1871 4845 prosa,

259 4856 466 4922 saporis
484 4845 519 4914 ,⁷
546 4848 701 4922 cujus
737 4848 885 4922 verbi
913 4848 1092 4918 glossa
1132 4849 1182 4911 in
1210 4846 1397 4922 Regni
1424 4854 1511 4902 est
1540 4845 1680 4922 illius
1712 4851 1871 4922 pomi.

332 4924 389 4977 5.
426 4915 626 4975 Ρθηιιξ
655 4919 774 4973 laeto
804 4915 990 4973 misero
1012 4934 1031 4972 :
1057 4919 1240 4973 caeteri
1263 4915 1460 4972 lethum
1483 4915 1864 4977 miseroﬁlleu.

263 4995 317 5059 1,
346 5011 442 5061 pro
471 4991 527 5047 d.
561 5008 590 5046 s
621 5035 636 5058 ,
681 4991 766 5046 vel
799 4991 1164 5054 correctione,
1226 4990 1372 5045 Vatt.
1407 4991 1461 5055 1,
1496 4990 1551 5052 ‘2,
1583 4991 1768 5045 Ottob.
1802 4990 1866 5058 2,

262 5063 421 5131 Urb.,
478 5064 631 5125 Ald.,
672 5061 858 5126 Rom.,
890 5061 1041 5128 Alli.,
1074 5061 1203 5130 Reg.
1241 5062 1296 5125 5,
1336 5072 1389 5115 et
1418 5067 1558 5131 Ang.
1612 5070 1866 5130 portarat.

263 5134 398 5207 Reg.
460 5135 518 5199 2,
550 5151 581 5188 a
610 5150 695 5203 pr.
728 5151 826 5207 ni.,
861 5145 915 5187 ut
946 5134 1176 5207 videtur,
1222 5133 1364 5207 ᾔεις.
1408 5136 1466 5207 4:,
1525 5131 1760 5200 Poelm.,
1814 5145 1869 5190 et

263 5203 380 5272 alii,
414 5208 676 5274 portabat.
736 5205 1169 5273 Metts,p0t'tarit.
1222 5203 1360 5273 Rt-g.
1421 5205 1481 5269 2,
1534 5218 1563 5256 a
1617 5220 1729 5260 sec.
1764 5224 1861 5274 tn.,

268 5274 486 5340 Parrb,
521 5290 575 5331 et
604 5279 839 5331 fortasse
864 5276 996 5347 Reg.
1029 5278 1080 5340 1,
1105 5291 1134 5328 a
1166 5292 1248 5345 pr.
1277 5293 1375 5341 ut.,
1404 5274 1639 5344 potabat.
1661 5275 1771 5331 Ott.
1805 5278 1862 5342 1,

266 5351 332 5404 ad
366 5366 539 5421 marg.
596 5349 829 5421 potabat.
860 5347 918 5421 in
962 5356 1219 5421 contextu
1254 5358 1467 5416 portat,
1520 5348 1615 5421 sed
1646 5348 1865 5421 videtur

269 5422 435 5477 fuisse
461 5417 734 5489 deportat:
772 5420 872 5472 boe
908 5419 1079 5484 ipsum
1104 5418 1343 5488 deportat
1396 5426 1484 5475 est
1511 5417 1728 5475 diversa
1760 5419 1863 5473 alia

267 5493 428 5550 lectio
460 5495 512 5547 in
554 5492 686 5562 Reg.
718 5492 765 5545 1.
794 5489 1040 5546 Genuina
1088 5490 1251 5545 lectio
1285 5491 1414 5546 mihi
1451 5490 1672 5546 videtur
1718 5501 1869 5562 pota-

269 5575 369 5631 rat,
400 5565 654 5634 quamvis
682 5564 995 5634 exemplum
1018 5577 1125 5615 non
1175 5563 1450 5617 inveniam
1478 5563 1641 5632 hujus
1663 5564 1876 5633 signiﬁ-

268 5632 498 5692 cationis
514 5634 708 5689 activae
739 5644 918 5704 potare
943 5632 1103 5687 alicui
1129 5649 1343 5699 aquam,
1371 5636 1577 5701 vinum,
1612 5646 1668 5689 et.
1701 5632 1873 5689 lueta—

268 5709 490 5777 pliorice
513 5708 712 5759 lethum
745 5720 841 5774 pro
868 5705 1130 5777 exhibere
1161 5705 1483 5773 potandutn,
1514 5716 1609 5760 aut
1647 5713 1873 5776 gustan-

268 5780 415 5836 dum.
433 5781 548 5835 Huc
569 5777 695 5832 facit
711 5777 747 5831 l.
772 5791 846 5846 iv,
868 5790 1008 5832 vers.
1033 5776 1164 5846 180.:
1185 5777 1393 5848 Quippe
1414 5791 1589 5832 necem
1603 5794 1764 5850 parvo
1776 5779 1864 5832 de-

1973 3644 2204 3713 putarat.
2223 3646 2617 3713 ce‘rteportarat
2638 3637 2798 3713 longe
2821 3638 3011 3692 melius
3034 3651 3119 3695 est
3139 3655 3299 3711 quam
3318 3642 3579 3713 portabat.

2044 3709 2099 3762 li.
2131 3704 2246 3778 Ott.
2273 3706 2331 3770 2,
2358 3704 2683 3778 sumpserat:
2718 3704 2836 3768 lege
2859 3722 3113 3765 senserat.

2047 3778 2099 3831 7.
2132 3777 2910 3854 Parrh_.interpungibNoxia
2940 3792 2994 3835 tu
3039 3784 3270 3854 conjux,
3300 3785 3464 3853 magis
3512 3802 3580 3839 an

1975 3848 2137 3901 draco
2181 3850 2413 3917 perﬁdus
2442 3850 2568 3904 ille?
2597 3850 2654 3902 lu
2688 3850 2936 3915 Virgilio,
2969 3848 3146 3919 quetn'
3171 3848 3429 3908 Sedulius
3459 3857 3580 3909 imi-

1975 3926 2142 3979 tatur.
2170 3923 2375 3994 pariter
2396 3920 2654 3994 distingui
2681 3924 2902 3994 poterit,
2934 3922 3175 3977 Crudelis
3204 3934 3390 3988 mater,
3414 3929 3580 3994 magis

1974 4006 2043 4043 an
2091 4007 2218 4061 puer
2246 3990 2518 4060 improbus
2566 3990 2696 4045 ille?
2725 3991 2975 4062 Plerique
2995 4008 3210 4050 comma
3249 4004 3368 4062 post
3414 3990 3580 4065 magis

1974 4071 2279 4129 apponunt.
2647 4117 2650 4120 .

2013 4076 2311 4201 piguii'é.
2346 4132 2380 4187 4
2410 4117 2695 4205 mendose.
2733 4130 2954 4187 Cernere
2982 4151 3086 4188 non
3118 4135 3319 4205 genitor
3342 4135 3502 4189 ultra.

2050 4205 2138 4259 15.
2177 4204 2343 4269 Editi,
2386 4219 2508 4257 cum
2542 4202 2818 4271 plerisque
2848 4218 3013 4265 mss.,
3036 4202 3238 4259 aen-um.
3271 4207 3382 4259 Ott.
3412 4205 3461 4268 1,
3500 4223 3583 4259 se-

1978 4292 2103 4342 nes,
2153 4276 2295 4342 quod
2350 4274 2609 4343 explicari
2665 4283 2851 4341 posset
2881 4291 2904 4346 A:
2937 4275 3077 4341 Quid
3110 4275 3401 4346 proderat,
3433 4278 3579 4346 quod

1978 4361 2140 4402 senes
2171 4355 2487 4414 spectarent
2518 4348 2833 4415 progeniem
2861 4344 3128 4401 decimam
3159 4344 3579 4415 nepotum,‘etc.

1977 4418 2326 4473 Burmannus
2349 4416 2665 4487 coniecerat
2690 4433 2884 4477 senem,
2927 4418 3151 4486 eadem,
3202 4418 3420 4488 opinor,
3451 4433 3583 4474 sen—

1982 4492 2171 4545 tentia.
2200 4490 2418 4560 Optiiua
2449 4504 2682 4559 qumque
2713 4488 3047 4556 exemplaria
3086 4497 3342 4554 spectare,
3385 4504 3584 4559 nempe

1981 4560 2191 4632 videre.
2225 4562 2283 4616 In
2317 4561 2597 4616 nonnullis
2637 4560 2869 4632 vulgatis
2918 4575 3038 4614 cum
3069 4562 3234 4632 Aug.,
3265 4571 3581 4630 exspectare,

1981 4633 2126 4701 quod
2158 4631 2477 4703 frequenter
2507 4647 2541 4683 at
2570 4631 2811 4687 librariis
2842 4634 3128 4687 confusum
3161 4631 3284 4687 cum
3306 4645 3583 4697 spectare:

1981 4704 2276 4778 aliquando
2306 4717 2492 4778 tamen
2513 4713 2754 4778 exspecto
2786 4719 2882 4778 pro
2907 4714 3104 4776 specto,
3136 4705 3220 4759 vel
3249 4714 3457 4778 aspecto
3487 4721 3583 4777 pc-

1983 4775 2155 4831 nitur.
2180 4776 2316 4833 Vide
2345 4776 2383 4830 1.
2412 4795 2426 4831 l
2466 4775 2745 4831 Dracontii
2779 4776 2905 4831 356.

2056 4849 2144 4903 14.
2179 4848 2397 4910 Parrlt.,
2425 4854 2697 4913 convicta;
2729 4847 3012 4918 legendum
3036 4865 3155 4902 cum
3178 4849 3331 4903 victa.
3356 4846 3580 4904 Nebris-

1982 4921 2164 4976 seusis
2205 4919 2583 4988 interpretatio
2611 4929 2724 4975 cst:
2776 4936 2892 4990 qua:
2942 4921 3273 4975 multitudine
3320 4936 3580 4977 annorum

1977 4993 2188 5046 tandem
2209 4993 2446 5049 vincitur.

2051 5063 2139 5117 15.
2197 5064 2329 5132 Reg.
2358 5062 2416 5123 4,
2467 5061 2835 5132 inseparabilis
2860 5062 3023 5129 horta,
3084 5063 3175 5132 qui
3206 5077 3362 5116 error
3389 5071 3577 5119 contra

1974 5145 2214 5188 metrum
2244 5143 2299 5188 et
2336 5147 2556 5189 sensum
2599 5132 2724 5188 inde
2756 5134 2949 5201 oritur,
2982 5135 3126 5202 quod
3159 5134 3210 5186 in
3232 5132 3419 5186 multis
3444 5149 3575 5189 mss.

1971 5206 2230 5260 scribitur
2282 5204 2668 5275 inreparabilis.
2697 5204 2954 5274 Virgilius
2999 5205 3091 5259 lib.
3126 5221 3179 5275 it,
3239 5217 3398 5257 versu
3438 5204 3576 5261 467:

1971 5276 2090 5333 Stat
2111 5294 2209 5331 sua
2231 5273 2412 5348 cuique
2423 5278 2554 5340 dies,
2571 5276 2736 5343 breve,
2756 5273 3162 5339 etirreparabile
3179 5275 3581 5346 tempus—0m-

1970 5349 2122 5403 nibus
2150 5358 2224 5402 est
2246 5350 2381 5402 vitm.

2058 5420 2149 5475 17.
2186 5419 2320 5489 Reg.
2353 5422 2406 5487 1,
2436 5418 2612 5474 Vatic.
2641 5418 2698 5483 2,
2732 5417 2882 5483 Ald.,
2907 5416 3038 5489 ninil
3061 5433 3172 5471 esse
3192 5432 3210 5470 :
3230 5417 3478 5489 pletiutte
3502 5418 3581 5474 nil

1981 5507 2114 5554 esse,
2167 5485 2308 5545 uno‘d
2345 5485 2571 5560 perinde
2607 5499 2709 5545 est.
2743 5488 2933 5553 Tanta,
2976 5487 3093 5541 Vita
3122 5485 3281 5542 brevis
3311 5485 3445 5540 nihil
3469 5505 3580 5544 esse

1983 5561 2073 5614 diu
2098 5578 2213 5615 cum
2246 5562 2348 5632 ﬁne
2380 5561 2759 5632 doloris.Mss.
2790 5560 2960 5615 n03tri
2989 5573 3113 5632 cum
3158 5560 3433 5632 plerisque
3462 5560 3580 5615 edi-

1980 5633 2053 5687 tis
2075 5649 2190 5687 cunt
2214 5628 2317 5703 ﬁne
2337 5634 2553 5688 doleret.
2583 5631 2741 5686 b‘abr.
2765 5640 2822 5686 et
2849 5629 3095 5686 nonnulli
3122 5628 3215 5684 alii
3242 5631 3463 5701 vulgati,
3482 5632 3577 5685 do.

1978 5712 2132 5770 ceret,
2166 5714 2505 5777 repugnante
2526 5716 2711 5773 prosa.

338 5904 363 5936 ι
382 5891 730 5957 Gallandius,
760 5891 930 5947 vita...
964 5906 1079 5945 cum
1098 5890 1470 5959 clauderetur;
1499 5893 1624 5961 alii,
1657 5895 1843 5949 uiue...
1868 5892 1959 5966 qui
1977 5892 2325 5949 clauderetur.
