4060 6320
462 242 560 299 591

602 354 693 413 Sic
712 355 888 412 aliena
914 366 1137 425 gerens,
1168 359 1229 409 ut
1253 342 1354 410 nec
1378 359 1468 409 tua
1498 352 1747 425 linquere
1768 367 1978 423 posses.

461 452 571 511 555
716 448 829 503 Hoc
857 445 1144 502 Mattliaeus
1175 459 1367 517 agens,
1400 444 1681 501 hominem
1723 447 2058 517 generaliter

1103 608 1109 616 ν
1823 539 2055 613 [implet.

610 635 764 711 195
807 635 1018 691 Marcus
1062 642 1121 689 ut
1168 633 1277 689 alta
1325 632 1509 691 fremit
1555 650 1660 690 vox
1705 650 1801 707 per
1841 637 2057 693 deserta

1771 729 1987 802 [leonis,

604 828 731 886 Jura
759 824 1062 883 sacerdotis
1091 823 1265 880 Lucas
1295 830 1447 880 tenet
1472 838 1569 880 ore
1595 823 1848 895 juveiici.j

606 921 756 977 More
777 919 973 975 volans
1001 916 1218 989 aquilae,
1244 917 1415 973 verbo
1441 917 1575 989 petit
1593 926 1737 972 astra
1766 916 2024 975 Joannes.

604 1012 871 1082 Quattuor
901 1010 957 1065 lii
1001 1024 1261 1081 proceres
1289 1025 1397 1065 una
1427 1017 1481 1066 te
1507 1024 1641 1066 voce
1670 1018 1954 1079 canentes,

463 1105 570 1165 360
596 1106 863 1177 Tempora
877 1120 976 1161 ceu
994 1103 1247 1170 t0tidem,
1262 1102 1428 1158 latum
1441 1105 1832 1175 spargunturiu
1849 1105 2062 1161 orbem.

606 1199 699 1259 Sic
730 1207 788 1257 et
816 1196 1103 1270 apostolici
1133 1210 1351 1267 semper
1379 1194 1666 1252 duodenos
1695 1194 1924 1251 honoris

1839 233 2056 294 οοπιιι
2095 234 2181 296 SE
2190 235 2370 296 DULII

3654 228 3750 292 59!

2079 362 2132 421 Α
2304 357 2496 427 Fulget
2514 369 2654 427 apex
2675 367 2924 421 numero,
2959 365 3176 410 menses
3196 352 3462 418 imitatus,
3493 356 3548 407 et
3571 349 3746 417 horas,

2307 448 2572 506 Omnibus
2602 457 2660 504 ut
2700 448 2864 504 rebus
2895 455 3040 504 totus
3081 446 3176 501 tibi
3217 446 3412 501 militet
3437 459 3630 499 annus.

2313 544 2450 600 Hinc
2479 544 2641 614 igitur
2677 544 2880 598 veteris
2910 541 3163 598 recolens
3184 538 3415 596 exordia
3457 538 3667 605 mortis,

2167 636 2273 694 365
2307 635 2391 693 Ad
2418 637 2582 692 vitam
2624 636 2932 707 properabo
2980 648 3211 701 novam,
3255 633 3634 705 lacrymasque
3675 644 3753 686 se-

3478 722 3690 798 [rendo,

2311 824 2518 882 Gaudia
2574 826 2730 897 longa
2785 833 3027 882 metam:
3085 838 3208 880 nam
3257 822 3350 895 qui
3395 821 3657 879 deﬂemus
3707 820 3755 876 in

2612 942 2617 947 -
3476 914 3691 990 [Adam,

2319 1011 2477 1085 196
2500 1011 2721 1069 Semina
2747 1011 3049 1078 mittentes,
3079 1026 3205 1069 mox
3228 1010 3625 1068 exsultahimus
3648 1023 3757 1065 om-

3553 1102 3692 1177 lues,

2170 1197 2274 1254 568
2313 1196 2601 1256 Portantes
2632 1206 2875 1268 nostros,
2905 1195 3125 1255 Christo
3150 1195 3409 1253 veniente
3429 1236 3445 1265 ,
3474 1194 3755 1267 maniplos.

1814 1332 1995 1392 OPUS
2031 1333 2252 1393 ΡΑεοιι
2263 1335 2420 1394 ALE.

460 1466 521 1514 ut
548 1457 636 1513 leo
684 1451 974 1520 mirabilis,
1008 1468 1103 1523 per
1147 1451 1360 1507 deserta
1392 1448 1721 1506 vociferatus
1761 1449 2063 1506 infremuit.
2166 1467 2269 1508 nus
2301 1450 2401 1507 tibi
2427 1452 2625 1509 militet
2648 1452 2961 1510 universus.
2996 1452 3166 1524 Igitur
3187 1451 3315 1508 hinc
3334 1460 3547 1508 vetusta
3573 1468 3767 1510 memo-

460 1555 638 1611 Lucas
681 1548 1007 1606 sacerdotali
1037 1546 1312 1617 religionis
1343 1546 1573 1602 exordio
1618 1546 1849 1616 sumpsit
1875 1545 2068 1601 simili—
2166 1560 2295 1600 rans
2346 1548 2587 1618 antiquae
2642 1550 2833 1605 mortis
2903 1548 3129 1605 exordia
3158 1593 3174 1618 ,
3233 1563 3428 1603 novam
3487 1562 3769 1619 prOperare

456 1647 706 1702 tudinem
733 1644 801 1698 de
826 1643 1081 1712 juvenco.
1109 1639 1349 1696 Joannes
1370 1638 1566 1710 aquila:
1595 1638 1830 1694 volantis
1856 1638 2065 1709 impetu
2166 1637 2410 1694 delector
2430 1640 2497 1694 ad
2515 1640 2706 1712 vitam,
2727 1650 2786 1697 ut
2801 1642 2892 1713 qui
2920 1641 3079 1698 ﬂetus
3100 1640 3494 1697 seminavimus
3516 1642 3567 1695 in
3584 1642 3766 1712 Adam,

454 1740 658 1797 caelum
687 1736 843 1793 verbi
871 1735 1153 1806 majestate
1184 1734 1505 1805 penetravit.
1539 1733 1784 1800 Quatuor
1821 1733 1908 1789 isti
1942 1748 2066 1803 pro—
2167 1732 2411 1823 Iustitiam
2440 1744 2709 1789 metamus
2751 1735 2805 1791 in
2854 1736 3091 1803 Christo,
3135 1744 3193 1792 et
3219 1735 3540 1791 Davidicam
3573 1725 3770 1791 merea-

456 1850 637 1900 ceres,
668 1848 734 1888 ac
764 1844 1045 1903 praecones
1073 1844 1175 1885 una
1208 1837 1445 1907 teavoce
1473 1836 1780 1892 cantantes,
1799 1842 1899 1883 ceu
1933 1835 2068 1883 lem-

457 1943 592 1999 pora
614 1925 839 1982 totidem
868 1939 964 1995 per
991 1921 1313 1977 latissimam
1340 1921 1507 1976 totius
1528 1920 1715 1975 mundi
1734 1929 2067 1991 sparguntur

459 2018 721 2090 effigiem.
748 2018 842 2074 Sic
865 2014 1151 2087 apostolici
1176 2029 1391 2085 quoque
1416 2012 1672 2069 culminis
1695 2013 1920 2069 honoris
1940 2013 2069 2070 duo-

459 2112 637 2169 denus
661 2125 802 2180 apex
831 2122 1048 2179 semper
1076 2106 1373 2177 refulgens,
1407 2106 1650 2161 numeris
1692 2105 1854 2161 horas
1885 2107 2065 2162 imita-

458 2209 572 2271 tur,
604 2209 661 2259 et
687 2214 929 2268 menses,
960 2209 1043 2269 ut,
1077 2198 1240 2255 rebus
1271 2198 1527 2255 omnibus
1573 2197 1937 2269 congregatis,
1968 2214 2067 2253 an-

2096 1880 2145 1941 B

2170 1842 2293 1883 mur
2317 1827 2502 1885 dicere
2543 1830 2873 1885 cantilenam
2904 1829 2932 1869 b
2959 1848 2972 1886 :
3006 1831 3110 1899 Qui
3137 1832 3395 1885 seminant
3425 1830 3481 1885 in
3518 1830 3771 1902 tacrymis,

2171 1921 2225 1976 in
2249 1923 2439 1995 gaudio
2490 1931 2695 1978 metent.
2736 1921 2937 1979 Euntes
2982 1923 3147 1988 ibant,
3191 1934 3240 1979 et
3266 1925 3484 1995 ﬂebant,
3526 1925 3772 1979 mittentes

2174 2017 2366 2071 semina
2395 2033 2511 2071 sua.
2549 2015 2824 2072 Venientes
2850 2026 3021 2071 autem
3066 2018 3267 2073 venient
3316 2020 3371 2073 in
3416 2017 3769 2085 exsultatione,

2169 2118 2434 2181 portantes
2455 2110 2751 2182 manipulos
2780 2126 2903 2166 suos
2933 2110 2953 2183 (
2979 2109 3129 2166 Psal.
3161 2127 3352 2181 cnltt,
3380 2112 3437 2181 ὅ,
3468 2114 3501 2168 6
3523 2111 3573 2182 ).

1960 2335 2254 2397 SCHOLIA
2266 2380 2280 2394 .

530 2438 656 2497 354.
699 2438 829 2506 Reg.
871 2434 908 2489 2
947 2445 1137 2503 supra,
1188 2430 1324 2506 Reg.
1366 2430 1461 2506 4Ἀ
1493 2437 1550 2487 et
1590 2429 1837 2486 nonnulli
1888 2430 2040 2498 editi,

456 2525 670 2576 nosses;
714 2502 982 2577 plerique,
1015 2502 1222 2574 posses;
1270 2502 1407 2577 Reg.
1435 2503 1495 2568 2,
1527 2519 1555 2555 a
1587 2517 1669 2571 pr.
1719 2518 1820 2567 m.,
1858 2505 2045 2577 possis.

422 2582 615 2646 ‘Stepe
640 2575 1039 2649 accidit,’posse
1066 2589 1134 2649 Aet
1176 2590 1326 2629 nosie
1365 2575 1508 2649 inter
1541 2589 1604 2628 se
1636 2576 2049 2649 permutari,’et

454 2653 727 2710 interdum
768 2646 962 2721 parum
992 2646 1186 2715 refert,
1215 2654 1397 2701 utrum
1440 2646 1614 2717 eligas
1639 2662 1652 2698 :
1681 2646 1872 2702 eadem
1897 2648 2047 2703 enim

454 2728 664 2782 eruitur
693 2721 958 2778 sententia
971 2764 983 2777 .

527 2796 653 2853 555.
694 2792 752 2848 lu
785 2791 1047 2849 Cantabr.
1080 2788 1406 2863 Explicit_de
1433 2800 1531 2844 vet.
1566 2787 1896 2863 Testamento
1925 2806 1938 2843 :
1968 2789 2049 2844 in-

453 2869 577 2940 cipit
598 2866 660 2940 de
685 2860 1274 2940 quatuorevangeliistis.
1304 2860 1584 2934 Prologus.
1621 2860 2050 2940 All).._lnvocatio

455 2930 577 2994 novi
607 2930 936 2992 Testamenti.
970 2930 1081 2991 Ott'.
1111 2936 1165 2996 1,
1191 2932 1266 2988 De
1294 2930 1520 3006 quatuor
1542 2930 1892 3006 evangelistis.
1912 2932 2048 3006 _Ott.

452 3010 512 3076 2,
546 3009 815 3064 Invocatio
844 3007 1049 3063 Sedulii
1076 3008 1130 3060 in
1152 3003 1380 3061 secundo
1409 3005 1561 3059 libro.
1597 3003 1702 3060 Pro
1734 3021 1888 3074 agens
1911 3003 2048 3075 Reg.

455 3083 485 3138 1
516 3084 660 3137 aiens
700 3097 820 3135 rum
846 3080 1027 3150 glossa
1074 3077 1321 3150 scribens,
1366 3079 1462 3150 sed
1486 3077 1644 3150 prius
1674 3075 1888 3150 videtur
1916 3079 2053 3132 scri-

455 3164 607 3223 ptum
642 3152 811 3208 fuisse
836 3146 1012 3224 rigens.
1043 3150 1226 3224 Aldus-
1242 3148 1414 3224 edidit
1442 3149 1608 3203 aiens.
1651 3156 1705 3203 et
1750 3149 1802 3224 iu
1849 3146 2049 3224 Emen-

456 3218 652 3280 dandis
673 3218 915 3280 correxit
956 3222 1048 3291 ait,
1091 3221 1179 3291 qui
1210 3221 1490 3285 hominem,
1538 3219 1823 3291 quomodo
1855 3218 2053 3288 legitur

2159 2433 2234 2489 Iiil
2264 2449 2363 2489 nos
2389 2436 2532 2505 cogit
2558 2443 2664 2490 tam
2682 2434 2931 2493 insolens
2948 2434 3175 2492 verbum
3202 2454 3355 2507 unas,
3383 2438 3585 2507 anatis,
3612 2451 3767 2505 agno-

2159 2521 2348 2573 scere;
2373 2508 2618 2578 adeoque
2650 2517 2759 2562 tam
2794 2509 2846 2562 iu
2877 2523 3060 2578 prosa,
3083 2524 3244 2579 quam
3275 2510 3329 2564 in
3351 2511 3595 2565 carmine
3621 2524 3767 2578 sepa-

2158 2579 2326 2632 randa
2369 2588 2497 2633 sunt
2524 2581 2686 2635 verba
2715 2596 2818 2634 una
2844 2591 2913 2647 te,
2959 2580 3207 2636 scilicet:
3244 2594 3319 2650 te,
3359 2581 3583 2638 Christe
3607 2623 3622 2649 ,
3670 2596 3765 2636 una

2159 2663 2296 2705 voce
2325 2659 2605 2705 canentes.

2230 2720 2357 2776 362.
2395 2721 2560 2785 Ul‘i).,
2594 2720 2755 2776 Rom.
2781 2766 2796 2791 ,
2838 2722 3111 2787 imitatur,
3156 2731 3202 2778 et
3227 2722 3406 2779 horas.
3455 2723 3656 2780 Arator
3683 2723 3762 2780 l.t

2162 2807 2306 2868 fers.
2513 2790 3305 2868 Duodenafefulgent—Signa
3337 2798 3504 2866 chori,
3535 2807 3593 2854 et
3630 2810 3761 2852 vers.

2161 2865 2266 2918 518
2283 2881 2296 2916 :
2334 2863 2577 2919 Ecclesia:
2599 2865 2852 2920 crescebat
2864 2863 3033 2933 ‘am.

2231 2933 2357 2990 564.
2394 2934 2527 3009 urb.
2558 2948 2851 3009 corrupte.
2904 2936 3007 2991 llic
3046 2939 3205 3009 igitur
3240 2956 3305 2993 ne
3336 2940 3486 2995 terris
3513 2940 3763 2995 recolens.

2161 3005 2267 3061 Pro
2295 3008 2514 3061 exordia
2536 3009 2713 3063 mortis
2737 3008 2909 3064 codex
2937 3005 3089 3066 vetus
3111 3009 3303 3079 'l‘aur.,
3328 3012 3544 3067 exordia
3567 3010 3763 3078 mundi,

2160 3079 2307 3147 quod
2353 3091 2531 3150 tamen
2567 3084 2746 3135 minus
2779 3081 2993 3150 placet.

2233 3150 2359 3229 $66.
2392 3149 2663 3229 [fierique
2688 3149 2822 3229 mss.
2861 3161 2917 3209 et
2960 3152 3123 3220 editi,
3164 3170 3291 3229 nam
3320 3155 3412 3229 qui
3439 3155 3691 3229 deﬂemus
3717 3156 3767 3210 in

2161 3219 2373 3297 fidam;
2405 3219 2584 3291 Angf,
2622 3221 2743 3278 Vel.
2789 3224 2840 3297 l,
2882 3241 3006 3278 nam
3047 3219 3225 3297 quod;
3248 3228 3301 3279 in
3331 3219 3466 3295 Reg.
3494 3219 3529 3281 ἐ
3564 3228 3768 3282 \idetur

458 3297 619 3369 etiam
653 3300 711 3369 in,
732 3294 869 3363 Reg.
900 3292 956 3347 5.
999 3286 1389 3369 Animadverte
1436 3286 2043 3369 phrasinjmplere'lto-
2074 3286 2123 3352 C
2155 3292 2322 3348 fuisse
2362 3286 2652 3369 nam'quos
2678 3286 2836 3369 ,Lsed
2859 3286 3072 3369 factuui
3103 3286 3341 3352 estnam
3369 3286 3458 3369 qui
3476 3341 3492 3366 ,
3527 3308 3586 3355 et
3614 3315 3766 3368 supra

461 3368 670 3431 minem,
704 3367 758 3419 li.
793 3360 872 3429 ei,
919 3377 1114 3417 munus
1145 3361 1401 3427 hominis,
1452 3371 1509 3414 ut
1550 3360 1764 3429 implere
1794 3361 2043 3425 amicum,

460 3437 648 3510 Deum,
687 3435 943 3510 judicent,
983 3434 1240 3504 complere
1277 3433 1453 3486 duces.
1501 3431 1559 3485 ln
1590 3445 1753 3502 prosa
1782 3441 1870 3486 est
1894 3447 2049 3503 expe-

460 3509 607 3561 divit.

534 3579 661 3634 557.
696 3576 829 3644 Reg.
872 3575 940 3639 1,
970 3575 1035 3640 9.,
1069 3573 1140 3637 5,
1192 3572 1315 3644 Vat.
1346 3573 1421 3644 1,
1454 3572 1510 3639 2,
1549 3572 1662 3627 Ott.
1705 3573 1759 3637 1,
1787 3572 1843 3638 2,
1890 3572 2047 3638 Urb.,

463 3649 660 3711 Rom”
694 3643 873 3712 Meus,
905 3645 1201 3699 sacerdotii.
1244 3643 1415 3698 Codd.
1451 3646 1641 3710 (lant.,
1675 3646 1867 3699 Arutz.
1888 3686 1904 3709 ,
1937 3645 2054 3699 edi—

464 3720 642 3775 tiones
671 3716 890 3782 Parrh.,
920 3714 1069 3780 Ald.,
1116 3717 1343 3785 alimque
1364 3715 1528 3787 simili
1561 3714 1723 3787 modo
1749 3714 2049 3770 sacerdotii.

463 3790 651 3846 Editio
671 3788 845 3857 Lips.
892 3788 1240 3843 sacerdotum.
1292 3785 1540 3858 Plerique
1568 3785 1722 3853 editi,
1750 3788 2053 3858 sacerdotis,

466 3878 590 3917 cuin
616 3865 790 3932 Ang.,
821 3859 955 3930 Reg.
985 3859 1038 3922 Δ,
1073 3858 1225 3932 Alb.,
1252 3868 1327 3919 et.
1362 3869 1420 3913 ut
1459 3857 1691 3926 videtur,
1723 3858 1835 3913 Ott.
1865 3860 1917 3932 _l,
1963 3862 2057 3932 uni

465 3947 612 3989 nunc
650 3929 732 3987 esi
760 3929 1038 3986 sacerdOtii
1079 3930 1269 3987 eadem
1306 3932 1481 3985 veteri
1524 3944 1731 3985 manu:
1782 3929 1880 3984 sed
1916 3930 2058 3986 aliud

466 4011 695 4074 apparet
721 4003 1000 4074 deletunr._
1024 4002 1081 4056 In
1112 4002 1326 4057 humilia
1352 4004 1516 4057 etiam
1542 4002 1737 4070 veteri,
1768 4000 1922 4071 cujus
1946 4018 2060 4057 me-

467 4072 601 4131 mini
641 4092 790 4130 nutu.
829 4075 930 4129 177
974 4072 1187 4143 Proleg.
1218 4118 1230 4143 ,
1263 4084 1344 4129 est
1366 4074 1647 4127 sacerdotis
1675 4117 1690 4141 ,
1722 4083 1773 4127 et
1800 4074 2061 4130 mendose

467 4164 554 4202 ore
583 4148 767 4201 virenti
799 4162 896 4216 pro
942 4161 1030 4200 ore
1062 4147 1294 4216 juvenci.
1338 4144 1629 4200 Probabile
1673 4144 1829 4198 valde
1867 4155 1983 4216 est,
2029 4162 2059 4200 a

467 4218 690 4275 Sedulio
718 4231 841 4273 esse
881 4215 1181 4288 profectum
1205 4216 1483 4271 sacerdotii
1507 4231 1525 4268 :
1556 4231 1678 4270 nam
1710 4230 1833 4288 eum
1880 4215 1935 4270 in
1961 4217 2062 4271 hu—
2088 4264 2089 4267 η

465 4289 707 4359 jusmndi
725 4286 1131 4345 conciSionibus
1157 4288 1382 4359 multum
1405 4302 1547 4359 esse,
1578 4286 1809 4341 advertit
1839 4288 2064 4343 Parrha-

469 4358 611 4427 Sius,
667 4372 829 4429 atque
876 4361 929 4413 iu
968 4358 1342 4429 hujuscemodi
1380 4358 2066 4430 genitivispraasmutiores

470 4432 608 4485 alios
633 4427 815 4485 habuit
838 4430 1027 4489 duces.
1042 4427 1183 4499 quos
1206 4427 1532 4495 imitaretur,
1557 4439 1612 4483 ut
1645 4427 1847 4500 Virgili,
1877 4430 2064 4495 auxili,

2157 3379 2279 3416 nam
2326 3364 2504 3429 glossa
2548 3382 2660 3419 nos.
2693 3365 2921 3422 Sclieda:
2950 3368 3157 3423 Poelm.
3191 3370 3242 3423 in
3269 3364 3484 3425 textum
3506 3364 3769 3438 recipiunt

2159 3450 2261 3509 nos,
2302 3450 2568 3509 pro__nain
2592 3475 2608 3499 ,
2650 3447 2812 3507 atque
2853 3440 2926 3494 ita
2959 3440 3011 3493 in
3042 3440 3155 3509 ipsa
3183 3441 3426 3496 editione
3456 3442 3767 3499 Poelmanni

2158 3506 2375 3583 legitur.
2409 3504 2566 3573 Urb.,
2598 3504 2898 3572 male,nam
2918 3512 3007 3577 qui
3028 3504 3322 3583 deﬂevimus
3348 3512 3553 3579 Adam;
3587 3514 3767 3581 Rom.,

2159 3575 2534 3654 Alb.,_cotitra
2564 3590 2822 3654 metrum,
2849 3575 2971 3636 nam
2993 3575 3405 3654 qui'deﬂevinius
3432 3589 3483 3638 in
3511 3575 3696 3640 Adam.

2235 3649 2358 3704 567.
2402 3648 2620 3715 Arator,
2651 3652 2689 3706 l.
2728 3668 2777 3716 ι.
2803 3648 2855 3709 v.
2885 3648 3023 3715 Ηυξ
3050 3648 3266 3711 videtur
3296 3656 3578 3712 Seduliuni
3606 3673 3768 3712 a'mu-

2162 3719 2294 3801 lari,
2329 3718 2409 3773 Da
2435 3722 2635 3801 semina
2649 3726 2808 3801 verbi,
2838 3733 2944 3781 etc.
2976 3725 3200 3799 Colligat
3228 3729 3327 3782 ista
3352 3745 3557 3797 manus,
3592 3738 3641 3783 te
3660 3733 3768 3801 [ru-

2163 3793 2431 3865 ctiﬁcante
2444 3834 2459 3853 ,
2494 3794 2771 3865 maniplos.

2237 3864 2361 3917 ὅϐδ.
2407 3863 2592 3943 Rom,
2626 3863 2805 3943 minus
2833 3866 3133 3943 eleganter,
3181 3867 3387 3943 Christo
3427 3883 3631 3926 nostros
3672 3886 3764 3943 pro

2164 3944 2368 3988 nostros
2408 3933 2632 3990 Christo.
2708 3933 3128 3994 VetuSIissimus
3184 3942 3352 3996 codex
3424 3933 3766 3999 Inbiiothécte

2164 4005 2515 4079 Taurineusis
2541 4025 2555 4061 :
2586 4005 2815 4079 Explica
2845 4009 2972 4064 liber
2999 4013 3196 4079 primus
3220 4015 3401 4067 veteris
3422 4013 3760 4070 Testumenti.

2165 4076 2359 4149 Incipit
2381 4077 2512 4156 Liber
2538 4076 2735 4156 prtinus
2754 4076 3263 4156 ιιιιυὶ-Τεειιιηιίξιιιὶζ
3278 4083 3493 4156 Legenti
3522 4088 3624 4140 vita
3655 4103 3764 4154 per-

2169 4158 2342 4226 petua.
2379 4148 2511 4226 Reg.
2540 4149 2591 4226 ,
2622 4148 2853 4226 Explicjt
2870 4151 3002 4207 liber
3020 4155 3202 4226 veteris
3222 4148 3554 4211 Testamenti.
3581 4148 3766 4226 Incipit

2172 4221 2299 4293 liber
2326 4219 2523 4293 primus
2547 4222 2602 4272 in
2630 4236 2759 4274 novo
2788 4221 3133 4293 Te_stamento.
3166 4225 3279 4281 Ott.
3306 4228 3356 4291 l,
3382 4226 3610 4293 Explicit
3642 4219 3767 4282 liber

2175 4289 2382 4365 Sedulii
2392 4293 2604 4365 primus
2630 4291 3172 4365 veteris_Testamenti.
3213 4289 3409 4365 Incipit
3440 4289 3555 4353 novi
3585 4299 3760 4354 Testa-

2176 4362 2335 4414 menti
2364 4360 2494 4436 liber
2523 4364 2742 4436 primus.
2796 4363 2913 4418 Vat.
2948 4366 2975 4420 1
2997 4408 3012 4431 ,
3049 4366 3279 4436 Explicit
3315 4360 3381 4424 de
3406 4373 3563 4425 veteri
3590 4369 3765 4426 Testa-

2178 4442 2367 4504 mento.
2419 4432 2614 4504 Incipit
2660 4433 2726 4490 de
2768 4450 2919 4492 novo.
2977 4438 3032 4492 In
3081 4432 3354 4494 nonnullis
3381 4442 3657 4496 ciidicilnts
3686 4442 3762 4496 di-

472 4510 579 4556 etc.
628 4500 1132 4580 Quamvis_autem_
1155 4500 1615 4571 quadrisyllabum
1659 4500 1731 4580 sit
1764 4500 2060 4580 sacerdotii,
2091 4505 2146 4567 1)
2171 4502 2390 4580 stinetio
2438 4500 2709 4580 iudicatur
2755 4506 2900 4580 inter
2939 4508 3133 4565 librum
3168 4514 3399 4580 primum
3426 4556 3441 4580 ,
3485 4524 3539 4567 et
3576 4526 3761 4568 secun-

474 4580 652 4626 tanieu
688 4573 881 4624 melius
908 4571 980 4625 ita
1007 4572 1276 4641 scribetur
1297 4612 1314 4639 ,
1346 4587 1508 4641 quam
1536 4571 1821 4639 sacerdoti,
1861 4579 1921 4626 ut
1946 4589 2063 4628 am-

473 4642 913 4711 biguitasontnis
944 4640 1182 4696 tollatur.

545 4712 671 4768 559.
702 4710 921 4784 Juretus
968 4711 1035 4784 in,
1068 4727 1226 4780 prosa
1257 4712 1386 4784 legit
1411 4722 1563 4784 unale
1589 4728 1740 4780 voce,
1783 4724 1946 4784 atque
1994 4714 2064 4769 ita

472 4783 804 4852 conjunclitn
833 4782 996 4836 etiam
1026 4783 1078 4835 in
1101 4783 1342 4838 carmine
1367 4783 1652 4853 legendum
1678 4782 1976 4850 contendit,
2009 4796 2067 4842 et

471 4854 803 4925 exemplaria
835 4868 967 4908 mss.
999 4856 1052 4907 in
1085 4853 1230 4908 hunc
1256 4855 1579 4910 sententiam
1610 4856 1797 4909 trahit.
1841 4856 1950 4913 Sed
1978 4859 2061 4912 ni-

545 4978 571 5006 ι
598 4967 835 5034 Juretus,
870 4974 930 5021 ut
948 4963 1092 5030 .dixi,
1135 4974 1190 5019 et
1209 4964 1525 5021 Gallandius
1556 4965 1743 5035 legunt
1766 4978 1942 5033 unate,
1976 4969 2069 5026 alii

469 5040 598 5098 editi
627 5040 795 5094 unita.
862 5036 1051 5093 Divido
1080 5036 1272 5101 verba,
1303 5037 1440 5091 sicut
1470 5039 1523 5092 in
1554 5039 1822 5102 carmine,
1865 5057 1971 5095 una
1995 5050 2061 5097 te.

542 5115 568 5151 ι)
597 5112 764 5167 l’aulo
791 5117 919 5165 ante
955 5106 1213 5174 rescripsi
1253 5115 1504 5161 metamus
1533 5124 1630 5179 pro
1660 5119 1929 5166 metemus.
1975 5112 2067 5169 Sic

470 5197 877 5254 nonnumquam
919 5180 1023 5236 levi
1052 5180 1215 5234 unius
1247 5179 1496 5254 litterulae
1525 5186 1825 5254 mutatione
1845 5197 2063 5239 sensum

468 5270 670 5326 prosae,
703 5248 944 5324 alioquin
989 5260 1227 5326 certum,
1258 5248 1556 5326 planiorem
1584 5253 1818 5320 reddidi,
1852 5264 1907 5326 ut
1940 5270 2061 5326 pag.

470 5321 603 5397 178,
634 5321 868 5382 imitatur
910 5340 1011 5395 pro
1041 5321 1301 5390 imitatus,
1333 5331 1387 5376 et
1411 5322 1689 5393 deputatur
1719 5340 1817 5395 pro
1842 5321 2063 5395 deputa-

2170 4572 2322 4637 duni,
2356 4575 2452 4630 sed
2489 4578 2611 4652 sine
2640 4578 2747 4633 ulla
2780 4572 3182 4652 inscriptione.-
3213 4581 3384 4636 Aldus
3416 4572 3611 4639 librum
3659 4584 3760 4652 pri-

2171 4660 2337 4720 mum
2355 4647 2638 4720 continual.
2665 4664 2838 4719 usque
2858 4651 2926 4705 ad
2956 4647 3198 4720 Versum,
3241 4652 3423 4707 Prima
3451 4670 3562 4710 suat
3590 4647 3760 4708 Domi-

2169 4719 2537 4842 nushtliat‘amis
2568 4720 2811 4793 dignatus
2838 4723 3019 4778 adesse
3038 4739 3057 4778 :
3082 4738 3191 4795 quo
3218 4724 3311 4781 alii
3339 4727 3550 4781 tertium
3581 4725 3759 4781 librum

2170 4804 2255 4842 mc
2295 4805 2393 4842 oan
2424 4830 2436 4842 .

2170 4801 2436 4844 inchoant.

2174 4981 2275 5057 tus.
2309 4974 2618 5057 Aliquando
2648 4979 2810 5034 verba
2837 4979 3027 5037 eadem
3051 4981 3325 5057 _relinquo
3346 5024 3361 5046 ,
3407 4986 3655 5055 quamvis
3681 4984 3757 5040 fa-

2171 5046 2277 5129 cile
2307 5048 2615 5129 possintad
2650 5058 2854 5129 textum
2895 5053 3155 5109 carminis
3190 5046 3515 5129 reformari,
3548 5068 3604 5112 ut
3641 5071 3754 5129 pag.

2173 5117 2297 5197 195,
2341 5120 2633 5197 gaudebitis
2671 5124 2801 5197 quia
2821 5139 2840 5177 :
2889 5133 3072 5197 potest
3114 5126 3259 5180 enim
3300 5141 3367 5181 ex
3398 5117 3762 5185 carmine-re-

2172 5190 2297 5272 poni
2341 5189 2822 5272 gaudebitis_,'qu_i_.
2871 5189 3087 5264 Saepius
3133 5210 3316 5272 autem
3364 5197 3436 5254 ita
3478 5200 3760 5272 deprauata

2170 5270 2252 5313 est
2280 5274 2465 5342 prosa,
2498 5272 2555 5317 ut
2578 5263 2718 5342 __si_ne
2745 5263 2978 5322 aliorum
3011 5283 3146 5325 mss.
3171 5284 3277 5340 cpe
3302 5269 3496 5329 inutile
3524 5263 3596 5329 sit
3624 5268 3760 5328 velle

2168 5332 2493 5387 medicinam
2524 5333 2809 5391 adhibere.
