4060 6320
285 362 394 421 595

1467 369 1747 430 CAllMEN
1776 373 2163 435 PASCHALE.
2204 380 2334 438 LIB.
2378 383 2443 438 ΙΙ.

3490 394 3593 451 59‘

1334 498 3572 537 .____________________________________

1408 632 1751 718 LIBER
1824 622 2473 727 SECUNDUS.

425 980 588 1054 197
620 978 915 1051 Expulerat
945 978 1364 1052 primogenitum
1396 980 1736 1038 saevissimus
1784 996 1884 1037 an-
1914 984 1967 1045 Α
2029 983 2099 1040 10
2136 982 2313 1057 Coepit
2340 987 2515 1059 origo,
2550 990 2715 1062 perit,
2766 992 3089 1068 clademque
3132 951 3408 1058 alsemine
3437 1004 3589 1058 sum;

417 1162 714 1234 Florigera
747 1163 817 1221 de
847 1163 979 1221 sede
1006 1164 1183 1220 virum
1202 1208 1218 1230 ,
1245 1164 1543 1237 blandique
1572 1071 1820 1236 sapia]:

416 1256 708 1313 lllecebris
729 1257 940 1313 letbum
973 1258 1173 1314 misero
1199 1269 1411 1328 potarat
1441 1274 1705 1315 amarum.

416 1351 538 1407 Nec
568 1352 720 1407 solus
751 1352 999 1409 meritam
1031 1362 1397 1423 praesumptor
1424 1364 1672 1408 senserat
1701 1354 1837 1409 iram

339 1443 377 1500 5
415 1442 641 1500 Mortali
666 1446 770 1501 sub
800 1446 916 1518 lege
940 1445 1154 1516 iacens,
1180 1445 1276 1501 sed
1300 1460 1526 1516 prorsus
1555 1446 1625 1501 ab
1657 1446 1776 1518 ipso

416 1535 735 1593 Humanum
765 1539 927 1594 simul
955 1552 1118 1594 omne
1143 1553 1337 1610 genus.
1370 1536 1524 1595 lleul
1558 1539 1721 1594 noxia
1750 1553 1882 1596 con-

1663 1631 1804 1705 nux.

417 1730 589 1803 198
616 1730 791 1787 Noxia
822 1738 880 1787 tu
908 1731 1113 1802 conjux
1147 1729 1343 1802 magis,
1401 1745 1471 1787 an
1502 1730 1667 1786 draco
1713 1729 1877 1799 perli-

1515 1823 1639 1897 [dus
1670 1823 1805 1879 ille?

406 1914 667 1972 Perﬁdus
698 1916 791 1972 ille
821 1916 1010 1981 draco,
1061 1916 1155 1972 sed
1188 1926 1243 1972 tu
1271 1931 1488 1989 quoque
1533 1917 1692 1973 noxia
1741 1931 1875 1972 cou-

1661 2009 1800 2084 [jux.

408 2102 565 2161 Proh
586 2102 749 2160 dolor
774 2105 787 2159 !
824 2104 1015 2162 aeterni
1042 2103 1261 2161 fuerant
1289 2104 1418 2161 duo.
1443 2105 1706 2163 Crescere
1726 2112 1874 2175 post-

1612 2197 1798 2270 [quam

2138 1169 2277 1239 Quid
2327 1187 2618 1230 numerosa
2656 1176 2805 1243 dies,
2862 1178 2991 1251 quid
3034 1190 3278 1253 tempore
3327 1092 3589 1255 £5525:

3421 1277 3516 1334 illo

2134 1358 2372 1416 Cernere
2409 1372 2714 1433 nongentos
2745 1364 2883 1421 ultra
2911 1365 3144 1424 feliciter
3172 1383 3366 1438 annos,
3397 1275 3418 1350 [

2133 1450 2565 1527 Progeniemque
2609 1471 2802 1514 senum
2839 1459 3108 1516 decimam
3136 1472 3390 1533 spectare
3418 1480 3592 1536 nepo-

3370 1567 3481 1613 tum

2131 1637 2363 1710 Jamque
2385 1656 2542 1698 suum
2569 1644 2787 1702 nescire
2810 1661 3015 1718 genus,
3047 1662 3171 1705 cum
3200 1556 3364 1707 victal
3389 1600 3585 1723 supre-

2026 1824 2092 1880 l5
2130 1823 2415 1894 Cursibus,
2447 1836 2716 1885 extremae
2744 1846 2866 1888 sors
2908 1832 3275 1905 irreparabilis
3302 1746 3513 1905 lini-:15

2129 1918 2260 1974 Sera
2293 1917 2444 1985 licet,
2465 1929 2693 1976 ventura
2720 1920 2887 1993 foret,
2922 1925 3251 2000 longumque
3286 1943 3383 2000 per
3406 1946 3584 1987 sevum

2128 2010 2248 2067 Vita
2280 2010 2465 2066 brevis
2488 2013 2563 2067 nil
2591 2028 2714 2070 esse
2742 2014 2836 2070 ditt
2862 2030 2986 2072 cum
3017 2018 3125 2076 line
3150 2019 3406 2077 doleret?

2125 2102 2236 2158 Nec
2264 2102 2522 2167 reducem
2575 2119 2702 2176 spes
2752 2105 2924 2165 ferret
2950 2124 3133 2181 opem,
3190 2111 3461 2183 primique
3487 2127 3572 2173 se-
3646 2108 3657 2115 ’

3236 2202 3509 2275 [pulcrum

1604 2357 1781 2416 OPUS
1820 2354 2202 2415 PASCHALE.

331 2478 646 2548 Expulerat
684 2493 915 2551 serpens
963 2480 1057 2537 ille
1109 2479 1475 2551 nequissimus
1515 2477 1585 2534 de
1623 2476 1865 2548 paradisi
1898 2481 1945 2542 B
1972 2492 2229 2534 crescere
2256 2477 2425 2546 cepit
2451 2478 2632 2549 origo,
2661 2488 2791 2535 tunc
2815 2480 2998 2548 periit,
3030 2480 3354 2554 clademque
3384 2494 3581 2554 partu-

256 2574 388 2631 sede
418 2574 681 2647 llorigera
728 2576 1150 2647 primogenitum
1182 2573 1393 2631 dolosis
1430 2573 1641 2629 artibus
1666 2573 1868 2639 virum,

257 2681 311 2726 et
354 2670 644 2727 illecebris
696 2670 877 2725 blandi
934 2669 1147 2739 saporis
1206 2667 1581 2724 absconditam
1635 2675 1867 2721 mortem

255 2764 468 2834 gustari
516 2762 728 2819 fecerat
758 2777 880 2817 mox
926 2776 1190 2817 amaram.
1220 2760 1332 2817 Nec
1363 2759 1755 2832 indignationis
1781 2757 1868 2814 di-

256 2854 747 2912 vinmsententiam
766 2855 919 2910 solus
939 2855 1194 2924 praecepti
1215 2861 1515 2910 temerator
1527 2853 1655 2908 vitae
1670 2852 1871 2907 damno

246 2928 600 3019 susceperat,
646 2946 740 3003 sed
774 2947 844 3002 ab
891 2948 1011 3018 ipso
1040 2945 1269 3002 veniens
1313 2945 1551 2999 humana
1583 2942 1872 3013 progenies

257 3040 432 3114 longe
476 3043 677 3098 mortis
716 3042 894 3097 fuerat
930 3041 1234 3097 conditioni
1275 3040 1661 3096 succumbens.
1715 3038 1868 3094 Heu!

257 3136 459 3206 coiijux
492 3135 760 3204 crudelis,
787 3145 843 3191 et
869 3137 1026 3190 noxia
1053 3136 1066 3190 ε
1103 3138 1183 3190 An
1217 3134 1313 3190 ille
1342 3136 1514 3206 magis
1548 3134 1712 3188 draco
1742 3147 1867 3203 per-

258 3226 397 3283 ﬁdus
423 3229 743 3285 homicida?
765 3227 872 3286 Sed
896 3241 949 3284 tu
974 3229 1173 3297 conjux
1192 3241 1410 3298 quoque
1434 3225 1667 3281 crudelis
1681 3226 1864 3279 noxia.

256 3324 403 3383 Prob
446 3326 642 3383 dolor!
681 3324 793 3380 duo
838 3332 1045 3379 tantum
1085 3322 1302 3378 fuerant
1329 3322 1539 3377 aeterni.
1575 3320 1864 3391 Postquam

1978 2572 2124 2629 riens
2170 2588 2200 2629 a
2228 2574 2439 2629 semine
2478 2573 2807 2630 detrimenta
2835 2575 3100 2643 suscepit.
3133 2574 3274 2644 Quid
3307 2577 3399 2631 illa
3443 2588 3581 2634 tem-

1978 2676 2188 2737 pestate
2215 2681 2503 2723 numerosa
2531 2666 2672 2731 dies,
2701 2682 2766 2722 ac
2812 2667 3131 2739 multiplex?
3160 2668 3289 2739 quid
3328 2668 3578 2727 felicibus

1979 2761 2108 2816 vitae
2138 2762 2327 2831 spatiis
2356 2767 2658 2832 nongentos
2679 2761 2939 2833 proderat
2960 2776 3136 2817 annos
3161 2763 3449 2832 excedere,
3480 2780 3578 2820 ne-

1979 2861 2276 2924 potumque
2318 2852 2526 2909 decima
2564 2863 2891 2909 senescente
2919 2854 3200 2924 progenie,
3240 2854 3325 2909 sui
3355 2856 3578 2925 generis

1979 2955 2263 3002 externum
2290 2946 2608 3018 sanguinem
2628 2946 2739 3017 jam
2767 2945 2977 3012 videre,
3008 2962 3131 3002 cum
3164 2961 3287 3002 sors
3328 2947 3579 3004 humanae

1976 3038 2306 3094 conditionis
2358 3048 2609 3094 extrema
2665 3037 3035 3109 irreparabilis
3097 3039 3248 3094 liora:
3306 3042 3579 3110 supremis

1975 3131 2227 3186 cut-silius
2257 3141 2542 3201 occupata,
2574 3129 2703 3185 licet
2749 3144 2961 3198 serum,
3009 3146 3350 3202 nequaquam
3393 3141 3572 3190 tamen

1975 3223 2276 3279 declinaret
2317 3224 2623 3287 interitum,
2655 3222 2985 3294 longamque
3030 3214 3338 3293 temporum
3373 3240 3468 3293 per
3496 3242 3572 3281 a2-

1974 3328 2139 3375 tatetn
2166 3319 2291 3373 vitae
2324 3326 2350 3355 α
2395 3317 2640 3373 existens
2669 3317 2885 3383 brevis,
2924 3318 3057 3373 niliil
3101 3331 3227 3375 esse
3260 3316 3528 3375 diutinum
3554 3364 3570 3389 ,

1755 3458 2046 3517 SCHOLIA
2058 3501 2072 3515 .

326 3584 379 3640 1.
404 3583 545 3652 Reg.
569 3580 629 3655 2,
655 3580 851 3655 Incipit
862 3580 1124 3655 Aliber‘tde
1142 3584 1443 3649 expulsione
1464 3583 1778 3655 protoplasti
1798 3599 1862 3638 ex
1890 3582 1936 3645 C
1966 3590 2268 3655 gustaturus
2285 3580 2868 3655 amaram—Tempore.
2888 3583 3043 3652 Quod
3065 3583 3111 3640 si
3136 3585 3317 3643 minus
3337 3588 3579 3646 arriileat

259 3655 551 3725 paradisoa
587 3652 812 3725 Val.2,i
851 3652 1054 3725 sedulii
1098 3656 1380 3725 presbyteri
1411 3654 1540 3725 liber
1584 3652 1858 3709 secundus.

258 3723 408 3783 Meus
444 3769 459 3790 ,
518 3723 728 3780 Sedulii
780 3724 842 3777 de
890 3723 1110 3777 historia
1165 3723 1379 3779 Domini
1433 3724 1563 3779 liber
1608 3727 1864 3780 secundus

257 3800 440 3859 incipit
478 3796 718 3861 feliciter.
751 3795 849 3849 Ms.
894 3794 1011 3850 Nic.
1073 3796 1275 3850 Heinsii
1298 3838 1313 3857 ,
1352 3795 1506 3850 Liber
1531 3798 1729 3863 primus
1762 3796 1863 3851 Se-

258 3870 389 3925 duli
424 3868 501 3923 De
532 3883 663 3921 noro
707 3866 1054 3939 Testamento.
1082 3868 1239 3922 Cant.
1274 3867 1442 3939 Liber
1464 3872 1662 3939 primus
1692 3869 1746 3920 in
1769 3884 1867 3920 no-

260 3956 317 3996 ro
357 3942 717 3997 Testamento.
752 3939 865 3993 Ott.
893 3938 948 4005 2,
1003 3938 1079 3993 De
1107 3956 1236 3993 noro
1266 3938 1613 3992 Testamento.
1646 3940 1757 3992 Arn
1787 3955 1863 4003 z.,

260 4012 456 4082 Incipit
487 4011 618 4065 liber
640 4011 914 4082 secundus.
952 4009 1067 4066 Ott.
1097 4016 1147 4074 1,
1175 4027 1271 4079 pro
1300 4010 1461 4063 titulo
1483 4010 1643 4078 primi
1672 4009 1865 4077 Capitis

262 4082 341 4139 De
369 4085 544 4139 Adam
596 4083 743 4136 dicit.
778 4081 824 4135 R
850 4097 964 4145 -m.,
1022 4083 1175 4147 Quod
1212 4083 1377 4136 Adam
1425 4081 1524 4149 fuit
1565 4084 1756 4151 ejectus
1804 4082 1868 4135 de

264 4156 534 4225 paradiso.
586 4152 748 4216 Urb.,
810 4153 883 4206 De
911 4154 1061 4220 lapsu
1110 4154 1416 4225 protoplusti
1446 4169 1535 4221 per
1565 4153 1863 4206 draconem.

267 4227 360 4284 Hic
385 4231 599 4297 primus
636 4239 831 4279 versus
853 4266 867 4286 ,
900 4236 953 4279 et
984 4242 1079 4280 sex
1112 4225 1202 4279 alii
1232 4234 1526 4294 sequentes
1558 4226 1867 4297 producun-

261 4308 346 4353 tur
383 4294 435 4353 in
468 4296 805 4352 ColleCIione
835 4297 1142 4351 Pisaurensi
1176 4307 1458 4366 poetarum
1480 4341 1493 4363 ,
1530 4306 1664 4350 tom.
1692 4294 1781 4359 VI,
1808 4311 1862 4363 p.

268 4369 395 4437 282,
428 4370 579 4424 inter
608 4369 848 4422 carmina
881 4367 1091 4421 minora
1129 4368 1461 4423 incertorum
1489 4376 1769 4420 auctorum
1800 4382 1869 4421 ex

260 4439 516 4497 Tractatu
549 4439 900 4508 diploinntico
927 4438 1320 4506 Maurinurniu,
1349 4451 1481 4492 lOIII.
1516 4438 1606 4498 Ill,
1634 4448 1772 4508 part.
1806 4452 1863 4503 tt,

263 4524 398 4568 sect.
422 4512 484 4577 4,
519 4526 640 4580 cap.
673 4511 856 4575 2,art.
906 4512 952 4569 1.
990 4510 1279 4579 lgnorabat
1326 4509 1537 4565 scilicet
1591 4508 1870 4565 Collector

269 4583 640 4643 Pisaurensis.
670 4581 884 4639 Se‘dtliii
909 4597 1002 4637 cos
1029 4597 1170 4636 esse.

328 4655 384 4711 2.
421 4655 680 4709 Nonnulli
730 4653 953 4723 vulgati,
1003 4651 1337 4719 blandisque;
1383 4666 1515 4706 mss.
1539 4660 1594 4706 et
1622 4651 1869 4719 plerique

262 4726 425 4791 edidi,
442 4724 968 4797 blandique,favente
981 4740 1162 4794 prosa.
1182 4723 1389 4797 Poeliu.
1405 4738 1527 4778 eum
1546 4723 1867 4792 quibusdam

262 4800 416 4853 editis
444 4796 681 4869 soporis:
712 4797 802 4850 alii
828 4796 959 4869 editi
982 4812 1104 4848 cntn
1132 4796 1406 4869 plerisque
1431 4803 1654 4869 IIISS‘a-Ql
1683 4807 1864 4869 prosa,

263 4876 462 4941 saporis
481 4864 517 4933 ,⁷
545 4868 699 4941 cujus
735 4869 882 4941 verlii
911 4867 1091 4937 glossa
1131 4867 1181 4919 in
1209 4865 1394 4941 Beg._i
1421 4871 1506 4919 est
1535 4864 1674 4941 illius
1705 4868 1863 4941 pomi.

331 4943 384 4996 ὅ.
422 4934 625 4995 Ρθηιιξ
653 4939 772 4992 laeto
802 4934 988 4992 misero
1010 4953 1029 4991 :
1055 4937 1239 4992 caeteri
1262 4934 1456 4990 lethum
1479 4936 1688 4989 misero.
1723 4936 1857 5005 lleg.

267 5014 316 5078 l,
343 5030 438 5080 pro
468 5011 527 5067 d.
560 5027 589 5065 s
620 5054 634 5077 ,
679 5011 764 5065 vel
797 5010 1164 5080 correctione,
1226 5007 1370 5062 Vatt.
1405 5008 1457 5072 1,
1492 5008 1546 5071 2,
1576 5006 1761 5061 Uttub.
1796 5007 1860 5074 2,

265 5079 418 5150 Urli.,
476 5082 630 5144 Ald.,
671 5080 857 5145 Rom.,
889 5080 1041 5147 Alli.,
1074 5079 1204 5150 Reg.
1241 5080 1296 5144 5,
1335 5090 1388 5134 et
1417 5083 1553 5150 Ang.
1606 5086 1860 5146 portarat.

265 5149 410 5226 Reg.
458 5155 518 5217 2,
550 5169 581 5207 a
610 5169 693 5221 pr.
727 5171 825 5226 ω..
860 5164 914 5205 ut
945 5149 1178 5226 videtur,
1224 5150 1363 5226 εἶρε.
1407 5153 1463 5226 ί,
1511 5149 1753 5216 Ροθιηιη
1807 5161 1863 5206 et

267 5221 377 5298 alii,
413 5226 675 5298 portabat.
735 5225 906 5298 Meus,
932 5223 1171 5298 portarit.
1224 5221 1360 5293 Reg.
1420 5221 1478 5285 2,
1530 5236 1558 5298 a
1612 5237 1722 5298 se_c.
1758 5239 1855 5298 tn_.,

270 5291 485 5359 Parrir,
522 5307 575 5349 et
605 5298 839 5351 fortasse
864 5291 997 5366 Reg.
1029 5297 1081 5359 1,
1107 5310 1136 5347 a
1168 5310 1249 5364 pr.
1278 5291 1375 5359 ni.,
1404 5292 1633 5366 potabat.
1656 5291 1766 5366 Ott.
1799 5294 1855 5358 1,

269 5370 330 5422 ad
364 5384 540 5438 marg.
596 5369 829 5437 potabat,
860 5366 913 5421 in
952 5364 1221 5438 contextu
1256 5374 1465 5431 portat,
1516 5364 1610 5438 sed
1641 5364 1859 5438 videtur

272 5439 435 5495 fuisse
461 5434 733 5506 deportat:
772 5439 873 5491 hoc.
909 5438 1082 5503 ipsum
1107 5437 1343 5505 deportat
1396 5443 1482 5491 est
1509 5435 1722 5491 diversa
1755 5434 1856 5489 alia

270 5511 430 5568 lectio
461 5513 515 5564 in
556 5510 687 5581 Reg.
719 5512 767 5564 l.
795 5509 1043 5565 Genuina
1092 5510 1254 5563 lectio
1287 5509 1414 5563 inilii
1450 5508 1667 5581 videtur
1692 5516 1863 5581 pota-

272 5594 370 5649 rnt,
402 5579 656 5652 quamvis
685 5584 997 5652 exemplum
1022 5597 1129 5635 non
1179 5581 1449 5634 inveniam
1477 5579 1636 5649 hujus
1658 5579 1869 5648 signiﬁ-

271 5655 503 5709 catiOuis
519 5652 711 5706 aetivze
742 5664 921 5723 potare
947 5651 1108 5707 alicui
1133 5669 1344 5717 aquam.
1373 5652 1572 5718 vinum,
1607 5662 1663 5705 et
1696 5660 1867 5705 inela-

271 5727 495 5795 pliorice
519 5725 715 5795 lethum
749 5739 845 5792 pro
871 5724 1134 5778 exhibere
1166 5723 1481 5795 potandum,
1512 5733 1605 5777 aut
1643 5728 1867 5792 gustan-

271 5794 420 5853 dum.
438 5797 554 5851 lluc
575 5794 701 5849 facit
716 5795 751 5849 ι.
776 5810 850 5864 tv,
872 5808 1013 5850 vers.
1039 5795 1169 5864 l80_:
1190 5794 1394 5866 Quippe
1414 5810 1585 5849 necem
1598 5810 1759 5867 parvo
1770 5795 1857 5848 de-

1967 3665 2199 3731 potarat.
2218 3664 2611 3731 ceArteportarat
2633 3656 2792 3731 longe
2815 3656 3005 3710 melius
3027 3669 3113 3712 est
3132 3673 3292 3729 quam
3309 3660 3571 3731 portabat.

2039 3728 2094 3780 4.
2126 3724 2240 3781 Ott.
2267 3725 2325 3789 2,
2352 3724 2643 3796 sumpserat
2660 3744 2677 3779 :
2712 3724 2830 3787 lege
2852 3740 3105 3783 senserat.

2042 3797 2094 3850 7.
2127 3796 2903 3873 Parin.interpungitﬂoxia
2933 3810 2987 3853 tu
3032 3803 3263 3873 conjux,
3292 3804 3457 3873 magis
3503 3821 3571 3858 an

1969 3867 2132 3921 draco
2176 3868 2407 3936 perﬁdus
2437 3868 2562 3922 ille?
2592 3868 2647 3921 lit
2682 3869 2928 3933 Virgilio,
2962 3867 3138 3938 quem'
3164 3867 3419 3927 Sedulius
3450 3876 3570 3929 imi-

1970 3945 2137 3998 tatur,
2165 3941 2370 4013 pariter
2391 3939 2647 4013 distingui
2674 3942 2895 4013 poterit,
2927 3940 3167 3995 Crudelis
3195 3953 3380 4008 mater,
3404 3948 3569 4013 maqis

1969 4026 2039 4063 an
2086 4026 2213 4081 puer
2240 4009 2512 4079 improbus
2560 4009 2689 4063 ille?
2718 4010 2966 4080 Plerique
2987 4027 3200 4069 comma
3239 4023 3358 4082 post
3404 4009 3569 4085 magis

1969 4090 2274 4150 apponunt.

2045 4152 2131 4225 i2.
2166 4151 2310 4225 [ἰοῖς.
2340 4151 2374 4206 4
2404 4150 2688 4225 mendose.
2726 4149 2945 4207 Cernere
2973 4170 3075 4208 non
3107 4155 3308 4225 genitor
3331 4156 3490 4210 ultra.

2045 4224 2132 4278 15.
2171 4222 2336 4287 Editi,
2379 4239 2500 4276 cum
2534 4221 2809 4289 plerisque
2839 4237 3002 4284 ηιμ..
3026 4221 3225 4280 δεηίιηι.
3259 4226 3369 4280 Ott.
3399 4227 3448 4289 1⁹
3487 4245 3569 4280 se-

1972 4311 2097 4362 nes,
2147 4295 2289 4360 quod
2343 4293 2600 4361 explicari
2656 4302 2840 4368 posset
2868 4310 2893 4368 _:
2926 4294 3065 4368 Quid
3098 4296 3387 4366 proderat,
3419 4300 3563 4368 quod

1972 4381 2133 4421 senes
2165 4374 2477 4436 spectarent
2509 4367 2821 4433 progeniem
2849 4364 3114 4422 decimam
3145 4364 3562 4436 tteptitttntjetc.

1972 4437 2317 4510 But-manuus
2340 4434 2652 4505 coniecerat
2677 4452 2869 4497 senem,
2894 4438 3103 4510 eadem
3121 4485 3135 4507 ,
3186 4434 3413 4510 opinor,
3434 4456 3565 4498 sen-

1976 4510 2162 4583 tentia.
2192 4508 2405 4583 thitna
2437 4521 2667 4583 quaeque
2695 4507 3030 4583 exemplaria
3069 4507 3323 4576 spectare,
3368 4527 3565 4583 nempe

1974 4579 2181 4654 videre.
2216 4580 2272 4632 In
2305 4579 2851 4654 nonnullisvulgatis
2901 4596 3020 4636 cum
3052 4584 3217 4654 Ang.,
3247 4579 3563 4652 exspectare.

1974 4651 2117 4719 quod
2149 4650 2463 4719 frequenter
2494 4665 2520 4700 a
2555 4650 2794 4705 librariis
2824 4654 3111 4708 confusum
3143 4650 3266 4709 cum
3289 4650 3564 4720 spectare:

1973 4722 2268 4799 aliquando
2295 4732 2736 4799 tameticxspccto
2765 4739 2866 4799 pro
2890 4735 3087 4796 specto,
3118 4727 3202 4781 vel
3231 4737 3439 4798 aspecto
3470 4745 3566 4799 pc-

1975 4794 2146 4848 nitur.
2170 4793 2305 4849 Vide
2333 4794 2371 4847 l.
2401 4811 2413 4848 l
2454 4793 2731 4848 Draciintii
2764 4795 2891 4850 556.

2049 4866 2136 4920 14.
2170 4864 2387 4927 Parrli..
2414 4876 2684 4931 convicta;
2716 4866 3000 4936 legendum
3023 4884 3142 4922 cum
3166 4869 3318 4922 victa.
3343 4867 3567 4925 Nebris-

1975 4937 2156 4992 sensis
2197 4937 2574 5006 interpretatio
2602 4947 2714 4993 est:
2765 4954 2881 5008 quia
2931 4940 3261 4993 multitudine
3309 4955 3568 4996 annorum

1970 5009 2180 5061 tandem
2202 5011 2438 5066 uincitur.

2044 5080 2132 5133 l5.
2190 5080 2321 5150 Reg.
2350 5080 2408 5141 4,
2459 5079 2825 5149 inseparabilis
2850 5079 3013 5147 horta,
3074 5082 3165 5150 qui
3195 5095 3351 5134 error
3378 5090 3567 5137 contra

1967 5161 2206 5205 metrum
2237 5160 2291 5205 et
2328 5165 2548 5206 sensum
2590 5150 2716 5205 inde
2748 5151 2940 5218 oritur,
2973 5153 3117 5220 quod
3149 5152 3199 5203 in
3222 5150 3410 5204 multis
3434 5168 3565 5208 mss.

1965 5222 2223 5276 scribitur
2274 5222 2660 5292 inreparabilis.
2689 5222 2945 5292 Virgilius
2990 5222 3082 5276 lib.
3117 5238 3170 5292 Χ,
3229 5235 3388 5274 versu
3429 5222 3567 5280 467:

1965 5292 2083 5348 Stat
2105 5310 2200 5347 sua
2223 5291 2404 5364 cuique
2417 5295 2546 5358 dies,
2563 5294 2728 5360 breve,
2748 5291 3153 5356 etirreparabile
3170 5294 3573 5362 tempus—Om-

1964 5365 2115 5419 nibus
2142 5374 2217 5418 est
2239 5367 2374 5419 eine.

2051 5436 2141 5491 17.
2178 5435 2313 5505 Reg.
2346 5439 2399 5504 1,
2428 5435 2605 5491 Vatic.
2634 5435 2690 5500 2,
2724 5434 2874 5500 Ald.,
2898 5432 3030 5505 nillil
3052 5449 3163 5505 esse
3184 5448 3201 5486 :
3221 5432 3471 5505 plerique
3495 5437 3574 5492 nil

1974 5523 2106 5570 esse,
2159 5502 2301 5562 nuud
2338 5502 2564 5577 perinde
2600 5515 2701 5561 est.
2734 5506 2947 5577 Τςιυτηί
2968 5503 3084 5557 Vita
3113 5502 3437 5577 brevisnihil
3461 5523 3573 5562 esse

1975 5577 2066 5630 diu
2091 5594 2206 5631 cum
2239 5575 2349 5648 ﬁne
2373 5580 2591 5648 doloris.
2623 5578 2751 5632 Mss.
2781 5576 2953 5631 nostri
2981 5589 3104 5648 cum
3149 5575 3429 5648 plerisque
3454 5578 3573 5631 edi-

1974 5649 2045 5703 tis
2068 5665 2183 5702 cum
2207 5644 2310 5720 ﬁne
2330 5651 2546 5704 doleret.
2576 5647 2733 5702 Fabr.
2757 5657 2813 5702 et
2841 5644 3085 5701 nonnulli
3113 5644 3207 5699 alii
3233 5646 3455 5714 vulgati,
3475 5649 3570 5701 do-

1971 5728 2125 5785 ceret,
2158 5730 2498 5792 repugnante
2519 5732 2703 5789 prosa.

340 5921 366 5953 ι
387 5908 736 5974 Gallandius,
765 5909 935 5964 vita...
969 5924 1085 5963 cum
1104 5908 1468 5975 clauderetur;
1496 5911 1619 5978 alii,
1652 5911 1836 5965 vitm...
1862 5908 1952 5981 qui
1970 5908 2316 5964 clauderetur.
