4060 6320
447 285 554 342 ως

601 498 818 563 Mansit,
843 509 894 554 et
923 507 1156 571 angusto
1182 499 1327 555 Deus
1351 501 1403 555 in
1433 517 1678 573 praisepe
1709 503 1934 571 quievit.

670 591 853 655 Salve,
885 601 1069 646 sancta
1096 606 1316 660 patens,
1347 592 1506 648 enixa
1535 609 1804 663 puerpera
1826 594 2055 667 Regem,

597 684 700 753 Qui
732 684 930 741 cmlum
953 728 968 751 ,
1006 693 1321 756 terramque
1352 695 1495 741 tenet
1524 701 1622 757 per
1644 688 1875 756 srecula,
1904 688 2061 759 cujus

491 779 563 834 65
603 778 831 843 Numen,
856 789 911 834 et
942 788 1149 834 aeterno
1171 780 1543 842 complectens
1565 780 1746 835 omnia
1765 797 1902 854 gyro

598 872 892 943 Imperium
920 873 1038 928 sine
1061 872 1167 928 line
1193 883 1396 939 manet;
1422 888 1543 944 qme
1567 883 1757 930 ventre
1782 875 1941 930 beato

602 964 810 1021 Gaudia
833 965 1021 1020 matris
1044 962 1252 1020 habens
1269 980 1391 1020 cum
1411 950 1732 1037 virginitatis
1761 968 1987 1035 honore,

1829 290 2046 349 C(ELII
2082 292 2358 351 SEDULII

595 404 715 459 Non
748 406 896 476 capit
922 405 1041 459 aula
1078 405 1209 476 poli,
1244 405 1436 476 puerili
1472 406 1524 462 in
1557 422 1788 479 corpore
1811 409 2004 480 plenus
2086 420 2137 479 Α

3654 293 3760 352 600

2303 408 2468 483 204
2492 409 2601 468 Nec
2633 409 2862 482 primam
2886 409 3128 467 similem
3153 411 3268 467 visa
3291 425 3353 467 es
3379 452 3394 476 ,
3436 423 3539 467 nec
3568 411 3764 469 habere

3379 503 3723 578 [sequentem
3746 550 3761 575 ,

2302 598 2429 654 Sola
2450 597 2570 654 sine
2595 598 2847 668 exemplo
2871 596 3118 666 placuisti
3148 595 3345 653 femina
3375 595 3618 653 Christo.

2201 688 2269 744 70
2305 689 2458 744 'l‘nnc
2478 691 2633 760 prius
2654 689 2854 759 ignaris
2882 689 3195 759 pastoribus
3220 689 3315 744 ille
3335 700 3554 745 creatus

2309 782 2471 856 205
2536 781 2786 850 Enituit,
2814 782 2942 853 quia
2992 790 3178 853 pastor
3218 792 3336 837 erat
3361 822 3374 847 ,
3406 781 3770 853 gregibusque

3463 875 3701 949 [refulsit
3744 918 3748 925 η

2314 970 2525 1041 Agnus,
2554 980 2613 1047 et
2640 969 2921 1040 angelicas
2950 970 3153 1027 cecinit
3178 969 3440 1026 miracula
3468 978 3668 1028 cretus.

1808 1085 1989 1143 OPUS
2033 1083 2417 1146 PASCHALE.

462 1183 718 1256 $uscepit,
748 1191 855 1238 etc.
885 1180 1149 1254 (Philipp.
1173 1197 1232 1247 ιι,
1265 1182 1346 1249 7),
1371 1181 1573 1252 quique
1597 1190 1792 1237 cuncta
1817 1183 1980 1238 vestit
2010 1182 2080 1236 ab

462 1278 678 1348 origine
705 1274 1245 1341 inundifnasceutia
1287 1274 1482 1345 pannis
1514 1273 1723 1330 involvi
1750 1289 1845 1328 sua
1888 1288 2078 1343 passus

464 1380 553 1429 est
600 1371 868 1427 membra.
903 1372 970 1425 Et
997 1370 1084 1426 cui
1125 1370 1323 1425 cmlum
1354 1383 1555 1441 parvus
1580 1378 1665 1424 est
1694 1368 1883 1436 limes,
1930 1378 2076 1424 terra

468 1464 692 1528 deﬁcit,
725 1465 889 1519 maris
922 1464 1061 1518 unda
1103 1479 1209 1518 non
1252 1462 1488 1531 sufﬁcit,
1542 1464 1733 1533 plenus
1779 1465 1980 1518 mansit
2023 1465 2075 1518 in

2181 1182 2325 1237 simis
2354 1180 2485 1238 Deo.
2518 1182 2718 1253 Utique
2748 1183 2801 1238 in
2824 1182 3106 1239 altissimis
3128 1183 3298 1255 gloria
3332 1182 3425 1239 Dei
3453 1184 3777 1256 permansit,

2183 1274 2328 1329 unde
2378 1274 2631 1331 Christus
2678 1275 2903 1330 veniens
2950 1291 3055 1330 non
3109 1276 3361 1332 recessit.
3419 1273 3489 1331 Et
3541 1278 3594 1330 in
3643 1287 3781 1331 terra

2180 1383 2286 1437 paa:
2325 1367 2618 1422 hominibus
2658 1368 2805 1422 bona:
2830 1368 3135 1422 voluntatis.
3181 1368 3410 1424 Terram
3448 1368 3781 1424 credendum

2180 1469 2266 1515 est
2311 1460 2562 1515 homines
2607 1461 2950 1531 nuncupari,
2994 1461 3063 1517 de
3105 1477 3208 1531 qua
3276 1475 3504 1528 sumus,
3559 1461 3783 1517 Domino

467 1576 708 1631 corpore
739 1560 967 1630 puerili,
1008 1560 1223 1615 modico
1255 1560 1404 1615 Deus
1432 1562 1703 1616 recubans
1732 1560 1786 1614 in
1815 1559 2071 1629 prresepi.
2108 1601 2153 1660 Β
2182 1551 2515 1619 lubricante,
2568 1552 2826 1623 plasmati
2847 1595 2861 1619 ,
2914 1552 3007 1624 qui
3052 1555 3221 1609 Adam
3275 1554 3573 1625 increpans
3614 1555 3779 1611 dixit:

476 1655 658 1719 Salve,
696 1669 889 1723 parens
918 1655 1118 1723 Optima
1139 1698 1152 1721 ,
1199 1654 1335 1708 tanti
1366 1655 1511 1724 regis
1562 1655 1855 1725 puerperio
1881 1667 2074 1708 conse-

472 1759 649 1815 crata,
680 1749 769 1818 qui
810 1747 1065 1818 supernis
1094 1748 1168 1802 ita
1191 1746 1398 1816 jugiter
1427 1754 1484 1802 et
1509 1746 1708 1800 inlimis
1740 1746 2072 1815 dominatur,

473 1848 536 1893 ut
571 1840 689 1909 ejus
732 1839 1056 1909 imperium,
1097 1846 1360 1909 potestas,
1399 1846 1455 1893 et
1492 1852 1691 1893 nomen
1730 1853 1828 1892 nec
1865 1837 2075 1892 initium

478 1934 698 1988 noverit
722 1931 946 2001 habere,
980 1947 1080 1986 nec
1104 1933 1289 1995 linem,
1315 1946 1438 1999 quae
1469 1931 1612 1987 beati
1639 1931 1847 1987 ventris
1875 1930 2079 1984 honore

475 2023 771 2094 conspicuo
795 2023 963 2078 simul
994 2034 1047 2078 et
1080 2034 1258 2078 mater
1276 2038 1398 2079 esse
1415 2023 1689 2093 probaris,
1714 2032 1770 2077 et
1790 2022 1961 2092 virgo.
1980 2021 2079 2077 Cui

479 2121 625 2175 nulla
665 2121 884 2189 penitus
926 2120 1153 2191 a-qualis
1198 2120 1396 2174 femina
1443 2120 1737 2189 reperitur,
1776 2133 1896 2189 quae
1924 2126 2078 2171 tuum

477 2213 649 2269 decus
674 2212 931 2267 similiter
961 2212 1327 2280 praecesserit,
1352 2220 1446 2265 aut
1469 2221 1729 2281 sequatur
1753 2220 1802 2276 κ,
1826 2209 1938 2263 sola
1966 2210 2082 2278 pla-

482 2321 619 2363 cens
640 2308 993 2377 singulariter
1014 2305 1255 2371 Christo,
1279 2306 1411 2362 nulli
1441 2305 1779 2376 compararis
1805 2304 2079 2374 exetnplo.

484 2398 639 2454 Tunc
668 2397 696 2436 ιι
726 2400 957 2469 angelici
986 2397 1315 2453 facunditatc
1344 2397 1617 2453 sermonis
1644 2409 1895 2468 pasmres
1927 2396 2084 2467 primi

485 2507 705 2564 gregem
737 2507 894 2546 suum
919 2492 1201 2547 nocturnis
1224 2491 1431 2563 vigiliis
1451 2501 1751 2556 servantes,
1771 2501 1956 2545 natum
1983 2490 2086 2545 Do-

487 2589 692 2644 minum
736 2598 1130 2658 cognoverunt,
1168 2598 1231 2642 ut
1255 2596 1313 2643 et
1345 2587 1657 2658 pastoribus
1684 2596 1870 2658 pastor
1900 2585 2084 2641 mundi

486 2683 837 2748 claresceret,
871 2692 926 2738 et
968 2685 1108 2738 inter
1136 2697 1331 2753 greges
1378 2695 1551 2751 agnus
1595 2682 1813 2751 genitus
1860 2694 2088 2750 appare-

490 2785 597 2830 ret.
632 2775 917 2846 lgitur,‘ttl
945 2775 1290 2845 evangelicus
1335 2788 1518 2829 sermo
1560 2782 1810 2840 testatur,
1852 2772 1925 2828 ita
1966 2766 2089 2843 pro-

490 2868 751 2923 nuntians
798 2884 813 2921 :
860 2865 926 2922 Et
957 2867 1128 2921 subito
1166 2868 1311 2935 {acta
1338 2873 1411 2921 est
1444 2881 1559 2920 cum
1580 2866 1778 2938 Angela
1809 2864 2088 2919 multitudo

2183 1657 2206 1685 ε
2225 1646 2359 1714 Quia
2383 1656 2518 1701 terra
2544 1663 2619 1713 es,
2638 1648 2692 1702 in
2725 1659 2911 1702 terram
2943 1648 3039 1703 ibis
3066 1646 3221 1720 (Gen.
3238 1665 3318 1715 ut,
3345 1648 3620 1717 19).Tunc
3641 1657 3782 1705 terra

2181 1754 2364 1798 nostra
2395 1757 2583 1813 pacem
2621 1746 2823 1799 meruit
2853 1754 2976 1814 post
3012 1743 3146 1798 illud
3188 1744 3391 1799 bellum
3438 1743 3632 1811 ferale,
3682 1760 3785 1815 quo

2179 1836 2399 1898 cecidit.
2427 1835 2648 1907 quando
2692 1836 2944 1892 Christus
2976 1847 3178 1893 terram
3209 1852 3413 1893 nosme
3465 1838 3650 1893 carnis
3701 1854 3786 1894 as-

2182 1928 2433 1999 sumpsit.
2467 1929 2599 1984 Nam
2631 1931 2675 1983 si
2708 1940 2906 1985 terram
2940 1930 2994 1985 iu
3026 1931 3128 1987 hoc
3152 1930 3271 1986 Inoo
3303 1945 3529 2000 campos
3561 1931 3787 1987 arbitre-

2183 2040 2305 2079 mur
2327 2024 2524 2093 dictos,
2552 2033 2607 2080 et
2637 2034 2876 2093 montes,
2906 2040 3068 2096 quam
3112 2040 3299 2095 pacem
3335 2032 3517 2095 potest
3567 2024 3780 2092 habere,

2182 2118 2266 2173 vel
2291 2118 2504 2189 praelia,
2535 2127 2737 2173 mutata
2768 2118 2962 2185 moles,
2992 2126 3046 2172 et
3073 2119 3225 2190 pigra
3246 2121 3271 2172 ’ἐ
3295 2118 3351 2173 In
3376 2117 3633 2173 homines
3659 2133 3786 2189 ergo

2184 2209 2499 2281 specialiter
2523 2225 2624 2280 pax
2658 2209 2749 2265 illa
2778 2210 3084 2273 descendit,
3131 2225 3268 2281 quos
3303 2210 3461 2265 bonm
3492 2210 3786 2267 voluntatis

2182 2317 2413 2373 capaces
2434 2303 2810 2366 invenerit,ut
2857 2303 2946 2358 ubi
2997 2303 3236 2358 studium
3268 2302 3469 2359 sinceri
3527 2305 3784 2376 propositi

2185 2412 2369 2452 rerum
2404 2407 2678 2453 scrutator
2716 2406 2772 2452 et
2798 2396 2983 2453 cordis
3006 2412 3127 2452 esse
3150 2398 3528 2467 conspexerit,
3566 2398 3675 2452 illic
3696 2373 3788 2452 dit-

2187 2489 2448 2545 micilium
2489 2505 2602 2545 sua:
2648 2489 2951 2545 delectetur
2996 2490 3269 2545 instruere
3299 2489 3628 2545 mansionis.
3679 2489 3785 2546 Pax

2190 2593 2275 2637 est
2317 2584 2487 2651 enim,
2517 2591 2574 2638 et
2601 2584 2742 2639 ratio
2774 2582 3015 2638 melioris
3041 2583 3272 2649 arbitrii,
3307 2591 3500 2637 contra
3534 2582 3786 2652 spiritum

2190 2678 2371 2736 carnis
2392 2695 2498 2733 non
2528 2678 2710 2735 favere
2729 2676 3018 2735 certamini
3044 2696 3058 2732 :
3109 2676 3206 2734 sed
3239 2687 3538 2747 utrumque
3569 2693 3791 2733 manen-

2192 2784 2299 2828 tem
2342 2772 2600 2829 concordi
2655 2772 2861 2844 jngiter
2906 2773 3148 2844 puritate
3175 2787 3296 2827 cum
3352 2772 3585 2844 spiritus
3624 2772 3791 2827 domi-

2192 2871 2411 2924 natione
2438 2883 2681 2924 servare.
2723 2867 2834 2924 Nec
2862 2866 3129 2923 dehemus
3157 2873 3366 2921 tantum
3393 2866 3462 2921 de
3492 2867 3673 2921 carnis
3698 2866 3793 2920 im-

496 2961 702 3014 militia:
729 2947 947 3015 celestis
984 2962 1309 3014 laudantium
1331 2959 1524 3025 Deum,
1548 2971 1596 3015 et
1617 2961 1893 3015 dicentium
1915 2978 1933 3015 :
1964 2960 2090 3016 Clo—
2118 2995 2166 3059 Ο
2196 2947 2495 3018 becillitate
2524 2961 2799 3032 diffidere,
2826 2971 2883 3017 ut
2913 2962 2981 3017 de
3010 2961 3219 3018 caelesti
3272 2960 3561 3017 videamur
3591 2958 3793 3014 auxilio

492 3054 577 3108 ria
613 3054 666 3107 in
695 3055 965 3108 altissimis
997 3054 1127 3119 Deo,
1158 3066 1205 3109 et
1246 3054 1302 3108 in
1338 3064 1473 3110 terra
1500 3071 1605 3123 pax
1625 3056 1918 3109 hominibus
1950 3057 2094 3109 bona:

496 3148 780 3202 uoluntatis
817 3148 989 3220 (Luc.
1036 3164 1117 3214 ιι,
1150 3148 1241 3215 13,
1277 3149 1343 3204 -14
1368 3150 1409 3219 ).
1453 3148 1701 3205 Ostendit
1732 3149 2096 3221 Evangelistae

498 3240 681 3295 ﬁdelis
708 3243 963 3306 assertio,
988 3241 1056 3295 de
1083 3240 1238 3309 cujus
1266 3250 1520 3311 ageretur
1552 3242 1641 3297 hic
1666 3259 1857 3314 regno,
1883 3244 2098 3313 quando

497 3335 749 3390 caelestis
781 3333 995 3388 militiae
1024 3333 1318 3388 multitudo
1350 3333 1514 3389 Deum
1547 3334 1731 3390 laudat
1774 3336 1824 3388 in
1854 3335 2095 3403 Cltri~to,

502 3439 557 3483 ut
586 3430 713 3483 licet
742 3431 977 3481 humana
1009 3426 1166 3481 fuerit
1196 3444 1291 3495 pro
1313 3429 1505 3483 matris
1529 3428 1845 3483 conditione
1867 3432 2096 3498 creatio,

498 3520 724 3575 deitatis
774 3528 955 3573 tamen
985 3534 1089 3573 una
1121 3519 1433 3574 communio
1465 3519 1680 3574 Patrem
1712 3521 1969 3590 cOgnosci
2001 3520 2101 3576 de-

506 3621 777 3668 monstrat
823 3611 879 3667 in
907 3609 1063 3666 Filio.
1115 3612 1377 3668 Dicebant
1416 3628 1590 3682 ergo:
1637 3611 1819 3667 Gloria
1856 3615 1912 3668 in
1938 3612 2105 3683 ⁸ιιιιὶι-

2198 3058 2511 3127 ὀρειιετιιτθ.
2546 3058 2905 3127 Omnipotens
2953 3057 3098 3113 enim
3144 3055 3410 3111 Dominus
3437 3054 3598 3111 Jesns
3643 3053 3796 3109 Chri-

2200 3163 2343 3218 stus,
2386 3152 2475 3219 qui
2528 3151 2622 3205 Dei
2677 3158 2735 3205 et
2765 3148 3004 3203 hominis
3032 3148 3303 3204 mediator
3349 3149 3709 3217 approbatur,
3745 3154 3797 3200 ut

2196 3245 2599 3301 excusationem
2643 3246 2801 3299 nobis
2844 3259 3128 3314 corporea:
3178 3242 3493 3314 fragilitatis
3522 3242 3794 3307 offerret,

2205 3337 2440 3393 studium
2494 3348 2699 3392 tantum
2748 3345 2947 3393 nostra!
2977 3337 3274 3392 voluntatis
3326 3334 3635 3403 inquirens,
3684 3349 3799 3405 per-

2211 3429 2499 3485 fectionem
2534 3430 2660 3484 boni
2690 3430 2873 3499 operis
2894 3444 3006 3485 sine
3033 3427 3305 3497 majestati
3337 3427 3602 3482 servavit.
3659 3430 3795 3496 Apo-

2212 3523 2403 3578 stolica
2434 3537 2666 3592 namque
2690 3520 2939 3576 doctrina
2968 3519 3047 3575 sic
3086 3518 3347 3588 explicat,
3378 3517 3571 3573 dicens
3599 3536 3613 3571 :
3663 3516 3799 3572 Velle.

2213 3615 2459 3688 adjacens
2490 3613 2616 3669 mihi
2646 3623 2743 3682 est,
2766 3614 3014 3686 perﬁcere
3051 3622 3221 3666 autem
3242 3610 3435 3665 bonum
3450 3627 3556 3665 non
3583 3609 3799 3676 invenio,

1989 3728 2317 3787 iSCHOLIA.

578 3850 667 3905 61.
693 3847 817 3905 Vel.
850 3850 902 3914 Ι,
927 3848 983 3909 2,
1018 3848 1237 3918 puerile.

576 3922 668 3977 62.
700 3919 939 3988 Prresepe
984 3920 1036 3973 in
1067 3920 1326 3985 ablativo,
1376 3931 1435 3973 ut
1472 3919 1525 3973 in
1558 3918 1750 3974 eodem
1792 3934 1918 3973 casu
1963 3934 2107 3974 mare

502 3995 761 4049 dixerunt
797 3994 1036 4054 Plautus,
1064 3991 1350 4046 Lucretius
1383 4003 1435 4044 et
1478 3989 1702 4044 Ovidius
1750 4006 1854 4044 non
1909 3991 2102 4045 semel.

508 4067 713 4121 Poterit
742 4066 904 4119 etiam
954 4078 1179 4131 praesepe
1205 4077 1327 4114 esse
1357 4077 1386 4113 a
1420 4062 1664 4128 prrrsepis
1691 4107 1704 4127 ,
1740 4065 1986 4131 prasepis
2023 4062 2102 4115 fe-

508 4140 618 4192 ntin
668 4152 818 4206 gen"
844 4135 886 4189 si
909 4138 1119 4206 legatur
1135 4141 1371 4206 angusta.
1394 4132 1591 4187 Confer
1621 4134 1655 4186 Ι.
1690 4150 1762 4195 tv,
1799 4150 1941 4187 vers.
1970 4136 2096 4187 501.

581 4202 861 4262 63.1mm.
901 4202 998 4259 Hic
1026 4202 1203 4256 laudat
1239 4203 1447 4259 Domini
1474 4216 1710 4258 matrem.
1746 4206 1917 4267 Meus,
1945 4206 2104 4259 Salu-

510 4280 657 4333 lalio.
686 4279 921 4338 ΡθςοΙιιι..
973 4272 1270 4330 Gt'atulutio
1314 4276 1382 4330 ad
1446 4276 1702 4347 Virginem
1754 4285 1992 4329 matrem.
2040 4277 2105 4330 lli

513 4361 721 4419 septi-tn
770 4365 958 4401 versos
999 4350 1315 4419 charactere
1360 4347 1603 4411 rubrojn
1634 4348 1821 4403 codice
1854 4349 1987 4403 Urb.
2021 4349 2107 4401 (li-

512 4418 694 4478 stiucti
727 4430 871 4481 sunt.
902 4419 1031 4472 Vide
1056 4418 1267 4485 Proleg.
1295 4434 1443 4471 num.
1473 4419 1593 4471 170.

590 4492 679 4547 64.
707 4491 831 4544 Mss.
860 4504 1053 4543 omnes
1081 4500 1274 4552 nostri,
1298 4504 1420 4541 cum
1447 4490 1719 4556 plerisque
1748 4490 1872 4542 aliis
1899 4504 2029 4545 mss.
2056 4497 2113 4544 et

519 4563 701 4628 editis,
732 4570 887 4615 tenet.
916 4559 1132 4628 Parrh.,
1159 4557 1326 4627 Lips..
1360 4558 1573 4612 scltedze
1598 4559 1831 4623 Poelm.,
1861 4569 1916 4613 et
1945 4562 2112 4616 editio

520 4627 729 4687 Poelni.
758 4633 823 4684 ad
853 4645 1048 4697 marg,
1081 4627 1295 4700 Missale
1322 4628 1505 4700 Rom..
1538 4630 1703 4700 regit:
1735 4646 1855 4694 qute
1884 4631 2113 4686 fortasse

521 4706 702 4771 glossa
733 4713 819 4756 est
845 4702 1080 4764 alicubi,
1115 4713 1237 4751 nam
1280 4698 1518 4771 initum.
1551 4698 1732 4767 gl'ossa
1764 4701 1831 4753 ad
1859 4712 1991 4754 tenet
2030 4712 2116 4757 est

524 4769 805 4845 gubernat.
860 4771 968 4845 Ilot-
996 4784 1157 4823 sensu
1189 4769 1359 4845 accipi
1394 4784 1552 4845 p_oss_e
1579 4781 1773 4845 tenere,
1805 4786 1870 4845 es
1900 4771 2116 4826 Justino

525 4840 580 4899 ct
604 4845 736 4897 Mela
765 4842 1002 4895 ostendit
1035 4840 1378 4894 Arntzenius.
1412 4840 1549 4895 Beda
1577 4841 1628 4893 in
1663 4842 1980 4895 llomiliario
2028 4845 2119 4898 Al-

527 4914 673 4969 cuini
696 4913 935 4967 Colonire
955 4911 1114 4971 1.569,
1141 4908 1193 4962 in
1218 4910 1518 4967 Comment.
1549 4910 1606 4965 Β.
1639 4911 1896 4982 Virginis,
1917 4916 2121 4980 profert

531 4987 631 5040 ltos
652 5002 743 5039 sex
771 4992 1055 5057 versus,e_t_
1068 4984 1393 5057 scripturam
1417 4983 1775 5038 recentiorem
1803 4994 1951 5057 tenet
1969 4987 2116 5057 regit.

599 5057 690 5113 65.
724 5056 855 5126 Reg.
902 5055 979 5113 1.τ
1006 5051 1207 5126 Nomen
1229 5093 1247 5126 _,
1280 5055 1375 5126 sed
1417 5064 1727 5110 correctum
1760 5073 1853 5124 per
1888 5051 2117 5110 Num'en.

529 5127 588 5183 In
618 5128 765 5197 Lips.
794 5123 893 5180 ms.
920 5123 1205 5197 Cellarius
1227 5124 1397 5178 innuit
1434 5140 1556 5180 esse
1596 5126 1848 5192 Numine,
1892 5132 1973 5184 vel
2008 5127 2124 5182 No-

532 5192 697 5253 mine;
735 5199 891 5259 Urb.,
935 5197 1116 5261 Rom.,
1154 5192 1361 5247 Numsn
1400 5205 1633 5251 (eterna:
1671 5200 2014 5255 desideratur
2051 5209 2119 5254 et.

532 5269 716 5336 Meus,
757 5268 965 5323 Numen
994 5267 1057 5320 ab
1084 5278 1291 5320 wterno.
1328 5264 1461 5320 Vera
1493 5268 1652 5322 lectio
1678 5280 1781 5338 est,
1817 5269 2047 5338 Numen,
2078 5283 2125 5326 et

498 5354 506 5362 '
533 5339 1121 5421 teterno_.Wopkensius
1148 5338 1315 5421 vellet
1332 5341 1455 5421 jure
1485 5354 1580 5405 pro
1606 5356 1755 5421 gyro,
1781 5343 1874 5421 _cui
1900 5343 2126 5398 minime

533 5412 802 5484 assentiar
835 5408 975 5484 :iest
1016 5410 1159 5464 enim
1206 5408 1424 5475 pulchra
1466 5408 1740 5480 OjtpOSitio
1779 5412 1832 5466 in
1871 5431 2036 5484 gyro,
2073 5422 2129 5469 et

537 5491 728 5537 ntanet.
775 5482 984 5539 Smcula
1015 5484 1156 5553 enim
1180 5493 1314 5550 gyro
1362 5489 1416 5534 et
1451 5493 1597 5535 motu
1625 5482 1885 5553 perpetuo
1902 5482 2130 5540 volvun-

540 5565 655 5619 tur;
691 5554 833 5623 Deus
860 5564 1065 5621 autem,
1094 5552 1319 5623 ejusque
1351 5563 1532 5622 nutus,
1564 5568 1661 5607 Seu
1690 5552 1914 5621 nomen,
1939 5567 1995 5612 et
2024 5557 2127 5613 im-

610 5657 637 5685 ι
668 5647 988 5703 Gallandius
1035 5664 1156 5721 cum
1199 5648 1493 5717 rt-perisset
1518 5650 1788 5720 signatur.
1827 5652 2121 5721 prudenter

535 5723 771 5803 conjecit
805 5731 859 5773 et
889 5719 1150 5803 reposuit
1176 5731 1417 5790 sequatur
1440 5761 1456 5789 ,
1503 5719 1650 5791 quod
1680 5719 1875 5779 sensus
1918 5735 1974 5779 et
1997 5738 2119 5780 car-

534 5804 657 5845 men
683 5798 926 5860 exigunt.
1628 5822 1633 5827 ι

2213 3849 2420 3918 perium
2450 3848 2594 3903 idem
2624 3857 2825 3903 manet.
2866 3847 3242 3903 Nebrissensis
3287 3855 3473 3917 putat,
3519 3857 3716 3902 (eterna
3744 3845 3805 3901 ad

2212 3919 2469 3974 mundum
2516 3920 2871 3992 archetypum
2916 3918 3108 3992 referri
3130 3959 3144 3979 .
3184 3929 3275 3973 aut
3307 3934 3403 3988 pro
3431 3934 3635 3991 semper
3665 3919 3803 3984 poni.

2212 3994 2317 4051 Sed
2346 3993 2567 4046 verbum
2592 3991 2719 4063 gyro
2760 3995 2939 4061 potius
2970 3991 3172 4063 indicat
3212 4002 3417 4045 motum
3471 4002 3805 4060 perpetuum,

2212 4078 2319 4132 quo
2347 4078 2436 4117 res
2464 4062 2660 4117 creata-
2689 4071 2938 4131 aguntur.
2967 4062 3042 4115 Ex
3073 4078 3229 4131 prosa
3258 4073 3436 4117 tamen
3460 4073 3608 4117 certa
3656 4063 3807 4132 hujus

2211 4136 2314 4188 loci
2347 4137 2725 4203 interpretatio
2752 4134 2868 4189 erui
2903 4148 3007 4187 non
3041 4143 3239 4202 potest.

2138 4235 2189 4297 ο
2285 4207 2374 4288 68..
2416 4205 2718 4297 ςιειιειιιίιιδ
2740 4222 2818 4260 esr
2843 4206 3112 4297 εισιὶῑιῗυιειι
3141 4205 3412 4260 Parrhasii
3438 4203 3551 4297 1X00
3570 4206 3805 4289 primum,

2213 4288 2300 4330 aut
2320 4278 2543 4331 similem
2566 4280 2672 4331 visa
2693 4294 2766 4342 es,
2791 4293 2882 4330 nec
2908 4275 3093 4330 habere
3120 4288 3428 4345 sequentem.
3459 4275 3647 4332 Posset
3671 4278 3807 4331 enim

2214 4351 2385 4416 accipi
2423 4350 2642 4417 primum
2685 4364 2781 4415 pro
2826 4353 3072 4419 priorem.
3104 4347 3428 4419 Rt'pttgttttnl
3463 4349 3559 4403 alii
3605 4364 3808 4403 omnes.

2219 4420 2349 4487 Iieg.
2390 4421 2457 4491 l,
2501 4419 2609 4473 Nec
2656 4422 2878 4491 printam
2913 4420 3031 4491 uisa
3062 4435 3115 4491 es
3146 4420 3364 4474 similem
3401 4434 3443 4491 εΔ
3478 4425 3697 4481 caueri,
3741 4422 3810 4474 ιιιί

2215 4493 2379 4544 etiam
2429 4490 2548 4545 libri
2605 4487 2866 4560 liittrgici,
2902 4487 3013 4543 Nec
3039 4490 3257 4551 primum
3302 4488 3527 4545 similent
3579 4492 3688 4545 risu
3740 4508 3809 4545 cs.

2217 4564 2275 4617 ὃ.
2310 4562 2619 4615 Bernartius
2647 4565 2697 4615 in
2749 4577 2916 4616 serui.
2946 4561 2979 4615 4
3001 4562 3069 4616 de
3103 4561 3493 4632 Assumptione
3517 4564 3599 4616 sic
3633 4578 3812 4618 versus

2222 4634 2544 4703 tran~ponit,
2579 4645 2633 4687 ut
2661 4633 2895 4686 oraliOni
2921 4647 3032 4685 suae
3062 4638 3467 4687 accmnmodet:
3505 4632 3683 4689 Unum
3713 4644 3808 4700 est,

2222 4704 2273 4758 itt
2302 4722 2409 4771 quo
2448 4702 2557 4758 Nec
2600 4707 2820 4776 primum
2867 4703 3085 4757 similem
3114 4705 3219 4776 t'isa
3249 4715 3348 4771 est,
3388 4721 3480 4758 nec
3507 4704 3695 4761 habere
3735 4722 3812 4759 se-

2221 4787 2455 4849 quentem
2482 4815 2498 4841 ,
2527 4773 2609 4817 -’
2639 4773 2849 4830 Gaudia
2868 4776 3051 4829 matris
3102 4774 3294 4831 habens
3345 4791 3463 4830 cum
3512 4778 3816 4849 virginitatis

2224 4848 2436 4901 honore.

2295 4915 2384 4970 70.
2416 4917 2677 4972 Ottobon.
2708 4914 2857 4984 t,Ubi
2893 4915 3196 4971 Pastoribus
3222 4919 3433 4973 enituit.
3474 4917 3649 4982 Meus,
3685 4917 3815 4973 Pas-

2227 4987 3001 5044 toribus~nuntiator.—-Ottwb.
3037 4990 3089 5053 i,
3122 5006 3187 5043 ex
3220 4992 3586 5054 correctione,
3620 4990 3734 5045 Ott.
3763 4989 3815 5056 ε,

2226 5058 2373 5127 Allt.,
2424 5060 2554 5130 Reg.
2588 5060 2645 5125 2,
2684 5061 2737 5119 4.
2773 5060 2825 5127 5,
2860 5060 3040 5122 lium,
3084 5060 3255 5125 Meus,
3288 5060 3435 5117 Vatt.
3470 5062 3530 5125 l,
3563 5061 3633 5121 2.
3669 5061 3815 5125 Urb.,

2229 5131 2377 5195 Ald.,
2413 5132 2628 5196 l‘arrlt.,
2655 5130 2814 5185 codd.
2853 5130 3035 5192 Cant.,
3068 5134 3283 5196 Arnlz.,
3317 5144 3540 5186 creator.
3586 5133 3721 5203 Reg.
3768 5135 3816 5196 i.

2228 5215 2454 5265 creatus,
2501 5204 2642 5269 quod
2687 5204 2913 5255 fortasse
2960 5203 3055 5256 luit
3102 5204 3153 5256 in
3182 5208 3296 5258 Ott.
3341 5207 3392 5270 l,
3427 5203 3481 5257 in
3504 5220 3615 5272 quo
3647 5212 3815 5274 g'ossa

2230 5281 2315 5328 est
2341 5274 2624 5327 secundum
2649 5274 3049 5339 humanitatem,
3079 5286 3127 5327 et
3174 5278 3438 5329 retinetur
3472 5274 3527 5329 in
3557 5275 3817 5343 plerisque

2230 5346 2389 5399 Cdilis
2414 5359 2511 5412 pro
2538 5356 2719 5397 natus:
2751 5344 2911 5397 habet
2936 5346 3079 5399 enim
3108 5348 3275 5400 creari
3307 5347 3447 5401 hanc
3473 5345 3817 5417 signiﬁcatio-

2232 5431 2379 5476 nem.
2408 5430 2567 5485 quam
2603 5430 2757 5483 [ιι-05η
2788 5418 3131 5485 comprobat.

2306 5487 2393 5540 “il.
2425 5487 2554 5541 M~s.
2598 5501 2790 5540 omnes
2834 5484 3009 5541 nostri
3050 5503 3174 5542 cum
3206 5488 3597 5544 vetustissimis
3640 5488 3816 5550 editis.

2237 5571 2339 5613 ms.
2376 5557 2605 5620 lleinsii,
2638 5564 2693 5611 et
2737 5558 2953 5612 schedis
3000 5558 3232 5622 Poelm.,
3280 5559 3510 5614 Enituit.
3561 5560 3817 5616 Cellarius

2301 5649 2328 5688 ι’
2359 5648 2675 5705 Gallandius
2704 5650 2790 5705 hic
2816 5660 2978 5719 03pm.
3003 5654 3037 5707 4
3061 5652 3298 5707 inchoat.

2307 5732 2327 5761 ο
2361 5721 2501 5776 Infra
2526 5721 2740 5778 videtur
2770 5723 3056 5795 legendum
3088 5733 3233 5779 muta
3262 5723 3440 5779 moles.
