4060 6320
254 332 354 390 (03

381 539 553 595 Duxit
579 538 880 594 adorantes
909 551 1062 591 sacra
1094 536 1160 590 ad
1192 537 1462 592 cunabula
1493 547 1718 608 gentes:

387 632 805 703 Tliesattrisque
834 631 998 687 simul
1031 645 1133 702 pro
1164 631 1460 702 relligione
1485 632 1698 700 salutis,

386 727 523 797 Ipsae
555 725 728 782 etiam
762 734 821 782 ut
847 735 1072 797 possent
1096 725 1311 795 species
1357 725 1658 784 ostendere
1687 726 1844 783 Chri-

1567 817 1735 892 [stum
1754 864 1768 887 ,

282 912 348 971 95
385 913 573 970 Aurea
608 911 859 968 nascenti
885 909 1138 966 fuderunt
1173 926 1400 967 munera
1434 913 1572 984 regi,

379 1007 566 1063 Thura
601 1007 812 1063 dedere
841 1007 973 1073 Dea,
999 1007 1277 1080 myrrham
1305 1007 1549 1064 tribuere
1567 1011 1838 1081 sepulcro.

381 1101 488 1158 Cur
515 1102 624 1158 tria
657 1101 801 1157 dona
834 1100 1064 1157 tamen?
1116 1103 1372 1172 quoniam
1423 1117 1552 1174 spes
1606 1105 1844 1160 maxima

1461 1195 1609 1269 [vitae
1635 1205 1719 1252 est
1753 1216 1766 1252 :

379 1289 540 1348 Hane
560 1305 856 1347 numerum
871 1289 1125 1348 confessa
1159 1289 1316 1360 ﬁdes,
1343 1301 1398 1347 et
1419 1300 1664 1364 tempora
1693 1308 1842 1350 sum-

1620 1386 1765 1458 [mus

1403 327 1682 385 CAltMliN
1726 328 2108 388 P.\SCIIAI.E.
2154 333 2283 388 LIB.
2327 333 2388 390 II.

386 446 555 520 που
583 444 839 516 Optatam
871 453 1100 500 tenuere
1125 442 1266 498 viam
1289 459 1413 513 qua
1444 444 1564 514 lege
1588 441 1771 500 futura
1872 453 1919 511 Α

3439 340 3545 397 αθ

2097 445 2340 504 Cernetis
2397 460 2589 506 cuncta
2646 449 2806 520 Deus,
2840 455 3154 526 ιιι-ιῑιςοηιίει,
3209 458 3413 530 prisca,
3460 460 3546 516 [ιι-

3023 589 3032 597 -
3297 561 3442 619 [tura
3454 595 3468 619 ,

1945 637 2052 696 100
2090 639 2322 712 Semper
2348 640 2532 709 adest,
2560 656 2897 716 semperque
2918 642 3044 716 fuit,
3068 550 3547 720 semperEuile‘ama-

3315 740 3474 796 nebit

2089 825 2254 899 210
2275 825 2335 880 ln
2360 825 2561 897 triplici
2588 829 2796 884 virtute
2828 830 2934 885 sui.
2961 829 3118 888 Tune
3143 739 3477 890 cellis:

2085 921 2190 975 Per
2220 935 2468 976 somnum
2503 923 2697 977 moniti
2721 926 3247 997 contemnerejussa
3287 926 3533 998 tyranni,

2089 1015 2194 1070 Per
2213 1015 2328 1069 loca
2357 1017 2545 1070 mutati
2572 1013 2891 1085 gradientes
2915 1017 3072 1074 devia
3103 1018 3285 1086 callis,

2089 1109 2148 1163 In
2179 1109 2412 1179 patriam
2436 1108 2652 1165 rediere
2678 1123 2857 1164 suam.
2905 1108 2999 1166 Sic
3029 1124 3132 1167 nos
3171 1125 3390 1182 quoque
3412 1126 3539 1168 san-

3294 1201 3464 1276 [stam

1949 1295 2054 1351 105
2089 1294 2146 1350 Si
2178 1296 2430 1367 cupimus
2459 1297 2693 1368 patriam
2726 1296 2944 1354 tandem
2990 1297 3340 1370 contingere,
3388 1307 3539 1370 post-

3288 1388 3472 1463 [quam

1591 1567 1768 1626 OPUS
1808 1568 2192 1631 PASCHALE.

244 1730 526 1800 me,Filius
552 1747 699 1786 meus
720 1748 776 1786 es
801 1741 989 1806 tu,ega
1010 1731 1166 1786 hodie
1186 1732 1340 1802 genui
1363 1740 1430 1795 te,
1458 1730 1669 1803 postula
1689 1746 1838 1798 amo,
1875 1732 1918 1793 Β
1948 1740 2052 1796 est,
2081 1729 2224 1786 idem
2254 1745 2380 1788 esse
2409 1746 2520 1787 non
2547 1731 2776 1791 desinit.
2829 1732 2966 1792 Nam
2994 1733 3283 1805 potestatis
3311 1746 3428 1790 suae
3449 1748 3548 1792 na-

240 1833 283 1877 ει
307 1823 434 1878 dabo
465 1823 562 1876 tibi
613 1833 790 1892 gentes
835 1822 1188 1877 hwreditatem
1246 1832 1411 1876 tuam.
1447 1821 1836 1877 [hereditatem

241 1914 384 1983 dixit,
408 1917 499 1984 qui
529 1928 628 1985 per
658 1915 779 1968 novi
805 1913 1038 1983 gratiam
1066 1914 1400 1969 Testamenti
1430 1913 1662 1967 Domino
1679 1927 1839 1982 para-

241 2010 424 2064 bantur
451 2009 694 2078 acquiri,
734 2009 838 2064 Per
858 2009 1100 2080 seipsum
1121 2009 1173 2062 in
1209 2009 1523 2077 Evangelia,
1556 2018 1832 2077 tamquam

235 2101 401 2157 bonus
421 2102 728 2172 pastor,ita
762 2102 1053 2172 promisittl
1072 2120 1083 2155 :
1105 2101 1173 2156 Et
1203 2103 1340 2156 alias
1359 2117 1480 2156 oues
1511 2101 1696 2167 habeo,
1720 2117 1836 2172 qua?

237 2211 330 2249 non
359 2204 481 2249 sunt
533 2212 604 2250 es
635 2197 732 2250 hoc
760 2196 908 2261 ovili,
939 2204 987 2250 et
1041 2195 1166 2250 illas
1223 2205 1426 2265 oportet
1481 2211 1562 2249 nte
1607 2193 1836 2248 adduce-

233 2303 318 2354 re,
347 2298 395 2341 et
421 2304 604 2342 nocent
636 2304 806 2342 meam
855 2289 1106 2354 audient,
1140 2298 1188 2347 st
1234 2289 1322 2356 ﬁet
1359 2304 1520 2342 unum
1561 2287 1695 2342 ovile
1719 2330 1733 2353 ,
1785 2297 1835 2341 et

237 2393 359 2431 unus
392 2388 600 2450 pastor.
626 2377 741 2434 Nec
781 2380 1132 2436 develionem
1182 2396 1466 2436 munerum
1518 2379 1703 2434 divino
1743 2393 1834 2434 ca-

235 2472 404 2528 ruisse
431 2483 571 2528 nutu
595 2474 912 2530 credamus.
940 2473 1074 2530 Nam
1109 2491 1210 2543 per
1239 2476 1358 2530 illas
1389 2475 1606 2544 species
1637 2475 1833 2530 merita

236 2565 390 2620 variae
417 2565 844 2637 signiﬁcationis
871 2567 1089 2623 oblatas
1124 2567 1328 2622 Christi
1362 2571 1607 2638 potentia
1657 2569 1832 2635 patuit

234 2655 524 2714 declarata.
557 2662 770 2715 Aurum
829 2675 1086 2730 namque,
1131 2662 1180 2715 si
1230 2660 1548 2732 diligentius
1584 2662 1827 2731 inquira-

237 2763 365 2816 ntus,
400 2751 536 2821 quid
591 2752 1286 2821 pronuntietattribntmn,
1339 2755 1457 2808 sine
1505 2754 1672 2806 dttbio
1721 2763 1828 2808 tam

236 2847 490 2914 prtrclara
525 2847 814 2910 materies,
842 2854 895 2899 et
923 2845 1179 2914 opulenta
1212 2845 1472 2899 metallici
1517 2845 1829 2913 Splendor-is

234 2941 512 3004 irradians,
545 2949 742 3009 utpote
767 2940 881 3009 regi
911 2948 1248 2994 memoratur
1274 2941 1442 2993 illata.
1485 2937 1594 2994 Sed
1628 2941 1683 2994 in
1727 2940 1828 2995 hoc

233 3051 349 3102 rege
379 3035 667 3104 duplicem
715 3035 956 3090 fatemur
983 3049 1107 3090 esse
1137 3031 1528 3089 substantiam.
1577 3035 1827 3090 Christus

1945 1837 2069 1878 men
2120 1824 2399 1879 excelsum
2454 1825 2631 1897 Moysi
2691 1826 2928 1882 sollicite
2975 1825 3002 1865 ιι
3059 1827 3424 1898 perquirenti,
3479 1837 3540 1883 ut

1942 1912 2356 1985 lsraelipopula
2383 1915 2684 1983 nuntiaret,
2739 1919 2807 1974 de
2854 1918 3076 1975 ﬂamma
3120 1919 3240 1976 rubi
3296 1919 3540 1976 ardentis

1942 2006 2045 2062 hoc
2095 2007 2270 2064 edidit
2311 2019 2335 2048 ο
2366 2026 2381 2064 ς
2413 2008 2530 2081 Ego
2570 2027 2687 2066 sum
2720 2049 2736 2076 ,
2782 2014 2873 2083 qui
2915 2029 3051 2069 sunt.
3115 2013 3182 2068 Et
3233 2012 3412 2070 dixit:
3445 2013 3539 2070 Sic

1938 2102 2078 2155 dices
2105 2102 2171 2156 ml
2201 2103 2342 2172 ﬁlios
2368 2102 2559 2169 Israel,
2599 2105 2705 2174 Qui
2748 2116 2821 2162 est
2866 2109 3006 2163 misit
3056 2125 3135 2165 tne
3183 2108 3253 2164 ad
3305 2125 3415 2164 eos.
3476 2109 3537 2166 lit

1941 2193 2240 2264 Evangelia
2296 2195 2652 2253 nihilominus
2703 2199 2770 2253 ad
2821 2198 3044 2256 Iudaeos
3077 2200 3354 2258 Abraham
3407 2200 3544 2258 sibi-

1940 2295 2050 2340 met
2105 2302 2490 2356 praeponentes
2528 2289 2880 2361 antiquitate.
2919 2293 3003 2348 sic
3060 2293 3282 2365 inquit:
3337 2296 3534 2363 Amen,

1936 2397 2084 2434 amen
2115 2382 2233 2435 dico
2267 2384 2428 2449 t'obis,
2461 2393 2740 2455 antequam
2768 2385 3034 2441 Abraham
3064 2388 3232 2457 ﬁeret.
3272 2404 3369 2459 ego
3395 2403 3528 2444 sunt.

1939 2475 2073 2531 Vide
2100 2477 2420 2532 distantiam
2445 2479 2732 2550 utriusque
2760 2481 3106 2549 substantia),
3139 2481 3308 2538 Deum
3323 2482 3536 2538 discer-

1937 2581 2178 2632 nentem,
2212 2580 2267 2624 et
2308 2569 2630 2627 hominem:
2663 2572 2932 2627 Abraham
2964 2617 2978 2642 ,
3033 2575 3194 2638 dixit,
3251 2584 3532 2646 antequam

1933 2664 2118 2732 ﬁeret;
2167 2665 2237 2720 de
2267 2666 2451 2737 seipse
2493 2681 2599 2722 non
2627 2667 2788 2732 dixit,
2825 2667 2942 2741 Ego
2972 2670 3050 2740 fel
3077 2712 3091 2736 ,
3119 2669 3215 2725 sed
3245 2668 3359 2742 Ego
3390 2687 3531 2736 suist,

1933 2757 2193 2826 quoniam
2242 2757 2541 2812 divinitatis
2599 2774 2724 2815 esse
2754 2770 2861 2825 est,
2892 2775 2998 2815 non
3055 2761 3247 2828 fuisse,
3299 2778 3418 2833 qua:
3447 2762 3530 2817 via

1933 2863 2152 2917 semper
2183 2853 2490 2908 aeternitate
2510 2854 2840 2922 consistens,
2878 2869 2978 2909 nec
3001 2854 3175 2910 initiis
3196 2854 3392 2922 oritur,
3427 2870 3528 2912 nec

1933 2942 2182 2995 terminis
2229 2944 2563 3011 explicatur.
2595 2942 2838 3015 Tempus
2872 2945 3018 3000 enim
3053 2962 3082 2998 a
3113 2941 3226 3001 Deo
3259 2956 3362 3010 est,
3420 2963 3527 3003 non

1934 3033 2076 3088 Deus
2108 3051 2138 3089 a
2172 3045 2437 3107 tempore.
2478 3037 2751 3094 Lectionis
2784 3040 2969 3110 itaque
3005 3055 3192 3096 sermo
3244 3041 3529 3113 prosequi-

231 3128 364 3184 enim
394 3137 449 3183 et
474 3127 800 3198 Specialiter
830 3136 1026 3198 regnat
1048 3127 1101 3182 in
1132 3128 1308 3191 caelis,
1329 3138 1380 3182 et
1411 3128 1706 3184 carnaliter
1731 3147 1824 3182 na-
1851 3132 1895 3194 ο
1932 3138 2017 3181 tur
2048 3146 2063 3185 :
2099 3128 2164 3181 Et
2195 3146 2440 3201 responso
2490 3141 2700 3201 accepto
2748 3133 2804 3186 in
2831 3131 3046 3202 somnis,
3082 3150 3146 3188 ne
3192 3132 3418 3189 redirent
3457 3133 3528 3187 ad

231 3228 310 3273 tus
334 3229 418 3274 est
449 3236 548 3275 res
579 3218 809 3273 Judmis.
844 3217 1044 3274 Thuris
1068 3235 1289 3283 munus,
1323 3219 1447 3289 quia
1477 3220 1730 3290 religioso
1762 3221 1825 3275 li-

228 3313 422 3368 liaminl
451 3315 590 3370 iliud
619 3314 747 3367 olim
774 3313 1118 3383 proficiebat,
1164 3315 1449 3370 incensum
1479 3314 1700 3371 Christo
1728 3315 1823 3371 da-

230 3415 328 3474 tur,
357 3416 418 3462 ut
446 3408 588 3463 Dt-a.
623 3408 839 3480 Myrrha
870 3423 1020 3473 vero,
1054 3425 1175 3477 quae
1204 3409 1543 3464 tumulandis
1565 3413 1654 3466 est
1695 3421 1820 3479 apta

227 3501 574 3568 corporibus,
605 3500 902 3555 humanam
937 3503 1207 3555 oritura
1243 3517 1339 3571 per
1369 3518 1588 3557 carnem
1637 3504 1820 3572 senui-

223 3594 346 3648 erali
372 3596 510 3664 lege.
547 3595 669 3664 Ipsa
695 3605 914 3665 quoque
941 3595 1094 3649 trime
1119 3597 1446 3666 quantitatis
1474 3598 1678 3652 oblatio
1702 3597 1818 3651 rul-

225 3694 330 3741 tum
372 3686 632 3741 catholici
678 3686 950 3757 dogmatis
999 3683 1387 3756 pronuntiabat
1430 3705 1496 3743 ex
1561 3703 1811 3745 numero.

221 3779 422 3850 Quippe
453 3780 548 3852 qui
587 3780 728 3834 Deus
754 3780 1128 3849 amnipotens,
1163 3781 1254 3850 qui
1289 3782 1567 3847 praeterita
1601 3783 1818 3850 conspi-

220 3873 307 3938 cit,
339 3888 402 3927 ec
431 3874 644 3938 futura,
677 3883 1006 3943 semperque
1031 3883 1234 3941 manet,
1277 3875 1472 3927 mansit
1500 3873 1725 3943 jugiter,
1751 3889 1814 3930 ac

221 3966 473 4034 manebit,
505 3965 745 4036 triplicis
776 3967 828 4021 in
860 3981 966 4021 una
1017 3967 1221 4022 deitate
1246 3965 1464 4022 virtutis
1517 3968 1573 4022 in
1625 3983 1812 4023 eorum

221 4068 520 4130 temporum
555 4075 721 4114 cursu
761 4075 944 4114 rerum
983 4061 1224 4116 omnium
1249 4061 1436 4130 posuit
1487 4059 1811 4116 fundamen-

219 4159 347 4220 tum,
379 4167 715 4222 quamqusm
735 4154 1028 4222 praesentia
1079 4153 1190 4206 sub
1220 4153 1338 4222 ejus
1383 4154 1560 4208 oculis
1588 4170 1810 4224 semper

219 4244 466 4300 universa
491 4244 827 4312 consistant,
859 4244 949 4315 qui
975 4259 1075 4299 nec
1107 4245 1399 4300 vetustatis
1426 4245 1663 4310 senium,
1709 4263 1807 4301 nec

214 4334 510 4406 iuventutis
544 4338 791 4408 suscepit
820 4336 1240 4394 incrementum.
1277 4337 1385 4396 Sed
1410 4337 1556 4408 quod
1589 4354 1810 4410 semper

1930 3218 2215 3287 Herodem,
2251 3237 2341 3292 per
2380 3221 2540 3276 aliam
2580 3225 2714 3276 uiam
2760 3225 2949 3277 reversi
2994 3233 3112 3278 sunt
3152 3226 3207 3277 in
3255 3225 3523 3297 regionem

1925 3325 2093 3366 suam.
2127 3311 2397 3368 Debemus
2431 3313 2598 3386 igitur
2656 3315 2863 3370 imitari
2911 3331 3010 3369 nos
3051 3317 3212 3370 etiam
3245 3313 3521 3386 Magorum

1923 3405 2062 3472 facta
2089 3405 2292 3471 ﬁdelia,
2322 3415 2375 3461 et
2393 3405 2539 3462 sicut
2557 3405 2632 3462 illi
2653 3421 2851 3464 somno
2871 3403 3255 3474 crediderunt,
3288 3423 3387 3463 nos
3410 3407 3526 3463 evi-

1923 3499 2267 3554 dentis.~.imis
2307 3499 2626 3568 aspectibus
2644 3499 2754 3570 iam
2779 3499 3092 3566 credamus,
3127 3510 3396 3570 quatenus
3430 3500 3523 3571 qui

1922 3592 2198 3645 Christum
2233 3592 2388 3661 signa
2407 3592 2604 3648 Crueis
2653 3594 3040 3662 praelucentem
3090 3597 3367 3663 repertum
3405 3603 3522 3649 me-

1922 3685 2130 3738 ruimus
2159 3683 2411 3751 adorare,
2439 3682 2727 3755 eidemque
2747 3685 2812 3740 de
2838 3686 3110 3740 tiiesam'is
3136 3685 3308 3742 nostri
3338 3684 3524 3740 cordis

1922 3793 2145 3833 n'tunera
2174 3780 2340 3832 trinae
2367 3778 2545 3832 laudis
2571 3777 2796 3843 oiTerre,
2850 3779 2957 3845 jam
3012 3777 3238 3833 minime
3281 3785 3522 3834 reverta-

1920 3885 2042 3923 mur
2073 3873 2135 3921 art
2159 3869 2322 3937 hujus
2370 3869 2558 3923 mundi
2587 3869 2910 3940 principem,
2952 3873 3042 3939 qui
3075 3885 3177 3923 nos
3203 3879 3328 3923 ante
3352 3869 3518 3924 sedu-

1919 3971 2094 4030 xerat,
2124 3962 2493 4035 deceptorum.
2519 3963 2628 4020 Sed
2655 3967 2895 4036 priorem
2917 3965 3168 4020 semitam
3196 3965 3518 4034 relinquen-

1919 4069 2021 4126 tes,
2054 4076 2153 4127 per
2185 4059 2335 4114 illius
2366 4058 2525 4113 callis
2551 4068 2765 4113 secreta
2799 4071 3112 4128 pergamus,
3158 4057 3253 4125 qui
3284 4051 3350 4111 ad
3390 4070 3512 4112 ca:-

1913 4153 2108 4207 lestem
2166 4153 2396 4222 patriam
2451 4165 2673 4220 gressus
2713 4150 2903 4219 dirigit
2926 4149 3260 4204 crmtitendo.
3307 4148 3518 4204 Dehine

1915 4265 2012 4319 per
2033 4249 2279 4304 ordinem
2305 4245 2435 4300 talia
2461 4251 2614 4316 gesta
2639 4253 2967 4313 narrantur;

1983 4341 2133 4400 Tunc
2159 4336 2401 4398 Heredes
2429 4339 2632 4406 videns,
2662 4339 2912 4410 quoniam
2943 4339 3127 4394 illusus
3159 4348 3286 4394 esset
3327 4356 3360 4394 a
3391 4336 3510 4395 llo.

1705 4496 1990 4556 SCHOLIA
2002 4537 2016 4552 .

281 4643 370 4698 9i.
405 4643 604 4698 Tenere
625 4641 782 4708 viam,
807 4651 863 4696 ut
887 4649 1060 4695 tenere
1082 4639 1454 4707 iter,cursttm,
1481 4653 1582 4710 pro
1609 4653 1803 4711 perge-
1831 4647 1884 4706 D
1980 4639 2071 4697 98.
2102 4640 2241 4711 Reg.
2274 4641 2333 4707 4,
2372 4638 2519 4694 Tune
2547 4655 2846 4694 numerum.
2895 4637 3028 4698 Urb.
3079 4639 3208 4710 ﬁdes
3247 4651 3322 4696 est
3351 4641 3511 4698 Tent-

217 4731 288 4780 re,
324 4714 622 4781 proﬁcisci.

281 4788 368 4841 9'5.
399 4787 533 4842 Urb.
561 4786 745 4840 salutis
765 4801 784 4840 :
816 4783 1051 4840 emenda
1079 4784 1290 4838 solutis.

282 4858 368 4914 9‘.
399 4858 539 4928 Reg.
565 4858 617 4917 i,
643 4857 756 4912 Ott.
794 4858 846 4917 i.
882 4858 1105 4924 possint,
1139 4856 1238 4910 sed
1290 4856 1346 4910 in
1371 4855 1506 4926 Reg.
1543 4855 1565 4910 Ι
1597 4854 1800 4912 factum

216 4929 401 4985 deinde
425 4941 511 4984 est
545 4939 776 4995 possent.

281 5002 369 5056 96.
387 4997 646 5056 Nonnulli
673 5000 906 5068 vulgati,
937 5015 1058 5052 cum
1086 4997 1277 5059 Fab-r..
1303 4999 1526 5068 sepulto.
1565 4997 1690 5053 Mss.
1719 5016 1800 5052 se-

217 5073 502 5144 pulcro,ut
543 5073 686 5142 apud
709 5073 998 5126 Rusticum
1052 5070 1122 5144 de
1172 5071 1358 5126 Benef.
1407 5070 1802 5144 Cliristi,_l’er

218 5141 428 5216 speciem
455 5141 769 5216 (loramenta
793 5148 986 5216 ferens,
1029 5142 1123 5196 das
1142 5158 1380 5207 munera,
1413 5145 1520 5214 regi
1541 5172 1611 5184 -
1642 5141 1794 5216 Diri-

217 5213 331 5279 tias,
358 5219 451 5270 das
477 5216 630 5270 thura
658 5213 792 5280 Deo,
819 5214 1188 5284 myrrltamqne
1225 5213 1510 5285 sepulcro:
1543 5216 1633 5268 ubi
1683 5213 1795 5268 l‘ar-

218 5300 351 5343 tasse
387 5289 678 5358 legendum
707 5285 812 5341 Per
838 5287 1050 5353 species.
1080 5285 1139 5342 S.
1173 5287 1284 5340 Lca
1321 5303 1488 5342 serm.
1521 5301 1557 5339 tt
1590 5285 1786 5356 Epiph.

217 5360 348 5414 dixit
371 5363 532 5414 etiam
568 5361 810 5429 mysticus
841 5373 1108 5410 munerum
1129 5359 1347 5430 species.

283 5432 369 5487 97.
394 5432 511 5485 Vat.
544 5431 580 5484 2
609 5432 761 5488 tri-na.
789 5436 938 5483 recte
960 5435 1312 5484 etttentlatnm
1341 5447 1436 5498 per
1461 5431 1578 5491 tria,
1605 5438 1661 5484 ut
1686 5445 1793 5484 me-

214 5509 293 5557 tro
333 5504 676 5558 consulatur.
707 5500 841 5570 Reg.
873 5498 928 5565 4,
979 5499 1140 5563 Urb.,
1193 5501 1361 5568 Meus,
1392 5503 1509 5556 vita:
1539 5503 1660 5556 sine
1690 5510 1788 5556 est.

212 5573 460 5630 Nonnulli
491 5581 753 5644 punctum
779 5582 902 5640 pust
930 5581 1003 5626 est
1033 5572 1284 5642 al'tigunt.

212 5671 295 5743 tibi
326 5678 500 5743 gentes
521 5667 869 5743 hmeditattwn
896 5667 1462 5743 mam._ﬂa’nfditatrnt
1492 5669 1644 5743 dia-it,
1679 5675 1782 5743 etc.

213 5737 451 5810 Antiquae
474 5740 690 5793 Patrum
719 5740 1009 5802 editiones,
1041 5737 1186 5794 Dabo
1209 5741 1306 5794 tibi
1330 5749 1522 5812 gentes.
1548 5740 1791 5796 Ha’rcdi-

214 5821 358 5868 tatem
380 5813 530 5875 dixit,
565 5822 698 5876 etc.,
723 5815 867 5881 quod
896 5812 1072 5864 minus
1099 5813 1242 5868 bene
1265 5812 1530 5884 procedit.

280 5893 306 5921 ι
330 5885 524 5941 Joann.
550 5895 674 5952 Cap.
706 5897 816 5952 xvi,
839 5897 984 5938 vers.
1020 5884 1106 5937 16.
1167 5935 1178 5954 Α

1947 4730 2058 4767 ora.

1908 4732 2104 4840 ροῗόἰ.
2138 4783 2415 4839 Cellarius
2441 4783 2970 4855 triplicemoirtutem
3000 4787 3227 4854 exponit
3247 4785 3316 4844 de
3346 4787 3508 4846 trinis

1911 4855 2176 4925 temporis
2200 4853 2530 4928 diﬂerentiis
2555 4872 2574 4908 ι
2602 4853 2721 4928 sed
2756 4855 2874 4912 haec
2902 4853 3120 4928 phrasis
3167 4859 3313 4928 apud
3359 4861 3506 4916 chri-

1907 4929 2118 4982 stianos
2141 4938 2332 4997 poetas
2361 4927 2612 4982 adhiberi
2647 4928 2790 4982 solet
2844 4927 2914 4982 ad
2947 4927 3365 5000 signiﬁcandam
3405 4933 3502 4986 tri-

1909 5000 2136 5054 nitatem
2167 5013 2527 5067 personarutu
2572 5001 2626 5053 in
2657 5012 2761 5053 una
2795 5003 3059 5056 essentia.
3124 5001 3256 5056 Vide
3306 5001 3500 5056 Schol.

1909 5071 1973 5125 ad
2003 5073 2041 5126 l.
2072 5087 2112 5134 t,
2139 5086 2284 5125 vers.
2314 5071 2441 5126 δυ.

1973 5143 2096 5197 105.
2135 5141 2367 5198 Scitedte
2391 5141 2602 5196 Poelm.
2627 5150 2982 5208 monuerunt,
3010 5141 3070 5196 Si
3092 5142 3354 5210 cupimus,
3389 5157 3497 5200 non

1899 5219 2221 5269 mutandum
2248 5229 2374 5269 esse
2403 5216 2457 5268 itt
2485 5213 2580 5268 Sic
2635 5215 2908 5282 capimus:
2947 5228 3110 5281 quam
3165 5213 3496 5282 scripturam

1899 5301 2076 5351 neque
2102 5302 2198 5340 nos
2214 5287 2264 5341 in
2290 5286 2520 5350 nostris,
2549 5301 2727 5355 neque
2747 5283 3077 5340 Arntzenius
3102 5284 3152 5337 in
3173 5285 3287 5336 suis
3305 5300 3498 5340 exem-

1899 5359 2143 5424 piarith
2171 5359 2398 5412 invenit.
2427 5357 2525 5413 Hic
2556 5372 2752 5411 versus
2781 5366 2839 5411 ct
2863 5357 2953 5409 alii
2995 5365 3289 5421 sequentes
3322 5370 3498 5425 usque

1896 5429 1962 5482 ad
1991 5446 2130 5484 vers.
2162 5431 2263 5485 t65
2282 5430 2514 5485 deerant
2537 5430 2589 5484 in
2615 5427 2806 5484 codice
2827 5442 2977 5488 meo;
3005 5426 3255 5479 avulsam
3279 5427 3497 5484 scilicet

1897 5511 2015 5556 erat
2045 5517 2210 5557 unum
2234 5502 2450 5557 talium.

1968 5667 1995 5705 δ
2031 5667 2198 5722 Vetus
2247 5668 2420 5724 milex
2489 5666 2660 5722 sollite
2700 5680 2718 5716 :
2770 5664 2990 5718 Juretus
3041 5659 3284 5715 resumit
3340 5663 3490 5718 solli-

1901 5742 2020 5807 cite,
2047 5739 2137 5793 vel
2161 5740 2383 5794 solicite.

1970 5801 2110 5865 c'Ex
2147 5826 2276 5880 cap.
2301 5822 2366 5866 πί
2397 5809 2599 5875 Exodi,
2623 5819 2771 5862 vers.
2803 5801 2903 5868 ﬂ,
2931 5811 2986 5860 et
3007 5815 3136 5858 mox
3165 5815 3233 5859 ex
3275 5801 3476 5864 Joann.

1890 5898 2010 5955 cap.
2040 5897 2156 5952 vm,
2186 5897 2336 5942 vers.
2363 5883 2454 5940 58.
