4038 6312
531 313 638 369 1315

1948 517 2125 590 [crum

668 611 987 686 Egrediens,
1016 611 1190 667 siccas
1222 611 1481 668 Dominus
1509 611 1743 667 calcavit
1768 625 1980 677 arenas,

669 705 969 762 Confestim
994 712 1220 775 patuere
1249 705 1382 776 poli.
1408 714 1740 777 sanctusque
1770 704 2040 761 columba:

666 799 830 872 219
864 798 1098 870 Spiritus
1146 799 1202 855 in
1249 798 1434 870 specie
1466 797 1747 854 Christum
1777 797 2000 852 vestivit
2030 794 2129 851 ho-

1881 890 2057 964 [nore,

528 985 631 1044 170
668 985 1126 1059 Mansuetumque
1152 986 1334 1055 docet,
1366 986 1705 1057 multumque
1735 984 1993 1042 incedere
2029 983 2130 1039 mi-

1887 1079 2055 1152 [tem,

1892 307 2136 367 'CiELll
2174 309 2451 368 SEDULII

654 502 659 512 Ι
737 424 880 495 Ergo
906 423 997 480 ubi
1027 422 1341 478 ﬂumineum
1370 429 1496 494 post
1530 422 1763 496 mystica
1793 423 1937 480 dona
1974 425 2122 479 lava-
2147 428 2202 488 Α

3724 313 3824 370 Old

2370 427 2475 482 Per
2504 427 2805 491 volucrem,
2837 441 2959 496 qua:
2989 425 3111 481 felle
3149 433 3322 493 caret,
3372 434 3610 498 natoque
3641 439 3825 486 vocato

2379 517 2521 573 Voce
2553 516 2751 580 Patris.
2787 516 2988 586 triplici
3022 519 3165 573 Deus
3192 534 3258 574 ex
3292 519 3507 573 ratione
3541 518 3815 589 probatur,

2379 610 2531 679 Quod
2545 611 2732 679 Pater,
2764 619 2821 667 et
2838 610 3029 683 Natus,
3048 611 3191 683 quod
3213 610 3437 683 spiritus
3461 621 3548 668 est
3574 612 3645 669 ibi
3662 613 3826 671 Sanc-

3622 707 3757 782 [tus,

2376 798 2495 867 Quo
2524 809 2707 856 manet
2730 799 3006 873 indignus,
3023 800 3113 872 qui
3133 816 3242 856 non
3258 801 3823 858 numeraveritunum.

2237 889 2342 947 l75
2380 891 2546 963 220
2582 890 2716 949 Inde
2761 892 3120 965 quaterdenis
3173 892 3287 963 jam
3330 892 3622 967 noctibus,
3672 902 3829 967 atque

3540 987 3759 1062 [diebus

2382 1078 2635 1150 Jejunum
2665 1079 2919 1151 dapibus,
2952 1096 3111 1138 sacro
3142 1082 3441 1154 spiramine
3472 1082 3694 1155 plenum

1877 1217 2057 1275 OPUS
2096 1215 2476 1275 PASCHALE.

527 1339 834 1407 descendit,
865 1338 1196 1405 ostenditur.
1235 1347 1436 1411 quanta
1468 1338 1541 1395 sit
1565 1337 1687 1409 ejus
1719 1336 1956 1405 bonitas,
1983 1353 2137 1394 man-

527 1434 781 1499 suetudo,
810 1433 1136 1506 simplicitas
1157 1474 1174 1502 ,
1208 1449 1308 1504 per
1337 1433 1645 1507 volucrem,
1692 1428 1837 1487 fellis
1867 1430 2134 1487 amaritu-

534 1528 717 1586 dinem
747 1544 855 1584 non
880 1528 1195 1585 habentem.
1228 1526 1298 1583 Et
1332 1542 1401 1583 ne
1430 1524 1792 1596 corporaliter
1830 1525 1979 1578 visus
2010 1539 2135 1580 esse

533 1623 841 1677 nesciretur
876 1621 1039 1686 Deus,
1070 1634 1204 1675 voce
1238 1619 1413 1673 Patris
1443 1618 1711 1673 asseritur
1738 1615 1999 1671 dicentis:
2031 1614 2137 1670 Hic

2241 1349 2348 1390 uno
2373 1334 2529 1391 fulsit
2559 1353 2627 1392 ex
2649 1336 2785 1405 Deo,
2819 1354 2927 1409 quo
2956 1337 3155 1410 dignus
3178 1350 3295 1396 non
3313 1347 3562 1396 meretur
3582 1338 3828 1405 existere,

2238 1431 2331 1504 qui
2365 1432 2669 1489 numeravit
2700 1432 3047 1490 Trinitatem.

2309 1533 2461 1589 Tunc
2490 1533 2687 1590 ductus
2710 1541 2798 1590 est
2822 1534 2984 1591 .lesns
3029 1536 3082 1589 in
3114 1535 3392 1591 desertum
3440 1551 3471 1591 a
3520 1536 3735 1606 spiritu,
3775 1544 3833 1592 ut

2241 1638 2543 1685 tentaretur
2568 1645 2598 1684 a
2628 1629 2868 1686 diabolo.
2897 1630 2963 1685 Et
2994 1646 3115 1686 cum
3142 1630 3449 1702 jejunasset
3477 1632 3829 1703 quadraginta

528 1723 604 1811 cf!
632 1711 804 1770 Filius
833 1732 976 1770 metu
1005 1714 1248 1781 dilectus,
1276 1713 1330 1767 in
1354 1730 1457 1785 quo
1486 1712 1612 1769 mihi
1639 1710 2132 1811 complectit-ﬁrm-
2162 1750 2212 1811 Β
2240 1720 2459 1787 diebus,
2492 1731 2548 1778 et
2592 1724 2947 1795 quadraginta
2981 1724 3257 1792 noctibus,
3301 1734 3487 1797 postea
3518 1724 3736 1781 esuriit.
3767 1725 3831 1781 Et

527 1805 717 1862 clarus
743 1806 847 1863 iste
877 1806 1191 1863 dilectionis
1214 1806 1443 1862 allectus
1476 1806 1692 1876 plenam
1720 1802 1980 1860 catholici
2001 1802 2133 1875 dog-

529 1905 695 1957 matis
724 1901 966 1958 continet
1002 1901 1644 1971 lirmitatem,unamque
1672 1897 1789 1953 Pati
1804 1897 1871 1964 is,
1902 1905 1959 1953 et
1986 1896 2131 1959 Filii.

528 1997 847 2067 pronuntiat
895 2011 1021 2053 esse
1062 1997 1347 2052 virtutem.
1406 1993 1664 2050 Charitas
1693 1991 1865 2059 enim,
1913 2008 2031 2064 qum
2079 1992 2131 2046 in

531 2089 646 2146 Deo
676 2090 931 2147 consistit
953 2131 969 2159 ,
1003 2106 1030 2143 a
1063 2088 1446 2146 similitudinis
1475 2096 1532 2144 et
1572 2086 1899 2159 a‘qualitatis
1936 2085 2133 2155 Spiritu

525 2200 634 2242 non
667 2183 892 2241 recedit.
925 2182 1060 2239 Nam
1097 2183 1189 2255 qui
1231 2182 1368 2237 dixit
1396 2179 1482 2237 sui
1512 2182 1635 2253 lege
1666 2179 1909 2236 mandati
1943 2196 1955 2234 :
1992 2176 2135 2232 Dili—

526 2299 614 2355 ges
652 2282 945 2352 proximum
981 2291 1146 2348 tuum,
1177 2288 1441 2351 tamquam
1471 2278 1712 2352 teipsum,
1745 2275 1951 2339 docuit,
2002 2273 2132 2330 dili-

527 2377 709 2447 gentis
750 2381 806 2430 et
849 2374 1037 2431 dilecti
1078 2374 1283 2429 nullam
1336 2372 1457 2427 fieri
1487 2380 1745 2443 oportere
1792 2370 2129 2426 distantiam.

525 2468 659 2525 Nam
691 2480 745 2525 et
769 2468 823 2537 in
857 2466 1107 2539 sequenti
1137 2466 1336 2535 verbo,
1365 2466 1508 2536 quod
1536 2464 1773 2531 addidit,
1803 2463 1858 2518 in
1883 2480 1983 2533 quo
2004 2464 2132 2518 mihi

519 2561 831 2635 complacui,
865 2560 1189 2631 intelligitur
1218 2567 1543 2631 potestatem
1592 2559 1751 2613 unius
1783 2556 2003 2613 deitatis
2030 2573 2129 2612 ex-

523 2656 780 2727 planasse
827 2670 1200 2713 communem.
1235 2654 1367 2710 Plus
1409 2662 1496 2709 est
1523 2652 1672 2708 enim
1700 2651 1993 2724 complacui
2040 2650 2125 2705 di-

524 2753 693 2818 xisse,
746 2766 908 2823 quam
950 2751 1153 2825 placui,
1202 2751 1328 2823 quia
1386 2748 1683 2820 complacui
1735 2746 2129 2803 convenientia:

523 2834 754 2903 verbuni
782 2856 889 2912 est,
917 2855 975 2903 et
1017 2847 1253 2919 gemina:
1300 2847 1483 2902 cernit
1527 2842 1809 2899 adhaerere
1854 2856 2125 2913 personzn.

523 2940 679 3011 Quod
711 2940 836 2996 ideo
862 2954 965 2997 vox
996 2939 1239 2997 cmlestis
1267 2937 1563 3013 expressit,
1586 2949 1644 2993 ut
1663 2947 1717 2993 ct
1747 2936 1908 2993 Pater
1939 2937 1993 2992 in
2041 2935 2131 2991 Fi-

519 3034 615 3102 lio,
646 3043 701 3089 et
726 3033 893 3089 Filius
920 3033 1318 3104 complacuisse
1344 3030 1597 3087 videatur
1619 3032 1672 3086 in
1696 3030 1881 3087 Patre.
1908 3028 2044 3086 Nam
2073 3039 2130 3087 et

2237 1816 2509 1873 accedens
2529 1816 2597 1871 ad
2629 1832 2754 1873 eum
2784 1824 3044 1884 tentator,
3068 1817 3209 1873 dixit
3233 1818 3315 1874 ei:
3341 1818 3406 1874 Si
3436 1814 3615 1873 Filius
3639 1818 3734 1873 Dei
3756 1834 3826 1884 es,

2238 1910 2341 1977 dic,
2371 1922 2427 1966 ut
2471 1910 2671 1983 lapides
2716 1912 2803 1966 isti
2849 1928 3008 1984 panes
3037 1911 3191 1982 ﬁant.
3239 1911 3410 1983 Igitur
3441 1910 3755 1968 lentabatur
3798 1926 3827 1966 a

2236 2001 2480 2070 diabolo,
2512 2003 2636 2059 lidei
2667 2019 2885 2075 semper
2921 2004 3164 2060 inimico.
3198 2003 3371 2059 Nemo
3413 2003 3564 2060 enim
3594 2002 3699 2058 sibi
3725 2019 3829 2059 ma-

2237 2098 2490 2155 nifesmm
2506 2115 2620 2155 rem
2643 2098 2889 2163 discutit,
2906 2099 3013 2154 nisi
3033 2100 3145 2169 qui,
3169 2098 3348 2155 fallaci
3380 2100 3575 2170 plenus
3599 2098 3828 2169 ingenio,

2235 2205 2535 2263 comperta:
2563 2190 2784 2248 veritati
2814 2208 2920 2247 non
2974 2191 3173 2259 credit,
3204 2190 3349 2247 sicut
3391 2190 3515 2261 ipse
3554 2190 3828 2257 diabolus,

2234 2295 2327 2367 qui
2358 2304 2548 2366 postea
2578 2309 2741 2365 quam
2784 2291 2970 2350 Iesum
3005 2293 3214 2364 paterni
3265 2291 3523 2350 claritate
3566 2291 3828 2349 sermonis

2236 2398 2331 2453 Dei
2375 2396 2570 2452 Filium
2627 2411 2752 2453 esse
2796 2395 3074 2467 cognovit,
3120 2394 3480 2466 ejusdemque
3537 2393 3825 2463 potentiam

2234 2499 2565 2571 singularem
2594 2498 2956 2570 quadraginta
2995 2497 3187 2554 diebus
3218 2506 3275 2552 et
3318 2494 3679 2568 quadraginta
3707 2510 3826 2551 noc-

2236 2603 2381 2658 tibus
2407 2601 2539 2657 nihil
2564 2601 2839 2658 vescentis
2862 2599 3101 2670 expavit.
3123 2599 3277 2656 Licet
3305 2595 3525 2671 Moyses
3557 2595 3822 2662 similiter,

2232 2720 2289 2766 et
2316 2709 2462 2766 Elias
2521 2707 2748 2763 totidem
2796 2705 3010 2762 dierum
3060 2703 3441 2769 sustinuerint,
3478 2701 3826 2770 noctiumque

2229 2813 2517 2885 jejunium.
2550 2810 2660 2868 Sed
2694 2810 2816 2864 illos
2846 2808 3022 2864 alieno
3054 2806 3217 2862 fultos
3237 2805 3468 2874 auxilio,
3500 2816 3821 2877 quamquam

2233 2931 2334 2972 suo
2356 2918 2557 2973 merito
2578 2920 2808 2969 noverat
2847 2910 2964 2967 hinc
2992 2908 3208 2966 fecisse.
3247 2907 3432 2965 Iesum
3466 2906 3687 2978 propria
3712 2918 3823 2960 cer-

2236 3019 2401 3073 nebat
2444 3016 2661 3089 operari
2706 3015 2932 3071 virtute.
2988 3012 3151 3083 Spem
3202 3018 3432 3081 repente
3479 3006 3821 3064 vanissimam

518 3129 639 3200 ipso
670 3140 777 3185 tam
812 3139 1051 3200 paterna:
1081 3128 1255 3195 vocis,
1280 3143 1443 3199 quam
1473 3125 1600 3182 Filii
1628 3126 1989 3197 baptismatis,
2040 3125 2127 3182 vel
2157 3144 2204 3207 ρ
2235 3122 2419 3178 stulta:
2446 3117 2763 3177 tentationis
2805 3115 3057 3186 arripuit,
3091 3112 3218 3186 quia
3276 3113 3541 3168 Dominus
3581 3109 3818 3166 esurivit.

524 3227 763 3299 Spiritus
807 3224 1114 3283 advolantis
1164 3224 1445 3281 consortio
1495 3233 1850 3295 congregato,
1885 3221 2129 3278 Trinitas

2236 3223 2348 3281 Nec
2378 3219 2859 3293 audebataggredi
2897 3217 3261 3283 divinitatem,
3313 3214 3419 3270 nisi
3471 3213 3703 3270 mixtum
3747 3212 3821 3268 vi-

2008 3337 2352 3411 (scaeua.

520 3463 751 3536 vulgati,
781 3461 907 3536 quia
932 3457 1218 3536 subtrahis,
1257 3457 1404 3536 quod
1453 3457 1791 3536 recentiores
1832 3456 2117 3536 Grnnerns

518 3546 575 3591 et
598 3529 922 3592 A'rntze‘nius
952 3533 1125 3586 secuti
1145 3539 1292 3584 sunt.
1314 3529 1426 3585 Ott.
1452 3530 1476 3584 1
1516 3532 1569 3585 in
1586 3540 1868 3592 eontextu.
1898 3529 2115 3595 Arntz.,

517 3609 688 3677 Ang.,
714 3606 863 3669 Alb.,
891 3605 1005 3677 Ott.
1035 3602 1093 3666 2.
1120 3601 1493 3677 Urlt.,_Rom_..
1522 3601 1690 3677 biens,
1719 3600 1935 3677 Parrh.,
1964 3601 2115 3677 Ald,

517 3687 577 3733 et
602 3670 848 3749 plerique
877 3673 1032 3749 editi,
1057 3675 1186 3746 quid
1208 3670 1504 3749 _subt_raltis.
1534 3672 1597 3749 In
1629 3672 1815 3749 Vat._l
1858 3682 1912 3749 ει
1950 3678 1983 3726 2
2011 3673 2116 3749 du-

518 3743 693 3815 Ιιίιιίιι,
726 3743 793 3801 ait
839 3746 986 3814 quid.
1018 3743 1087 3800 an
1130 3745 1254 3817 quia
1294 3743 1368 3800 sit
1407 3745 1715 3809 legendum.
1756 3744 1814 3800 In
1866 3744 1999 3815 Reg.
2030 3746 2053 3800 1
2085 3760 2117 3802 a

517 3836 603 3891 pr.
640 3838 714 3875 ιιι.
757 3819 991 3874 fortasse
1020 3816 1313 3891 fuitquid:
1347 3830 1493 3872 nunc
1514 3830 1680 3891 supra
1714 3820 1835 3888 quia
1863 3816 2119 3891 estglus-

515 3889 597 3955 sa.
619 3895 705 3949 vel
736 3891 953 3947 diversa
983 3890 1163 3960 potius
1189 3890 1460 3953 seriptura
1492 3890 1641 3959 quid.
1670 3892 1747 3944 vel
1772 3907 1884 3945 cur.
1926 3889 2117 3944 Verior

517 3976 599 4020 est
629 3966 790 4019 lectio
815 3964 939 4032 quia
958 3978 1023 4017 ex
1056 3976 1237 4030 prosa.
1261 3970 1317 4015 et
1339 3960 1525 4017 verbis
1546 3964 1734 4025 psalmi
1762 3977 1902 4019 cxnt
1927 3979 1940 4014 :
1976 3961 2119 4025 Quid

516 4046 590 4090 est
617 4037 727 4102 tibi,
753 4050 915 4093 mare.
941 4034 1080 4105 quod
1102 4033 1333 4107 fugisti?
1349 4032 1412 4087 Et
1437 4041 1515 4099 tu,
1537 4032 1811 4101 Iordanis,
1833 4034 1965 4107 quia
1986 4050 2115 4107 con-

516 4124 689 4164 versus
719 4125 772 4163 es
816 4103 1138 4162 retrorsum?
1161 4103 1370 4163 Similia
1398 4115 1529 4160 sunt
1552 4107 1799 4168 exempla
1831 4103 1883 4158 in
1921 4103 2116 4175 Vulga-

514 4189 566 4234 ta
598 4180 849 4236 versione
877 4193 1047 4235 sacra:
1072 4178 1392 4247 Scripturte,
1411 4188 1464 4231 et
1485 4178 1590 4232 alia
1615 4192 1681 4231 ex
1703 4175 1882 4230 Ruﬁni
1909 4176 2111 4231 llistor.

518 4249 759 4314 Eccles.,
791 4253 842 4306 in
866 4251 1061 4322 quibus
1087 4250 1210 4322 quia
1238 4252 1479 4322 sumitur
1506 4263 1601 4316 pro
1628 4248 1787 4319 quod,
1814 4247 1901 4303 vel
1928 4264 2042 4302 cur.

590 4323 716 4378 166.
765 4323 820 4378 lu
863 4321 984 4377 meo
1025 4321 1218 4377 codice
1261 4321 1454 4375 titulus
1501 4322 1603 4373 hoc
1649 4323 1767 4375 loco
1805 4322 2115 4388 apponitur,

521 4394 752 4486 Spiritus
792 4395 1096 4486 sanctusnin
1122 4393 1313 4486 ἀρέσεις)
1344 4391 1899 4486 colgmgw‘pppaiquit‘;
1930 4388 2112 4486 Clqn|t.,
2144 4422 2199 4486 Ι)

517 4460 688 4519 Arntz
720 4506 735 4531 ,
764 4466 984 4519 scheibe
1006 4460 1243 4528 Poelni.,
1273 4462 1407 4533 Reg.
1433 4463 1489 4525 2,
1514 4461 1569 4528 5,
1600 4460 1747 4533 vso.
1781 4463 1833 4526 1,
1864 4462 1921 4524 2.
1959 4460 2113 4533 Urb.,

518 4535 634 4592 Ott.
662 4536 718 4595 2.
749 4536 898 4600 All»,
927 4537 1111 4602 lium.,
1136 4535 1307 4600 MeIJS.
1339 4532 1557 4598 Parrh.,
1581 4532 1684 4587 Alii
1717 4574 1734 4598 ,
1761 4543 1817 4588 ct
1843 4535 1932 4587 alti
1963 4532 2114 4595 editi.

519 4606 757 4677 ﬂuminei
801 4614 916 4676 post
963 4608 1183 4677 mystica
1229 4606 1369 4658 dona
1418 4604 1630 4658 lavacri.
1661 4603 1796 4675 Reg.
1833 4605 1885 4670 1,
1914 4603 2027 4658 Ott.
2060 4606 2113 4677 1,

519 4676 641 4733 cum
693 4679 877 4731 multis
923 4676 1110 4742 editis,
1146 4677 1449 4742 prmSertitn
1500 4677 1914 4738 recentioribus,
1941 4676 2119 4745 ﬂumi-

520 4764 676 4804 neum
704 4756 822 4820 post
858 4749 1081 4820 mystica
1120 4746 1260 4801 dona
1303 4747 1591 4811 lavacrum,
1616 4747 1757 4815 quod
1790 4746 1918 4800 mihi
1951 4748 2113 4802 etiam

523 4817 955 4895 magis'arridet.
983 4889 1032 4895 __
1124 4873 1136 4895 ‘

596 4892 719 4949 167.
762 4890 946 4958 Rom.,
983 4887 1153 4953 Meus.
1178 4889 1295 4946 Ott.
1337 4889 1391 4960 1,
1440 4888 1573 4953 Reg.
1615 4891 1671 4960 2.
1706 4887 1920 4951 Parrh..
1962 4888 2115 4959 Ald.,

518 4965 683 5020 siccas
732 4962 1023 5030 Dominus;
1085 4962 1215 5033 lteg.
1252 4964 1306 5033 l_,
1348 4958 1405 5017 et
1453 4960 1569 5027 alii,
1619 4958 1884 5033 Dominus
1928 4958 2113 5033 siccas.

519 5036 847 5094 Arntzenius
872 5035 1046 5090 edidit
1063 5030 1229 5088 siccas
1252 5030 1532 5099 Dominus,
1558 5040 1612 5088 et
1636 5030 1947 5093 Parrhasio.
1968 5032 2113 5085 aliis-

520 5123 628 5178 que
663 5106 897 5178 vulgatis
919 5107 1108 5162 tribuit
1137 5104 1394 5160 Dominus
1420 5106 1607 5172 siccas,
1637 5102 1733 5159 sed
1764 5102 1955 5157 Parrh.
1978 5117 2113 5158 cuu-

522 5181 751 5234 trarium
785 5180 970 5235 habet.

595 5251 719 5306 169.
780 5249 1059 5306 Vouckius
1104 5248 1347 5304 tentabat
1400 5245 1665 5301 Christum
1715 5246 1968 5302 investivit
2021 5246 2113 5300 lto-

522 5337 682 5376 nare:
708 5336 869 5392 quam
895 5324 1266 5391 conjecturam
1283 5318 1589 5392 facillimam
1605 5335 1726 5392 esse
1744 5319 1878 5372 dicit
1897 5316 2115 5373 Arntze-

519 5394 664 5473 nius,
691 5390 818 5473 cum
851 5390 1075 5449 nihilsit
1105 5394 1163 5473 in_
1189 5405 1320 5446 mss.
1348 5390 1708 5473 frequentius,
1760 5404 1942 5473 quam,
1974 5400 2041 5472 ut.
2062 5406 2113 5444 m

520 5474 576 5521 et
605 5466 658 5519 iu
687 5464 838 5520 inter
880 5479 939 5519 se
967 5464 1444 5521 commisceantur.
1498 5460 1861 5531 Wopkensius
1909 5462 2113 5517 rectius

518 5535 820 5597 exi~timat.
852 5537 987 5591 nihil
1012 5537 1099 5591 hic
1124 5551 1247 5593 esse
1286 5533 1625 5589 mutandum.

593 5608 716 5665 170.
761 5610 920 5675 Ang.,
951 5608 1172 5663 multum
1201 5607 1473 5672 incedere;
1503 5604 1617 5671 alii,
1662 5606 1979 5674 multumque
2022 5604 2109 5658 in—

518 5680 716 5734 cedere.
748 5674 1113 5749 WOpkensius
1163 5678 1269 5735 etsi
1319 5677 1536 5742 fatetur,
1589 5677 1801 5730 multant
1848 5691 1969 5731 cum
2009 5674 2108 5749 ad-

510 5749 728 5821 jectivis
755 5747 869 5820 pro
884 5752 1108 5806 maxime
1136 5750 1426 5821 aliquando
1453 5750 1715 5821 construi,
1747 5757 1925 5821 tamen
1974 5747 2106 5821 mal-

518 5818 597 5877 let
639 5818 915 5892 nutantque
940 5822 1198 5890 incedere,
1226 5818 1420 5892 mitem,
1470 5821 1557 5881 vel
1603 5818 1947 5890 humilemque
1973 5820 2111 5875 ince-

2224 3460 2367 3521 dere.
2399 3461 2485 3514 vel
2519 3459 2824 3530 justumque
2854 3456 3110 3511 incedere.
3155 3457 3443 3513 Grunerns
3496 3463 3556 3513 et
3600 3454 3818 3511 Arnlze-

2226 3531 2351 3586 nius
2373 3533 2498 3600 jure
2525 3531 2877 3586 dissentiunt.

2300 3603 2422 3657 171.
2472 3602 2596 3659 Vel.
2630 3602 2683 3666 1,
2712 3602 2764 3670 2,
2816 3601 2987 3667 Mon.,
3038 3610 3276 3672 notoque,
3327 3615 3518 3655 errore
3569 3608 3816 3672 typogra-

2226 3674 2407 3745 pliico,
2441 3684 2590 3730 certe
2616 3674 2829 3729 vitiose.
2856 3674 3009 3739 Quod
3036 3686 3214 3729 autem
3240 3672 3518 3745 columba
3568 3671 3693 3745 felle
3736 3686 3818 3725 ca—

2224 3743 2360 3802 reat.
2395 3747 2539 3816 vulgi
2567 3746 2784 3818 quidem
2815 3746 2997 3816 opinio
3022 3756 3125 3818 est,
3155 3743 3251 3800 sed
3285 3743 3443 3818 falsa.
3491 3753 3551 3798 ut
3583 3744 3813 3812 tradunt,

2224 3819 2316 3888 qui
2348 3815 2654 3888 ltujus’tnodi
2681 3815 2864 3874 reruni
2894 3815 3178 3872 scientiam
3219 3815 3559 3886 profitentur.

2297 3892 2421 3946 172.
2464 3893 2574 3944 Utt.
2605 3889 2663 3958 2,
2707 3888 2845 3943 Deus
2877 3891 3117 3942 ratione:
3164 3900 3220 3941 ut
3261 3896 3369 3942 stet
3397 3903 3610 3958 versus.
3644 3888 3814 3955 legen-

2222 3961 2350 4017 dum
2387 3962 2522 4017 Deus
2546 3978 2608 4016 ea:
2628 3956 2850 4025 ratione,
2884 3975 3061 4030 neque
3089 3961 3228 4015 male
3254 3967 3401 4014 esset
3423 3956 3568 4015 Deus
3610 3959 3705 4013 hac
3731 3974 3809 4011 ra-

2223 4035 2381 4089 tione.

2299 4107 2422 4161 1ἷ5.
2473 4104 2644 4169 Meus,
2688 4103 2809 4169 ubi;
2840 4103 2979 4174 lege.
3010 4104 3103 4157 ibi.

2298 4179 2421 4234 ΓΜ.
2480 4175 2825 4246 Cant.,Reg.
2873 4173 2928 4234 4⁷.
2978 4174 3092 4231 0t.
3127 4174 3180 4240 1,
3240 4174 3530 4231 recentiori
3585 4190 3685 4240 m.,
3728 4173 3813 4228 Ito-

2224 4250 2502 4304 noraverit.
2548 4247 2690 4302 Editi
2732 4263 2855 4303 cum
2888 4247 3162 4317 plerisque
3192 4260 3322 4300 mss.
3369 4248 3732 4302 numeraverit.
3762 4248 3809 4301 In

2224 4320 2335 4374 Ott.
2371 4320 2397 4374 1
2432 4319 2582 4390 prius
2613 4318 2715 4374 fuit
2741 4320 3053 4379 adoraverit,
3094 4328 3193 4390 aut
3219 4321 3439 4372 oraverit
3461 4334 3481 4372 :
3521 4333 3685 4387 supra
3736 4318 3810 4374 vel

2222 4389 2531 4462 glossa.vel
2572 4390 2626 4444 d.
2659 4405 2733 4454 s..
2779 4389 3146 4462 numeraverit.
3197 4390 3526 4445 Arntzenius
3576 4390 3675 4455 ait,
3720 4407 3811 4444 nu-

2224 4460 2422 4519 merare
2446 4462 2682 4533 antiquis
2709 4477 2841 4533 esse,
2859 4460 3128 4527 venerari,
3162 4462 3453 4533 aestimare.
3482 4477 3549 4516 ex
3575 4462 3662 4530 iis.
3694 4478 3811 4532 qum

2223 4535 2430 4589 notavit
2456 4532 2671 4588 tiorttns
2716 4536 2783 4588 ad
2809 4532 3131 4589 Ciceronem
3167 4534 3203 4587 l.
3253 4548 3329 4588 xu
3383 4532 3484 4600 Ep.
3542 4534 3673 4588 fam.
3729 4536 3807 4588 ll.

2225 4604 2422 4659 Verum
2476 4620 2748 4660 numerare
2777 4622 2873 4670 pro
2902 4604 3139 4660 venerari
3170 4622 3275 4658 non
3312 4605 3503 4674 probo.
3560 4620 3658 4675 pro
3694 4623 3807 4659 cen-

2220 4690 2349 4741 sere,
2382 4677 2469 4733 vel
2493 4678 2750 4733 wstimare
2780 4677 2939 4733 facile
2962 4676 3270 4741 admittam.
3297 4692 3419 4731 cum
3448 4677 3521 4740 id,
3552 4677 3693 4746 quod
3721 4693 3810 4732 nu-

2222 4762 2485 4818 meratur,
2521 4752 2661 4804 inter
2698 4751 2803 4804 alia
2833 4749 3037 4804 similia
3085 4748 3389 4818 reponitur,
3423 4756 3483 4803 ut
3532 4749 3808 4803 maximum

2220 4816 2768 4890 beneﬁciumnumero
2814 4822 2868 4874 in
2910 4819 3059 4873 bonis
3101 4816 3339 4888 numero,
3393 4830 3451 4875 ct
3477 4819 3696 4877 similia.
3742 4820 3809 4876 At

2218 4904 2340 4944 cum
2364 4905 2547 4947 sermo
2571 4900 2655 4946 est
2683 4892 2753 4947 de
2794 4907 2902 4946 uno
2937 4891 3071 4956 Deo,
3096 4891 3476 4946 difficultatem
3518 4905 3664 4946 creat
3699 4891 3806 4947 han:

2221 4961 2454 5030 phrasis,
2472 4975 2744 5017 numerare
2765 4980 2925 5018 unum
2953 4961 3117 5017 Deum
3144 4979 3241 5033 pro
3263 4964 3416 5033 fateri
3440 4979 3602 5016 unum
3625 4960 3802 5017 Deum.

2221 5032 2479 5103 Suspicor
2505 5034 2785 5089 Sedulium
2830 5032 3258 5106 scripsisse'qni
3301 5051 3407 5090 non
3451 5036 3805 5089 memoraverit

2218 5121 2399 5159 unum.
2435 5106 2526 5160 Sic
2559 5120 2704 5159 vers.
2736 5106 2841 5161 2'57
2867 5108 2920 5160 lt.
2955 5107 2992 5162 l.
3025 5104 3129 5172 Qui
3157 5104 3424 5160 dominum
3469 5106 3585 5161 caeli
3618 5117 3803 5176 patrem

2217 5193 2587 5251 metitoramus,
2620 5177 2675 5230 in
2718 5175 3069 5251 ipso—1am
3112 5178 3300 5251 fratres
3347 5194 3439 5232 nos
3490 5175 3803 5233 essedecet.

2216 5249 2301 5301 Ali
2320 5266 2390 5302 un
2414 5247 3073 5315 scripturam'adorarerit.
3111 5248 3198 5304 vel
3228 5247 3557 5305 honoraverit
3584 5251 3664 5306 lex
3694 5266 3806 5305 car-

2217 5319 2378 5372 minis
2410 5320 2609 5389 rejicit.
2642 5320 2811 5376 Prosa
2836 5331 2928 5374 ant
2958 5321 3186 5376 obscura
3216 5329 3320 5387 est,
3377 5335 3467 5376 aut
3513 5322 3801 5377 mendosa:

2216 5405 2280 5446 ex
2310 5406 2412 5460 qua
2448 5403 2627 5446 tamen
2659 5396 2772 5447 haec
2813 5394 3106 5463 explicatio
3156 5392 3397 5448 eruitur:
3427 5393 3531 5460 Qui
3563 5409 3802 5449 numera.

2216 5463 2349 5516 verit
2382 5477 2489 5516 non
2531 5478 2717 5526 unum,
2748 5463 2866 5519 sive
2899 5476 3005 5518 tres
3051 5463 3210 5518 Deos.

2291 5532 2412 5611 1'15.
2435 5533 2618 5611 _l_{om.
2646 5532 2753 5611 libi
2795 5534 3040 5589 diabolus
3085 5534 3294 5611 tentavit
3341 5534 3638 5611 Dominum
3668 5539 3799 5611 jeju-

2215 5603 2415 5679 nando.
2435 5604 3009 5679 Meus,ADeAtentatore,_
3036 5608 3124 5679 qui
3153 5606 3282 5660 adiit
3329 5605 3636 5675 Dominum,
3668 5603 3800 5678 post-

2214 5693 2368 5747 quam
2387 5677 2671 5749 jejunavit.
2702 5677 2812 5733 Ott.
2852 5680 2901 5744 1,
2942 5675 3302 5749 Πὸὶἰειιιᾳιιιτ
3340 5696 3373 5732 a
3398 5680 3625 5734 diabolo.

2213 5746 2697 5823 ty.l76'._Nonuulli
2727 5764 2884 5823 mssa,
2917 5759 2974 5804 et
3001 5749 3130 5823 editi
3161 5747 3468 5823 Jejunium;
3498 5748 3642 5823 quod
3663 5765 3798 5806 nien-

2217 5818 2345 5876 dum
2376 5819 2545 5876 Aldus
2570 5818 2621 5875 iu
2659 5820 2866 5877 Erratis
2895 5818 3226 5878 emendavit.
