4038 6312
492 290 604 349 625

643 497 734 554 Sic
760 496 987 552 dicens:
1019 494 1185 551 Orate
1208 501 1442 566 patrem,
1469 495 1799 568 baptismate
1828 505 2099 566 nostrum,

498 592 606 650 Q35
642 593 774 649 Jure
800 604 957 647 suum
985 608 998 646 :
1032 591 1424 663 propriumque
1458 591 1664 648 homini
1700 593 1976 649 concessit
2003 593 2101 649 lto-

1811 703 2021 754 norem,

1811 703 2021 754 norem,

637 778 728 848 Et,
757 779 902 850 quod
934 779 1087 835 solus
1118 777 1307 844 habet,
1331 787 1562 838 cunctos
1586 687 1843 850 permis[it
1872 781 2094 837 habere.

631 872 792 946 227
823 873 929 942 Qui
970 873 1259 930 Dominum
1300 874 1427 932 cmli
1461 881 1669 946 patrem
1703 888 2095 941 memoramus,

643 978 651 987 ‘
1774 967 1854 1042 [in
1884 970 2002 1040 ipso

626 1066 747 1123 iam
780 1064 984 1123 fratres
1012 1080 1115 1123 nos
1135 1080 1260 1124 esse
1290 1066 1474 1134 decet,
1507 1082 1613 1124 nec
1634 1066 1850 1138 origine
1876 1068 2057 1122 carnis
2116 1048 2129 1069 ³

1878 288 2095 349 σοειιι
2136 286 2413 351 SEDULII

641 401 970 474 lndulgenda
994 401 1106 473 peti
1130 401 1371 458 breviter
1388 401 1574 473 jubet,
1606 411 1668 459 ut
1698 404 1811 461 cito
1839 415 2085 476 praestet,
2137 415 2191 477 Α

3704 298 3803 359 624

2357 408 2692 466 Germanum
2726 414 2956 467 tractare
2986 409 3197 479 odium,
3227 410 3324 467 sed
3352 409 3579 483 spiritus
3609 411 3732 483 igne

2211 502 2321 560 240
2358 503 2701 575 Flagrantes,
2726 504 2949 561 abolere
2977 505 3089 560 doli
3124 513 3475 561 monumenta
3500 507 3724 572 vetusti,

2355 595 2533 667 Atque
2548 612 2743 652 novum
2756 605 2978 669 gestare
3001 596 3299 663 hominem,
3325 614 3395 655 ne
3417 597 3602 655 forsan
3621 598 3688 654 ab
3702 598 3804 655 alto

2355 691 2693 764 Degenerent
2715 702 2934 749 terrena
2966 694 3113 750 Deo:
3145 694 3230 750 cui
3253 708 3381 761 nos,
3405 693 3547 749 duce
3566 691 3802 761 Christo,

2356 785 2509 840 Fecit
2534 785 2823 856 adoptivos
2847 788 3088 844 etelestis
3119 787 3297 859 gratia
3331 795 3512 843 natos.

2421 880 2586 952 228
2614 879 3000 938 Sanctihcetur
3032 880 3125 937 ubi
3159 880 3445 948 Dominus,
3481 878 3578 950 qui
3608 889 3801 937 cuncta

3478 972 3741 1047 [creando

2199 1064 2309 1123 245
2347 1064 2686 1136 Sanctificat,
2716 1067 2822 1123 nisi
2846 1068 3015 1125 corde
3043 1067 3158 1141 pio,
3185 1067 3288 1124 nisi
3321 1075 3554 1142 pectore
3586 1066 3772 1124 casto?

1850 1160 2030 1218 OPUS
2066 1157 2455 1217 PASCIIALE.

488 1257 653 1330 gulis,
686 1256 782 1312 sed
812 1256 1187 1313 communiter
1223 1257 1495 1313 universis
1536 1256 1759 1313 domum
1808 1254 1944 1311 tanti
1986 1269 2103 1309 mu-

494 1351 645 1406 neris
674 1349 1020 1404 attributum.
1065 1349 1197 1404 Nam
1227 1350 1383 1420 quasi
1416 1359 1442 1387 ιι
1468 1357 1710 1405 semotus
1738 1364 1767 1403 a
1789 1345 2026 1413 caeteris,
2048 1354 2106 1401 et

493 1444 884 1500 secretioribus
927 1443 1176 1498 habitans
1222 1443 1455 1498 latenter
1492 1442 1547 1496 in
1594 1442 1762 1507 locis,
1812 1440 2101 1496 Dominum

495 1535 726 1606 quilibet
750 1535 934 1590 verbis
957 1535 1115 1605 lmjus
1137 1534 1402 1589 orationis
1427 1534 1702 1604 imploret,
1735 1548 1841 1589 non
1873 1533 2102 1604 inquiet,

493 1627 656 1683 Pater
688 1645 853 1694 meus,
905 1627 1000 1683 sed
1030 1626 1191 1682 Pater
1218 1637 1409 1696 noster,
1460 1626 1715 1697 quoniam
1750 1627 1854 1682 soli
1885 1626 2105 1681 Christo

2206 1251 2463 1309 Dicentes
2494 1256 2675 1327 itaque
2703 1266 2851 1329 pater
2876 1267 3071 1325 noster,
3101 1257 3445 1324 conﬁtemur,
3490 1272 3591 1314 nos
3622 1272 3807 1315 omnes

2207 1346 2260 1402 in
2284 1347 2401 1416 ipso
2429 1347 2623 1405 fratres
2644 1351 2931 1407 exsistere.
2963 1350 3131 1422 Cujus
3154 1352 3387 1407 nominis
3414 1366 3521 1406 non
3550 1349 3807 1407 debemus

2206 1438 2464 1495 aﬂ'ectum
2510 1449 2713 1497 mutua:
2740 1441 3027 1498 charitatis
3067 1442 3385 1512 expulsione
3434 1451 3803 1511 contemnere,

2212 1546 2314 1586 nec
2332 1531 2610 1603 originalis
2636 1533 2743 1589 odii
2773 1544 3121 1591 monumenta
3144 1534 3366 1599 sectari,
3383 1550 3493 1603 quo
3513 1532 3673 1598 Cain,
3694 1550 3807 1605 ger-

2210 1627 2355 1681 mani
2385 1628 2664 1698 sanguinis
2690 1627 2862 1695 fusor,
2897 1628 3236 1701 parricidalis
3279 1630 3509 1685 maculae
3539 1628 3713 1685 factus
3732 1638 3810 1685 est

490 1724 722 1780 debetur
752 1724 856 1779 hoc
886 1723 1136 1793 verbum,
1172 1722 1327 1794 cujus
1373 1721 1590 1793 proprie
1627 1731 1782 1792 pater
1809 1727 1896 1776 est
1928 1720 2091 1775 Deus.
2125 1703 2171 1765 Β
2200 1710 2508 1777 inchoator.
2531 1722 2637 1779 Sed
2664 1726 2930 1780 mansueti
2968 1724 3190 1794 spiritus
3224 1726 3351 1796 igne
3386 1724 3667 1780 ferventes
3695 1739 3809 1781 car-

489 1821 833 1891 Quamquam
859 1820 1006 1875 enim
1038 1820 1093 1875 in
1124 1818 1385 1874 omnibus
1415 1818 1724 1889 Evangeliis
1756 1817 1859 1872 hoc
1901 1815 2103 1872 habea-

487 1926 578 1970 tur
599 1915 921 1985 ascriptum,
947 1916 1001 1969 in
1032 1914 1127 1969 illo
1151 1923 1331 1969 tamen
1355 1912 1640 1967 evidenter
1664 1911 1925 1965 Dominus
1945 1909 2106 1965 Jesus

491 2009 545 2063 in
576 2008 818 2074 capitulo
841 2007 981 2077 juris
1008 2007 1092 2061 sui
1137 2006 1435 2076 potentiam
1462 2004 1793 2073 singularem
1836 2002 2041 2072 docuit,
2071 2016 2102 2057 a

495 2101 750 2173 populari
792 2102 1155 2170 permixtione
1175 2100 1490 2165 discretam,
1519 2099 1610 2155 ubi
1638 2098 1931 2169 discipulos
1975 2111 2106 2152 con-

493 2195 731 2249 lortabat
747 2194 1032 2264 alloquens
1067 2210 1081 2245 :
1118 2192 1266 2246 Vada
1288 2194 1357 2246 ad
1377 2191 1586 2246 Patrem
1604 2207 1793 2259 meum,
1814 2199 1861 2244 et
1894 2189 2105 2245 Patrem

494 2298 739 2344 vestrum.
774 2288 930 2355 Quod
959 2288 1033 2341 ait
1057 2303 1249 2355 meum,
1277 2287 1418 2341 hanc
1438 2284 1540 2340 sibi
1562 2283 1851 2355 specialem
1875 2284 2102 2356 gloriam

494 2396 733 2452 congrue
759 2380 1087 2447 vindicavit;
1112 2379 1256 2449 quod
1288 2381 1623 2445 aitvestrum,
1648 2377 1956 2450 generalem
1984 2392 2106 2448 gra-

494 2476 624 2530 tiam
648 2476 1014 2530 communiter
1046 2475 1255 2530 cunctis
1280 2489 1403 2530 esse
1445 2472 1721 2544 patefecit.
1772 2470 2103 2528 Similitudi-

494 2584 617 2624 nem
665 2568 929 2624 faciamus
976 2570 1061 2623 hic
1094 2568 1365 2640 aliquam,
1416 2577 1477 2623 ut
1517 2582 1586 2623 ex
1628 2567 1880 2621 humanis
1919 2565 2102 2619 divina

489 2664 789 2733 capiamus.
824 2664 1097 2720 Ponamus
1130 2662 1291 2735 igitur
1313 2663 1624 2735 quempiam
1645 2663 1880 2719 nobilem
1906 2663 2104 2728 virum,

496 2759 581 2813 cui
608 2756 774 2812 Filius
798 2758 1010 2825 unicus,
1067 2767 1117 2813 et
1148 2759 1406 2829 aliquanti
1441 2757 1549 2812 sint
1576 2756 1787 2811 famuli.
1832 2753 2106 2824 Numqmd

499 2853 569 2907 ob
599 2853 730 2918 hoc,
766 2852 910 2923 quod
958 2852 1348 2923 paterfamilias
1387 2851 1713 2923 appellatur,
1754 2858 1938 2920 potest
1962 2848 2104 2920 apud

488 2962 614 3002 eum
643 2961 952 3011 servorum,
984 2961 1049 3002 ac
1076 2944 1171 3001 ﬁlii
1205 2960 1302 3015 par
1328 2943 1638 3000 dilectionis
1666 2956 1795 2998 esse
1836 2941 2105 3007 conditio,

494 3056 617 3097 cum
641 3047 698 3095 et
723 3040 839 3111 ipse
860 3037 1002 3094 ﬁlius
1027 3038 1288 3095 Dominus
1314 3039 1574 3107 probetur
1599 3053 1722 3093 esse
1739 3032 2104 3092 cunctorum?

493 3132 604 3188 Nos
634 3133 795 3204 igitur
833 3132 1037 3187 utimur
1076 3131 1179 3189 hac
1204 3132 1473 3196 oratione,
1505 3147 1611 3187 non
1659 3128 1933 3193 Christus.
1963 3147 2097 3201 quo-

493 3227 635 3282 niam
661 3242 823 3298 prece
852 3226 1013 3296 hujus
1039 3226 1453 3298 supplicationis
1475 3227 1652 3297 ipsum
1676 3241 1893 3298 quoquc
1929 3226 2099 3297 depo-

492 3319 845 3395 scimus,_qui
870 3336 993 3376 eum
1019 3319 1180 3377 Patre
1206 3336 1344 3377 unus
1366 3329 1452 3378 est
1476 3321 1735 3377 Dominus
1765 3329 2097 3380 coaeternus.

2208 1815 2351 1871 nalis
2394 1832 2659 1885 ponamus
2682 1819 2975 1889 nequitiam
3007 1820 3313 1884 vetustatis,
3340 1829 3394 1874 et
3416 1832 3564 1874 novo
3597 1817 3807 1874 homine

2206 1910 2541 1980 gratulemur
2560 1913 2752 1967 induti.
2778 1912 2855 1969 Ne
2871 1928 2992 1968 cum
3016 1912 3665 1983 cmperiutacmlestibus
3689 1928 3808 1983 ope-

2207 2020 2265 2060 ra
2286 2005 2620 2076 degenerare
2642 2019 2878 2071 terrena,
2909 2015 3063 2063 tanto
3093 2017 3243 2078 patre
3269 2002 3557 2063 videamur
3584 2006 3806 2077 indigni,

2208 2099 2299 2169 qui
2327 2097 2550 2153 Christo
2575 2116 2673 2153 nos
2696 2099 2835 2155 duce
2860 2115 3013 2155 sacra
3037 2110 3197 2156 natos
3224 2099 3521 2169 adoptione
3553 2101 3807 2170 suscepit.

2211 2189 2580 2260 Sanctiﬁcetur
2624 2208 2811 2248 nomen
2854 2200 3019 2247 tuum.
3075 2192 3448 2250 Sanctificatio
3486 2209 3612 2265 qua:
3645 2201 3815 2264 potest

2208 2286 2490 2354 mstimari,
2519 2302 2625 2356 qua
2651 2287 2909 2343 Dominus
2931 2287 3256 2353 sanctificari
3281 2290 3479 2353 valeat,
3511 2291 3604 2360 qui
3628 2299 3812 2345 cuncta

2209 2380 2539 2448 sanctificat,
2571 2381 2675 2437 ttisi
2707 2392 2764 2436 ut
2788 2399 2883 2439 eor
2901 2383 3069 2453 pium,
3104 2384 3577 2453 mite,placidum,
3611 2395 3811 2440 castum

2208 2471 2275 2526 ad
2301 2471 2420 2541 ejus
2454 2488 2825 2543 przrparemus
2848 2476 3151 2548 ingressum
3176 2475 3201 2529 ‘t
3222 2486 3491 2546 quatenus
3523 2476 3617 2532 tali
3646 2477 3814 2532 domi-

2210 2564 2339 2622 cilio
2371 2568 2673 2623 delectatus
2695 2570 3142 2625 sanctificationis
3161 2584 3274 2625 sure
3301 2570 3353 2625 in
3379 2571 3539 2626 nobis
3566 2581 3817 2641 operetur

2210 2672 2604 2732 augmentum;
2654 2661 3109 2733 quemadmodum
3156 2663 3271 2733 ipse
3314 2661 3585 2718 Dominus
3638 2672 3815 2719 noster

2210 2753 2371 2809 Jesus
2395 2755 2644 2810 Christus
2676 2754 2731 2810 in
2761 2756 3039 2827 discipulis
3075 2756 3190 2811 suis
3220 2772 3282 2812 se
3311 2757 3675 2813 clarificatnm
3702 2771 3817 2814 esse

2213 2849 2573 2915 memorabat,
2622 2850 2712 2920 qui
2741 2850 2889 2905 clara
2927 2865 3144 2920 semper
3169 2850 3472 2906 divinitatis
3500 2851 3623 2908 luce
3655 2850 3817 2923 fulge-

2212 2944 2324 2999 bat.
2355 2944 2487 2999 Nam
2520 2943 2573 2998 in
2607 2943 2903 3016 Evangelio
2928 2944 3226 3000 secundum
3248 2943 3538 3009 Joannem,
3563 2945 3694 2999 dum
3720 2959 3810 3015 pro

2213 3038 2493 3108 discipulis
2517 3038 2789 3107 supplicat
2829 3039 2991 3109 patri,
3033 3039 3176 3095 inter
3201 3037 3438 3097 diversa.
3482 3055 3607 3109 qua:
3640 3054 3817 3108 prose.

2203 3142 2362 3187 cutus
2389 3144 2494 3197 ρει,
2531 3132 2698 3188 verba
2731 3133 2811 3188 sic
2842 3131 3034 3202 inquit,
3066 3130 3137 3185 Et
3163 3132 3480 3202 clariﬁcatus
3505 3148 3624 3187 sum
3650 3133 3703 3187 in
3725 3132 3814 3214 eis,

2204 3226 2415 3280 scilicet
2435 3225 2526 3295 qui
2555 3223 2583 3262 ι’
2613 3223 2924 3280 claritatem
2956 3239 3107 3279 suam
3138 3223 3190 3279 in
3223 3224 3303 3279 eis
3328 3223 3531 3279 inveni.
3557 3222 3663 3280 Ubi
3693 3238 3814 3296 ergo

2220 3331 2275 3377 et
2302 3318 2744 3376 sanctificationis
2769 3332 2883 3374 sum
2912 3318 3069 3389 signa
3090 3316 3377 3389 repererit,
3402 3316 3741 3374 sanctiﬁcare
3758 3331 3813 3373 se

2037 3416 2360 3476 SCHOLIA.

490 3511 649 3585 Saepe
680 3508 903 3585 quidem
930 3507 1106 3585 Index
1149 3521 1203 3565 et
1232 3511 1411 3579 index,
1442 3510 1707 3585 judicium
1738 3518 1792 3564 et
1839 3511 2091 3567 indicium

493 3581 929 3647 confunduntur;
976 3584 1070 3637 sed
1131 3599 1252 3637 cum
1318 3581 1456 3637 mss:
1501 3597 1692 3636 omnes
1754 3598 1861 3635 non
1914 3586 2094 3641 minus

489 3669 650 3723 quam
679 3653 832 3719 editi,
865 3654 1158 3709 exhibeant
1191 3653 1494 3727 judexque,
1543 3655 1716 3708 satius
1747 3654 1924 3721 duco,
1958 3657 2095 3712 nihil

494 3733 727 3781 mutare.

563 3797 692 3852 254.
733 3794 1063 3852 Arntzenius
1093 3812 1158 3850 ex
1203 3811 1305 3851 ms.
1361 3798 1550 3851 Arntz.
1602 3795 1771 3853 edidit
1811 3807 2010 3869 patrem
2038 3800 2095 3854 in

490 3868 796 3937 baptismate
823 3879 1053 3923 nostrum
1072 3884 1091 3922 :
1121 3869 1246 3936 quia
1280 3869 1595 3939 praepositio
1622 3871 1673 3923 in
1708 3868 1878 3925 latere
1921 3872 2098 3939 potuit

490 3942 591 3994 sub
619 3941 795 3995 littera
824 3939 1168 4011 prmcedeuti
1206 3956 1276 3991 m.
1330 3938 1531 4012 Verum
1559 3942 1743 3996 ωηιξτί
1790 3938 2097 4012 elegantius

493 4027 612 4067 eam
645 4010 1088 4082 priapositionem
1121 4015 1395 4082 omittunt.
1427 4010 1572 4065 Idem
1604 4010 1932 4068 Arntzenitis
1962 4012 2097 4068 Par-

495 4084 700 4148 rhasio,
730 4098 784 4138 et
811 4082 901 4137 ed.
933 4082 1082 4151 Lips.
1117 4081 1303 4136 tribuit
1336 4094 1577 4136 vestrum.
1610 4086 1675 4137 At
1707 4084 1759 4138 in
1806 4084 2098 4140 Parrhasio

492 4156 640 4210 clare
662 4163 746 4210 est
764 4164 1017 4208 nostrum.
1047 4153 1375 4209 Arntzenius
1397 4171 1519 4209 cum
1544 4152 1782 4209 Cellario
1810 4155 2100 4224 distinguit-

497 4236 762 4290 nostrum;
792 4256 862 4267 —-
882 4224 1013 4280 Jure
1040 4241 1193 4279 suum
1222 4226 1588 4296 propriumque
1607 4224 1827 4291 homini,
1855 4237 1959 4281 etc.
1995 4227 2101 4280 Ex-

498 4307 652 4367 ponti.
676 4298 965 4359 Cellarius,
994 4297 1255 4351 honorem
1287 4312 1408 4351 esse.
1430 4296 1553 4362 jure
1578 4312 1761 4359 suum,
1793 4297 2102 4366 proprium-

497 4384 622 4437 que.
659 4369 917 4440 S"dlllltl._%
944 4368 1086 4421 aliud
1119 4369 1314 4427 voluit.
1356 4367 1513 4440 Ocate
1536 4374 1770 4440 patrem,
1792 4367 2102 4440 baptismate

499 4436 753 4501 nostrum,
782 4469 847 4479 ——
872 4437 907 4491 Ι
915 4455 1001 4491 ure
1030 4456 1179 4510 suum
1200 4453 1216 4490 :
1241 4438 1607 4510 propriumque
1631 4436 1831 4510 [tomini
1853 4436 2103 4494 concessit

498 4511 766 4565 honorem.
814 4510 1078 4564 Nimirum
1124 4508 1270 4563 Deus
1295 4518 1382 4563 est
1424 4517 1578 4578 pater
1618 4508 1822 4563 Christi
1863 4511 2008 4578 jure,
2047 4520 2105 4566 et

501 4589 716 4645 natura,
765 4591 951 4635 noster
995 4581 1049 4634 in
1107 4580 1456 4647 baptismate,
1502 4587 1557 4632 et
1604 4595 1701 4648 per
1728 4581 2098 4645 adoptionem.

498 4651 635 4705 Cum
665 4661 843 4705 autem
879 4651 1132 4720 proprius
1156 4650 1357 4705 Christi
1382 4651 1451 4703 sit
1490 4649 1688 4722 honor,
1724 4663 1782 4705 ut
1815 4652 1982 4707 Deum
2012 4668 2105 4722 pa-

448 4761 477 4771 ,
500 4733 639 4777 trem
688 4718 947 4790 appellet,
986 4718 1153 4774 nobis
1183 4722 1461 4775 concessit
1490 4718 1632 4773 hunc
1675 4723 1959 4789 honorent,
1992 4718 2101 4780 etc.

498 4792 690 4890 Clossa
722 4794 773 4846 in
783 4793 984 4890 Pupi,
1016 4801 1099 4845 est
1112 4795 1235 4863 jure
1262 4808 1416 4846 suum
1439 4820 1511 4832 —
1536 4799 1761 4847 natura:
1786 4806 1839 4848 et
1868 4806 1990 4865 post
2010 4795 2105 4850 Ita-
2130 4829 2183 4890 ι)

498 4865 615 4918 bere
646 4895 714 4904 —
744 4865 999 4936 adoptive.

575 4937 703 4991 ‘237.
750 4932 884 5002 Reg.
920 4936 971 5001 l,
1002 4932 1259 4989 Ottobon.
1295 4935 1345 5000 1,
1384 4934 1565 4997 Rom.,
1595 4933 1763 5002 Meus,
1794 4934 1957 4991 Pater
1982 4954 2100 4993 nos-

505 5017 605 5081 ter,
649 5008 737 5081 qui
777 5008 934 5081 (ξε-ξιξ
968 5006 1127 5081 ctelis.
1168 5007 1281 5061 Ott.
1308 5007 1385 5081 2,Δ
1419 5005 1725 5081 Qui_Deu_m
1768 5008 1901 5063 caeli.
1939 5007 2093 5081 Ald.,

502 5076 625 5133 Vat.
657 5076 736 5139 2.,
767 5076 863 5131 Cui
895 5076 1172 5149 Dominum
1198 5095 1216 5143 ;
1243 5078 1478 5149 corrige,
1517 5078 1620 5146 Qui
1649 5077 1947 5133 Dominum.

572 5149 701 5205 $258.
747 5150 877 5219 Reg.
916 5148 972 5215 4,
1004 5147 1126 5202 Jam
1152 5150 1293 5204 decet
1327 5147 1419 5205 nos
1447 5168 1555 5205 esse
1586 5150 1773 5221 fratres
1812 5167 1829 5203 :
1864 5168 1971 5206 non
2003 5168 2097 5220 pa-

505 5218 636 5273 titur
660 5218 891 5275 tnetrntn
915 5264 929 5287 ,
965 5224 1039 5274 ita
1074 5222 1335 5276 collocari
1375 5223 1561 5278 verba.
1586 5218 1653 5277 'ln
1696 5224 1836 5277 notis
1874 5218 2096 5279 Nebris-

500 5292 675 5365 sensis
700 5293 817 5362 lngo
834 5293 1033 5364 origine
1056 5293 1234 5347 mundi
1260 5309 1279 5347 :
1298 5294 1390 5349 sed
1420 5295 1470 5347 in
1504 5295 1623 5365 ipso
1646 5305 1906 5351 eotttextu
1933 5295 2092 5365 hujus

498 5362 754 5435 editionis
775 5376 858 5419 est
879 5362 1076 5435 origine
1097 5366 1287 5418 carnis.
1321 5362 1697 5421 Nebrissensis
1720 5368 1810 5429 ait,
1839 5362 2096 5435 supplen-

495 5433 618 5491 dam
651 5451 773 5492 esse
819 5433 1258 5506 praepositionem
1299 5438 1353 5490 in
1376 5479 1391 5503 ,
1423 5437 1509 5491 vel
1542 5437 1626 5491 ab.
1653 5433 2089 5493 Sententiaest:

571 5559 597 5585 ἰ
639 5549 696 5604 In
744 5550 916 5606 veteri
948 5550 1140 5607 codice
1181 5566 1337 5605 error
1366 5558 1509 5622 erat,
1567 5550 1709 5604 Nam
1748 5554 1982 5622 quasvise
2025 5570 2107 5607 se-

504 5630 705 5685 motus,
735 5638 896 5693 quem
923 5623 1143 5678 Juretus
1183 5623 1444 5676 Correxit.
1498 5621 1665 5675 Paulo
1705 5634 1825 5683 post
1866 5627 2105 5680 citantur

504 5697 669 5746 verba
694 5709 762 5748 es
806 5693 1003 5749 Jnaun.
1031 5709 1082 5749 c.
1111 5709 1208 5761 xx,
1240 5708 1389 5747 vers.
1416 5693 1859 5761 ilSuperlluum
1890 5698 2103 5752 videtur

504 5779 668 5835 unum
694 5764 771 5829 in,
800 5765 855 5817 in
880 5764 1045 5818 illo...
1074 5765 1130 5817 in
1157 5765 1405 5835 capitulo.

575 5831 598 5871 ι’
642 5832 697 5888 In
734 5835 1007 5905 plerisque
1049 5831 1397 5891 bibliothecis
1423 5833 1645 5891 Patrum
1680 5835 1875 5905 legitur
1900 5837 2097 5894 scilicet

2198 3510 2315 3567 Non
2362 3508 2556 3574 decet,
2591 3522 2692 3563 nos
2726 3518 2995 3576 tractare,
3026 3509 3113 3563 vel
3159 3507 3364 3564 sectari
3407 3508 3596 3564 odium
3618 3553 3634 3573 ,
3668 3509 3808 3579 quali

2195 3584 2328 3638 Cain
2374 3582 2428 3635 in
2473 3583 2687 3643 origine
2734 3580 2943 3647 carnis,
2978 3579 3097 3637 sive
3129 3580 3288 3635 initio
3331 3582 3519 3636 mundi
3553 3583 3811 3637 adversus

2206 3654 2442 3709 fratrem
2482 3653 2703 3708 Abelctn
2727 3653 2954 3724 exarsit.
2986 3653 3081 3708 sed
3124 3652 3281 3707 decet
3325 3653 3529 3720 potius,
3561 3669 3664 3708 nos
3696 3656 3810 3724 igne

2197 3725 2424 3793 spiritus
2456 3723 2771 3791 ﬂagrantes,
2803 3723 3025 3780 abolere
3056 3734 3413 3779 monumenta
3446 3725 3676 3781 sceleris
3704 3723 3808 3780 ve-

2199 3798 2356 3853 tusti.
2389 3796 2504 3851 sive
2535 3793 2647 3849 odii
2675 3795 2928 3851 fraterni.

2272 3868 2403 3924 259.
2446 3867 2580 3938 Reg.
2633 3868 2685 3927 1,
2727 3868 2782 3929 li,
2815 3866 2935 3921 Vat.
2975 3867 3029 3930 1,
3056 3866 3235 3938 Meus,
3268 3866 3458 3932 Rom.,
3490 3868 3602 3922 Ott.
3634 3868 3685 3931 1.
3718 3880 3810 3935 pro

2200 3941 2257 3996 tl.
2289 3956 2363 4005 s.,
2398 3937 2549 4006 Alb.,
2575 3948 2631 3993 et
2658 3938 2904 4008 plerique
2930 3937 3088 3999 editi,
3114 3946 3358 3992 tractare.
3391 3938 3528 4008 Reg.
3550 3942 3628 4006 5.,
3662 3939 3804 4005 Ald.,

2202 4011 2394 4075 Fabr.,
2441 4008 2781 4081 Ang.,Reg.
2822 4009 2908 4072 9...,
2967 4024 3064 4078 pro
3117 4008 3174 4063 d.
3220 4025 3292 4074 s.,
3338 4008 3557 4081 Parrh.,
3593 4022 3804 4081 gestare.

2201 4084 2313 4139 Ott.
2345 4082 2427 4144 2.,
2457 4082 2591 4151 Reg.
2618 4080 2676 4142 2,
2703 4084 2755 4134 iu
2787 4089 2960 4144 textu,
2989 4081 3198 4144 sectari,
3223 4080 3366 4149 quod
3397 4096 3465 4135 ex
3494 4080 3804 4137 ms.Arntz.

2204 4152 2486 4223 amplexus
2516 4160 2601 4207 est
2626 4152 2979 4207 Arntzenius.
3009 4151 3499 4223 Eodetnipertinet
3533 4154 3586 4207 in
3616 4156 3728 4208 Utl.
3754 4153 3802 4220 1,

2204 4242 2233 4280 a
2268 4242 2349 4295 pr.
2377 4241 2474 4285 m.,
2508 4234 2722 4279 sectare.
2751 4224 3079 4278 Arutzeuius
3110 4222 3332 4290 prmfert
3361 4225 3573 4289 sectari,
3607 4223 3802 4295 adduc-

2206 4297 2275 4352 tis
2297 4296 2571 4367 similibus
2600 4295 2893 4367 exemplis,
2927 4295 3113 4349 sectari
3139 4296 3350 4357 bonum,
3380 4295 3542 4361 ‘vitia,
3578 4294 3803 4367 charito-

2205 4377 2325 4422 tem.
2351 4366 2521 4421 Favet
2555 4380 2734 4436 prosa.
2770 4366 2897 4430 Alii,
2931 4376 3152 4421 tractare
3174 4380 3297 4420 cum
3329 4381 3461 4418 mss.
3498 4366 3806 4422 vetustiori-

2207 4440 2306 4494 bus
2335 4454 2430 4509 pro
2456 4452 2619 4492 mente
2646 4439 2865 4509 agitare,
2898 4440 2984 4492 vel
3017 4439 3178 4493 etiam
3213 4451 3310 4505 pro
3335 4436 3565 4492 trahere.
3600 4439 3729 4508 Reg.
3753 4439 3803 4494 5.

2204 4509 2355 4574 Ald.,
2387 4510 2478 4563 sed
2518 4510 2812 4583 pneumatis
2842 4510 2983 4581 igne,
3013 4510 3154 4579 quod
3186 4524 3214 4561 a
3247 4509 3653 4583 recentioribus
3676 4525 3804 4564 con-

2208 4593 2288 4636 tra
2321 4590 2496 4653 poeta:
2519 4580 2766 4635 mentem
2796 4580 3086 4643 introsum,
3120 4595 3189 4635 ne
3214 4580 3405 4653 ultima
3440 4584 3807 4653 in_contraeto

2206 4650 2339 4707 casti
2385 4663 2592 4721 quartte
2646 4652 3029 4707 declinationis
3069 4652 3423 4719 corripiatur.
3475 4650 3595 4706 Non
3642 4651 3806 4709 semel

2208 4724 2348 4780 hanc
2380 4724 2655 4779 licentiam
2686 4725 2787 4778 sibi
2821 4731 3048 4794 arrogat
3070 4723 3343 4794 Sedulius.

2281 4796 2411 4850 2H.
2455 4796 2587 4865 Reg.
2634 4797 2687 4860 1,
2728 4796 2838 4851 Ott.
2872 4796 2922 4857 l,
2962 4793 3027 4850 et
3056 4797 3168 4862 alii,
3196 4793 3588 4865 ASAnnctiﬂcetur
3628 4811 3806 4850 nomen

2208 4876 2378 4922 tuum.
2406 4862 2592 4932 Meus,
2628 4865 3000 4933 Sanctiﬁcetnr
3029 4862 3212 4936 ubique
3244 4863 3409 4931 Deus,
3444 4868 3597 4920 nullo
3624 4882 3803 4921 sensu.

2206 4938 2439 5004 Poeltn.,
2459 4938 2835 5005 Sanctiﬁcatur
2850 4939 2937 4992 ubi
2953 4937 3206 4992 Dominus
3222 4937 3340 4992 sine
3359 4937 3802 5005 interrogatione,

2206 5028 2328 5079 qua:
2367 5009 2681 5063 necessaria
2712 5021 2817 5063 est.
2872 5009 3123 5077 Plerique
3164 5008 3338 5079 nostri
3376 5024 3536 5067 mss..
3570 5019 3628 5062 et
3656 5008 3802 5079 editi,

2205 5077 2423 5135 seltedae
2453 5080 2687 5146 Poeltu.,
2710 5080 3074 5150 Sarictiﬁcetur
3102 5080 3186 5134 ubi
3217 5077 3501 5134 Dominus.
3535 5078 3806 5149 Wopken-

2205 5153 2320 5207 sius
2348 5152 2567 5219 prteferl
2608 5149 3002 5221 Sunctiﬁcatur,
3033 5153 3117 5206 cui
3149 5150 3334 5206 favent
3362 5149 3552 5220 Cant,
3595 5158 3801 5217 Arum,

2204 5232 2258 5277 et
2286 5222 2439 5277 multi
2469 5223 2621 5278 editi.
2651 5222 2863 5295 luReg.
2892 5223 2917 5276 1
2948 5225 3128 5291 glossa
3156 5230 3260 5287 est,
3294 5221 3382 5277 ubi
3408 5223 3597 5295 poterit
3618 5222 3805 5279 sancti-

2204 5295 2375 5363 βείω-ἱ,
2404 5296 2547 5364 quod
2578 5293 2828 5359 intelligo
2859 5297 3267 5363 interrogative.

2274 5366 2402 5420 245.
2457 5366 2626 5438 Meus,
2655 5373 2743 5438 _et
2776 5366 2912 5435 Reg.
2958 5367 3010 5430 Ι,
3051 5381 3150 5436 pro
3198 5364 3253 5421 d.
3305 5366 3524 5437 script.,
3556 5381 3800 5438 corpore;

2205 5435 2513 5492 communis
2539 5436 2727 5503 lectio,
2759 5450 2964 5508 pectore
2991 5435 3153 5503 caelo,
3174 5453 3369 5507 nempe
3397 5435 3557 5508 puro.

2214 5553 2302 5621 qui
2328 5552 2618 5607 claritatem
2638 5570 2788 5607 suam
2813 5555 2867 5608 in
2886 5556 2962 5610 eis
2979 5556 3169 5612 inveni.
3191 5556 3507 5612 Gallandius
3527 5557 3688 5612 habet
3706 5556 3801 5611 sci-

2209 5624 2328 5678 licet
2368 5624 2489 5689 qnia
2532 5625 2825 5680 claritatem
2855 5644 3022 5683 meam
3053 5634 3107 5683 in
3143 5630 3218 5683 eis
3256 5628 3450 5683 inveni.
3493 5627 3797 5683 Restittten-

2205 5694 2575 5768 dumgvitletur
2600 5698 2795 5753 scilicet
2826 5702 2950 5768 quia
2982 5702 3273 5755 claritatem
3307 5718 3455 5755 suam
3477 5704 3531 5753 in
3560 5701 3636 5755 eis
3663 5701 3798 5754 inve-

2205 5765 2520 5891 nit.lseries
2549 5770 2815 5825 orationis
2840 5765 3134 5842 sequentis
3165 5771 3305 5826 hanc
3332 5773 3627 5828 lcetionetn
3649 5785 3794 5828 com-

2206 5852 2305 5891 oro
2326 5853 2372 5891 ia
2406 5876 2418 5890 .
2912 5882 2917 5887 .

2206 5852 2418 5907 pronat.
2912 5882 2917 5887 .
