4038 6312
263 301 363 359 625

402 422 474 480 Ut
501 436 815 478 mercamur
844 435 968 479 eum
993 436 1099 477 nos
1132 421 1480 479 sanctiﬁcare
1499 422 1757 492 colendo,

400 515 623 571 Anuuat
651 516 768 586 ipse
790 515 966 586 prior,
994 515 1139 570 sicut
1168 515 1487 572 benedicier
1514 515 1660 573 idem

400 607 475 664 Se
495 607 655 679 jubet
676 623 705 662 a
731 608 910 676 nobis,
938 624 967 662 a
997 624 1108 679 quo
1138 608 1524 665 benedicimur
1554 625 1768 666 omnes.

473 701 747 759 Adveniat
765 718 990 775 regnum
1011 704 1151 773 jam,
1177 703 1399 776 jamque
1426 705 1643 762 scilicet
1671 706 1824 775 illud,

263 794 366 852 250
404 796 571 871 229
599 795 773 853 Morte
803 811 1024 865 vacans,
1085 806 1141 854 et
1190 797 1299 855 line
1327 815 1545 867 carens,
1574 801 1665 857 cui
1713 802 1865 858 nulla

1460 894 1583 968 [per
1610 912 1791 952 aevum

400 983 681 1055 Tempora
710 982 1034 1051 succedunt,
1058 984 1189 1056 quia
1219 986 1395 1041 nescit
1420 995 1634 1060 tempus
1664 988 1866 1046 habere

398 1076 712 1136 Continuus
733 1079 856 1137 sine
875 1090 1039 1136 nocte
1067 1079 1191 1137 dies
1225 1099 1240 1137 :
1267 1081 1385 1152 ubi,
1420 1083 1668 1156 principe
1696 1084 1856 1141 Chri-

1654 1178 1786 1250 [sto,

1364 301 1645 362 CARMEN
1683 301 2070 363 PASCIIALE.
2110 306 2312 363 LIBER
2354 308 2416 365 ll.

1891 425 1949 486 Δ

3464 314 3566 373 626

2115 424 2308 481 Nobile
2338 438 2600 498 perpetua
2632 436 2794 499 caput
2843 430 3207 501 amplectente
3261 444 3489 495 corona,

2118 518 2300 575 Victor
2325 520 2502 590 opima
2531 521 2714 578 ferens
2741 524 2997 595 gaudebit
3024 524 3249 596 praemia
3280 524 3457 580 miles.

2182 613 2297 669 lloc
2336 614 2558 686 jugibus
2590 618 2755 684 votis,
2784 617 2887 674 hoc
2915 629 3074 675 nocte
3098 661 3114 687 ,
3144 618 3346 692 dieque
3380 631 3569 690 prece~

3329 711 3492 790 ima.

2118 799 2283 875 230
2306 800 2453 857 Illius
2498 809 2558 858 ut
2612 803 2703 858 liat
2736 804 2897 873 coelo,
2932 813 3191 878 terraque
3218 805 3493 874 voluntas,

2113 894 2214 964 Qui
2244 910 2511 968 nusquam
2562 895 2679 950 vult
2704 910 2828 952 esse
2880 896 3054 965 nefas,
3106 898 3431 970 hostemque
3470 910 3568 953 no-

3226 989 3489 1065 [centem,

2112 1082 2292 1156 thue
2343 1082 2491 1155 polo,
2541 1082 2621 1140 sic
2674 1083 2837 1155 pellat
2875 1083 3063 1153 humo,
3095 1099 3164 1141 ne
3209 1099 3439 1156 corpora
3470 1098 3567 1140 no-

3263 1176 3284 1250 [
3315 1187 3428 1233 stra
3472 1218 3488 1244 ,

1968 611 2075 671 255

1602 1292 1782 1351 OPUS
1818 1291 2205 1353 PASCHALE.

261 1382 456 1440 ibidem
491 1382 648 1442 dicit.
678 1385 861 1442 Pietas
888 1384 1033 1442 enim
1064 1385 1177 1457 illa,
1206 1387 1326 1443 sine
1357 1387 1524 1444 modo
1555 1389 1865 1460 mitissima,

260 1477 356 1532 sibi
385 1477 637 1534 conferri
681 1480 1018 1551 pronuntiat,
1068 1480 1326 1552 quidquid
1355 1482 1469 1536 suis
1509 1482 1723 1538 famulis
1751 1483 1867 1553 ipsa

259 1567 567 1625 iructilicat.
600 1569 816 1627 Similis
843 1574 1025 1644 itaque
1052 1587 1247 1628 sensus
1274 1574 1603 1643 ostenditur,
1637 1586 1691 1632 et
1723 1584 1782 1630 ut
1808 1590 1867 1633 se

258 1663 507 1720 benedici
535 1666 834 1735 praecipiat,
870 1681 992 1722 cum
1022 1667 1137 1738 ipse
1155 1669 1335 1739 p0tius
1360 1668 1610 1726 universa
1634 1670 1863 1726 benedi-

255 1766 356 1812 cat.
402 1757 660 1831 Namque
689 1760 848 1816 trium
880 1774 1173 1831 puerorum
1201 1762 1254 1817 in
1300 1764 1516 1818 camino
1552 1766 1860 1819 canentium

253 1853 320 1907 ab
347 1856 500 1910 omni
552 1865 804 1910 creatura
861 1871 957 1926 per
1000 1857 1247 1912 ordinem
1293 1857 1723 1914 benedicendum
1756 1858 1864 1911 Do-

252 1950 458 2003 minum
487 1949 763 2021 generalis
779 1950 1010 2023 hymnus
1040 1952 1336 2007 exclamat.
1368 1953 1620 2007 Adveniat
1648 1969 1864 2023 regnum

254 2055 418 2099 tuum.
496 2045 747 2117 Regnum
803 2045 1063 2101 advenire
1117 2046 1467 2118 deposcimus
1513 2048 1855 2118 reguatoris,

250 2140 336 2210 qui
376 2155 620 2211 regnare
648 2155 757 2195 non
790 2141 1007 2207 desinit,
1042 2151 1100 2195 ut
1131 2142 1379 2197 fallacem
1412 2152 1438 2180 ι
1470 2142 1630 2213 hujus
1657 2141 1847 2197 mundi

251 2234 561 2305 principem
594 2250 697 2306 pro
741 2220 1294 2306 prtesumpta‘puniat
1334 2236 1648 2309 tyrannide,
1680 2236 1858 2292 solus-

249 2344 370 2399 que,
403 2329 500 2402 qui
531 2330 684 2385 solus
712 2339 817 2396 cst,
851 2343 1009 2385 suum
1042 2329 1390 2387 demonstret
1412 2332 1724 2402 imperium,
1758 2346 1858 2387 nec

1973 1399 2148 1446 morte
2176 1388 2556 1455 constrictum,
2587 1403 2690 1445 nec
2724 1388 3067 1459 temporibus
3109 1387 3568 1444 consumendum.

1971 1484 2152 1541 Nescit
2198 1483 2399 1539 etenim
2452 1491 2667 1552 tempus
2720 1483 2861 1537 lucis
2907 1480 3058 1537 illius
3103 1480 3222 1536 dies
3254 1479 3375 1537 sine
3405 1492 3566 1536 nocte

1969 1577 2280 1643 continuus,
2315 1574 2407 1630 ubi
2458 1573 2791 1629 fortissimus
2828 1573 3018 1639 miles,
3044 1573 3271 1629 adorato
3321 1572 3564 1642 Christo,

1966 1669 2184 1725 diversa
2215 1668 2399 1723 mundi
2428 1678 2550 1740 post
2571 1668 2815 1738 pericula
2849 1669 3041 1738 prcelio
3081 1667 3259 1724 victor
3288 1670 3566 1724 exsistens

1966 1764 2246 1820 caesariem
2288 1763 2429 1819 beati
2470 1764 2666 1833 capitis
2696 1772 3015 1817 ornaturam
3061 1771 3287 1833 perpete
3314 1762 3570 1817 nobilita-

1968 1867 2053 1911 tus
2074 1856 2437 1928 gratnlabitur
2459 1856 2570 1927 jam
2613 1871 2837 1911 corona.
2866 1853 2991 1910 Fiat
3023 1856 3263 1911 voluntas
3293 1866 3407 1923 tua,
3434 1855 3570 1912 sicut

1965 1949 2019 2003 in
2056 1947 2200 2014 caelo,
2233 1963 2281 2003 et
2308 1949 2365 2003 in
2408 1958 2565 2003 terra.
2601 1947 2971 2005 Prazcedentis
3010 1956 3068 2004 et
3096 1948 3185 2004 hic
3214 1949 3570 2005 continentia:

1966 2057 2157 2099 sensus
2186 2043 2404 2099 videtur
2454 2044 2703 2115 intelligi,
2731 2043 2877 2113 quod
2907 2042 3126 2115 jugibus
3171 2045 3315 2114 dies,
3350 2055 3569 2101 noctes-

1966 2152 2072 2207 que
2094 2137 2353 2207 precibus
2391 2136 2693 2192 debeamus
2725 2152 3047 2208 exposcere,
3082 2148 3141 2193 ut
3172 2137 3319 2193 illius
3340 2140 3562 2209 uelum,

1967 2243 2278 2302 terramque
2322 2232 2580 2287 voluntas
2621 2232 2950 2302 adimpleat,
2983 2234 3073 2303 qui
3122 2248 3391 2304 nusquam
3445 2235 3565 2290 vult

1966 2340 2090 2383 esse
2141 2324 2462 2396 nequitiam,
2493 2340 2602 2394 quo
2633 2324 2906 2394 dejectum
2956 2326 3098 2381 ccelo
3135 2325 3415 2382 diabolum
3468 2342 3571 2383 nec

1741 2441 2060 2501 SCHOLIA.

315 2539 444 2595 247.
491 2540 634 2610 Reg.
669 2539 724 2603 1,
763 2538 820 2605 2,
851 2539 906 2604 5,
940 2537 1084 2593 Vatt.
1120 2539 1172 2603 1,
1195 2537 1252 2605 2,
1277 2539 1443 2610 Aug,
1474 2537 1626 2610 Alb.,
1657 2536 1771 2593 Ott.
1803 2538 1855 2603 1,

248 2610 402 2680 Urb.,
438 2609 634 2680 Rom.,
670 2610 842 2674 Meus,
869 2610 1017 2678 Ald.,
1045 2610 1246 2680 aliique
1273 2609 1426 2672 editi,
1455 2609 1688 2675 Annuat,
1716 2610 1860 2678 quod

250 2682 450 2738 frustra
478 2699 609 2739 esse
641 2684 717 2735 ait
744 2684 1096 2737 Arntzenius.
1134 2682 1251 2748 Ipse
1284 2689 1431 2736 tenet
1461 2681 1688 2743 Atmuet,
1713 2683 1857 2751 quod

250 2754 451 2811 habent
477 2755 661 2811 editio
692 2753 1011 2809 Poelmanni
1034 2795 1049 2814 .
1080 2762 1136 2807 et
1160 2752 1281 2807 alia:
1304 2752 1604 2807 nonnullan
1640 2752 1776 2822 Reg.
1803 2755 1861 2819 4,

249 2827 443 2881 Annuit
477 2843 497 2882 :
529 2826 583 2882 id
616 2824 865 2891 placebat
885 2823 1244 2891 Wopkensio.
1279 2834 1335 2879 ut
1366 2824 1529 2895 paulo
1550 2834 1680 2879 ante
1702 2826 1865 2877 Sanc-

249 2899 479 2965 tiﬁcatur
509 2915 530 2954 :
559 2899 652 2967 qui
676 2898 979 2968 diStinguit,
1005 2895 1072 2951 Ut
1096 2911 1386 2949 mereamur
1410 2911 1526 2968 eum
1546 2912 1639 2949 nos
1671 2898 1864 2949 sancti-

249 2970 401 3040 ﬁcure
426 2968 676 3037 colendo,
705 2997 764 3040 -τ-
798 2967 993 3022 Aimuit
1025 2970 1133 3039 ipse
1155 2968 1318 3035 prior.
1347 2967 1448 3021 Alii
1478 2975 1736 3040 punctum
1763 2983 1861 3037 ap-

249 3038 483 3110 pingnnt
511 3054 635 3113 post
651 3038 886 3095 colendo.
907 3040 1147 3113 Verbum
1160 3054 1386 3113 annuere
1407 3055 1511 3110 pro
1528 3038 1853 3113 concedere,

247 3110 525 3179 tribuere,
578 3113 861 3185 assignare
902 3127 933 3167 a
987 3110 1232 3180 Virgilio,
1281 3110 1601 3185 Prudentio,
1638 3120 1694 3166 et
1731 3111 1856 3169 aliis

249 3198 573 3254 usmpatnr.

315 3253 448 3314 248.
494 3258 633 3325 Reg.
667 3253 723 3323 4,
755 3255 1141 3321 benedicimus;
1171 3254 1290 3325 lege
1315 3255 1687 3309 benedicimur.

312 3329 445 3386 259.
495 3332 630 3400 Reg.
666 3329 719 3393 1,
762 3329 947 3382 Uttob.
981 3330 1029 3392 i,
1070 3328 1320 3400 Adveniet
1348 3344 1565 3398 regnum
1586 3336 1727 3400 tuum
1758 3343 1856 3399 pro

247 3400 425 3456 titulo.
462 3399 668 3456 Decem
716 3404 887 3455 nostri
917 3414 1051 3453 mss.
1081 3415 1203 3452 cum
1242 3399 1452 3466 Ileins.,
1485 3399 1770 3464 Cantabr.,
1801 3409 1858 3456 et

246 3475 436 3543 multis
466 3473 656 3534 editi~,
680 3488 898 3543 regnum
926 3474 1064 3543 jam,
1090 3471 1299 3541 jamque
1322 3470 1513 3543 scilicet
1536 3471 1692 3535 illud,
1725 3486 1853 3541 pro-

243 3542 412 3600 duCIo
447 3560 549 3611 que
574 3547 649 3599 oti
675 3542 1014 3597 sc'dictio’nis
1048 3543 1351 3612 sequentis,
1387 3542 1470 3595 vel
1507 3545 1629 3610 quia
1659 3558 1851 3598 revera

245 3630 541 3671 commune
571 3621 682 3677 est,
713 3624 774 3669 ut
799 3614 909 3683 jam
933 3613 1331 3668 alibi'notatnm
1354 3623 1458 3668 est.
1486 3613 1557 3667 Ita
1591 3614 1754 3668 etiam
1779 3616 1855 3670 le-

244 3699 381 3758 gunt
426 3688 597 3751 Beda,
644 3686 860 3758 eteius
895 3693 1296 3741 commentator
1338 3684 1407 3739 de
1433 3684 1567 3738 Arte
1599 3688 1850 3758 metrica,

244 3756 331 3826 qui
367 3760 583 3821 dicunt,
616 3758 671 3812 in
711 3757 811 3811 hoc
845 3772 1006 3811 versu
1037 3774 1136 3823 quc
1163 3758 1434 3825 positione
1457 3770 1580 3813 csse
1608 3756 1848 3824 longam.

244 3828 423 3898 Inepti
469 3828 683 3885 librarii
719 3828 813 3883 alii
858 3829 1016 3883 aliter
1045 3835 1432 3894 corruperunt.
1467 3826 1651 3881 Ottoh.
1682 3827 1740 3891 2,
1773 3842 1852 3881 res

242 3918 405 3972 gnum
426 3904 547 3974 jam
562 3903 677 3969 jam
699 3918 840 3974 nunc
860 3898 1054 3974 scilicet
1076 3899 1227 3974 i_l_lud.
1258 3898 1486 3974 _Pat'rli.,
1517 3914 1731 3974 regnum
1753 3914 1853 3952 cae-

243 3970 370 4028 leste
410 3970 653 4028 uidelicet
691 3972 845 4027 illud.
888 3971 1055 4034 Mens,
1090 3970 1215 4026 Vat.
1253 3972 1273 4024 Ἰ
1324 3970 1616 4023 τεοιιῐιιίυιοὶ
1662 3984 1847 4037 manu,

243 4048 468 4111 Arntz.,
506 4056 571 4099 ut
602 4043 841 4106 videtur,
880 4051 935 4098 et
965 4043 1151 4108 plures
1180 4041 1337 4105 editi,
1366 4057 1579 4111 regnum
1601 4043 1718 4108 jam
1743 4042 1850 4103 iam

240 4134 444 4188 quoque
484 4116 682 4188 scilicet
721 4113 875 4188 illud.
924 4112 1183 4188 Nonnulli
1232 4115 1478 4188 vulgati,
1529 4128 1850 4188 regnumque

242 4184 388 4243 tuum
408 4191 525 4261 jam
555 4187 749 4261 scilicet
773 4186 925 4240 illud.
950 4185 1086 4261 Ycra
1120 4186 1281 4240 lectio
1303 4184 1613 4261 elegantior
1636 4197 1850 4253 quoque

239 4256 460 4315 tta-teris
505 4256 779 4330 eslalam
810 4262 927 4330 jnm
958 4257 1165 4310 indicat
1207 4273 1334 4330 rem
1355 4256 1764 4330 imminentem,
1797 4265 1852 4309 et

238 4332 503 4386 celeritas
535 4329 713 4398 major
756 4326 1048 4399 indicatur,
1090 4344 1254 4398 quum
1286 4328 1445 4382 alteri
1475 4329 1593 4399 jam
1632 4326 1852 4399 additur

238 4405 561 4471 c0njnnctio
588 4397 706 4471 que.
737 4398 931 4455 Cicero
971 4397 1191 4454 Tuscid.
1228 4400 1265 4453 1.
1298 4416 1337 4462 ι.
1371 4415 1421 4453 c.
1449 4397 1518 4453 7‘:
1556 4397 1683 4453 Cum
1711 4398 1846 4471 dies,

238 4485 290 4529 et
318 4489 489 4529 noctes
511 4470 845 4546 cogitandum
867 4472 950 4531 sit.
965 4475 1102 4546 jam,
1116 4472 1328 4546 jamque
1351 4486 1456 4524 esse
1486 4470 1848 4546 moriendum;

239 4558 296 4600 et
347 4550 383 4599 Ι.
418 4562 507 4600 XIV
537 4540 602 4598 ad
655 4548 843 4608 Attic.,
903 4540 992 4610 ep'.
1045 4545 1141 4597 ult.
1189 4560 1204 4598 :
1245 4540 1545 4612 Quamqum
1574 4540 1684 4607 ipse
1706 4543 1842 4613 jam,

227 4621 446 4690 jamque
471 4618 654 4671 adero.
680 4615 760 4690 Ex,
793 4617 935 4690 notis
964 4614 1342 4690 Nebrissensis
1362 4610 1718 4690 argumenta
1737 4610 1847 4666 alio

238 4683 403 4743 modo
435 4691 637 4756 legisse
672 4705 685 4740 :
718 4689 789 4739 ait
820 4689 964 4742 enim
1000 4704 1013 4739 :
1057 4704 1076 4736 ι
1118 4684 1293 4751 Quod,
1343 4683 1574 4756 subaudi
1604 4699 1838 4753 regnum.

237 4761 322 4816 Ad
373 4755 533 4828 quod,
575 4760 683 4826 ipse
714 4760 1025 4829 respondet.
1068 4775 1085 4808 ι
1125 4757 1179 4811 ln
1229 4755 1491 4823 editione,
1542 4770 1645 4821 qua
1697 4765 1840 4829 utor,

238 4848 345 4887 non
380 4826 603 4886 invenio
629 4834 681 4883 in
714 4826 823 4884 hoc
843 4845 1023 4894 versu,
1043 4844 1140 4898 pro
1168 4844 1272 4898 quo
1305 4842 1372 4898 ea
1398 4837 1480 4881 est
1513 4837 1659 4889 nota,
1681 4826 1838 4894 quod.

237 4904 330 4959 sed
352 4907 468 4976 jam
484 4906 601 4975 jam
625 4918 827 4973 quoque
853 4897 1052 4955 scilicet
1066 4914 1093 4976 _:
1124 4897 1265 4976 noue
1290 4897 1435 4976 enim
1457 4897 1842 4976 Nebrissensis

239 4970 448 5031 recusa:
473 4970 564 5030 hic
590 4970 818 5039 sunt,'et
848 4988 993 5042 saepe
1015 4972 1080 5025 ad
1103 4973 1206 5027 alia
1233 4972 1396 5026 verba
1412 4970 1693 5042 alludunt,
1720 4984 1842 5042 quae

238 5047 296 5101 in
328 5057 479 5102 textu
512 5062 621 5100 non
644 5040 937 5114 apparent.
968 5044 1105 5098 Puto
1135 5043 1320 5113 igitur.
1357 5057 1386 5096 a
1409 5041 1753 5097 Nebrissensi
1789 5040 1841 5094 in

237 5132 332 5172 sua
372 5119 618 5174 editione
650 5115 911 5183 scriptum
954 5114 1126 5169 fuisse
1162 5114 1413 5167 Adveniet
1452 5129 1669 5185 regnum
1699 5115 1838 5185 jam,

236 5190 363 5257 iam.
390 5190 584 5259 Quod?
608 5188 805 5242 scilicet
827 5186 980 5242 illud.
1012 5184 1208 5248 Acute,
1233 5186 1331 5240 sed
1354 5182 1531 5239 minus
1564 5182 1712 5252 vere,
1742 5182 1844 5237 mi-

241 5278 449 5326 nusque
479 5263 784 5327 eleganter.

307 5335 432 5389 251.
468 5326 807 5389 Armzenius
837 5344 959 5385 cum
993 5329 1177 5384 multis
1197 5328 1360 5384 editis
1387 5327 1614 5383 exhibet
1643 5326 1841 5383 Succe-

239 5404 358 5461 dent
377 5450 392 5475 ,
412 5412 473 5462 et
492 5421 560 5461 ex
591 5403 776 5468 Cant.,
800 5401 975 5457 Parrh
1006 5441 1023 5470 ,
1050 5402 1197 5467 Ald.,
1221 5401 1473 5471 aliisque,
1496 5402 1626 5457 citat
1652 5400 1845 5455 Succe-

309 5530 335 5560 ι
373 5521 432 5577 1η
486 5532 598 5576 vet.
628 5518 751 5574 cod.
799 5516 1020 5572 Juretus
1076 5518 1282 5570 invenit
1313 5516 1469 5588 hujus
1499 5533 1594 5589 pro
1652 5514 1833 5589 mundi

239 5595 527 5666 principem
552 5607 572 5657 ;
601 5600 655 5666 et
684 5592 1009 5666 suspicatur,
1041 5597 1320 5666 auctorem
1366 5588 1654 5666 scripsisse
1678 5588 1834 5666 hujus

238 5660 420 5720 mundi
449 5662 862 5736 prapriucipem.
891 5662 1011 5715 Non
1045 5663 1242 5736 placet.
1276 5660 1444 5736 Paulo
1472 5668 1596 5729 post
1621 5660 1839 5727 reliquit

238 5731 564 5807 scripturam
610 5731 925 5807 mendosam
950 5733 1160 5807 veteris
1180 5731 1393 5807 codicis
1420 5748 1514 5785 nec
1532 5745 1698 5786 morte
1717 5742 1841 5807 con.

238 5802 415 5874 stium,
452 5822 554 5877 pro
579 5818 691 5875 quo
734 5803 1050 5859 Gallandius
1071 5802 1292 5872 coojicit
1316 5819 1408 5877 nec
1423 5813 1594 5877 morte
1619 5802 1839 5877 constri-

239 5891 378 5937 ctum
408 5896 427 5934 :
453 5874 545 5935 'ita
576 5874 766 5933 revera
815 5878 1010 5948 legitur
1056 5877 1107 5931 in
1149 5874 1425 5931 nonnullis
1483 5874 1841 5932 Bibliotltecis

1967 2535 2118 2598 dunt,
2142 2533 2285 2604 quod
2317 2533 2498 2588 minus
2523 2539 2732 2604 rectum
2756 2538 2943 2602 putat;
2970 2530 3021 2586 id
3052 2531 3194 2587 enim
3220 2531 3419 2599 innuit,
3441 2547 3566 2589 cum

1965 2607 2042 2661 ait
2070 2603 2180 2661 sine
2208 2606 2529 2660 necessitate.
2556 2603 2737 2675 Nostri
2784 2604 2900 2675 fere
2922 2619 3135 2675 omnes,
3162 2604 3298 2675 Reg.
3332 2608 3386 2671 1,
3414 2606 3471 2671 2,
3504 2605 3560 2672 4,

1967 2678 2023 2741 5,
2046 2676 2213 2748 Ang.,
2259 2677 2407 2739 Alb..
2440 2675 2566 2730 Vat.
2595 2674 2653 2748 2,
2689 2672 2800 2729 Ott.
2824 2674 2881 2740 2,
2936 2674 3110 2748 Meus,
3163 2672 3348 2739 Rom..
3377 2675 3570 2732 Succe-

1970 2751 2122 2815 dunt,
2145 2747 2295 2818 quod
2324 2764 2389 2803 ex
2446 2761 2588 2802 nexu
2634 2747 2943 2818 litterarum
2974 2747 3179 2818 inVat.
3209 2748 3232 2818 1
3268 2751 3430 2802 etiam
3455 2750 3571 2802 col-

1969 2822 2119 2887 ligo;
2153 2816 2205 2875 in
2250 2819 2363 2876 Ott.
2395 2820 2418 2874 1
2470 2818 2705 2874 fortasse
2732 2826 2816 2872 est
2848 2816 3167 2873 Succedant.
3211 2817 3452 2874 Probum
3484 2833 3570 2876 est

1972 2891 2293 2960 Succedunt,
2345 2892 2499 2961 cujus
2546 2891 2726 2961 glossa
2770 2890 2823 2943 in
2880 2888 3016 2960 Reg.
3049 2892 3075 2946 1
3110 2900 3193 2945 est
3214 2891 3562 2952 subveniunt:

1969 2981 2165 3035 nempe
2190 2976 2397 3020 teterno
2428 2964 2521 3018 Dei
2545 2978 2712 3027 regno
2742 2962 2921 3018 omnia
2951 2974 3075 3019 sunt
3123 2967 3430 3032 przcsentia,
3464 2980 3564 3019 ne-

1965 3053 2071 3109 que
2098 3038 2398 3093 succedunt
2422 3048 2690 3107 tempora.

2038 3110 2164 3164 252.
2207 3111 2382 3177 Mens,
2415 3109 2806 3179 Aiternus,pro
2834 3108 2892 3164 d.
2930 3126 3003 3172 ε..
3035 3108 3343 3164 Continuus.

2038 3183 2166 3239 253.
2202 3183 2406 3240 Corona
2454 3198 2553 3254 pro
2608 3192 2809 3237 aeterna
2859 3181 3118 3238 felicitate
3159 3195 3191 3234 a
3242 3178 3567 3242 Christianis

1965 3256 2325 3323 scriptoribus
2356 3257 2499 3310 solet
2527 3254 2797 3309 adhiberi.

2032 3328 2161 3384 255.
2190 3328 2322 3398 Reg.
2351 3330 2404 3392 1,
2427 3328 2539 3383 Ott.
2560 3331 2608 3399 1,
2638 3325 2762 3381 Fiat
2783 3328 3020 3381 uoluntas
3042 3336 3151 3395 tua,
3178 3330 3313 3383 sicut
3334 3328 3388 3383 in
3415 3330 3564 3399 caelo,

1960 3402 2087 3455 etin
2119 3410 2278 3454 terra.
2302 3398 2618 3454 Communis
2640 3401 2909 3468 scriptura
2933 3408 3020 3472 est
3042 3399 3155 3453 Hoc
3175 3401 3390 3472 jugibus
3411 3398 3566 3465 votis,

1961 3480 2213 3541 correpta
2239 3474 2410 3543 prima
2437 3474 2489 3526 in
2526 3472 2773 3544 jugibus,
2807 3469 3025 3544 utalihi
3067 3469 3206 3544 amnt
3247 3469 3567 3529 'Sednlinm.

1960 3544 2119 3598 Cant.
2145 3541 2377 3616 precibus
2411 3559 2507 3612 pro
2524 3541 2761 3616 jugibus.
2796 3541 3080 3616 Cellarius
3115 3543 3366 3600 Fabricio
3394 3544 3574 3616 impu-

1963 3625 2060 3679 tat,
2093 3613 2233 3686 quod
2258 3613 2558 3670 mutaverit
2592 3613 2814 3686 Jugibus
2839 3613 2942 3668 hoc
2978 3615 3133 3675 votis,
3165 3616 3259 3671 sed
3293 3618 3345 3670 in
3375 3613 3509 3685 Reg.
3533 3619 3569 3673 5

1961 3686 2033 3740 ita
2065 3689 2231 3741 etiam
2283 3687 2547 3745 invenio:
2580 3687 2722 3756 quod
2775 3702 2841 3742 eo
2892 3691 3055 3741 etiam
3113 3689 3410 3743 notandum
3462 3700 3567 3750 est.

1958 3759 2085 3827 quia
2121 3757 2207 3810 hic
2234 3757 2405 3811 codex
2449 3757 2541 3811 vix
2592 3773 2848 3826 umquam
2897 3757 3131 3813 discedit
3159 3760 3228 3813 ab
3284 3759 3446 3826 Aldo,
3477 3762 3571 3827 qni

1959 3828 2138 3903 habet
2158 3827 2270 3903 Hoc
2287 3828 2765 3903 jugibus_votis._ln
2789 3829 3042 3903 editione
3071 3831 3403 3903 Ascensiana
3430 3830 3572 3903 Cap-

1958 3901 2140 3967 pnsoti
2178 3898 2397 3953 invenio
2455 3901 2621 3953 etiam
2672 3898 2894 3968 Jugilus
2944 3900 3041 3952 Itoc
3088 3901 3264 3965 uotis;
3313 3898 3567 3958 eamdem

1957 3972 2285 4035 scripturam
2319 3969 2620 4039 praeferunt
2650 3969 2868 4024 srbeda:
2899 3969 3131 4033 Poelm.,
3162 3986 3286 4025 cum
3327 3974 3563 4035 addunt.

1958 4040 2104 4101 Non.
2138 4044 2233 4112 hoc
2254 4040 2492 4112 jugibus.
2525 4041 2664 4103 Reg.
2686 4042 2742 4106 4,
2765 4052 2915 4093 noctu
2941 4058 2960 4105 ;
2983 4044 3195 4111 Corrige
3222 4053 3370 4095 nocte
3408 4048 3566 4100 metri

1955 4114 2152 4184 gratia.
2176 4111 2359 4184 Rom.,
2391 4127 2668 4184 precamur
2698 4128 2718 4177 ;
2750 4114 2926 4165 retine
2960 4127 3251 4184 precemur.

2026 4182 2153 4237 256.
2191 4181 2248 4236 ιιι
2274 4181 2407 4252 Reg.
2440 4184 2474 4237 4
2509 4183 2582 4236 ita
2610 4184 2938 4248 depravatns
2966 4193 3048 4237 est
3076 4182 3160 4237 hic
3190 4184 3569 4247 versulelius

1954 4266 2011 4308 ut
2038 4256 2199 4327 [iutin
2218 4256 2366 4315 caelo.
2390 4263 2438 4308 et
2461 4256 2512 4307 in
2531 4263 2668 4308 terra
2681 4252 3143 4327 voluntas.Codex
3159 4255 3562 4327 Artnz.,lpsius

1954 4338 2056 4400 pro
2088 4326 2266 4381 Illius.
2321 4330 2656 4400 Arntzenius
2705 4326 3165 4400 retinendumait
3211 4325 3370 4400 [llius
3397 4325 3568 4400 ,unia

1955 4398 2073 4470 haec
2095 4414 2196 4453 vox
2223 4396 2505 4470 emphasin
2538 4397 2722 4470 habet.
2742 4413 2864 4451 cum
2892 4397 2960 4452 de
2981 4397 3371 4470 virisjinclytis,
3387 4396 3483 4466 aut
3497 4401 3567 4458 de

1954 4469 2082 4535 diis,
2127 4468 2270 4538 ειμιιά
2316 4477 2531 4523 veteres
2570 4469 2869 4539 scriptores
2926 4466 3202 4536 profanos.
3244 4466 3329 4526 est
3358 4487 3563 4530 sermo.

2026 4541 2154 4614 257.
2192 4541 2246 4594 In
2291 4539 2425 4614 Reg.
2452 4541 2485 4594 4
2517 4541 2734 4595 videtur
2764 4557 2854 4594 ore
2902 4554 3002 4614 pro
3053 4544 3183 4609 esse,
3219 4543 3363 4614 quod
3393 4560 3562 4602 unum

1876 4598 1929 4658 Ῐ)
1954 4613 2271 4683 tenendum.
2304 4598 2487 4683 Ca‘nt”
2536 4614 2832 4683 hostemque
2858 4598 3163 4682 malignum.

2025 4682 2531 4761 258.W«ipkt2nsitts
2558 4682 2815 4761 afﬁrmat,
2865 4684 2917 4738 in
2942 4697 3107 4761 utque
3120 4687 3417 4761 abundare
3434 4708 3556 4761 que,

1954 4769 2061 4830 met
2074 4758 2116 4808 ri
2130 4756 2477 4830 solummodo
2489 4773 2651 4812 causa
2678 4756 2957 4830 injectum,
2975 4768 3040 4830 ut
3059 4757 3250 4813 aliisin
3273 4760 3403 4815 locis
3416 4756 3560 4830 apud

1953 4826 2261 4892 Sedulinm,
2305 4842 2501 4898 nempe
2531 4830 2566 4882 l.
2593 4845 2673 4890 tu.
2708 4843 2846 4881 vers.
2887 4826 2954 4883 89
2988 4844 3002 4893 ;
3034 4829 3072 4883 1.
3101 4845 3178 4896 tv,
3212 4846 3357 4885 vers.
3392 4826 3484 4899 68,
3503 4845 3559 4890 et

1952 4900 2094 4965 apud
2126 4900 2417 4964 Avienum,
2453 4900 2560 4953 fab.
2598 4901 2687 4967 17,
2720 4915 2866 4955 vers.
2928 4900 3015 4954 15.
3050 4900 3310 4958 Fortasse
3337 4913 3392 4956 ut
3424 4901 3563 4961 hanc

1950 4969 2335 5025 difﬁcultatem
2368 4972 2726 5037 declinarent,
2792 4971 3055 5026 librarius
3108 4974 3158 5025 in
3206 4973 3396 5041 Reg.5
3426 4977 3562 5029 scri-

1953 5044 2085 5115 psit,
2110 5049 2169 5096 et
2198 5042 2369 5115 Aldus
2398 5043 2570 5115 edidit
2619 5052 2676 5096 ut
2715 5044 2863 5110 (telo,
2896 5043 2970 5096 sic
3002 5041 3364 5115 pellathumo.
3396 5044 3560 5115 Equi-

1951 5113 2074 5168 dem
2125 5114 2329 5167 nullam
2382 5113 2545 5168 video
2595 5128 2839 5178 Causam,
2896 5129 2995 5168 cur
3025 5115 3096 5168 ita
3145 5113 3397 5170 Sedulius
3447 5113 3557 5173 non

1947 5184 2611 5256 scripseritnRepngnant
2659 5196 2838 5241 tamen
2865 5184 3231 5239 vetustissima
3282 5187 3559 5256 exeinpla-

1947 5257 2052 5320 ria,
2079 5265 2137 5311 et
2165 5255 2422 5309 Sedulius
2466 5273 2571 5311 non
2603 5258 2773 5312 semel
2825 5256 2979 5310 addit
3021 5272 3118 5326 que
3164 5270 3263 5324 pro
3289 5256 3465 5322 etiam,
3497 5270 3559 5316 ut

1948 5326 2183 5382 dicimus
2208 5326 2482 5398 hodieque.
2514 5328 2623 5384 Pro
2674 5344 2739 5383 ne
2768 5330 2883 5383 Ott.
2913 5326 2971 5391 2,
3002 5324 3058 5381 et
3081 5324 3244 5381 Rom.
3272 5341 3299 5379 a
3335 5342 3419 5397 pr.
3453 5345 3556 5398 m.,

1950 5415 2063 5452 nec.

1941 5513 2190 5572 Patrum.
2213 5528 2312 5568 nec
2335 5513 2495 5572 facile
2509 5518 2857 5570 mutaverint.
2890 5512 2968 5565 Ita
2989 5509 3153 5566 etiam
3183 5512 3395 5567 retineo
3417 5516 3559 5575 intra

1945 5588 2168 5640 adorato
2190 5584 2397 5639 Christo
2429 5605 2490 5641 ex
2517 5586 2777 5641 Biblioth.
2803 5582 2978 5644 Patr.,
3008 5597 3104 5647 pro
3126 5597 3234 5649 quo
3256 5582 3479 5640 Juretus
3506 5599 3564 5644 et

1947 5654 2272 5713 Gallandius
2302 5670 2422 5712 cum
2455 5671 2563 5714 vet.
2590 5658 2708 5712 cod.
2741 5656 2924 5724 legunt
2955 5658 3173 5708 odorato
3194 5651 3418 5712 Christo.
3447 5658 3558 5715 Re-

1950 5739 2038 5855 ἳιθ
2068 5728 2289 5783 Juretus
2312 5730 2567 5786 mendum
2598 5727 2779 5797 prwlia
2808 5730 2969 5782 victor
3009 5725 3251 5780 correxit
3281 5741 3378 5798 per
3420 5747 3559 5802 prta.

1974 5816 2024 5854 ιο
2051 5802 2233 5855 victor.

1974 5801 2024 5854 io
2051 5802 2233 5855 victor.
