4038 6312
456 278 558 335 631

601 495 836 560 Deserit,
864 495 944 551 ire
972 494 1107 550 sinit
1140 512 1151 548 :
1188 508 1310 548 nam
1343 489 1588 562 quisquis
1610 490 1741 547 retia
1772 491 1957 548 mundi

599 589 870 645 Deliciosa
900 602 1159 658 sequens,
1189 587 1369 651 luxus,
1398 594 1455 641 et
1480 583 1673 655 gaudia
1702 584 1915 639 blandae

597 681 926 739 Perditionis
956 691 1125 748 amat,
1158 680 1299 735 Deus
1331 680 1494 745 hunc,
1527 679 1741 734 virtutis
1765 688 1999 746 amator,

607 775 850 847 Linquit,
883 784 939 831 et
975 774 1300 847 ingreditur,
1330 790 1434 843 qua
1464 789 1524 830 se
1554 773 1782 829 tentatio
1812 771 1980 828 ducit.

456 867 564 924 285
600 869 684 924 Ab
717 868 816 924 hac
845 885 975 940 ergo
1004 869 1196 939 pedem
1228 879 1377 924 retro
1405 868 1685 935 faciamus,
1717 874 1776 922 et
1803 876 2018 922 arctum

601 963 765 1035 235
802 961 982 1019 Corde
1036 972 1281 1033 petamus
1330 960 1455 1030 iter,
1507 961 1686 1017 tenuis
1733 976 1838 1033 qua
1860 961 2053 1016 semita

1695 1054 1988 1127 [monstrat

596 1153 681 1209 Ire
706 1168 806 1223 per
833 1162 1118 1224 angustam
1148 1167 1315 1224 regna
1342 1152 1410 1208 ad
1442 1151 1688 1209 coelestia
1714 1161 1948 1222 portam.

675 1249 733 1306 Si
765 1249 1016 1321 cupimus
1046 1249 1221 1304 vitare
1249 1249 1486 1315 malum,
1516 1247 1782 1304 debemus
1807 1246 1993 1310 adire,

604 1340 921 1413 Sectarique
945 1342 1178 1408 bonum;
1205 1341 1292 1397 hic
1310 1342 1436 1413 quia
1453 1341 1668 1408 liberat,
1686 1341 1775 1397 ille
1792 1338 2058 1395 trucidat:

1837 277 2059 338 οοειιι
2097 279 2368 337 SEDULII

450 398 559 456 280
594 400 653 456 In
696 401 916 471 laqueos
953 401 1213 457 tentantis
1242 408 1383 469 agat,
1417 397 1511 453 sed
1534 413 1656 453 cum
1689 399 1828 454 inata
1861 409 2049 455 nostra
2077 398 2263 475 A290
2299 398 2399 455 Hic
2444 398 2541 454 alit
2574 439 2589 466 ,
2639 397 2729 454 ille
2781 404 2942 455 necat
2992 414 3005 452 :

3650 283 3755 342 6'53

3064 412 3190 454 nam
3251 408 3515 472 quantum
3568 398 3749 457 sidera

3477 492 3679 567 [terris,

2306 585 2449 653 Ignis
2487 584 2667 656 aquis,
2700 584 2881 642 lumen
2911 587 3174 654 tenebris,
3214 586 3511 644 concordia
3572 588 3747 656 bellis,

2305 678 2430 735 Vita
2461 679 2780 750 sepulturis,
2809 689 3016 736 tantum
3057 682 3202 738 bona
3232 680 3448 751 longius
3488 679 3684 736 absunt

2306 770 2608 828 Dissociata
2666 772 2846 829 malis.
2909 774 3167 829 Dextrum
3229 773 3602 844 quicumque,
3655 788 3753 831 ne-

3379 866 3557 940 [cesse
3580 878 3683 933 est,

2304 962 2412 1016 Aut
2442 960 2636 1016 lievum
2666 959 2947 1031 gradiatur
2974 960 3098 1016 iter.
3132 959 3239 1017 Sed
3266 959 3467 1016 dextra
3494 961 3754 1018 bonorum

2160 1054 2266 1111 295
2306 1053 2469 1127 236
2503 1052 2708 1111 Semita
2745 1055 3074 1126 conspicuos
3105 1063 3263 1111 vocat
3308 1057 3364 1110 ln
3410 1069 3513 1111 sua
3569 1055 3757 1127 gaudia

3470 1148 3686 1223 Utlslos,

2308 1243 2475 1314 Inque
2501 1252 2644 1312 tuos,
2671 1243 3018 1310 Patriarclia,
3052 1244 3226 1300 sinus:
3252 1254 3309 1299 at
3329 1245 3468 1301 lieva
3492 1244 3755 1303 malorum

2313 1336 2547 1397 Exercet
2580 1352 2789 1407 ptenas,
2821 1345 2876 1393 et
2900 1336 2967 1393 ad
2996 1337 3158 1409 impia
3190 1347 3393 1394 tartara
3425 1338 3611 1394 mittit.

1800 1454 1982 1512 OPUS
2023 1453 2410 1511 PASCHALE.

456 1573 548 1642 qui
592 1572 731 1628 lucis
752 1574 870 1645 ;via,
904 1574 1047 1640 pacis
1072 1582 1126 1628 et
1152 1573 1367 1642 semita,
1399 1574 1453 1629 in
1480 1573 1701 1645 laqueos
1731 1587 2056 1642 quemquam

458 1668 777 1720 teutationis
826 1667 1075 1732 inducat,
1126 1670 1221 1723 sed
1271 1668 1571 1723 abhorrens
1612 1667 1810 1721 divinis
1837 1666 2057 1722 monitis

457 1776 566 1815 non
599 1771 885 1831 parentes,
917 1779 1040 1817 cuin
1077 1778 1173 1818 eos
1206 1764 1451 1830 deserit,
1500 1763 1728 1817 introire
1770 1760 2055 1833 permittit.

457 1851 660 1907 Omnes
682 1853 849 1920 cnim,
882 1854 975 1925 qui
1005 1854 1209 1909 lubrica
1244 1865 1517 1910 sectantes
1546 1854 1729 1909 mundi
1776 1856 2020 1924 contagia
2040 1896 2055 1921 ,

456 1944 666 1999 retibus
704 1944 983 1999 deliciosis
1031 1945 1245 2009 inclusi,
1282 1947 1440 2001 luxus
1483 1947 1693 2001 hlandze
1743 1945 2058 2016 perditionis

2164 1571 2399 1642 antiquae
2425 1579 2599 1626 actus.
2643 1569 2884 1641 Namque
2928 1569 3135 1626 fructus
3182 1569 3412 1642 intelligi
3455 1571 3760 1643 evangelica

2166 1664 2329 1720 lectio
2377 1662 2708 1733 declaravit,
2749 1663 2840 1718 tibi
2893 1664 3151 1720 Dominus
3198 1666 3377 1720 varias
3426 1665 3757 1721 diversorum

2167 1769 2376 1816 mentes
2424 1761 2697 1831 aperiens,
2729 1776 2794 1815 ex
2819 1760 2932 1815 suis
2961 1775 3232 1830 quemque
3266 1758 3551 1827 fructibus,
3582 1759 3632 1815 id
3660 1772 3759 1828 εει,

2165 1871 2231 1912 ex
2264 1856 2703 1926 opet'ibusjussit
2730 1854 2971 1925 agnosci,
3007 1854 3231 1910 dicens:
3272 1854 3354 1908 Ex
3390 1854 3643 1921 fructibus
3681 1871 3762 1908 eo-

2165 1967 2281 2003 rum
2301 1949 2618 2020 cognoscetis
2642 1965 2745 2002 eos.
2770 1946 3045 2017 Siquidem
3066 1957 3261 2018 quanta
3286 1948 3544 2002 distantia
3568 1947 3759 2003 caelum

458 2037 741 2097 aﬂ‘ectant.’
768 2055 796 2092 a
830 2038 1081 2105 Domino,
1120 2040 1211 2109 qui
1244 2056 1391 2111 pura:
1435 2040 1649 2095 virtutis
1695 2050 1906 2094 amator
1952 2048 2056 2106 est,
2090 2033 2139 2094 B
2163 2051 2445 2113 separatur
2468 2055 2497 2094 a
2528 2041 2711 2107 terris,
2743 2039 2884 2110 ignis
2914 2039 2982 2094 ab
3010 2042 3185 2110 aquis,
3221 2039 3400 2094 lumen
3430 2055 3458 2092 a
3505 2040 3772 2107 tenebris,‘

458 2130 729 2197 ilerelicti,
765 2141 994 2202 pergunt
1018 2133 1247 2202 ingredi,
1277 2147 1382 2203 qua
1409 2147 1466 2185 se
1491 2133 1716 2186 tentatio
1739 2133 2060 2201 voluptuosa

459 2226 809 2292 pertraxerit.
842 2224 925 2279 Ab
971 2227 1069 2279 hac
1108 2225 1271 2297 igitur
1301 2226 1491 2295 pedem
1524 2237 1671 2281 retro
1703 2226 1938 2280 nitamur
1968 2226 2062 2280 ab-

460 2316 681 2383 ducere,
714 2319 961 2373 semitam
992 2320 1169 2388 potius
1195 2327 1539 2375 conterentes
1567 2328 1849 2390 angustam
1871 2359 1885 2385 ,
1938 2333 2060 2388 qua:

461 2411 614 2464 tenui
666 2411 806 2467 calle
858 2412 1041 2467 multis
1100 2412 1371 2483 incognita
1402 2413 1716 2477 fcmlestium
1768 2428 2058 2484 regnorum

461 2503 605 2558 subit
633 2508 899 2559 ‘arduam
948 2506 1178 2562 latenter
1216 2506 1282 2562 ad
1316 2516 1547 2579 portam.
1586 2508 1692 2563 Sed
1723 2508 1883 2563 tibera
1911 2526 2000 2564 nos
2030 2526 2060 2563 a

458 2598 620 2653 malo.
653 2598 786 2654 Cum
818 2600 1032 2655 liberari
1067 2617 1166 2657 nos
1192 2617 1221 2657 a
1251 2603 1394 2658 malo
1421 2603 1805 2675 deprecamur,
1860 2605 2059 2660 bonum

461 2705 604 2759 esse,
637 2708 795 2763 quem
826 2694 1081 2764 petimus,
1114 2705 1172 2751 ut
1201 2711 1300 2751 nos
1328 2696 1542 2763 liberet,
1572 2697 1917 2755 confitemur.
1952 2699 2061 2756 Nec

461 2785 734 2843 immerito
764 2789 1053 2845 sectandas
1085 2791 1209 2857 iste,
1238 2793 1331 2863 qui
1368 2792 1593 2860 liberat,
1645 2795 1734 2849 ille
1780 2794 2062 2866 fugiendus

458 2890 563 2948 est,
594 2884 684 2953 qui
715 2885 964 2941 trucidat.
993 2887 1049 2942 ln
1076 2886 1180 2943 hoc
1205 2888 1352 2943 enim
1385 2904 1484 2959 per
1515 2888 1689 2944 bonos
1717 2890 1925 2946 fructus
1970 2908 2061 2946 ar-

456 2974 621 3037 bores
649 2979 773 3036 vitte
795 2979 847 3049 δ,
879 2981 932 3037 in
962 2982 1054 3038 illo
1082 2997 1177 3054 per
1213 2982 1385 3041 malos
1413 2983 1566 3040 radix
1599 2984 2064 3055 praevaricationis

2172 2150 2270 2205 pax
2310 2149 2340 2188 a
2378 2133 2568 2201 bellis,
2598 2133 2703 2187 vita
2749 2131 3098 2187 nihilominus
3130 2142 3151 2170 ο
3184 2148 3213 2186 a
3243 2132 3531 2203 sepulcris,
3563 2144 3758 2187 tantum

2171 2244 2377 2299 tnagiize
2399 2227 2717 2282 reinotionis
2746 2227 3002 2281 abscessu
3027 2225 3240 2297 longius
3271 2224 3414 2281 bona
3440 2223 3761 2280 discernun-

2170 2331 2257 2377 tur
2286 2336 2316 2375 a
2345 2321 2517 2375 malis.
2549 2320 2754 2390 Duplex
2783 2320 2981 2374 etenim
3011 2334 3228 2390 semper
3255 2319 3453 2375 electio
3497 2318 3761 2374 delibera-

2173 2415 2332 2470 tionis
2363 2423 2564 2469 nostrte
2601 2412 2887 2468 famulatur
2917 2412 3175 2477 arbitrio,
3223 2427 3331 2484 quo
3383 2412 3470 2468 vel
3518 2412 3757 2467 dextrum

2172 2519 2453 2566 teneamus
2483 2508 2779 2575 tramitem,
2811 2507 2897 2562 vel
2928 2507 3227 2573 sinistrum;
3258 2522 3366 2562 non
3411 2506 3584 2579 ignari
3604 2550 3619 2575 ,
3667 2521 3759 2563 nec

2166 2604 2347 2674 dubii,
2395 2603 2637 2659 dextram
2686 2604 2935 2659 semitam
2989 2617 3112 2658 esse
3136 2604 3408 2673 justorum
3443 2605 3497 2659 in
3529 2602 3756 2659 Abrabie

2168 2699 2501 2757 Patriarcltte
2546 2700 2668 2753 sinu
2714 2697 3051 2754 laetantium:
3086 2697 3276 2752 lievam
3302 2713 3435 2753 vero
3484 2697 3760 2768 profundis

2165 2793 2453 2865 impiorum
2482 2792 2758 2864 suppliciis
2784 2792 3114 2863 deputatam.
3144 2790 3302 2847 Unde
3333 2791 3517 2847 nullus
3545 2792 3611 2848 ad
3631 2792 3761 2848 alte-

2167 2904 2285 2944 rum
2310 2885 2336 2925 ἀ
2370 2903 2466 2959 per
2498 2896 2605 2941 tam
2638 2886 2842 2957 grande
2870 2886 3067 2952 cbaos,
3100 2895 3154 2940 et
3183 2884 3431 2955 abruptae
3472 2885 3632 2942 molis
3669 2887 3761 2941 im-

2168 2996 2416 3039 mensum
2450 2981 2627 3037 valeat
2656 2991 2993 3036 transmeare
3008 2979 3332 3051 periculum.
3357 2979 3485 3036 llaec
3508 2980 3761 3053 estigitur

1954 3117 1958 3121 ‘
2001 3097 2321 3158 SCHOLIA.

476 3258 480 3265 .
534 3212 659 3270 280.
702 3212 761 3289 In
795 3212 905 3269 Ott.
940 3230 979 3275 ι.
1010 3229 1079 3272 ex
1105 3223 1231 3288 agat
1261 3214 1481 3271 videtur
1506 3216 1710 3272 factum
1756 3218 1885 3289 agit,
1919 3218 2065 3289 quod
2091 3220 2137 3282 C
2169 3216 2313 3289 quod
2346 3227 2523 3272 metro
2551 3223 2903 3287 congrueret,
2930 3216 3219 3287 referamus
3248 3234 3266 3272 :
3296 3215 3395 3273 sed
3428 3220 3592 3276 verba
3622 3220 3764 3277 codi-

464 3293 609 3340 stare
636 3285 856 3356 quidem
892 3296 1090 3356 potest.

533 3355 663 3411 284.
704 3355 900 3413 Ottob.
937 3374 984 3421 ι,
1031 3355 1288 3430 Linquet,
1335 3367 1651 3415 correctum
1698 3359 1898 3415 ibidem
1944 3358 2069 3415 Liu-

466 3430 595 3496 quit.

535 3499 664 3555 285.
706 3500 1002 3565 Cellarius,
1035 3511 1089 3556 et
1128 3503 1462 3558 Arntzenius
1508 3502 1796 3557 ediderunt
1828 3501 1940 3555 Nos
1969 3503 2068 3559 hac

462 3586 584 3642 ergo
615 3571 796 3641 pedem
828 3584 963 3627 retro
986 3572 1333 3642 abducamus,
1357 3584 1406 3629 et
1427 3584 1645 3628 arctum.
1674 3574 1752 3628 Ex
1782 3590 1883 3627 tus.
1916 3573 2063 3642 Lips.

465 3644 697 3716 st‘iii‘tpsit
726 3644 993 3716 (lellarius
1028 3643 1137 3697 Nos
1165 3649 1285 3707 hac,
1314 3647 1407 3716 qui
1435 3656 1632 3700 Contra
1665 3656 1897 3699 metrum
1942 3661 2067 3702 esse

463 3711 599 3765 dicit
623 3712 696 3764 Ab
731 3712 851 3767 hac.
895 3715 961 3769 Ut
1002 3715 1128 3769 huic
1174 3711 1520 3772 incommodo
1562 3726 1872 3778 occurrant,
1906 3719 2069 3772 Arat-

463 3790 672 3858 zen._e_t
725 3784 874 3858 Meus
903 3786 1165 3840 exhibent
1199 3788 1279 3841 Ea:
1322 3791 1441 3842 liac.
1487 3789 1589 3843 Pro
1622 3799 1759 3842 retro
1790 3788 2061 3858 faciamus,

463 3854 609 3921 quod
643 3854 695 3907 in
727 3857 1007 3928 codicibus
1056 3857 1281 3928 scriptis
1326 3869 1601 3928 repertum
1650 3854 1922 3913 Cellarius
1968 3861 2071 3915 dit-

462 3940 583 3979 ruat
626 3926 975 3999 egistiinabat
1002 3972 1015 3993 ,
1060 3926 1305 3999 reposuit
1333 3926 1403 3986 es
1460 3932 1625 3985 Prosa
1670 3942 1809 3984 retro
1841 3930 2070 3985 abduca-

466 4013 601 4070 mus.
652 3996 741 4053 Sic
772 3998 1028 4070 Virgilius
1062 4004 1095 4053 l.
1125 3996 1195 4069 'v,
1231 4007 1375 4057 ve‘rs.
1408 4002 1517 4058 438
1538 4046 1550 4065 ,
1600 4004 1872 4057 Abduxere
1906 4015 2065 4058 retro.

462 4069 531 4121 At
568 4069 909 4125 Burinaiinus
938 4073 1184 4127 defendit
1214 4085 1349 4127 retro
1382 4076 1635 4138 faciamus
1651 4090 1716 4129 ex
1745 4074 2067 4130 Casaubono

466 4141 876 4215 adAStlelonilllll
909 4145 1140 4215 August.
1173 4161 1293 4214 cap.
1337 4147 1425 4203 16.
1471 4150 1642 4201 Aliter
1674 4148 1815 4199 hunc
1849 4162 2065 4202 versum

466 4210 1023 4286 reforinaruntedil.‘
1051 4210 1282 4284 Poelm.,
1339 4216 1490 4283 Bis.,
1550 4217 1739 4281 Fahr.,
1790 4217 1961 4271 'l‘orn.
2008 4221 2063 4286 5,

464 4282 602 4361 Bibl.
635 4287 880 4354 Lugdun.
932 4282 1447 4361 PatrumLJugibus
1489 4291 1625 4343 hanc
1674 4291 1832 4361 igitur
1879 4282 2066 4343 studiis

464 4354 713 4419 vitemus,
740 4368 789 4409 et
826 4367 1051 4411 arctam.
1102 4354 1507 4415 Melius'autem
1555 4354 1714 4414 essef
1751 4361 1817 4413 ad
1862 4362 2065 4416 Sedulii

465 4432 788 4503 consuetum
822 4430 1094 4503 scribendi
1142 4446 1350 4503 morem
1385 4442 1747 4495 transnouere
1785 4430 1941 4484 Hanc
1968 4433 2067 4503 igi-

462 4503 550 4566 tur
591 4497 796 4566 iugibus
839 4501 1054 4563 studiis,
1101 4511 1163 4555 ut
1211 4502 1463 4557 observat
1511 4502 1885 4557 Arntzenius:
1940 4497 2064 4557 nam

463 4565 731 4643 Sedulius
761 4570 989 4636 primatu
1029 4571 1081 4625 in
1103 4572 1249 4643 jiigis
1282 4576 1565 4643 corripere
1593 4577 1757 4628 Solet.
1794 4571 1936 4627 Vera
1967 4591 2064 4627 au-

471 4646 583 4692 tem
626 4640 895 4708 scriptura
938 4654 1052 4706 est,
1095 4640 1255 4708 quam
1304 4640 1575 4698 Cellarins
1624 4654 1680 4699 et
1735 4645 2060 4701 Arntzenius

461 4723 581 4785 sine
627 4711 955 4785 necessitate
986 4715 1268 4779 ili-serunt,
1314 4713 1387 4785 Ab
1413 4713 1511 4767 hac
1534 4731 1657 4785 ergo
1698 4716 1877 4783 pedem
1923 4725 2059 4770 retro

468 4780 745 4855 faciamus.
806 4782 881 4837 Ita
932 4799 1064 4855 mss.
1114 4786 1287 4838 nostri
1328 4784 1465 4853 Reg.
1500 4787 1563 4848 1,
1593 4780 1664 4847 ’2,
1698 4780 1752 4850 λι,
1787 4786 1840 4842 5.
1872 4788 1981 4840 Ott.
2015 4805 2057 4855 ι,

458 4852 515 4928 _2,
554 4851 698 4928 V_att.
737 4860 753 4906 ι
788 4894 801 4913 .
836 4854 1082 4928 2,_Urb.,
1117 4856 1297 4921 Rom.,
1354 4851 1519 4928 At‘ig”
1574 4856 1741 4928 ΑΗ)-
1774 4872 1895 4910 cum
1928 4851 2057 4914 alibi

462 4921 686 4995 laudato
718 4921 1113 4995 vetustissimo,
1142 4938 1200 4980 ut
1225 4921 1468 4995 videtur:
1491 4929 1681 4984 codice
1703 4927 2055 4993 Taurinensi;

462 4991 686 5057 Parrli.,
717 4994 877 5062 Alilo,
912 5007 967 5050 et
996 4998 1117 5069 aliis
1139 5000 1317 5054 editis.
1352 5000 1428 5054 Ab
1452 4991 1779 5069 producitur
1810 5002 1880 5052 ob
1909 4991 2056 5069 aspié

461 5075 732 5142 rationein
753 5068 1038 5142 _5eqiieii_tis
1068 5070 1213 5142 vocis
1257 5072 1374 5133 hac,
1407 5068 1527 5142 qua:
1559 5074 1666 5127 vim
1696 5073 2053 5127 consimantis

453 5133 644 5195 habet,
681 5133 913 5192 velut—ad
950 5139 1327 5206 Prudentium,
1362 5133 1732 5209 Dracontion),
1761 5155 1815 5197 et
1843 5143 2050 5197 Juven-

453 5219 580 5283 cunt
609 5222 754 5273 saepe
776 5213 993 5283 inontti.
1046 5212 1225 5268 Minus
1260 5216 1483 5283 quidem
1518 5217 1771 5270 usitatum
1799 5225 1879 5270 est
1911 5224 2051 5270 retro

452 5277 635 5347 pedem
678 5280 957 5350 faciamus,
1012 5300 1172 5355 quam
1220 5277 1360 5338 retro
1408 5287 1587 5355 pedem
1637 5287 1886 5355 feramus,
1928 5300 2041 5354 aut,

536 5408 562 5436 ει
596 5397 653 5453 In
682 5401 865 5455 multis
897 5401 1243 5457 bthiOIlieeis
1275 5401 1496 5455 Patrum
1525 5402 1694 5454 subdit
1720 5418 1737 5454 :
1765 5403 1861 5457 sed
1907 5403 2057 5461 vide-

463 5480 553 5525 tur
580 5484 702 5524 cum
732 5472 1016 5526 Gallattdio
1049 5474 1335 5539 legendum
1368 5472 1524 5525 subit.

536 5540 561 5578 δ
592 5540 646 5593 lo
679 5550 787 5597 vet.
810 5545 933 5596 cod.
967 5554 1085 5597 erat
1106 5545 1341 5597 arborem
1368 5547 1523 5597 vine:
1558 5542 1608 5595 in
1658 5545 1936 5599 nonnullis
1968 5546 2049 5600 bi-

457 5610 748 5666 bliothecis
799 5614 1014 5668 Patrum
1055 5619 1263 5669 arbores
1291 5616 1424 5668 viae.
1475 5612 1789 5669 Gallandius
1843 5616 2049 5681 profert

458 5682 611 5734 arbor
641 5684 775 5737 viae.
812 5686 1065 5741 Fortasse
1101 5688 1417 5750 pra-stiterit
1441 5688 1742 5739 rescribere
1771 5686 1925 5741 arbor
1969 5700 2044 5743 est

455 5753 593 5806 vitw.
628 5754 845 5810 Juretus
878 5772 1067 5813 vorem
1100 5767 1244 5811 actus
1274 5758 1440 5813 videri
1471 5767 1780 5821 susriectam
1804 5760 1897 5812 ait.
1935 5759 2040 5815 Re-

447 5827 601 5890 ponit
624 5822 959 5893 Galtanditts,
994 5829 1309 5899 legendum,
1374 5830 1458 5884 vel
1487 5827 1898 5899 intelligendum
1942 5848 2035 5900 per

2090 4614 2142 4670 υ
2167 4575 2519 4670 gnilic'altione
2542 4576 2674 4629 satis
2703 4576 2883 4670 olivi‘a.
2928 4578 3008 4630 Ex
3036 4577 3213 4658 glossa
3248 4591 3279 4631 e

2171 3305 2317 3354 cuin,
2350 3305 2473 3357 qua:
2499 3289 2720 3345 retineri
2756 3298 3003 3359 possunt.
3038 3289 3237 3343 mutari
3272 3304 3377 3343 non
3410 3290 3629 3347 debent.
3664 3291 3764 3348 Du-

2172 3361 2332 3414 bitari
2363 3365 2526 3416 etiam
2560 3370 2756 3431 potest,
2786 3377 2853 3415 an
2881 3361 3136 3416 Sedulius
3168 3360 3353 3428 plirasi
3394 3362 3612 3417 nautica
3644 3379 3764 3419 usus

2172 3431 2338 3487 fuerit
2372 3447 2384 3485 :
2419 3450 2541 3486 nam
2586 3436 2759 3504 facere
2789 3432 2969 3504 pedem
3010 3438 3096 3485 est
3125 3433 3303 3487 velum
3341 3435 3678 3504 expandere,
3711 3447 3763 3491 ut

2171 3513 2390 3577 ventum
2421 3505 2719 3577 concipiat,
2767 3505 3014 3559 extensis
3057 3505 3181 3559 imis
3231 3504 3475 3577 funibus,
3530 3508 3624 3577 qui
3674 3522 3764 3577 pes

2174 3578 2280 3630 veli
2309 3576 2589 3630 dicuntur.
2623 3575 2882 3630 Fortasse
2925 3590 3055 3646 ergo
3100 3575 3243 3643 apud
3298 3575 3585 3633 Sedulium
3632 3575 3761 3634 retro

2172 3647 2345 3715 facere
2372 3652 2554 3719 pedem
2582 3657 2668 3701 est
2696 3662 2916 3715 navent,
2955 3663 3050 3701 seu
3083 3662 3303 3701 cursum
3339 3650 3390 3700 in
3432 3656 3759 3705 contrariam

2173 3728 2378 3787 partem
2408 3720 2668 3785 dirigere.
2695 3720 2809 3786 Qua
2838 3719 3202 3787 extilicatione
3243 3719 3563 3789 metaphora
3595 3722 3651 3777 in
3680 3737 3759 3778 se-

2171 3791 2466 3860 quentibus
2499 3790 2750 3845 nonniliil
2782 3793 2975 3845 variat.

2239 3861 2366 3916 9.87.
2413 3861 2668 3917 Fortasse
2716 3862 3018 3916 imitatione
3073 3861 3297 3917 .luvenci
3357 3862 3458 3925 l.t,
3507 3864 3648 3929 717,
3691 3865 3755 3920 al.

2171 3931 2279 4005 685
2306 3931 2433 4005 ενΙεε
2461 3950 2553 4004 ρει·
2580 3943 2873 4005 angustam,
2899 3935 3052 4005 justi,
3082 3951 3242 4005 supra
3268 3934 3440 3989 sidera
3471 3946 3690 4004 portam.

2242 4004 2371 4059 288.
2436 4005 2567 4073 lteg.
2610 4006 2672 4071 1,
2710 4004 2967 4059 Ottobon.
3011 4007 3074 4072 1,
3134 4004 3324 4059 Libera
3377 4024 3471 4060 nos
3520 4025 3552 4059 a
3601 4010 3752 4062 malo.

2171 4076 2348 4148 Meus,
2376 4074 2437 4131 Si
2463 4078 2777 4148 cupiamus:
2827 4075 2986 4131 metri
3015 4077 3099 4130 lex
3147 4080 3341 4147 poscit,
3386 4078 3449 4133 Si
3503 4081 3755 4145 cupimus.

2170 4146 2277 4201 Pro
2318 4146 2539 4202 diabolo
2585 4148 2810 4202 adhibet
2860 4148 3161 4204 masculino
3202 4163 3405 4218 genere
3448 4151 3675 4217 malum,
3708 4162 3760 4206 ut

2168 4233 2313 4273 vers.
2346 4234 2461 4289 seq.
2492 4234 2589 4289 pro
2619 4219 2729 4273 Deo
2759 4220 2971 4274 bonum.

2240 4236 2313 4273 rs.
2346 4236 2421 4272 sei
2450 4259 2461 4271 .
2492 4236 2589 4289 pro
2619 4236 2729 4273 ueo
2759 4236 2971 4274 bonum.

2239 4289 2367 4345 293.
2405 4236 2477 4362 Ain
2529 4291 2659 4360 lteg.
2696 4293 2751 4356 4,
2802 4294 3016 4345 videtur
3059 4304 3183 4362 esse
3257 4292 3395 4345 man
3442 4308 3542 4362 pro
3592 4296 3754 4349 malis.

2168 4359 2357 4425 Fabr.,
2393 4358 2686 4425 Cellariiis,
2739 4377 2861 4417 cum
2896 4380 3027 4417 mss.
3060 4361 3206 4430 Lips.
3238 4408 3251 4430 ,
3286 4358 3509 4431 lleins.,
3544 4365 3755 4432 Arntz.,

2170 4434 2498 4503 cuicumque.
2523 4434 2666 4503 quod
2695 4433 2816 4500 W0;
2839 4432 3060 4488 kensius
3092 4445 3145 4488 et
3170 4432 3456 4490 Grunerus
3478 4438 3755 4493 damnant.

2169 4503 2362 4580 Melius
2387 4506 2604 4580 quidem
2630 4517 2752 4580 _est_
2781 4507 3088 4580 quicumque
3136 4520 3235 4575 pro
3289 4509 3647 4580 unusquisque
3691 4511 3759 4563 si-

3284 4592 3379 4650 r_go
3409 4578 3465 4632 in
3522 4578 3657 4650 Reg.
3703 4582 3755 4644 5,

2169 4592 2519 4644 gmncauone
2542 4592 2674 4629 satis
2703 4592 2883 4631 onvta.
2928 4592 3008 4630 ex
3036 4592 3213 4647 glossa
3248 4592 3379 4701 erlgo
3409 4594 3465 4632 ιιι
3522 4592 3657 4650 Heg.
3703 4592 3755 4644 5,

2169 4659 2223 4700 et
2272 4647 2397 4700 Ald.
2446 4649 2717 4702 intrusum
2760 4657 2846 4703 est
2891 4648 3275 4720 unusquisque.
3347 4653 3555 4720 lerique
3595 4652 3757 4706 nostri

2169 4732 2300 4794 rn~s.
2335 4734 2456 4773 cuin
2488 4721 2681 4794 Parrh.
2710 4732 2764 4773 et
2791 4720 3037 4788 plurimis
3065 4721 3189 4774 aliis
3214 4719 3405 4789 editis,
3431 4719 3756 4794 quicumque.

2166 4788 2276 4843 Arn
2306 4807 2353 4843 z.
2395 4808 2596 4845 necesse
2618 4793 2738 4845 sine
2759 4802 2853 4846 est.

2235 4859 2361 4916 294.
2397 4865 2508 4917 Uit.
2543 4865 2595 4927 1,
2632 4861 2699 4917 Ut
2725 4880 2745 4929 ;
2767 4860 3021 4933 emenda,
3056 4864 3179 4916 Aut.
3211 4863 3384 4933 Meus,
3408 4867 3755 4935 gradiantur;

2162 4936 2337 4986 retine
2366 4936 2659 5003 gradiatur.

2231 5003 2358 5058 296.
2392 5004 2607 5079 Iteg.
2646 5004 2815 5079 Inque
2845 5014 2933 5079 tuo
2969 5006 3117 5060 sinus
3160 5006 3406 5079 paradise
3438 5026 3456 5063 :
3505 5012 3600 5065 sed
3650 5009 3756 5064 for-

2159 5082 2308 5127 tasse
2335 5079 2507 5130 voluit
2538 5076 2789 5131 librarius
2817 5076 2883 5129 ad
2919 5082 3075 5132 metri
3107 5076 3374 5148 ra'ttouem
3411 5082 3578 5148 Inque
3609 5095 3718 5136 tuos
3740 5124 3752 5145 ,

2164 5148 2428 5219 paradise,
2478 5149 2641 5202 sinus.
2672 5147 2955 5203 Sententia
2991 5150 3230 5219 postulat
3260 5147 3575 5208 Patriarcha
3602 5172 3619 5209 :
3649 5169 3754 5209 ser.

2159 5233 2248 5272 nio
2279 5218 2424 5273 enim
2457 5230 2542 5274 est
2572 5221 2640 5276 de
2672 5221 2794 5273 sinu
2825 5218 3122 5277 Abraham.

2164 5407 2594 5485 inulas....acti_is.
2620 5407 2703 5485 Ita
2725 5409 2946 5485 quidem
2965 5413 3228 5485 syntaxis
3256 5412 3497 5483 implexa
3521 5425 3624 5485 est,
3659 5414 3748 5471 sed

2158 5476 2395 5533 fortasse
2424 5494 2488 5531 ex
2522 5476 2755 5547 ingenio
2771 5482 2998 5537 Sedulii.

2234 5560 2255 5588 ε
2302 5549 2376 5602 [ta
2403 5549 2602 5605 essein
2638 5563 2744 5606 vet.
2781 5554 2901 5607 rod.
2936 5564 3179 5610 notatum
3203 5556 3376 5612 voluit
3404 5558 3647 5613 Juretus.

2226 5618 2251 5657 ἀ
2281 5620 2503 5673 Juretus
2550 5623 2764 5677 videtur
2810 5627 3107 5681 retinuisse
3155 5631 3359 5684 veteris
3406 5629 3613 5685 codicis
3646 5631 3746 5685 lec-

2155 5692 2573 5766 tioneuiauullus
2616 5694 2935 5766 adulterum,
2979 5715 3100 5766 qtne
3137 5713 3272 5755 sane
3320 5704 3582 5756 mendosa
3634 5709 3733 5755 est.

2304 5761 2551 5845 referunt
2574 5764 2748 5845 nullus
2779 5768 2848 5820 ad
2877 5761 3105 5845 atterunt
3126 5816 3139 5837 ,
3171 5773 3315 5836 quod
3345 5770 3477 5829 ferri
3519 5784 3733 5845 p0test_:

2144 5835 2233 5890 alii
2255 5836 2429 5890 nullus
2459 5838 2529 5890 ad
2559 5838 2780 5892 alterum
2810 5840 2959 5897 nullo
2990 5835 3197 5899 sensti.
3519 5835 3531 5845 ’
3698 5838 3707 5844 ’
