4038 6312
211 331 312 389 655

1501 538 1704 613 [luntas
1722 580 1736 604 ,

1220 340 1223 343 '
1283 325 1572 384 CARMEN
1609 324 1995 385 PASCBALE.
2037 327 2245 385 LIBER
2286 330 2374 387 lll.

346 447 489 518 Ergo
542 445 720 519 agnis,
771 443 1073 516 ovibusque
1121 444 1216 501 Dei
1265 452 1351 502 est
1397 444 1514 502 haec
1564 444 1680 501 sola
1720 449 1895 509 ινα-Α

3413 332 3519 391 654

2064 446 2133 502 Ει
2160 445 2302 503 bona
2331 447 2578 523 libertas,
2607 447 2846 506 evadere
2872 458 3027 516 torva
3054 452 3268 508 cruenti

1920 537 2027 596 500
2062 538 2170 597 Ora
2189 540 2326 612 lupi,
2357 542 2575 615 vitaque
2604 542 2708 599 frui
2735 557 2832 615 per
2859 559 3058 616 pascua
3082 544 3311 602 Christi.

1545 700 1721 757 OPUS
1758 700 2154 760 PASCHALE.

208 843 356 902 nobis
382 841 619 898 libertas
648 839 933 912 optabilis,
964 847 1024 894 ut
1057 852 1188 895 oves
1219 846 1275 895 et
1310 838 1433 910 agni
1473 838 1669 893 summi
1712 853 1808 910 pa-
1907 853 2107 909 pascua
2139 838 2269 910 largi
2302 838 2450 895 ﬂoris
2480 840 2793 899 amoenitate
2823 843 3130 914 gratissima
3171 845 3338 901 vitam
3387 859 3510 902 car-

206 939 358 996 storis
385 936 430 992 si
463 934 737 993 fuerimus
772 935 919 1008 digni
967 934 1214 1001 censeri,
1268 944 1451 990 torvos
1501 949 1809 990 mereamur
1907 948 2037 1006 pere
2062 934 2177 1006 jam
2204 948 2475 993 securam.

203 1032 305 1105 lupi
334 1045 556 1088 morsus
584 1029 852 1097 evadere,
894 1037 1055 1101 atque
1097 1027 1416 1084 suavissima
1459 1026 1671 1084 Christi
1713 1042 1809 1099 per

1687 1164 2032 1224 SCHOLIA

264 1308 390 1366 297.
438 1307 604 1364 Cant.
639 1352 654 1372 ,
686 1309 822 1378 Reg.
851 1306 908 1372 4,
950 1306 1060 1362 Ott.
1092 1305 1146 1374 1,
1176 1304 1233 1372 2,
1287 1305 1493 1378 Rom.,
1519 1302 1651 1378 Urb.
1674 1344 1690 1371 ,
1737 1311 1796 1378 et

203 1382 281 1438 ed.
301 1382 480 1448 Lips.,
507 1381 679 1436 ducit.
705 1375 814 1435 Οιῐ.
852 1380 902 1441 1,
933 1393 1034 1449 pro
1061 1378 1116 1432 d.
1146 1391 1374 1449 s..cttm
1399 1375 1644 1444 reliquis,
1678 1377 1796 1430 utit-

203 1456 277 1521 tit,
307 1461 366 1507 ut
394 1451 668 1518 Virgilius
714 1453 748 1507 l.
788 1467 841 1506 vt
869 1448 1001 1505 Ain.
1032 1464 1175 1505 vers.
1207 1448 1311 1505 537
1340 1466 1353 1502 :
1379 1450 1443 1501 At
1474 1448 1603 1502 lazva
1630 1449 1795 1501 malo-

200 1520 308 1581 rum
334 1555 404 1566 —
435 1520 669 1578 Exercet
727 1540 923 1595 plenas,
971 1531 1021 1576 et
1072 1521 1141 1595 ad
1176 1521 1339 1595 impia
1370 1528 1566 1574 tartara
1617 1521 1793 1595 mittil.

200 1597 455 1653 Cellarius
484 1596 669 1652 edidit
700 1591 900 1664 mittet,
951 1594 1130 1666 quod,
1176 1591 1393 1659 nescio,
1436 1608 1502 1645 an
1545 1606 1678 1646 casu
1722 1591 1796 1646 illi

199 1669 482 1725 exciderit.

261 1743 385 1796 500.
426 1740 565 1794 Post
599 1738 749 1794 hunc
777 1753 993 1794 versum
1020 1738 1155 1807 Reg.
1190 1738 1239 1802 1,
1272 1737 1327 1803 2,
1357 1734 1476 1789 Vat.
1514 1736 1566 1800 1,
1607 1734 1798 1807 Expli-

1899 1319 2000 1427 tgte
2028 1303 2347 1359 mirabilibus
2372 1304 2533 1375 signis
2581 1304 2945 1375 Redemptoris
2991 1306 3246 1379 unigeniti
3289 1304 3411 1371 Dei,
3456 1315 3506 1363 et

1955 1377 2113 1427 omini
2138 1379 2322 1427 nostri.
2350 1385 2399 1427 et
2422 1379 2591 1427 mimo
2611 1379 2871 1427 auomudo
2892 1378 2962 1427 ad
2982 1380 3190 1427 nuntias
3228 1377 3501 1427 inuitatus-

1955 1377 2113 1450 omini
2138 1379 2323 1438 nostri,
2350 1385 2399 1431 et
2422 1379 2591 1450 primo
2611 1379 2871 1449 quomodo
2892 1378 2962 1433 ad
2982 1377 3190 1450 nuptias
3228 1377 3501 1446 invitatus,

1901 1446 2117 1519 hydrias
2143 1465 2235 1503 sea:
2262 1446 2742 1518 aquw'mirabiliter
2775 1451 3024 1505 convertit
3053 1446 3110 1503 in
3140 1450 3254 1504 lene
3283 1467 3509 1507 merum.

1905 1519 1962 1574 lu
1995 1519 2113 1573 Vat.
2145 1519 2199 1586 2,
2237 1521 2424 1585 Rom.,
2454 1533 2507 1576 et
2542 1536 2663 1575 meo
2693 1521 2816 1575 Cnd.
2837 1562 2852 1581 ,
2883 1537 2990 1578 non
3017 1521 3289 1576 indicntur
3309 1520 3508 1576 divisio

1905 1592 2048 1646 libri.
2069 1592 2121 1645 In
2145 1591 2744 1663 Reg.4,de_siderantur
2765 1593 2993 1663 reliqua,
3009 1604 3066 1648 et
3092 1602 3210 1661 past
3238 1608 3378 1648 vers.
3397 1592 3505 1649 Ora

1907 1663 2017 1734 lupi
2036 1665 2282 1734 sequitur
2296 1662 2392 1717 Ars
2414 1660 2606 1718 Phoco:
2617 1660 2963 1734 grammatici.
2989 1660 3176 1719 Codex
3202 1664 3508 1720 Taurinen-

1907 1732 2003 1797 sis,
2034 1732 2265 1802 Explicit
2290 1737 2419 1789 liber
2444 1732 2642 1800 primus
2659 1736 2777 1789 novi
2801 1735 3133 1791 Testamenti.
3159 1734 3354 1804 Incipit
3378 1737 3507 1791 liber

198 1813 259 1866 cit
287 1811 411 1867 liber
442 1810 497 1865 1.
533 1810 736 1882 Incipit
773 1810 857 1865 II.
894 1811 1003 1882 0t_t.
1040 1803 1125 1869 1.’
1148 1807 1390 1882 Explicit
1423 1806 1573 1879 liber,
1596 1805 1803 1882 tSedulii
1834 1803 1880 1864 Β
1906 1809 2207 1882 secundus._
2242 1804 2455 1882 Legenti
2512 1809 2616 1882 vita
2666 1815 2938 1882 perpetua.
2966 1807 3088 1882 _S_ic
3141 1808 3199 1882 in
3242 1803 3507 1882 Cratalogo

200 1885 383 1953 primus
413 1888 533 1937 novi
565 1876 908 1937 Testamenti.
941 1880 1137 1950 Incipit
1167 1876 1295 1953 liber
1329 1877 1390 1932 ΙΙ
1398 1876 1573 1953 .Alteg.
1693 1877 1799 1932 Mi-

198 1949 430 2009 rabiliunt
457 1956 761 2008 divinorum
791 1954 922 2008 liber
950 1949 1228 2008 secundus.
1260 1951 1372 2007 Ott.
1404 1951 1459 2012 2,
1493 1949 1644 2004 Finis
1672 1968 1795 2003 ora-

200 2028 342 2081 tionis
362 2024 513 2080 Jesu.
588 2025 786 2092 Incipit
827 2028 954 2079 liber
992 2023 1267 2079 secundus.
1305 2023 1566 2076 Miracnla
1600 2032 1649 2075 et
1684 2026 1799 2092 {ac-

198 2108 245 2151 ta
283 2098 496 2153 Christi.
554 2096 733 2160 Urh.,
803 2097 1012 2167 Egregii
1051 2096 1256 2150 Sedulii
1312 2095 1540 2163 episcopi
1581 2093 1645 2147 de
1682 2096 1797 2147 novi

201 2167 505 2224 Testamenti
538 2169 767 2224 historia
795 2168 922 2224 liber
951 2171 1205 2222 secundus
1226 2167 1458 2238 egrplicit,
1485 2177 1712 2238 tractans
1733 2167 1796 2218 de

197 2242 309 2309 vita,
358 2242 668 2307 virtutibus,
713 2248 761 2295 et
805 2239 1190 2294 conversatione
1230 2234 1441 2291 Domini
1470 2237 1634 2309 nostri
1666 2234 1793 2290 Iesu

199 2306 398 2369 Christi.
435 2306 904 2386 incipit'ejusdem
935 2311 1060 2365 liber
1084 2312 1266 2366 tertius
1303 2310 1368 2363 de
1397 2306 1682 2374 miraculis,
1716 2316 1795 2361 at-

1910 1893 2079 1943 mss.;
2114 1887 2169 1932 at
2195 1877 2248 1931 in
2277 1877 2648 1949 descriptione
2669 1877 2977 1949 doctissimi
3004 1878 3235 1934 Comitis
3264 1877 3507 1949 Napione

1905 1950 2079 2004 solum
2114 1949 2365 2017 lego...er
2402 1948 2631 2004 Primus.
2685 1947 2882 2013 Incipit
2934 1948 3061 2003 liber
3090 1947 3369 2004 secundus.
3405 1949 3504 2004 Le-

1902 2021 2044 2093 genti
2074 2024 2177 2075 vita
2207 2032 2475 2094 perpetua.
2509 2021 2564 2075 In
2599 2021 2725 2077 Alb.
2767 2020 2997 2094 Explicit
3030 2022 3148 2075 novi
3191 2020 3505 2094 Testamenti

1886 2094 2030 2165 liber
2068 2092 2350 2165 secundus.
2402 2092 2599 2165 Incipit
2647 2092 2859 2147 tertius.
2897 2092 3002 2150 Sed
3055 2095 3171 2147 haec
3223 2097 3313 2165 ita
3347 2092 3509 2165 intel-f

1904 2163 2113 2233 ligetth
2146 2173 2307 2228 sunt,
2331 2163 2643 2235 utincipiat
2684 2165 2821 2220 Ither
2853 2167 3044 2220 tertius
3091 2163 3381 2231 carminis,
3416 2164 3508 2235 qui

1902 2243 2078 2290 tamen
2102 2247 2185 2291 est
2211 2234 2482 2291 secundus
2510 2235 2638 2289 novi
2667 2235 3021 2302 Testamenti,
3048 2246 3103 2290 ttt
3150 2235 3204 2291 in
3246 2234 3506 2307 Prolegu-

1901 2307 2075 2362 menis
2107 2308 2326 2363 uberius
2358 2307 2682 2378 explicatum
2715 2318 2819 2363 est.

204 2472 3482 2497 mm

1381 2601 1729 2685 LIBER
1802 2600 2341 2687 TERTIUS.

401 2912 575 2988 237
602 2911 783 2969 Prima
807 2925 919 2967 suae
949 2909 1234 2976 Dominus,
1270 2911 1524 2968 thalamis
1545 2913 1798 2986 dignatus

1483 3006 1723 3080 [adesse,

334 3099 577 3156 Virtutis
609 3100 940 3156 documenta
969 3100 1142 3170 dedit,
1175 3101 1518 3173 convivaque
1554 3117 1796 3173 praesens

330 3194 603 3264 Pascere,
658 3211 765 3251 non
798 3195 964 3266 pasci,
1022 3198 1269 3265 veniens,
1321 3198 1610 3254 mirabile!
1642 3198 1795 3255 fusas

331 3288 389 3344 In
422 3288 619 3344 vinum
653 3293 923 3343 convertit
944 3304 1143 3359 aquas;
1179 3292 1428 3347 amittere
1452 3291 1689 3361 gaudent

260 3382 294 3442 5
330 3382 617 3440 Pallorem
650 3381 864 3451 latices,
897 3385 1125 3440 mutavit
1151 3384 1271 3440 lteta
1299 3400 1555 3458 saporem

2048 2915 2203 2973 Unda
2242 2930 2401 2973 suum
2426 2961 2442 2986 ,
2477 2915 2667 2988 largita
2714 2928 2967 2982 merum,
3028 2926 3360 2983 mensasque
3410 2926 3509 2984 per

3222 3005 3433 3080 [omnes

2048 3104 2233 3161 Dulcia
2266 3119 2372 3161 non
2402 3112 2534 3159 nato
2560 3103 2865 3159 rubuerunt
2890 3102 3087 3174 pocula
3111 3111 3314 3157 musto.

2046 3196 2289 3266 Implevit
2316 3213 2413 3254 sex
2441 3213 2573 3269 ergo
2608 3197 2758 3253 lacus
2781 3196 2887 3252 hoc
2915 3203 3136 3252 nectare
3165 3196 3461 3260 Christus;

2047 3290 2211 3363 238
2239 3291 2450 3361 Quippe
2471 3289 2624 3347 ferax
2646 3289 2737 3360 qui
2764 3290 2889 3344 vitis
2918 3298 3055 3357 erat,
3089 3289 3289 3345 virtute
3310 3287 3505 3345 colona

1945 3383 2013 3442 10
2051 3385 2249 3442 Omnia
2275 3384 2637 3455 fructiftcans,
2670 3384 2827 3456 cujus
2851 3384 2955 3440 sub
2984 3383 3230 3456 tegmine
3261 3381 3463 3437 blando

1533 3528 1711 3588 OPUS
1745 3528 2134 3588 PASCHALE.

261 3637 437 3695 Prima
471 3639 745 3695 Dominus
776 3641 976 3711 nuptiis
1002 3642 1266 3699 interesse
1295 3643 1542 3716 dignatus
1582 3647 1800 3702 virtutis
1828 3655 1872 3716 ί]
1904 3649 2108 3720 genita,
2139 3651 2378 3705 colorem
2407 3647 2638 3703 mutavit
2678 3645 2905 3717 pariter,
2939 3653 2994 3700 et
3030 3658 3251 3700 nomen.
3283 3640 3509 3698 Cunctis

196 3745 300 3788 sum
326 3733 663 3788 documenta
693 3734 964 3804 patefecit,
996 3736 1087 3790 ubi
1122 3738 1343 3793 conviva
1387 3739 1689 3810 prarciputts
1719 3740 1802 3796 di-

195 3827 363 3882 vinam
392 3844 660 3884 reserans
690 3838 1035 3898 potestatem,
1065 3847 1176 3886 non
1209 3830 1359 3902 pasci
1389 3832 1535 3887 visus
1566 3842 1667 3895 est,
1701 3834 1797 3888 sed

170 3922 418 4002 pavisse.
444 3921 754 3977 Defuerant
781 3939 1014 3994 namque
1036 3924 1154 3977 vina
1188 3924 1544 3993 solemnibus,
1575 3936 1630 3980 et
1659 3928 1801 3981 inter

193 4015 470 4085 epularum
504 4015 761 4070 cumulos
798 4015 1017 4072 ferculis
1056 4029 1374 4088 aggregatos
1397 4061 1412 4083 ,
1460 4028 1665 4072 tantum
1707 4034 1800 4073 va-

194 4109 323 4161 cuati
351 4109 562 4165 calices
589 4123 739 4163 mera
771 4110 1015 4165 siccitate
1047 4110 1355 4179 torpebant.
1390 4111 1668 4167 'l‘errenus
1706 4110 1802 4167 ab-

194 4210 458 4258 scesserat
480 4211 670 4272 potus,
697 4201 909 4257 scilicet
931 4202 1248 4268 utetBIestis
1278 4203 1531 4258 intraret.
1561 4205 1800 4259 Conver-

194 4290 256 4344 tit
296 4290 556 4349 Cbristus
587 4308 717 4363 ergo
741 4303 866 4349 tunc
900 4295 1089 4350 latices
1125 4295 1176 4350 in
1210 4295 1320 4350 vini
1345 4296 1585 4365 speciem
1617 4304 1794 4350 trans-

194 4400 399 4444 euntes.
444 4389 772 4444 Amiserunt
812 4405 996 4460 aquae,
1040 4390 1181 4461 quod
1236 4401 1377 4447 natat
1427 4403 1593 4458 sunt,
1644 4391 1797 4460 aquis

194 4477 502 4555 indigentes
550 4480 621 4538 ad
667 4492 873 4554 potum,
904 4484 1155 4556 undaque
1185 4486 1417 4541 nobilior
1438 4484 1601 4553 facta,
1633 4499 1795 4556 quam

1905 3740 2140 3812 denique
2187 3751 2424 3797 mustum
2471 3740 2631 3796 dulce
2674 3738 2903 3796 rubebat
2942 3738 2995 3793 in
3048 3736 3287 3807 poculis,
3318 3750 3379 3790 ac
3410 3750 3509 3805 per

1905 3835 2145 3890 omnium
2170 3835 2407 3904 jucunda
2457 3849 2766 3889 mensarum
2804 3824 3290 3900 captus'snavitate
3317 3827 3508 3882 convi-

1906 3942 1999 3981 vas
2027 3927 2249 3982 haustus
2285 3926 2530 3981 ﬂuminei
2577 3925 2810 3979 nectaris
2855 3922 3163 3977 ebriabant.
3208 3919 3509 3988 Stupebant

1908 4018 2136 4074 fontium
2187 4019 2419 4073 ministri
2469 4031 2564 4073 sex
2613 4014 2854 4086 hydrias,
2888 4027 3021 4083 quas
3053 4011 3207 4081 aquis
3240 4009 3505 4077 impleve-

1906 4122 2065 4178 rant,
2109 4112 2233 4166 vino
2270 4110 2607 4165 redundante
2652 4106 2922 4169 fuscatas,
2970 4104 3257 4169 subitaque
3303 4098 3506 4154 Chriin

1908 4215 2017 4260 tota
2052 4204 2281 4259 fervisse
2308 4201 2603 4267 vindemia,
2629 4201 2829 4270 quippe
2857 4196 2947 4266 qui
2976 4195 3101 4249 vitis
3122 4193 3314 4247 aderat
3340 4190 3510 4244 virtu-

1907 4300 1975 4352 tis
2005 4298 2216 4359 colona,
2258 4305 2383 4350 nata
2413 4293 2690 4350 fructifera
2731 4292 2832 4347 sub
2863 4289 3115 4345 aetherem
3142 4284 3350 4341 frondis
3388 4299 3509 4336 um-

1908 4391 2151 4456 braculo,
2186 4391 2433 4444 nutriens
2460 4400 2711 4443 racemus
2731 4381 2994 4456 spiritalis
3023 4378 3264 4452 pampini
3294 4390 3512 4446 semper

1905 4485 2224 4540 ama-nitate
2251 4482 2514 4565 victuros.

1742 4623 2060 4681 SCHULIA.

260 4745 312 4803 1.
344 4746 469 4800 Vat.
509 4745 568 4813 1,
600 4742 701 4799 Ubi
726 4758 911 4804 aquam
949 4742 1005 4795 in
1038 4742 1211 4795 rinum
1252 4739 1520 4813 convertit.
1552 4735 1787 4813 ἷξες-2,
1818 4738 1872 4798 D
1899 4736 2046 4813 aliud
2076 4736 2388 4813 symbolum
2425 4734 2610 4813 aptius
2651 4732 2778 4789 vino
2828 4729 2996 4784 rubro
3046 4720 3509 4813 inveniripotuit.

195 4815 267 4870 De
289 4806 729 4886 miracula'aqua:
767 4830 1024 4869 conversw
1051 4814 1101 4867 in
1138 4814 1337 4867 vinum.
1366 4809 1526 4886 Rom.
1556 4806 1656 4886 Ubi
1687 4808 1793 4862 Do-

193 4889 357 4944 minus
386 4896 603 4943 rocatus
625 4880 700 4941 ad
726 4885 964 4958 nuptias,
989 4887 1236 4958 convertit
1265 4899 1456 4958 aquam
1493 4880 1546 4933 in
1594 4882 1791 4958 vinum.

260 4960 314 5013 4.
347 4962 628 5016 Cellarius
653 4974 719 5012 ex
751 4951 881 5011 mss.
907 4951 1158 5027 reposuit
1181 4956 1433 5014 amittere.
1461 4968 1583 5006 cum
1629 4951 1793 5027 vulgo

194 5032 490 5101 reperisse!
518 5030 801 5085 dimittere.
831 5026 1010 5101 Nostri
1044 5029 1210 5101 etiam
1241 5040 1436 5101 omnes
1471 5038 1602 5101 tnss.
1637 5026 1793 5101 amit-

198 5094 296 5157 tere
320 5118 445 5157 cum
476 5102 813 5158 editionihus
834 5100 1138 5167 Parrhasii,
1165 5110 1221 5151 et
1253 5098 1400 5162 Aldi,
1435 5095 1537 5149 nisi
1567 5094 1710 5163 quod
1743 5094 1794 5167 in

196 5171 298 5230 hac
326 5176 598 5230 mendose
624 5181 709 5228 est
733 5173 1037 5241 ammittere,
1068 5165 1133 5226 ut
1158 5171 1358 5242 legitur
1379 5169 1545 5224 etiam
1581 5169 1633 5220 in
1667 5165 1794 5220 cod.

196 5248 356 5317 Ang.,
388 5256 446 5301 et
466 5246 597 5317 Alt).

264 5311 317 5372 5'.
350 5318 541 5383 Caut.,
572 5315 759 5382 Fabr.,
784 5323 838 5371 et
865 5314 1112 5369 nonnulli
1155 5314 1244 5370 alii
1282 5313 1512 5385 vulgati,
1539 5311 1665 5365 lwsa
1694 5324 1793 5385 pro

198 5386 351 5442 taeta:
387 5390 495 5444 hnc
530 5380 910 5443 retinendum.
950 5385 1324 5441 Nebrissensis
1374 5380 1490 5440 haec
1536 5391 1687 5437 nom
1727 5380 1792 5433 ad

198 5463 421 5514 verbum
456 5459 764 5515 Pallorem:
797 5458 899 5526 Qui
921 5457 1063 5512 color
1085 5465 1159 5512 est
1181 5459 1284 5511 vini
1317 5460 1499 5529 Optimi
1529 5457 1581 5529 in
1612 5469 1797 5523 genere

198 5531 299 5601 uini
320 5533 449 5595 albi,
480 5532 675 5601 gilvum
698 5531 997 5597 appellant;
1026 5540 1081 5583 et
1108 5530 1174 5583 ad
1202 5528 1430 5584 verbum
1464 5528 1751 5601 rubuerunt
1779 5539 1797 5578 :

204 5600 453 5667 Quadam
480 5599 683 5674 hydria:
714 5603 767 5655 in
789 5604 965 5656 viuum
996 5600 1207 5674 gilvum,
1236 5601 1477 5674 qutedam
1503 5602 1555 5653 in
1583 5599 1798 5674 rubrum

199 5686 412 5729 mutata:
440 5668 584 5728 sunt.
629 5677 698 5729 At
727 5689 857 5727 vero
903 5668 1163 5730 Sedulius
1209 5668 1429 5737 asserit,
1462 5683 1635 5738 aquas
1664 5668 1801 5720 anti-

202 5745 337 5816 {isse
359 5746 627 5816 pallorem
679 5761 858 5811 suum,
893 5761 999 5799 non
1026 5743 1327 5812 sumpsisse
1367 5744 1629 5816 pallorem
1661 5740 1794 5816 vini.

202 5812 402 5871 Natant
421 5817 528 5871 vtri
549 5817 772 5885 eruditi,
799 5818 852 5870 in
877 5816 1162 5871 Palaestina
1189 5818 1311 5870 vina
1341 5816 1445 5870 alia
1480 5830 1586 5869 non
1604 5812 1793 5885 fuisse,

206 5888 306 5943 nisi
339 5889 545 5953 rubra;
591 5884 765 5959 neque
796 5889 860 5944 ad
888 5888 1090 5945 Christi
1115 5888 1433 5957 sanguinem
1467 5884 1804 5957 figurandum

1976 4808 2028 4862 8.
2072 4798 2245 4863 L'acns
2267 4809 2439 4863 accipi
2464 4798 2613 4862 "solet
2643 4820 2740 4874 pro
2761 4819 2890 4857 vise
2915 4798 3137 4874 ampl_o,_
3157 4798 3209 4852 in
3240 4812 3348 4874 quo
3388 4811 3510 4874 tnu-

1902 4889 2045 4934 stum
2079 4880 2358 4950 recipitur.
2390 4879 2483 4935 Sic
2512 4866 2729 4941 Cicero,
2762 4866 3375 4937 Ovidium—Columella,
3404 4866 3511 4923 Ne-

1903 4954 2131 5023 mesius,
2164 4964 2216 5023 et
2239 4952 2332 5006 alii
2359 4952 2408 5006 id
2441 4952 2670 5023 verbum
2708 4951 3059 5016 usurparunt.
3189 5021 3197 5023 _
3290 5010 3302 5023 .

1975 5026 2028 5077 9.
2063 5010 2129 5076 In.
2151 5022 2263 5077 Ott.
2312 5026 2363 5083 l.
2408 5038 2584 5090 verax,
2613 5010 3204 5090 benecnrrccmm,‘t_t_t
3252 5010 3504 5090 videtur,

1905 5108 2005 5156 per
2049 5099 2217 5162 ferax.
2253 5080 2504 5159 Plerique
2535 5080 2707 5144 nostri
2735 5107 2869 5146 is.
2902 5090 3066 5162 Ang._,
3098 5080 3250 5162 'Alh_.,
3285 5082 3417 5147 lteg.
3447 5080 3503 5162 2_,

1905 5150 1960 5231 Β,
2003 5150 2145 5219 νξιιι.
2183 5166 2234 5232 1,
2282 5164 2341 5231 2,
2374 5150 2544 5226 Meus,
2576 5162 2737 5227 Urb.,
2786 5164 2967 5225 Rom,
2989 5150 3163 5225 'Reg.
3195 5156 3247 5219 1,
3281 5168 3394 5232 _prn
3420 5150 3500 5232 _d.

1906 5223 2123 5306 script.,
2147 5223 2255 5292 Ott.
2296 5223 2349 5299 1’,
2400 5251 2428 5289 a
2457 5223 2695 5289 secunda
2726 5223 2826 5300 m.,
2859 5223 2981 5306 cum
3020 5223 3233 5306 sinite”
3277 5223 3505 5306 Parrh"

1904 5293 2052 5371 Aldi,
2076 5293 2131 5362 et
2158 5293 2378 5363 schedis
2399 5306 2634 5369 Poelm.,
2658 5293 2848 5360 virtute
2874 5298 3110 5355 colenda.
3137 5297 3259 5371 Ott:
3275 5296 3336 5362 2,
3363 5293 3503 5364 Reg.

1905 5380 1960 5441 1,
1985 5394 2014 5432 a
2041 5367 2130 5447 pr.
2166 5397 2262 5447 m.,
2290 5380 2393 5433 Ott.
2434 5383 2486 5444 1,
2518 5393 2547 5431 a
2582 5367 3028 5450 pr.im.,_cotonn,
3059 5368 3201 5439 quod
3232 5367 3421 5450 Prosa,
3447 5373 3503 5450 et

1905 5444 2151 5520 plerique
2189 5444 2316 5505 editi
2350 5444 2613 5505 retinent.
2647 5444 3022 5504 Nebrissensis
3053 5444 3278 5520 espnnit
3317 5444 3507 5520 rirtute

1904 5512 2113 5593 colona,
2145 5522 2199 5575 id
2230 5533 2323 5587 est,
2358 5521 2696 5593 agricolunte.
2739 5521 2811 5593 Es
2844 5512 3180 5593 prosa-aliud
3223 5512 3498 5593 arguitur;

1904 5582 2109 5648 dicitur
2153 5582 2320 5649 cnim’
2348 5582 2465 5648 viiis
2493 5593 2696 5647 virtutis
2726 5582 2932 5650 colona,
2971 5585 3074 5638 nisi
3107 5582 3392 5652 legendum
3433 5582 3504 5631 sit

1902 5665 2108 5718 virtute.
3534 5661 3549 5671 ’

1978 5735 2060 5790 10.
2101 5736 2270 5810 Meus,
2314 5738 2681 5810 fructiferans;
2707 5747 2804 5810 prg
2843 5730 2899 5785 d.
2925 5745 2996 5810 _s_.
3032 5726 3236 5810 melius
3273 5722 3498 5810 fructifi-

1907 5825 2049 5872 cans,
2082 5808 2224 5878 quod
2251 5799 2533 5882 Calpurnii
2561 5799 3077 5882 atque_'_l‘ertulliatti
3120 5799 3354 5882 vcrbutn
3383 5804 3498 5854 est:

1916 5896 2039 5937 nam
2062 5874 2297 5938 alterum
2320 5874 2385 5937 ad
2414 5874 2648 5936 barbara
2676 5876 2828 5947 rejici
2853 5874 3037 5932 debet.
3346 5881 3362 5940 ξ
