4038 6312
491 337 598 396 639

1875 325 2089 384 C(ELII
2125 324 2397 384 SEDULII

3635 323 3642 329 '
3691 315 3785 376 640

527 451 598 508 50
634 449 755 508 Jam
784 447 974 520 procul
1005 461 1036 502 a
1066 445 1229 502 terris
1259 443 1435 500 fuerat
1463 443 1621 509 ratis,
1652 451 1883 513 actaque
1912 441 2098 498 ﬂabris
2124 450 2179 514 Α
2239 440 2310 496 60
2348 440 2494 496 Vocc
2526 437 2719 502 simul,
2747 436 3010 493 Miserere
3030 435 3194 502 citus,
3220 435 3508 497 miserere,
3543 434 3793 504 perimus,

637 542 898 604 Sulcabat
925 539 1164 596 medium
1197 537 1392 609 puppis
1421 549 1614 591 secura
1643 533 1990 605 profundum,

639 637 774 694 Cum
820 633 1004 692 subito
1039 634 1154 689 fera
1191 631 1366 702 surgit
1393 627 1586 698 hiems,
1620 628 1948 700 pelagusque
1979 642 2105 696 pro-

1857 721 2034 796 [cellis

637 824 901 891 Vertitur,
942 830 1002 880 et
1043 820 1315 894 trepidam
1359 819 1612 892 quatiunt
1651 817 1787 873 vada
1829 816 1972 872 salsa
2015 828 2104 870 ca-

1806 911 2028 985 [rinam.

646 1011 965 1068 Perculerat
996 1009 1231 1066 formido
1261 1009 1498 1077 animos,
1530 1021 1762 1075 seseque
1792 1006 2055 1076 putabant

533 1106 604 1166 55
639 1106 915 1178 Naufraga
944 1105 1175 1160 littoreis
1200 1105 1313 1176 jam
1345 1102 1568 1160 tendere
1599 1100 1818 1157 brachia
1846 1099 2016 1155 saxis.

645 1200 768 1272 Ipse
795 1209 975 1254 autem
1008 1197 1274 1268 placidum
1306 1197 1565 1268 carpebat
1586 1205 1807 1266 pectore
1828 1206 2104 1258 somnum,

650 1293 813 1369 243
863 1294 1152 1365 Majestate
1194 1293 1357 1364 vigil,
1405 1292 1530 1363 quia
1579 1305 1688 1346 non
1737 1289 1998 1346 dormitat
2050 1287 2105 1344 in

1787 1383 1987 1456 [wvum
2009 1425 2024 1449 ,

647 1485 748 1552 Qui
770 1483 1111 1554 regitlsrael,
1131 1498 1306 1554 neque
1322 1479 1794 1554 prorsusdormiet
1817 1491 2098 1548 umquam.

650 1577 794 1649 Ergo
817 1578 906 1633 ubi
941 1578 1097 1650 pulsa
1124 1573 1276 1649 quies
1298 1619 1311 1643 ,
1351 1575 1562 1632 cunctis
1594 1574 1962 1630 clamantibus
1995 1585 2098 1624 una

2349 531 2570 586 Auxilio
2598 545 2855 586 succurre
2889 529 2976 600 pio
3005 547 3018 582 :
3052 528 3125 584 nil
3159 537 3280 583 vota
3313 537 3586 595 moratus,

2353 626 2665 696 Exsurgens
2695 624 2955 679 Dominus
2973 663 2986 687 ,
3021 622 3216 678 validis
3241 624 3538 678 mitescere
3559 623 3732 678 ventis

2345 716 2604 786 Imperat,
2638 724 2692 770 et
2717 715 2860 769 dicto
2887 714 3052 770 citius
3082 713 3286 768 tumida
3319 729 3542 785 aequora
3576 715 3763 784 placat.

2349 813 2466 868 Non
2497 823 2615 868 erat
2646 812 2732 866 illa
2761 810 2863 866 feri
2895 826 3113 882 pugnax
3135 810 3361 866 audacia
3395 811 3591 880 ponti,

2242 909 2312 966 65
2350 907 2404 964 In
2426 907 2714 962 Dominum
2731 907 2968 961 tumidas
2983 921 3105 978 qua:
3122 921 3348 978 surgere
3367 915 3597 976 cogeret
3614 905 3796 974 undas,

2353 1000 2518 1074 244.
2564 1000 2674 1056 Nec
2717 1001 3012 1056 metuenda
3055 1010 3234 1056 truces
3280 999 3558 1072 agitabant
3589 999 3796 1056 ﬂarnina

3534 1094 3607 1167 [vi
3618 1111 3702 1152 res
3718 1114 3733 1163 ;

2352 1189 2457 1246 Sed
2512 1190 2698 1246 lietum
2749 1189 3013 1246 exsiliens
3062 1188 3282 1245 Christo
3325 1203 3513 1257 mare,
3550 1189 3803 1258 compulit

3538 1281 3736 1354 [imum

2352 1381 2629 1451 Obsequio
2663 1380 2873 1435 fervere
2905 1379 3129 1446 fretum,
3162 1378 3468 1450 rapidoque
3501 1380 3684 1434 volatu

2354 1473 2642 1528 Moverunt
2668 1473 2863 1527 avidas
2891 1482 3182 1527 ventorum
3202 1472 3400 1543 gaudia
3436 1487 3669 1543 pennas.

2247 1572 2313 1625 70
2424 1570 2642 1625 lnterea
2671 1568 2884 1640 placido
2906 1576 3248 1622 transvectus
3272 1581 3576 1634 marmore,
3593 1565 3804 1636 puppim

1857 1671 2034 1727 UPUS
2077 1666 2464 1728 PASCHALE.

499 1769 658 1826 fateri
693 1771 1024 1842 cogebantur
1052 1780 1107 1827 et
1138 1781 1350 1838 nautze;
1381 1771 1563 1826 cuncti
1617 1785 1676 1825 se
1716 1770 1950 1840 denique
1989 1769 2100 1839 jam
2133 1775 2180 1835 Β
2210 1782 2364 1822 suum
2401 1781 2625 1821 movere
2658 1766 2773 1820 nisa
2806 1774 2932 1820 sunt
2961 1764 3351 1820 conditorem?
3391 1763 3558 1829 absit,
3607 1772 3668 1818 ut
3711 1763 3805 1819 hoc

503 1875 704 1946 perire,
739 1885 791 1930 et
824 1885 914 1930 aut
942 1875 1246 1930 tabularmu
1290 1876 1552 1930 tractibus
1594 1873 1924 1930 inhaarentes
1949 1915 1965 1938 ,
2011 1884 2106 1929 aut

505 1977 767 2032 brachiali
783 1976 1012 2047 remigio
1032 1977 1346 2046 pervolutos
1358 1977 1662 2046 scopulosis
1675 1975 2111 2032 credebantnau-

505 2077 689 2150 iragos
719 2079 989 2134 littoribus
1015 2079 1372 2135 collidendos.
1410 2079 1658 2134 Christus
1706 2091 1884 2135 autem
1904 2120 1918 2142 ,
1951 2095 2112 2135 verus

505 2181 856 2253 gubernator,
887 2197 948 2236 ac
973 2183 1294 2254 providus“,
1326 2183 1537 2238 modico
1562 2182 1812 2238 cervicali
1835 2181 2108 2251 sull'ultus,

510 2283 788 2339 ﬂuctuanti
821 2281 1097 2338 dormiens
1122 2283 1429 2354 quiescebat
1451 2285 1501 2339 in
1531 2285 1716 2356 puppi,
1749 2287 1954 2354 sopitus
1989 2300 2112 2341 cor-

508 2400 664 2456 pore,
707 2384 928 2457 pervigil
969 2385 1268 2455 majestate,
1315 2388 1404 2458 qui
1444 2389 1740 2443 secundum
1773 2390 2109 2460 prophetiam

507 2487 819 2544 Davidicam
846 2505 861 2544 :
896 2487 1018 2542 Non
1044 2488 1360 2555 dormitabit,
1385 2506 1547 2562 neque
1566 2491 1909 2563 dormiet,qui
1936 2503 2117 2571 casto:

510 2591 585 2646 dit
607 2589 797 2646 Israel.
813 2590 1057 2662 Cumque
1075 2591 1354 2664 discipulis
1376 2609 1479 2648 una
1501 2595 1663 2650 simul
1677 2611 1808 2651 voce
1825 2596 2112 2652 clamanti-

511 2697 633 2765 bus,
659 2695 904 2763 Domine,
922 2697 1084 2751 libera
1107 2714 1221 2766 nos,
1243 2698 1497 2770 perimus,
1517 2701 1761 2770 exsurgit
1791 2699 2105 2766 suscitatus,

497 2803 680 2858 ventis
732 2803 966 2872 imperat
1004 2813 1062 2858 ut
1106 2805 1493 2875 quiescerent,
1549 2805 1686 2859 mari
1746 2806 1994 2874 prarcipit
2054 2817 2111 2860 ut

512 2906 745 2962 taceret,
779 2895 1078 2965 subitoque
1132 2896 1280 2966 ponti
1327 2895 1536 2966 piriter
1580 2896 1685 2950 iter
1711 2905 1765 2950 et
1804 2897 1949 2951 aeris
1989 2896 2107 2950 ina-

518 2991 703 3060 pinata
754 2986 1047 3058 temperies
1093 2988 1403 3060 pra'sentitc
1449 2988 1717 3059 proditrix
1771 2987 1830 3043 fit
1877 2989 2106 3044 divina).

505 3084 645 3153 Quid
696 3085 862 3156 igitur
913 3085 1171 3142 convenit
1217 3084 1308 3138 illa
1352 3083 1422 3138 de
1476 3092 1802 3152 tempestate
1851 3086 2112 3140 censeri?

507 3179 906 3250 Numquidnam
939 3179 964 3218 ι)
1001 3179 1229 3249 pelagus
1278 3194 1452 3234 saavas
1502 3180 1680 3234 erexit
1727 3179 2001 3248 procellas
2051 3181 2102 3234 in
2134 3186 2180 3250 ρ

506 3275 793 3331 Dominum
821 3317 837 3342 ,
871 3283 965 3330 aut
1013 3274 1335 3328 seditiosum
1378 3271 1547 3328 ﬂabra
1591 3273 1866 3328 luctamen
1915 3283 2106 3327 contra

2215 1861 2485 1916 elementa
2520 1860 2877 1925 tentaverint,
2910 1860 3054 1928 quod
3097 1859 3350 1928 injuriam
3383 1859 3660 1927 ingereret
3705 1875 3807 1914 ma-

2211 1953 2419 2022 jestati.
2464 1952 2571 2008 Sed
2615 1961 2672 2006 ut
2699 1961 2896 2007 cuncta
2937 1950 3140 2007 Christi
3175 1951 3470 2005 virtutibus
3506 1950 3693 2004 humili
3725 1953 3809 2007 de-

2217 2049 2438 2103 votione
2483 2047 2727 2118 subjecta
2765 2049 2942 2114 potius
2986 2061 3336 2112 censeamus,
3366 2061 3533 2100 omne
3578 2045 3809 2100 creditur

2216 2142 2414 2195 fretum
2449 2141 2732 2195 Dominica
2765 2139 3116 2208 navigatione
3149 2139 3518 2205 laetissimum,
3553 2139 3695 2207 quod
3728 2155 3810 2194 vc-

2218 2233 2360 2288 nerit
2407 2234 2718 2305 obsequens
2744 2277 2758 2298 ,
2803 2249 2868 2287 ac
2914 2247 3248 2304 procurrens
3289 2247 3358 2287 ex
3391 2232 3520 2286 imis
3553 2232 3807 2288 undarum

2217 2329 2439 2384 sedibus
2473 2340 2607 2383 aestu
2647 2327 2973 2384 candidiore
3003 2328 3338 2383 lervescens.
3389 2327 3484 2384 Sic
3537 2330 3698 2382 etiam
3742 2328 3809 2383 le-

2217 2423 2362 2476 vium
2391 2438 2606 2493 praepes
2632 2431 2822 2477 natura
2848 2433 3133 2477 ventorum
3164 2423 3414 2493 puppim,
3439 2438 3544 2494 qua
3568 2421 3809 2479 Christus

2217 2513 2537 2581 insederat,
2587 2515 2690 2568 alis
2738 2514 2946 2570 volucri
2989 2514 3333 2586 jucunditate
3360 2516 3626 2581 diffusis,
3682 2524 3810 2572 tatu—

2215 2626 2376 2679 quam
2401 2611 2548 2680 regia
2579 2611 2735 2665 ducis
2761 2621 2961 2676 castra,
2989 2621 3138 2667 creta
3164 2610 3470 2666 famulante
3495 2611 3805 2665 vallaverat.

2215 2703 2400 2773 Neque
2429 2705 2696 2762 enimcni
2727 2706 3002 2760 violentia:
3036 2707 3328 2775 potestatis
3367 2707 3590 2761 licentia
3622 2706 3810 2761 suifra-

2215 2810 2390 2872 gatur,
2421 2801 2713 2872 imperioso
2739 2802 2897 2857 facile
2923 2812 3146 2872 cogatur
3177 2801 3405 2858 obedire
3433 2803 3690 2870 Domino,
3712 2805 3809 2858 sic-

2217 2908 2275 2949 ut
2329 2911 2607 2966 :equorum
2644 2907 2666 2935 ο
2700 2906 2754 2952 et
2786 2897 2967 2961 venti,
3001 2895 3203 2952 divinis
3232 2896 3438 2952 Christi
3469 2898 3803 2968 jussionibus

2217 2989 2486 3053 inclinati,
2522 3006 2716 3046 cursus
2748 2990 2933 3060 rapida
2963 2992 3332 3045 commotione
3362 2994 3679 3063 praecipites
3705 2993 3810 3047 lan-

2216 3085 2400 3155 guenti
2431 3085 2617 3140 subito
2649 3087 2953 3157 deposuere
2979 3097 3220 3155 torpore.

2283 3177 2495 3234 Interea
2517 3181 2644 3249 quin
2665 3181 2826 3234 etiam
2853 3179 3088 3250 gurgitis
3110 3180 3363 3234 dominus
3388 3180 3619 3235 lenitate
3644 3191 3809 3235 trans-

2216 3285 2404 3328 vectus
2429 3316 2443 3340 ,
2476 3276 2668 3329 relicto
2705 3275 2954 3346 navigio,
2991 3289 3084 3343 per
3109 3288 3262 3328 oram
3297 3275 3465 3328 vicini
3496 3275 3699 3330 littoris
3731 3276 3806 3328 in-

1999 3366 2317 3424 SCHOLIA.

500 3477 643 3522 vasto
673 3496 742 3508 -—
771 3464 1002 3520 Carbasa
1039 3475 1218 3537 ponto.
1263 3467 1402 3536 Quid
1446 3475 1626 3521 autem
1669 3467 1737 3521 sit
1768 3466 1957 3520 librare
1986 3485 2105 3522 car-

500 3538 656 3603 basa,
700 3538 1030 3606 intelligetur
1067 3553 1132 3592 ex
1173 3538 1367 3593 Ovidio
1405 3554 1460 3592 ιιι
1498 3537 1646 3592 Fast.
1687 3537 1815 3594 585.
1861 3537 1988 3592 Vela
2015 3558 2105 3593 ea-

500 3610 628 3682 dunt
666 3609 852 3682 primo,
897 3619 945 3662 et
976 3607 1137 3682 dubia
1166 3610 1418 3664 librantur
1447 3610 1510 3663 ab
1541 3627 1694 3677 aura,
1727 3609 1829 3664 hoc
1859 3621 1965 3678 est,
2000 3628 2105 3666 non

497 3680 878 3754 intenduntur,
910 3680 1006 3734 sed
1039 3683 1160 3735 laxe
1187 3684 1480 3754 agitantur.

571 3754 661 3808 50.
700 3753 817 3806 Vat.
854 3755 906 3818 1,
933 3769 964 3805 ιι
995 3765 1151 3808 terra.

571 3823 662 3879 59..
712 3824 869 3878 Rom.
927 3839 1024 3890 pro
1069 3825 1124 3878 d.
1165 3842 1236 3887 ε..
1284 3827 1570 3891 Arntzen.,
1616 3824 1832 3880 scheda:
1867 3825 2102 3894 Poelm.,

503 3895 646 3950 Tunc
676 3912 772 3964 pro
793 3895 942 3950 Cant.
982 3895 1165 3960 Rom.,
1203 3912 1506 3965 perperam,
1535 3897 1706 3951 subita
1735 3897 1920 3961 surgit.

567 3969 658 4024 55.
702 3967 847 4022 Vada
876 3966 1017 4022 salsa
1043 3984 1108 4039 ex
1142 3968 1368 4039 Virgilio
1399 3970 1431 4022 I.
1468 3985 1522 4031 v,
1556 3985 1698 4023 Vers.
1736 3970 1865 4024 158.

567 4041 657 4165 fit.
705 4039 762 4095 lu
805 4040 1044 4095 Monast.
1085 4038 1399 4107 Pertu’lerat,
1446 4041 1702 4096 mendum
1732 4052 1810 4096 est
1847 4057 1943 4111 pro
1973 4041 2103 4097 Per-

589 4123 718 4165 erat.

503 4123 718 4168 cuterat.

569 4183 660 4241 56.
704 4184 761 4239 ln
807 4185 942 4254 Reg.
993 4186 1016 4239 1
1061 4192 1144 4239 est
1180 4186 1464 4256 placidum,
1513 4195 1571 4242 ut
1608 4186 1665 4241 in
1709 4186 1969 4256 reliqUis;
2005 4189 2098 4244 sed

501 4257 678 4327 glossa
711 4273 890 4311 sereno
921 4259 1096 4311 innuit
1122 4259 1352 4324 placido.

569 4329 657 4382 57.
679 4329 922 4399 Plerique
939 4330 1108 4383 nostri
1127 4344 1256 4384 mss.
1273 4347 1395 4385 cum
1412 4330 1608 4385 Parrh.
1621 4373 1633 4394 ,
1651 4328 1842 4385 sched.
1860 4328 2068 4384 P0elm.
2082 4377 2096 4398 ,

495 4399 646 4462 Ald.,
677 4402 799 4470 quia
832 4417 956 4455 non.
988 4400 1278 4456 Nonnulla:
1326 4402 1597 4458 editiones
1639 4403 1807 4457 etiam
1859 4403 2098 4472 antiqua:

496 4487 622 4544 cum
659 4487 818 4540 prosa
846 4473 934 4544 qui
965 4491 1086 4527 non.
1120 4473 1179 4528 In
1214 4475 1332 4528 Vat.
1365 4475 1423 4537 2,
1467 4473 1689 4529 dubium
1719 4473 1808 4543 qui
1829 4514 1844 4537 ,
1875 4490 1944 4526 an
1975 4476 2099 4544 quia

500 4543 811 4618 legendum.
844 4545 1124 4618 Urbsqme
1153 4561 1277 4609 non,
1309 4547 1522 4602 scilicet
1552 4549 1814 4618 majestas.

568 4617 657 4670 58.
692 4618 922 4672 Schedae
972 4617 1293 4671 Poelmann.
1352 4620 1596 4672 scribere
1631 4617 1831 4684 ’jubent
1886 4634 2098 4685 prorsus

496 4703 607 4740 nec.
655 4687 762 4743 Sed
817 4697 1040 4757 praestat
1087 4690 1326 4744 retinere
1374 4689 1700 4754 scripturam
1747 4705 2094 4744 communem

491 4774 653 4828 neque
683 4777 918 4824 prorsus.
952 4760 1006 4813 In
1035 4759 1194 4815 Rom.
1227 4776 1383 4814 error
1417 4772 1501 4814 est
1547 4763 1809 4814 tnetricus
1849 4760 2094 4816 dormitat
2121 4786 2174 4846 ι)

493 4845 758 4895 umquam.

561 4901 648 4953 59.
687 4903 817 4962 lleg.
861 4902 920 4965 1,
954 4903 1062 4956 Ott.
1093 4904 1158 4966 1,
1213 4902 1391 4958 codex
1436 4903 1843 4957 vetustissimus
1896 4902 2087 4956 Tauri-

490 4970 918 5045 nensis,‘Cant.,
950 4974 1074 5028 edd.
1111 4973 1229 5028 Vat.
1263 4976 1315 5045 1,
1349 4976 1418 5040 ‘2;
1451 4975 1618 5040 M0n.,
1653 4974 2082 5045 lacrymantibus.

486 5039 618 5096 Mss.
653 5042 802 5108 Alb.,
853 5044 984 5111 Reg.
1027 5046 1082 5110 2,
1141 5046 1204 5109 3;
1259 5039 1485 5112 Vati,
1539 5039 1970 5112 Urbin.,'0ttob.
2023 5048 2078 5113 2,

484 5113 666 5179 Rom.,
701 5113 864 5186 Ang.,
901 5116 1047 5170 Meus
1091 5132 1214 5172 cum
1258 5116 1448 5182 Prosa,
1483 5133 1534 5174 et
1587 5121 1864 5189 plerisque
1893 5119 2078 5186 editis,

561 5243 584 5270 ⁸
619 5236 856 5310 Juretus,
907 5237 1224 5292 Gallandius
1269 5247 1322 5292 et
1361 5239 1474 5304 alii,
1516 5255 1578 5292 ac
1611 5239 1884 5310 pro/idus;
1917 5241 2076 5306 male,

477 5321 537 5380 ac
576 5309 838 5380 prouidus,
869 5326 987 5380 qua:
1022 5323 1103 5364 εει
1134 5310 1398 5372 scriptura
1428 5311 1480 5362 in
1511 5312 1834 5378 quibmdarn
1873 5311 2076 5365 Biblio-

479 5379 653 5433 thecis
687 5379 926 5443 Patrum,
969 5389 1024 5436 et
1065 5381 1164 5437 fuit
1197 5383 1360 5437 etiam
1390 5385 1701 5454 conjectura
1731 5381 1924 5437 Jurvli.
1951 5382 2080 5436 Poi-

476 5458 556 5524 lea
586 5461 884 5524 occiirrunt
913 5456 1076 5508 verba
1105 5471 1170 5509 ex
1207 5455 1416 5524 psalmo
1443 5453 1568 5519 cxx,
1603 5468 1746 5508 vers.
1775 5453 1826 5507 Δι.
1856 5456 1910 5509 ln
1941 5454 2078 5507 mul-

472 5521 544 5576 tis
585 5521 940 5579 Bibliothccis
981 5521 1219 5580 Patrnen'
1245 5527 1443 5593 legitur
1475 5543 1573 5580 non
1609 5525 1901 5580 dormitarit
1929 5543 1947 5579 :
1976 5527 2073 5580 sed

468 5595 810 5649 retinendum
844 5605 928 5650 est
959 5598 1280 5653 dormitabit.

532 5663 559 5703 δ
591 5666 813 5722 Juretus
859 5678 1108 5737 testatur,
1141 5671 1192 5727 in
1221 5680 1330 5724 vel.
1365 5669 1490 5728 cod.
1527 5671 1605 5725 sic
1629 5671 1731 5737 legi
1764 5667 2070 5734 Numquid-

468 5753 596 5812 nam
623 5754 641 5791 :
671 5755 834 5809 quam
870 5741 1124 5812 loquendi
1165 5746 1432 5797 rationem
1482 5743 1749 5798 similibus
1801 5744 2066 5805 exeinnlis

458 5809 745 5884 cculirutat
781 5809 1029 5884 Aruobii,
1065 5826 1119 5870 el
1150 5815 1640 5884 Seduliijunioris,
1676 5813 1912 5869 auctoris
1942 5816 2067 5872 Col-

451 5877 579 5932 lect.
616 5880 667 5932 in
704 5882 968 5945 epistolis
997 5884 1171 5947 Pauli,
1200 5877 1528 5954 quem'in-ile
1550 5877 1673 5939 cuin
1701 5895 1887 5938 nostro
1912 5897 2070 5954 poeta

2213 3469 2579 3525 clamantibus.
2599 3471 2716 3525 Vat.
2733 3469 2788 3533 2,
2815 3469 3095 3532 mendose,
3125 3469 3424 3535 cunctisque
3447 3469 3796 3525 clamantibus.

2216 3541 2270 3594 In
2305 3541 2436 3606 Reg.
2462 3545 2518 3604 2,
2549 3545 2726 3611 glossa
2771 3543 2974 3613 pariter
3013 3548 3101 3596 est
3149 3543 3520 3606 (latitantibus,
3554 3544 3696 3612 quod
3719 3557 3801 3596 ar-

2211 3613 2343 3682 guit,
2380 3614 2520 3668 aliud
2555 3616 2742 3668 fuisse.

2282 3684 2370 3738 (ίο.
2410 3686 2626 3751 Parrh.,
2661 3687 2876 3740 schedte
2903 3685 3137 3748 I’oelm.,
3165 3683 3418 3756 Miserere
3445 3684 3623 3749 Deus;
3667 3684 3799 3756 quod

2212 3773 2323 3810 non
2359 3758 2566 3822 placi-t:
2599 3759 2698 3811 etsi
2746 3761 2889 3812 enim
2923 3757 2974 3810 in
3011 3757 3180 3809 Prosa
3210 3765 3293 3809 est
3325 3755 3572 3819 Domine,
3627 3767 3797 3810 tamen

2209 3828 2462 3898 discipuli
2484 3830 2763 3883 Christum
2792 3829 3066 3881 Dominum
3089 3829 3327 3898 quidem,
3358 3845 3464 3880 non
3494 3828 3659 3882 Deum
3682 3837 3801 3882 tunc

2208 3897 2571 3968 appellarunt.
2606 3902 2722 3954 Vat.
2758 3901 2806 3962 1,
2831 3900 2941 3955 Ott.
2973 3899 3028 3964 2,
3054 3903 3217 3968 Ang.,
3244 3897 3491 3952 Miserere
3521 3903 3626 3953 cito
3653 3917 3672 3953 :
3697 3901 3800 3955 elc-

2207 3973 2423 4042 gantius
2453 3972 2542 4025 alii
2574 3975 2726 4027 citas.

2276 4046 2363 4098 65.
2405 4044 2667 4113 Virgilius
2698 4061 2714 4098 ι
2748 4043 2876 4099 Ain.
2910 4044 3054 4098 Μῦς
3091 4040 3186 4096 Sic
3234 4041 3338 4106 ait,
3385 4052 3431 4096 et
3479 4043 3620 4097 dicto
3659 4045 3799 4096 citius

2207 4118 2413 4188 tumida,
2434 4132 2642 4183 (equom
2667 4117 2862 4188 placat.

2278 4188 2368 4242 68.
2403 4185 2677 4242 Nonnulli
2719 4188 2850 4241 editi
2923 4186 3178 4256 Obsequio
3241 4185 3432 4238 servire
3469 4202 3487 4238 :

2206 4259 2515 4328 emphasim
2575 4259 2737 4314 habet
2784 4261 2999 4329 fervere,
3046 4274 3154 4327 quo
3195 4257 3360 4329 etiam
3407 4267 3634 4328 etynion
3686 4260 3797 4327 [reti

2204 4329 2520 4386 denotatur.
2569 4329 2703 4385 ane
2754 4328 2867 4385 not.
2896 4330 2964 4384 ad
2994 4331 3156 4384 verba
3185 4328 3410 4383 .luvenci
3444 4330 3583 4398 freta
3609 4332 3799 4400 [en-ida

2205 4403 2242 4455 Ι.
2278 4417 2357 4468 ιιι,
2391 4417 2535 4455 vers.
2571 4402 2692 4456 i227.

2274 4474 2364 4528 69.
2391 4473 2620 4528 Scheilae
2650 4474 2856 4529 Poelm.
2887 4473 3108 4539 subitas,
3136 4471 3292 4545 Urb.,
3317 4472 3535 4545 Parrin,
3566 4473 3794 4545 rapidas,

2203 4561 2310 4615 quo
2353 4546 2502 4598 ducit
2543 4545 2734 4600 Prosa.
2785 4547 3036 4616 Plerique
3081 4543 3283 4616 avidas,
3339 4543 3396 4597 h.
3427 4560 3524 4616 7e.,
3580 4543 3797 4613 cupidas

2203 4617 2494 4671 obedientli
2522 4617 2766 4671 Christo.
2804 4615 3103 4684 Εχνιιοιιιίυ
3131 4615 3382 4680 Cellarii,
3425 4615 3578 4671 Venti
3605 4619 3795 4687 gaude-

2204 4689 2365 4743 bundi
2412 4691 2697 4758 refugiunt,
2757 4690 2960 4743 Christo
3008 4689 3332 4758 imperante,
3387 4691 3667 4742 contraria
3716 4697 3794 4741 est

2205 4763 2374 4815 menti
2425 4773 2618 4830 poetae,
2674 4763 2763 4831 qui
2819 4762 2928 4825 ait,
2983 4770 3174 4812 ventos
3222 4761 3622 4828 gaudebundos
3681 4761 3793 4814 Solo

2199 4834 2464 4900 obsequio
2503 4837 2552 4886 in
2604 4833 2879 4887 Christum
2926 4833 3131 4887 circum
3187 4833 3486 4887 volitantes
3537 4834 3793 4897 quodam-

2197 4904 2359 4958 modo
2383 4907 2702 4960 exsultasse.
2735 4905 2917 4957 Ventis
2943 4905 3254 4958 tribuuntur
3279 4919 3493 4973 pennae.
3519 4905 3792 4959 Juvenalis

2193 4983 2299 5031 Sat.
2338 4994 2388 5043 v,
2419 4993 2561 5031 vers.
2590 4978 2714 5036 101.
2743 4975 2916 5029 Siccat
2946 4975 3184 5029 madidas
3207 4977 3261 5028 in
3289 4992 3494 5030 carcere
3521 4993 3736 5045 pennas.

2264 5049 2351 5103 70.
2387 5049 2543 5102 Rom.
2573 5046 2672 5101 Ubi
2700 5045 2950 5101 Dominus
2973 5047 3207 5100 liberarit
3233 5050 3490 5100 hominem
3518 5049 3789 5113 quemdam

2190 5137 2222 5173 α
2251 5122 2454 5190 legione
2477 5121 2791 5173 dwmonnm.
2815 5119 2986 5185 Meus,
3011 5117 3288 5190 Legionem
3312 5121 3608 5174 divinorum:
3633 5135 3788 5190 expu-

3541 4186 3794 4255 majorem

2191 5239 2414 5296 Scdulio
2445 5238 2750 5294 confundit.

2266 5323 2286 5347 ο
2320 5311 2638 5366 Gallandlus
2685 5309 2954 5379 conjei‘tat
2999 5325 3265 5379 wquorum
3305 5308 3520 5375 ﬂuctus,
3555 5317 3604 5360 et
3633 5307 3779 5360 venti.

2189 5383 2370 5438 Malim
2394 5386 2524 5437 sicut
2557 5381 2780 5451 aequorei
2807 5382 2958 5434 venti.
3010 5381 3062 5433 ln
3104 5392 3320 5448 cogatur
3351 5379 3780 5451 subaudiendum

2187 5469 2269 5508 est
2301 5453 2514 5519 aliquis,
2547 5448 2640 5507 aut
2674 5470 2771 5521 pro
2803 5452 2984 5523 Neque
3031 5452 3318 5523 legendum
3353 5448 3544 5523 Nemo,
3577 5451 3778 5523 scilicet

2186 5542 2347 5582 nemo
2379 5537 2603 5594 cogatur
2637 5525 2861 5579 obedire
2901 5521 3203 5585 imperioso
3241 5522 3488 5588 domino,
3536 5521 3777 5594 cni_vio-

2185 5598 2344 5652 ientze
2372 5591 2651 5665 potestatis
2670 5596 2891 5650 licentia
2914 5595 3259 5663 soll‘ruigatur.
3279 5595 3440 5655 sicut,
3467 5603 3572 5648 etc.
3597 5591 3778 5648 Ohsnu

2181 5681 2384 5734 tamen,
2438 5670 2581 5738 quod
2635 5683 2827 5722 omnes
2883 5669 3010 5722 editi
3067 5669 3270 5720 habent
3316 5665 3576 5738 violentia;
3619 5680 3637 5716 :
3678 5679 3777 5730 quo

2179 5747 2344 5797 verbo
2369 5737 2638 5795 obscurus
2670 5740 2916 5795 redditur
2944 5752 3163 5795 sensus.
3199 5738 3367 5794 Paulo
3397 5751 3519 5808 poSt
3549 5737 3772 5791 fortasse

2177 5813 2464 5885 legendum
2494 5822 2580 5868 est
2610 5813 2912 5867 swrissima.
