4038 6312
252 218 350 278 610

1377 224 1669 287 CARMEN
1706 225 2095 289 PASCHALE.
2136 231 2270 291 LIB.
2311 234 2403 292 IIl.

3444 251 3553 306 650

384 336 676 407 Aepiciunt
698 377 715 406 ,
765 337 1050 411 versisque
1089 338 1269 398 modis
1314 355 1415 413 per
1449 344 1642 417 gaudia
1685 347 1842 420 plan-
1876 353 1928 413 Α
1956 348 2064 406 150
2097 350 2213 407 Sub
2260 352 2471 409 Domini
2501 356 2737 413 micuere
2759 372 2945 428 manu,
2980 370 3234 435 tactuque
3255 378 3456 424 sereno

1594 438 1769 512 [sunt-

452 525 618 600 253
655 525 787 584 Inde
831 527 1025 600 pedem
1074 528 1343 600 referens,
1396 533 1649 603 geminos
1695 534 1848 593 videt

1296 623 1449 697 [ecce
1477 636 1773 698 sequentes

381 708 627 770 Caecatos
654 712 892 771 clamare
912 716 1061 772 viros
1087 733 1100 770 :
1131 715 1235 772 Fili
1267 716 1471 790 inclyte
1498 718 1696 786 David,

252 804 346 862 “5
381 804 587 862 Decute
614 817 914 863 nocturnas
933 808 1227 865 exstinctis
1252 808 1497 866 vultibus
1527 811 1770 877 umbras,

381 898 447 954 Et
481 898 700 955 clarum
727 899 931 972 largire
957 901 1128 958 diem.
1161 901 1333 971 Quam
1380 902 1611 960 credere
1644 916 1843 975 tutum,

376 992 551 1063 Quam
572 1010 769 1052 sanum
794 1004 882 1054 est
905 1010 1175 1068 cognosse
1205 996 1374 1052 Deum
1402 997 1418 1052 ι
1434 997 1549 1068 jam
1572 998 1743 1055 corde
1762 999 1847 1055 vi-

1494 1090 1735 1165 [debant
1750 1138 1765 1162 ,

374 1179 476 1249 Qui
507 1181 649 1238 lucis
670 1196 900 1241 sensere
927 1184 1108 1251 viam;
1154 1195 1281 1243 tunc
1328 1201 1476 1244 caeca
1515 1196 1834 1259 precantum

371 1273 633 1345 Lumina,
658 1276 857 1334 dili‘uso
876 1294 979 1336 ceu
1009 1288 1228 1352 torpens
1256 1282 1394 1353 ignis
1424 1283 1590 1352 olivo,

2098 444 2402 503 lnstaurata
2424 450 2539 505 suis
2567 450 2849 508 radiarunt
2875 470 2969 512 ora
3003 456 3262 514 lucernis.

2167 539 2333 614 254
2353 541 2447 599 llis
2477 543 2550 599 ita
2572 544 2840 618 dimissis,
2864 550 3007 608 alius
3028 552 3355 623 producitur
3378 570 3548 628 aeger,

2093 632 2378 704 Multiplici
2409 635 2666 709 languore
2693 642 2880 712 miser,
2913 644 3004 716 qui
3025 661 3160 704 voce
3191 648 3441 717 relictus,

2088 726 2293 783 Auditu
2332 744 2555 801 vacuus,
2590 733 2708 789 solo
2740 750 2836 806 per
2868 738 3047 795 inania
3084 742 3331 800 membra

1956 816 2060 873 155
2101 818 2360 877 Daemone
2380 821 2573 893 plenus
2599 835 2753 883 erat:
2800 828 2946 887 hunc
2976 834 3224 903 protinus
3246 836 3439 893 ordine
3465 853 3543 893 sa-

3385 944 3481 986 Cl1)

2097 1004 2323 1062 Curavit
2348 1009 2523 1066 versis
2562 1010 2706 1069 Deus
2733 1013 2789 1068 in
2815 1018 3086 1074 contraria
3115 1022 3313 1087 causis,
3347 927 3371 1003 [

2098 1099 2379 1157 Daemonio
2416 1118 2678 1174 vacuans,
2708 1107 2918 1175 auditu,
2951 1122 3006 1166 ct
3033 1128 3166 1170 voce
3189 1115 3512 1173 reformans.

2195 1193 2306 1250 Nec
2328 1195 2507 1251 minus
2527 1197 2731 1254 interea
2755 1202 3008 1272 proprios
3019 1204 3172 1272 jubet
3188 1210 3367 1262 omnia
3394 1224 3483 1278 pos.
3494 1223 3553 1264 se

2092 1286 2421 1358 Discipulos,
2460 1291 2697 1364 totisque
2718 1292 2882 1350 simul
2904 1297 3194 1355 virtutibus
3220 1300 3477 1370 impletis,

1585 1397 1766 1456 OPUS
1808 1398 2197 1457 PASCHALE.

239 1518 489 1582 parentes
530 1509 587 1564 in
629 1508 736 1565 lilia
769 1517 1089 1566 cunctantes
1119 1511 1349 1569 credere
1385 1528 1507 1584 qum
1553 1511 1845 1582 videbant,
1879 1496 1928 1557 Β
1955 1516 2161 1587 plicita,
2196 1518 2311 1575 suis
2342 1521 2581 1578 lucernis
2613 1523 2896 1581 radiarunt
2922 1543 3015 1581 ora
3055 1528 3317 1586 videntia.

243 1601 520 1673 subitaque
549 1602 632 1658 rei
671 1601 1012 1673 jucunditate
1049 1606 1312 1672 permoti,
1360 1604 1558 1675 gaudio
1586 1604 1844 1678 lacrymis

245 1696 355 1766 plus
385 1695 627 1766 profusis
651 1739 665 1765 ,
696 1710 870 1767 genus
902 1706 1185 1752 mutavere
1216 1697 1515 1769 plangoris.

309 1788 434 1845 inde
461 1799 688 1861 peracta
718 1788 974 1845 recidiva:
1005 1790 1143 1845 lucis
1170 1791 1493 1859 operatione
1522 1790 1839 1857 discrdcns,

247 1883 372 1941 duos
419 1884 691 1955 conspicit
732 1883 879 1938 viros
931 1885 1147 1939 amissis
1199 1884 1497 1941 luminibus
1542 1886 1833 1951 sauciatos,

247 1979 432 2035 talibus
482 1994 624 2048 pene
675 1978 904 2033 vocibus
944 1978 1342 2048 deprecantes:
1373 1978 1620 2034 Miserere
1649 1981 1832 2046 nostri,

246 2072 318 2143 ﬁli
342 2072 527 2127 David.
559 2072 721 2128 Illam
747 2071 961 2130 scilicet
991 2073 1427 2129 misericordiam
1458 2074 1812 2145 deprecaban

243 2173 341 2233 tur,
387 2169 449 2220 'ut
497 2175 717 2221 noctem
761 2180 1055 2221 removens
1107 2166 1466 2237 caligantem,
1501 2182 1568 2221 ex
1621 2167 1837 2223 cunctis

240 2258 374 2314 diem
407 2260 653 2315 vultibus
680 2259 1025 2318 reformaret.
1052 2260 1225 2329 Quam
1258 2270 1431 2316 tutum
1462 2268 1550 2316 est
1578 2261 1833 2333 credere,

240 2368 389 2422 quam
421 2367 621 2408 sanum
652 2361 740 2408 est
778 2354 831 2409 in
874 2353 986 2410 Deo
1026 2353 1273 2410 studiose
1296 2353 1614 2410 conlidere!
1657 2354 1838 2411 Corde

239 2443 500 2514 siquidem
523 2446 639 2518 jam
675 2445 933 2502 videbant
974 2447 1091 2518 qui,
1122 2444 1345 2504 Christo
1367 2447 1673 2519 gradiente,
1698 2449 1838 2505 lucis

239 2543 483 2602 semitam
514 2541 852 2598 sentiebant.
879 2540 1033 2597 Tunc
1063 2543 1209 2598 oculi
1233 2553 1426 2599 maesta
1458 2544 1710 2614 supplicii
1733 2559 1841 2599 ca:-

239 2639 397 2694 citate
435 2633 771 2704 compressi,
823 2633 973 2690 velut
1000 2633 1128 2691 oleo
1168 2644 1394 2707 torpens
1442 2636 1585 2705 ignis
1633 2636 1833 2705 infuso,

238 2738 379 2789 tactu
406 2732 654 2786 micuere
683 2726 996 2797 Dominico,
1040 2728 1345 2802 dextraque
1384 2731 1708 2788 serenitatis
1744 2746 1839 2802 ap-

2021 1610 2116 1667 His
2154 1612 2336 1685 itaque
2376 1613 2644 1689 dimissis,
2692 1618 2832 1672 alius
2881 1621 3087 1675 morbis
3130 1633 3184 1677 et
3232 1624 3549 1693 triplicibus

1946 1704 2165 1762 oblatus
2209 1715 2293 1762 est
2330 1707 2651 1777 imbecillis,
2677 1712 2768 1779 qui
2813 1728 2946 1768 voce
2974 1713 3254 1786 desertus,
3287 1730 3554 1778 Vacuatus

1945 1799 2155 1863 auditu,
2206 1815 2303 1870 per
2352 1801 2532 1857 inania
2590 1806 2761 1875 raptis
2803 1806 2991 1861 usibus
3036 1810 3302 1877 membra,
3353 1812 3554 1881 plenus

1943 1891 2064 1946 solo
2105 1892 2394 1948 videbatur
2433 1909 2554 1950 esse
2599 1896 2891 1953 daemonio.
2948 1899 3125 1970 llunc,
3159 1904 3447 1959 conversis
3495 1904 3551 1960 in

1943 1986 2284 2042 contrarium
2327 1990 2527 2057 causis,
2584 1988 2848 2046 Dominus
2891 1991 3040 2047 illico
3081 1995 3160 2049 sic
3206 1998 3443 2066 curavit,
3492 2009 3555 2053 ut

1939 2078 2214 2134 daemonio
2249 2090 2584 2137 vacuasset“
2607 2082 2804 2152 ejecto,
2840 2098 2976 2140 voce
3009 2086 3236 2154 pariter,
3275 2097 3332 2144 et
3362 2089 3553 2144 auditu

1944 2172 2275 2240 replevisset
2304 2174 2506 2230 infuso.

2011 2265 2127 2322 Nec
2175 2276 2464 2323 cunctatus
2512 2268 2802 2324 duodecim
2843 2286 3063 2340 quoque
3095 2272 3381 2341 discipulis
3434 2284 3552 2331 tau-

1944 2357 2188 2413 tumdem
2221 2360 2439 2414 tradere
2474 2362 2788 2431 potestatis,
2833 2362 2987 2431 jubet
3027 2378 3123 2417 eos
3153 2365 3335 2419 omnia
3385 2382 3550 2436 posse

1940 2450 2234 2521 perlicere,
2262 2470 2382 2522 quae
2409 2453 2677 2509 videbant
2707 2469 2767 2509 se
2795 2455 3019 2523 fecisse,
3056 2458 3297 2526 tutisque
3331 2460 3550 2516 virtuti-

1940 2544 2041 2600 bus
2060 2546 2353 2616 Opulentos
2374 2548 2540 2603 mittit
2561 2547 2627 2602 ad
2648 2549 2828 2602 ovium
2854 2548 3162 2617 indaginem
3185 2553 3547 2622 perditarum,

1938 2639 2137 2695 domus
2159 2640 2370 2696 scilicet
2396 2640 2585 2709 Israel,
2618 2645 2745 2713 quia
2779 2642 3015 2697 necdum
3046 2660 3145 2713 per
3183 2662 3374 2703 omnes
3405 2648 3549 2720 iugi-

1939 2740 2025 2787 ter
2062 2741 2255 2803 gentes
2302 2732 2463 2803 hujus
2515 2733 2757 2789 nominis
2800 2732 3149 2804 disperserat
3193 2737 3539 2810 dignitatem.

1812 2843 2045 2903 HOLIA.

1812 2845 2045 2903 HOLIA.

305 2940 425 3017 142.
449 2939 684 3017 C_odice_s
704 2936 1149 3017 ngstrinnanimi
1169 2952 1467 3017 consensu,
1491 2936 1621 2993 Mss.
1650 2845 1827 3017 Lissi;2
1858 2935 1906 3001 C
1936 2947 2011 3017 et,
2040 2937 2534 3017 utvidetur,_Alb.,
2560 2904 2944 3017 Qunam‘sanum
2968 2953 3062 3006 est,
3081 2958 3337 3017 cognosce
3350 2945 3540 3004 Deum.

238 3012 447 3082 Heins.,
472 3009 684 3068 Bartbii
704 3008 985 3082 ,_Parrli.,
1016 3008 1235 3065 schedae
1266 3009 1497 3077 Poelm.,
1553 3024 1619 3082 ac
1675 3008 1830 3082 multi

236 3085 385 3150 editi,
417 3079 943 3157 plangunt.AI_’oelm.
970 3081 1031 3157 in
1037 3088 1476 3157 contexttrcum
1520 3080 1642 3137 aliis
1670 3079 1832 3157 editis

238 3151 513 3226 plaudunt.
540 3151 762 3226 Bene‘id
790 3166 916 3226 esse
928 3153 1010 3226 ait
1037 3151 1429 3226 Wopkensius,
1462 3151 1518 3207 b.
1549 3168 1628 3219 e.,
1650 3151 1832 3208 exsul-

236 3224 351 3283 tant
382 3245 395 3282 :
426 3244 606 3298 neque
640 3224 730 3298 illi
778 3224 1093 3294 displiceret
1133 3225 1577 3298 pangunt,_‘i._e.,r
1598 3226 1832 3298 hymnos

235 3310 427 3355 canunt
461 3318 473 3353 :
508 3294 737 3369 praefert
765 3305 942 3369 tamen
971 3294 1255 3369 plangunt,
1280 3307 1335 3351 ut
1367 3295 1476 3369 dici
1501 3294 1647 3352 solet
1674 3294 1829 3369 ﬂere,

237 3365 636 3443 autlacrymari
667 3367 864 3443 gaudio
898 3386 911 3422 :
952 3365 1284 3443 qum'etiam
1313 3365 1831 3443 luitintegpretati‘o

236 3438 610 3498 Nebrisseusis
640 3480 656 3506 ,
678 3438 683 3439 “
705 3449 761 3494 et
796 3438 1123 3509 glossatoris
1154 3439 1205 3494 in
1251 3439 1387 3510 Reg.
1422 3442 1445 3493 l
1487 3457 1499 3493 :
1538 3438 1620 3494 Ex
1669 3439 1832 3493 nimio

235 3513 421 3585 gaudio
458 3524 505 3569 et
535 3511 885 3585 admiratione
913 3513 1061 3581 ﬂent.
1096 3510 1213 3585 Huc
1226 3512 1472 3585 pertinet
1499 3556 1514 3580 ,
1550 3511 1694 3585 quod
1741 3526 1831 3565 su-

236 3580 330 3657 pra
362 3584 430 3641 de
462 3583 745 3639 contrario
806 3580 1031 3653 langore
1055 3583 1134 3637 ait
1166 3602 1179 3636 :
1218 3580 1359 3636 Plan
1396 3598 1553 3647 orque
1589 3583 1832 3653 frequens

238 3656 543 3707 confuderat
564 3656 725 3707 mdes.
751 3597 914 3707 ltPavet
940 3668 1124 3707 prosa.
1152 3661 1210 3707 et
1236 3600 1432 3707 similis
1463 3654 1615 3707 locus
1641 3653 1827 3707 Victo-

238 3653 543 3729 confutlerat
564 3656 725 3729 mdes.
751 3653 914 3729 Favet
939 3668 1124 3729 prosa,
1152 3661 1210 3709 et
1236 3653 1432 3729 similis
1463 3654 1615 3709 locus
1641 3653 1827 3729 Victo-

238 3723 344 3783 rini
392 3725 749 3784 Pictaviensis
772 3725 842 3780 de
869 3724 920 3780 J.
941 3723 1020 3780 VC.
1058 3727 1167 3781 Deo
1192 3733 1248 3779 et
1273 3724 1515 3789 homine,
1545 3738 1686 3779 vers.
1720 3723 1791 3779 39
1816 3742 1827 3777 :

236 3797 544 3871 lassumque
585 3797 808 3852 cadaver
826 3826 898 3838 —
919 3795 1140 3852 Prosilit
1183 3806 1304 3851 ante
1343 3793 1522 3850 oculos
1547 3811 1566 3849 :
1595 3796 1743 3849 lwtus
1771 3795 1833 3865 ﬁt

238 3873 455 3944 plangor
474 3872 529 3944 in
556 3884 756 3944 omnes.

307 3935 435 3999 115.
470 3943 629 3998 Rom.
660 3939 739 3995 De
763 3939 964 3995 duobus
983 3939 1133 3995 crucis
1175 3937 1483 3993 illuminatis
1519 3954 1550 3992 a
1582 3935 1830 3991 Domino.

237 4013 408 4081 Meus,
449 4013 583 4069 Caci
613 4013 718 4066 duo
748 4012 941 4066 vident.
976 4010 1110 4067 Urb.
1143 4009 1292 4067 Unde
1341 4011 1543 4081 pedem.
1602 4009 1721 4064 Vat.
1776 4009 1829 4075 1,

237 4082 369 4140 lude
397 4084 574 4154 pedes,
601 4083 733 4155 ead.
748 4091 858 4140 vet.
887 4100 987 4148 m.,
1017 4084 1223 4155 pedem.

308 4151 432 4213 144.
483 4151 655 4221 Meus,
686 4152 931 4224 clamore,
977 4151 1125 4226 quod
1153 4154 1323 4211 edidit
1370 4152 1693 4209 Fabricius:
1735 4151 1832 4207 sed

237 4228 582 4286 retinendum
614 4227 859 4282 clamare.

309 4302 432 4357 M5.
477 4302 681 4356 Omnes
721 4312 851 4353 mss.
910 4300 1084 4353 nostri
1140 4297 1349 4352 Decute.
1401 4296 1727 4351 Parrhasius
1777 4304 1834 4351 et

240 4374 483 4442 plerique
519 4370 651 4426 editi
682 4367 914 4442 Discute.
940 4369 1204 4442 cellarius
1227 4384 1349 4424 cum
1380 4368 1828 4442 pluribus‘mem-

238 4437 418 4499 brutiis
446 4443 688 4499 restituit
723 4439 937 4496 Decute.
970 4440 1104 4497 Vide
1135 4440 1172 4495 l.
1199 4456 1260 4508 tt,
1285 4453 1434 4495 vers.
1464 4439 1589 4508 154,
1620 4437 1828 4495 Decutit

237 4514 680 4587 expulsasillaesis
700 4513 924 4587 vultibus
945 4512 1173 4587 umbras.

308 4580 432 4642 116.
481 4586 600 4640 Vat.
626 4586 679 4638 1.
710 4582 779 4636 Et
808 4584 948 4637 clare
971 4598 990 4637 :
1018 4583 1135 4647 alii,
1164 4581 1235 4636 Et
1264 4583 1482 4637 clarum.
1512 4580 1624 4637 Ott.
1651 4582 1707 4646 2,
1735 4582 1824 4637 ed.

237 4657 410 4728 Lips,
444 4665 616 4711 tutum
644 4662 737 4709 est.
765 4655 914 4728 Meus
961 4654 1241 4723 mendose,
1274 4664 1421 4708 tuum
1439 4663 1532 4728 est.
1562 4652 1621 4708 In
1652 4654 1764 4708 Ott.
1797 4655 1819 4708 1

236 4725 456 4785 videtur
479 4730 644 4783 luisse
668 4737 850 4790 totum,
872 4726 1071 4781 factum
1092 4735 1258 4780 tutum
1274 4741 1396 4780 cum
1418 4725 1601 4795 glossa
1622 4741 1826 4794 sanum,

238 4801 468 4870 ﬁrmum.
524 4799 846 4854 Communis
888 4798 1130 4853 omnium
1186 4799 1455 4868 scriptura
1505 4805 1673 4850 tutum
1711 4797 1829 4852 sine

237 4882 329 4927 est.

307 4945 432 4999 H7.
475 4939 667 4998 Parrlt.
699 4939 868 5006 Quam
895 4956 1086 4994 sanum
1129 4941 1195 4995 sit
1235 4956 1381 4994 nosse
1409 4938 1599 5010 Deum.
1633 4939 1768 5010 Reg.
1800 4940 1824 4994 1

237 5013 289 5070 in
337 5025 621 5077 contextu,
663 5010 794 5082 Reg.
824 5014 881 5078 2,
911 5013 966 5081 5,
1015 5012 1125 5067 Ott.
1164 5013 1186 5066 1
1224 5026 1254 5064 a
1281 5026 1393 5067 sec.
1430 5028 1531 5077 m.,
1576 5009 1733 5076 Ald;
1778 5021 1832 5065 ut

237 5086 389 5142 multi
410 5085 562 5148 editi,
589 5081 764 5149 Quam,
780 5100 964 5136 sanum
987 5095 1060 5155 est
1075 5099 1319 5155 cognosse
1342 5081 1527 5137 Deum.
1545 5081 1620 5136 Ita
1641 5086 1828 5155 Arntz.

238 5159 358 5212 sine
385 5165 486 5214 est.
515 5156 615 5211 Μκ.
644 5155 962 5218 Burmanni,
1014 5154 1149 5224 Reg.
1182 5157 1205 5208 1
1242 5154 1306 5208 ad
1335 5169 1485 5225 marg
1539 5168 1637 5223 pro
1665 5154 1719 5207 d.
1755 5170 1828 5219 s.,

240 5227 408 5296 Quam
464 5227 666 5281 clarum
710 5236 784 5281 est
815 5241 1059 5296 cognosse
1104 5225 1287 5281 Deum.
1341 5226 1451 5281 Ott.
1482 5227 1505 5280 1
1538 5239 1571 5280 a
1603 5241 1698 5296 pr.
1730 5242 1830 5290 m.,

239 5295 410 5366 Quam
434 5300 634 5353 clarum
662 5297 860 5351 novisse
880 5295 1070 5351 Deum.
1101 5296 1250 5353 Meus
1273 5297 1324 5352 in
1352 5307 1631 5364 contextu,
1669 5295 1833 5363 Quam

235 5387 418 5426 sanum
447 5371 646 5424 novisse
676 5366 858 5422 Deum.
883 5367 1034 5441 Meus
1056 5384 1152 5439 pro
1172 5368 1225 5441 d_.
1243 5384 1290 5422 s.
1323 5384 1631 5441 perperam,
1660 5368 1832 5436 Quam

236 5442 440 5497 clarum
493 5452 924 5512 estgcognoscere
975 5438 1164 5494 Deum.
1198 5438 1380 5506 Romi,
1434 5440 1600 5505 Quam
1634 5456 1830 5512 sanum

235 5527 541 5585 cognoscere
568 5510 755 5577 Deum,
787 5518 1103 5566 correctum
1138 5527 1384 5585 cognosce
1415 5511 1598 5585 Deum:
1632 5510 1751 5585 Vat.
1799 5513 1823 5566 1

233 5581 373 5641 male
397 5586 569 5651 Quam
598 5598 784 5637 sanum
804 5581 1401 5656 estcognoscereDeum.
1431 5583 1556 5641 Vat.
1572 5583 1630 5652 2,
1663 5581 1824 5649 Urb.,

305 5685 330 5713 ⁸
360 5676 632 5731 Observat
675 5671 918 5745 Juretus,
952 5684 1214 5728 uacuasset
1256 5688 1379 5729 esse
1411 5689 1509 5745 pro
1564 5680 1830 5738 vacuaret,

234 5757 292 5804 ut
319 5747 621 5820 replevisset
649 5758 749 5814 pro
777 5743 1021 5816 repleret,
1051 5753 1107 5800 et
1144 5745 1178 5800 Ι.
1208 5760 1261 5813 v,
1290 5743 1427 5817 capi
1464 5748 1520 5816 7,
1562 5747 1832 5802 meruisset

478 5841 760 5904 ΡΑΤιιοι..
807 5838 985 5900 ΧΙΧ.

1858 4333 1910 4394 D

1935 3007 2122 3085 [Seque
2152 3009 2212 3085 id,
2235 3008 2365 3064 ferri
2398 3017 2595 3085 potest.
2629 3009 2797 3065 Prosa
2841 3026 2939 3081 pro
2984 3007 3232 3085 cognosse
3276 3020 3446 3074 refert
3488 3022 3541 3074 in

1935 3078 2048 3135 Deo
2074 3081 2302 3135 studiose
2327 3080 2605 3151 confidere.

2008 3151 2132 3226 118.
2169 3152 2347 3226 Prima
2377 3167 2571 3208 manus
2595 3153 2647 3207 in
2680 3157 2868 3210 Arntz.
2897 3170 2995 3226 pro
3024 3173 3226 3213 sensere
3247 3160 3437 3216 scribit
3460 3164 3535 3217 vi.

1937 3224 2079 3285 dere,
2114 3224 2282 3278 invita
2315 3238 2500 3294 prosa.

2011 3294 2133 3352 M9.
2177 3295 2309 3364 Reg.
2359 3296 2386 3350 1
2439 3296 2646 3366 defuso,
2679 3296 2884 3353 factum
2916 3298 3134 3367 diffuso.
3184 3300 3454 3359 Similiter
3485 3306 3539 3360 iu

1937 3365 2060 3422 Vat.
2113 3368 2387 3443 idlefuso
2401 3365 2665 3443 mutatum
2697 3378 2781 3424 est
2811 3369 2864 3443 in
2916 3365 3112 3443 difuso.
3165 3371 3419 3443 Plerique
3447 3378 3540 3432 alii

1934 3452 2072 3517 mss.
2105 3438 2321 3517 (li/fuso.
2347 3439 2493 3517 Editj
2524 3440 2699 3517 etiam
2735 3438 3369 3517 variant.:_Burmauntis
3413 3462 3541 3517 pro-

1936 3509 2092 3565 babat
2124 3509 2330 3580 defuso.
2367 3510 2441 3564 De
2466 3510 2567 3565 hac
2588 3513 2854 3568 varietate
2883 3514 3163 3570 scribendi
3194 3516 3306 3571 dixi
3340 3517 3393 3572 in
3416 3509 3539 3573 ἠομ

1935 3581 2002 3635 ad
2032 3581 2389 3636 Dracontiutn
2415 3582 2453 3637 Ι.
2490 3598 2569 3651 ut,
2606 3598 2747 3638 vers.
2782 3585 2870 3639 75.

2009 3652 2131 3730 l§0.
2168 3656 2383 3730 Arata"
2418 3655 2640 3709 scheda:
2667 3654 3141 3730 ΡουιιιιμΡίιιῚνιι.⁷
3178 3657 3328 3730 Meus
3360 3676 3459 3730 pro
3482 3663 3514 3718 d
3572 3724 3576 3728 θ

1936 3738 2008 3788 8.,
2041 3723 2176 3801 Reg.
2210 3724 2266 3791 2,
2297 3725 2409 3801 Ott.
2446 3731 2465 3778 l
2501 3740 2685 3801 a_sec.
2718 3743 2817 3801 m_.,
2846 3728 3040 3801 [uisere
3072 3745 3091 3782 :
3131 3723 3238 3784 alii
3277 3723 3541 3801 micuere;

1936 3796 2216 3869 quodpro
2267 3796 2449 3864 glossa
2478 3797 2728 3869 yel_d._s.
2764 3799 2819 3869 in
2848 3796 2990 3869 Reg.
3038 3801 3072 3854 2
3113 3800 3422 3869 apponitur.

2010 3865 2137 3938 151.
2168 3866 2383 3938 Arum,
2417 3865 2633 3938 schedae
2664 3867 2899 3932 Poelm.,
2942 3868 3075 3938 Reg.
3105 3865 3160 3937 2,
3188 3865 3502 3928 'micuerunt
3525 3893 3546 3930 :

1938 3937 1990 4008 in
2020 3935 2154 4005 Reg.
2186 3937 2221 3989 2
2249 3936 2453 4008 glossa,
2475 3937 2576 4008 ~vel
2607 3937 2659 3989 d.
2691 3954 2764 4003 s.,
2798 3935 3092 4005 radiarunt,
3140 3935 3263 4008 quae
3293 3958 3541 3999 comm"-

1938 4006 2061 4063 nior
2088 4016 2174 4063 est
2198 4006 2380 4062 lectio.
2415 4006 2556 4062 Editi
2588 4008 2835 4077 plerique
2861 4006 3168 4077 radiorum,
3200 4010 3393 4066 Parrlt.
3441 4019 3541 4069 nn"-

1938 4092 2173 4133 cuerunt.
2206 4079 2262 4135 In
2289 4078 2402 4134 Ott.
2433 4083 2450 4132 l
2489 4081 2762 4147 posterior
2786 4095 2982 4134 manus
3012 4080 3135 4136 fecit
3170 4084 3463 4138 redierunt.

2012 4149 2139 4207 152.
2170 4150 2329 4205 Rom.
2369 4149 2444 4205 De
2470 4151 2697 4221 quodam
2722 4165 2886 4222 egro.
2939 4150 3151 4206 Poelm.
3211 4152 3540 4211 Dwmouiutn

1938 4234 2137 4276 mutum
2164 4224 2391 4277 eiicitur.

2011 4293 2136 4350 156.
2165 4291 2322 4363 Urb.,
2349 4291 2508 4347 Rom.
2533 4305 2725 4348 errore
2746 4293 2981 4348 metrico
3006 4304 3371 4364 transponunt
3403 4296 3543 4353 Deus

1934 4366 2113 4419 versis.
2146 4364 2296 4421 Meus
2323 4364 2481 4419 versis
2509 4364 2761 4419 Dominus
2790 4365 3055 4418 contraria
3080 4381 3098 4419 :
3120 4366 3215 4420 sed
3241 4366 3397 4423 deest
3418 4384 3540 4424 sen-

1934 4451 2056 4503 sus;
2083 4437 2149 4492 ad
2198 4452 2370 4509 marg.
2423 4451 2522 4507 pro
2565 4435 2622 4492 d.
2653 4452 2701 4491 s.
2749 4445 2901 4492 recte
2940 4438 3096 4491 versis
3144 4435 3287 4493 Deus
3329 4439 3383 4493 in
3414 4456 3538 4495 con-

1934 4510 2115 4563 traria.

2007 4580 2130 4635 158.
2163 4579 2322 4664 Rom.
2355 4577 2457 4636 Ubi
2479 4580 2740 4637 Dominus
2764 4578 2911 4636 dedit
2933 4587 3238 4655 potestatem
3268 4582 3540 4656 discipulis

1933 4668 2090 4719 super
2114 4667 2310 4707 omnia.

2009 4722 2132 4778 159.
2162 4723 2280 4779 Vat.
2317 4723 2371 4788 1,
2401 4726 2523 4781 totis
2544 4723 2821 4779 virtutibus
2850 4732 2897 4778 et
2925 4724 3082 4778 simul
3102 4723 3342 4797 implens.
3367 4726 3543 4783 Vonc-

1937 4794 2063 4850 kius
2093 4797 2197 4868 ait,
2214 4811 2430 4868 sensum
2455 4797 2679 4868 exigere
2703 4806 2777 4850 tot
2794 4813 2980 4868 eosque
3006 4794 3184 4851 simul.
3207 4798 3401 4853 Merito
3427 4799 3541 4854 dis-

1937 4869 2107 4922 sentit
2131 4866 2520 4939 Wopkensius,
2558 4866 2659 4938 qui
2713 4879 2767 4922 et
2806 4866 2922 4935 ipse
2963 4870 3184 4937 conjicit
3212 4879 3441 4939 totosque
3468 4875 3539 4925 si-

1936 4940 2069 5012 mul.
2099 4941 2135 4994 i.
2161 4955 2237 5003 e.,
2259 4956 2468 5012 omnes,
2499 4940 2595 5012 sed
2628 4939 2831 4993 retinet
2873 4941 3095 5012 totisque
3139 4956 3236 5009 pro
3277 4942 3535 4996 erunibus.

1939 5009 2226 5065 Notionem
2257 5010 2397 5067 hanc
2424 5009 2573 5064 vocis
2603 5020 2739 5064 totus
2772 5026 2870 5079 pro
2910 5009 3100 5076 omnis,
3135 5012 3373 5080 sequiori
3423 5029 3539 5067 :cvo

1938 5081 2264 5151 adhibitam,
2325 5083 2379 5136 in
2437 5080 2664 5151 Virgilio
2714 5093 2769 5136 et
2811 5083 3078 5137 Cicerone
3127 5081 3324 5135 frustra
3370 5084 3540 5147 qnzrri

1941 5152 2178 5207 affirmat
2228 5152 2371 5208 ident
2418 5151 2814 5213 Wonkensius.
2872 5153 2979 5208 Alii
3036 5152 3229 5206 similia
3288 5157 3539 5219 exempla

1939 5223 2136 5296 _Plauti,
2165 5223 2382 5279 Phaedri
2418 5232 2475 5278 et
2504 5223 2661 5278 Hirtii
2706 5225 2969 5295 allegant.
3009 5222 3335 5296 Conjectura
3371 5224 3542 5296 Wnp-

1938 5293 2115 5352 kensii
2143 5304 2375 5367 totosque
2397 5296 2665 5367 reperitur
2695 5296 2748 5350 in
2770 5293 2905 5367 meo
2944 5294 3169 5367 codice;
3218 5299 3313 5349 sed
3345 5293 3536 5367 eadem

1938 5382 2133 5421 manus
2163 5362 2401 5422 correxit
2445 5362 2684 5437 totisque.
2743 5366 2892 5420 lianc
2934 5362 3219 5437 lectio'nem
3251 5365 3541 5423 conﬁrmat

1935 5452 2142 5508 prosa:
2192 5445 2249 5493 et
2297 5436 2587 5508 exponere
2629 5451 2941 5508 possumus,
2993 5436 3232 5507 integris,
3287 5439 3541 5495 universis

1930 5510 2201 5566 virtutibus
2224 5509 2470 5582 implens.

1941 5687 2038 5742 pro
2063 5684 2359 5727 mereretur.
2433 5672 2659 5728 Mutatio
2699 5670 2890 5742 istlucc
2920 5679 3225 5740 temporum
3260 5670 3543 5733 familiaris

1938 5741 2022 5801 est
2048 5746 2404 5817 scriptoribus
2434 5744 2706 5815 sequioris
2750 5741 2952 5797 anatis.

2991 5836 3084 5896 a21
