4038 6312
470 273 578 335 658

1592 473 1705 549 [mo
1733 473 2001 547 parentis,

611 574 880 633 Sordibus
900 570 1160 639 exclusis,
1184 570 1376 628 oculos
1405 576 1569 642 atque
1592 582 1688 624 ora
1718 566 1942 624 novavit
1970 583 1985 634 ;

610 668 899 740 Verbaque
943 681 1042 738 per
1069 666 1322 734 verbum,
1353 679 1452 739 per
1486 664 1669 721 lumen
1711 662 1914 720 lumina
1956 676 2078 718 sur-

1823 757 2002 832 [gunt.

681 857 921 915 Venerat
944 865 1002 914 et
1029 855 1254 923 mulier,
1286 854 1480 913 morbo
1508 861 1793 912 contracta
1823 857 2060 917 vetusto,

464 950 574 1009 200
610 950 725 1011 Non
755 951 935 1017 senio,
983 946 1369 1015 tremebunda,
1418 962 1664 1019 gemens,
1705 945 1952 1015 incurva,
1984 957 2077 999 ca-

1696 1103 1700 1106 ,
1821 1038 2003 1113 [ducis

611 1138 890 1205 Vultibus,
922 1144 981 1194 et
1006 1137 1179 1194 solam
1210 1136 1541 1208 despectans
1567 1147 1769 1191 cernua
1797 1140 2022 1190 terram.

613 1232 770 1302 Quae,
811 1231 1044 1288 Domino
1093 1230 1410 1297 miserante,
1454 1228 1616 1300 juges
1658 1234 1784 1300 post
1824 1237 1951 1283 octo
1982 1224 2079 1282 de-

1751 1320 2003 1395 [cemque

610 1421 851 1480 Membra
878 1420 1020 1478 levat
1050 1432 1279 1487 messes,
1304 1416 1638 1489 coelumque,
1664 1429 1729 1472 ac
1756 1413 1938 1471 sidera
1960 1422 2077 1468 tan-

1852 1505 2004 1581 [dem

1865 262 2088 327 αωιιι
2126 262 2407 330 SEDULH

612 388 777 464 259
802 386 955 444 Tunc
982 383 1247 441 Dominus
1273 379 1485 451 mundi,
1507 380 1603 439 lux
1630 386 1838 450 nostra,
1868 390 1927 437 et
1953 396 2068 438 ser-
2092 385 2143 445 Α

3675 260 3775 322 050

2314 378 2478 453 200
2520 374 2730 446 Cernit,
2787 380 2845 432 et
2891 373 3178 434 ardentem
3222 373 3359 434 solis
3404 371 3774 433 reminiscitur

2350 510 2353 515 ›
3472 470 3705 545 [orbem,

2176 567 2285 626 205
2322 566 2518 623 Totum
2565 572 2748 624 erecta
2777 564 3011 632 videns;
3060 564 3186 636 quia
3217 578 3356 637 quos
3401 562 3577 620 malus
3603 561 3775 634 oppri-

3361 654 3486 729 [mit
3513 653 3706 721 hostis,

2321 753 2433 811 Ima
2477 760 2709 828 petunt;
2758 767 2896 826 quos
2923 751 3181 810 Christus
3227 750 3346 821 alit,
3394 751 3518 808 sine
3547 749 3669 807 labe
3697 765 3780 807 re.

3433 839 3709 915 [surgunt.

2390 940 2636 1012 Cumque
2676 938 2876 997 dehinc
2924 937 3184 1010 populum
3216 951 3340 996 sese
3367 935 3424 992 in
3452 935 3668 992 deserta
3695 950 3777 993 se-

3474 1030 3707 1104 [cutum,

2321 1128 2393 1187 Ut
2417 1129 2631 1201 typicus
2654 1127 2889 1202 Moyses,
2922 1142 3195 1200 verosque
3223 1127 3519 1199 propheta,
3550 1123 3753 1183 videret

2318 1222 2609 1293 Antiquam
2637 1221 2845 1277 sentire
2875 1218 3108 1286 famem,
3141 1218 3439 1292 majoribus
3469 1219 3611 1277 actis

2176 1316 2285 1375 210
2322 1314 2615 1386 Antiquam
2639 1315 2966 1372 monstravit
2986 1327 3187 1385 opem;
3223 1322 3350 1370 tunc
3377 1313 3513 1371 alite
3540 1312 3709 1369 multo

2323 1407 2516 1465 Carnis
2566 1407 2749 1480 opima
2799 1406 2988 1478 dedit,
3044 1406 3283 1479 geminis
3322 1406 3491 1466 modo
3547 1405 3775 1477 piscibus

3520 1498 3709 1574 [ausit.

2181 1615 2437 1674 CRALE.
2459 1623 2462 1631 '

2181 1617 2462 1674 CHALE.‘

471 1727 738 1800 compulit
765 1725 1031 1783 insanire.
1055 1722 1196 1779 Huic
1219 1719 1535 1778 misericors
1559 1719 1732 1776 totius
1753 1617 2286 1779 ωιειῗιῗὲἒιιῗῗιδιεηι
2329 1710 2621 1783 aliquando
2665 1711 3042 1769 reminiscitur
3067 1727 3128 1770 se
3154 1711 3386 1770 vidisse.
3435 1711 3581 1781 Quid
3627 1712 3778 1770 dide-

477 1831 655 1889 vator,
698 1821 787 1877 lux
830 1828 1040 1883 nostra,
1072 1831 1254 1874 sermo
1289 1815 1579 1888 genitoris,
1607 1813 1853 1871 obsceno
1878 1810 2078 1883 spiritu

474 1916 716 1981 turbato,
745 1913 926 1969 visum
950 1909 1209 1973 reddidit,
1242 1923 1306 1965 os
1346 1908 1584 1977 novavit,
1615 1922 1824 1979 perque
1848 1905 2075 1963 verbum

476 2008 642 2064 verba
668 2005 982 2076 proﬁciunt,
1007 2018 1105 2074 per
1133 2003 1315 2058 lumen
1346 2001 1550 2057 lumina
1577 2000 1929 2056 reviviscunt.

547 2101 744 2157 Mulier
786 2112 1003 2171 quoque
1032 2106 1262 2153 venerat
1308 2093 1644 2166 sospitanda,
1688 2094 1860 2149 veteri
1907 2093 2079 2164 magis

475 2202 763 2271 contracta
792 2190 1006 2256 morbo,
1038 2203 1199 2259 quam
1228 2188 1404 2251 senio,
1437 2198 1595 2259 gestu
1620 2186 1869 2253 tremula,
1903 2184 2084 2257 gemi-

476 2288 622 2344 tibus
665 2284 899 2349 aubeia,
951 2281 1193 2351 scapulis
1239 2295 1443 2348 curva,
1494 2280 1735 2335 vultibus
1779 2279 2079 2347 inclinata,

475 2393 801 2450 semperque
827 2376 1159 2447 despectans
1198 2374 1456 2429 humilem
1488 2388 1687 2428 cernua
1718 2371 2080 2442 depressione

473 2472 752 2531 tellurem.
794 2469 928 2539 Quae
958 2466 1173 2523 Domini
1207 2465 1504 2522 virtutibus
1531 2464 1761 2521 allevata
1788 2473 1915 2536 post
1956 2475 2081 2521 octo

468 2564 629 2637 juges
660 2576 855 2625 annos,
901 2574 965 2615 ac
993 2558 1210 2623 decem,
1243 2557 1505 2613 membris
1555 2565 1738 2613 erecta
1792 2557 2079 2626 suspensis

2175 1818 2282 1874 rat,
2312 1806 2458 1863 idola
2490 1806 2758 1875 colentes,
2789 1806 3081 1875 advertite,
3107 1806 3253 1863 inter
3281 1807 3474 1875 Deum,
3505 1822 3667 1879 quem
3699 1805 3780 1862 fu-

2175 1904 2323 1976 gitis,
2353 1910 2410 1959 et
2448 1900 2780 1968 daemonem,
2806 1917 2970 1973 quem
3001 1902 3249 1973 placatis,
3281 1900 3327 1958 si
3358 1901 3563 1973 placari
3596 1912 3769 1957 tamen

2175 2000 2223 2057 is
2250 2000 2446 2071 possit,
2478 2000 2571 2070 qui
2598 1996 2801 2054 [ardere
2822 2013 2932 2053 non
2958 1997 3194 2054 desistit.
3222 1996 3427 2054 Omnes
3450 1997 3622 2066 enim,
3651 2010 3779 2068 quos

2176 2096 2275 2154 ille
2298 2095 2569 2167 possidet,
2598 2093 2986 2165 opprimuntur
3016 2112 3030 2150 :
3057 2110 3193 2166 quos
3223 2093 3481 2152 Christus
3504 2096 3636 2168 iugo
3663 2110 3779 2152 sua-

2180 2188 2422 2246 vissimas
2452 2188 2693 2244 levitatis
2720 2198 2937 2257 onerat,
2965 2188 3295 2244 allevantur.

2252 2281 2384 2338 Inde
2411 2296 2535 2337 cum
2562 2281 2820 2353 populum
2848 2282 2901 2336 in
2927 2279 3146 2338 deserta
3175 2295 3299 2337 sese
3320 2290 3694 2352 prosecutum,
3727 2288 3782 2336 ut

2184 2374 2402 2449 Moyses
2443 2374 2684 2448 typicus,
2735 2386 2792 2431 et
2838 2374 3104 2446 propheta
3132 2391 3316 2443 verus,
3348 2375 3622 2446 aspiceret
3649 2374 3777 2430 anti-

2190 2485 2316 2541 quae
2338 2470 2519 2525 victus
2546 2468 2842 2525 sterilitate
2877 2467 3134 2537 deiicere,
3167 2468 3425 2524 maximis
3454 2468 3677 2540 antiqua
3696 2482 3780 2524 so-

2181 2562 2313 2618 latia
2358 2562 2636 2634 reparavit
2674 2562 3003 2634 augmentis.
3048 2561 3202 2618 Tunc
3241 2561 3513 2632 siquidem
3551 2561 3783 2633 repenti.

472 2658 673 2715 emtum
720 2662 929 2720 tuetur,
971 2667 1038 2708 ac
1083 2650 1289 2721 sidera,
1338 2649 1674 2722 globumque
1702 2649 1839 2706 solis
1881 2651 2084 2709 arden-
2181 2671 2307 2712 nam
2334 2656 2521 2712 multa:
2550 2654 2796 2713 volucris
2820 2669 3067 2723 carnem,
3093 2652 3255 2711 modo
3277 2652 3515 2711 duorum
3558 2653 3783 2726 piscium

1963 2787 2280 2849 SCHOLIA.

544 2893 670 2952 196.
704 2889 911 2947 Poelm.
933 2885 1001 2943 ad
1031 2901 1233 2957 marg.,
1265 2884 1433 2941 Fabr.
1463 2892 1522 2940 et
1562 2883 1651 2939 alii
1685 2882 1932 2957 nonnulli
1960 2883 2083 2939 vul-

472 2967 608 3041 gati,
635 2966 900 3041 lux‘vera.
927 2954 1406 3041 Schedre:_Poelm.
1450 2971 1577 3041 cum
1609 2954 1814 3041 nostris
1863 2968 1993 3041 mss,
2027 2965 2084 3011 et

472 3026 934 3111 priestantissimis
957 3029 1313 3111 editionibus,
1339 3028 1432 3083 tua:
1447 3038 1644 3111 nostra.
1667 3026 1856 3095 Rom.,
1876 3038 2075 3097 nostra,

472 3101 681 3167 sermo:
718 3113 952 3160 ntetrum
986 3101 1153 3172 exigit
1182 3110 1380 3172 nostra,
1409 3108 1455 3153 et
1486 3115 1675 3172 sermo,

544 3181 669 3238 197.
704 3177 855 3233 Meus
906 3169 1167 3231 mendose
1213 3169 1447 3226 Moribus
1494 3187 1594 3240 pro
1640 3169 1920 3226 Sardibus.
1972 3169 2075 3226 Ed.

468 3253 619 3323 Lips.
655 3248 935 3323 nonmale
976 3244 1207 3323 appulsis
1236 3258 1339 3313 pro
1382 3242 1918 3323 cretaeis._8edulius
1947 3242 2078 3299 alibi

468 3313 633 3380 eti-am
664 3319 890 3376 adhibet
915 3313 1137 3372 excludo
1161 3329 1260 3385 pro
1289 3314 1511 3385 expello.
1536 3314 1593 3367 S.
1624 3313 1883 3367 Damasus
1900 3328 2073 3368 carm.

469 3412 509 3461 ι,
545 3395 600 3450 in
640 3392 853 3461 laudem
891 3387 1108 3461 Davidis
1131 3383 1421 3461 {Sedibus
1446 3383 1693 3461 depositis
1723 3392 1950 3461 purgant
1989 3401 2081 3454 pe-

469 3453 693 3522 netralia
719 3460 928 3523 cordis;
958 3458 1051 3528 qui
1092 3471 1285 3512 versus
1317 3456 1369 3509 in
1411 3454 1598 3528 codice
1630 3453 1895 3528 Yaticano
1923 3471 2073 3511 num.

471 3537 565 3602 84,
597 3537 651 3591 in
679 3550 787 3602 quo
809 3540 894 3587 est
925 3524 1246 3584 Psalterium
1275 3527 1626 3602 «inversione
1645 3524 1703 3581 S.
1739 3526 2074 3602 Hieronymi,

472 3597 597 3665 etin
618 3597 852 3677 quodam
877 3602 1268 3677 epigrammate
1290 3598 1391 3653 sub
1494 3597 2074 3677 liieronymi_no_mine,

473 3670 672 3733 melius
702 3670 938 3745 legitur,
961 3670 1218 3745 Sardibus
1246 3670 1517 3745 expositis,
1549 3679 1694 3745 e_tc.,_
1713 3670 1922 3745 ac__iegi
1955 3684 2081 3745 pos:-

470 3759 556 3805 sct
584 3740 839 3811 expulsis,
858 3744 942 3801 vel
968 3740 1214 3798 exclusis.
1247 3741 1304 3798 In
1331 3740 1733 3814 alioiPsalterio
1760 3740 2078 3814 Hieronymi

476 3820 604 3877 cod.
636 3819 812 3875 Vatic.
844 3814 1009 3880 4226,
1041 3817 1374 3885 epigramma
1396 3812 1946 3885 editumillieronymi
1970 3812 2078 3869 ἠο-

475 3893 625 3949 mine
654 3890 910 3947 tribuitur
940 3884 1192 3956 Damasi),
1222 3897 1279 3942 et
1307 3886 1474 3941 simili
1509 3884 1669 3940 modo
1698 3884 1918 3956 legitur,
1950 3886 2080 3942 Sor-

477 3964 629 4019 dibus
655 3961 923 4031 expositis.

553 4035 677 4092 198.
704 4028 853 4089 Meus
882 4040 1139 4101 corrupte
1173 4029 1468 4099 Umbroque
1496 4045 1589 4096 per
1616 4028 1844 4095 verbum,
1877 4043 1943 4083 ac
1980 4028 2083 4083 mi-

478 4124 581 4164 nus
616 4107 894 4175 eleganter
936 4119 1027 4175 per
1068 4103 1233 4157 lucem
1280 4103 1500 4168 lumina,
1554 4101 1803 4172 quamvis
1847 4115 2080 4171 praeces-

480 4180 617 4236 serit
641 4179 734 4234 tua:
760 4183 956 4231 nostra.

554 4250 676 4307 199.
709 4249 893 4317 Rom.,
949 4245 1023 4301 De
1070 4245 1283 4300 muliere
1324 4254 1627 4317 contracta.
1660 4243 1829 4310 Meus,
1885 4242 2081 4298 Mulier

477 4340 636 4378 curua
661 4321 895 4387 erigitur.
920 4317 1281 4387 Cappusotus.
1307 4327 1587 4382 contacta;
1620 4316 1760 4386 lege,
1785 4324 2078 4370 contracta.

478 4393 643 4456 Urb.,
671 4388 921 4457 ridicule,
950 4388 1129 4443 morbo
1160 4396 1424 4442 contracta
1451 4396 1683 4441 venusto.

514 4462 522 4470 ’
551 4463 679 4518 200.
710 4461 886 4526 Meus,
933 4459 1091 4522 Urb.,
1126 4458 1248 4529 Non
1283 4459 1428 4512 senio
1468 4458 1808 4529 tremebunda
1850 4473 2076 4529 gemens,

478 4535 568 4590 sed
596 4548 753 4587 curva
776 4529 989 4585 caducis
1013 4558 1086 4571 —-
1123 4528 1382 4597 Vultibus,
1416 4530 1559 4598 quod
1610 4528 1824 4593 probari
1854 4528 2078 4598 nequit.

481 4603 816 4663 Arutzenius
855 4601 1188 4669 iuterpuugit
1211 4601 1423 4669 incurva
1449 4600 1677 4653 caducis.
1714 4599 1832 4658 Vel.
1868 4616 1885 4654 ι
1914 4600 2081 4656 inter-

480 4676 673 4747 pungit
698 4677 934 4747 incuruo,
958 4668 1168 4747 caducis
1188 4700 1259 4710 —-
1287 4668 1550 4747 V_ult_ibus_,
1575 4670 1719 4740 quod
1747 4685 1853 4726 non
1883 4672 2082 4727 malum

479 4741 704 4804 scus'um
732 4742 940 4799 efﬁcit:
974 4741 1067 4795 sed
1102 4756 1259 4809 prosa
1284 4741 1429 4795 aliud
1458 4743 1591 4795 vult.

556 4817 683 4873 202.
712 4818 897 4870 Arntz.
926 4812 1115 4868 scribit
1124 4812 1272 4884 jugis
1292 4824 1392 4881 pro
1410 4814 1657 4884 jugesex
1679 4812 1897 4884 diverso
1918 4814 2081 4871 modo

477 4886 806 4947 terminandi
826 4882 1199 4956 hujuscemodi
1230 4897 1388 4937 casus
1410 4882 1668 4956 plurales,
1687 4883 1880 4956 jugeis,
1901 4884 2079 4956 juges,

481 4961 722 5035 gtjugis.
773 4954 1145 5035 Wopkensjus
1196 4965 1345 5035 recte
1401 4953 1644 5035 exploitit
1708 4953 2078 5035 conjecturam

482 5023 712 5095 Ba'rttviii,
746 5023 1004 5081 reserante
1030 5023 1160 5078 Deo.
1195 5025 1355 5079 Certe
1395 5023 1618 5079 Domino
1652 5026 1942 5089 miserante,
1976 5027 2082 5084 hoc

482 5114 589 5172 est,
643 5100 909 5172 bettolicio
940 5096 1196 5172 Domini,
1237 5096 1647 5172 ‘probumhest,
1692 5097 1973 5172 magisque
2008 5115 2076 5155 ex

482 5165 626 5247 styio
654 5169 1044 5247 ecclesiastico.
1089 5165 1370 5247 Fabricius
1399 5166 1567 5247 edidit
1608 5167 1757 5247 Qum,
1797 5165 2078 5247 miserante

482 5238 617 5312 DEo,
637 5248 830 5318 juges_:
853 5240 922 5318 itl_
935 5240 1105 5318 secuti
1132 5247 1256 5318 sunt
1284 5238 1530 5292 nonnulli
1550 5239 1780 5318 vulgati,
1809 5255 1871 5318 ac
1892 5241 2074 5318 deign-

483 5310 619 5373 dunt
637 5310 864 5371 scitedte
891 5310 1121 5373 Poelm.,
1146 5310 1270 5379 quia
1297 5323 1455 5365 JUGES
1481 5310 1704 5383 primam
1724 5311 1985 5383 producit.
2006 5316 2076 5369 At

481 5389 614 5459 quid
643 5385 966 5459 boc_rei"e_rt,
994 5396 1218 5459 cum_ex
1251 5383 1492 5459 unanimi
1524 5381 1770 5436 codicum
1802 5397 2074 5459 consensu

480 5452 718 5525 constet,
749 5455 1025 5513 Sedulium
1051 5453 1280 5524 primam
1306 5453 1357 5506 in
1371 5452 1517 5525 jugis
1539 5466 1685 5525 saepe
1700 5454 2075 5525 corripuisse?

551 5531 680 5588 203.
703 5523 861 5584 Meus
889 5523 1146 5596 corrupte
1171 5526 1305 5596 lavat
1334 5523 1440 5596 pro_
1463 5523 1613 5577 levat.
1637 5523 1818 5586 Caut..
1851 5523 1982 5596 Reg.
2020 5531 2074 5595 1,

479 5600 669 5665 Rom..
710 5599 885 5666 Meus,
920 5595 1197 5661 Parrhas.,
1223 5594 1383 5666 Reg.
1416 5594 1508 5666 27a
1543 5610 1625 5665 pr.
1661 5612 1759 5663 m.,
1804 5594 2075 5665 obscure;

480 5674 609 5729 Vat.
640 5664 667 5729 1
698 5686 768 5726 ex
794 5664 1159 5731 correctione,
1200 5664 1310 5721 Ott.
1337 5668 1391 5733 2,
1423 5664 1582 5733 Urb.,
1612 5682 1830 5725 menses.
1862 5668 1994 5733 Reg.
2041 5664 2077 5727 2

489 5686 609 5729 vat.
640 5686 667 5729 ‘l
698 5686 768 5726 ex
794 5686 1159 5731 correcuoue,
1200 5686 1310 5721 υιι.
1337 5686 1391 5733 z,
1427 5686 1582 5733 un»,
1612 5686 1830 5725 menses.
1862 5686 1942 5726 ne
1983 5711 1994 5725 .
2041 5686 2073 5727 2

482 5759 548 5800 ex
573 5742 932 5811 correctione,
957 5738 1092 5809 Reg.
1117 5738 1171 5807 5,
1198 5737 1351 5811 Aid,
1374 5738 1499 5811 Yat.
1520 5737 1577 5807 2,
1606 5746 1667 5794 ut
1691 5739 1923 5811 videtur,
1943 5686 2073 5798 gat.

475 5815 498 5871 1
541 5832 568 5869 a
608 5828 691 5884 pr.
722 5827 823 5879 m.,
864 5809 1004 5880 Aug.
1037 5808 1094 5865 et
1137 5808 1294 5867 multi
1333 5809 1484 5878 editi,
1511 5826 1718 5882 messes,
1749 5814 1893 5885 quod
1910 5808 2076 5872 unice

2183 2886 2479 2943 tenendum
2508 2902 2574 2942 ex
2599 2886 2746 2943 Luca
2774 2900 2826 2942 c.
2856 2902 2970 2951 xm,
3001 2886 3095 2944 ubi
3136 2887 3251 2943 haec
3278 2887 3479 2945 mulier
3506 2888 3668 2945 annis
3694 2888 3784 2946 de-

2183 2974 2302 3014 cem
2332 2967 2387 3014 et
2415 2968 2538 3014 octo
2569 2974 2637 3014 co
2669 2958 2861 3013 morbo
2895 2958 3168 3031 laborasse
3196 2959 3419 3015 dicitur.
3477 2959 3666 3017 Μειδία
3689 2976 3781 3031 pro

2182 3044 2327 3086 anno
2367 3044 2512 3100 srepe
2558 3031 2816 3100 sumitur,
2869 3039 2929 3084 ut
2976 3029 3161 3097 hiems,
3190 3031 3372 3092 arista.
3419 3043 3531 3089 etc.
3574 3029 3780 3096 Arnim,

2182 3101 2294 3158 Ott.
2329 3103 2353 3158 1
2386 3102 2438 3157 in
2469 3110 2749 3175 contextu,
2782 3110 2839 3157 et
2857 3101 3144 3175 nonnullas
3183 3102 3475 3175 editiones,
3504 3114 3599 3172 et;
3631 3104 3786 3175 pleri-

2182 3189 2289 3244 que
2319 3189 2451 3247 mss,
2486 3190 2609 3247 cum
2655 3174 2778 3247 aliis
2805 3172 3119 3247 editispac.
3164 3174 3386 3247 Alb.ex
3418 3172 3603 3247 glossa
3633 3172 3778 3233 'levat

2182 3243 2387 3312 annos;
2418 3244 2617 3301 dcinde
2647 3243 2854 3310 caelum,
2888 3261 2950 3299 ac
2975 3244 3148 3299 sidera
3175 3246 3408 3302 tandem.

2252 3316 2380 3371 201.
2413 3317 2548 3387 Reg.
2578 3318 2635 3381 2,
2671 3332 2770 3382 ac;
2799 3318 2890 3372 alii
2923 3316 3221 3384 venustius,
3251 3326 3321 3371 et.

2251 3387 2379 3464 205.
2416 3389 2536 3464 Yet.
2569 3389 2622 3455 1,
2651 3389 2773 3459 quia
2795 3387 3336 3464 nos,-_emp_ndandum
3360 3400 3467 3458 est,
3495 3390 3621 3463 quia
3638 3407 3781 3464 quos.

2253 3459 2383 3515 206.
2419 3459 2443 3513 1
2454 3477 2539 3513 ma
2567 3458 2747 3531 petunt
2771 3475 2837 3513 ex
2864 3458 3093 3531 Virgilio
3122 3475 3237 3529 vm,
3268 3461 3357 3517 67.

2253 3532 2381 3588 207.
2409 3529 2594 3595 Rom.,
2630 3529 2676 3586 U
2682 3530 2746 3602 bi,
2760 3530 2892 3602 pluit
2915 3529 3105 3585 manna
3127 3532 3335 3601 populis
3361 3532 3457 3587 Dei
3477 3534 3531 3589 in
3560 3533 3778 3591 deserto.

2183 3601 2373 3676 Melius
2421 3603 2663 3676 Roelm.,
2712 3601 2948 3674 Quinque
2990 3602 3207 3676 panibus
3244 3604 3473 3676 quinque
3516 3605 3684 3660 millia
3709 3606 3784 3659 ci-

2184 3674 2389 3729 bantur.
2420 3674 2535 3730 Hoc
2579 3674 2724 3729 enim
2756 3684 2842 3730 est
2885 3674 3216 3746 praecipuum
3256 3674 3451 3747 capitis
3496 3693 3785 3749 argumen-

2190 3755 2324 3802 tum.

2252 3816 2377 3890 2708,.
2401 3816 2679 3890 Plerique,
2707 3824 2871 3890 atque
2891 3817 3242 3890 vetustissimi
3269 3818 3445 3890 nostri
3472 3834 3632 3884 mss.,
3651 3818 3779 3890 Reg.

2186 3888 2239 3952 1,
2268 3889 2324 3955 2,
2357 3889 2412 3956 5,
2446 3888 2598 3944 Vatt.
2629 3888 2753 3954 1,2,
2784 3888 2933 3951 Alb.,
2961 3888 3222 3943 Ottobon.
3247 3890 3301 3956 1,
3323 3888 3381 3957 2,
3411 3889 3600 3957 Rom.,
3622 3888 3780 3959 Aug.,

2181 3960 2469 4034 Meuicum
2495 3962 2681 4034 Cant.,
2704 3960 2908 4034 Parrh.
2930 3969 2986 4034 et
3008 3960 3131 4015 aliis
3152 3961 3337 4034 editis,
3365 3960 3785 4034 scribuntﬁloyc

2181 4048 2282 4087 ses.
2315 4030 2671 4088 Recentiores
2698 4047 2818 4102 cum
2846 4031 2973 4087 Ald.
3004 4038 3078 4102 et,
3106 4033 3237 4102 aliis
3263 4035 3568 4102 praeierunt
3591 4030 3779 4099 Moses,

2182 4104 2331 4173 quia,
2364 4112 2421 4158 ut
2448 4103 2686 4176 advertit
2728 4101 3029 4176 Grunerus.
3061 4101 3278 4176 Moyses
3298 4104 3647 4176 trisyllabum
3677 4105 3783 4175 pri-

2183 4172 2326 4229 mam
2374 4172 2626 4243 corripit,
2678 4184 2735 4229 et
2780 4174 3074 4229 secundam
3128 4172 3417 4243 producit.‘
3437 4175 3635 4231 Verum
3680 4172 3783 4230 etsi

2181 4245 2429 4316 exempla
2460 4244 2709 4315 quasdam
2758 4255 2907 4311 sunt,
2956 4261 3021 4316 ex
3077 4245 3276 4316 quibus
3301 4254 3549 4316 apparet,
3602 4258 3784 4315 poetas

2181 4315 2521 4373 Christianos
2568 4316 2796 4384 primam
2828 4318 2882 4371 in
2927 4315 3135 4387 Moyses
3174 4315 3531 4387 corripuisse,
3586 4332 3780 4373 secun-

2183 4333 2521 4373 uurtstianos
2568 4333 2796 4384 primam
2828 4333 2882 4371 in
2927 4333 3018 4371 M0
3055 4333 3135 4372 ses
3174 4333 3531 4387 corripuisse,
3586 4333 3778 4373 secun-

2183 4388 2306 4444 dam
2342 4387 2680 4453 produxisse,
2705 4396 2892 4443 tamen
2919 4333 3140 4442 diffilcile
3158 4396 3243 4444 est
3269 4388 3324 4444 in
3352 4387 3439 4442 bis
3470 4388 3778 4444 nominibus

2184 4460 2423 4531 propriis
2445 4458 2800 4531 Hebraeorum
2829 4459 3005 4530 legem
3027 4468 3292 4531 statuere,
3317 4459 3385 4514 ad
3411 4474 3579 4530 quam
3603 4473 3786 4515 versus

2186 4529 2469 4602 poetarum
2499 4529 2933 4602 Christianorum
2964 4529 3158 4602 retingi
3186 4529 3446 4602 debeant,
3498 4547 3622 4586 cum
3657 4545 3785 4599 poe-

2190 4600 2260 4659 ta:
2286 4601 2553 4671 sequioris
2582 4603 2779 4669 aetatis,
2811 4602 2972 4658 etiam
2998 4600 3228 4664 ethnici,
3251 4615 3398 4671 stupe
3424 4601 3478 4655 in
3503 4602 3782 4671 quibusvis

2191 4673 2501 4729 nominibus
2535 4674 2766 4744 propriis
2790 4672 3083 4744 efferendis
3108 4687 3355 4744 magnam
3386 4672 3491 4744 sibi
3516 4672 3783 4730 licentiam

2190 4745 2569 4815 arrogaverittt
2593 4762 2607 4798 :
2637 4743 2741 4814 qua
2765 4744 2834 4799 de
2854 4759 2917 4798 re
2936 4743 3167 4815 disserui
3188 4743 3439 4815 pluribus
3468 4743 3524 4798 in
3549 4744 3789 4800 Pruden-

2191 4814 2371 4871 tianis.
2406 4815 2559 4897 Quod
2583 4816 2780 4897 attinet
2805 4815 3025 4897 quidem
3052 4816 3118 4871 ad
3144 4814 3371 4897 Moyses,
3404 4815 3583 4884 prima
3616 4816 3787 4887 potius

2186 4897 2333 4960 esset
2362 4886 2730 4960 producenda,
2764 4903 2887 4960 cum
2915 4886 3108 4960 Gratce
3142 4886 3415 4960 scribatur
3448 4902 3547 4960 per
3575 4886 3783 4960 omega.

2188 4957 2455 5029 Quidquid
2500 4958 2551 5013 id
2583 4969 2689 5025 est,
2724 4958 2854 5013 nihil
2900 4957 3105 5026 obstat,
3148 4959 3443 5027 quominus
3473 4958 3683 5029 Moyses
3707 4957 3785 5015 sic

2186 5038 2472 5113 exaratum
2502 5029 2827 5113 (ﬁsyllabt‘tm
2859 5032 3054 5113 sitJter
3087 5029 3779 5113 contractionemduarum

2184 5101 2476 5173 vocalium.
2510 5099 2871 5173 Trisyllabum
2904 5100 3111 5173 Moyses
3143 5101 3247 5157 hoc
3283 5100 3482 5158 eodem
3530 5102 3673 5159 libro
3696 5117 3783 5158 oc-

2184 5172 2358 5229 currit
2386 5187 2533 5227 vers.
2557 5172 2693 5227 285.

2253 5245 2381 5297 210.
2411 5242 2626 5305 Arntz.,
2666 5242 2826 5299 Cant.
2866 5252 2922 5300 et
2950 5243 3166 5300 schedae
3205 5243 3441 5311 Poelm.,
3486 5261 3614 5302 cum
3650 5261 3776 5301 mss.

2185 5315 2387 5370 nostris
2417 5314 2549 5381 Reg.
2578 5313 2635 5381 2,
2676 5315 2731 5384 ὅ,
2764 5314 2938 5371 Vatic.
2985 5315 3040 5384 2,
3076 5314 3197 5371 Vat.
3231 5317 3255 5371 1
3305 5330 3371 5371 ex
3412 5317 3777 5384 correctione,

2183 5387 2368 5442 Ottob.
2392 5384 2449 5454 2,
2479 5384 2643 5454 Ang.,
2677 5383 2836 5452 Urb.,
2864 5383 3231 5454 Alb.,multo.
3263 5387 3355 5443 Sic
3385 5386 3607 5456 Parrlt.,
3636 5383 3776 5456 Aid.,

2183 5469 2238 5513 et
2266 5458 2446 5529 multa;
2468 5458 2703 5527 antiqua:
2722 5458 3016 5514 editiones.
3043 5458 3145 5513 Alii
3171 5473 3301 5514 mss.
3332 5467 3390 5514 et
3415 5460 3574 5529 editi,
3600 5460 3776 5515 multa.

2186 5527 2515 5598 Utrumlibet
2550 5537 2757 5583 rectum
2787 5537 2890 5598 est,
2923 5544 3044 5584 cum
3080 5529 3188 5585 ales
3211 5531 3282 5586 sit
3311 5540 3421 5587 tam
3471 5527 3777 5595 masculini,

2180 5616 2341 5673 quam
2374 5597 2595 5673 feminei
2626 5601 2864 5673 sanctis-

2248 5671 2377 5726 211.
2414 5669 2533 5749 Yet.
2570 5669 2712 5737 1,2,
2744 5671 2915 5749 Mam,
2954 5673 3175 5749 geminis
3211 5675 3378 5749 modo
3408 5674 3632 5749 panibus
3675 5688 3776 5727 am-

2179 5741 2345 5814 plum,
2378 5748 2433 5796 et
2466 5755 2518 5793 v.
2554 5754 2668 5812 seq.
2700 5743 2859 5819 pluit,
2902 5741 3058 5803 mde
3088 5746 3319 5819 piscibus
3342 5741 3517 5815 aitait,
3567 5747 3774 5801 inverso

2176 5823 2235 5873 et
2263 5822 2602 5885 praepostero
2630 5815 2845 5874 ordine.
3090 5815 3100 5819 ⁷
3200 5848 3203 5849 ν
