4038 6312
286 317 384 375 657

1544 527 1809 602 [amplum

414 619 667 692 Quinque
708 618 862 677 dedit
909 619 1110 676 victum
1161 634 1261 691 per
1307 619 1454 677 milia
1506 622 1746 694 quinque
1805 622 1882 677 vi-

1566 717 1777 792 [rorum
1789 760 1803 774 .

411 808 630 866 Caetera
661 809 815 867 turba
849 810 1020 879 latet,
1054 827 1287 870 numero
1325 828 1427 871 nec
1466 814 1743 871 clauditur
1771 816 1881 872 ullo

275 899 376 958 215
411 900 650 958 Maxima
676 917 970 974 parvorum
1003 902 1182 977 legio,
1211 907 1297 961 vel
1340 907 1577 963 maxima
1615 915 1872 963 matrum.

1415 315 1706 376 CARMEN
1742 318 2133 379 PASCHALE.
2174 321 2306 380 LIB.
2346 323 2440 382 111.

417 432 581 507 26],
597 431 893 491 Sufficiens
915 440 1043 490 tunc
1066 446 1264 490 manna
1282 431 1442 505 pluit,
1466 433 1632 491 modo
1656 435 1887 507 panibus
1912 438 1965 502 Α

3480 330 3589 389 658

2134 437 2315 495 Torva
2345 440 2686 500 laborantem
2710 442 2990 514 iactabant
3016 456 3240 517 aequora
3272 442 3499 517 puppim
3522 485 3540 513 ,

1984 530 2092 588 225
2128 532 2405 591 Adversus
2430 552 2555 594 nam
2594 536 2761 596 ﬂatus
2785 548 2935 607 erat;
2966 548 3095 596 tunc
3123 539 3302 596 noctis
3331 551 3517 609 opacas

2127 627 2401 700 Tempore
2411 631 2654 690 calcatas
2674 633 2942 691 Dominus
2960 633 3372 707 superambulat
3387 631 3587 704 undas,

2124 722 2193 778 Et
2216 722 2360 779 vasti
2383 725 2587 795 premit
2613 740 2742 782 arva
2767 726 2895 784 freti
2924 770 2941 797 ,
2978 728 3298 800 glaucisque
3326 725 3549 783 ﬂuentis

2121 815 2465 875 Circumfusa
2494 833 2683 877 sacras
2709 822 3025 879 lambebant
3048 819 3323 879 marmora
3346 822 3587 894 plantas.

2124 912 2354 969 Miratur
2381 914 2687 985 stupefacta
2710 917 2928 986 cohors,
2956 918 3059 974 sub
3090 918 3230 974 calle
3261 916 3504 989 pedestri

405 996 1391 1071 Quodquemagisstupeas,cophinos
1404 1002 1589 1058 ablata
1602 1002 1884 1072 replerunt
1979 1002 2088 1061 250
2125 1004 2424 1077 Navigeras
2452 1009 2696 1078 patuisse
2729 1008 2848 1064 vias
2876 1027 2890 1063 :
2920 1019 2975 1064 at
2998 1010 3193 1066 Petrus
3222 1010 3459 1066 amicam

407 1089 703 1163 Fragmina
780 1092 1033 1151 bissenos
1073 1135 1089 1161 ,

1568 1189 1749 1264 [aucta
1781 1231 1799 1258 ,

401 1276 538 1345 Quae
565 1278 712 1336 redit
737 1294 770 1336 a
800 1281 1035 1352 cunctis,
1069 1297 1179 1338 non
1203 1291 1289 1339 est
1308 1284 1433 1341 data
1460 1284 1620 1356 copia
1641 1286 1871 1344 mensis.

468 1376 705 1449 Jamque
733 1386 1115 1437 senescentem
1139 1381 1301 1438 calidi
1334 1382 1436 1437 sub
1452 1383 1651 1439 caerula
1684 1384 1838 1454 ponti

265 1472 364 1531 220
397 1474 621 1531 Oceano
649 1477 899 1549 rapiente
924 1476 1095 1547 diem,
1117 1494 1246 1535 cum
1272 1481 1449 1551 pallor
1469 1481 1689 1537 adesset

392 1566 607 1634 Noctis,
636 1578 693 1626 et
714 1568 999 1626 astriferas
1016 1571 1301 1630 induceret
1323 1572 1592 1643 hesperus
1618 1572 1867 1643 umbras,

395 1663 560 1737 262
587 1663 889 1735 Discipuli,
939 1664 1057 1721 solo
1089 1666 1253 1722 terris
1283 1666 1558 1723 residente
1584 1667 1864 1737 magistro,

394 1752 681 1812 Undosum
715 1757 924 1828 petiere
957 1758 1157 1829 salum,
1182 1759 1458 1833 ﬂuctuque
1490 1768 1758 1829 tumente,

1155 1096 1481 1168 populisque
1560 1097 1879 1154 verentibus

2129 1097 2332 1156 Doctus
2374 1098 2582 1156 habere
2624 1099 2788 1157 ﬁdem
2813 1141 2828 1169 ,
2863 1099 3251 1174 Christumque
3280 1116 3586 1174 agnoscere

3240 1197 3483 1272 [semper
3497 1240 3515 1267 ,

2120 1290 2179 1346 In
2208 1289 2419 1347 medias
2445 1291 2732 1349 descendit
2762 1306 2954 1365 aquas,
2977 1307 3141 1364 quem
3168 1293 3363 1349 dextra
3386 1293 3590 1349 levavit

2122 1385 2420 1443 Labentem
2455 1389 2695 1458 Domini,
2727 1389 2803 1445 nil
2828 1398 2980 1445 tanto
3000 1389 3056 1444 in
3077 1388 3290 1460 gurgite
3322 1402 3538 1458 passum
3564 1405 3581 1442 :

2121 1478 2284 1551 263
2326 1477 2425 1535 Cui
2473 1488 2660 1551 portus
2708 1477 2811 1535 fuit
2867 1479 2959 1535 illa
3016 1491 3233 1545 manus,
3293 1477 3580 1549 pelagique

3307 1568 3510 1643 [viator

1973 1659 2081 1718 255
2118 1661 2318 1720 Libera
2340 1678 2439 1735 per
2465 1664 2673 1719 vitreos
2693 1663 2872 1720 movit
2895 1662 3119 1734 vestigia
3150 1676 3396 1733 campos.

2186 1755 2434 1812 Genesar
2456 1755 2582 1813 inde
2610 1756 2740 1826 soli,
2777 1756 3002 1812 Domino
3026 1755 3307 1825 veniente,
3335 1754 3519 1813 coloni

1962 1868 2221 1927 CHALE.

1962 1868 2004 1926 C
2182 1871 2221 1927 ‘.

263 1965 566 2024 redundare
592 1966 725 2025 fecit
744 1969 1132 2040 quantitatem.
1163 1970 1316 2027 Tunc
1354 1868 1959 2029 uherrimﬂtlfiUcSmEA]?
1979 1870 2528 2036 cidﬁlcﬁmprimehat
2555 1965 2796 2033 incessu,
2830 1980 3094 2037 sacraque
3122 1964 3326 2022 Christi
3353 1965 3580 2039 vestigia

262 2075 453 2117 manna
494 2059 741 2128 diﬂ'udit,
789 2062 954 2118 modo
982 2064 1225 2135 quinque
1260 2063 1488 2132 panibus
1517 2064 1861 2131 distributis,

260 2156 475 2212 totidem
500 2158 750 2215 virorum
777 2159 1018 2216 millibus
1052 2160 1243 2230 epulas
1269 2160 1550 2217 abundare
1567 2159 1862 2217 concessit.

255 2248 469 2314 Cretera
513 2260 702 2307 motus
751 2252 926 2308 turba:
956 2253 1191 2319 delituit,
1239 2253 1552 2321 mulierum,
1602 2254 1862 2323 parvulo-

258 2356 478 2414 rumque
501 2346 859 2403 multitudine
883 2363 1168 2403 numerum
1188 2364 1293 2403 non
1319 2347 1587 2414 habente;
1611 2348 1866 2419 quodque

253 2435 413 2508 magis
462 2438 706 2508 amplius
750 2440 1065 2510 admireris,
1115 2442 1364 2513 quisquis
1402 2442 1506 2497 ista
1538 2441 1860 2512 perlegeris,

252 2530 293 2584 si
328 2531 556 2586 necdum
592 2531 692 2587 tibi
731 2540 857 2587 nota
899 2532 1182 2600 didiceris,
1216 2543 1343 2604 post
1380 2532 1663 2602 expulsam
1706 2543 1862 2589 satu-

251 2627 376 2676 ratae
404 2621 588 2692 plebis
628 2623 869 2680 esuriem
898 2625 1167 2694 cophinos
1196 2626 1381 2681 ablata
1412 2624 1701 2680 duodecim
1725 2625 1866 2698 frag-

251 2708 552 2769 mﬁntorum
587 2714 768 2770 moles
793 2714 1060 2787 implevit.
1091 2715 1202 2772 Nec
1225 2727 1370 2771 tanta
1399 2715 1502 2771 fuit
1529 2717 1707 2787 cepia,
1732 2732 1858 2772 cum

249 2802 416 2873 daret,
448 2816 665 2878 quanta
696 2805 797 2862 fuit
821 2807 875 2862 in
900 2806 1149 2879 reliquiis
1172 2808 1282 2879 jam
1317 2806 1575 2875 fastidita,
1606 2823 1729 2863 cum
1759 2808 1859 2864 tol-

251 2896 392 2953 litnr.

315 2989 530 3049 Interea
603 2993 708 3049 sub
760 2992 1025 3049 caerulosa
1086 2994 1369 3049 aestuantis
1425 2994 1568 3050 unda
1623 2994 1857 3051 fervoris

249 3099 447 3143 oceano
479 3088 636 3144 diem
675 3088 1013 3159 suscipiente
1051 3088 1419 3160 praecipitem,
1458 3104 1581 3145 cum
1623 3091 1859 3148 stellata:

249 3183 417 3239 noctis
441 3183 763 3253 proximum
792 3199 890 3256 per
924 3183 1184 3255 pallidum
1218 3185 1492 3241 nuntiaret
1524 3185 1853 3254 adventum,

250 3276 402 3331 terris
458 3278 729 3349 magistro
775 3277 1082 3345 residente,
1126 3277 1385 3348 discipuli
1440 3280 1710 3336 marinum
1752 3282 1852 3335 soli

1973 2059 2089 2113 miti
2121 2060 2347 2131 pelagus
2375 2058 2667 2116 abluvione
2719 2059 3013 2115 lambebat.
3065 2058 3333 2115 Mirantur
3373 2074 3576 2118 novum

1969 2149 2151 2206 subito
2177 2151 2544 2221 periclitantes
2565 2160 2870 2222 aspectum,
2899 2152 3142 2223 pedestri
3168 2152 3270 2208 sub
3291 2152 3434 2210 calle
3458 2156 3576 2212 vias

1970 2244 2215 2314 patuisse
2258 2246 2572 2316 navigeras.
2616 2248 2951 2320 Cunctisque
2997 2253 3337 2319 nutantibus,
3390 2260 3576 2308 utrum

1967 2352 2100 2393 vere
2127 2337 2395 2393 Dominus
2423 2350 2734 2410 appareret,
2759 2357 2830 2396 an
2854 2342 3045 2398 oculos
3068 2353 3216 2400 metu
3237 2344 3577 2400 discriminis

1967 2433 2325 2489 obumbratos
2356 2435 2563 2490 incerta
2604 2435 2856 2506 caliginis
2899 2436 3196 2494 simulacra
3228 2438 3570 2508 deciperent,

1967 2526 2161 2582 Petrus
2183 2526 2310 2582 fidei
2340 2527 2584 2597 saucius,
2622 2538 2676 2584 et
2702 2529 2936 2595 amicus,
2963 2529 3051 2585 cui
3090 2529 3376 2585 familiaris
3396 2533 3572 2601 gratia

1965 2634 2186 2688 semper
2214 2620 2492 2676 Christum
2537 2635 2834 2692 agnoscere
2862 2622 3220 2690 concedebat,
3250 2633 3309 2679 ut
3349 2624 3417 2679 ad
3445 2639 3572 2681 eum

1964 2724 2240 2787 pergeret,
2290 2716 2605 2787 postulavit.
2654 2716 3026 2789 Vocatusque,
3070 2718 3148 2773 nil
3196 2718 3475 2787 trepidans
3513 2720 3571 2775 in

1966 2807 2178 2863 marina
2221 2808 2530 2877 descendit,
2572 2808 2723 2865 nulla
2753 2808 3039 2869 reﬂuentis
3079 2810 3241 2867 undae
3270 2812 3573 2882 rapacitate

1963 2901 2306 2968 submersus,
2333 2902 2425 2972 qui
2456 2901 2756 2957 Dominicze
2786 2910 2986 2958 manus
3012 2903 3219 2958 auxilio
3246 2904 3573 2961 sublevatus

1963 2996 2202 3065 potentis
2231 2995 2473 3051 dexterae
2500 2995 2833 3051 tutissimum
2862 2994 3203 3068 confugisset
3228 2995 3299 3053 ad
3321 3009 3564 3068 portum,

1962 3103 2172 3160 perque
2222 3090 2428 3144 vitreos
2475 3088 2605 3143 salsi
2637 3088 2806 3144 maris
2852 3104 3077 3160 campos
3121 3090 3318 3146 callem
3370 3093 3571 3160 secuit,

1961 3191 2152 3238 contra
2183 3191 2424 3238 mentem
2470 3182 2646 3253 pelagi
2676 3182 2855 3237 viator
2894 3182 3159 3238 existens.
3193 3183 3238 3239 O
3263 3183 3390 3240 fidei
3412 3199 3568 3241 cres-

1961 3276 2140 3333 centis
2165 3283 2523 3347 augmentum
2551 3276 2565 3331 !
2600 3275 2812 3345 pridem
2845 3276 2985 3331 retia
3019 3279 3273 3349 pauperis
3313 3287 3567 3333 contem-

246 3369 487 3440 petivere
514 3370 825 3441 navigium,
851 3371 1173 3443 furebatque
1192 3383 1394 3443 pontus
1426 3374 1734 3443 expositam
1757 3374 1858 3429 ﬂa-
1882 3360 1930 3423 C
1965 3370 2092 3442 psit,
2129 3371 2254 3427 vitae
2288 3369 2566 3437 solatium;
2596 3384 2741 3424 nunc
2781 3369 2958 3440 ipsam
3000 3371 3183 3426 renuit
3210 3371 3400 3438 vitam,
3430 3387 3564 3443 qua-

247 3460 354 3518 bris
378 3463 808 3520 adversantibus
832 3464 885 3520 in
912 3465 1181 3522 carinam.
1199 3464 1355 3521 Tunc
1378 3466 1651 3522 umbrosa:
1672 3469 1853 3523 noctis

244 3568 427 3628 quarta
456 3557 583 3616 fere
618 3557 802 3629 vigilia
851 3559 1091 3615 calcatas
1137 3559 1407 3616 Dominus
1455 3575 1625 3629 super
1671 3562 1851 3618 undas

246 3651 630 3720 obambulans,
664 3651 900 3709 tumidos
948 3651 1194 3723 spumosi
1225 3653 1455 3724 gurgitis
1494 3651 1697 3709 ﬂuctus
1732 3655 1851 3725 pla-

1964 3474 2125 3523 tenus
2156 3464 2371 3521 veniret
2409 3461 2477 3518 ad
2509 3461 2808 3518 Christum.
2876 3492 2881 3503 -

2036 3558 2278 3617 Genesar
2309 3558 2474 3630 igitur
2500 3565 2699 3613 terram
2717 3601 2732 3625 ,
2778 3564 2926 3613 ctetu
2952 3557 3249 3615 comitante
3270 3557 3570 3631 discipulo-

1963 3670 2122 3724 rum,
2177 3653 2368 3711 relicta
2399 3650 2657 3708 Dominus
2686 3650 2807 3705 navi
2845 3650 3125 3720 calcabat,
3178 3651 3335 3723 cujus
3374 3653 3570 3711 incola:

1737 3747 2058 3807 SCHOLIA.

307 3839 434 3911 212.
465 3839 736 3897 Nonnulli
763 3839 965 3911 vulgati
1014 3857 1152 3895 nunc
1179 3855 1199 3895 :
1234 3838 1354 3911 lege
1388 3848 1550 3911 tunc,
1587 3848 1645 3894 ut
1699 3857 1845 3898 vers.

244 3908 361 3967 210.
390 3912 529 3968 Vide
574 3911 762 3978 etiam,
795 3908 918 3979 quin
941 3913 1188 3981 proxime
1218 3909 1332 3965 dixi
1366 3910 1434 3963 de
1464 3911 1567 3966 hoc
1588 3927 1770 3966 versu.

309 3985 433 4039 216.
459 3983 649 4048 Cant.,
683 3982 797 4054 Reg
828 3984 880 4049 1,
905 3984 959 4049 5,
987 3982 1143 4051 Urb.,
1169 3981 1357 4047 Rom.,
1388 3981 1531 4036 Vatt.
1558 3984 1610 4047 1,
1638 3984 1693 4049 2,
1719 4000 1845 4039 cum

244 4054 375 4109 Aldo
402 4066 458 4110 et
501 4055 632 4111 aliis
676 4054 835 4110 editis
858 4098 871 4119 ,
909 4055 1120 4125 Quoque
1152 4054 1335 4126 magis.
1374 4054 1517 4121 Alii,
1553 4055 1801 4126 Quodque
1829 4099 1844 4119 ,

244 4127 380 4194 quod
412 4127 655 4181 fortasse
686 4128 785 4180 fuit
815 4141 843 4179 a
878 4141 961 4197 pr.
988 4124 1061 4179 tu.
1107 4126 1159 4197 in
1200 4124 1333 4195 Reg.
1380 4126 1434 4191 1,
1467 4135 1522 4197 ut
1554 4126 1605 4197 in
1654 4124 1786 4197 Reg.
1812 4129 1848 4181 2

243 4197 458 4256 videtur
493 4200 648 4263 prius
679 4198 842 4252 fuisse
867 4196 1100 4266 Quoque.
1125 4196 1363 4267 Utraque
1387 4196 1547 4251 lectio
1574 4196 1709 4251 bona
1740 4196 1846 4255 est.

244 4266 598 4342 Desumptum
618 4268 670 4324 id
690 4268 1124 4342 estexluvenali
1151 4266 1333 4342 sat._b‘,
1365 4283 1509 4323 vers.
1539 4268 1651 4342 87A:
1684 4267 1853 4342 thue

244 4341 401 4412 magis
420 4351 654 4410 stupeas.
687 4340 837 4395 Mens
868 4339 1127 4394 mendose
1156 4340 1355 4412 replent
1380 4355 1477 4409 pro
1510 4339 1788 4410 replerunt.

308 4412 431 4467 218.
452 4413 787 4468 Arntzenins
814 4426 934 4466 eum
979 4411 1212 4465 (Iellario
1238 4421 1290 4464 et
1314 4427 1414 4465 IIIS.
1440 4410 1653 4465 lleinsii
1679 4411 1851 4467 edidit

245 4479 574 4553 Reddilaque
613 4502 644 4536 ιι
690 4485 918 4553 eunetis.
944 4482 1078 4553 Reg.
1129 4483 1182 4547 1,
1225 4481 1338 4537 Ott.
1381 4487 1403 4537 1
1438 4523 1452 4544 ,
1487 4481 1711 4537 Reddita
1735 4499 1851 4551 qua:

244 4556 460 4634 cunctis.
486 4548 635 4634 "Reg.
684 4556 708 4609 1
768 4571 864 4634 pro
896 4548 952 4634 d.
979 4548 1133 4634 s..'ab
1163 4554 1351 4634 eadem
1384 4553 1551 4608 veteri
1684 4595 1699 4619 ,
1732 4548 1850 4634 qua:

243 4624 373 4696 redit
401 4623 676 4685 acunctis.
708 4626 853 4696 quod
888 4626 1136 4696 plerique
1159 4625 1252 4680 alii
1274 4639 1404 4679 mss.
1453 4634 1507 4680 et
1527 4623 1656 4696 editi
1676 4623 1848 4696 penthi-

1955 3857 2252 3913 senescens,
2294 3839 2488 3895 mensis
2535 3855 2825 3913 senescens,
2853 3854 2991 3909 cum,
3015 3857 3185 3913 prope
3226 3842 3389 3899 finem
3420 3855 3567 3902 sunt.

2024 3913 2156 3968 224.
2189 3912 2359 3973 Meus,
2391 3922 2675 3985 corrupte,
2702 3910 2878 3985 Turba
2903 3910 3190 3985 labrantém
3209 3915 3478 3985 jacebant,
3512 3927 3569 3972 et

1955 3985 2169 4041 videtur
2190 3992 2498 4054 correctum
2522 3979 2698 4054 Turba
2719 3997 2816 4051 per
2839 3982 3177 4037 Perturbato.
3203 3979 3335 4054 Reg.
3365 3989 3417 4052 l,
3446 3979 3567 4041 cum

1956 4051 2541 4125 plerisque,rTarva_et
2586 4052 2764 4125 glossa
2797 4069 3013 4125 aspera;
3045 4051 3385 4125 sedivide'tnr
3414 4059 3570 4124 prius

1953 4123 2123 4182 fuisse
2150 4123 2344 4179 Turba.
2373 4124 2426 4178 In
2449 4123 2637 4178 Ottob.
2669 4124 2695 4178 1
2728 4123 2877 4179 clare
2902 4123 3095 4179 Turba.
3120 4124 3278 4193 Urb.,
3304 4135 3360 4181 et
3384 4123 3562 4186 Vatit‘.

1951 4199 2009 4265 2,
2029 4196 2293 4272 jactabat.
2327 4195 2433 4252 Sed
2465 4194 2626 4249 lectio
2653 4196 2961 4272 communis
2985 4206 3133 4252 recte
3165 4197 3432 4266 procedit.

2032 4269 2162 4326 225.
2196 4270 2412 4331 Arnlz.,
2436 4275 2616 4320 ventus
2642 4282 2738 4333 pro
2763 4269 2940 4337 ﬂatus.

2031 4340 2158 4396 227.
2193 4338 2315 4393 Vat.
2343 4339 2415 4411 2,_
2434 4337 2568 4407 Reg.
2600 4337 2959 4411 5,Aglaucique
2987 4339 3231 4410 ﬂuentis,
3259 4340 3406 4411 quod
3443 4342 3562 4398 edi-

1961 4421 2073 4469 tum
2104 4418 2191 4466 est
2214 4411 2284 4465 ab
2316 4408 2625 4484 Aldoj‘sed
2649 4408 2803 4464 deest
2832 4408 3029 4484 sensus
3049 4453 3063 4477 ,
3096 4411 3198 4467 nisi
3222 4408 3371 4484 legas
3402 4412 3568 4484 glau-

1957 4487 2104 4557 cique
2139 4482 2365 4554 ﬂuenti,
2400 4479 2611 4535 scilicet
2643 4495 2915 4536 marmora
2945 4481 3137 4566 ﬂuenti
3166 4479 3366 4554 glauci.
3399 4479 3564 4543 Was-

1958 4557 2073 4611 sius
2097 4554 2161 4608 ad
2189 4552 2327 4610 Sall.
2354 4553 2474 4609 Cat.
2495 4551 2588 4617 2i,
2622 4569 2674 4619 p.
2703 4553 2796 4619 27,
2827 4569 2889 4607 ex
2914 4554 3039 4608 cod.
3068 4554 3200 4611 bibl.
3228 4557 3379 4619 publ.
3404 4555 3564 4614 Cant.

1959 4573 2073 4611 Slus
2097 4573 2161 4608 au
2190 4573 2327 4610 aau.
2354 4573 2474 4609 bal.
2497 4573 2588 4617 τι,
2622 4573 2674 4619 p.
2703 4573 2796 4619 zr,
2827 4573 2889 4607 ex
2914 4573 3039 4608 coa.
3069 4573 3200 4611 DIDI.
3228 4573 3379 4626 punt.
3404 4573 3564 4614 bant.

1959 4626 2089 4698 legit
2114 4626 2359 4698 siccisque
2383 4625 2617 4698 ﬂuentis,
2648 4627 2788 4698 quod
2837 4624 3120 4682 Grunerus
3149 4638 3205 4684 et
3236 4627 3566 4686 Arntzeuius

245 4695 388 4773 bent.
414 4688 753 4773 Arnlaenjul.‘
773 4712 868 4773 pro
888 4688 994 4752 hac
1019 4688 1252 4773 lectione
1270 4698 1407 4773 _c_itat
1429 4694 1781 4773 Parrhasium
1831 4715 1844 4750 :
1876 4688 1926 4749 Ι)
1954 4688 2286 4773 praeferunt;
2306 4688 2425 4750 Non
2468 4688 2685 4767 placet,
2732 4696 2934 4773 ﬂuenta
2974 4701 3165 4773 vocari
3181 4702 3355 4773 _sicca
3378 4743 3393 4767 ,
3438 4703 3566 4773 quia

244 4767 334 4822 sed
368 4769 413 4823 is
444 4768 616 4824 edidit
643 4768 866 4824 Reddita
886 4784 1002 4832 quae
1022 4769 1239 4822 cunctis.
1268 4767 1460 4822 Nostra
1485 4766 1752 4835 scriptura
1781 4783 1850 4824 ex

245 4853 426 4909 prosa,
452 4857 572 4894 cum
601 4842 825 4910 tollitur,
851 4843 999 4895 clare
1025 4840 1399 4895 confirmatur.

311 4911 439 4968 219.
485 4912 673 4980 Rom.,
701 4909 820 4967 Ubi
848 4910 1104 4966 Dominus
1146 4909 1425 4965 ambulavit
1476 4923 1637 4981 supra
1683 4926 1844 4965 mare.

245 4977 375 5053 Reg.
427 4985 450 5038 1
484 5023 500 5047 ,
556 4977 707 5038 Meus
740 4985 794 5037 in
842 4991 1126 5048 contextu,
1149 4982 1337 5045 calidi,
1370 4977 1762 5053 cujus'glosszr
1791 4981 1846 5053 in

247 5050 409 5126 nega
424 5098 436 5111 .
457 5056 720 5121 ferventis,
741 5055 798 5109 in
814 5069 922 5126 quo
935 5063 1116 5109 tamen
1132 5054 1361 5108 fortasse
1380 5053 1531 5123 prius
1551 5050 1653 5126 fuit
1661 5051 1843 5121 gelidi.

244 5122 511 5181 SicMeus
561 5143 659 5195 pro
689 5128 745 5181 d.
779 5122 984 5180 sfcnm
1018 5126 1260 5196 reliquis.
1292 5122 1461 5195 Magis
1498 5122 1716 5179 erudita
1759 5133 1846 5180 est

244 5197 513 5265 scriptura
544 5198 705 5252 calidi
736 5214 750 5252 :
785 5197 1061 5263 fingebant
1090 5197 1232 5252 enim
1268 5207 1442 5267 poetae
1469 5238 1483 5259 ,
1514 5209 1733 5267 aequora
1766 5202 1848 5249 te-

242 5264 468 5337 pescere
497 5284 526 5322 a
573 5270 692 5323 sole
720 5270 1025 5324 occidente.
1058 5264 1316 5324 Horatius
1342 5270 1377 5324 Ι.
1411 5283 1450 5333 ι,
1480 5275 1585 5320 sat.
1610 5264 1669 5331 4,
1700 5281 1845 5322 vers.

342 5357 354 5392 :
392 5337 496 5423 Hie
526 5350 692 5395 mutat
713 5356 911 5423 Amerces
937 5351 1179 5423 surgente
1196 5357 1238 5423 _a
1267 5338 1377 5423 sole
1402 5339 1471 5423 ad
1486 5353 1760 5423 fumzrquo
1778 5369 1852 5380 —

252 5406 561 5481 Vespertina
587 5419 723 5480 tepet
751 5412 915 5479 regio.
943 5406 1166 5466 Ovidius
1196 5412 1239 5466 l.
1273 5427 1291 5467 ι
1326 5411 1454 5469 Met.
1483 5409 1574 5479 65,
1610 5406 1810 5481 Vesper
1835 5453 1850 5477 ,

242 5491 293 5554 et
324 5480 542 5554 occiduo
561 5498 678 5554 qua:
705 5482 879 5536 littora
905 5481 1011 5537 sole
1041 5490 1321 5553 tepescunt.
1346 5482 1595 5539 Tibullus
1626 5480 1662 5534 Ι.
1692 5496 1751 5554 it,
1781 5482 1852 5537 el.

245 5550 283 5625 5_
311 5569 340 5625 :_
359 5550 584 5625 Quaque
604 5561 778 5625 patent
823 5562 996 5617 ortus,
1028 5550 1216 5623 et'qua
1244 5554 1567 5619 ﬂuitantibus
1598 5553 1751 5607 undis
1780 5584 1849 5595 —

248 5622 388 5696 _Solis
415 5622 725 5696 anhelantes
745 5625 914 5696 abluit
936 5627 1103 5679 amnis
1117 5622 1291 5696 equos.
1321 5627 1426 5681 Alii
1453 5635 1666 5679 veteres
1697 5635 1847 5693 puta-

246 5692 401 5763 bant,
429 5695 600 5751 solem
623 5695 866 5767 quotidie
894 5695 1113 5751 Oceano
1134 5692 1405 5766 exstingui
1431 5714 1443 5751 :
1475 5712 1541 5751 ex
1571 5710 1680 5766 quo
1698 5692 1849 5754 mare

247 5767 586 5824 recalescere
616 5781 844 5823 necesse
864 5779 1013 5840 erat.
1050 5767 1256 5840 Dicitur
1304 5784 1436 5824 vero
1467 5768 1557 5840 sol,
1587 5767 1671 5821 vel
1732 5769 1850 5824 dies

249 5854 522 5894 senescens
572 5853 670 5911 pro
727 5838 989 5896 occidente
1027 5854 1094 5896 co
1146 5837 1261 5896 fere
1315 5841 1518 5908 modo,
1548 5837 1669 5909 quo
1724 5839 1850 5895 (una

1959 4768 2157 4843 planta:
2187 4770 2347 4824 siccat
2381 4776 2539 4843 erant
2583 4785 2596 4822 :
2632 4783 2806 4843 neque
2839 4768 2890 4822 id
2934 4769 3141 4839 placuit
3181 4768 3521 4841 Wopkens—io
3545 4818 3562 4843 ,

1955 4841 2050 4912 qui
2101 4842 2216 4911 ipse
2249 4840 2576 4912 conjiciebat
2622 4841 2897 4909 mucisque
2941 4844 3183 4910 ﬂuentis,
3219 4840 3314 4900 sed
3369 4840 3567 4902 melius

1955 4911 2279 4978 Concludit,
2309 4926 2433 4982 quae
2481 4911 2695 4979 integra
2745 4920 2892 4973 sunt,
2942 4916 3211 4970 movenda
3269 4931 3376 4969 non
3417 4930 3563 4972 esse.

1953 4983 2288 5056 Arntzcnius
2309 4984 2665 5056 _ex__Arator_e
2685 4998 2793 5056 pro
2823 4984 3075 5056 siccisque
3113 4987 3325 5056 ﬂuentis
3359 4985 3567 5054 profert

1953 5054 2007 5110 in
2056 5059 2217 5125 epist.
2259 5053 2325 5109 ad
2374 5052 2565 5123 Vigil.,
2598 5052 2867 5107 Fluctibus
2902 5055 2957 5111 in
2985 5052 3169 5110 mediis
3199 5057 3285 5110 cui
3313 5052 3395 5110 via
3427 5060 3565 5113 sicca

1953 5128 2077 5257 guit.
2125 5126 2231 5182 Sed
2262 5140 2438 5195 neque
2458 5127 2571 5180 hoc
2612 5128 2734 5181 loco
2774 5126 2970 5181 ﬂuctus
3014 5137 3277 5182 vocantur
3304 5128 3428 5182 sicci
3459 5145 3477 5183 :
3508 5136 3565 5185 et

1997 5198 2209 5255 edulius
2234 5199 2354 5257 ipse
2377 5197 2433 5251 in
2452 5210 2612 5257 prosa
2633 5197 2784 5252 nullo
2806 5197 2969 5253 modo
2988 5198 3124 5252 sicca
3146 5195 3348 5253 ﬂuenta
3364 5198 3564 5256 innuit.

1997 5198 2209 5255 edulius
2234 5199 2354 5268 ipse
2377 5197 2433 5251 in
2452 5210 2612 5268 prosa
2633 5197 2784 5268 nullo
2806 5197 2969 5253 modo
2988 5198 3124 5252 sicca
3146 5195 3348 5253 ﬂuenta
3364 5198 3564 5256 innuit.

2024 5272 2155 5327 229.
2204 5267 2495 5338 Plerique,
2528 5267 2682 5341 calle.
2739 5267 2949 5341 Poelm.
2980 5310 2995 5336 ,
3034 5268 3101 5323 ad
3135 5284 3308 5341 marg.
3340 5312 3356 5337 ,
3398 5272 3563 5328 calce.

1955 5340 2108 5398 Mens
2153 5343 2210 5398 in
2258 5337 2520 5398 contextu
2571 5339 2713 5396 calce
2738 5381 2752 5406 ,
2784 5340 2854 5395 ad
2885 5353 3055 5409 marg.
3082 5337 3219 5395 calle
3241 5337 3440 5412 {quod
3477 5360 3567 5401 re-

1960 5413 2273 5470 tineudum.

2030 5485 2160 5540 252.
2201 5485 2375 5551 Meus,
2404 5483 2620 5539 dextera
2644 5498 2663 5537 :
2693 5489 2753 5536 ut
2782 5487 2888 5536 stet
2918 5493 3112 5537 versus
3134 5519 3153 5550 ,
3185 5483 3565 5552 reponendum

1962 5555 2166 5611 dextra.

2023 5627 2153 5699 256.
2189 5626 2388 5699 Rom._,
2413 5625 2535 5699 Ubi
2566 5622 2826 5699 Dominus
2866 5622 3070 5699 sanavit
3087 5624 3363 5695 quemdam
3402 5641 3572 5699 cegro-

1952 5706 2081 5778 t_um.
2104 5697 2421 5778 Meus,_Ad
2444 5705 2651 5778 tactum
2702 5694 2853 5778 vestis
2877 5693 3188 5778 'liberan'tnr
3235 5693 3478 5778 ingrati;
3509 5699 3569 5755 In

1953 5770 2066 5826 Ott.
2097 5772 2123 5826 1
2157 5769 2409 5825 scribitur
2436 5767 2691 5833 Genesar,
2717 5773 2773 5819 et
2804 5763 3024 5820 videtur
3055 5766 3204 5833 prius
3232 5763 3404 5824 fuisse
3434 5768 3573 5827 Gen-

1954 5857 2134 5905 nczvr;
2179 5840 2305 5897 Alb.
2339 5839 2563 5897 exhibet
2589 5833 2865 5893 Genessar.
2894 5835 3052 5892 Meus
3099 5835 3334 5893 Genesar
3360 5880 3375 5905 ,
3408 5838 3571 5900 Rom.
