4038 6312
259 349 366 408 665

400 464 741 536 Sidereoque
762 477 922 533 sono,
955 462 1105 520 Meus
1128 467 1214 518 est
1239 458 1331 515 hic
1354 457 1552 529 Filius,
1582 457 1757 525 aiens,

399 557 659 614 Ostendit
682 556 851 613 verbo
881 554 1124 627 genitum
1149 568 1259 608 vox
1280 551 1457 625 patria
1480 551 1787 608 Christum.

474 650 777 721 Postquam
807 662 1105 720 corporeos
1128 647 1300 704 virtus
1319 659 1568 717 regressa
1592 660 1688 717 per
1712 654 1863 701 artus

398 745 574 818 27o
601 745 769 802 Texit
788 744 1070 800 adoratam
1094 742 1276 798 carnis
1301 740 1575 797 velamine
1605 738 1859 807 formam,

255 838 364 895 295
404 839 589 911 Seque
621 838 802 911 palam
834 838 1097 893 Dominus
1126 835 1339 907 populis
1370 833 1563 900 dedit,
1610 848 1738 891 ecce
1768 848 1859 891 re-

1598 926 1788 999 [ponte

407 1023 500 1079 Vir
530 1021 779 1090 humilis,
804 1031 1006 1078 Intesto
1026 1021 1274 1091 dejectus
1303 1019 1505 1076 lumina
1528 1019 1681 1074 vultu
1702 1060 1719 1086 ,

404 1115 690 1181 Procedit,
707 1114 1049 1186 supplexque
1072 1102 1286 1179 manus,
1305 1121 1360 1168 et
1380 1109 1605 1168 brachia
1633 1109 1826 1178 tendit,

412 1212 796 1284 lmploratque
819 1225 1049 1282 gemens
1078 1227 1092 1264 :
1125 1223 1269 1265 unus
1295 1207 1430 1263 mihi
1457 1206 1623 1275 filius,
1654 1220 1796 1263 unus

404 1305 523 1371 Est,
541 1304 804 1361 Domine:
822 1302 1096 1360 horrenda
1114 1302 1322 1359 lacerat
1342 1316 1505 1374 quem
1519 1300 1745 1372 spiritus
1759 1301 1863 1367 ira,

1391 342 1675 402 CARMEN
1714 337 2102 403 PASCBALE.
2143 343 2276 401 LIB.
2318 344 2411 404 Ill.

3461 342 3567 401 666

1891 461 1949 525 Α
1971 459 2081 517 500
2118 456 2229 515 Nec
2255 458 2471 529 linquit,
2493 457 2599 516 nisi
2620 465 2832 533 mergat
2854 457 3031 531 aquis,
3062 465 3160 515 aut
3186 456 3406 531 ignibus
3435 457 3570 514 atris

2110 551 2270 626 271
2302 552 2597 625 Opprimat,
2616 561 2778 625 atque
2802 552 3040 609 animam
3065 551 3232 609 dubia
3263 552 3366 609 sub
3389 560 3567 608 morte

3305 644 3493 700 'atiaet.

3287 644 3379 701 fati
3450 651 3493 700 t.

2110 739 2265 796 Hunc
2288 779 2305 806 ,
2358 754 2553 811 precor
2576 781 2592 810 ,
2648 740 2880 813 expulso
2936 643 3571 813 miseratus[utr:t:que

3267 832 3289 909 [
3311 832 3496 891 furore

2110 925 2299 983 Redde
2329 925 2485 994 mihi,
2513 927 2598 984 vel
2625 927 2791 984 redde
2811 927 2939 993 sibi,
2968 942 3039 985 ne
3061 942 3204 985 cteca
3255 936 3497 1001 potestas
3586 930 3587 933 ‘

2112 1020 2359 1092 Expellat
2388 1019 2654 1091 trepidam
2684 1020 2964 1077 subtracto
2993 1020 3196 1077 lumine
3234 1021 3421 1077 vitam.

1964 1112 2073 1170 305
2110 1111 2353 1182 Dixerat,
2398 1119 2455 1169 et
2496 1126 2672 1184 genua
2699 1111 3069 1185 amplectens,
3099 1113 3436 1185 genibusque
3474 1125 3571 1168 vo-

3468 1218 3496 1258 S

2938 1204 2941 1209 ’
3318 1204 3332 1259 l

2114 1300 2388 1369 “arebat,
2423 1300 2791 1370 Domitiaeque
2823 1297 2914 1370 pio
2944 1297 3055 1370 iam
3083 1204 3465 1369 pectore[:d:i:

1621 1391 1803 1449 OPUS
1844 1391 2226 1450 PASCHALE.

257 1489 488 1547 oraculo
517 1488 740 1545 ctelitus
766 1498 1081 1561 prorogato,
1114 1503 1235 1545 cum
1266 1486 1422 1553 dicit,
1461 1485 1560 1540 Hic
1588 1494 1663 1540 est
1688 1484 1863 1540 Filius

258 1600 400 1639 meus
436 1582 684 1649 dilectus,
717 1583 769 1637 in
810 1599 914 1653 quo
954 1583 1076 1637 bene
1113 1582 1427 1655 complacui,
1483 1581 1649 1639 verbo
1679 1581 1865 1639 docuit

257 1675 540 1732 Christum
566 1691 675 1731 vox
710 1684 934 1744 paterna
962 1677 1332 1746 progenitum.

325 1770 399 1825 At
426 1776 720 1841 postquam
737 1783 1068 1840 corporeum
1099 1770 1359 1825 Dominus
1382 1770 1677 1843 resumpsit
1706 1784 1864 1841 aspe-

256 1869 400 1920 ctum
419 1907 435 1931 ,
467 1861 770 1933 carnisque
796 1861 1064 1918 velamine
1095 1878 1287 1918 rursus
1312 1864 1605 1921 etheream
1631 1865 1867 1935 protexit

257 1956 525 2029 effigiem,
553 1970 725 2029 seque
750 1957 926 2027 palam
951 1957 1169 2029 populis
1188 1957 1606 2027 demonstravit,
1642 1960 1865 2032 quidam

257 2060 480 2121 repente
509 2049 594 2105 vir
621 2049 864 2116 humilis,
903 2050 1134 2122 genibus
1155 2051 1447 2108 inclinatus
1468 2097 1483 2121 ,
1514 2067 1751 2110 maerore
1773 2053 1865 2110 de-

253 2144 453 2215 iectus,
485 2143 811 2215 supplicans
833 2144 913 2199 sic
935 2144 1160 2200 orabat:
1193 2144 1400 2202 Unicus
1425 2146 1580 2217 mihi,
1616 2147 1862 2212 nomine.

257 2246 509 2308 superest
555 2236 733 2305 filius,
775 2237 822 2293 si
849 2251 1141 2309 superesse
1163 2238 1426 2296 dicendus
1455 2249 1573 2307 est,
1605 2240 1659 2296 in
1689 2240 1863 2296 confi-

1970 1488 2063 1544 nio
2085 1487 2279 1545 mortis
2302 1530 2318 1555 ,
2357 1489 2594 1559 vittaque
2633 1501 2936 1559 suspensus
2961 1529 2977 1555 ,
3023 1502 3187 1560 quem
3235 1486 3461 1559 spiritus
3492 1486 3575 1543 ui-

1970 1582 2136 1636 mium
2166 1581 2409 1638 debellat
2439 1582 2752 1638 immundus
2777 1624 2791 1649 ,
2826 1596 3061 1653 eumque
3092 1581 3403 1638 dilacerans
3430 1625 3445 1650 ,
3480 1590 3575 1636 aut

1894 1678 1900 1684 ’
1969 1675 2204 1733 ﬂammis
2242 1692 2504 1745 exurere,
2549 1686 2645 1733 aut
2687 1678 2741 1733 in
2770 1676 2928 1749 aquis
2957 1676 3153 1733 nititur
3178 1676 3431 1733 molestis
3459 1673 3575 1733 fre-

1968 1778 2200 1840 quenter
2216 1771 2589 1842 exstinguere,
2612 1770 2915 1842 multisque
2932 1771 3157 1841 fatigato
3184 1768 3444 1841 periculis
3466 1777 3575 1825 ter-

1971 1865 2177 1920 minum
2201 1863 2546 1920 machinatur
2568 1874 2904 1921 extremum.
2937 1863 3115 1930 Hunc,
3141 1877 3241 1919 oro
3265 1871 3317 1930 σι,
3340 1860 3570 1932 depulsa

1971 1957 2167 2014 mentis
2194 1958 2405 2014 insania
2431 2000 2447 2024 ,
2494 1958 2630 2013 mihi
2672 1958 2884 2023 redde,
2926 1958 3014 2014 vel
3043 1958 3187 2028 sibi,
3234 1972 3302 2012 ne
3332 1962 3573 2026 potestas

1972 2053 2191 2110 inimica
2218 2052 2348 2122 luci,
2394 2063 2449 2108 et
2469 2067 2612 2109 circa
2644 2053 2849 2110 misero
2864 2053 3031 2110 vitam
3063 2050 3350 2108 subtrahat
3376 2050 3573 2121 despe—

1970 2157 2168 2202 ratam.
2215 2146 2341 2201 llaec
2368 2145 2546 2201 adhuc
2578 2144 2792 2201 fletibus
2834 2146 2966 2212 ille,
3015 2145 3331 2217 gemituque
3372 2143 3571 2201 funde-

1973 2239 2082 2308 bat,
2118 2252 2174 2295 et
2213 2238 2469 2295 Dominus
2490 2240 2579 2310 pio
2606 2239 2718 2311 jam
2743 2249 2963 2312 pectore
2986 2256 3212 2311 puerum
3241 2237 3569 2311 sospitabat.

1770 2332 2090 2391 SCHOLIA.

262 2424 603 2481 lemluminis
637 2434 847 2496 metam,
871 2425 1030 2481 locus
1059 2436 1145 2483 est
1170 2426 1513 2483 stabiliendae
1548 2427 1772 2483 lectioni
1799 2426 1870 2481 li-

261 2501 381 2570 mite
403 2499 546 2565 vitae,
575 2507 666 2553 aut
691 2497 1033 2570 conjectum
1079 2499 1443 2570 lumineivita'.
1489 2498 1680 2570 Neque
1731 2498 1865 2554 mihi

260 2569 525 2637 displlct-t
552 2568 849 2640 explicatio
875 2570 1175 2624 Burmanni
1192 2571 1255 2624 ad
1274 2568 1641 2626 Val.Flacc.l.
1659 2587 1699 2633 ι.
1719 2586 1863 2626 vers.

262 2641 388 2709 825,
418 2656 518 2711 per
541 2640 708 2697 limen
732 2641 858 2695 vita:
882 2642 1110 2712 intelligi
1138 2642 1300 2696 limen
1339 2658 1446 2710 quo
1467 2643 1536 2697 de
1563 2644 1669 2698 vita
1697 2658 1866 2697 exca-

266 2723 374 2768 tur.
434 2712 647 2769 Sensus
689 2714 762 2767 ita
805 2713 950 2778 erit,
1000 2713 1221 2784 Moysen
1276 2713 1453 2769 adhuc
1498 2729 1863 2784 permanere,

265 2785 480 2841 etiamsi
514 2801 582 2839 ex
625 2784 725 2840 hac
757 2784 865 2839 vita
920 2785 1240 2841 decesserit.
1302 2784 1459 2854 Apud
1512 2786 1866 2841 Dracontium

266 2857 449 2911 limina
480 2857 665 2911 mortis
692 2870 837 2926 saepe
864 2858 1131 2922 occurrit,
1166 2858 1241 2911 uti
1274 2857 1417 2927 apud
1463 2857 1760 2913 Juvencnm
1799 2857 1866 2912 li-

265 2930 401 2982 mine
430 2928 587 2993 lucis,
621 2930 758 2993 vine,
790 2931 993 2994 mortis,
1025 2936 1087 2984 ut
1131 2943 1197 2985 ex
1258 2929 1532 2985 indicibus
1580 2929 1865 2985 verborum

267 3012 516 3070 apparet.

332 3072 463 3127 291.
498 3071 723 3139 Parrh.,
744 3071 827 3125 hic
849 3081 921 3127 est
953 3087 971 3126 :
999 3072 1116 3141 alii,
1146 3082 1217 3126 est
1243 3072 1346 3141 hic.
1373 3072 1864 3141 Rom.,mendose,

266 3159 422 3227 agens
455 3160 555 3214 pro
588 3144 755 3213 aiens,
781 3154 839 3199 ut
869 3145 1069 3215 passim
1099 3146 1152 3200 in
1187 3159 1320 3200 mss.
1342 3146 1448 3220 agit
1480 3160 1579 3217 pro
1608 3146 1683 3199 ait
1717 3147 1871 3200 inve-

268 3224 437 3270 nitur.

1971 2437 2126 2502 trum
2172 2427 2392 2502 quidem
2473 2443 2580 2483 non
2645 2429 2851 2502 patitur
2922 2428 3204 2502 Proeidit,
3254 2430 3577 2502 supplexque
3651 2453 3655 2456 ’

1968 2497 2339 2575 Ἣοιειίοιιβίιιδ
2358 2570 2390 2575 _
2411 2501 2745 2575 conjiciebat
2815 2499 3127 2575 Pi'ociderat
3153 2543 3170 2570 ,
3216 2497 3576 2575 supplexque;

1972 2572 2320 2645 tlrntzeuios.
2350 2570 3059 2645 Procumbit,supplexque:
3080 2575 3176 2628 sed
3204 2570 3575 2645 ttrtér'que'sine

1972 2643 2128 2698 libris
2157 2658 2288 2697 mss.
2319 2643 2450 2698 nihil
2479 2643 2812 2699 mtuanduut'
2833 2656 3043 2699 censet.
3094 2643 3405 2709 Matthten’s,
3437 2659 3572 2710 χιιι,

1974 2716 2076 2789 ιι,
2098 2714 2172 2789 ait
2210 2732 2223 2767 :
2278 2715 2505 2789 Accessit
2532 2716 2601 2789 ad
2631 2731 2748 2769 eum
2796 2714 2952 2789 homo
2982 2717 3195 2789 genibus
3244 2716 3566 2789 prouolutus.

1971 2785 2231 2843 Sedulius
2256 2788 2473 2841 accessit
2500 2787 2569 2841 ad
2587 2803 2705 2841 eum
2732 2803 2798 2843 ex
2808 2785 3103 2857 plicat'per
3158 2788 3409 2857 procedit,
3444 2787 3576 2857 reli-

1972 2874 2080 2929 qua
2108 2874 2205 2927 per
2233 2859 2579 2929 supplexque,
2620 2870 2753 2926 ctc.,
2777 2856 2833 2912 et
2857 2856 3078 2921 clarius,
3108 2856 3257 2915 vers.
3298 2859 3407 2914 505
3432 2877 3446 2913 :
3479 2856 3575 2914 Ge-

1976 2927 2084 3001 nua
2127 2927 2482 3001 amplectens,
2524 2929 2841 3001 genibusque
2895 2931 3136 2985 volutans
3178 2962 3248 2971 —
3308 2929 3572 2986 erebat.

1972 2999 2207 3073 Poelm.,
2237 3000 2355 3057 νει.
2389 3004 2443 3065 1,
2471 2999 2640 3068 Mam,
2671 3004 2819 3067 Bas.,
2858 3002 3004 3065 Col.,
3034 3002 3356 3073 simplexque
3380 3019 3400 3058 :
3433 3017 3568 3057 mss.

1971 3072 2212 3147 codices,
2244 3082 2297 3128 ct
2340 3075 2598 3147 meliores
2629 3073 2789 3147 editi,
2824 3072 3169 3147 supplexque,
3221 3074 3365 3146 quod
3420 3084 3572 3130 recte

1975 3145 2278 3214 praeferunt
2310 3145 2527 3200 scheme
2560 3145 2899 3200 Poelmanui.

2041 3215 2169 3271 298.
2216 3216 2368 3288 Meus
2393 3257 2407 3282 ,
2440 3217 2600 3288 filius,
2652 3220 2747 3284 ait,
2774 3218 3064 3272 resistente
3096 3226 3292 3271 metro.
3343 3217 3560 3288 Arntz.,

334 3259 465 3343 eis.
524 3287 745 3356 Parrb.,
778 3289 986 3343 verbum
1037 3289 1287 3358 genitum.
1340 3288 1716 3344 Nebrisseusis
1740 3304 1863 3343 cum
1894 3259 1941 3326 C
1972 3259 2369 3354 uariata;
2393 3259 2747 3353 Ηὶἕιῖιῖἒιηῐῖζ
2774 3259 3293 3359 ’Ᾰῖἶᾷῗῖἷξὲέῗῖξᾷζ
3324 3259 3557 3355 εἷς’ῧᾷἷί

269 3359 581 3435 invenisset
608 3360 758 3435 uerbo
786 3363 1040 3435 genitum,
1071 3361 1338 3432 reposuit,
1375 3359 1545 3435 fmina
1568 3391 1637 3401 —
1659 3359 1868 3435 verbum

269 3432 521 3503 genitum.
550 3432 660 3488 Sed
683 3432 1023 3487 sollicitanda
1058 3448 1163 3487 non
1194 3442 1278 3487 est
1304 3432 1579 3503 scriptura
1616 3433 1867 3488 codicum

271 3516 402 3556 mss.
427 3503 581 3557 verbo
610 3505 861 3572 genitum.
890 3504 1146 3560 Christus
1204 3506 1348 3559 enim
1401 3519 1508 3558 non
1555 3506 1729 3560 solum
1785 3515 1869 3559 est

270 3573 475 3650 verbum
506 3576 760 3650 genitum,
788 3576 1078 3650 sed‘etiam
1108 3575 1261 3631 verbo
1318 3577 1548 3650 genitus.
1601 3575 1752 3631 Hanc
1786 3577 1867 3650 lo-

270 3646 472 3714 quendi
503 3646 777 3703 rationem
812 3662 842 3702 a
883 3648 1134 3703 Patrilms
1191 3646 1504 3714 usurpatam
1559 3649 1871 3718 theologice

274 3719 513 3791 explicui
564 3719 633 3773 ad
680 3718 1040 3774 Prudentium
1089 3718 1248 3774 Cath.
1288 3719 1475 3791 bymn.
1505 3718 1559 3783 5,
1590 3733 1732 3772 vers.
1786 3718 1865 3791 ετ

276 3787 779 3866 aniporens,_pie,
807 3794 1202 3866 __verbigena;ket
1234 3787 1422 3862 Itymn.
1452 3791 1540 3856 Η,
1568 3789 1816 3866 vers,_l7
1851 3806 1866 3843 :

262 3858 356 3914 Ea:
377 3858 464 3914 ore
491 3858 767 3931 quamlibet
799 3858 984 3918 Patris
1005 3894 1075 3904 —
1098 3858 1194 3917 Sis
1226 3858 1391 3929 ortus,
1421 3872 1467 3915 et
1489 3861 1645 3915 verbo
1679 3861 1864 3915 editas.

271 3943 293 3999 ξ»
340 3932 468 3989 295.
504 3935 661 4004 llont.
698 3952 710 3987 :
744 3932 871 3989 Cum
898 3935 1150 3990 Dominus
1180 3934 1308 3988 redit
1332 3933 1384 3985 in
1435 3934 1705 4003 pristinam
1735 3931 1898 4004 figit-"

273 4020 405 4076 ram.
434 4005 587 4061 Meus
614 4003 777 4070 Eiicit
796 4007 1041 4076 spiritum
1063 4006 1390 4060 immundum
1422 4002 1487 4058 ea:
1515 4020 1694 4074 puero.
1726 4002 1867 4058 -ἓΙιι

274 4073 408 4201 Reg.
442 4079 493 4143 l,
517 4093 584 4132 ex
617 4073 834 4149 egressa
850 4089 999 4133 recte
1033 4078 1230 4132 factum
1261 4088 1342 4130 est
1371 4073 1623 4144 regressa.

379 4148 470 4201 94.
503 4148 664 4201 ιιι-ιλ.
692 4148 876 4201 Rom..
910 4150 1030 4201 Vet.
1076 4153 1128 4201 l.
1158 4152 1214 4201 τὶ.
1250 4148 1485 4201 Monast.
1520 4147 1620 4200 atlo

379 4148 470 4205 94.
503 4146 664 4217 Urb.,
692 4148 876 4207 Βοιιι..
910 4150 1030 4205 Vel.
1076 4153 1128 4214 1,
1158 4152 1214 4215 ‘2,
1250 4148 1485 4203 Mortust.
1520 4146 1865 4200 adorandum.

273 4218 527 4291 Plerique
559 4236 690 4276 mss.
723 4233 775 4276 et
804 4222 957 4285 editi,
993 4222 1285 4277 adoratam.
1322 4220 1498 4274 Etllllll
1540 4219 1776 4291 Poelm.,
1802 4220 1867 4271 ad

276 4290 474 4362 tuarg.,
504 4300 561 4346 t-t
587 4293 676 4348 ed.
713 4293 888 4362 l.ips.,
922 4293 1255 4347 adornatam.
1281 4291 1512 4347 St-beda:
1539 4290 1864 4346 Poelmanui

277 4364 476 4435 habent
496 4366 791 4433 adoratam,
822 4381 943 4420 cun;
968 4365 1337 4435 explicatione
1359 4405 1371 4422 .
1419 4364 1627 4435 scilicet
1682 4374 1810 4415 tunc
1838 4378 1865 4413 a

277 4434 448 4490 tribus
491 4435 778 4508 discipulis
810 4454 823 4491 :
853 4446 908 4493 et
934 4433 1117 4508 pro‘d.
1161 4453 1207 4491 s.
1258 4435 1502 4489 iudicant
1529 4433 1862 4508 adornatam,

276 4516 329 4561 et
357 4503 701 4562 adorandum.
732 4506 787 4563 In
817 4503 1014 4573 Ottfl,
1038 4525 1181 4563 nttnc
1211 4517 1295 4562 est
1320 4508 1615 4572 adoratam,
1643 4507 1736 4558 sed
1769 4503 1864 4558 fuit

276 4578 602 4652 adornatam,
635 4579 720 4635 vel
751 4579 982 4636 fortasse
1017 4580 1347 4652 adoptatum,
1396 4586 1488 4632 aut
1522 4578 1862 4652 adaptatam.

1974 3360 2028 3424 l,
2060 3361 2115 3426 2,
2167 3359 2279 3415 Ott.
2303 3360 2356 3425 1,
2410 3359 2567 3428 Urb.,
2604 3359 2790 3424 Ront.,
2822 3376 2946 3415 cum
2978 3360 3193 3421 Parrlt..
3229 3360 3377 3423 Διά..
3428 3362 3571 3429 ﬁlius

1971 3446 2150 3485 unus:
2200 3441 2462 3502 notatque
2520 3431 2937 3496 Nt-brisseosis,
2982 3430 3124 3486 hanc
3178 3433 3563 3497 repetitionem

1972 3519 2128 3571 unus,
2165 3519 2301 3558 unus
2340 3504 2651 3573 significare
2692 3505 2924 3559 unicum.
2954 3503 3143 3559 Ottob.
3171 3503 3227 3563 2.
3276 3502 3443 3574 filius,
3490 3504 3575 3557 in-

1970 3575 2105 3644 quit,
2140 3575 2284 3646 quod
2313 3574 2558 3646 plerique
2580 3574 2717 3631 editi
2749 3578 3014 3631 retinent.
3046 3584 3096 3629 et
3131 3573 3368 3645 praetulit
3396 3573 3569 3630 Arat-

1973 3648 2184 3700 zeuius.
2207 3644 2709 3702 Sedulius'videtur
2734 3647 2935 3702 imitari
2958 3644 3264 3703 iuvencum
3293 3647 3327 3701 I.
3349 3661 3571 3711 tt,vers.

1971 3717 2117 3773 298:
2150 3714 2409 3790 Implorat
2438 3720 2732 3790 lacrymans
2758 3734 2778 3773 :
2826 3722 3016 3790 confer
3049 3730 3164 3773 not.
3204 3717 3574 3788 Wopkensius

1973 3790 2174 3856 accipit
2206 3786 2467 3856 Implorat
2502 3786 2601 3857 pro
2641 3792 2855 3857 plorat,
2910 3789 3017 3844 nisi
3056 3786 3575 3857 snbintelligeudmn

1970 3860 2202 3940 velimus
2227 3860 2420 3940 ipsum.
2447 3859 2656 3915 Sensus
2686 3861 2791 3915 hoc
2825 3862 2943 3915 loco
2965 3861 3151 3931 potius
3176 3870 3282 3926 est,
3335 3859 3576 3917 Gemens

1976 3946 2137 3998 opem
2180 3930 2458 3998 implorat.
2970 3930 2973 3931 ⁷

1982 4072 2011 4081 η
2044 4000 2165 4081 500..
2204 4001 2323 4081 V_et.
2370 4001 2496 4081 l,_‘2,
2527 4000 2698 4081 Mum,
2726 4002 2848 4067 quin
2870 4001 3118 4081 promisi.
3152 4000 3368 4081 P_arrl_t..
3407 4000 3565 4081 Nunc

1973 4072 2183 4141 liquidis
2215 4073 2663 4144 (leinergitaquis.
2694 4090 2831 4127 nunc
2864 4071 3068 4144 ignibus
3091 4074 3244 4125 atris.
3292 4071 3370 4126 Ita
3396 4071 3565 4126 etiam

1971 4145 2189 4199 schedm
2234 4142 2437 4197 I’oeltn.
2464 4142 2694 4197 fortasse
2713 4158 2779 4197 ex
2802 4142 3112 4198 Parrhasio.

2044 4214 2168 4269 501.
2207 4214 2425 4285 Parrh.,
2457 4215 2673 4269 scltcda:
2703 4214 2933 4285 Poelm.,
2969 4213 3251 4281 Oppi-imit,
3281 4224 3338 4267 et
3367 4214 3572 4285 fatigat.

1973 4287 2027 4340 In
2055 4288 2163 4340 Ott.
2203 4284 2253 4345 l.
2287 4284 2381 4338 fuit
2413 4286 2619 4356 fatigat,
2668 4284 2761 4339 sed
2791 4298 3096 4340 correcmtn
3138 4294 3221 4338 est
3250 4300 3349 4353 per
3377 4284 3577 4356 fatiget.

1969 4358 2026 4413 ltt
2054 4356 2164 4411 Ott.
2197 4355 2254 4421 2,
2298 4344 2464 4428 Aug.”
2497 4344 2645 4418 ᾸΙΙιί,
2677 4357 2878 4426 fatigat.
2931 4356 3074 4425 quod
3126 4344 3343 4410 delendi
3377 4344 3578 4427 potissit,

1969 4428 2184 4484 etiamsi
2208 4431 2506 4499 retineatur
2536 4429 2835 4499 Opprimat.

2042 4501 2167 4555 502.
2215 4497 2522 4565 Cellarius,
2573 4497 2733 4552 Nunc
2780 4515 2798 4552 :
2846 4499 3092 4570 plerique
3140 4498 3343 4554 rectius
3405 4498 3580 4553 Hune.

1970 4570 2339 4641 Wopkensins
2362 4571 2582 4640 conjicit
2616 4572 2823 4625 excluso
2873 4586 2969 4641 pro
3016 4570 3254 4640 expulsa,
3283 4572 3407 4637 quia
3439 4587 3580 4626 scrt-

279 4639 614 4721 Frequenter
641 4652 756 4706 lttec
792 4653 960 4707 Verba
993 4639 1214 4717 ador'no,
1246 4639 1429 4712 adoro,
1462 4639 1680 4716 adepto,
1736 4647 1862 4721 ada-
1894 4651 1943 4712 υ
1969 4639 2585 4721 plores__inl'erio_rismvi
2617 4639 3010 4721 saepe_excludo
3045 4639 3142 4711 pro
3170 4642 3370 4721 expello
3422 4658 3584 4721 uisur-

279 4729 364 4791 pto
384 4719 438 4778 in
465 4738 600 4779 mss.
634 4734 932 4792 permutata
958 4725 1350 4793 reperiuntur:
1393 4736 1496 4790 qua
1527 4721 1594 4793 tle
1635 4733 1695 4773 re
1724 4719 1858 4772 ube-

278 4795 389 4865 rius
419 4796 533 4850 dixi
590 4794 899 4865 Prolegom.
950 4792 1072 4864 cap.
1128 4795 1178 4854 7.
1215 4808 1278 4847 ac
1320 4792 1585 4865 susipicari
1634 4792 1866 4865 fortasse

277 4864 472 4936 aliquis
503 4866 729 4937 poterit,
755 4859 785 4920 Ξ
815 4882 979 4921 manu
1003 4859 1209 4923 Sedulii
1234 4878 1356 4937 esse
1376 4864 1625 4937 adoptato
1646 4878 1697 4926 ii,
1722 4859 1867 4937 quod

276 4933 696 5007 alii'prtesertim
722 4948 844 5008 post
867 4939 1304 5007 Adeptianorum
1327 4935 1577 5008 haeresim
1607 4933 1864 5008 mendum

275 5004 644 5081 crediderint,
685 5004 771 5074 et,
820 5012 929 5065 alio
977 5004 1275 5081 subrogato
1325 5006 1526 5071 verbo,
1578 5004 1868 5060 eraseriut.

277 5079 441 5136 Prosa
462 5097 530 5136 ex
540 5084 690 5149 ponit
707 5082 1007 5137 tetheream.
1155 5079 1168 5081 ⁷
1524 5086 1533 5093 “

348 5152 478 5211 295.
511 5146 645 5224 Reg.
672 5155 707 5211 5
727 5161 783 5208 et
802 5153 953 5219 Ald.,
984 5155 1151 5225 Atque
1178 5151 1400 5225 palam;
1434 5150 1552 5225 lege
1584 5146 1753 5225 Seque
1781 5162 1876 5218 pa-

280 5225 410 5301 lam:
434 5218 660 5301 Parrh'i,
696 5225 922 5301 inverso
942 5218 1137 5301 Ordine
1157 5218 1416 5301 {populis
1444 5218 1725 5301 Datttiitu‘s.

349 5297 479 5352 296.
523 5297 583 5351 In
622 5288 859 5361 Poelm.,
900 5296 1089 5351 humili
1124 5288 1383 5349 mendum
1408 5301 1532 5346 est:
1579 5291 1631 5343 in
1666 5290 1781 5343 υιι.
1805 5288 1873 5361 Δ1,

279 5384 376 5437 pro
400 5380 588 5423 maesto
611 5368 756 5425 aliud
786 5358 937 5438 prius
961 5368 1080 5424 fuit.
1114 5369 1307 5422 Arutz.
1341 5362 1673 5431 trausponit.
1727 5358 1875 5414 vultu

282 5440 511 5513 dejectus
544 5441 742 5495 lumina
766 5450 964 5495 moesto.
999 5441 1142 5513 Beda
1169 5441 1237 5492 de
1267 5443 1384 5513 Art.
1427 5445 1615 5513 m_etr.,
1641 5442 1697 5487 et
1726 5446 1877 5486 cout-

281 5508 556 5567 mentator
608 5513 749 5581 eius,
776 5514 895 5567 sine
938 5511 1179 5566 auctoris
1226 5508 1445 5563 nomine
1480 5509 1627 5581 hunc
1651 5518 1873 5581 versum

283 5584 589 5657 proferunt.
627 5574 874 5657 Defectus
905 5582 1123 5657 lumina,
1152 5591 1209 5635 ut
1237 5580 1380 5657 apud
1409 5576 1661 5657 Ovidium
1693 5574 1874 5657 oculos

282 5645 505 5728 ilejeﬂa,
530 5645 950 5728 rapud'Statium
1002 5645 1202 5709 vultum
1231 5645 1480 5728 dejectus,
1515 5648 1658 5718 apud
1694 5645 1872 5718 Virgi-

282 5723 658 5803 liumyuljunt
681 5727 1027 5803 ἀεριίεεαη,
1289 5723 1301 5728 ⁷
1461 5792 1496 5803 -
1643 5790 1672 5803 ..

352 5798 481 5855 297.
508 5798 700 5855 Ottob.
734 5798 790 5866 1,
814 5798 1071 5867 Procidit,
1100 5806 1409 5855 correctum
1450 5790 1718 5848 Procedit.
1768 5789 1878 5847 Me-

1971 4724 2120 4786 pant.
2160 4714 2355 4767 Verum
2385 4714 2670 4770 lectionem
2696 4715 2969 4785 vulgatam
2999 4730 3104 4768 non
3137 4715 3299 4767 modo
3341 4714 3577 4779 endit-es,

1970 4785 2065 4840 sed
2095 4785 2257 4842 etiam
2288 4799 2448 4854 prosa
2483 4795 2678 4842 tuetur.
2709 4786 2940 4849 Poelm.,
2969 4786 3115 4848 Col.,
3144 4786 3295 4854 Bas.,
3316 4786 3580 4852 utrinque.

1970 4857 2141 4925 Meus,
2190 4864 2404 4923 Arntz.,
2453 4873 2481 4909 a
2526 4874 2639 4914 sec.
2693 4875 2793 4923 ιιι..
2844 4868 3084 4930 utroque.
3135 4856 3270 4912 Vera
3312 4857 3472 4910 lectio
3502 4865 3589 4910 est

1971 4939 2267 5000 utrumque.

2049 4995 2175 5056 503;
2206 4999 2425 5063 Parrh.,
2452 5008 2582 5055 tetra
2613 5012 2856 5072 potestas.
2882 4997 3252 5072 Wopkensius
3277 4995 3592 5072 suspicatur

1976 5089 2111 5127 sa't‘a
2140 5087 2159 5125 :
2191 5072 2286 5124 sed
2322 5072 2458 5125 bene
2483 5083 2567 5128 est
2593 5067 2750 5137 iteca,
2778 5073 2830 5126 lt.
2862 5088 2942 5138 e.,
2978 5067 3287 5137 furibunda,
3322 5067 3472 5121 nullo
3504 5083 3589 5121 ra-

1980 5146 2151 5213 tionis
2174 5144 2375 5197 luminc
2406 5146 2650 5213 praedita,
2683 5154 2741 5197 ut
2774 5150 2890 5211 ipse
2918 5142 3173 5213 explicat.

2051 5212 2176 5270 505.
2207 5213 2318 5269 Ott.
2347 5208 2420 5278 2;
2442 5212 2560 5268 Vet.
2592 5208 2646 5279 1,
2676 5213 2732 5282 2,
2769 5208 2938 5275 Mou..
2969 5208 3184 5267 scheda'
3216 5208 3421 5264 l’nclm.
3448 5250 3461 5273 ,
3505 5224 3595 5262 vo-

1978 5287 2141 5341 lutus.
2171 5285 2455 5353 Scriptura
2487 5287 2833 5342 communior
2860 5284 3096 5338 volutans
3128 5283 3485 5353 confirmatur
3513 5295 3585 5335 ex

1979 5352 2608 5434 Virgilio,_l.t_tt‘.Eneid.
2637 5372 2781 5412 vers.
2810 5356 2936 5415 607,
2965 5352 3589 5434 a_qt_to_i.nlegrnm.ltunc

1980 5423 2201 5484 versum
2226 5427 2483 5484 Sedulius
2512 5438 2791 5483 mutuatus
2815 5436 2917 5482 est.
2973 5427 3079 5478 Sed
3115 5423 3371 5492 Virgilius
3396 5423 3468 5475 ait
3498 5440 3591 5492 ge-

1981 5517 2087 5554 nua
2116 5498 2409 5567 amplexus.
2443 5500 2543 5556 Est
2576 5509 2759 5554 autem
2789 5498 3027 5567 volutans
3068 5495 3211 5546 itit-tn
3231 5537 3245 5560 ,
3277 5508 3418 5567 acre
3451 5494 3598 5567 rolu-

1984 5583 2119 5637 tans,
2150 5562 2237 5623 vel
2282 5571 2564 5637 volutatus,
2600 5581 2656 5624 ιιι
2688 5566 2938 5624 volventia
2967 5566 3228 5633 plaustra,
3277 5562 3593 5616 volventibus

1983 5644 2158 5707 annis,
2190 5648 2247 5695 ιιι
2274 5644 2378 5696 alia
2409 5643 2629 5698 similia.

2058 5704 2182 5769 506.
2215 5711 2331 5768 Ott.
2356 5714 2416 5780 2,
2438 5712 2689 5779 Merebat,
2724 5710 2949 5780 fortasse
2982 5705 3239 5780 librarius
3264 5704 3440 5780 voluit
3466 5704 3603 5761 scri-

1988 5787 2121 5843 bere
2151 5775 2424 5854 Maerebat,
2463 5786 2558 5842 sed
2591 5775 2751 5853 longe
2776 5778 2970 5836 melius
3002 5784 3089 5834 est
3115 5775 3380 5834 "terebat.

355 5898 384 5929 ⁸
422 5890 559 5949 Erat
587 5891 640 5948 in
670 5898 785 5949 vet.
816 5889 938 5949 cod.
975 5889 1130 5947 lianc
1159 5904 1248 5945 ore
1278 5906 1290 5942 :
1340 5886 1559 5943 Juretus
1594 5889 1743 5940 recte
1772 5879 1943 5939 edidit
1966 5893 2079 5934 oro.
