4038 6312
198 306 301 365 66')

336 419 571 477 Scilicet
600 418 878 492 ingenium
912 419 1087 478 teneri
1116 428 1392 477 sectemur
1421 430 1482 477 ιιι
1518 421 1622 477 aevi

336 512 457 571 Non
502 514 704 584 annis,
751 512 849 570 sed
896 520 1122 584 mente,
1163 513 1359 585 jubet,
1406 515 1532 586 quia
1584 512 1804 569 mollior

1573 608 1732 685 [aetas

339 702 424 761 Nil
470 718 693 777 pompae
733 704 984 762 mortalis
1023 711 1207 773 amat,
1252 718 1366 761 non
1405 705 1580 762 ambit
1623 706 1801 762 hono-

1558 797 1695 872 [rem
1711 840 1730 868 ,

200 892 301 951 550
339 890 502 967 2⁵14
550 888 669 948 Nec
714 890 975 962 resupina
1024 899 1229 960 tumet;
1271 890 1354 948 sic
1408 906 1559 963 purte
1605 891 1803 950 semita

1548 986 1720 1062 tvm.

338 1084 616 1153 Quantum
644 1096 812 1153 prona
839 1080 996 1149 solo,
1030 1090 1237 1138 tantum
1261 1081 1322 1138 ﬁt
1348 1084 1601 1155 proxima
1626 1083 1796 1140 caelo:

339 1176 488 1234 ﬂens
514 1175 723 1235 etenim
750 1190 1017 1250 vergens,
1043 1177 1212 1235 altum
1245 1178 1403 1250 petit,
1433 1177 1651 1252 altaque
1679 1195 1800 1236 ver-

1588 1272 1728 1346 icit.

1342 303 1628 361 CARMEN
1669 302 2064 368 ΡΑὓοιιΑιῑ.
2104 306 2238 367 LIB.
2280 306 2371 366 Ill.

1827 434 1881 494 A

3414 312 3522 370 070

2046 422 2312 496 lnieriorq
2322 441 2391 484 ue
2412 427 2638 499 gradus,
2671 443 2779 501 quo
2798 430 2915 486 vult
2930 429 3297 497 descendere,
3315 436 3515 505 surgit.

2053 517 2195 575 Ecce
2224 517 2489 577 humilem
2517 522 2782 580 Dominus
2822 524 2892 581 de
2923 533 3177 581 stercore
3209 523 3357 580 tollit
3382 539 3514 598 ege-

3260 633 3390 674 num

3260 633 3390 674 num

1905 705 2011 763 555
2050 706 2118 761 Et
2148 704 2277 761 facit
2303 707 2552 777 egregios
2582 707 2725 764 inter
2750 707 2989 765 residere
3016 616 3283 781 tyrannis
3313 729 3326 767 :
3418 659 3436 688 ’

2051 799 2123 855 At
2151 810 2341 855 contra
2370 800 2638 857 tumidum
2667 804 2896 875 pugnaci
2928 816 3120 862 mente
3150 805 3419 863 rebellem

2050 899 2396 970 Praecipitem
2428 901 2571 956 calo
2594 900 2695 957 sub
2727 909 2929 959 tartara
2957 902 3122 975 jussit
3152 902 3327 971 abire.

2048 991 2211 1077 275
2238 992 2408 1053 Parva
2434 992 2650 1065 loquor,
2709 992 2756 1049 si
2800 993 2942 1050 facta
2987 993 3084 1052 Dei
3133 1011 3234 1067 per
3276 997 3496 1069 singula

3154 1088 3426 1165 [curram,

2047 1182 2115 1238 Et
2145 1181 2383 1261 speciale
2412 1182 2642 1257 bonum,
2695 1197 2819 1240 cum
2870 1181 2943 1241 sit
2994 1184 3266 1261 generale,
3323 1186 3500 1245 revol-

3245 1276 3423 1350 [vam.

1559 1405 1740 1465 OPUS
1780 1406 2169 1471 PASCHALE.

198 1524 279 1582 vel
306 1522 502 1591 teneri,
516 1520 844 1580 sectandum
865 1520 1195 1593 praecipiens
1218 1521 1522 1593 ingenium,
1536 1536 1643 1579 non
1667 1532 1797 1579 :eta-

198 1629 325 1677 tem.
346 1618 616 1686 Quoniam
646 1617 778 1673 anni
802 1616 1352 1675 videlicetiniantiles
1370 1619 1587 1691 exigua:
1616 1627 1644 1659 ι
1672 1634 1796 1691 par-

197 1711 401 1779 vitatis,
433 1724 536 1768 nec
564 1709 864 1767 mundanae
892 1724 1108 1781 pompa:
1127 1710 1257 1782 quid
1275 1710 1529 1783 diligunt,
1560 1727 1661 1771 nec
1690 1712 1792 1768 ho-

197 1804 342 1861 noris
388 1802 690 1860 ambitione
741 1812 1037 1873 tanguntur
1071 1845 1086 1869 ,
1140 1818 1241 1861 nec
1299 1813 1515 1861 tumore
1570 1805 1794 1878 superbi

195 1896 367 1954 fastus
398 1893 682 1951 inﬂantur.
717 1894 955 1966 ideoque
982 1896 1107 1951 vita:
1136 1896 1458 1967 simplicitas
1494 1898 1789 1968 inclinata,

1899 1536 2009 1583 tem
2041 1527 2096 1582 in
2126 1524 2402 1598 squaloris
2431 1525 2654 1583 tartarei
2685 1523 2955 1598 profunda
2975 1524 3198 1598 deiecit,
3227 1526 3307 1584 ita
3340 1541 3496 1586 nam-

1895 1635 2005 1691 que
2027 1620 2189 1676 lectio
2217 1619 2402 1674 divina
2434 1620 2785 1692 proloquitur
2804 1618 2834 1660 δ
2858 1636 2874 1676 :
2906 1619 3212 1676 Humilibus
3242 1618 3383 1677 Deus
3408 1622 3500 1678 dat

1898 1714 2141 1788 gratiam,
2174 1712 2408 1783 superbis
2440 1721 2616 1767 autem
2640 1712 2853 1769 resistit.
2908 1713 2973 1768 Et
3024 1714 3220 1769 lterum
3246 1712 3501 1770 similiter

1899 1823 2231 1873 memorans,
2283 1806 2465 1862 dicit:
2517 1806 2785 1863 Suscitans
2834 1823 2867 1861 a
2910 1816 3046 1862 terra
3095 1808 3320 1878 inopem,
3359 1808 3499 1863 etde

1894 1914 2118 1959 stercore
2145 1904 2343 1975 erigens
2365 1918 2679 1974 pauperem;
2703 1911 2757 1955 ut
2788 1902 3003 1958 collocat
3024 1919 3141 1958 eum
3169 1920 3282 1958 cum
3304 1905 3499 1975 princi-

194 1996 456 2062 quantum
483 1989 665 2045 Vicina
704 1987 765 2051 ῆι
787 1989 930 2058 6010,
966 1995 1075 2047 tam
1106 1990 1168 2045 ﬁl
1197 1990 1372 2049 Vicina
1425 1993 1585 2048 cmlo.
1636 1992 1793 2073 Mens
1821 1998 1869 2063 B
1896 2000 2067 2076 pilius,
2108 2016 2225 2055 eum
2255 1998 2578 2069 principibus
2605 1996 2787 2071 populi
2815 1998 2918 2054 sui.
2947 1996 3138 2055 Omnis
3167 2000 3313 2054 enim
3364 2010 3498 2069 pau-

195 2086 338 2142 enim
361 2099 601 2157 vergens
623 2082 872 2156 erigitur,
896 2095 1080 2142 erecta
1104 2085 1438 2156 devergitur;
1458 2086 1794 2159 interiorque

192 2179 371 2238 cordis
402 2179 674 2243 incessus.
705 2195 816 2250 quo
837 2178 1176 2237 descendere
1202 2180 1419 2249 nititur,
1441 2182 1791 2241 sublimatur.

195 2275 465 2335 ilumilem
495 2290 735 2345 namque
793 2275 939 2333 Deus
981 2284 1037 2333 et
1083 2289 1380 2347 pauperem
1425 2276 1494 2334 de
1538 2278 1796 2334 sordibus

195 2371 374 2441 erigit,
425 2377 485 2427 et
530 2380 815 2440 potentum
864 2371 1115 2427 societati
1160 2354 1463 2444 conjungit.
1511 2372 1792 2430 Cervicem

194 2464 477 2525 diabolicae
507 2479 638 2522 vere
668 2463 943 2536 superbiae
983 2465 1195 2522 caelesti
1236 2465 1502 2537 dignitate
1543 2468 1795 2539 principi-

1898 2103 2086 2164 portas
2108 2091 2438 2148 humilitatis
2455 2091 2625 2147 socia.
2659 2090 2803 2153 Audi
2825 2090 3178 2148 Saluinonem
3199 2089 3501 2147 dicentem:

1898 2185 2191 2258 Paupertas
2219 2184 2469 2243 huiniliat
2490 2186 2676 2240 uirum.
2724 2184 2833 2243 Sed
2882 2200 3049 2256 parva
3079 2186 3242 2242 nimis
3276 2185 3503 2256 exigua-

1896 2294 2001 2349 que
2027 2277 2352 2345 referimus,
2391 2278 2436 2333 si
2466 2292 2567 2347 per
2596 2276 2805 2349 singula
2840 2276 3150 2333 Divinitatis
3182 2277 3324 2334 facta
3367 2293 3499 2334 cur-

1897 2383 2086 2430 rentes
2112 2413 2128 2441 ,
2176 2372 2497 2443 specialiter
2536 2371 2916 2437 revolvamus,
2960 2385 3081 2442 quas
3121 2371 3286 2427 nullis
3318 2372 3497 2442 expli-

1897 2467 2071 2523 canda
2103 2465 2471 2531 sermonibus,
2499 2465 2833 2538 generaliter
2860 2465 3223 2522 innotescant.

1684 2600 2005 2660 SCHOLIA.

264 2693 392 2751 527.
425 2691 604 2761 Meus,
647 2702 907 2749 sectamur
946 2701 997 2749 et
1048 2708 1066 2747 :
1107 2707 1303 2750 sensus
1353 2695 1595 2765 postulat
1630 2704 1794 2751 secte-

195 2783 312 2822 ntur
331 2776 411 2821 ut.

266 2838 392 2897 529.
421 2837 555 2910 Reg.
588 2838 643 2906 1,
676 2838 862 2906 Cant.,
919 2837 1030 2895 Ott.
1077 2840 1132 2907 1,
1161 2838 1461 2910 mundatis;
1491 2839 1544 2895 in
1586 2839 1698 2894 Ott.
1726 2840 1793 2906 1,

197 2911 363 2966 veluti
391 2908 596 2980 glossa,
632 2919 720 2967 est
746 2911 1000 2969 mortalis.
1031 2913 1145 2967 Ott.
1197 2912 1253 2979 2,
1299 2908 1579 2966 ntoudalis.
1618 2912 1791 2969 Pleri-

200 2999 302 3053 que
340 2997 473 3038 mss.
500 2992 554 3038 et
584 2980 743 3048 editi,
773 2981 1031 3049 mortalis,
1060 2984 1203 3053 quod
1237 2984 1457 3053 pra-fert
1484 2980 1790 3052 Grunerus,

198 3057 319 3125 quia
354 3055 458 3108 etsi
510 3054 682 3109 Prosa
709 3053 875 3109 habet
902 3057 1205 3118 mandante,
1231 3064 1410 3111 tamen
1434 3055 1669 3109 mortalis
1708 3065 1793 3109 est

200 3128 373 3197 magis
404 3126 701 3197 poeticum,
726 3136 782 3180 et
803 3125 1068 3182 niundalis
1096 3127 1236 3196 apud
1267 3126 1404 3181 alios
1436 3140 1544 3180 non
1588 3126 1793 3196 reperi-

203 3195 312 3271 tur.
338 3198 537 3271 lterum
560 3195 844 3271 Sedulius,
879 3199 914 3271 l.
940 3214 1023 3271 tv,
1052 3214 1106 3254 ν.
1127 3195 1235 3271 295
1254 3215 1266 3251 :
1288 3197 1392 3264 Qui
1420 3214 1620 3271 pompa:
1652 3195 1792 3271 rnor-

204 3269 320 3325 talis
352 3270 537 3324 honor.
559 3267 691 3323 Mihi
714 3269 764 3323 in
793 3267 1017 3325 Sedulio
1046 3285 1150 3325 non
1174 3267 1488 3340 displiceret
1509 3267 1791 3338 niundalis,

202 3353 293 3396 aut
322 3344 486 3415 etiam
518 3341 811 3415 mundialis
832 3342 1179 3415 trisyllabum
1214 3357 1310 3410 per
1333 3341 1792 3415 contractionem,

203 3428 309 3484 quo
335 3414 601 3486 vocabulo
626 3412 1018 3481 Tertullianus,
1036 3414 1419 3486 Hieronymus,
1448 3413 1796 3481 Prudentius,

204 3498 257 3541 et
279 3485 564 3540 Salvianus
598 3492 842 3541 utuntur.

274 3533 853 3625 isofiiélipiiii'ﬁié
878 3558 1117 3627 superbo
1148 3557 1217 3612 ab
1256 3555 1455 3613 Ovidio
1484 3564 1537 3611 et
1587 3555 1796 3613 Seneca
1823 3533 1868 3597 Ο

208 3641 517 3699 usurpatur,
547 3639 604 3682 ut
631 3630 849 3696 supinus
871 3629 939 3683 ab
960 3630 1107 3684 aliis.
1134 3627 1297 3682 Pure
1322 3631 1437 3683 uiue
1456 3667 1472 3692 ,
1503 3630 1626 3699 quia
1664 3643 1798 3697 puer

207 3715 236 3754 a
268 3717 398 3768 puro
429 3699 654 3763 dicitur,
685 3710 736 3754 ut
768 3700 847 3755 ait
876 3699 1275 3768 Nebrissensis,
1309 3701 1417 3766 vel,
1464 3706 1524 3753 ut
1552 3698 1798 3755 Isidorus

210 3772 335 3827 libr.
359 3788 431 3827 xu
452 3771 605 3842 Orig.
634 3787 686 3826 c.
711 3771 768 3836 2.
800 3787 831 3827 a
863 3773 1107 3841 puritate.
1748 3782 1751 3789 '

278 3845 401 3899 551.
437 3843 557 3898 Vat.
588 3846 641 3908 1,
674 3843 941 3912 Quantum
963 3851 1037 3898 est
1070 3858 1236 3912 prona
1258 3858 1277 3897 :
1299 3842 1392 3898 alii
1416 3843 1672 3897 omittunt
1700 3849 1798 3896 est.

212 3914 324 3971 iloc
342 3913 551 3971 Sedulii
566 3929 725 3985 versu
746 3925 925 3985 potest
941 3913 1259 3971 conﬁrmari
1277 3916 1616 3981 conjectura,
1639 3928 1801 3984 quam

213 3987 445 4042 indica'vi
469 3986 537 4041 ad
564 3984 890 4051 Iuvencum,
922 3988 957 4043 Ι.
986 4002 1058 4054 Iv,
1078 3987 1336 4043 vers.36:
1356 3986 1458 4052 Qui
1481 3993 1631 4039 terra:
1652 3985 1802 4056 proni

212 4073 309 4128 pro
335 4059 439 4127 Qui
462 4066 656 4113 terram
686 4059 857 4129 proni,
886 4068 944 4113 ut
992 4061 1044 4113 in
1087 4074 1217 4113 mss.
1255 4059 1472 4129 legitur.
1500 4056 1684 4111 Adisis
1715 4071 1807 4111 va-

196 4133 322 4185 ‘rias
343 4131 630 4188 lectiones.
682 4131 907 4186 Tantum
931 4138 987 4186 et
1014 4142 1285 4202 quantum,
1311 4146 1408 4201 pro
1430 4137 1533 4181 tam
1553 4136 1609 4183 et
1629 4144 1805 4198 quam,

213 4203 290 4257 sic
315 4203 451 4258 satis
474 4202 759 4258 usitatum.
1805 4232 1813 4240 -

284 4274 409 4329 555.
428 4273 708 4332 Vonckius
736 4273 1321 4345 malebatlnferlorque
1340 4274 1511 4346 gradu
1541 4290 1643 4343 quo
1656 4270 1808 4346 uult:

217 4346 551 4416 exemplaria
579 4356 764 4403 vetera
804 4358 860 4402 et
889 4360 1050 4417 prosa
1087 4343 1315 4417 exigunt
1342 4343 1577 4417 'gradus.
1627 4343 1811 4417 Nostri

217 4432 404 4473 omnes
448 4425 508 4473 et
538 4418 785 4489 plerique
809 4416 1020 4489 aliique
1036 4416 1143 4471 uult
1173 4416 1504 4480 descendere,
1528 4418 1717 4487 surgit.
1754 4416 1808 4489 ln_

217 4490 437 4545 schedia
458 4484 669 4545 Poelm.
697 4484 821 4545 erat
843 4484 1094 4546 notatum
1121 4529 1136 4553 ,
1174 4491 1290 4556 Quo
1322 4532 1336 4556 ,
1371 4490 1565 4544 scilicet
1599 4484 1658 4542 eo
1683 4532 1696 4555 ,
1731 4484 1811 4541 uel

220 4577 276 4634 ea
305 4572 455 4634 parte
480 4578 584 4632 qua
615 4577 633 4615 :
662 4562 836 4628 aliter,
868 4579 1006 4617 cum.
1054 4560 1278 4616 Manent
1325 4561 1531 4634 eaedem
1556 4558 1775 4634 schedte
1797 4601 1811 4627 ,

220 4631 510 4706 lugendum
535 4634 845 4689 descendere
873 4634 1065 4706 surgit,
1094 4646 1199 4706 non
1225 4632 1477 4706 descende
1497 4675 1517 4706 ,_
1566 4631 1812 4701 resurgit.

222 4703 369 4761 lianc
395 4706 715 4761 varietatem
742 4703 1071 4761 Arntzetiius
1104 4705 1158 4757 in
1188 4705 1306 4759 suis
1354 4717 1459 4757 non
1505 4703 1813 4758 invenerat.

223 4776 412 4833 Exstat
441 4787 628 4831 tamen
661 4778 712 4831 in
740 4779 984 4832 editione
1011 4777 1128 4844 ipsa
1152 4775 1501 4842 Poelmanni,
1530 4778 1580 4830 in
1610 4788 1715 4844 qua
1740 4771 1817 4829 leo

219 4850 363 4920 gitur
385 4864 489 4919 quo
519 4849 628 4903 uult
670 4849 943 4914 descende,
988 4848 1234 4920 resurgit,
1284 4856 1341 4903 et
1389 4846 1456 4920 ad
1505 4861 1675 4917 marg.
1701 4862 1817 4920 cum

224 4919 347 4976 uult.
380 4921 517 4985 Sed,
565 4930 625 4974 tit
656 4921 852 4990 Opinor

222 4967 437 5059 vende,
477 4967 752 5064 resurgitr:
783 4967 965 5048 ιῖυὶιυὶ
994 4994 1141 5048 enim
1162 4967 1299 5046 hic;
1322 4967 1537 5064 erruitur
1565 5006 1782 5064 sensus.

293 5062 643 5132 3M.Cant.,
676 5068 891 5128 Arntz.,
924 5068 1098 5134 Ang.,
1136 5064 1284 5128 Alb.,
1310 5062 1471 5135 iReg.
1500 5063 1555 5131 2,
1602 5063 1660 5132 5,
1700 5062 1820 5119 Vat.

226 5136 262 5193 2
281 5147 336 5191 ct
362 5134 476 5193 Ott.
507 5137 567 5195 2.
592 5152 827 5208 egenum.
854 5137 947 5193 Sic
967 5136 1079 5192 Ott.
1111 5136 1135 5190 1
1161 5177 1175 5201 ,
1226 5134 1323 5189 sed
1367 5145 1700 5208 correctum,
1730 5149 1828 5208 per

232 5218 483 5278 egentem,
514 5206 661 5279 quod
700 5209 965 5265 exhibent
991 5208 1125 5279 Reg.
1162 5210 1185 5262 1
1244 5214 1302 5263 et
1330 5206 1445 5262 alii.
1480 5207 1626 5263 Editi
1659 5206 1825 5262 simili

231 5284 391 5336 modo
428 5282 666 5336 variant.

298 5352 422 5410 556.
481 5352 784 5424 Tyrannus,
843 5351 1065 5422 antiqua
1137 5351 1581 5423 significatione,
1632 5363 1827 5420 nempe

232 5437 407 5479 renes.
1156 5436 1169 5442 ’

337 5497 424 5553 56.
458 5496 632 5561 Meus,
661 5493 917 5559 Econtra,
948 5494 1034 5567 vel
1080 5494 1126 5549 E
1154 5504 1334 5551 contra
1366 5513 1384 5551 :
1415 5511 1538 5567 qna:
1566 5493 1826 5567 loquendi

235 5569 373 5624 ratio
399 5568 730 5624 auctoritate
748 5567 959 5623 Aurelii
980 5566 1244 5634 Victoris,
1265 5566 1612 5641 Hieronymi,
1629 5566 1833 5634 Servii,

306 5672 334 5700 ι
374 5663 432 5719 In
464 5660 734 5725 vet..cod.
762 5671 882 5735 erat
911 5663 1086 5735 exigui
1115 5677 1216 5735 pro
1238 5664 1462 5735 exiguae.
1492 5670 1547 5718 et
1581 5662 1672 5732 qui
1716 5660 1841 5717 dilia

234 5743 357 5809 gunt
407 5750 508 5806 pro
555 5735 679 5809 quid
745 5733 1076 5809 diligunt."l_n
1106 5734 1290 5789 multis
1314 5733 1692 5809 Lbibliothccis
1738 5735 1839 5791 Pa-

238 5806 373 5863 irum
403 5822 514 5862 non
544 5806 768 5877 diligunt
792 5806 909 5875 ,sed
934 5807 1169 5878 deligunt
1221 5806 1503 5861 scribitur.

306 5878 332 5917 δ
373 5878 555 5936 Prima
590 5876 705 5936 huic
725 5878 1011 5950 scripturae
1040 5876 1208 5935 verba
1241 5885 1371 5936 sunt
1398 5892 1467 5935 ex
1513 5876 1691 5949 Epist.
1745 5876 1839 5934 Ja-

1903 2696 2068 2754 etiam
2110 2696 2303 2763 Taciti,
2336 2704 2395 2754 ut
2442 2697 2718 2754 nonnullis
2756 2696 2989 2765 videtur,
3020 2696 3333 2756 defenditur
3361 2716 3374 2755 :
3402 2699 3498 2756 sed

1902 2770 2125 2825 latinius
2151 2778 2235 2826 est
2261 2779 2444 2824 contra
2465 2769 2831 2855 simplicitera
2852 2770 3218 2827 Retinendum
3260 2784 3391 2843 ergo
3432 2771 3499 2827 At

1900 2852 2108 2907 contra,
2136 2857 2258 2912 qua
2277 2852 2586 2897 communis
2612 2853 2698 2898 est
2723 2852 3013 2909 scriptura.

1970 2916 2095 3037 3,557.
2122 2914 2246 2972 Vat.
2283 2913 2335 2983 l,
2369 2912 2704 2986 Praecipitem
2747 2932 2773 2970 e
2802 2914 2928 2972 ctelo
2956 2933 2976 2972 :
3008 2914 3127 2983 alii,
3156 2912 3499 2986 Principith

1970 3008 1971 3015 ‘
1996 3002 2046 3037 ο.

1898 3002 2046 3041 creto.

1968 3059 2090 3114 358.
2127 3057 2343 3124 Parrh.,
2367 3056 2587 3129 scheilai
2617 3057 2850 3124 Poelm.,
2875 3057 3056 3112 Pauca
3083 3056 3287 3129 loquar.
3304 3056 3493 3127 Rom.,

1897 3128 2062 3202 Ang.,
2088 3132 2239 3196 Alb.,
2265 3141 2320 3185 et
2363 3131 2481 3202 alii,
2515 3128 2688 3184 Parua
2738 3132 2941 3202 loquar.
2985 3129 3499 3202 Commtminrﬂve~

1897 3200 2117 3271 rinrque
2141 3202 2326 3268 lectio,
2358 3201 2531 3257 Parva
2570 3202 2772 3272 loquor.
2798 3200 2888 3258 eui
2911 3203 3055 3259 favet
3102 3217 3282 3269 prosa.
3332 3200 3501 3272 Wop-

1899 3272 2121 3329 kcnsius
2145 3275 2391 3345 capiinit,
2420 3272 2594 3345 Nimis
2618 3275 2806 3345 exigua
2834 3292 2913 3329 me
2938 3274 3167 3345 proferre
3191 3277 3375 3330 sentio.
3406 3273 3497 3330 Si-

1899 3346 2115 3409 donius,
2142 3343 2313 3401 carm.
2341 3348 2393 3412 ὅ,
2429 3343 2601 3400 Parva
2627 3343 2825 3416 loquor.
2861 3343 2997 3413 Quid
3016 3343 3041 3401 ?
3062 3345 3221 3413 quod,
3247 3359 3351 3402 etc.
3374 3345 3493 3403 Vat.

1901 3416 1952 3478 1,
1981 3420 2025 3471 si
2045 3434 2167 3474 cum
2196 3417 2336 3480 aliis,
2371 3418 2466 3473 sed
2490 3431 2652 3486 supra
2676 3418 2889 3473 videtur
2917 3432 3045 3474 esse
3086 3419 3209 3472 nisi.
3254 3418 3501 3486 Scripto-

1902 3504 1990 3545 res
2029 3489 2300 3560 sequioris
2344 3490 2447 3547 arvi
2503 3490 2837 3559 usurpabant
2856 3507 3062 3546 currere
3091 3507 3182 3560 per
3216 3490 3378 3561 facta,
3412 3504 3503 3556 per

1902 3562 2172 3627 miracula,
2200 3573 2338 3627 etc.,
2384 3576 2482 3631 pro
2526 3561 2759 3617 breviter
2796 3577 3112 3625 recensere,
3157 3570 3221 3616 ut
3261 3561 3501 3617 Severus

1902 3631 2193 3702 Sulpicius,
2224 3634 2485 3704 Paulinus
2512 3631 2774 3699 Nolanus,
2805 3634 3159 3704 Augustinus.
3190 3632 3300 3689 Nec
3343 3632 3504 3704 dissi-

1903 3705 2033 3759 mile
2053 3718 2132 3759 est
2167 3704 2298 3759 illud
2325 3702 2630 3767 Ciceronis,
2666 3704 2820 3759 Verr.
2852 3702 2913 3771 5,
2948 3706 3019 3760 al.
3059 3706 3113 3768 5,
3148 3721 3198 3759 c.
3222 3705 3331 3759 42:
3366 3702 3504 3758 Nam

1903 3792 1993 3846 per
2023 3792 2196 3830 omnes
2227 3777 2491 3841 civitates,
2543 3791 2659 3847 quw
2712 3777 2951 3832 decumas
2999 3777 3199 3845 debent,
3253 3777 3506 3848 percurrit

1904 3849 2068 3901 oratio
2099 3863 2231 3904 mea.

1978 3918 2102 3992 559.
2136 3916 2459 3992 Dracontius
2480 3916 2758 3992 co_njungit
2783 3919 2944 3992 etiam
2974 3918 3214 3992 generale
3236 3927 3289 3973 et
3309 3917 3509 3991 spicia-

1908 3989 1972 4047 le.
2001 3989 2038 4044 l.
2067 4004 2121 4054 tt,
2154 4003 2299 4061 vers_.
2330 3990 2434 4061 185
2468 4005 2481 4041 :
2516 3987 2585 4041 Et
2606 3987 2831 4060 speciale
2839 3987 3017 4061 iubes,
3046 4000 3310 4061 tamgnom
3337 3987 3505 4061 'gene-

1907 4062 2037 4130 rule,
2071 4059 2394 4133 iuerinPust
2418 4059 2563 4133 hunc
2590 4059 2991 4133 vcrstitmﬁcg.
3012 4065 3041 4133 _i
3083 4078 3097 4116 :
3128 4059 3363 4133 Eaplicjt
3383 4059 3511 4133 liber

1906 4128 2184 4187 secundus.
2221 4129 2415 4194 Incipit
2438 4131 2660 4202 liberm,
2685 4132 2737 4184 in
2764 4128 2989 4202 Christo.
3010 4131 3140 4201 Reg.
3168 4128 3247 4184 2':
3283 4128 3512 4202 Explicit

1910 4205 1998 4259 lib.
2034 4219 2090 4259 It.
2124 4203 2308 4259 Uttob.
2344 4204 2365 4257 1
2405 4220 2419 4255 :
2466 4200 2610 4275 Finit
2654 4202 2748 4256 lib.
2784 4217 2843 4259 il.
2874 4201 3067 4275 Incipit
3093 4202 3184 4257 lib.
3214 4217 3295 4256 ιιι.
3345 4200 3514 4275 Eran-

1910 4276 2109 4346 gelime
2143 4281 2377 4338 seqiutur
2395 4274 2534 4328 tituli
2561 4273 2781 4346 singulis
2814 4269 3069 4346 capitibus
3109 4274 3384 4333 coarctari.
3432 4269 3510 4346 ita

1912 4340 2106 4403 vitiose
2132 4347 2396 4415 scriptum
2424 4352 2533 4409 est,
2585 4340 2816 4400 foitasse
2845 4340 2903 4400 ut
2930 4345 3226 4408 indicetur,
3278 4340 3514 4415 singulis

1912 4418 2183 4493 capitibus
2217 4414 2362 4493 suos
2413 4417 2602 4493 titulos
2633 4418 2895 4493 prmponi.
2938 4417 3069 4493 Eat.
3122 4416 3147 4471 1
3185 4433 3200 4471 :
3240 4414 3519 4493 Ili-alibi?

1916 4486 2095 4545 tertius
2124 4488 2309 4543 incidit
2328 4487 2607 4543 secundum
2631 4486 2897 4559 personas.
2929 4487 3148 4545 Clarum
3183 4497 3268 4544 est
3296 4487 3402 4543 Hic
3450 4486 3517 4559 li-

1917 4564 2004 4617 ber
2036 4562 2237 4624 tertius,
2272 4561 2373 4614 alia
2407 4556 2638 4615 confusa
2664 4570 2714 4617 et
2743 4562 2938 4617 litteris
2969 4562 3109 4616 inter
3139 4575 3199 4631 se
3232 4556 3522 4631 permixtis

1917 4635 2174 4695 obscura.
2206 4632 2341 4705 Reg.
2375 4636 2452 4705 5,:
2480 4631 2641 4705 Finis
2664 4634 2883 4705 secundi
2912 4632 3056 4690 libri.
3078 4630 3255 4705 iLiber
3310 4632 3522 4705 tertius,

1919 4704 2229 4760 Divinarum
2282 4701 2600 4760 inirabilium
2652 4704 2781 4759 liber
2826 4705 3027 4759 tertius.
3076 4704 3226 4760 Meus
3263 4722 3276 4760 :
3317 4701 3525 4765 Sedulii

1920 4774 2758 4866 restslitassent":-slnciet'
2804 4793 2898 4866 "",
2937 4778 3120 4866 οίξάει
3173 4784 3524 4866 Ρθΐὲἓέυὲῗῖῗ

1934 4849 2323 4905 l‘uurinensis:
2366 4846 2596 4917 Explicit
2651 4848 2778 4905 liber
2822 4848 3099 4904 secundus.
3164 4847 3357 4915 Incipit
3399 4845 3529 4900 liber

926 4935 1089 4977 error
1140 4917 1564 4994 typographicus
1592 4930 1679 4975 eat
1725 4918 1819 4974 de-
1845 4924 1898 4985 ι)
1922 4923 2120 4994 tertius.
2154 4919 2271 4994 Ego
2296 4921 2657 4994 Abundantius
2683 4926 2839 4975 istum
2863 4924 3053 4994 librum
3075 4920 3269 4975 contuli
3284 4917 3528 4994 feliciter.

1926 4993 1982 5048 ln
2011 4992 2135 5047 aliis
2163 4988 2449 5048 codicibus
2482 4990 2762 5051 inferioris
2804 5004 2946 5048 nota:
2969 4992 3071 5047 hoc
3100 4994 3221 5047 loco
3260 4988 3400 5043 nulla
3446 4997 3531 5043 est

1927 5064 2373 5119 distinetiolibri.
2417 5063 2476 5135 In
2523 5063 2689 5120 editis
2740 5066 2944 5135 pariter
2975 5064 3116 5119 idem
3161 5062 3522 5135 observatur:

1928 5151 2055 5190 nam
2087 5135 2181 5189 alii
2207 5150 2235 5189 a
2261 5151 2404 5191 vers.
2428 5134 2551 5190 Iam
2572 5129 2807 5207 placidas
2829 5135 2993 5207 alium
3025 5136 3223 5190 librum
3253 5129 3531 5207 inclinant,

1929 5208 2021 5262 alii
2049 5222 2226 5263 secus.
2264 5207 2427 5262 Liber
2450 5201 2633 5263 autem
2679 5210 2770 5278 qui
2819 5206 3023 5270 (initur,
3061 5207 3112 5260 in
3154 5217 3285 5278 mss.
3332 5201 3533 5278 dicitur

1930 5279 2205 5335 secundus
2246 5291 2300 5335 et
2340 5281 2477 5335 liber
2505 5280 2595 5348 qui
2620 5272 2929 5343 inchoatur,
2958 5279 3169 5343 tertius,
3182 5276 3308 5348 quia
3328 5272 3535 5348 primus

1931 5351 2068 5406 liber
2098 5352 2359 5406 carminis
2384 5345 2537 5422 quasi
2582 5362 2734 5422 extra
2782 5351 3026 5422 ordinem
3068 5345 3310 5422 ponitur,
3342 5354 3396 5398 ct
3450 5347 3532 5422 in-

1932 5422 2194 5479 scribitur
2241 5423 2377 5477 liber
2402 5416 2635 5478 'veteris
2661 5419 2994 5477 Testamenti
3028 5436 3039 5474 :
3070 5416 3210 5471 liber
3260 5416 3535 5473 secundus

1932 5494 2191 5566 carminis
2242 5494 2442 5566 dicitur
2473 5497 2685 5566 primus
2741 5492 2865 5547 novi
2915 5488 3283 5555 Testamenti;
3315 5498 3368 5543 et
3391 5487 3536 5543 idem
3615 5536 3619 5543 .

1934 5567 2070 5622 ordo
2090 5565 2289 5622 deinde
2317 5565 2590 5622 servatur.

1936 5660 2057 5717 cobi
2090 5674 2208 5731 cap.
2236 5675 2315 5724 tv,
2348 5676 2476 5715 vers
2525 5658 2799 5731 5.7Altera
2831 5672 2895 5711 ex
2952 5656 3145 5731 psalin.
3206 5668 3340 5731 cru,
3385 5667 3531 5731 vers.

1937 5734 1991 5801 7,
2015 5731 2069 5798 8;
2088 5724 2207 5803 alia
2218 5731 2461 5803 denique
2485 5746 2549 5787 ex
2574 5728 2835 5803 Proverb.
2865 5743 2921 5793 χ,
2940 5724 2994 5791 4,
3016 5724 3312 5803 secundum
3333 5726 3541 5779 versio-

1938 5797 2061 5862 nem
2096 5802 2258 5871 LXX,
2292 5797 2454 5874 quam
2481 5800 2736 5861 Sedulius
2759 5800 3081 5872 plerumque
3104 5797 3371 5871 sequitur.
