4038 6312
225 248 314 305 675

347 364 453 420 lloc
478 362 818 432 impossibile
839 368 920 419 est
942 361 1173 432 homini,
1206 362 1456 433 dixisset,
1487 374 1543 420 at
1572 367 1682 422 alto

345 461 501 534 278
544 457 814 514 Possibile
853 465 936 515 est
967 456 1060 528 jus
1093 472 1256 516 omne
1297 459 1437 525 Deo;
1494 459 1788 530 multisque

1401 551 1712 626 [molestum

347 646 600 702 Divitibus
625 645 842 702 tandem
873 644 1078 702 faceret
1102 646 1388 703 mitescere
1411 661 1660 703 censum.

345 740 472 798 Nam
503 738 757 812 proprias
791 739 931 796 bene
971 749 1168 797 tractat
1199 753 1360 810 opes,
1405 738 1662 809 coeloque
1700 752 1789 795 re-

1537 828 1720 902 [condi

250 928 310 985 20
343 926 644 984 Thesauros
672 925 791 982 vult
823 925 913 983 ille
938 940 1094 992 suos,
1125 925 1219 983 ubi
1245 925 1505 996 quidquid
1539 925 1789 993 habetur,

346 1020 456 1076 Non
487 1019 712 1076 mordax
742 1035 925 1092 aerugo
968 1029 1157 1087 vorat,
1192 1036 1296 1074 non
1332 1020 1478 1076 tinea
1520 1020 1718 1088 sulcat,

344 1114 450 1170 Nec
480 1114 622 1169 male
643 1112 921 1169 defossum
947 1113 1240 1169 famulatur
1269 1113 1478 1169 furibus
1506 1128 1720 1183 aurum,

347 1207 549 1277 Jejunis
577 1206 906 1278 quicumque
933 1206 1114 1263 cibum
1133 1249 1148 1274 ,
1181 1206 1492 1262 sitientibus
1519 1205 1794 1272 haustum,

346 1299 655 1370 Hospitibus
688 1309 915 1368 tectum,
949 1298 1108 1354 nudis
1154 1298 1382 1369 largitur
1404 1299 1684 1365 amictum,

251 1394 312 1450 25
331 1392 544 1450 Solatur
568 1407 742 1449 nexos
765 1392 818 1447 in
848 1407 1101 1462 carcere,
1146 1391 1396 1462 perfovet
1424 1405 1620 1463 aegros,

345 1487 505 1561 279
539 1491 724 1560 Atque
761 1486 886 1542 aliis
921 1486 1135 1559 largus,
1180 1485 1286 1543 sibi
1330 1493 1539 1542 tantum
1586 1492 1802 1541 constat

1474 1579 1725 1654 [egenus

1333 246 1617 306 CARMEN
1659 243 2052 307 PASCHALE.
2093 241 2222 302 LIB.
2266 244 2358 301 Ν.

3386 248 3492 306 στι

2037 361 2150 417 Nec
2175 359 2344 415 dubie
2372 359 2428 415 in
2458 360 2656 418 cmlum
2689 361 2992 419 substantia
3025 361 3278 435 pervenit
3309 361 3423 432 illa,

2031 453 2165 522 Quae
2193 450 2416 507 Christo
2441 455 2642 512 collata
2673 456 2834 512 datur
2863 457 2964 515 sub
2994 472 3240 529 paupere
3265 456 3464 524 forma,

2035 547 2168 616 Quae
2238 544 2456 604 damnis
2499 560 2788 622 augmenta
2833 551 3013 622 capit,
3052 565 3176 622 qua:
3223 549 3503 624 spargitur

3207 643 3293 717 [ut
3322 645 3424 712 sit,

1925 738 1998 796 '50
2036 737 2168 806 Qum
2200 739 2345 811 perit
2395 747 2453 795 ut
2482 749 2727 806 maneat,
2760 754 2881 811 quae
2909 739 3078 797 vitam
3107 745 3326 796 mortua
3359 753 3505 809 pra-:-

3211 877 3222 882 -
3274 830 3429 906 [stat.

2113 929 2391 986 Przcterea
2415 928 2662 999 geminos
2691 928 2958 985 Dominus
2983 929 3272 986 considere
3301 943 3500 1000 crocos,

2044 1023 2181 1078 Dum
2231 1021 2506 1094 quoddam
2559 1021 2820 1077 transiret
2877 1021 3000 1089 iter,
3054 1021 3356 1077 comitante
3407 1035 3502 1077 ca-

3227 1113 3427 1188 [terva,

2045 1210 2364 1280 Conspicit',
2397 1210 2683 1268 exstinctte
2713 1217 3004 1280 poscentes
3035 1223 3260 1265 munera
3288 1209 3504 1279 formre,

2044 1304 2459 1373 Flebilibusque
2483 1317 2647 1374 vagas
2679 1303 2972 1374 implentes
2997 1302 3226 1358 vocibus
3248 1316 3430 1358 auras.

1934 1397 2006 1453 35
2042 1395 2154 1452 Nec
2175 1403 2435 1451 cunctata
2459 1397 2643 1451 solens
2665 1395 2842 1466 pietas
2865 1394 3070 1450 inferre
3093 1394 3325 1451 salutem
3343 1435 3361 1464 ,

2047 1489 2214 1562 280
2250 1489 2381 1556 Quae
2420 1488 2587 1544 sentit
2618 1487 2850 1559 flagrare
2888 1486 3086 1557 fidem,
3131 1503 3256 1544 mox
3302 1485 3512 1545 lumina

3182 1580 3438 1654 [tangens

1544 1674 1725 1732 OPUS
1764 1673 2150 1734 PASCHALE.

223 1772 585 1845 patrimonium
616 1771 699 1827 sui
729 1787 928 1828 census
954 1781 1036 1827 est
1065 1770 1272 1837 oneris,
1303 1769 1398 1826 sed
1430 1769 1528 1836 illi,
1558 1769 1649 1841 qui
1679 1785 1801 1838 pro-
1831 1771 1879 1832 B
1909 1771 2084 1842 tisque
2116 1771 2474 1843 largissimus,
2505 1771 2607 1828 sibi
2668 1780 2878 1830 tantum
2918 1789 3124 1846 pauper
3163 1783 3248 1831 est
3286 1784 3344 1834 et
3382 1792 3512 1849 ege-

222 1867 335 1937 prize
363 1866 536 1921 malus
568 1875 755 1920 rector
783 1873 868 1920 est
900 1864 1182 1931 ubertatis.
1215 1862 1346 1918 Nam
1374 1879 1496 1919 cum
1528 1863 1660 1918 dicit
1696 1863 1800 1918 Do-

222 1959 379 2013 minus
408 1973 506 2028 per
546 1957 874 2029 prophetam
929 1955 946 2012 :‘
989 1956 1190 2010 Aurum
1227 1965 1274 2012 et
1317 1967 1592 2026 argentum
1632 1973 1801 2012 meum

221 2063 300 2119 est,
342 2052 604 2116 ostendit,
655 2066 762 2106 non
802 2064 924 2106 esse
964 2051 1192 2116 malum,
1235 2050 1382 2120 quod
1427 2049 1546 2119 ejus
1593 2059 1700 2114 est,
1754 2049 1801 2104 si

219 2146 479 2217 operarius
507 2143 647 2200 illud
675 2145 853 2199 bonus
882 2143 1156 2210 habuerit;
1189 2143 1317 2197 nihil
1345 2143 1554 2199 etenim
1593 2142 1798 2211 differt,

221 2246 383 2294 utrum
410 2238 573 2293 bonis
605 2237 730 2308 quis
759 2237 1014 2308 operibus
1046 2236 1120 2291 nil
1151 2235 1442 2306 dependat,
1474 2252 1540 2292 an
1573 2237 1801 2307 plurima

221 2333 452 2403 malignis
500 2330 766 2386 effundat.
823 2329 922 2386 Ille
970 2329 1237 2400 siquidem
1281 2344 1407 2384 suas
1458 2339 1572 2384 tuto
1622 2339 1808 2386 servat

219 2441 358 2497 opes,
400 2433 456 2481 ct
493 2423 761 2492 collocat,
806 2423 898 2492 qui
933 2422 1074 2479 coelo
1117 2423 1405 2480 thesauros
1448 2425 1704 2490 occultat,
1743 2440 1808 2480 ac

219 2520 470 2588 recondit,
497 2517 595 2576 ubi
620 2533 729 2573 non
753 2517 935 2573 edacis
965 2519 1130 2573 tineze
1179 2534 1282 2575 nec
1310 2517 1574 2590 aeruginis
1597 2519 1806 2574 scabrae

219 2615 492 2687 quidquam
518 2627 742 2669 morsus
770 2611 1027 2679 absumit,
1063 2629 1162 2668 nec
1187 2612 1396 2667 furibus
1421 2611 1488 2666 ad
1518 2611 1806 2667 furandum

221 2711 381 2766 aditus
414 2716 699 2766 reseratur
725 2706 981 2774 effossus,
1010 2707 1099 2778 qui
1125 2706 1328 2777 jejunis
1367 2706 1573 2773 cibum,
1614 2705 1804 2762 sitien-

223 2803 354 2860 tibus
397 2812 611 2873 potum.
642 2801 952 2872 peregrinis
987 2799 1262 2855 ministrat
1301 2799 1618 2870 hospitium,
1671 2813 1807 2855 mce-

219 2907 324 2954 stos
342 2898 552 2954 snlatur
571 2896 626 2950 in
641 2908 882 2962 carcere,
914 2893 1062 2948 fovet
1085 2906 1265 2964 aegros
1295 2893 1346 2948 in
1371 2907 1624 2962 corpore,
1650 2905 1810 2947 cunc-

1904 1885 2023 1924 nus.
2058 1867 2167 1923 Nec
2194 1869 2446 1925 dubitare
2477 1869 2596 1940 quis
2630 1869 2810 1935 debet,
2857 1869 3004 1925 illam
3049 1886 3272 1941 prorsus
3311 1873 3365 1928 in
3407 1889 3512 1931 cm-

1903 1961 2012 2016 lum
2039 1960 2402 2017 substantiam
2434 1963 2748 2032 pervenire,
2778 1977 2899 2034 qua:
2929 1965 3030 2018 sub
3073 1963 3333 2020 vilissima
3375 1982 3508 2035 pau-

1905 2054 2050 2124 peris
2082 2053 2258 2108 forma
2286 2054 2508 2109 Christo
2557 2055 2819 2124 probatur
2860 2055 3134 2126 impensa,
3173 2073 3294 2128 quae
3339 2057 3512 2116 detri-

1906 2147 2104 2201 mentis
2135 2155 2392 2217 augetur,
2424 2148 2732 2219 spargendo
2773 2157 3049 2220 servatur,
3098 2152 3245 2221 perit
3301 2162 3360 2208 ut
3399 2168 3516 2208 ma-

1907 2248 2053 2307 neat,
2099 2239 2260 2294 vitam
2287 2249 2314 2276 ει
2343 2250 2555 2296 mortua
2586 2250 2962 2310 repraesentat.

1978 2332 2192 2388 Interea
2226 2332 2355 2387 dum
2386 2333 2594 2404 populo
2627 2335 2890 2389 Dominus
2921 2336 3221 2394 comitante
3258 2339 3511 2413 vallatus,

1912 2423 2183 2480 lliericum
2214 2423 2404 2480 fuisset
2426 2441 2710 2494 egressus,
2739 2426 2878 2483 duos
2905 2429 3076 2484 oculis
3104 2441 3293 2500 captos
3321 2434 3517 2504 aspicit

1907 2515 2261 2572 considentes
2290 2518 2342 2572 in
2369 2533 2587 2588 aggere,
2619 2518 2769 2574 reddi
2799 2518 2900 2575 sibi
2928 2521 3126 2576 lumina
3150 2524 3511 2594 postulantes.

1912 2610 2173 2666 Petebant
2222 2610 2292 2664 ita
2339 2610 2678 2668 confidentes
2724 2627 3008 2683 gressuum
3043 2631 3163 2670 cum
3212 2618 3516 2676 mobilitate

1909 2703 2200 2760 considere
2227 2701 2278 2759 δ.
2300 2703 2406 2759 Sed
2439 2705 2698 2760 tenebrae
2731 2705 3067 2762 reluctantur
3092 2707 3363 2778 adversae,
3414 2726 3516 2767 nec

1911 2805 2161 2853 cunctata
2190 2797 2277 2854 vel
2303 2797 2575 2868 paululum
2606 2799 2778 2854 virtus
2803 2799 2914 2869 illa,
2941 2801 3127 2871 pietati
3151 2803 3226 2858 nil
3249 2803 3517 2874 abnuens,

1914 2907 2033 2961 quae
2063 2892 2292 2947 salutem
2323 2892 2607 2949 consuevit
2631 2892 2855 2962 inferre,
2883 2909 2991 2965 qua
3021 2893 3183 2953 fidem
3224 2899 3394 2954 sentit
3431 2914 3521 2956 ar-

1696 2985 2014 3045 SCHOLIA.

286 3090 368 3146 16.
398 3087 657 3160 Plerique
683 3084 866 3160 nostri
884 3098 1017 3139 mss.
1043 3099 1171 3160 cum
1201 3081 1594 3160 Arntn.,_Ald.,
1621 3081 1806 3160 Fabr_.,
1836 3079 1882 3141 C
1918 3081 2170 3160 qui-ferre
2192 3098 2209 3135 :
2234 3155 2244 3160 _
2267 3083 2346 3160 in_
2365 3081 2581 3160 schedis
2612 3081 3158 3160 Poelm._ascriptum
3195 3095 3314 3160 erat
3355 3087 3517 3160 ferre,

221 3173 270 3220 et
307 3161 426 3217 aliis
468 3152 669 3228 editis,
718 3167 770 3209 at
813 3156 962 3211 alto:
1006 3157 1253 3228 plerique
1303 3156 1474 3219 editi,
1505 3166 1554 3209 et
1583 3155 1709 3208 alto.
1749 3152 1810 3208 In

221 3235 483 3290 nonnullis
527 3231 737 3286 nostris
761 3228 912 3296 prius
940 3227 1155 3284 videtur
1187 3229 1355 3283 fuisse
1383 3237 1435 3282 et
1473 3229 1558 3282 vel
1600 3244 1662 3281 ac
1715 3240 1814 3296 pro

221 3317 289 3363 at.
318 3305 717 3374 W0pkensius,
758 3298 1127 3374 Burmannus,
1168 3298 1495 3374 Arntzeuius
1521 3301 1816 3374 jurepraz-

221 3378 393 3434 ferunt
419 3371 495 3442 at,
530 3374 752 3430 favente
789 3388 970 3441 prosa.
1014 3373 1071 3426 In
1098 3373 1210 3428 Ott.
1241 3373 1298 3438 2,
1328 3373 1540 3441 dixisse,
1570 3372 1657 3426 sed
1684 3371 1812 3438 alto,

220 3451 464 3506 mendum
501 3445 723 3502 videtur
752 3459 852 3514 pro
878 3445 1116 3511 dixisset,
1143 3452 1192 3498 et
1221 3447 1348 3498 alto.

285 3522 372 3576 22.
402 3521 754 3576 Burmannus
781 3515 1003 3587 conjicit
1035 3514 1147 3570 Nec
1174 3515 1309 3570 male
1329 3516 1619 3585 depastum,
1647 3514 1703 3569 h.
1734 3528 1813 3579 e.,

221 3593 354 3664 quod
383 3606 590 3646 avarus
618 3589 926 3664 abSt-ondit,
957 3604 1078 3643 cum
1111 3588 1337 3664 deberet
1365 3601 1432 3641 eo
1457 3589 1533 3641 uti
1561 3595 1699 3664 :Aaut
1726 3600 1816 3640 ac-

221 3656 528 3736 cipiendum
581 3660 660 3715 ait
697 3675 840 3736 novo
886 3675 1049 3736 sensu
1107 3660 1356 3736 defodere
1407 3673 1503 3727 pro
1546 3656 1812 3736 e/I‘odere:

223 3728 340 3792 nam
381 3736 533 3792 fures
578 3747 684 3787 non
728 3733 908 3788 solent
935 3747 965 3786 e
991 3732 1293 3786 visceribus
1317 3742 1472 3783 terra:
1503 3744 1696 3782 aurum
1724 3728 1820 3782 de-

221 3808 421 3864 fossum
475 3807 784 3874 surripere.
831 3803 1161 3858 Arntzenius
1213 3801 1477 3874 explicari
1533 3799 1820 3874 posseait

223 3883 350 3935 male
381 3872 653 3950 defossum
676 3918 690 3941 ,
730 3876 803 3950 ita
831 3875 1164 3950 negligenter
1197 3873 1428 3950 positum
1458 3913 1473 3937 ,
1519 3885 1575 3950 ut
1607 3872 1816 3950 facilem

221 3951 371 4008 furtis
428 3944 626 4006 ansam
677 3944 956 4018 praebeat:
985 3944 1258 4018 idefendit
1305 3954 1486 4018 autem
1531 3944 1816 4018 lectionem

225 4026 360 4079 hanc
407 4015 692 4091 vulgatam
723 4034 787 4072 ex
814 4017 1025 4075 Sedulii
1060 4016 1284 4087 epistola
1329 4016 1392 4091 ad
1422 4015 1818 4091 Macedonium,

224 4098 375 4166 culpa
405 4085 634 4164 defossa:
657 4091 892 4166 pecuniae
917 4106 1019 4166 non
1045 4085 1288 4143 carerem.
1313 4088 1440 4166 Sed
1480 4088 1531 4140 in
1580 4088 1682 4166 hac
1707 4085 1824 4166 epi-

223 4157 361 4224 stola
386 4157 578 4222 ser'mo
601 4157 686 4218 est
714 4162 782 4217 de
815 4160 1071 4232 pecunia,
1117 4175 1214 4216 seu
1257 4160 1460 4215 talento
1481 4200 1494 4225 ,
1524 4159 1682 4232 quod
1727 4157 1823 4232 ab-

224 4239 496 4296 scondidit
537 4249 763 4300 servus,
805 4229 893 4304 qui
937 4233 1110 4288 noluit
1155 4233 1451 4304 negotiari,
1501 4229 1694 4286 timens
1719 4229 1822 4304 do-

224 4313 429 4367 minum
460 4354 475 4378 ,
526 4307 654 4378 quia
697 4302 951 4361 austerus
993 4314 1130 4360 erat.
1188 4303 1321 4378 V_era
1351 4313 1530 4378 autem
1565 4305 1703 4358 ratio
1731 4302 1828 4378 de-

224 4374 478 4439 fendendi
524 4374 848 4448 scripturam
892 4375 1612 4448 receptamdesumiturrex
1645 4374 1826 4448 verbis

1916 3153 2108 3231 scilicet.
2156 3155 2285 3231 vul_t.
2327 3152 2382 3209 Id
2411 3171 2542 3231 _nun
2589 3154 2779 3223 probat
2817 3156 3145 3231 Arntsenius
3179 3159 3250 3212 ob
3277 3152 3517 3231 sequens

1917 3225 2159 3297 largitur.
2229 3227 2364 3297 Reg.
2402 3227 2467 3292 1,
2524 3227 2576 3281 in
2629 3234 2910 3292 contextu,
2959 3226 3084 3283 Ott.
3122 3229 3185 3295 1,
3227 3247 3293 3286 ex
3335 3225 3521 3290 corre-

1917 3296 2145 3376 ctio_ne_,
2171 3296 2354 3376 Aug.)
2405 3300 2751 3376 quicumque,
2799 3299 3205 3376 quodfortassc
3233 3303 3330 3359 fuit
3372 3321 3400 3357 a
3433 3321 3518 3376 pr.

1917 3385 1992 3424 m.
2027 3371 2077 3425 in
2113 3371 2248 3442 Reg.
2275 3374 2332 3440 2,
2363 3383 2416 3442 et
2449 3371 2503 3424 in
2536 3371 2810 3442 plerisque
2839 3370 2998 3426 editis
3030 3374 3320 3430 retinetur.

1989 3443 2091 3516 27.,
2109 3439 2234 3498 Vel.
2267 3439 2325 3507 1,
2335 3439 2581 3516 vitiose,_
2593 3439 2734 3516 ﬂare
2751 3458 2846 3516 pro
2870 3442 3002 3516 Nec.
3033 3443 3261 3501 Schedm
3286 3447 3520 3516 Poehn.,

1924 3515 2034 3588 Nec
2057 3515 2294 3569 dubium.
2321 3515 2432 3588 Ott.
2457 3513 2515 3578 2,
2555 3513 2666 3567 Nec
2700 3513 2892 3588 dubio.
2921 3514 3054 3588 Reg.
3093 3518 3146 3583 1,
3179 3516 3292 3572 Nec
3327 3513 3521 3588 dubita,

1918 3586 2013 3641 sed
2045 3587 2225 3656 glossa
2252 3587 2546 3641 dubitanter
2573 3585 2745 3652 poscit
2769 3587 2942 3641 dubie.

1991 3658 2080 3713 51.
2106 3659 2266 3712 Rom.
2295 3657 2374 3712 De
2396 3657 2769 3732 duobusgpcis
2792 3675 2823 3709 a
2851 3657 3074 3732 Domino
3096 3662 3318 3732 sanatis.
3345 3662 3520 3732 Meus,

1924 3729 2066 3783 Duos
2107 3746 2267 3783 cwcos
2296 3738 2468 3782 sanat.
2504 3758 2573 3769 —-
2601 3727 2978 3800 WOpkensius
3027 3731 3210 3799 aptius
3241 3745 3390 3800 putat
3427 3727 3526 3790 In;

1922 3811 2082 3868 terea,
2108 3801 2262 3871 quodﬁ
2281 3811 2464 3854 exstat
2485 3799 2705 3871 quidem
2728 3800 2782 3853 in
2808 3815 2991 3868 prosa,
3017 3802 3111 3857 sed
3145 3799 3276 3858 mss.
3305 3817 3360 3860 et
3389 3807 3525 3862 editi

1923 3869 2184 3927 exhibent
2236 3870 2516 3925 Prreterea.
2567 3869 2710 3924 Alm.
2761 3872 2983 3928 inverso
3028 3873 3220 3928 ordine
3268 3873 3526 3933 Dominus

1923 3944 2175 4018 geminos.
2212 3946 2423 4018 Arnim,
2470 3941 2940 4018 geminos_c_ernens
2962 3987 2976 4009 ,
2999 3945 3102 4018 sed
3131 3946 3312 4000 obstat
3341 3963 3522 4013 prosa.

1926 4012 2143 4079 Parrh.,
2161 4014 2434 4068 consistere
2455 4012 2854 4082 pro,cousidere,
2873 4014 3014 4082 quod
3035 4031 3190 4082 prosa
3209 4012 3519 4074 confirmat.

1997 4087 2086 4141 32.
2129 4087 2344 4151 Arntz.,
2387 4081 2607 4144 Pa’rrh..
2651 4081 2781 4137 Cum
2830 4099 2849 4138 :
2879 4081 3004 4149 alii,
3036 4081 3205 4142 Dum.
3258 4086 3370 4143 Iter
3414 4105 3525 4146 non

1926 4159 2100 4231 solum
2132 4158 2366 4213 sumitur
2402 4165 2656 4231 pr9__ac_tu
2693 4153 2893 4222 eundi,
2943 4155 3037 4211 sed
3069 4161 3231 4212 etiam
3277 4175 3374 4231 pro
3412 4163 3521 4218 via.

1929 4229 2216 4285 Comitante
2236 4237 2439 4282 caterva
2465 4225 2824 4295 Virgilianum
2856 4237 2959 4283 est.

2000 4303 2089 4357 55.
2131 4299 2501 4370 Wopkensius
2530 4297 2839 4367 suspicantur
2859 4299 3125 4355 exstinctae
3146 4313 3408 4370 poscentes
3438 4304 3524 4359 lu-

1928 4374 2070 4428 mina
2094 4373 2299 4444 frontis.
2329 4370 2423 4444 Sic
2448 4369 2485 4424 l.
2519 4384 2576 4424 Ill
2596 4383 2786 4444 ,‘vers.
2811 4372 2927 4444 145
2955 4389 2969 4427 :
3002 4369 3195 4444 Decute
3246 4387 3527 4431 nocturnas

224 4455 356 4538 ipsis
399 4439 654 4535 Matthaai
673 4465 747 4514 vr,
783 4447 850 4504 19
870 4463 986 4538 seq.
1078 4446 1258 4538 Nolite
1300 4447 1656 4538 tltesaurizare
1688 4446 1827 4500 vobis
1855 4476 1910 4538 υ
1934 4439 2197 4501 exstinctis
2250 4442 2472 4538 vultibus
2530 4439 2778 4538 umbrosi.
2809 4442 2976 4525 lj‘avet
3018 4443 3152 4538 lljtic'
3180 4449 3524 4538 conjectura:

226 4518 496 4582 thesauros
523 4525 580 4577 in
609 4530 746 4576 terra
772 4561 784 4573 .
807 4560 822 4574 .
848 4562 861 4574 .
894 4521 980 4574 ubi
1012 4524 1156 4592 fures
1183 4518 1460 4587 elfodiuut,
1479 4527 1541 4592 et
1562 4519 1824 4591 furantur.

224 4597 606 4653 Thesaurizate
648 4601 817 4647 autem
863 4590 1087 4646 vobis‘in
1115 4595 1262 4658 (telo,
1301 4630 1314 4644 .
1343 4631 1356 4645 .
1387 4630 1400 4644 .
1434 4590 1521 4644 ubi
1552 4590 1692 4660 fures
1722 4607 1827 4644 non

223 4669 506 4738 eﬂ'odiunt,
552 4681 645 4720 nec
674 4668 933 4736 furantur.
964 4666 1168 4738 Aurum
1194 4663 1356 4738 igitur
1384 4662 1526 4718 male
1550 4662 1824 4738 defossum

225 4731 331 4810 est,
376 4741 526 4812 quod
545 4731 777 4812 avarus,
819 4752 941 4812 cum
971 4731 1304 4812 debereL'eo
1334 4735 1476 4790 bene
1523 4731 1622 4812 uti,
1676 4732 1830 4787 defo-

227 4805 358 4867 dit":
395 4805 561 4883 'quod
604 4808 753 4863 fures
802 4809 1092 4883 aliquando
1139 4805 1407 4883 effodiunt
1458 4815 1513 4863 et
1555 4805 1824 4883 furantur.

229 4876 572 4953 Significatio
615 4895 747 4936 vero
768 4879 1224 4953 _pr0pria_defos_si
1254 4879 1374 4953 a_uri
1399 4887 1484 4932 est
1525 4876 1827 4953 absconditi

229 4947 424 5010 subtus
477 4964 700 5009 terram.
745 4947 960 5019 Cicero,
1005 4951 1040 5004 l.
1071 4947 1109 5004 ri
1155 4951 1221 5004 de
1263 4949 1529 5005 Oratore:
1585 4947 1654 5002 Ut
1692 4948 1830 5001 enim

230 5029 274 5080 si
310 5042 504 5081 aurum
534 5025 642 5091 cui,
672 5022 808 5093 quod
838 5030 966 5078 esset
994 5021 1344 5091 multifariam
1365 5022 1660 5092 defossum,
1691 5035 1832 5073 com-

230 5107 530 5153 monstrare
574 5095 787 5160 vellem,
826 5095 954 5148 satis
995 5110 1104 5148 esse
1131 5093 1363 5162 deberet,
1407 5094 1452 5145 si
1479 5095 1626 5162 signa
1656 5098 1703 5145 et
1731 5105 1830 5143 no-

231 5178 310 5224 tas
341 5168 669 5225 ostenderem
693 5168 927 5222 locorum
952 5207 967 5232 ,
1010 5176 1117 5221 etc.
1169 5165 1300 5220 Post
1327 5180 1515 5219 aurum
1539 5163 1830 5232 Cellarius,

232 5251 289 5297 et
313 5243 408 5296 alii
461 5241 664 5309 vulgati
687 5237 915 5309 affigunt
937 5244 1222 5308 punctum,
1251 5245 1412 5309 atque
1441 5236 1512 5290 ita
1546 5235 1687 5309 male
1713 5250 1838 5309 sen-

231 5327 354 5369 sum
386 5306 744 5382 abrumpunt.
787 5308 920 5364 Nam
943 5306 1159 5380 tractat,
1185 5311 1289 5363 vult
1319 5306 1429 5378 ille,
1461 5310 1572 5379 qui,
1606 5306 1693 5362 vel
1720 5306 1836 5373 ille,

233 5387 570 5457 quicumque.

307 5456 402 5513 25.
443 5451 576 5526 Reg.
621 5456 700 5526 1,
745 5453 938 5526 ρτοίᾲ,
989 5467 1036 5505 s.
1061 5451 1260 5526 ,_Reg_.
1287 5452 1342 5516 2,
1380 5451 1837 5526 ex_corree_tione_,

236 5528 364 5584 Vat.
417 5529 476 5594 1,
511 5521 567 5592 2,
607 5525 718 5582 Ott.
748 5521 808 5590 2,
851 5524 1004 5589 Urb.,
1051 5521 1414 5590 Alb.,‘Rom.,
1450 5523 1620 5590 Meus,
1647 5521 1787 5594 Reg.
1812 5521 1845 5576 5

238 5610 294 5656 et
337 5600 437 5655 alii
464 5593 624 5654 mss.
677 5595 821 5668 apud
863 5595 1248 5663 Arntzenium,
1291 5610 1414 5652 cum
1442 5594 1656 5664 Parrh.,
1693 5593 1843 5661 Ald.,

318 5729 344 5757 ιι
376 5717 437 5777 In
474 5725 582 5774 vet.
608 5714 730 5772 cod.
763 5721 879 5771 erat
900 5713 1004 5768 vita
1025 5726 1124 5783 pro
1149 5713 1327 5767 vitam.

1936 4534 2119 4588 prosa,
2145 4525 2200 4572 et
2227 4516 2496 4588 scriptura
2522 4514 2629 4568 mei
2660 4513 2983 4588 c_odicis,ret
3006 4514 3096 4570 ed.
3132 4513 3310 4588 Lips,
3333 4520 3530 4576 lumina

1936 4586 2138 4661 formda.
2178 4586 2286 4661 Sed
2329 4587 2500 4658 magis
2545 4586 2754 4661 poetica
2777 4597 2876 4661 est
2901 4587 3068 4661 lectio
3111 4586 3323 4661 recepta
3361 4609 3528 4647 :nam

1936 4657 2066 4716 caeci
2109 4659 2385 4716 deformes
2417 4663 2572 4718 sunt.
2601 4666 2656 4713 et
2685 4657 2789 4714 dici
2832 4659 3039 4725 solent,
3085 4675 3139 4716 ut
3191 4657 3344 4718 notat
3389 4663 3527 4719 idem

1935 4731 2319 4804 Wopkensius,
2345 4740 2400 4804 et
2425 4729 2756 4804 hoemunus
2790 4732 3087 4799 poscebant
3123 4737 3285 4798 caeci,
3331 4743 3388 4789 ut
3416 4735 3531 4790 for-

1939 4800 2080 4860 mam
2113 4805 2328 4859 amissis
2356 4800 2652 4858 luminibus
2682 4803 3012 4874 exstinctam
3043 4817 3455 4874 receperarent.

2011 4877 2104 4932 54.
2146 4878 2328 4939 Cant.,
2362 4890 2582 4947 vacuas.
2617 4872 2762 4947 quod
2792 4874 3068 4942 epitheton
3117 4872 3241 4946 apte
3279 4894 3308 4933 a
3359 4876 3532 4947 poetis

1938 4948 2194 5004 tribuitur
2209 4949 2392 5021 auris,
2425 4944 2520 5021 sed
2550 4944 2653 5021 boc
2685 4945 2806 5001 loco
2840 4948 2998 5021 metri
3031 4948 3118 5002 lex
3153 4944 3323 5016 poscit
3353 4944 3531 5021 rugas,

1939 5020 2078 5084 nisi,
2115 5018 2316 5072 omissa
2357 5017 2741 5088 conjunctione
2775 5034 2894 5088 que,
2921 5018 3092 5088 legas,
3127 5031 3185 5074 ut
3229 5017 3535 5076 revera'le-

1938 5092 2084 5162 gitur
2113 5092 2164 5144 in
2188 5089 2299 5145 Ott.
2333 5090 2385 5150 1,
2417 5085 2707 5162 Flebilibus
2728 5085 2936 5143 vacuas.

2015 5163 2104 5217 55.
2133 5162 2304 5229 Meus,
2328 5168 2606 5228 corrupte,
2633 5158 2744 5214 Nec
2765 5171 2951 5215 cuncta
2975 5161 3168 5227 solens;
3191 5175 3292 5216 ms.
3317 5159 3534 5227 Arntz.,

1946 5232 2059 5290 Nec
2102 5234 2301 5286 cunctis
2358 5247 2605 5301 cessans,
2663 5232 2808 5301 quod
2863 5245 2968 5286 non
3023 5231 3266 5299 ineptum
3321 5243 3540 5301 reputat

1947 5305 2272 5361 Arntzenius
2306 5321 2319 5356 :
2351 5303 2544 5357 durior
2582 5306 2729 5359 enim
2775 5312 2862 5359 est
2899 5302 3258 5366 constructio,
3299 5304 3538 5370 scilicet,

1949 5376 2062 5432 Nec
2106 5382 2348 5430 cunctata
2393 5375 2557 5446 pietas
2605 5373 2777 5446 solens
2819 5372 3011 5446 inferre
3051 5374 3248 5427 curratis
3297 5374 3538 5446 salutem.

1949 5449 2056 5504 Pro
2077 5448 2268 5518 inferre
2288 5446 2354 5501 ed
2365 5443 2830 5518 .Lipsaconferre.
2862 5443 3094 5518 ProDeo
3115 5446 3236 5518 pio,
3251 5446 3335 5500 vel
3361 5444 3543 5503 divina

1950 5515 2332 5593 pietategietas
2346 5517 2666 5593 simpliciter
2686 5531 2790 5593 non
2809 5515 3280 5593 semelaSedulio
3300 5520 3542 5593 ponitur.

2025 5591 2116 5648 56.
2156 5585 2527 5662 Ἣοριςθηδῖυε
2570 5603 2671 5660 pro
2700 5587 2830 5655 Qua:
2852 5585 3076 5656 conjicit
3100 5602 3249 5654 cum,
3280 5585 3371 5643 vel
3405 5587 3542 5657 Qua.

311 5789 346 5831 ι»
378 5775 689 5847 Obscurum
730 5784 784 5844 id
815 5794 932 5853 est,
961 5775 1080 5841 sive
1107 5785 1256 5856 legas
1293 5783 1554 5854 conﬁdere
1579 5798 1704 5842 cum
1735 5791 1843 5841 vet.
1873 5781 2025 5854 cod._.
2053 5781 2169 5839 sive
2195 5779 2482 5849 considere,
2511 5777 2659 5851 quod
2683 5777 2905 5835 Juretus
2933 5775 3192 5834 malebat.
