4038 6312
560 310 667 373 675

706 525 887 595 Atque
912 522 1005 578 diu
1035 520 1254 577 clausas
1272 530 1525 575 reserans
1549 516 1652 573 sub
1675 514 1852 571 fronte
1879 514 2169 581 fenestras,

707 615 1055 688 lngrediente
1080 613 1192 681 die,
1221 612 1353 669 fecit
1384 611 1671 667 discedere
1697 618 1937 665 noctem.

599 713 669 771 40
779 709 918 766 Hinc
937 707 1166 779 repetita
1194 706 1335 763 sacri
1366 703 1623 778 gradiens
1647 718 1742 774 per
1762 701 1960 759 matnia
1986 698 2172 770 templi

705 802 942 860 Lumina
970 800 1193 858 caecatis
1213 798 1394 866 dedit,
1421 807 1478 855 et
1503 796 1739 866 vestigia
1763 792 2001 852 claudis.

710 897 864 960 Talia
899 896 1207 951 davidicam
1236 902 1360 966 post
1386 891 1526 949 facta
1553 891 1851 962 reliquerat
1875 887 2087 954 urbem,

714 989 1001 1046 Bethania
1041 988 1222 1046 vicina
1262 999 1457 1059 petens
1488 1003 1501 1041 :
1534 986 1837 1056 eademque
1860 996 2138 1047 reversus,

712 1083 1071 1142 Clarescente
1098 1083 1212 1152 die,
1246 1082 1576 1155 properabat
1605 1080 1789 1137 visere
1821 1086 1984 1136 tecta.

609 1175 683 1234 45
795 1176 936 1232 Ecce
963 1184 1145 1232 autem
1178 1175 1375 1231 mediis
1405 1184 1590 1231 astans
1618 1171 1871 1228 sublimis
1894 1171 1947 1226 in
1971 1170 2140 1235 arvis,

720 1269 980 1328 Frondea
1001 1269 1140 1327 licus
1156 1278 1277 1327 erat
1292 1310 1310 1339 ,
1336 1267 1498 1337 cujus
1524 1268 1579 1324 in
1602 1265 1807 1324 robore
1827 1263 2040 1322 nullum

720 1363 988 1436 Repperit
1016 1363 1292 1431 esuriens,
1315 1363 1551 1419 lustrato
1578 1360 1797 1432 stipite,
1828 1370 2074 1430 positum.

717 1457 1096 1530 Arboreisque
1158 1459 1372 1525 comis,
1436 1455 1556 1513 tam
1613 1468 1758 1512 nunc
1814 1468 1885 1510 ex
1936 1449 2185 1523 germine

1906 1546 2117 1621 (vestro

1911 298 2130 362 C(ELII
2172 298 2448 360 SBDULII
3748 284 3846 353 ϐτϐ

703 428 976 501 Evigilare
1000 427 1176 499 jubet,
1209 439 1332 499 qu'e
1361 436 1592 480 somnus
1631 428 1913 492 presserat
1941 420 2160 492 ingens,
2197 425 2244 485 Α

2412 417 2574 490 381
2594 412 2807 482 Nullus,
2842 412 2937 481 ait,
2961 411 3173 467 fructus
3208 409 3475 482 reliquum
3493 418 3774 482 generetur
3801 414 3852 471 in

3573 503 3782 579 [manu

2313 604 2387 662 50
2421 602 2725 660 Confestim
2756 601 2973 659 viduata
3003 601 3119 657 suis
3150 600 3383 658 ﬁculnea
3413 599 3590 657 succis

2421 699 2603 766 eruit,
2621 707 2679 755 et
2706 698 2869 755 siccis
2892 695 3191 769 permansit
3213 702 3425 753 mortua
3453 696 3637 752 ramis.

2420 788 2609 848 Omnis
2638 789 2782 846 enim
2813 789 3141 861 quicumque
3166 788 3281 845 Deo
3303 786 3378 843 nil
3412 788 3587 844 fertile
3614 789 3791 856 nutrit,

2422 884 2535 941 Ceu
2574 884 2778 941 sterilis
2804 892 3054 946 truncus.
3084 881 3248 953 lignis
3278 881 3582 953 aequabitur
3612 879 3759 936 ustis.

2425 978 2497 1034 At
2530 975 2711 1048 justus
2759 974 2958 1047 palmus
2984 974 3183 1032 similis
3212 973 3429 1031 liorebit
3458 982 3705 1041 animum,

2321 1072 2391 1130 55
2427 1072 2658 1144 Semper
2703 1071 2912 1128 habens
2967 1068 3214 1141 frondes,
3265 1077 3323 1126 et
3363 1077 3633 1141 tamquam
3674 1054 3866 1125 Libana

3564 1159 3802 1235 [cedrus,

2431 1256 2874 1331 Multiplicandus
2903 1256 3080 1327 adest,
3110 1263 3167 1313 et
3185 1254 3397 1312 vertice
3416 1250 3599 1311 sidera
3624 1252 3803 1324 tangit.

2433 1355 2598 1428 382
2627 1354 2757 1410 Post
2782 1353 3002 1410 oblatus
3023 1352 3075 1408 ei
3096 1352 3355 1408 virtutem
3385 1346 3562 1408 sensit
3586 1345 3805 1405 herilem

2435 1448 2663 1503 insanus
2691 1458 2948 1504 sermone
2990 1458 3210 1513 carens,
3234 1450 3394 1517 quem
3424 1440 3673 1499 faucibus
3698 1440 3846 1497 srelis

2439 1540 2689 1613 Angebat
2718 1542 2800 1597 vis
2827 1541 3009 1599 clausa
3038 1539 3190 1609 mali,
3213 1538 3519 1610 vitiumque
3545 1535 3765 1594 tacendo

960 1752 967 1760 ί
1692 1738 1701 1745 ,
1929 1685 2112 1744 OPUS
2153 1678 2540 1745 PASCHALE.

580 1811 734 1880 dere,
778 1809 1037 1867 diuturno
1086 1808 1293 1865 lumina
1335 1819 1530 1863 somno
1570 1815 1908 1875 compressa,
1934 1802 2083 1874 vigili
2110 1817 2196 1857 re-
2230 1805 2275 1865 Β
2303 1800 2640 1873 spiritalibus
2683 1799 2866 1856 causis
2921 1798 3183 1856 convenit
3234 1797 3324 1854 lex
3382 1795 3567 1852 divina
3616 1793 3865 1866 cognosci.

584 1912 745 1977 pente
790 1912 936 1958 tactu
984 1899 1313 1971 perexcitat,
1365 1897 1714 1969 claustraque
1763 1895 2047 1951 latentium
2091 1893 2194 1949 sub

585 1990 768 2053 fronte
797 2006 1058 2053 reserans
1090 1992 1475 2057 fenestrarum,
1516 1989 1756 2046 intrante
1799 1989 2047 2059 protinus
2082 1986 2192 2053 die,

586 2099 803 2146 noctem
836 2087 1044 2160 pepulit
1074 2085 1425 2157 caligantem.

660 2180 797 2237 Hine
826 2193 980 2236 sacra
1016 2174 1201 2249 templi
1238 2193 1333 2247 per
1363 2174 1562 2232 moenia
1591 2187 1783 2231 rursus
1807 2171 2189 2240 obambulans,

586 2276 748 2333 caecis
783 2273 937 2331 dedit
966 2284 1269 2341 aspectum,
1304 2269 1512 2326 claudis
1552 2267 1870 2324 reformavit
1895 2268 2193 2324 incessum.

592 2368 725 2423 Post
769 2367 885 2423 hate
931 2364 1196 2423 nobilium
1223 2364 1555 2419 monimenta
1580 2365 1861 2426 virtutum,
1890 2360 2194 2417 davidicam

588 2458 851 2515 deserens
873 2456 1176 2525 civitatem,
1210 2466 1440 2512 venerat
1471 2455 1526 2509 in
1574 2454 1694 2510 loca
1730 2452 2031 2519 Bethanize,
2077 2451 2195 2509 die-

585 2562 695 2622 que
720 2565 971 2606 remeans
1002 2548 1395 2620 subsequente,
1423 2546 1493 2603 ad
1522 2546 1643 2618 ejus
1674 2546 1825 2602 urbis
1846 2546 2029 2601 denuo
2054 2553 2195 2602 tecta

586 2643 873 2716 pergebat.
906 2642 1073 2719 Ficus
1099 2632 1242 2697 baud
1276 2642 1464 2713 procul
1494 2657 1524 2696 a
1549 2640 1742 2697 semita
1767 2639 2029 2696 connexis
2056 2638 2197 2696 fron-

584 2736 736 2793 dium
766 2734 1091 2792 velamentis
1123 2735 1403 2804 umbrosa,
1434 2733 1596 2806 cujus
1626 2733 1679 2789 in
1703 2732 1902 2790 robore
1926 2747 2052 2786 cum
2076 2731 2197 2785 nul-

589 2828 701 2886 lum
733 2829 951 2901 penitus
982 2844 1200 2900 pomum
1233 2826 1496 2884 Dominus
1525 2826 1816 2883 carnaliter
1845 2825 2091 2881 esuriens
2113 2824 2193 2879 in-

588 2925 847 2990 venisset,
895 2921 1223 2979 inbumanos
1266 2920 1479 2977 arboris
1530 2934 1716 2976 ramos
1754 2934 1863 2974 non
1908 2917 2195 2973 maledicto

589 3016 819 3082 Sauciai,
853 3014 947 3072 sed
978 3024 1257 3088 praecepto
1285 3020 1641 3082 condemnat,
1683 3014 1974 3084 increpans
2015 3012 2096 3067 sic
2140 3011 2194 3068 in

587 3125 708 3169 eam
742 3130 753 3166 :
799 3110 1085 3182 Nunquam
1121 3110 1176 3164 in
1224 3119 1270 3164 te
1308 3112 1509 3181 fructus
1547 3117 1789 3163 nascetur
1826 3107 1881 3161 in
1920 3119 2190 3162 (sternam.

2300 1895 2441 1964 Quid
2468 1895 2614 1952 enim
2646 1893 2904 1951 materies
2930 1892 3051 1948 sine
3083 1906 3249 1949 sensu
3277 1891 3643 1961 peccaverat?
3667 1903 3870 1963 praeser-

2300 1991 2395 2046 tim
2427 2005 2550 2061 qua:
2580 1988 2837 2054 fructum,
2872 1988 3016 2045 sicut
3040 1986 3256 2044 Marcus
3285 1986 3637 2058 Evangeiista
3659 1999 3871 2042 comme-

2300 2092 2501 2152 morat,
2555 2083 2841 2153 incongrui
2893 2081 3106 2138 ratione
3154 2081 3420 2151 temporis
3469 2094 3582 2137 non
3628 2078 3869 2145 habebat;

2300 2178 2407 2234 nisi
2447 2177 2513 2232 ad
2541 2176 2961 2233 instructionem
2992 2174 3257 2230 Dominus
3294 2182 3503 2230 nostra
3531 2172 3769 2229 utilitatis
3788 2169 3874 2228 hoc

2301 2278 2528 2340 ageret,
2553 2269 2645 2340 qui
2677 2269 2943 2324 tartarum
2974 2281 3406 2338 sermonumque
3442 2264 3717 2337 parabolis
3734 2262 3873 2319 vitale

2301 2362 2459 2418 nobis
2491 2362 2594 2417 iter
2624 2362 2885 2417 ostendit.
2914 2360 3106 2417 Omnis
3134 2361 3303 2431 igitur
3328 2359 3582 2415 humanae
3611 2371 3876 2414 conversa-

2303 2456 2466 2512 tionis
2494 2454 2783 2524 indnstria,
2816 2468 2937 2525 qua:
2978 2453 3095 2510 Deo
3134 2453 3211 2509 nil
3255 2452 3442 2510 studet
3487 2452 3714 2518 nutrire,
3745 2448 3873 2521 quod

2299 2542 2534 2618 placeat,
2569 2552 2848 2615 tamquam
2877 2542 3015 2614 pigri
3039 2541 3245 2612 stipitis
3270 2541 3438 2597 arbor
3478 2539 3703 2605 inutilis,
3737 2537 3873 2608 plena

2300 2639 2518 2705 fronde,
2537 2653 2643 2695 non
2659 2642 2928 2709 germine,
2945 2637 3113 2708 lignis
3131 2634 3439 2707 aequabitur
3460 2632 3868 2697 concremandis,

2300 2732 2763 2807 quemadmodum
2794 2738 2851 2789 et
2879 2731 2970 2787 illa
3013 2730 3151 2787 licus
3191 2728 3528 2786 infructuosa
3569 2729 3870 2798 consistens,

2300 2842 2459 2899 quam
2491 2826 2753 2881 Dominus
2783 2827 2978 2892 vineae,
3012 2824 3106 2895 qui
3134 2839 3261 2883 eam
3299 2824 3669 2896 plantaverat,
3708 2822 3874 2893 praci-

2300 2919 2455 2992 piens
2483 2917 2773 2991 amputari,
2804 2919 2907 2974 sub
2938 2917 3102 2974 unius
3130 2917 3257 2973 anni
3287 2917 3499 2974 dimisit
3545 2917 3784 2984 induciis,
3822 2922 3871 2972 ιιι

2300 3016 2345 3071 si
2378 3019 2606 3070 fructum
2636 3014 2722 3071 vel
2757 3030 2883 3071 sero
2922 3013 3203 3081 redderet,
3246 3023 3614 3084 permaneret,
3659 3011 3870 3082 alioquin

2303 3110 2498 3165 merito
2519 3108 2634 3180 jam
2662 3108 2895 3176 periret;
2935 3118 2993 3165 at
3026 3124 3158 3164 vero
3190 3107 3351 3178 juxta
3390 3107 3665 3164 canticum
3701 3102 3869 3177 psalmi

586 3206 1001 3278 Confestimque
1033 3203 1268 3261 ticulnea
1300 3205 1480 3259 succis
1508 3202 1726 3258 viduata
1754 3201 2078 3268 subtractis,
2112 3202 2193 3255 in-
2221 3207 2269 3271 ο
2297 3204 2531 3259 dicentis
2556 3221 2570 3257 :
2597 3200 2806 3267 Justus,
2837 3202 2972 3257 sicut
3002 3202 3199 3274 palma,
3225 3202 3449 3273 parebit,
3472 3212 3520 3257 et
3542 3202 3669 3258 sicut
3689 3198 3868 3267 cedrus,

587 3302 818 3359 fecunda
847 3300 1118 3371 protinus,
1146 3310 1199 3353 et
1220 3295 1486 3352 deformis
1507 3310 1791 3351 comarum
1821 3294 1994 3362 posita
2019 3292 2197 3364 digni-

589 3406 700 3452 tate
728 3392 990 3466 peraruit.
1026 3390 1373 3446 Non'tamen
1415 3385 1531 3443 hazc
1570 3387 1902 3458 accipiamus
1945 3386 2014 3442 ad
2052 3387 2198 3442 litte-

591 3504 732 3555 ram,
782 3487 909 3543 licet
956 3481 1248 3539 manifeste
1293 3480 1591 3538 credantur
1636 3479 1887 3550 impleta,
1936 3480 2196 3550 quoniam

2302 3310 2415 3367 quo:
2442 3296 2494 3349 in
2520 3293 2719 3349 Libano
2747 3302 2841 3364 est,
2870 3292 3321 3367 multiplicabitur.

2381 3387 2518 3444 Exin
2549 3387 2765 3445 oblatus
2796 3399 2878 3444 est
2903 3389 2955 3445 ei
2982 3387 3206 3459 quidam
3226 3404 3350 3445 cum
3376 3381 3579 3446 furoris
3602 3386 3873 3445 incomme-

2305 3480 2397 3547 do,
2424 3482 2695 3538 sermonis
2720 3496 2937 3554 quoque
2959 3482 3252 3554 subjaeeus
3273 3482 3632 3552 detritneuto,
3654 3480 3737 3537 cui
3758 3493 3872 3552 ιιι-ιε

2097 3594 2411 3654 SCHOLIA.

598 3693 697 3749 Ed.
727 3693 874 3749 Man.
903 3700 959 3745 ct
981 3705 1143 3762 prosa
1173 3688 1418 3762 referunt
1442 3688 1578 3759 Qua.
1603 3686 1726 3762 Vat.
1754 3689 1807 3762 i,
1828 3689 1961 3762 Que,
1986 3707 2196 3748 correc-

594 3734 710 3821 35;.
727 3734 1143 3836 ’ῥεϊρἶὶαῗξὲἶ
1161 3734 1732 3836 ρῐιῖἶὲἑείἒῖῖόηέςὲῖ
1758 3734 1961 3836 ﬁt???
1981 3734 2189 3836 Ϊὶίὶιῖῗ,

593 3832 780 3894 Ottob.
810 3837 861 3905 l,
891 3835 950 3901 2,
992 3833 1161 3904 Ang.,
1195 3834 1393 3905 sensit:
1422 3834 1517 3889 sed
1559 3838 1613 3889 in
1653 3834 1767 3889 Ott.
1812 3832 1873 3901 1,
1910 3833 2050 3891 forte
2096 3834 2197 3893 fuit

590 3910 763 3975 sentit,
793 3921 914 3976 quze
954 3916 1039 3962 est
1073 3904 1380 3961 communis
1415 3906 1706 3971 scriptura.
1760 3906 1857 3961 lid.
1891 3906 2068 3976 Lips.,
2100 3906 2196 3963 sb-

593 3979 776 4046 surde,
819 3978 990 4046 Quam
1025 3978 1179 4033 sentit
1214 3980 1444 4050 ﬂagrare
1478 3978 1686 4033 saltem.
1721 3977 1951 4035 Schedze
1982 3979 2192 4035 Poeltn.

596 4060 825 4124 negant,
874 4050 1199 4134 pro_lumin.a
1237 4057 1456 4134 tangens
1503 4050 1945 4134 substituendutn
1982 4066 2196 4132 innuero

592 4121 828 4199 tangens,
852 4121 995 4199 quod
1025 4124 1214 4199 nescio
1261 4121 1484 4199 ubinam
1507 4121 1870 4179 l‘oelmannus
1893 4123 2192 4191 invenerit,

596 4192 772 4268 neque
797 4192 1007 4268 sciebat
1032 4194 1383 4249 Arntzeuius.

665 4264 755 4325 58.
798 4264 1076 4321 Fenestras
1105 4267 1294 4338 oculos
1325 4265 1524 4335 passim
1559 4275 1755 4338 vocant
1786 4267 2085 4338 scriptores
2105 4281 2195 4324 ec-

598 4338 913 4405 clesiastici,
947 4347 1007 4392 ut
1037 4338 1145 4392 dixi
1175 4337 1242 4392 ad
1279 4338 1539 4394 Dracont.
1562 4336 1600 4392 ι.
1628 4353 1707 4404 ιιι,
1732 4354 1878 4394 vers.
1905 4336 2031 4396 619.

668 4412 757 4466 40.
798 4408 1034 4477 Poelm.,
1081 4408 1216 4463 σιεσὶ
1260 4414 1309 4464 et
1342 4410 1533 4464 ‘cfaudi
1576 4420 1849 4466 sanantur.
1879 4440 1952 4452 --
1981 4414 2193 4479 Arnlz.,

598 4482 778 4536 limina
818 4481 994 4552 templi
1027 4522 1042 4552 ,
1076 4496 1196 4546 qua:
1245 4480 1461 4550 phrasis
1507 4481 1640 4537 satis
1690 4485 1863 4552 poetis
1908 4480 2198 4537 familiaris

598 4561 706 4616 est,
739 4552 835 4606 sed
864 4550 933 4606 ad
958 4551 1175 4623 aedilicii
1217 4552 1635 4623 amplitudinem
1662 4550 2037 4623 explicandam
2081 4569 2199 4610 me-

602 4624 706 4678 lius
731 4623 1077 4696 estumaenia;
1119 4621 1196 4678 sic
1224 4621 1498 4680 Iuvencus
1524 4624 1563 4677 Ι.
1594 4639 1688 4695 ιιι,
1723 4621 1776 4679 v.
1807 4625 1912 4681 674
1943 4642 1956 4679 :
1989 4624 2200 4696 Templi

603 4709 659 4749 se
681 4692 931 4765 moenibus
955 4694 1135 4765 infert.

671 4765 763 4822 42.
803 4762 1065 4833 Plerique
1091 4776 1220 4833 mss.
1247 4762 1497 4820 scribunt
1523 4765 1820 4820 duriticam.

672 4837 763 4910 45.
807 4832 1023 4910 Arnim,
1067 4832 1410 4906 tandemque;
1465 4832 1679 4910 Parrh.,
1724 4837 2034 4909 eodemque;
2075 4840 2197 4910 alii,

604 4909 900 4979 eademque.
922 4905 1373 4979 Meusrevertens,
1408 4923 1514 4963 non
1547 4909 1710 4974 male,
1743 4925 1841 4979 pro
1868 4905 2123 4966 reversus.

674 4981 762 5035 45.
797 4974 1044 5055 ἶζοθιιιιη
1078 4974 1238 5031 Ficus
1266 4979 1527 5033 inarescit.
1552 5009 1622 5021 —-
1646 4974 1801 5050 Udi,
1825 4992 2070 5038 constans
2102 5000 2199 5055 pro

602 5060 795 5107 astans.
830 5047 1018 5114 Ralm,
1042 5057 1235 5103 contra
1266 5061 1520 5116 metrum,
1550 5060 1716 5106 stans.

674 5123 764 5179 46.
808 5118 904 5178 Hir
932 5132 1123 5175 versus
1149 5119 1423 5176 invenitur
1453 5122 1593 5187 apud
1619 5122 1819 5179 Bedam
1847 5124 1925 5181 De
1944 5134 2052 5181 art.
2081 5142 2197 5181 me-

602 5193 750 5260 tric.,
773 5205 827 5251 et
853 5193 975 5265 ejus
998 5190 1390 5260 Commentat.,
1417 5192 1509 5249 sed
1535 5208 1641 5250 non
1669 5193 1942 5254 indicatur
1959 5198 2199 5254 auctoris

603 5276 954 5404 ηοὶῃΐῗῃλιιίη
987 5333 1209 5409 Parrb.,
1256 5332 1397 5409 male
1436 5336 1679 5393 scribunt
1704 5338 1961 5397 esuriens.
1988 5340 2104 5396 Ott.
2140 5341 2194 5409 i,

599 5408 824 5485 lustrata
864 5400 1089 5481 stipite:
1130 5405 1250 5478 lege
1292 5400 1511 5463 lustrato
1553 5423 1622 5465 ex
1670 5412 1877 5481 regulis
1922 5400 2199 5485 gramma;

599 5480 753 5538 tices.

666 5550 759 5628 48.
802 5549 1057 5628 Plerique
1099 5549 1445 5628 distinguunt
1491 5567 1733 5628 pomum,
1765 5554 2196 5628 —Arboreisque

594 5626 754 5680 comis
785 5640 801 5679 :
830 5620 1142 5679 Jam'nunc.
1194 5620 1545 5679 Burmannus
1593 5620 1896 5684 orationem
1946 5628 2020 5684 ita
2076 5620 2194 5683 lan-

592 5708 765 5765 gnere
790 5697 900 5772 ait,
929 5706 1049 5772 qua:
1080 5706 1342 5772 numeros
1372 5704 1501 5751 suos
1534 5696 1732 5772 habet,
1764 5696 1808 5753 si
1835 5707 1960 5770 post
1984 5717 2194 5772 pomum

595 5778 755 5848 exeat
784 5768 1064 5838 periodus,
1084 5769 1299 5848 scilicet
1328 5768 2190 5848 pomum.Z-Arboreisque'_comis,

586 5839 702 5906 jam
753 5856 888 5894 nunc
944 5856 1009 5897 es
1054 5843 1285 5913 germina
1332 5839 1521 5898 oestro.
1578 5839 1903 5899 Burmanno'
1946 5839 2195 5901 adunaret

2227 4524 2280 4587 D

2297 3693 2649 3766 Arntzenius.
2684 3694 2791 3750 Pro
2820 3694 3052 3766 germine
3088 3693 3346 3766 Parrbas.
3381 3693 3563 3749 minus
3601 3692 3736 3749 bene
3771 3707 3870 3765 gn-

2298 3766 2452 3820 mt'ne.
2498 3764 2660 3821 Fabr.
2705 3775 2759 3822 et
2806 3764 3049 3821 nonnulli
3090 3767 3183 3821 alii
3222 3765 3449 3837 vulgati,
3474 3766 3698 3837 gemine
3729 3764 3867 3818 uasta.

2299 3836 2493 3892 Melius
2525 3847 2612 3892 est
2640 3847 2808 3894 restro
2836 3853 2936 3909 pro
2966 3847 3087 3904 tuo;
3111 3844 3165 3893 in
3191 3836 3322 3894 Urb.
3343 3836 3502 3892 error
3522 3836 3729 3893 videtur
3747 3848 3868 3890 uersa

2338 3923 2398 3964 το
2422 3918 2612 3964 υεδινο.

2298 3924 2791 4049 Ρΐὲὅῗῖἔῖῑὶαιηω
2807 3979 3088 4036 subaudiri
3116 3988 3299 4051 potest
3314 3980 3511 4036 arbor:
3534 3980 3737 4037 Latinis
3749 3976 3869 4034 enim

2301 4061 2387 4108 est
2414 4052 2771 4121 adice-tivum.

2369 4125 2462 4180 53.
2486 4118 2817 4191 Coniectura
2860 4122 3116 4190 Voncltii,
3170 4122 3498 4193 W0pkensii
3524 4132 3580 4179 et
3608 4118 3868 4193 Burmanni

2300 4207 2383 4252 est
2412 4197 2525 4251 istis
2558 4188 2655 4265 pro
2677 4196 2823 4251 ustis.
2844 4188 3175 4251 Parrhasius
3197 4188 3312 4266 jam
3335 4195 3585 4251 ediderat
3605 4196 3734 4260 istis,
3749 4188 3867 4261 quod

2301 4268 2516 4324 schedia
2532 4267 2847 4323 Poelmanni
2872 4269 3035 4322 etiam
3049 4267 3329 4323 exhibent.
3344 4268 3619 4323 Constans
3635 4266 3784 4321 lectio
3797 4278 3867 4320 eo-

2301 4339 2483 4397 dicum
2515 4347 2602 4394 est
2625 4340 2777 4399 ustis.
2809 4338 2864 4393 h.
2905 4354 2985 4406 e.,
3015 4339 3433 4400 eoneremandis,
3464 4350 3525 4393 ut
3552 4353 3713 4409 prosa
3730 4352 3868 4409 espo-

2304 4412 2412 4478 nit;
2436 4422 2530 4467 aut
2553 4410 2942 4477 etincrematis,
2977 4422 3031 4465 ut
3059 4412 3242 4483 glossa
3271 4409 3474 4467 Almel.
3497 4427 3513 4477 ;
3538 4407 3863 4483 autsirretis,

2306 4492 2365 4538 ut
2389 4485 2566 4553 glossa
2598 4483 2734 4549 Reg.
2770 4484 2795 4537 1
2822 4499 2836 4545 ;
2867 4494 2958 4538 aut
2989 4480 3355 4538 continuandis
3377 4525 3393 4548 ,
3416 4496 3476 4537 ut
3503 4480 3863 4538 Nebrissens'u.

2306 4554 2383 4610 ita
2412 4554 2595 4621 etiam,
2645 4565 2700 4610 et
2728 4564 2879 4610 recte
2908 4554 3037 4624 legit
3068 4554 3213 4609 hunc
3240 4569 3458 4610 versum
3492 4555 3638 4611 Beda
3692 4556 3743 4609 in
3763 4549 3863 4609 Col-

2412 4569 2595 4621 ettam,
2645 4569 2700 4610 et
2728 4569 2879 4610 recte
2908 4569 3037 4621 tegit
3068 4569 3213 4609 nune
3240 4569 3458 4610 versum
3493 4569 3638 4611 neua
3692 4570 3743 4609 tu
3763 4569 3863 4609 w-

2308 4628 2589 4683 lectzineis.

2377 4700 2467 4754 54.
2498 4698 2631 4769 Reg.
2654 4699 2706 4760 ι,
2736 4712 2966 4769 omnes
2994 4713 3291 4765 —-semper
3310 4696 3502 4753 habens
3523 4698 3860 4769 frondes,_elm

2303 4772 2482 4840 glossa
2516 4766 2781 4840 pulchras.
2813 4766 2963 4834 Alii,
3010 4784 3247 4836 emanat,
3279 4778 3336 4823 et
3364 4766 3610 4825 nonnulli
3651 4766 3861 4826 scribunt

2304 4858 2523 4907 omne,
2555 4841 2701 4911 quod
2733 4858 2831 4913 pro
2860 4840 3126 4898 adverbio
3155 4842 3328 4911 accipi
3358 4852 3559 4913 potest.

2375 4915 2465 4971 55.
2501 4906 2772 4969 Ausonius
2801 4914 3035 4985 primam
3059 4906 3327 4983 corripuit
3358 4906 3412 4968 in
3436 4906 3857 4985 Libanusrsttdtl-

2305 4984 2410 5041 lius
2434 4986 2712 5056 producit:
2743 4984 2839 5041 sed
2874 4988 2977 5040 hoc
3006 4987 3180 5056 magis
3220 4987 3499 5057 proprium
3551 4984 3752 5041 Sedulii
3776 4987 3853 5057 esi.

2303 5050 2449 5126 quod
2495 5057 2765 5128 adjective
2818 5068 3039 5128 usurpat
3071 5050 3270 5113 Cibaria
3314 5050 3381 5115 ex
3411 5056 3645 5128 Libano,
3672 5050 3853 5128 animine

2304 5073 2446 5126 quod
2495 5073 2765 5128 adjective
2818 5073 2949 5113 usur
3022 5073 3270 5113 tunam
3314 5073 3381 5115 ex
3411 5073 3645 5121 arma,
3672 5073 3850 5110 ιιυιιιιιιυ

2304 5128 2522 5184 montis.
2568 5133 2720 5186 tlnnc
2750 5130 2929 5200 ipsum
2952 5073 3166 5186 ’ξεάυιιι
3196 5144 3414 5185 versum
3439 5127 3711 5200 produxit
3742 5120 3850 5179 Bodl

2302 5200 2355 5255 in
2387 5202 2711 5267 Collectan.,
2761 5198 2859 5257 sed
2902 5199 3120 5257 inverso
3148 5199 3370 5267 ordine,
3422 5198 3665 5253 Frondes
3688 5205 3849 5262 saepe!

2301 5272 2507 5337 habent,
2561 5282 2607 5327 et
2633 5281 2895 5344 tamquam
2943 5270 3142 5327 Libane
3168 5272 3532 5344 cedrus,etc_.
3567 5269 3632 5344 in
3660 5275 3847 5344 numero

2303 5344 2538 5413 plurium
2597 5338 2834 5412 loquitur
2854 5344 2979 5412 quia
3031 5345 3192 5398 verba
3221 5341 3429 5399 Sedulii
3449 5342 3521 5398 ad
3558 5341 3735 5412 iustos
3758 5338 3846 5410 pitt-

2300 5415 2403 5470 rali
2434 5430 2661 5470 numero
2680 5415 3091 5471 accommodate
3116 5415 3390 5469 transfert.

2370 5485 2462 5543 56.
2488 5486 2768 5559 Nonnulli.
2800 5488 2971 5542 sidera
2992 5487 3203 5559 vertice:
3233 5485 3347 5559 alii,
3370 5494 3546 5558 tanget
3577 5498 3680 5559 pro
3698 5476 3842 5554 tangit.

2371 5559 2460 5631 b7.
2486 5557 2654 5631 Meus,
2687 5555 2892 5613 Mutum
2918 5558 3059 5631 ejicit
3088 5558 3423 5614 demittat.

2371 5629 2461 5685 58.
2494 5618 2662 5695 Almi,
2694 5645 2724 5684 a
2758 5645 2842 5701 pr.
2889 5618 2989 5696 m'.,
3020 5629 3153 5701 Reg.
3189 5631 3240 5697 i,
3293 5630 3347 5685 in
3376 5637 3662 5697 contentu,
3694 5618 3845 5686 οιιΛν

2299 5700 2446 5758 Vatt.
2476 5701 2530 5766 1,
2556 5716 2586 5756 a
2613 5716 2696 5771 pr.
2720 5700 2820 5769 m.,
2845 5704 2990 5769 atris,
3015 5700 3161 5771 quod
3186 5714 3405 5759 secutus
3425 5713 3513 5758 cst
3535 5702 3780 5758 Ccllarius
3799 5701 3848 5746 εἰ

2296 5772 2519 5843 scriptis
2542 5773 2845 5842 codicibus,
2901 5780 2960 5829 ut
2980 5772 3074 5830 ait.
3115 5774 3315 5830 Verum
3345 5773 3615 5844 scriptura
3645 5778 3846 5830 εοιιιιιιυ·

2300 5846 2383 5902 nis
2414 5844 2532 5903 fere
2575 5844 2817 5903 onmium
2874 5854 3185 5904 nostrorum
3236 5845 3531 5916 Codicum,
3578 5853 3633 5902 et
3675 5844 3845 5902 Διιιιιον
