4038 6312
504 240 612 303 6⁸19

646 356 809 415 Utere
839 371 974 429 pace
993 370 1136 414 mea.
1166 355 1359 429 Magna
1388 360 1473 412 est
1503 353 1773 412 medicina
1795 354 1978 423 fateri,

642 451 800 518 Quod
823 458 988 508 nocet
1007 449 1304 518 abscondi;
1327 449 1588 522 quoniam
1619 463 1716 504 sua
1747 449 1973 504 vulnera
2001 463 2103 504 nu-

1888 543 2027 616 [trit,

649 641 753 711 Qui
781 641 935 712 tegit,
965 648 1023 697 et
1049 641 1259 713 plagam
1290 637 1526 711 trepidat
1553 638 1762 694 nudare
1794 637 2055 693 medenti.

649 736 730 792 En
761 735 960 807 polluta
991 735 1104 805 diu,
1136 734 1408 791 modicum
1440 744 1664 807 purgata
1691 732 1923 789 recessit

535 833 605 890 80
644 832 748 887 Per
767 832 1053 902 gemitum,
1074 830 1390 902 propriique
1411 829 1664 886 lavansin
1691 826 1902 899 gurgite
1919 824 2098 892 ﬂetus,

639 925 836 982 Munda
858 926 974 981 suis
996 925 1255 998 lacrymis
1284 925 1448 992 redit,
1475 932 1534 980 et
1554 923 1772 979 detersa
1795 919 2029 992 capillis.

689 1021 920 1090 Jamque
934 1016 1287 1090 Capharniea:
1304 1031 1631 1090 synagogam
1647 1015 1939 1070 intraverat
1956 1009 2105 1065 urbis

644 1111 768 1169 Rite
789 1111 1000 1168 docens
1022 1110 1274 1182 populos,
1307 1125 1467 1180 quem
1487 1123 1612 1164 cum
1633 1105 1860 1163 vidisset
1890 1104 2107 1175 iniquus

642 1206 895 1262 Humano
919 1207 1024 1262 sub
1047 1205 1216 1262 corde
1243 1205 1442 1272 latens,
1472 1205 1712 1259 clamore
1743 1207 1998 1270 protervo

531 1299 601 1355 85
638 1299 804 1372 285
834 1299 1072 1370 Spiritus
1121 1296 1423 1365 infremuit,
1459 1296 1601 1364 Quid
1655 1295 1834 1364 nobis,
1860 1302 1919 1349 et
1970 1291 2101 1348 tibi?

1773 1386 1987 1460 [dicens
2013 1404 2026 1439 :

643 1487 882 1544 Perdere
902 1499 1025 1556 nos,
1053 1486 1194 1543 heu!
1219 1483 1459 1553 Christe,
1481 1484 1671 1542 venis?
1693 1482 1819 1540 Scio
1840 1481 2098 1552 denique,

1851 1575 1967 1648 [qui
1999 1573 2098 1639 sis,

1868 241 1870 245 ’
1896 234 2111 298 C(ELII
2149 235 2425 298 SEDULll

2128 359 2183 421 A

3709 235 3804 296 680

2349 355 2422 411 Et
2452 359 2700 408 sanctum
2727 365 3002 424 cognosco
3033 350 3154 419 Dei;
3177 365 3281 408 nec
3311 351 3465 421 plura
3494 349 3731 419 locutus,

2359 449 2596 518 Imperio
2625 457 2884 518 terrente,
2916 454 3082 514 tacet,
3105 445 3496 516 hominemque
3525 446 3740 518 reliquit

2363 543 2580 610 Pulsus,
2613 552 2669 599 et
2699 543 2752 597 in
2785 556 2984 598 vacuas
3013 541 3227 613 fugiens
3250 542 3470 597 evanuit
3497 555 3678 598 auras.

2253 637 2323 694 90
2433 636 2525 694 Sic
2554 635 2719 692 etiam
2751 632 2919 690 variis
2944 633 3104 689 linem
3133 633 3489 706 languoribus
3514 648 3639 689 esse

2355 731 2531 794 Fecit,
2565 738 2620 785 et
2639 727 2891 785 exclusos
2915 742 3131 798 semper
3152 727 3391 783 reticere
3420 725 3600 797 coegit

2353 824 2742 888 Diemonas,ac
2765 821 2926 878 talem
2952 822 3206 893 prohibet
3235 837 3299 878 se
3322 823 3565 892 pandere
3597 830 3798 877 testem.

2352 917 2491 974 Olim
2520 915 2717 987 quippe
2744 913 2922 982 ferox,
2956 927 3013 972 et
3039 916 3208 986 nigrzc
3249 916 3443 971 tnortis
3470 925 3683 971 amator

2351 1011 2451 1066 llle
2481 1025 2691 1066 nocens
2717 1009 2932 1082 anguis,
2959 1009 3207 1082 dejectus
3231 1010 3474 1066 culmine
3504 1008 3630 1066 ςαξιί

2245 1103 2318 1161 95
2354 1103 2524 1177 286
2543 1103 2677 1160 Cum
2707 1105 2941 1176 pompis,
2967 1105 3242 1176 sociisque
3263 1105 3402 1173 suis,
3434 1103 3692 1175 omnique
3719 1120 3806 1160 ne-

3615 1196 3804 1270 [laudat

2352 1289 2586 1361 Agmine
2610 1290 2843 1358 militiae,
2872 1289 3173 1359 Christum,
3208 1306 3369 1363 quem
3411 1301 3640 1346 noverat
3679 1293 3802 1357 illic,

2349 1381 2636 1454 Conspicit
2663 1385 2718 1439 in
2752 1383 2931 1452 terris,
2957 1384 3230 1440 velamine
3250 1383 3434 1439 carnis
3465 1395 3738 1454 opertum,

2354 1477 2604 1548 Etgemit
2622 1490 2744 1532 esse
2771 1475 2977 1532 homini
2998 1477 3287 1532 Dominum
3307 1477 3528 1532 virtutis
3554 1477 3802 1533 amicum.

2426 1568 2672 1640 Dumque
2696 1567 2824 1640 Tyri
2845 1581 3218 1641 transgressus
3237 1570 3360 1639 iter,
3379 1567 3604 1626 Sidonia
3627 1583 3807 1626 rursus

1847 1668 2026 1726 OPUS
2066 1661 2455 1723 PASCHALE.

495 1767 636 1823 Ecce
665 1779 813 1821 nunc
845 1765 1045 1822 femina
1071 1765 1312 1821 diuturni
1343 1763 1604 1836 contagio
1649 1764 1827 1820 morbi
1864 1764 2068 1834 polluta
2091 1808 2106 1831 ,

499 1859 937 1931 parvi‘gemitus
983 1858 1284 1916 afﬂictione
1326 1867 1609 1930 purgatur,
1649 1857 1844 1929 suique
1887 1857 2101 1928 gurgite

496 1951 656 2009 ﬂetus
685 1953 952 2022 abluitur,
985 1962 1041 2008 et
1069 1952 1328 2023 lacrymis
1359 1950 1600 2021 perfusa,
1625 1950 1837 2020 capillis
1859 1960 2099 2015 cxtersa,

499 2045 736 2102 discedit
767 2045 991 2112 munda,
1025 2061 1147 2116 qua:
1175 2054 1404 2100 venerat
1432 2043 1674 2100 sordida.

575 2139 657 2195 Ad
689 2139 879 2195 urbem
911 2153 1133 2210 quoque
1172 2137 1555 2210 Capharnaum
1593 2136 1813 2192 nomine
1841 2134 2102 2192 Dominus

499 2249 624 2302 cum
664 2233 928 2300 venisset,
978 2235 1033 2288 in
1077 2248 1178 2304 qua
1226 2233 1494 2302 plurimos
1533 2245 1824 2303 synagoga:
1867 2229 2100 2287 concilio

498 2325 738 2383 caelestis
769 2325 1002 2396 populos
1029 2325 1310 2390 edoceret,
1342 2325 1527 2380 subito
1559 2339 1656 2394 per
1681 2323 1929 2378 humana:
1956 2321 2105 2379 vocis

501 2418 866 2475 ministerium
895 2419 1182 2487 corporale
1215 2417 1586 2488 nequissimus
1617 2416 1712 2471 ille
1741 2414 1994 2471 diabolus
2025 2423 2106 2469 ta-

495 2513 600 2569 lem
636 2512 856 2568 fremuit
883 2514 936 2567 in
969 2511 1266 2567 clamorem
1299 2527 1314 2565 :
1349 2510 1490 2578 Quid
1527 2508 1642 2574 tibi,
1672 2518 1722 2564 et
1764 2507 1934 2574 nobis,
1973 2507 2102 2562 Jesu

497 2607 805 2664 Nazarene?
834 2608 1017 2664 venisti
1065 2607 1282 2676 perdere
1309 2607 1439 2660 nos?
1471 2604 1616 2670 Scio,
1659 2604 1774 2674 quis
1813 2607 1916 2672 sis,
1980 2619 2101 2657 san-

496 2712 607 2757 ctus
639 2700 760 2758 Dei.
787 2701 1021 2772 Moxque
1047 2701 1276 2756 Domino
1295 2701 1586 2756 minaciter
1601 2698 1816 2754 dicente
1839 2697 2100 2768 perterri-

492 2805 604 2862 tus,
644 2805 810 2868 atque
846 2794 1097 2868 dejectus
1135 2814 1148 2851 :
1201 2794 1527 2862 Obmutesce,
1569 2802 1619 2848 et
1657 2794 1836 2848 excide
1876 2791 2095 2859 homini,

493 2889 707 2960 spiritus
743 2889 1028 2956 immunde,
1064 2904 1261 2960 magno
1292 2888 1527 2944 reboans
1556 2902 1679 2944 cum
1715 2887 1942 2959 mugitu,
1991 2901 2100 2957 quo

489 2979 675 3038 divino
701 2997 761 3038 se
787 2980 1050 3038 fateretur
1075 2982 1308 3052 imperio
1337 2981 1708 3049 verberatum,
1743 2981 1967 3052 reliquit
1997 2983 2098 3036 hu-

489 3088 650 3129 mana
679 3074 1003 3145 praecordia,
1037 3073 1252 3146 fugiens
1282 3074 1336 3130 in
1369 3089 1533 3130 auras
1584 3089 1694 3130 non
1727 3073 1966 3130 videndo
1999 3074 2097 3131 ob-

491 3181 706 3223 scuras.

2291 1757 2556 1813 Similiter
2594 1757 2858 1816 Dominus
2905 1759 3090 1816 multis
3127 1761 3363 1818 diversae
3403 1761 3804 1833 languentibus,

2211 1857 2266 1905 et
2293 1849 2456 1904 variae
2482 1849 2658 1906 cladis
2684 1852 2994 1908 calamitate
3015 1855 3220 1908 vexatis
3250 1870 3408 1924 opem
3443 1857 3700 1926 praestitit
3723 1871 3803 1912 sa-

2212 1942 2462 2011 lutarem,
2495 1945 2772 2015 multaque
2795 1946 3060 2002 daemonia
3088 1947 3253 2003 verbo
3274 1962 3387 2003 sua:
3409 1950 3698 2018 potestatis
3718 1966 3806 2006 ex-

2210 2024 2357 2090 clusa
2407 2034 2555 2106 loqui
2597 2039 2812 2106 penitus
2862 2054 2969 2093 non
3021 2039 3252 2106 sinebat,
3306 2040 3468 2096 fidem
3517 2042 3806 2113 majestatis

2207 2131 2463 2186 :ethereaa
2492 2130 2583 2185 tali
2621 2129 2942 2203 dedignatus
2983 2143 3119 2188 teste
3147 2134 3382 2206 vulgari;
3425 2137 3628 2206 quippe
3658 2147 3804 2193 vetus

2212 2223 2401 2294 anguis
2435 2224 2528 2281 ille
2562 2235 2846 2290 tartareus,
2877 2227 3002 2282 vita:
3028 2228 3297 2296 perditor,
3322 2232 3517 2284 mortis
3540 2230 3801 2296 inventor,

2200 2331 2323 2373 cum
2352 2326 2464 2375 t0ta
2487 2321 2709 2375 socialis
2734 2336 2943 2392 pompa:
2969 2322 3270 2390 dementia,
3299 2333 3525 2395 totoque
3555 2325 3804 2382 damnato

2204 2413 2409 2468 militiae
2445 2415 2590 2471 foedo
2621 2417 2877 2484 satellite,
2921 2417 3136 2474 caelesti
3179 2419 3431 2490 dejectus
3470 2437 3502 2476 e
3541 2422 3802 2490 culmine,

2203 2509 2506 2579 Christum,
2536 2527 2700 2582 quem
2731 2513 2782 2567 in
2816 2513 2908 2568 illa
2935 2524 3169 2570 noverat
3199 2531 3324 2572 arce
3354 2517 3671 2584 sidereum,
3701 2528 3807 2573 stu-

2205 2603 2366 2674 pebat
2398 2605 2449 2659 in
2479 2606 2639 2660 terris
2669 2607 2852 2661 carnis
2881 2606 3186 2664 humilitate
3218 2610 3505 2676 vestitum,
3537 2610 3805 2682 magisque

2203 2701 2459 2773 gemebat
2487 2701 2614 2757 hinc
2638 2703 2855 2770 lividus,
2888 2704 3034 2774 quod
3058 2706 3270 2762 virtutis
3295 2707 3531 2762 Domino
3556 2709 3805 2764 cernebat

2207 2795 2488 2851 hominem
2515 2797 2596 2852 sic
2621 2797 2896 2852 dilectum.

2275 2888 2523 2960 Dumque
2548 2889 2676 2960 Tyri
2702 2889 2904 2946 dehinc
2927 2890 3046 2946 loca
3074 2892 3409 2962 praeteriens,
3439 2892 3671 2950 Sidonio
3700 2895 3796 2949 Do-

2203 2984 2388 3041 minus
2417 2985 2740 3056 graderetur
2765 2989 2814 3040 in
2840 2985 3052 3053 littore,
3077 2987 3288 3042 curavit
3314 2987 3557 3043 oblatum
3589 2991 3792 3059 gemina

2202 3079 2490 3150 quemdam
2522 3080 2833 3135 calamitate
2863 3080 3266 3147 miserrimum,
3307 3082 3397 3151 qui
3423 3083 3574 3138 vocis
3617 3093 3672 3138 et
3706 3097 3792 3138 au-

2202 3173 2346 3227 rium
2387 3174 2633 3244 privatus
2665 3167 2883 3244 officiis,
2926 3189 3027 3230 nec
3059 3189 3155 3230 sua
3181 3174 3337 3242 dare,
3380 3190 3480 3230 nec
3507 3176 3683 3231 alit-na
3707 3191 3794 3247 po.

1994 3261 2308 3321 SCHOIJA.

491 3357 768 3413 centiores
804 3355 1105 3426 pratferunt
1148 3355 1313 3408 mali:
1343 3353 1676 3424 Wopkensio
1709 3364 1886 3413 tamen
1921 3357 2100 3426 placet
2129 3361 2172 3422 C

493 3429 631 3501 malo
660 3445 679 3484 :
711 3443 834 3501 nam
867 3428 1064 3482 similis
1096 3427 1436 3494 traiectionis
1466 3427 1716 3498 exempla
1742 3430 1883 3501 apud
1923 3429 2099 3484 Sedu-

490 3500 618 3554 lium
647 3510 704 3556 et
733 3500 868 3554 alios
897 3507 1216 3554 occurrunt.

565 3572 654 3646 76.
697 3569 936 3646 Consule
963 3580 1082 3646 not.
1113 3569 1180 3623 ad
1215 3569 1470 3646 Dracont.
1499 3587 1537 3638 ι,
1571 3571 1639 3625 51
1688 3585 1700 3620 :
1751 3572 1844 3628 Sic
1888 3573 2098 3646 impune

488 3643 591 3697 reis
614 3643 767 3697 licuit
790 3656 1028 3714 peccasse
1055 3641 1286 3714 fatendo.

561 3714 653 3769 77.
683 3714 781 3769 Ed.
826 3713 1060 3780 Poelm.,
1105 3713 1392 3783 abscondit,
1439 3715 1582 3784 quod
1637 3731 1782 3775 recte
1832 3716 2096 3772 damnant

489 3786 708 3843 schedia
732 3784 976 3859 ejusdem
994 3785 1336 3859 Poelmanni.
1366 3788 1572 3842 Sensus
1597 3795 1741 3845 enim
1773 3799 1880 3853 est,
1903 3789 2091 3859 Magna

489 3871 574 3915 εει
605 3856 873 3914 medicina
907 3855 1090 3922 fateri,
1124 3857 1269 3926 quod
1310 3867 1490 3925 nocet,
1523 3861 1567 3914 si
1611 3855 2013 3918 abscondaturf
2038 3863 2092 3916 In

489 3929 624 4000 Reg.
680 3928 974 3984 lfortasse
1011 3929 1113 3982 fuit
1151 3931 1441 3994 abscondit,
1497 3947 1640 3989 nunc
1689 3944 1769 3990 est
1819 3933 2090 3986 abscondi.

499 4000 723 4058 Vulnera
752 4015 853 4072 pro
878 4001 1027 4055 vitiis
1052 4009 1108 4072 et
1135 4002 1372 4069 peccatis
1409 4003 1600 4058 dicunt
1625 4006 1919 4068 Iuvencus,
1957 4005 2096 4059 Pru-

489 4073 728 4147 dentins,
756 4071 1021 4147 Prosper,
1040 4071 1274 4147 Arator,
1307 4083 1363 4128 et
1389 4075 1458 4128 ad
1492 4091 1606 4147 rem
1631 4085 1958 4147 praesentem
1989 4076 2091 4131 Se-

490 4161 654 4203 verus
682 4144 917 4201 Sanctus
941 4144 1010 4199 de
1038 4143 1198 4201 Mori.
1235 4145 1397 4200 boum
1426 4163 1439 4199 :
1485 4143 1846 4203 Nam-vulnus
1873 4156 2089 4210 reserat,

485 4219 577 4290 qui
606 4216 746 4272 mala
786 4215 1036 4292 publicat,
1061 4245 1135 4292 τ·-
1162 4214 1393 4286 Claudit,
1422 4219 1508 4288 qui
1537 4221 1751 4275 tacitum
1783 4219 1990 4292 premit.
2034 4219 2089 4272 ln

487 4287 648 4361 prosa
679 4287 799 4345 erat
826 4288 1022 4361 doloris
1056 4287 1333 4361 insertum.

561 4363 650 4435 79.
692 4360 916 4435 glmelq
947 4355 1233 4435 Irnpolluta
1252 4376 1272 4414 :
1297 4361 1410 4435 alii,
1435 4360 1514 4415 En
1541 4363 1764 4435 polluta.
2045 4417 2047 4420 .

559 4434 649 4490 80.
682 4431 877 4505 βψω,
909 4431 1430 4505 propriosque:_lege
1474 4431 1794 4505 propriique.
1849 4435 1969 4488 Vat.
2010 4437 2044 4488 2
2073 4477 2086 4500 ,

488 4505 626 4576 Reg.
653 4501 733 4578 _5.
766 4503 959 4557 Parrh.
991 4509 1047 4555 et
1092 4501 1244 4578 A_ld.,
1286 4501 1483 4578 labans
1512 4501 1583 4559 se'
1605 4501 1808 4578 gurgite
1836 4525 1854 4562 :
1894 4508 2090 4562 melius

487 4573 760 4631 omittitur
797 4589 873 4636 se,
923 4579 1088 4642 atque
1133 4574 1206 4626 ita
1251 4573 1496 4646 plerique
1538 4573 1781 4633 referunt
1825 4579 2004 4634 levans
2033 4580 2090 4633 in

488 4648 710 4720 gurgite.

559 4714 649 4774 8⁷1.
696 4714 1135 4786 Εᾶίηιῢητερἱι
1186 4715 1406 4771 detersa.
1449 4717 1788 4786 Parrhasius,
1838 4722 1995 4785 redit,
2040 4732 2089 4776 et

487 4790 710 4856 deterta,
741 4788 882 4860 quod
913 4785 990 4860 ait
1028 4784 1454 4860 Parrhasiusiita
1485 4794 1748 4858 scriptum
1776 4784 1810 4845 'a
1838 4784 2084 4855 Sedulio.

487 4855 787 4939 quiaapud
817 4855 1048 4939 Ennium
1093 4857 1507 4939 legerat,_7_'erta
1532 4855 1656 4916 nitet
1683 4862 1855 4939 galea.
1888 4863 2085 4939 Verum

487 4927 577 4989 liic
617 4927 767 4990 locus
795 4941 879 4990 est
906 4927 1168 4984 Varronis
1197 4932 1337 4998 apud
1369 4933 1629 4998 Nonium,
1678 4927 1726 4989 ὅ.
1778 4933 1834 4999 2,
1870 4951 1923 4987 ιι.
1955 4936 2082 4990 817.

485 5004 544 5061 ln
573 5007 775 5062 nostris
807 5018 938 5059 mss.
973 5008 1034 5053 et
1062 4999 1175 5055 fere
1213 5004 1464 5060 omnibus
1494 5005 1824 5062 editionibus
1857 5008 2082 5062 verbum

485 5076 590 5133 hoc
636 5078 892 5134 scribitur
920 5073 1144 5138 detersa,
1179 5087 1286 5128 non
1335 5077 1552 5133 deterta.
1597 5079 1749 5146 Alb.,
1797 5090 2076 5148 corrupte,

483 5150 616 5204 redit
643 5158 691 5204 et
715 5149 946 5204 detensa.

549 5221 647 5276 82.
679 5220 862 5284 Rom.,
883 5220 982 5278 Ubi
996 5213 1250 5293 Dominus
1261 5219 1471 5293 intrarit
1493 5218 1879 5293 Capharnaum.
1900 5223 2074 5287 Meus,

479 5289 784 5366 Damonem
803 5295 979 5366 fugat.
1006 5316 1078 5328 --
1104 5289 1579 5366 δοὴςᾴωΛΡθβΙωζ
1611 5293 2076 5366 scrihuut_Caper-

477 5379 626 5430 mete,
652 5364 766 5435 alii,
786 5361 1135 5438 Capherneae;
1175 5361 1287 5432 alii,
1331 5361 1647 5434 Caphernw,‘
1685 5365 1800 5433 alii,
1839 5361 2076 5436 Capher-

479 5451 628 5492 "ww.

549 5510 640 5585 86_.
676 5510 962 5585 A_rntzeuq
997 5525 1091 5585 nos
1117 5512 1237 5585 jam
1265 5522 1284 5559 :
1306 5505 1552 5585 _a|ii,A_r_tos
1593 5508 1730 5585 ben!
1761 5507 1984 5585 Vatui,
2012 5509 2070 5575 2,

472 5577 586 5636 Ott.
606 5582 662 5648 2,
694 5579 866 5647 Meus,
891 5577 1251 5652 Parrh.,'quis
1274 5580 1343 5634 sis
1367 5580 1512 5652 :alii,
1534 5582 1621 5652 qui
1642 5581 1734 5634 sis.
1765 5579 1974 5635 Similis
1991 5589 2074 5636 est

470 5653 706 5725 varietas
728 5653 782 5725 in
814 5667 877 5725 re
897 5651 1086 5709 eadem
1113 5651 1254 5725 apud
1285 5651 1636 5707 Prudentium
1689 5652 1892 5723 Apoth.
1921 5666 2067 5725 vers.

469 5719 579 5778 H9
611 5742 626 5778 :
661 5722 763 5790 Qui
790 5724 887 5792 sis,
924 5725 1054 5795 quid
1084 5719 1282 5793 uenias,
1309 5739 1416 5795 qua
1464 5741 1558 5780 nos
1608 5719 1791 5780 virtute
1821 5724 2067 5798 repellas,

469 5822 542 5834 —
563 5793 844 5850 Nouimus.

469 5822 542 5834 —
563 5809 844 5851 nouimus.

2278 3361 2368 3415 87.
2395 3361 2614 3426 Parrh.,
2647 3361 2720 3417 Te
2747 3372 2984 3417 sanctum
3017 3379 3036 3416 :
3070 3361 3287 3434 reliqui,
3324 3363 3391 3418 Et
3417 3375 3677 3418 sanctum.
3698 3366 3796 3421 0b-

2206 3433 2418 3504 servavi
2465 3435 2576 3503 jam
2643 3435 2692 3488 in
2737 3445 2849 3488 not.
2903 3434 2971 3489 ad
3011 3435 3151 3489 alios
3209 3445 3394 3504 poetas
3454 3435 3793 3504 christianos,

2201 3503 2478 3559 Christum
2506 3523 2603 3574 per
2626 3506 3007 3562 excellentiam
3027 3503 3266 3561 sanctum
3291 3507 3620 3576 simpliciter
3650 3503 3798 3563 voca-

2202 3578 2269 3650 ri.
2304 3577 2460 3631 Plura
2484 3594 2515 3632 e
2541 3577 2714 3632 sacris
2755 3579 2952 3632 litteris
2983 3579 3298 3650 testimonia
3344 3580 3556 3650 profert
3580 3579 3797 3635 Huetius

2203 3648 2513 3704 Demonstr.
2565 3651 2771 3717 Evang.
2813 3663 2967 3719 prop.
2999 3649 3053 3712 9,
3099 3665 3149 3705 e.
3194 3651 3288 3717 8i,
3319 3648 3526 3720 quibus
3553 3651 3796 3708 Christus

2198 3732 2432 3788 sanctus,
2467 3730 2521 3776 et
2545 3730 2753 3776 sanctus
2784 3721 2882 3776 Dei
2912 3721 3234 3792 appellatur.

2271 3794 2613 3866 b8._Arntz.,
2644 3793 2810 3848 editio
2837 3792 3011 3862 Lips.,
3041 3796 3185 3866 jacet
3202 3809 3232 3866 Δε
3265 3793 3460 3866 melius
3504 3794 3618 3860 alii,
3651 3805 3790 3848 tacet.

2198 3864 2481 3937 Cantabr.,
2511 3866 2699 3935 Reg.l
2749 3875 2804 3920 et
2851 3864 3096 3937 nonnulli
3150 3864 3603 3937 editi,relinquit,
3656 3867 3790 3936 quod

2199 3935 2428 3990 fortasse
2469 3937 2566 3991 fuit
2596 3938 2758 3990 etiam
2790 3938 2842 3992 in
2877 3936 3008 4006 Reg.
3034 3935 3108 4008 72,
3132 3937 3184 3990 in
3222 3952 3328 4004 quo
3355 3935 3501 3992 nunc
3553 3948 3789 4008 apparet,

2200 4020 2254 4061 ut
2284 4009 2334 4060 in
2369 4008 2639 4080 plerisque
2665 4017 2717 4062 et
2753 4023 2934 4074 prosa,
2967 4007 3196 4080 reliquit.

2269 4079 2356 4134 90.
2387 4079 2556 4144 Meus,
2582 4079 2846 4149 Sanatque
2867 4080 3036 4150 plures
3061 4081 3356 4150 languores.
3379 4079 3622 4147 Poelm.,
3645 4079 3787 4134 Citri-

2197 4152 2709 4223 stusﬂvariisqmorbis
2738 4151 2992 4216 medetur,
3027 4152 3386 4222 dwmonesque
3415 4162 3602 4223 facere
3623 4152 3788 4223 jubet.

2196 4251 2267 4260 -—
2293 4221 2420 4276 Mss.
2467 4221 2729 4292 plerique,
2758 4223 2920 4276 etiam
2961 4223 3369 4290 antiquissimus
3411 4221 3782 4288 Taurinensis,

2196 4302 2250 4347 et
2282 4293 2720 4362 praestantissimi
2774 4292 2927 4358 editi,
2955 4293 3049 4348 Sic
3091 4295 3268 4347 etiam.
3299 4293 3423 4349 Vet.
3451 4294 3506 4361 Ξ,
3541 4295 3706 4349 Fabr.
3739 4309 3786 4349 ct

2196 4365 2444 4420 nonnulli
2473 4366 2566 4420 alii
2595 4365 2819 4436 vulgati,
2847 4363 2952 4418 Hic
2983 4367 3156 4420 etiam.

2265 4436 2354 4490 91.
2389 4436 2500 4491 Ott.
2532 4438 2588 4500 2,
2641 4434 2880 4500 Fecerat,
2925 4447 2971 4489 et
3017 4438 3257 4502 clausos;
3291 4437 3474 4493 retine
3523 4439 3784 4506 vulgatam

2193 4506 2505 4564 lectionem.
2537 4507 2780 4569 Pltrasis,
2808 4509 2923 4572 fecit
2950 4525 3057 4562 esse
3079 4509 3256 4578 ﬁnem,
3285 4525 3383 4576 pro
3405 4508 3550 4578 fecit,
3570 4520 3625 4564 ut
3655 4519 3777 4564 esset

2193 4578 2336 4648 ﬁnis,
2363 4579 2566 4635 Sedulii
2607 4580 2906 4648 aequalibus
2933 4578 3063 4636 haut
3093 4580 3275 4650 ignota
3296 4589 3438 4634 erat.

2265 4651 2353 4706 9:2.
2413 4651 2548 4722 Reg.
2598 4651 2650 4719 1,
2695 4650 2884 4716 Οιι.1,
2915 4651 3108 4722 pro_d.
3151 4665 3221 4717 s.,
3254 4663 3311 4706 et
3361 4650 3486 4707 Vat.
3541 4654 3596 4719 1,
3627 4667 3779 4721 supra

2195 4721 2472 4793 ρωηιοηαε
2496 4720 2518 4777 Ξ
2549 4722 2790 4793 plerique
2815 4737 2972 4787 mss.,
3006 4720 3302 4776 Daemones.
3323 4721 3472 4777 Editi
3495 4720 3782 4790 prmferunt

2195 4758 2511 4777 ..ωηιυηαω
2585 4758 2684 4777 ιν..
2727 4758 2944 4777 “eum.
3006 4758 3472 4777 "mammona...
3517 4758 3776 4778 ..ωυηηη

2116 4758 2166 4817 D
2191 4791 2471 4847 Daemones
2526 4758 2722 4850 [ἕξοι-εξιι
2741 4764 3051 4855 ϐνωωίυι
3101 4805 3371 4863 postrema
3431 4758 3776 4864 colrripiatur.

2193 4864 2622 4938 gldiisediditac
2643 4866 2736 4920 tali
2757 4865 2992 4938 prohibet
3012 4881 3064 4919 se
3091 4867 3323 4938 pandere
3344 4867 3479 4921 testi.
3506 4865 3600 4922 Sic
3620 4867 3776 4921 etiam

2193 4935 2321 5008 Reg.
2357 4937 2408 4991 5.
2443 4934 2500 4991 lu
2527 4937 2638 4992 Ott.
2672 4938 2697 4992 1
2731 4934 2802 5002 et,
2830 4947 2887 4990 ut
2910 4934 3146 5005 videtur,
3179 4937 3232 4991 in
3264 4937 3398 5007 Reg.
3429 4939 3483 5004 1,
3516 4940 3666 5008 prius
3688 4938 3783 4991 fuit

2188 5006 2301 5068 tuli,
2329 5009 2423 5063 sed
2453 5008 2504 5062 in
2539 5018 2772 5076 utroque
2797 5009 2948 5062 clare
2973 5017 3058 5063 est
3079 5017 3278 5064 testem.
3304 5006 3470 5078 Ang.,
3493 5006 3541 5062 et
3573 5024 3671 5078 pro
3697 5025 3776 5060 ac.

2189 5079 2245 5134 ln
2277 5079 2483 5134 Poelm.
2510 5081 2767 5135 mendum
2788 5089 2870 5134 est
2897 5080 3144 5151 panderet
3165 5088 3346 5134 testem
3376 5095 3393 5131 :
3419 5081 3661 5148 alioquin
3692 5094 3780 5134 co-

2182 5152 2351 5222 gitare
2367 5151 2564 5222 aliquis
2578 5163 2762 5222 posset
2781 5167 2842 5206 ac
2859 5149 3037 5216 talem,
3060 5151 3374 5220 prohibet,se
3387 5151 3637 5222 panderet
3652 5167 3775 5205 esse.

2255 5222 2345 5278 96.
2375 5223 2606 5292 Parrh.,
2659 5224 2877 5279 inverso
2928 5223 3138 5290 ordine,
3188 5240 3340 5294 quem
3387 5222 3653 5278 Christum
3690 5239 3778 5276 no-

2185 5307 2322 5348 verat
2333 5336 2346 5349 .

2257 5367 2344 5421 99.
2371 5364 2560 5433 Rom.,
2606 5363 2682 5419 De
2716 5365 2912 5421 duobus
2954 5367 3124 5421 cteris.
3166 5365 3366 5422 Verius
3403 5366 3583 5435 Meus,
3613 5364 3774 5421 Sana!

2186 5447 2382 5491 mutum
2412 5445 2459 5491 et
2505 5439 2741 5492 surdum.
2780 5467 2851 5477 —
2875 5442 3092 5505 Arntz.,
3123 5437 3338 5492 scheda:
3383 5438 3617 5506 Poelm.,
3657 5435 3768 5489 Vat.

2180 5509 2236 5572 2,
2267 5508 2402 5580 Reg.
2426 5511 2484 5576 5,
2508 5510 2886 5586 Meus,_Rom.,
2915 5509 3075 5579 Urb.,
3097 5509 3247 5586 Ald.,
3275 5509 3504 5586 Quinque
3537 5527 3559 5586 :_
3585 5506 3769 5586 melio:

2177 5597 2264 5636 res
2315 5597 2448 5652 mss.
2480 5589 2537 5636 et
2579 5580 2738 5646 editi,
2779 5582 3036 5652 Dumque,
3079 5583 3242 5637 etiam
3301 5580 3660 5652 Parrhasius.
3687 5580 3768 5632 cui

2176 5650 2511 5726 Arntzenius
2542 5652 2685 5708 male
2706 5650 2934 5726 affingit
2966 5653 3226 5726 Suinque..
3251 5653 3307 5708 In
3352 5655 3488 5726 Reg.
3521 5653 3547 5708 1
3582 5651 3769 5726 obscu-

2174 5739 2294 5795 rum
2323 5733 2429 5791 est,
2455 5723 2574 5788 iter,
2609 5738 2676 5779 an
2695 5725 2820 5778 item
2847 5723 2918 5780 Sit
2946 5742 2960 5780 :
2986 5725 3082 5780 sed
3109 5723 3209 5779 iter
3236 5723 3463 5795 praestat
3504 5723 3757 5780 retinere.

2171 5793 2232 5852 In
2261 5809 2422 5866 prosa
2453 5796 2711 5852 mendum
2741 5805 2860 5853 erat
2891 5795 3124 5867 Dumque
3151 5793 3250 5852 tria
3273 5796 3485 5853 dehinc.
