4038 6312
319 338 416 395 689

1506 663 1607 703 sua
1639 647 1832 710 transit

445 735 683 794 Sabbata
713 753 823 794 non
854 753 1075 807 curans,
1106 738 1382 795 hominem
1408 754 1604 796 curare
1634 749 1853 810 paratus

449 832 625 901 Quem
656 834 829 891 voluit
872 835 1044 907 magis
1072 849 1197 891 esse
1242 850 1402 892 suum
1449 854 1463 892 :
1507 851 1633 892 nam
1680 837 1903 893 sabbata

1583 925 1833 1000 [propter

1439 339 1724 399 CARMEN
1752 339 2137 399 PASCHALE.
2168 341 2302 400 LIB.
2329 342 2418 399 IV.

317 458 418 516 180
452 458 621 531 luque
642 459 784 516 uteri
813 460 1048 531 spatium
1083 468 1229 517 totus
1271 469 1607 518 convenerat
1625 460 1890 533 hydrops.
1920 464 1978 525 Α

451 552 612 626 $5
640 552 758 610 Non
792 554 911 610 tulit
948 553 1090 613 hanc
1131 556 1368 628 speciem
1410 555 1596 613 mundi
1637 556 1818 624 Pater,
1848 565 1905 611 et

3489 349 3593 407 690

2140 458 2295 516 Hunc
2338 463 2529 531 procul
2583 472 2641 520 ut
2690 464 2873 523 videre
2902 467 3114 525 ‘decem
3164 467 3443 526 maculosa
3498 481 3598 540 ge-

3292 588 3293 591 η
3348 568 3532 618 rentes

2148 644 2373 714 Leprosi
2405 657 2649 717 portenta
2678 650 2802 716 viri,
2834 667 2972 723 quos
2997 668 3234 725 corpore
3259 560 3408 711 fte[do

2147 737 2395 794 Discolor
2421 739 2674 797 obscenis
2694 745 2951 814 turpabat
2979 761 3138 817 paena
3170 746 3377 818 liguris,

2151 828 2483 903 Praeceptor,
2542 834 2839 904 miserere,
2891 848 3051 910 potes
3097 855 3333 912 namque
3380 839 3601 907 omnia,

3334 933 3486 1008 [Iesu
3511 977 3529 1003 ,

451 1015 686 1075 Condita
731 1028 860 1076 sunt
889 1019 1190 1089 hominem,
1221 1036 1330 1077 non
1359 1030 1445 1079 est
1473 1020 1638 1078 homo
1679 1022 1905 1078 sabbata
2009 1015 2115 1072 195
2152 1014 2466 1075 Clamantes
2492 1019 2679 1078 dixere
2707 1023 2872 1079 simul
2902 1042 2916 1079 :
2947 1033 3077 1082 tunc
3101 1028 3240 1084 ﬂexa
3270 1034 3539 1098 potestas,

315 1204 415 1263 185
448 1204 604 1262 Tunc
627 1206 749 1276 pius
778 1205 1091 1263 humentent
1124 1207 1327 1264 siccata
1359 1114 1829 1279 θοι-ι)οὲξνιῗιῗιὲἰι,⁸

446 1299 622 1355 Jussit
649 1300 801 1356 abire
830 1300 977 1356 luem
1018 1319 1032 1357 :
1061 1300 1261 1359 ﬂuidus
1292 1318 1416 1357 mox
1441 1301 1654 1359 viscera
1686 1302 1909 1359 morbus

444 1393 683 1462 Deserit,
713 1400 770 1449 et
794 1408 982 1450 vacuat
1011 1392 1255 1450 resident
1281 1396 1335 1450 in
1368 1404 1590 1466 pectore
1618 1394 1794 1462 ﬁbrae,

447 1485 850 1559 Carnalemquc
875 1487 1053 1543 lacum
1087 1488 1258 1557 pestis
1285 1488 1561 1561 lymphata
1589 1488 1831 1559 reliquit.

2151 1108 2282 1176 Quae
2307 1126 2603 1182 numquam
2632 1114 2832 1183 pietate
2856 1127 3036 1187 vacat,
3064 1119 3389 1175 clementior
3416 1119 3535 1175 iniit
3565 1135 3582 1177 :

2150 1204 2248 1275 lte,
2279 1207 2623 1264 sacerdotum
2651 1212 3044 1281 conspectibus
3070 1228 3166 1269 ora
3192 1213 3420 1270 referte.

2149 1297 2396 1371 Cumque
2443 1301 2587 1357 viam
2635 1314 2921 1374 peterent,
2980 1305 3165 1362 subito
3221 1308 3481 1362 mundata
3524 1308 3607 1362 vi-

3329 1396 3535 1470 [cissim

2150 1484 2415 1542 Mirantur
2443 1500 2539 1543 sua
2572 1486 2814 1545 membra
2843 1489 2975 1559 viri,
3007 1491 3332 1562 variumque
3365 1500 3580 1547 tuentes

516 1581 686 1655 296
723 1582 976 1654 Cmperat
1003 1581 1216 1639 interea
1243 1581 1529 1651 Dominus,
1564 1582 1784 1640 Galilma
1813 1597 1909 1652 per
2007 1576 2117 1639 200
2154 1578 2291 1635 Esse
2320 1579 2489 1646 nihil,
2523 1595 2646 1637 sese
2690 1583 2894 1652 pariter
2924 1585 3296 1654 speculantur,
3325 1592 3381 1639 et
3410 1598 3605 1640 omnes

311 1765 409 1824 190
445 1765 904 1839 Transgrediens,
958 1776 1149 1825 sancto
1192 1768 1460 1841 quoddam
1499 1769 1637 1842 pede
1681 1672 1835 1841 {Si}:

1547 1862 1829 1936 [casti-um.

1685 1777 1907 1841 tangere

1932 1856 1982 1916 B

2154 1677 2462 1749 Explorant
2493 1678 2742 1749 proprias
2772 1678 2985 1735 alterno
3014 1678 3217 1736 lumine
3247 1679 3473 1735 formas.

2156 1768 2241 1823 Ex
2271 1768 2468 1840 quibus
2498 1778 2559 1823 ut
2580 1778 2763 1839 grates
2790 1779 2979 1840 ageret
3007 1785 3105 1840 pro
3134 1785 3362 1827 munere
3392 1778 3568 1837 tanto,

2150 1863 2417 1936 297Vix
2450 1878 2594 1919 unus
2620 1865 2809 1920 reduci
2832 1879 3128 1921 conversus
3142 1865 3380 1934 tramite,
3409 1879 3616 1937 pronus

1638 1974 1816 2033 OPUS
1857 1973 2253 2033 PASCHALE.

304 2083 408 2142 que
439 2069 723 2126 dominata
764 2077 937 2126 totum
970 2069 1271 2142 bydropem
1309 2071 1362 2126 in
1401 2070 1582 2126 alvum
1624 2069 1899 2141 turgidam

303 2171 680 2235 congregarat.
707 2162 826 2218 Non
849 2162 971 2217 tulit
993 2163 1178 2218 mundi
1203 2163 1367 2220 Pater
1388 2162 1530 2218 hanc
1551 2163 1811 2232 speciem,
1840 2177 1901 2217 se

292 2269 595 2331 praesente,
624 2258 950 2328 consistere,
969 2271 1175 2328 suaque
1200 2258 1446 2324 sabbata,
1475 2272 1599 2327 quae
1625 2268 1753 2312 tunc
1772 2255 1902 2311 ade-

303 2362 445 2421 rant,
476 2366 585 2407 non
610 2353 850 2420 curavit,
881 2351 1161 2408 hominem
1192 2351 1457 2408 festinans
1481 2365 1705 2416 curare,
1738 2365 1897 2420 quem

303 2460 455 2501 suum
501 2446 677 2517 magis
714 2460 837 2500 esse
878 2445 1235 2500 desideraret.
1278 2443 1387 2500 Nec
1435 2444 1579 2499 enim
1623 2442 1900 2497 hominem

296 2547 524 2609 prepter
549 2538 835 2594 sabbatum
863 2536 1010 2594 Deus
1036 2538 1293 2602 instituit,
1330 2538 1473 2592 sicut
1503 2536 1556 2591 iu
1589 2536 1696 2591 alio
1725 2536 1905 2591 Evan-

300 2630 420 2702 gclii
465 2630 639 2687 sancti
680 2630 922 2701 capitqu
954 2629 1071 2686 suis
1099 2630 1368 2705 Dominus
1409 2629 1527 2701 ipse
1555 2628 1740 2684 verbis
1773 2628 1905 2683 edo-

301 2723 434 2789 cuit,
462 2721 565 2778 sed
587 2722 815 2778 sabbata
842 2730 1066 2792 propter
1091 2721 1367 2777 hominem
1391 2722 1720 2790 procreavit.
1748 2719 1905 2776 Tunc

299 2830 432 2888 opus
454 2815 653 2871 salutis
679 2814 1006 2885 impertiens
1029 2854 1043 2877 ,
1078 2814 1395 2869 lmmentem
1421 2813 1692 2868 viscerum
1723 2812 1900 2867 desic-

300 2907 407 2964 cari
436 2907 608 2978 jussit
648 2907 910 2962 illuviem.
951 2905 1085 2961 Cum
1120 2914 1352 2976 repente
1389 2906 1645 2960 morbosa
1692 2905 1905 2974 paludis

299 3016 581 3073 corporea:
612 2998 757 3055 unda
784 2998 1063 3064 discessit,
1097 2998 1359 3069 lacusque
1384 3000 1569 3054 vitreae
1589 2998 1700 3069 jam
1723 2998 1908 3054 carnis

301 3090 967 3163 exhaustusJympbatte
1026 3090 1195 3161 pestis
1240 3091 1427 3147 subito
1474 3102 1736 3147 vacuatus
1781 3091 1906 3147 abs-

298 3188 493 3245 cessit.

364 3282 614 3355 Cumque
646 3281 913 3337 Dominus
948 3278 1383 3353 Hierosolymam
1416 3290 1610 3351 petens
1633 3323 1649 3348 ,
1689 3296 1787 3353 per
1808 3282 1907 3339 Sa—

2010 2071 2258 2135 mariam,
2282 2080 2337 2127 et
2359 2071 2640 2128 Galilaeam
2659 2115 2674 2139 ,
2700 2074 3085 2147 Hiericumque
3107 2075 3402 2144 transiret,
3432 2075 3609 2147 quod-

2007 2164 2129 2219 dam
2162 2175 2400 2221 castrum
2423 2167 2724 2224 clementer
2761 2170 3044 2240 ingressus
3073 2178 3190 2238 est,
3221 2184 3385 2240 quem
3416 2171 3610 2241 procul

2006 2267 2066 2313 ut
2099 2256 2288 2314 decem
2317 2258 2505 2314 miseri
2535 2259 2727 2315 videre
2758 2259 2961 2330 leprosi
2988 2306 3003 2331 ,
3039 2261 3323 2316 maculosa
3366 2260 3614 2329 cOrporis

2008 2349 2347 2405 obscenitate
2372 2349 2685 2417 fmdissimi,
2716 2366 2852 2422 quos
2881 2351 3126 2408 discolor
3155 2367 3344 2422 sparsa
3372 2352 3615 2408 vultibus

2008 2454 2170 2512 pinna
2196 2443 2342 2513 turpi
2369 2441 2577 2499 fecerat
2602 2442 2952 2499 deformitate
2980 2456 3237 2513 portenta
3256 2487 3271 2512 ,
3312 2445 3473 2501 simul
3504 2460 3615 2501 una
3704 2501 3708 2504 .

2008 2550 2145 2591 voce
2183 2534 2494 2590 clamavere
2531 2534 2832 2592 ﬂebiliter:
2878 2533 3008 2590 Jesu
3048 2538 3324 2608 magister,
3372 2537 3616 2592 miserere

2005 2629 2188 2683 nostri.
2215 2628 2369 2683 Tunc
2405 2627 2697 2699 singularis
2723 2627 2815 2683 illa
2839 2629 3111 2698 potentia,
3160 2643 3281 2699 quae
3314 2644 3610 2699 numquam

2006 2721 2210 2788 pietate
2241 2719 2300 2775 lit
2324 2728 2351 2758 η
2373 2735 2542 2776 vacua
2567 2761 2581 2786 ,
2621 2719 2941 2790 respondit,
2988 2734 3054 2778 ac
3079 2716 3406 2775 miseranter
3434 2719 3570 2775 dixit
3595 2737 3610 2775 :

2006 2814 2107 2882 Ite,
2133 2816 2390 2871 ostendite
2429 2832 2516 2871 vos
2546 2816 2927 2873 sacerdotibus.
2967 2816 3302 2887 Snbitoque,
3326 2815 3456 2872 dum
3488 2831 3615 2887 pro-

2007 2919 2231 2980 perant,
2265 2911 2402 2982 fugit
2426 2912 2606 2966 omnis
2634 2927 2703 2967 ex
2726 2926 2917 2967 eorum
2946 2912 3207 2968 membris
3235 2911 3523 2984 iniquitas,
3560 2920 3616 2967 et

2009 3005 2212 3060 mutuis
2246 3019 2308 3061 se
2337 3004 2548 3061 visibus
2584 3005 2886 3075 intuentes,
2916 3007 3130 3062 alterna
3153 3005 3360 3074 pariter
3387 3003 3619 3060 munda-

2012 3100 2162 3155 tione
2193 3100 2535 3172 gaudebant,
2574 3100 2718 3171 quod
2752 3101 2806 3156 iu
2852 3101 3007 3157 nullo
3035 3099 3351 3172 quidquam,
3374 3114 3444 3154 ex
3484 3097 3615 3153 hor-

2011 3194 2178 3250 renda
2217 3194 2487 3250 varietate
2527 3202 2889 3249 remanserat.
2943 3193 3020 3248 Ex
3068 3193 3267 3263 quibus
3309 3206 3449 3247 unus
3478 3199 3619 3247 tam-

2011 3302 2173 3357 quam
2196 3286 2439 3343 decimas
2475 3303 2586 3358 praa
2617 3288 2872 3344 omnibus
2906 3287 3154 3360 percepti
3192 3287 3435 3343 muneris
3460 3284 3615 3342 obla-

1806 3376 2124 3434 SCHOLIA.
2486 3424 2487 3427 η

1806 3376 1937 3432 SCH
2036 3380 2049 3433 I
2111 3419 2124 3434 .
2486 3424 2487 3427 η

374 3470 500 3528 181.
546 3470 675 3544 Non
705 3470 824 3525 tulit
857 3470 1259 3544 hancspeciem,
1284 3468 1695 3525 hemistichium
1731 3469 1905 3541 Virgi-
1932 3376 2115 3543 31m:
2144 3474 2373 3530 verbum
2406 3475 2583 3530 soleat
2610 3462 2817 3544 accipi,
2847 3472 3104 3531 Sedulius
3147 3487 3178 3526 a
3219 3472 3456 3544 lympha,
3503 3470 3620 3527 sive

300 3543 503 3599 lianum
537 3558 575 3598 ιι
610 3540 737 3597 [Ειι.
773 3557 917 3597 vers.
949 3539 1078 3597 407.

373 3615 499 3670 182.
559 3622 771 3680 Arntz.,
819 3629 1038 3680 sanare;
1092 3613 1206 3676 alii,
1254 3626 1467 3673 curare,
1517 3610 1661 3679 quod
1708 3627 1906 3667 venus-

303 3687 406 3741 tius
431 3695 536 3748 est,
563 3701 683 3741 cum
715 3687 859 3739 idem
883 3684 1108 3739 verbum
1134 3683 1401 3753 prmcedat
1427 3698 1531 3735 non
1557 3698 1769 3753 curans,
1793 3694 1900 3738 etc.

373 3756 501 3814 184.
537 3757 671 3826 Reg.
703 3757 760 3822 5,
789 3756 940 3817 Ald.,
968 3752 1156 3819 Fabr.,
1192 3766 1244 3808 et
1272 3753 1517 3826 nonnulli
1549 3752 1638 3826 alii
1673 3754 1901 3823 vulgati,

286 3824 389 3884 sed
417 3845 521 3883 non
552 3824 706 3881 homo
732 3842 831 3897 pro
856 3844 959 3881 non
987 3835 1057 3880 est
1085 3826 1391 3897 homoLOtt.
1417 3824 1475 3897 2,
1500 3825 1779 3897 hominem,
1805 3840 1907 3897 nou

305 3905 458 3954 homo
499 3898 715 3955 sabbata
736 3893 936 3954 contra
971 3906 1226 3954 metrum.
1259 3894 1481 3958 lu,Urb.
1520 3905 1573 3947 et
1599 3893 1724 3948 Vat.
1753 3896 1788 3950 2
1814 3896 1910 3950 de-

308 3974 582 4027 sideratur
613 3971 701 4025 hic
729 3984 943 4026 versus.

376 4045 504 4098 185.
539 4041 647 4097 Pro
693 4043 810 4111 pius
838 4041 1166 4098 Arntzenius
1210 4039 1519 4107 suspicatur
1548 4036 1693 4107 prius
1724 4035 1909 4111 obse-

306 4130 478 4183 quens
507 4130 631 4167 mea:
677 4108 702 4166 τ’
743 4114 837 4168 sed
883 4114 1073 4167 retinet
1112 4112 1227 4178 pius
1258 4126 1325 4164 ex
1358 4124 1538 4183 prosa,
1570 4117 1625 4183 c_t
1650 4108 1772 4177 quia
1807 4108 1910 4183 hoc

309 4178 591 4254 epitheton
622 4184 843 4241 Sedulio
873 4186 924 4237 in
958 4184 1166 4239 deliciis
1193 4192 1328 4236 erat.
1354 4179 1679 4236 Parrhasius
1711 4193 1779 4233 ex
1808 4178 1911 4233 ali-

311 4272 419 4327 qun
450 4256 642 4311 codice
670 4255 1054 4327 jatndediderat
1079 4254 1242 4326 prius.

379 4327 506 4383 186.
532 4321 760 4382 Schedte
783 4325 992 4381 Poelm.
1022 4321 1266 4387 mouent,
1294 4321 1580 4393 legendum
1603 4321 1772 4393 abire,
1802 4338 1912 4376 non

307 4397 515 4463 habere,
530 4397 656 4467 quia
675 4399 881 4452 Scilicet
901 4401 952 4451 in
971 4396 1092 4465 ejus
1105 4395 1339 4450 editione
1356 4392 1532 4449 exstat
1554 4392 1738 4467 habere
1754 4392 1909 4447 luem.

309 4467 367 4523 ln
387 4471 504 4524 Vat.
525 4464 673 4523 1’fuit
689 4467 895 4531 habere,
916 4464 1015 4523 sed
1035 4476 1338 4521 Currectum
1366 4476 1450 4519 est
1472 4480 1564 4531 per
1582 4464 1757 4517 habire
1772 4506 1787 4527 ,
1806 4480 1915 4533 quo

313 4541 555 4595 inuuitnr
589 4538 749 4593 abire.
783 4537 1043 4594 Cellarius
1074 4553 1196 4592 cum
1226 4539 1393 4603 Alm.,
1416 4534 1590 4603 Lips.,
1610 4545 1665 4589 et
1692 4536 1917 4601 quibus-

305 4612 428 4667 dam
470 4613 707 4681 vnlgatis
733 4610 905 4665 edidit
936 4609 1179 4681 ﬂuvidus.
1210 4607 1470 4681 ItaAetiam
1506 4605 1752 4659 scribunt
1780 4606 1912 4677 Reg.

311 4684 433 4748 1,2.
458 4677 1244 4751 Vat32,Alb.,sediuReg.1,
1275 4677 1332 4744 2,
1364 4687 1675 4751 correctum
1707 4688 1792 4733 est
1822 4693 1917 4751 per

314 4755 530 4820 ﬂuidus,
550 4753 693 4824 quod
718 4749 1013 4822 prmferunt
1035 4752 1277 4824 plerique
1295 4749 1619 4824 nostrimss.
1640 4764 1763 4802 cum
1790 4749 1912 4824 cod.

311 4824 468 4880 Cant.
482 4820 844 4890 ,Pn'rrh.,}’1ltl.
861 4866 874 4888 ,
888 4834 943 4879 et
958 4820 1077 4878 aliis
1095 4822 1275 4877 editis.
1294 4820 1581 4893 Szrpeluec
1596 4820 1918 4887 permutatio

314 4898 367 4950 in
401 4914 563 4961 mss.,
605 4907 660 4950 et
698 4897 859 4951 editis
887 4897 1050 4950 etiam
1097 4895 1324 4946 aliorum
1357 4890 1682 4958 scriptorum
1715 4905 1907 4947 occur-
1934 4899 1990 4960 1)

318 4970 388 5021 rit
421 4987 435 5023 :
467 4970 564 5023 sed
598 4969 769 5021 satius
797 4976 881 5021 est
925 4965 1177 5031 amplecti
1213 4961 1428 5035 ﬂuidus,
1459 4976 1582 5014 nam
1626 4961 1852 5035 ﬂuvidus
1879 4977 1911 5016 a

317 5039 551 5094 lucretio
605 5038 915 5099 adhibetur.
962 5033 1300 5091 fortasse'ut
1349 5034 1575 5103 primam
1626 5033 1909 5101 producat.

318 5110 448 5164 Cum
484 5112 650 5181 igitur
677 5108 995 5176 corripitur,
1025 5107 1267 5181 scribere
1295 5114 1518 5181 praestat
1547 5103 1765 5181 ﬂuidus.

392 5174 528 5237 188:
555 5183 732 5241 Meus,
762 5174 969 5245 laetam;
999 5180 1115 5243 alii,
1148 5174 1339 5242 lacum,
1372 5176 1514 5241 quod
1551 5174 1775 5241 probum
1809 5182 1910 5230 est.

321 5251 485 5323 Meus,
523 5250 843 5323 Iympltatica
871 5250 1104 5323 linquit:
1134 5248 1316 5323 caeteri
1339 5288 1353 5314 ,
1391 5245 1660 5323 lymphata
1686 5246 1913 5323 reliquit.

319 5321 476 5391 Urb.,
506 5315 811 5381 Fabricius.
840 5332 896 5377 et
925 5315 1170 5391 quaedam
1201 5318 1323 5373 alite
1350 5315 1620 5391 editiones
1644 5315 1914 5385 relinquit,

321 5403 378 5448 ut
406 5389 649 5461 v.vsup.,
697 5394 920 5447 resident
955 5408 973 5446 :
1004 5392 1097 5444 sed
1147 5389 1265 5444 haec
1314 5389 1541 5461 mutatio
1589 5398 1917 5461 temporum,

322 5478 474 5537 saepe
493 5458 774 5537 eleganter
794 5462 1107 5537 adhibetur.
1131 5461 1199 5537 _|u
1251 5461 1383 5537 Reg.
1414 5460 1442 5514 1
1474 5476 1538 5514 ex
1565 5459 1812 5537 relinquit
1843 5458 1921 5537 la-

322 5528 851 5603 ctmufestvreliquit.
885 5532 1212 5589 Arntzenius
1243 5528 1570 5603 scripturam
1605 5528 1923 5603 Igmphatica

323 5607 466 5679 liquit
505 5622 671 5678 quam
714 5601 931 5679 schedze
963 5604 1169 5679 P_uelm.
1204 5602 1614 5679 iudicanttnun
1645 5601 1924 5679 inconcin-

324 5669 444 5735 nam
476 5669 609 5734 dicit
635 5693 776 5733 esse.
812 5674 1136 5747 Lymphatus
1167 5684 1220 5728 et
1252 5672 1596 5747 lymphaticus
1627 5671 1814 5747 eadem
1848 5669 1923 5725 si-

326 5752 683 5821 gnificatione
702 5742 981 5820 gaudent:
1014 5757 1068 5801 et
1096 5742 1342 5816 quamvis
1363 5759 1465 5815 pro
1492 5742 1693 5802 l'ureuti
1716 5750 1926 5798 utrum-

398 5877 423 5905 α
456 5866 745 5932 Fortasse,
788 5864 886 5936 [uit
923 5878 1105 5917 uacua.

2006 3560 2147 3607 aqua
2179 3547 2341 3600 sumit
2370 3561 2470 3615 pro
2500 3560 2728 3616 aquoso.
2762 3545 2886 3603 Ser.
2911 3544 3237 3601 Sam’onicus
3270 3558 3321 3598 c.
3351 3544 3442 3608 27,
3466 3556 3617 3598 vers.

2008 3615 2108 3672 507
2159 3633 2174 3671 :
2218 3616 2499 3671 Helleboro
2529 3615 2738 3688 quoque
2775 3627 3028 3688 purgatur
3058 3616 3403 3688 lymphaticus
3434 3628 3618 3680 error;

2009 3689 2088 3740 sic
2115 3688 2333 3743 codices
2372 3687 2808 3752 emendatiores’;
2844 3687 2937 3741 alii
2970 3690 3152 3757 legunt
3178 3687 3491 3757 humorpro
3528 3701 3621 3757 er-

2011 3772 2126 3811 ror.
2163 3759 2329 3812 Prosa
2381 3758 2589 3813 Sedulii
2640 3759 2787 3813 favet
2831 3755 3068 3825 receptis:
3118 3757 3368 3812 lectioni.
3400 3755 3623 3825 Triplex

2010 3827 2367 3900 distinguitur
2397 3829 2659 3900 ltydrnpis
2686 3830 2899 3897 species
2921 3845 2935 3881 :
2954 3829 3194 3887 Ascites,
3222 3842 3346 3880 cum
3373 3842 3511 3900 aqua
3539 3834 3625 3881 est

2012 3900 2065 3951 in
2097 3897 2454 3961 caritatibus,
2489 3900 2577 3953 vel
2621 3900 2763 3953 inter
2797 3900 3154 3966 peritnnmum
3201 3907 3256 3950 et
3298 3897 3615 3959 musculos;

2010 3968 2398 4041 Tympanites,
2428 3985 2553 4024 cum
2604 3969 2951 4023 membranas
2999 3968 3264 4041 distendit
3296 3982 3403 4019 non
3446 3982 3616 4041 aqua,

2012 4038 2109 4096 sed
2133 4056 2255 4103 aer;
2301 4050 2357 4095 et
2388 4043 2690 4108 Anasarca,
2732 4054 2854 4093 cum
2901 4054 3040 4108 aqua
3084 4039 3227 4091 inter
3252 4038 3620 4108 musculorum

2013 4112 2332 4175 interstitia,
2356 4119 2558 4173 cutem,
2589 4120 2642 4165 et
2662 4107 3066 4179 glandulas’per
3088 4107 3351 4161 ambitum
3374 4107 3622 4179 corporis

2014 4181 2357 4237 dilfunditur.
2400 4178 2961 4249 Sedulius’primam,
3013 4189 3070 4234 et
3118 4179 3330 4233 tertiam
3374 4178 3616 4247 speciem

2014 4253 2333 4309 describere
2365 4255 2606 4307 videtur.

2090 4323 2216 4381 189.
2239 4324 2418 4382 Rom..
2452 4322 2531 4377 De
2558 4322 2732 4377 decem
2755 4321 2994 4392 leprosis.
3021 4321 3194 4385 Meus,
3224 4319 3403 4392 decent
3426 4319 3623 4392 leprosi

2017 4397 2356 4449 mundantur.
2378 4394 2521 4449 Mon.
2549 4390 2827 4460 corrupte,
2852 4391 3057 4448 Gallica
3082 4407 3173 4463 per
3202 4390 3621 4447 arva.Nonnulli

2019 4469 2268 4522 scribunt
2294 4464 2521 4528 Galilea,
2557 4463 2649 4519 alii
2674 4463 2916 4519 Galilwa.

2093 4537 2215 4593 190.
2246 4537 2359 4592 Ott.
2391 4538 2450 4605 2,
2481 4544 2747 4598 sanctum;
2779 4536 2916 4605 lege,
2948 4544 3149 4605 sancto.

2092 4609 2215 4664 193.
2252 4603 2470 4672 Arn”...
2502 4611 2667 4678 Ang.,
2702 4603 3116 4677 Reg.'5’,'Urb.,
3146 4606 3332 4678 Rom.,
3358 4619 3481 4678 cum
3506 4603 3624 4659 edi-

2020 4679 2262 4735 tionibus
2296 4680 2515 4750 Parrh.,
2550 4675 2699 4743 Ald.,
2747 4675 2927 4750 Lips.,
2960 4678 3198 4733 turbabat
3242 4677 3428 4750 minus
3459 4675 3619 4730 bene.

2020 4751 2217 4825 Ott._t,
2252 4752 2520 4825 torpebat,
2551 4750 2771 4825 diversa
2812 4749 3116 4825 scriptura,
3145 4751 3231 4803 vel
3278 4749 3458 4815 potius
3496 4761 3620 4802 cor-

2022 4823 2193 4877 rectio
2245 4821 2538 4894 turpabat:
2571 4823 2641 4894 ita
2699 4823 2980 4894 plerique;
3041 4821 3213 4894 Meus,
3268 4825 3527 4894 turparat.

2089 4895 2213 4950 196.
2242 4889 2473 4951 Schedaa
2506 4889 2739 4961 Poclm.,
2773 4889 2907 4963 Reg.
2937 4893 2970 4946 5
2997 4891 3065 4946 ad
3091 4906 3291 4960 tuarg.,
3324 4889 3490 4958 inquit
3525 4901 3626 4957 pro

2020 4965 2158 5018 inﬁt.

2078 4965 2221 5092 €37.
2254 5035 2438 5091 Editio
2472 5034 2708 5099 Poelm.,
2746 5042 2807 5089 et
2855 5030 3105 5088 nonnulli
3147 5029 3237 5084 alii
3275 5027 3512 5098 vulgati,
3545 5044 3629 5082 re-

2024 5108 2180 5178 ferre,
2213 5109 2358 5177 quod
2388 5106 2599 5161 etiamsi
2632 5105 2851 5161 delendi
2881 5104 3059 5178 possit
3080 5143 3096 5167 ,
3128 5111 3309 5178 tamen
3338 5116 3446 5178 nun
3478 5110 3563 5178 est
3590 5114 3622 5153 ει

2024 5170 2186 5233 manu
2227 5170 2452 5244 Sedulii,
2500 5185 2559 5233 ut
2617 5192 2684 5232 ex
2739 5170 2901 5246 prosa
2948 5175 3139 5244 liquet.
3182 5170 3412 5227 Scheda:
3459 5170 3624 5225 etiam

2025 5249 2235 5305 Puelm.
2265 5252 2528 5304 damnant
2553 5249 2765 5319 referre.

2099 5320 2224 5376 198.
2276 5324 2489 5387 Arntz.,
2522 5310 2741 5384 cur'ata;
2785 5318 2897 5384 alii,
2924 5329 3054 5387 cum
3087 5310 3620 5387 prosa,_mundat_aA,

2028 5393 2169 5461 quod
2191 5391 2410 5446 verbum
2434 5380 2490 5445 in
2512 5408 2572 5446 re
2593 5380 2782 5447 eadem
2809 5380 3111 5441 adhibitum
3135 5384 3262 5438 libr.
3281 5384 3338 5449 3,
3363 5395 3509 5436 vers.
3527 5380 3622 5438 29.

2098 5460 2226 5516 202.
2256 5461 2390 5532 Reg.
2421 5464 2475 5523 5.
2512 5462 2660 5525 Ald.,
2690 5466 2919 5532 agerent.

2100 5532 2229 5587 205.
2256 5523 2627 5602 Wﬁpkensius
2648 5523 3056 5602 ’ex'conjectura
3076 5523 3295 5602 praal'ert
3317 5537 3625 5602 magnum“,

2030 5604 2155 5673 quia
2204 5592 2449 5673 leprosus
2480 5603 2574 5658 ille
2612 5616 2718 5655 non
2762 5592 2873 5661 vix,
2906 5608 2999 5650 aut
3029 5592 3179 5665 aegre
3218 5594 3336 5673 _boc
3380 5592 3629 5673 ofﬁcium

2029 5666 2346 5744 praestabat.
2405 5673 2722 5744 Lectionem
2776 5677 3053 5735 receptam
3086 5666 3458 5744 explicatius:
3489 5666 3630 5744 quia

2031 5734 2338 5802 cancrorum
2364 5743 2598 5815 etcemplo
2640 5742 2759 5796 hinc
2784 5734 3058 5794 evocatum
3078 5737 3146 5792 iri
3193 5734 3523 5802 credidisses,
3548 5736 3632 5792 uel
