4038 6312
478 294 583 354 695

614 414 736 471 .Iam
763 427 872 470 non
903 413 1165 483 peccandi
1194 413 1296 470 sub
1322 414 1639 474 conditione
1668 416 1922 473 solutam.

618 506 754 563 Nam
783 505 1049 563 vomitum
1077 508 1409 581 quicumque
1454 523 1614 567 suum
1640 510 1794 566 canis
1842 524 1943 567 ore
1987 523 2077 566 re-

1766 605 2000 679 namhit,

617 692 733 751 Nec
755 701 997 751 veterem
1029 695 1212 754 studet
1243 696 1331 754 hic
1357 698 1604 766 veniam,
1631 712 1734 755 nec
1761 699 1969 755 habere
1993 699 2079 757 fu-

1779 790 2003 864 [turam,

469 874 578 935 250
618 878 790 951 Hujus
810 879 1009 936 damna
1033 891 1249 951 tenens,
1279 883 1439 955 hujus
1463 885 1791 955 compendia
1817 885 2072 956 perdens.

680 972 812 1027 Inde
836 988 1047 1039 means,
1068 974 1311 1042 genitum
1334 975 1816 1032 cernitcousidere
1844 992 2069 1047 ciccum,

617 1068 718 1135 Qui
749 1068 891 1124 male
923 1068 1255 1139 praegnantis
1275 1070 1535 1141 delapsus
1568 1082 1763 1128 ventre
1807 1072 2067 1143 parentis,

617 1159 862 1232 3021:.
894 1161 1071 1216 lucem
1101 1162 1222 1219 sine
1250 1163 1373 1219 luce
1417 1162 1546 1219 ruit.
1597 1163 1750 1220 Tunc
1790 1163 2069 1234 sanguinis

1881 1253 1899 1327 [
1908 1255 1997 1312 ille

615 1343 882 1402 Conditor
908 1346 1151 1417 humani,
1183 1349 1479 1420 mundique
1503 1350 1732 1405 orientis
1758 1351 1934 1421 origo,

470 1442 580 1500 255
620 1442 942 1515 lmperfecta
972 1446 1067 1503 diu
1099 1449 1305 1520 proprii
1330 1463 1439 1505 non
1473 1463 1669 1520 passus
1689 1449 1883 1507 haberi
1968 1452 1973 1459 '

1838 296 2062 357 C(ELII
2094 295 2368 359 SEDDLII

2097 422 2146 480 A

3672 305 3773 364 696

2312 416 2557 474 Membra
2584 419 2786 491 operis,
2831 418 3012 476 natale
3055 418 3232 477 lutum
3269 435 3370 493 per
3415 423 3654 480 claustra
3682 439 3771 496 ge-

3481 513 3699 589 [uarum

2315 600 2562 659 [lliniens
2592 643 2608 668 ,
2655 602 2932 660 hominem
2974 606 3143 661 veteri
3173 605 3247 663 de
3289 607 3504 665 semine
3526 608 3762 681 supplet.

2320 691 2431 751 Nec
2467 694 2646 751 visum
2686 705 2867 751 tamen
2914 704 3042 753 ante
3088 698 3257 768 capit,
3303 714 3467 771 quam
3510 714 3649 756 voce
3682 702 3767 771 ju-

3496 790 3701 865 [bentis

2318 883 2553 954 Accepta
2580 883 2819 951 Domini,
2849 882 3054 939 Siloam
3081 882 3329 940 venisset
3349 883 3418 940 ad
3442 884 3668 953 undam,

2173 976 2282 1033 260
2317 977 2388 1032 Et
2413 975 2806 1048 consanguinei
2829 975 2975 1031 folus
3002 976 3366 1033 medicamine
3395 977 3533 1044 limi,

2314 1069 2455 1125 Pura
2480 1070 2671 1125 oculos
2703 1068 2925 1125 iuvisset
2956 1083 3096 1139 aqua
3123 1085 3137 1135 ;
3166 1085 3294 1124 mox
3340 1085 3475 1140 ergo
3522 1069 3768 1141 gemellae

2315 1163 2477 1236 303
2517 1161 2766 1218 Vultibus
2790 1161 3052 1234 eﬂ'ulgent
3092 1161 3263 1229 acies,
3295 1162 3631 1235 tandemque
3657 1178 3773 1221 me-

3474 1257 3496 1331 [
3515 1267 3706 1314 rentur

2311 1354 2556 1425 Ignotum
2582 1361 2833 1422 spectare
2856 1351 3021 1408 diem.
3050 1352 3394 1424 Cognoscite,
3415 1354 3626 1419 cuncti,

2312 1445 2539 1518 Mystica
2569 1444 2697 1516 quid
2722 1444 2957 1501 doceant
2998 1442 3209 1500 animos
3237 1443 3503 1501 miracula
3530 1452 3768 1500 nostros.

1818 1587 1906 1644 ΟΡ
1914 1587 1996 1646 US
2035 1583 2423 1645 PASCHALE.

470 1727 696 1786 ditionis
750 1728 1066 1785 incendium
1122 1729 1479 1785 conscientia:
1541 1728 1647 1784 fuit
1722 1727 2071 1785 immunditie
2099 1733 2150 1793 Β
2178 1735 2286 1792 tor,
2324 1733 2490 1797 atque
2529 1721 2822 1795 perfector,
2857 1721 2970 1778 oris
3006 1720 3091 1776 sui
3121 1720 3387 1776 fabricam
3424 1733 3535 1776 non
3577 1735 3774 1791 passus

470 1822 820 1886 restinctum,
863 1822 1153 1893 omnisque
1201 1823 1369 1877 tacite
1400 1831 1426 1859 ⁸
1456 1821 1770 1877 confitendo
1810 1836 1939 1876 reus
1986 1821 2071 1875 in-

468 1922 669 1969 ventus
700 1902 785 1969 est
812 1922 1120 1970 accusator.
1147 1913 1302 1969 Tunc
1329 1914 1579 1970 clemens
1618 1914 1861 1980 Domini,
1896 1914 2069 1970 mitis-

469 2020 577 2078 que
605 2009 878 2063 sententia
911 2007 1188 2063 manifesti
1216 2008 1466 2063 criminis
1492 2008 1763 2066 moecham
1785 2022 1901 2064 non
1920 2008 2068 2079 judi-

473 2112 609 2154 cans
632 2098 887 2165 absolvit,
918 2099 1014 2156 sed
1037 2100 1312 2156 miserans
1334 2116 1438 2157 non
1470 2102 1702 2171 punivit,
1722 2116 2069 2157 reversuram

473 2189 683 2259 scilicet
708 2192 776 2247 ad
807 2207 1048 2262 ptenam,
1070 2194 1117 2249 si
1159 2202 1530 2251 reverteretur
1555 2195 1622 2250 ad
1660 2196 1898 2265 culpam.
1932 2194 2066 2249 Nam

473 2284 723 2356 quisquis
750 2287 949 2342 canino
977 2288 1083 2341 ritu
1112 2284 1141 2325 δ
1172 2286 1406 2354 illuvies,
1438 2302 1575 2356 quas
1600 2287 1873 2355 evomuit,
1904 2302 2070 2358 appe-

470 2374 559 2443 tit,
587 2385 644 2432 et
674 2376 950 2445 relamhit,
986 2392 1088 2433 nec
1109 2387 1354 2434 veterem
1379 2378 1566 2434 studet
1592 2379 1794 2435 habere
1824 2381 2066 2446 veniam,

469 2482 573 2523 nec
616 2466 877 2536 futuram,
906 2468 1074 2540 hujus
1101 2470 1252 2527 lucra
1282 2470 1611 2543 deperdens,
1640 2485 1802 2542 quam
1831 2471 2070 2528 inaniter

469 2560 784 2630 acquisivit,
812 2561 956 2617 illius
977 2562 1175 2618 damna
1205 2565 1478 2631 sentiens,
1499 2564 1569 2620 ad
1588 2580 1750 2637 quam
1778 2564 2066 2636 pervenire

469 2667 578 2709 non
606 2654 832 2709 meruit.

539 2745 655 2800 Hac
695 2748 861 2801 etiam
900 2747 1166 2804 Dominus
1197 2764 1227 2804 e
1261 2750 1483 2822 regione
1520 2749 1835 2816 discedens,
1866 2766 2068 2808 caecum

466 2838 735 2908 conspicit
780 2840 1102 2909 naturalem,
1142 2843 1233 2913 qui
1286 2845 1502 2900 miserae
1552 2844 1743 2900 matris
1794 2860 1865 2900 ex
1910 2854 2070 2902 utero

460 2930 653 3000 lapsus
694 2932 812 3001 ipse
853 2934 1125 3001 miserior,
1157 2935 1213 2991 in
1244 2936 1426 2993 lucem
1474 2939 1593 2995 sine
1634 2940 1757 2996 luce
1789 2939 2062 3009 pervenit.

463 3018 618 3080 Tunc
650 3024 876 3080 humani
912 3034 1065 3083 sator
1112 3027 1207 3085 ille
1236 3030 1515 3102 principii,
1542 3032 1841 3103 mundique
1872 3030 2065 3087 condi-

2176 1831 2400 1873 manere
2433 1815 2613 1871 minus
2644 1813 2943 1885 impletam,
2976 1811 3248 1882 speculari
3277 1812 3581 1868 deliciente
3611 1821 3776 1868 mate-

2144 1928 2147 1937 ’
2174 1912 2278 1977 ria,
2308 1911 2480 1966 lutum
2516 1918 2564 1971 ο,
2596 1906 2848 1961 naturale
2887 1905 3099 1962 scilicet
3140 1904 3588 1970 instrumentum,
3614 1920 3776 1976 gena-

2174 2018 2295 2057 rum
2323 1999 2582 2056 claustris
2611 1996 2873 2062 illiuieus,
2902 1994 3050 2067 quod
3099 1994 3153 2049 iu
3201 1994 3422 2051 homine
3448 1999 3633 2050 minus
3657 2010 3773 2051 esse

2174 2099 2562 2164 conspexerat,
2593 2090 2663 2146 de
2701 2089 2876 2146 veteri
2914 2089 3096 2145 bonus
3124 2086 3308 2159 opifex
3335 2097 3609 2145 czemenlo
3640 2103 3769 2158 sup-

2178 2188 2375 2260 plevit.
2399 2186 2511 2243 Nec
2532 2186 2686 2253 prius
2708 2193 2888 2241 tamen
2914 2183 3007 2239 ille
3025 2184 3258 2252 sumpsit
3274 2194 3586 2253 aspectum,
3610 2198 3763 2254 quam

2176 2280 2391 2338 Domini
2442 2279 2735 2351 praeceptis
2774 2276 3119 2341 admonitus,
3152 2275 3315 2332 Silete
3354 2276 3640 2331 salubrem
3679 2291 3769 2332 ve-

2175 2373 2350 2430 nisset
2394 2372 2460 2427 ad
2502 2371 2740 2434 laticem,
2773 2380 2827 2426 et
2859 2379 3010 2425 tutus
3039 2366 3066 2406 ἀ
3097 2370 3492 2442 consanguinei
3539 2368 3769 2426 medica-

2175 2475 2360 2524 mento
2385 2467 2499 2537 jam
2545 2463 2683 2530 limi,
2718 2463 2863 2518 unda
2910 2463 3100 2518 oculos
3152 2462 3378 2518 lavisset
3417 2461 3620 2518 infusa.
3651 2463 3767 2518 Mox

2173 2564 2356 2633 itaque
2375 2559 2521 2615 sanis
2540 2574 2607 2614 ex
2635 2558 2873 2613 vultibus
2904 2557 3050 2612 acies
3077 2556 3324 2628 gemellis
3359 2555 3635 2612 fulserunt
3656 2565 3768 2611 tan-

2173 2655 2323 2717 dem,
2357 2652 2537 2725 dignae
2562 2651 2909 2721 conspicere,
2939 2664 3101 2721 quem
3128 2664 3355 2720 prorsus
3395 2650 3640 2721 ignotum
3673 2649 3766 2705 ha-

2173 2750 2344 2806 buere
2370 2746 2631 2820 primitus
2652 2745 2821 2802 diem.
2849 2745 3055 2801 Omnes
3081 2744 3247 2815 igitur
3271 2745 3386 2799 haec
3409 2743 3765 2815 spiritualiter

2171 2843 2414 2914 legentes
2460 2847 2679 2908 oportet
2727 2837 3051 2900 advertere,
3082 2837 3213 2908 quid
3260 2837 3492 2909 mystica
3543 2838 3766 2894 doceant

2172 2935 2334 3004 hujus
2368 2934 2492 2989 facti
2534 2931 2820 2987 miracula.
2861 2929 3019 2987 Caeca
3057 2944 3247 2985 sumus
3284 2932 3432 2986 enim
3464 2932 3651 3003 proles
3694 2931 3765 2986 fe-

2169 3030 2315 3085 tibus
2337 3028 2463 3087 Eva:
2503 3025 2673 3082 creati
2700 3025 3048 3095 miserrimae,
3081 3041 3179 3096 per
3204 3025 3462 3082 tenebras
3502 3026 3759 3098 genuina:

1937 3188 2269 3262 ,SCHOLIA.

532 3329 660 3385 247.
703 3329 854 3402 Meus
879 3329 1132 3402 salutem,
1166 3329 1311 3398 quod
1351 3329 1531 3402 aliquo
1580 3338 1742 3400 pacto
1793 3330 2055 3399 explicari
2086 3339 2131 3400 ο
2232 3329 2363 3402 255.
2403 3327 2563 3400 Reg.,
2602 3328 2655 3396 l,
2686 3327 2911 3396 habere,
2963 3342 3129 3399 supra
3174 3325 3370 3382 melius
3416 3323 3601 3379 haberi
3646 3338 3760 3380 cum

460 3409 643 3471 potest
674 3417 689 3453 :
722 3401 819 3455 sed
850 3401 1182 3467 communis,
1213 3410 1270 3455 et
1296 3415 1423 3455 vera
1450 3401 1609 3456 lectio
1636 3409 1723 3455 est
1742 3402 1985 3455 solutam.

533 3470 661 3526 248.
703 3471 953 3525 Relambo
984 3481 1265 3525 auctorem
1303 3471 1528 3526 Sedulio
1553 3472 1920 3536 antiquiorem
1956 3473 2062 3526 for-

461 3549 610 3597 tasse
640 3556 745 3594 non
776 3541 959 3595 habet.
992 3539 1151 3596 Canis
1194 3557 1282 3595 ore
1311 3552 1397 3596 est
1424 3543 1492 3596 ad
1521 3558 1716 3597 ntorem
1770 3544 1915 3597 canis
1937 3586 1951 3608 ,
2004 3552 2061 3597 ut

461 3612 699 3680 explicat
727 3610 1127 3666 Nebrissensis.

534 3681 662 3737 250.
703 3681 860 3736 Cant.
892 3682 1083 3736 damna
1108 3685 1278 3754 ferens
1305 3699 1323 3736 :
1351 3686 1443 3739 alii
1476 3686 1669 3739 damna
1701 3693 1881 3738 tenens
1900 3725 1914 3748 ,
1940 3683 2060 3754 sed

459 3753 518 3809 in
551 3756 683 3822 Reg.
717 3754 769 3825 1,
801 3768 902 3822 pro
948 3753 1123 3825 tenens
1172 3754 1319 3809 aliud
1370 3755 1489 3811 fuit.
1538 3755 1792 3824 Plerique
1819 3753 2057 3825 perdens,

461 3832 557 3878 aut
583 3825 651 3877 ita
682 3823 847 3889 clare,
876 3834 972 3878 aut
1000 3823 1052 3877 in
1084 3827 1414 3893 compendio
1459 3823 1787 3883 litterarum.
1820 3823 2056 3893 ‘Parrh.,

461 3894 680 3950 schedia
709 3893 920 3950 Poelm.
954 3896 1140 3965 perdit.
1174 3897 1430 3953 Barthius
1474 3915 1598 3953 cum
1631 3913 1732 3953 suo
1761 3911 1868 3950 ms.
1912 3897 2059 3964 opti-

460 3980 611 4020 mum
633 3965 842 4040 iudicat
884 3967 1143 4035 pendens,
1191 3968 1361 4024 invita
1400 3985 1579 4040 prosa.
1616 3969 1753 4027 Urb.
1799 3979 2060 4036 corrupte

456 4038 769 4106 compendia
788 4046 981 4093 tenens.

529 4106 663 4163 251.
700 4107 873 4174 Meus,
916 4108 1069 4164 Videt
1099 4127 1264 4167 caecus
1298 4122 1470 4168 natus.
1506 4111 1702 4168 Parrh.
1740 4111 2017 4165 consistere
2039 4127 2059 4165 :

456 4180 637 4235 verius
664 4190 751 4235 est
779 4180 1045 4235 considere
1068 4198 1137 4237 ex
1160 4183 1362 4239 Joann.
1395 4201 1445 4241 c.
1476 4201 1552 4251 ix,
1586 4199 1643 4240 v.
1669 4184 1723 4249 8,
1759 4182 1948 4237 Nonne
1976 4183 2061 4235 hic

454 4259 552 4314 est,
574 4252 665 4314 qui
690 4252 921 4314 sedebat,
947 4263 997 4305 et
1023 4254 1395 4311 ntendicabat?

524 4322 653 4395 252.
691 4323 833 4395 Reg.
858 4322 915 4389 2,
950 4326 1111 4395 Ang.,
1139 4325 1251 4380 Ott.
1290 4328 1341 4391 1,
1371 4327 1540 4390 Meus,
1573 4325 1794 4389 Parrh.,
1818 4333 1873 4381 et
1902 4325 2056 4379 multi

454 4391 588 4448 editi
614 4391 892 4461 delapsus:
917 4394 1007 4448 alii
1026 4391 1197 4449 nostri
1225 4412 1382 4460 mss.,
1406 4397 1568 4453 codd.
1596 4396 1809 4457 Burm.,
1841 4398 2054 4461 Arntz.,

453 4463 1135 4534 et‘plurimteeilitiones
1174 4465 1431 4534 dilapsus.
1484 4468 1819 4522 Arntzeuius
1875 4475 2058 4522 tuetur

456 4531 721 4608 delapsus.
753 4533 940 4608 pelabi
969 4534 1034 4587 de
1051 4545 1226 4589 ventre
1254 4531 1485 4606 parentis
1520 4539 1803 4608 eleganter
1829 4537 2052 4608 dicitur,

450 4613 511 4675 ut
532 4602 721 4675 cadere
745 4604 810 4657 de
837 4614 1022 4668 matre,
1056 4620 1154 4672 pro
1182 4602 1370 4675 egredi
1394 4623 1463 4663 ex
1491 4602 1648 4662 utero
1671 4609 1884 4664 matris.
1914 4607 2054 4662 Male

453 4673 721 4744 delapsus,
753 4675 880 4744 quia
910 4689 1091 4729 caecus
1113 4673 1274 4733 natus
1302 4688 1405 4732 est.

2166 3400 2401 3455 caeteris.

2235 3471 2359 3526 2:36.
2406 3470 2557 3527 Meus
2583 3482 2842 3543 corrupte
2870 3487 2962 3544 per
2987 3472 3225 3544 clausta,
3251 3485 3320 3525 ex
3355 3483 3467 3540 quo
3499 3467 3760 3544 suspicari

2165 3543 2361 3610 aliquis
2384 3545 2557 3613 possit
2585 3561 2677 3616 per
2697 3541 2880 3599 clausa
2904 3558 3193 3617 genarum,
3217 3542 3273 3596 h.
3304 3556 3356 3597 e.
3378 3582 3393 3605 ,
3429 3555 3527 3609 per
3555 3541 3761 3617 clausas

2164 3628 2352 3685 genas.
2389 3611 2746 3685 ‘ltlvang'elista
2784 3616 2856 3669 ait
2882 3611 3132 3685 ,rLinivt't
3176 3614 3338 3666 lutum
3380 3626 3536 3677 super
3594 3611 3762 3664 oculos

2166 3683 2312 3755 ejus,
2358 3685 2500 3751 quod
2535 3683 2712 3755 arguit
2758 3695 3033 3753 receptam
3086 3683 3376 3739 lectionem
3406 3697 3591 3755 veram
3623 3696 3759 3737 esse.

2225 3756 2364 3810 atale
2390 3758 2588 3821 lutum,
2612 3754 2678 3809 rut
2703 3771 2847 3809 vers.
2872 3755 2978 3812 260
2997 3797 3011 3819 ,
3041 3756 3459 3825 consanguineus
3486 3754 3661 3808 limus.

2234 3826 2363 3881 253.
2409 3826 2626 3890 Parrh.,
2654 3826 2872 3881 scheilze
2900 3826 3107 3880 Poelm.
3140 3824 3444 3890 monentis;
3479 3824 3760 3879 nervosius

2163 3905 2249 3953 est
2265 3898 2498 3968 jubentis
2522 3913 2663 3968 cum,
2683 3912 2841 3968 prosa
2861 3939 2875 3961 ,
2914 3908 2969 3951 et
3009 3896 3150 3949 aliis.

2232 3966 2361 4025 2'59.
2402 3971 2616 4031 Arntz.,
2644 3967 2808 4032 Siloe,
2832 3970 2917 4022 cui
2951 3969 3089 4022 lavet
3107 3981 3288 4035 prosa.
3308 3966 3454 4021 Bona
3483 3967 3647 4022 etiam
3681 3976 3761 4021 est

2162 4040 2473 4094 communis
2522 4039 2687 4094 lectio
2706 4084 2720 4105 ,
2745 4046 2804 4093 ut
2829 4049 2964 4094 terra
2994 4034 3139 4104 Asia,
3168 4037 3356 4092 humus
3384 4034 3609 4093 Graecia.
3645 4036 3750 4093 Vos

2161 4120 2372 4180 accepta
2396 4120 2480 4164 est
2505 4124 2606 4164 vox
2639 4109 2841 4163 audita.
2898 4108 3204 4180 Aliquando
3230 4108 3562 4180 exprimitur
3617 4109 3757 4163 auri-

2163 4184 2253 4236 bus
2280 4182 2512 4252 accipere
2542 4196 2644 4252 pro
2673 4180 2882 4252 audire.

2229 4252 2361 4307 26D.
2394 4250 2555 4321 Reg.
2575 4250 2808 4323 2,7Nam
2838 4267 2955 4304 cunt
2972 4250 3254 4323 sanguinei
3279 4267 3297 4305 :
3328 4251 3423 4307 sed
3455 4252 3637 4322 glossa
3672 4260 3760 4323 est

2161 4338 2261 4394 pro
2286 4322 2688 4393 consanguinei,
2717 4323 2927 4377 scilicet
2959 4321 3477 4394 Nantquerhmnoreai
3502 4325 3623 4377 limo
3653 4322 3757 4394 for-

2162 4393 2351 4461 matus,
2384 4406 2491 4448 etc.
2520 4395 2632 4448 Ott.
2665 4394 2716 4458 1,
2746 4393 2894 4449 Meus
2924 4402 3060 4447 totus
3086 4393 3354 4462 profatus,
3386 4393 3619 4449 fortasse
3643 4393 3759 4462 quia
3853 4416 3857 4418 ν

2160 4464 2308 4521 illico
2342 4482 2393 4520 ν.
2420 4480 2537 4534 seq.
2570 4466 2806 4519 recurrit
2837 4465 3063 4534 favisset.
3094 4463 3223 4534 Legi
3256 4464 3345 4519 hic
3384 4474 3568 4534 posset
3589 4467 3719 4520 lotus
3743 4506 3756 4525 ,

2158 4545 2253 4591 aut
2297 4540 2479 4605 potius
2505 4552 2559 4590 v.
2590 4553 2705 4601 seq.
2732 4534 2960 4598 lavisset,
2993 4548 3051 4591 ut
3082 4550 3227 4591 nunc
3254 4536 3451 4590 dieain.

2227 4609 2356 4663 26L
2397 4609 2613 4669 Arnlz.,
2648 4606 2812 4676 Ang.,
2844 4608 3084 4669 lavisset,
3119 4607 3263 4675 quod
3294 4609 3607 4675 coniecerat
3631 4606 3758 4661 Bur-

2160 4694 2425 4741 maunus,
2468 4694 2529 4734 ea
2559 4677 3059 4747 prohahiliratione
3107 4678 3342 4744 ductus,
3395 4695 3557 4748 quam
3606 4678 3759 4731 modo

466 4770 473 4775 ι
523 4739 1005 4822 255.___San_guinis,
1032 4762 1227 4822 nempe
1251 4749 1488 4822 generis.
1511 4749 1780 4819 Virgilius
1802 4750 1905 4805 ecl.
1935 4764 2049 4814 vui,
2085 4739 2131 4797 Ι)
2159 4739 2466 4805 iudicabam
2494 4739 2644 4803 ad'v.
2689 4763 2850 4820 prtec.
2899 4750 3083 4806 Codex
3132 4752 3299 4821 Alm.,
3321 4739 3555 4822 gemellis
3582 4766 3600 4803 :
3650 4750 3759 4817 lege

452 4827 601 4869 vers.
643 4815 712 4870 45
732 4856 747 4881 ,

454 4884 639 4941 edunt.

526 4956 657 5014 254.
697 4956 863 5012 Rom.
886 4966 1078 5013 contra
1102 4966 1357 5027 metrum,
1386 4961 1569 5015 mundi
1593 4977 1799 5033 quoque
1820 4962 2052 5018 orientis.

849 4831 904 4868 ec
932 4818 1096 4870 nostri
1122 4820 1323 4890 generis
1352 4836 1571 4890 puerum
1590 4866 1603 4889 ,
1626 4818 1736 4874 inec
1784 4822 2059 4893 sanguinis

523 5128 551 5157 ιι
579 5118 640 5174 In
685 5125 795 5174 vet.
845 5116 969 5174 cod.
1018 5125 1102 5173 est
1141 5119 1471 5188 conﬁtenda,
1521 5132 1613 5184 et,
1660 5131 1720 5175 ut
1764 5121 2045 5177 videbatur

448 5190 735 5260 scriptum,
768 5190 1005 5245 tacitecte
1033 5205 1051 5244 :
1081 5204 1151 5245 ex
1178 5205 1284 5260 quo
1309 5190 1530 5246 Juretus
1558 5194 1802 5260 reposuit
1840 5195 2046 5247 tacitate

448 5260 767 5331 conﬁ‘endo,
799 5261 923 5331 quia
953 5260 1208 5315 Sedulius
1257 5261 1569 5329 liujusmodi
1614 5264 1838 5318 vocibus
1895 5265 2043 5320 dele—

446 5340 647 5388 Ctatur.
678 5330 861 5386 Teneo
890 5332 1238 5401 scripturam,
1282 5347 1405 5400 quae
1450 5332 1503 5386 in
1537 5335 1814 5388 nonnullis
1846 5335 2033 5391 hiblio-

442 5402 625 5475 thecis
656 5402 876 5475 Patrum
909 5404 1201 5473 reperitur,
1232 5404 1403 5457 tacite.
1438 5403 1607 5457 Paulo
1642 5416 1783 5475 ante
1816 5406 1868 5458 in
1916 5407 2038 5475 ple-

442 5474 632 5544 risque
659 5473 820 5529 editis
847 5485 932 5528 est
956 5475 1305 5540 immunditie,
1353 5474 1449 5529 sed
1484 5475 1534 5528 in
1580 5473 2043 5532 bibliotheca'Pa-

443 5553 590 5628 trum
622 5545 945 5628 Parisiensis
976 5545 1146 5614 1589,
1196 5544 1565 5612 immunditia;
1612 5547 1702 5601 ubi
1740 5547 1910 5601 etiam
1958 5557 2044 5605 est

442 5614 579 5688 fugit
611 5631 713 5683 pro
742 5615 859 5683 fuit.

481 5756 489 5758 Α
518 5687 544 5723 δ
571 5685 631 5741 In
654 5686 1303 5758 plerisquebibliothecis
1325 5688 1546 5743 Patrum
1569 5696 1823 5758 corrupte
1842 5692 2037 5747 camini

441 5756 576 5879 glas
601 5772 700 5826 pro
725 5757 913 5881 caggno
938 5760 1061 5813 ritu.
1090 5757 1378 5816 Sententia
1402 5767 1570 5817 estex
1598 5756 1761 5831 epist.
1796 5776 1834 5815 ti
1862 5761 2027 5831 Petri,

514 5842 566 5881 [ι.
600 5841 667 5881 ιι.
702 5842 752 5881 v.
864 5867 878 5881 .

441 5837 566 5896 cap.
600 5841 667 5896 tt,
702 5842 752 5881 v.
785 5837 878 5882 ΞΣ.

2166 4822 2514 4947 9εέἓέῗεῦΓο
2529 4900 2789 4947 merentur
2816 4893 3004 4948 Arntz.
3035 4894 3276 4948 videntur
3298 4911 3311 4946 :
3337 4898 3645 4963 repugnant
3672 4889 3755 4944 alii

2168 4971 2225 5018 et
2255 4977 2439 5034 prosa.

2231 5132 2254 5162 °
2285 5121 2389 5177 Alii
2418 5122 2547 5189 luto,
2583 5121 2677 5176 alii
2711 5120 2850 5185 lutu,
2897 5118 3220 5177 Gallandius
3252 5121 3418 5174 lutum
3442 5137 3462 5176 :
3492 5136 3653 5191 quem
3680 5129 3754 5175 ta-

2155 5209 2277 5249 men
2309 5194 2445 5263 fugit
2472 5195 2762 5248 annotatio
2791 5191 2966 5247 Jureti
2995 5232 3010 5257 ,
3043 5191 3133 5260 qui
3165 5207 3287 5247 cum
3320 5204 3432 5248 vet.
3471 5194 3598 5248 cod.
3633 5193 3753 5262 legit

2151 5265 2288 5331 lntu,
2324 5277 2376 5319 et
2408 5278 2588 5319 monet
2615 5264 2685 5318 ita
2715 5264 3009 5332 legendum
3036 5279 3136 5333 pro
3167 5263 3298 5325 luto,
3332 5280 3486 5319 more
3508 5265 3746 5331 antiquo,

2151 5344 2209 5391 ut
2236 5336 2391 5390 lauru
2419 5350 2517 5404 pro
2544 5337 2719 5400 lauro,
2751 5344 2805 5390 et
2837 5335 3097 5405 pleraque
3122 5335 3250 5389 alia.
3277 5334 3641 5390 Retinendum
3675 5343 3752 5389 ta-

2149 5422 2278 5462 men
2307 5416 2393 5461 est
2421 5422 2547 5461 cum
2573 5406 2863 5460 Gallaudio
2891 5406 3057 5459 lutum
3081 5421 3099 5458 :
3121 5406 3315 5461 eodem
3342 5407 3489 5460 enim
3518 5406 3674 5459 modo
3700 5407 3747 5457 in

2151 5478 2397 5532 carmine
2428 5478 2666 5546 loquitur
2698 5475 2979 5532 Sedulius.
3006 5477 3147 5531 Male
3176 5475 3374 5544 passim
3399 5476 3748 5543 distinguitur

2152 5548 2267 5603 haec
2299 5547 2578 5620 periodus,
2617 5548 2875 5620 nimirum
2896 5548 3161 5620 impletum
3181 5548 3466 5615 speculari,
3490 5548 3745 5620 deﬁciente

2148 5622 2387 5692 materia.
2414 5618 2598 5692 Longe
2627 5618 2823 5673 melius
2855 5629 2939 5674 est
2968 5617 3235 5688 impletum
3263 5661 3278 5686 ,
3318 5620 3586 5692 speculari
3623 5617 3743 5685 deﬁ-

2146 5691 2312 5745 ciente
2338 5689 2573 5743 materia.

2213 5759 2241 5799 ἀ
2273 5760 2379 5835 Pro
2408 5770 2549 5835 tutus
2574 5759 2892 5835 Gallandius
2920 5762 3213 5835 legendum
3254 5770 3412 5833 putat
3443 5765 3599 5835 fatus.
3626 5760 3729 5819 Re-

2140 5833 2296 5903 posui
2319 5832 2522 5888 lavisset
2552 5847 2652 5902 pro
2673 5831 2951 5890 habuisset.
