4038 6312
221 339 317 397 697

219 457 317 515 265
351 454 516 512 Caeca
548 467 742 510 sumus
771 452 959 525 proles
983 454 1196 510 miserae
1224 452 1295 511 de
1322 452 1526 511 fetibus
1557 454 1722 524 Erae,

352 549 648 605 Portantes
675 548 835 619 longo
859 556 1013 605 natas
1039 562 1233 605 errore
1255 548 1530 606 tenebras.

349 643 460 700 Sed
491 643 761 712 dignante
786 643 896 700 Deo
924 643 1210 700 mortalem
1248 657 1467 701 sumere
1495 643 1723 701 formam

348 736 639 807 Tegminis
668 736 911 806 humani,
944 737 1081 794 facta
1108 746 1193 795 est
1222 753 1290 796 ex
1314 739 1523 810 virgine
1549 738 1707 795 nobis

349 829 521 887 Terra
552 829 828 897 salutaris,
860 845 982 901 quae
1013 830 1256 887 fontibus
1285 830 1465 887 abluta
1494 830 1667 888 sacris
1687 873 1703 899 ,

212 924 310 981 270
345 923 504 982 Clara
531 923 873 980 renascentis
900 933 1116 981 reserat
1143 924 1442 996 spiramina
1479 925 1636 981 lucis.

420 1015 816 1087 Bethaniteque
846 1018 1021 1073 solum
1050 1028 1306 1089 repetens
1340 1021 1590 1089 intrarat,
1624 1018 1808 1090 ibique

342 1108 512 1183 Μ
542 1110 778 1166 Lazarus
821 1111 1044 1168 occidua
1076 1112 1370 1169 tumulatus
1402 1122 1549 1170 sorte
1592 1114 1810 1185 jacebat

341 1206 463 1261 Jam
491 1212 694 1275 quarto
718 1209 837 1261 sine
864 1206 984 1262 luce
1011 1205 1120 1275 die,
1144 1207 1474 1278 claususque
1502 1207 1737 1279 sepulcri

343 1299 641 1366 Marmore,
670 1310 984 1371 corruptum
1015 1301 1144 1357 tabo
1172 1302 1463 1359 exhalabat
1483 1303 1728 1359 odorem.

209 1388 305 1447 275
338 1388 576 1447 Flebant
602 1406 898 1462 germanae,
923 1391 1085 1450 ﬂebat
1111 1395 1396 1466 populatio
1421 1412 1663 1467 praesens
1684 1438 1698 1462 ,

1336 315 1621 398 osanna
1661 337 2048 400 pascam-2.
2089 342 2215 400 us.
2248 345 2333 401 tv.

1841 456 1895 519 Α

3405 352 3510 409 698

2065 456 2252 513 Flebat
2271 465 2324 513 et
2350 457 2723 532 Omnipotens,
2748 462 2843 520 sed
2864 479 3118 537 corpore,
3150 484 3259 526 non
3285 469 3510 541 deitate,

2062 547 2460 622 Exanimesque
2488 562 2640 609 artus
2668 554 2756 611 illa
2787 572 2886 626 pro
2912 567 3065 629 parte
3091 560 3352 631 dolebat,

2061 642 2177 710 Qua
2219 644 2512 702 moriturus
2541 655 2680 716 erat,
2711 648 3078 726 lacrymisque
3108 655 3355 728 implevit
3379 658 3516 715 ami-

2057 806 2336 901 Majestate
2394 831 2584 888 Deum.
2632 834 2771 902 Quid
2820 837 3064 906 credere,
3114 749 3518 910 Maribiﬁmmo-

1910 1018 2021 1076 280
2057 1018 2287 1089 Quidve,
2334 1019 2520 1087 Maria,
2554 1019 2775 1091 gemis?
2802 1020 3077 1082 Christum
3108 932 3395 1095 dubgtgii:
3416 937 3508 1087 ἴδη
3548 990 3553 993 ἱ

3268 1137 3437 1178 unum

3226 1119 3247 1192 [
3268 1137 3437 1178 unum

2055 1205 2217 1279 305
2249 1205 2433 1263 Possit
2459 1205 2529 1263 ab
2555 1206 2788 1265 infernis
2820 1208 3096 1267 hominem
3129 1227 3389 1270 revocare
3414 1229 3509 1271 ca-

3207 1306 3433 1380 [vernis,

2057 1393 2157 1463 Qui
2178 1393 2351 1464 dabit,
2371 1395 2688 1453 innumeras
2704 1407 2824 1468 post
2838 1396 3029 1455 funera
3043 1414 3269 1472 surgere
3288 1402 3508 1460 turbas?

1540 1488 1722 1546 OPUS
1762 1486 2151 1545 PASCHALE.

211 1575 451 1646 caliginis
481 1575 665 1648 longis
692 1577 974 1634 erroribus
1006 1579 1348 1637 incedentes.
1378 1580 1483 1638 Sed
1521 1591 1805 1655 postquam

210 1665 346 1722 Deus
375 1666 587 1724 habere
611 1668 867 1741 dignatus
892 1680 976 1727 est
1005 1672 1255 1728 humante
1282 1683 1306 1712 ⁸
1338 1676 1518 1731 carnis
1539 1675 1803 1747 efﬁgiem,

206 1759 321 1816 data
354 1759 516 1815 nobis
549 1768 649 1816 est.
666 1769 811 1817 terra
844 1762 1103 1818 salutaris
1134 1780 1200 1819 ex
1230 1764 1460 1835 virgine,
1492 1782 1613 1837 quae
1647 1766 1808 1821 fonti-

1912 1581 2068 1636 turba
2119 1582 2452 1653 consistens,
2480 1583 2628 1641 ﬂevit
2672 1594 2727 1641 et
2774 1586 2891 1659 ipse
2919 1588 3080 1645 simul
3124 1589 3505 1663 Omnipotens,

1909 1690 2020 1729 non
2049 1672 2273 1743 deitate,
2303 1676 2398 1730 sed
2428 1691 2677 1747 corpore.
2712 1679 2803 1751 qui
2843 1681 3091 1753 frigentis
3118 1694 3270 1740 artus
3307 1685 3502 1740 exani-

1912 1782 2049 1833 mes,
2078 1783 2178 1838 qua
2202 1775 2355 1839 parte
2381 1771 2682 1825 moriturus
2709 1772 2909 1842 fuerat,
2946 1774 3260 1833 addolebat.
3293 1775 3510 1846 impen-

207 1850 298 1909 bus
321 1854 465 1909 sacri
497 1853 680 1911 lavata
735 1855 1102 1926 baptismatis,
1126 1860 1549 1916 renascentibus
1589 1861 1807 1931 aperuit
1840 1897 1883 1957 Β
1911 1863 1988 1917 dit
2016 1878 2254 1934 namque
2302 1864 2591 1937 lacrymas,
2616 1875 2678 1921 ut
2722 1868 2958 1937 amicus,
2988 1868 3230 1924 ostendit
3275 1870 3505 1938 gloriam

209 1945 403 2001 lumina
428 1947 733 2003 claritatis.

268 2038 595 2095 Bethaniam
628 2040 827 2097 deinde
859 2044 1036 2100 solitis
1068 2044 1351 2116 gressibus
1381 2046 1687 2101 clementer
1718 2047 1805 2102 ad-

207 2143 441 2190 venerat.
478 2134 560 2191 lbi
605 2134 843 2191 Lazarus
876 2137 1110 2195 humana
1144 2139 1306 2195 [intem
1337 2141 1653 2197 conditione
1677 2156 1792 2197 sor-

209 2224 348 2294 titus,
374 2229 676 2299 sepulcrali
724 2231 829 2285 sub
882 2231 1062 2302 lapide
1113 2242 1322 2303 quarta:
1352 2233 1613 2306 bjacebat
1663 2236 1800 2291 lucis

209 2335 363 2376 cursu
388 2322 505 2392 jam
537 2321 766 2378 fetidus.
800 2322 968 2395 Cujus
1006 2326 1072 2382 ad
1124 2327 1391 2381 tumulum
1440 2328 1673 2383 Domino
1710 2344 1804 2383 ve-

209 2418 402 2484 niente,
430 2418 692 2475 collectas
731 2419 939 2477 ﬂebant
967 2422 1055 2495 pio
1090 2422 1235 2479 luctu
1275 2439 1569 2494 germanae.
1603 2422 1798 2480 Flebat

1911 1972 2025 2010 sum
2058 1956 2378 2025 majestatis,
2416 1968 2475 2014 ut
2506 1959 2665 2014 Dens.
2697 1960 2838 2028 Quid
2878 1961 3092 2027 adhuc,
3126 1962 3362 2030 Martha,
3396 1979 3508 2018 non

1907 2050 2121 2105 credis?
2142 2060 2195 2105 et
2220 2062 2298 2116 tu,
2322 2051 2511 2119 Maria,
2537 2054 2663 2124 quid
2688 2055 2939 2126 ingemis,
2960 2073 3081 2127 qum
3109 2057 3388 2113 Christum
3413 2059 3513 2113 du-

1909 2140 1998 2195 bia
2026 2142 2389 2208 trepidatione
2414 2145 2776 2213 cunctamini,
2800 2162 2867 2201 an
2900 2164 3070 2202 unum
3117 2150 3287 2220 possit
3328 2150 3395 2206 ab
3426 2149 3510 2206 in-

1909 2232 2037 2287 ieris
2087 2232 2363 2289 hominem
2405 2237 2692 2307 suscitare,
2721 2238 2813 2309 qui
2865 2241 3032 2295 totius
3081 2242 3268 2297 mundi
3319 2243 3509 2299 turbas

1913 2329 2230 2383 innumeras
2284 2328 2521 2384 rediviva
2592 2331 2751 2387 faciet
2797 2334 3133 2391 animationc
3193 2351 3504 2408 resorgere.

1908 2422 2075 2495 Igitur
2098 2422 2362 2480 Dominus
2387 2435 2444 2480 ιιι
2468 2426 2772 2496 imperiosa:
2804 2428 2953 2484 vocis
2973 2429 3130 2498 jussu
3154 2431 3388 2486 mirabili
3417 2447 3512 2487 ex-

1691 2515 1982 2573 SCHOLIA
1996 2555 2010 2571 .

270 2610 392 2668 265.
433 2612 640 2668 Parrh.
681 2612 747 2667 de
787 2612 1016 2684 facibus.
1050 2612 1162 2668 Ott.
1191 2613 1227 2667 2
1256 2612 1318 2667 de
1361 2612 1586 2683 ﬂetibus.
1642 2610 1802 2675 Urb.,

210 2680 345 2738 Meus
375 2685 666 2811 defectibus
697 2700 716 2739 :
741 2680 913 2741 retine
938 2701 1060 2741 cum
1093 2680 1369 2755 plerisque
1391 2684 1454 2737 de
1477 2684 1686 2754 fetibus.

271 2755 390 2811 266.
485 2766 662 2811 ortare
698 2759 949 2811 tenebras.
984 2766 1044 2811 ut
1090 2764 1296 2811 portare
1338 2765 1619 2811 peccatum.
1662 2772 1686 2809 s

271 2755 390 2812 266.
433 2755 662 2812 Portare
698 2759 949 2821 tenebras,
984 2766 1044 2811 ut
1090 2764 1296 2829 portare
1338 2765 1619 2826 peccatum,
1662 2755 1806 2810 salu-

210 2833 319 2887 tem,
336 2837 443 2883 etc.

272 2898 394 2955 268.
435 2900 697 2970 Plerique
718 2900 890 2955 nostri
919 2914 1051 2953 mss.
1080 2914 1203 2955 cum
1229 2898 1413 2953 multis
1433 2898 1595 2953 editis
1620 2914 1684 2970 es
1707 2900 1811 2953 vir-

209 2967 347 3040 gine:
381 2974 451 3026 ita
480 2967 651 3028 etiam
697 2972 887 3038 Aldus,
915 2974 1003 3027 cui
1047 2972 1370 3026 Arntzenius
1410 2971 1552 3024 male
1599 2969 1810 3040 afﬁngit

210 3037 286 3114 tle.
316 3043 462 3099 Meus
492 3060 622 3099 cum
656 3043 842 3112 Fabr.,
872 3037 920 3098 et
953 3044 1073 3098 aliis
1097 3044 1329 3113 vulgatis
1358 3040 1423 3096 de
1448 3042 1660 3114 virgine.
1694 3037 1803 3097 Ott.

209 3108 241 3163 2
263 3115 546 3188 sartagine
573 3116 737 3170 vobis.

273 3183 394 3258 269.
423 3183 595 3244 ’Μθυε
640 3186 917 3258 πιθηάοεεῖ
945 3187 1129 3258 fetibus
1171 3201 1267 3255 pro
1300 3186 1550 3254 fontibus.
1585 3184 1716 3258 Reg.
1753 3185 1805 3254 1,

211 3255 260 3319 5,
287 3255 429 3312 Vatt.
461 3261 516 3322 1,
545 3262 605 3325 2,
633 3257 747 3315 Οιι.
776 3260 832 3324 2,
862 3255 1013 3320 Urb.,
1044 3258 1227 3325 Rom.,
1263 3259 1407 3322 Alb.,
1435 3258 1605 3319 Meus,
1634 3256 1807 3325 Lips.,

211 3328 343 3382 Alm.
376 3330 560 3384 abluta
582 3347 600 3384 :
633 3331 707 3385 ita
734 3332 896 3384 etiam
933 3331 1148 3393 Parrh.,
1180 3330 1325 3395 Ald.,
1355 3339 1409 3383 et
1435 3330 1526 3383 alii
1558 3328 1709 3381 editi.
1743 3327 1799 3381 In

208 3395 331 3469 Reg.
356 3402 392 3454 2
416 3402 609 3463 oblita.
641 3402 738 3457 sed
771 3401 918 3470 prius
952 3402 1049 3454 lttit
1076 3400 1290 3455 abluta:
1319 3400 1371 3455 in
1397 3399 1508 3456 Ott.
1546 3403 1565 3453 l
1598 3398 1799 3464 abluta,

208 3479 258 3524 et
287 3487 379 3538 pro
406 3474 462 3527 d.
494 3490 543 3530 s.
602 3475 711 3528 luta
747 3473 963 3526 sacratis
1002 3474 1290 3527 recentiori
1323 3487 1509 3539 manu,
1544 3487 1663 3535 ante
1694 3470 1805 3524 lor-

209 3547 341 3597 tasse
388 3544 455 3599 ad
503 3548 777 3600 rationem
824 3546 980 3599 metri
1012 3546 1285 3613 corrigere
1332 3543 1503 3597 voluit
1530 3545 1622 3597 sed
1666 3546 1805 3613 fonte

208 3614 373 3669 abluta
399 3625 635 3672 sacrato.
681 3620 816 3685 Ang.
863 3616 1043 3682 oblita,
1093 3616 1214 3670 Vet.
1253 3615 1300 3674 1.
1330 3616 1385 3679 2,
1421 3614 1588 3680 Mon.,
1632 3623 1687 3668 et
1713 3613 1804 3668 alii

208 3687 412 3760 quidam
442 3690 645 3760 vulgati
677 3688 853 3753 oblita,
884 3687 1025 3760 quod
1063 3686 1188 3740 huic
1220 3687 1339 3740 loco
1377 3700 1563 3760 parum
1606 3699 1805 3739 conve-

208 3756 299 3810 nit.
330 3756 687 3815 Retineamus
705 3774 838 3829 ergo
858 3756 1052 3824 abluta,
1084 3769 1331 3824 correpta
1356 3757 1592 3809 secunda
1616 3766 1804 3808 contra

209 3840 404 3902 morem
436 3833 836 3902 antiquiorum.
868 3830 961 3885 Sic
988 3830 1128 3902 apud
1164 3829 1511 3902 Prudentium
1552 3829 1737 3896 hymn.
1775 3841 1803 3877 ν

208 3894 326 3952 Per.
343 3917 485 3959 vers.
504 3894 617 3960 562
634 3945 649 3967 ,
669 3903 822 3956 multi
839 3903 1015 3971 legunt
1028 3894 1091 3953 ’Μ
1095 3901 1220 3955 ortis
1233 3894 1655 3971 lavacriselutam
1671 3938 1684 3960 ,
1700 3913 1806 3963 quo

210 3975 377 4026 tamen
408 3975 530 4029 loco
555 3990 679 4029 cum
710 3968 1169 4038 prwsla'ntissintis
1200 3985 1328 4024 mss.
1360 3968 1555 4023 retinui
1585 3980 1802 4021 erutam.

207 4041 400 4113 Auctor
432 4047 675 4101 incertus
705 4046 773 4099 de
802 4043 1019 4098 Bebiani
1044 4044 1347 4113 baptismo:
1386 4041 1449 4094 Et
1472 4055 1608 4093 nunc
1627 4040 1808 4092 morti-

209 4111 314 4177 ﬁcis
342 4115 486 4171 eluta
513 4115 779 4178 sordibus.

274 4185 397 4259 270.
442 4187 807 4259 Wopkensius
835 4187 1075 4240 tentabat
1098 4184 1289 4259 Clausa
1312 4182 1604 4259 renascenti
1620 4189 1809 4233 reserat

208 4252 649 4335 spirantinaluei.
696 4259 803 4315 Sed
851 4259 1137 4335 lectionem
1187 4258 1455 4335 vulgatam
1497 4252 1735 4335 retinet,”
1757 4261 1812 4335 et

208 4323 513 4399 pmgnandi
570 4347 732 4386 sensu
789 4332 1045 4399 explicat,
1095 4323 1368 4382 reserenda
1415 4325 1606 4385 reddit.
1648 4323 1810 4392 efﬁcit

209 4399 363 4454 clara.
395 4403 573 4457 Totus
620 4402 706 4456 hic
739 4404 890 4456 locus
935 4401 1298 4455 conlercndus
1325 4406 1409 4453 est
1437 4414 1560 4451 cum
1594 4394 1705 4448 alio
1732 4395 1807 4447 si-

209 4471 314 4541 mili
351 4473 631 4529 Prudentii
666 4477 865 4541 Apotlt.
899 4488 949 4527 v.
982 4472 1087 4527 692
1118 4486 1271 4537 sequ.

274 4540 396 4598 27L
449 4546 604 4600 Mens
648 4534 909 4599 Lazarum
946 4543 1179 4598 suscitat.
1201 4534 1401 4603 'Fabr”
1441 4538 1577 4592 Bibl.
1608 4534 1808 4605 Lugd.,

210 4610 473 4671 Bethania'
502 4617 626 4670 inde
647 4619 837 4670 solum.
873 4616 1052 4678 Rom.,
1079 4615 1244 4668 Turn.
1275 4612 1329 4677 5,
1357 4623 1546 4665 contra
1581 4620 1811 4661 metrum

211 4681 473 4761 Rethania:
519 4689 711 4761 solum.
758 4688 812 4743 In
865 4688 1022 4741 Rom.
1076 4685 1330 4739 mendum
1362 4691 1444 4736 est
1475 4680 1672 4761 ubique
1716 4693 1815 4747 pro

209 4755 394 4881 ibique,
426 4760 574 4829 quod
602 4760 694 4812 alii
724 4774 881 4826 mss.,
912 4774 1101 4813 sensus
1126 4767 1178 4809 et
1211 4770 1370 4823 prosa
1400 4755 1645 4818 exigunt.

315 4830 400 4881 74.
447 4835 636 4881 Arntz.
666 4829 936 4881 exhalaret
958 4829 1169 4881 odorem
1195 4845 1207 4879 :
1237 4825 1429 4881 reliqui
1449 4821 1645 4876 exhalat

315 4821 400 4905 Β.
445 4821 636 4905 bruta.
666 4821 938 4905 exhalaret
958 4821 1742 4905 adorent:reliquieahalabat.

279 4899 403 4957 275.
445 4901 773 4956 Parrhasius
802 4907 852 4955 in
901 4899 1235 4959 Emendntis.
1270 4892 1384 4952 sive
1410 4894 1689 4948 Addendis
1717 4892 1816 4948 ob-

216 4982 411 5047 §ervat_,
438 4973 764 5047 quibusdam
798 4973 1034 5047 placere
1059 4970 1285 5047 populus
1325 4982 1525 5047 quoque
1568 4980 1814 5047 prensans.

215 5039 269 5119 [τι
298 5035 420 5119 cod.
460 5035 655 5099 'Arntz.
687 5035 957 5119 glossator
984 5042 1037 5119 id
1060 5035 1169 5119 pro
1215 5040 1271 5095 d.
1302 5035 1490 5119 script.
1527 5036 1727 5105 posuit.
1760 5035 1817 5119 In

216 5109 343 5184 Reg.
373 5115 409 5168 2
457 5132 602 5170 nunc
631 5108 716 5169 esi
757 5113 1028 5185 populatio
1066 5108 1243 5185 prima
1279 5110 1460 5185 veteri
1486 5124 1688 5161 manu:
1722 5108 1816 5160 sed

216 5180 537 5261 aliudprius
557 5180 1090 5261 scripttt'm'videtur'.
1120 5183 1311 5261 Glossa
1335 5181 1401 5261 in
1422 5180 1581 5261 (iant.
1609 5187 1694 5261 est
1726 5195 1818 5261 po-

217 5252 410 5333 pulatio
431 5288 506 5299 -
532 5252 811 5333 multitudo
842 5257 1044 5333 populi,
1077 5255 1131 5309 in
1155 5253 1305 5333 Reg._
1326 5252 1353 5306 1
1386 5252 1819 5333 turbafivitotis.

217 5323 589 5384 Nebrissensis
618 5323 852 5398 exponit
869 5323 1117 5401 populus.
1160 5326 1244 5379 Ab
1292 5324 1391 5378 hac
1421 5323 1823 5401 signiﬁcatione

219 5402 459 5473 Iocabuli
512 5393 779 5473 populatio
833 5393 1124 5473 Hispanum
1175 5412 1369 5473 nomen
1401 5407 1485 5473 est
1529 5393 1818 5473 poblarioit.

218 5466 320 5524 Pro
348 5481 491 5527 metu
512 5464 727 5542 populi,
764 5486 861 5542 pro
889 5464 1040 5536 villa,
1072 5478 1125 5524 et
1149 5465 1406 5538 parochia
1438 5465 1507 5519 ab
1535 5464 1817 5532 scriptori-

291 5604 316 5631 ἰ
354 5593 526 5651 Vetus
553 5594 722 5650 codex
755 5596 1002 5651 humani:
1024 5593 1242 5650 Juretus
1267 5593 1767 5649 restituithumame
1791 5605 1808 5643 :

221 5665 306 5735 qui
336 5666 503 5720 etiam
553 5676 725 5735 notat,
759 5668 936 5722 solere
961 5676 1264 5731 auctorem,
1318 5681 1440 5719 cum
1490 5665 1559 5719 de
1604 5661 1808 5735 Christi

224 5734 741 5810 corporeloquitur,
757 5739 983 5810 efﬁgiem
1003 5738 1234 5808 corporis
1253 5737 1457 5792 dicere.
1488 5734 1696 5803 Accipit
1717 5747 1814 5787 au-

223 5808 614 5894 tem_.Setiu|ius_
658 5808 882 5894 efﬁgiem
914 5824 1177 5894 pro‘vero
1205 5823 1457 5894 corpore,
1490 5816 1546 5861 ut
1573 5811 1815 5894 estora

224 5878 481 5934 orationis
506 5879 649 5935 serie
675 5878 729 5935 et
750 5878 808 5936 in
835 5878 957 5948 hoc,
987 5888 1040 5936 et
1070 5879 1194 5967 aliis
1225 5880 1277 5935 in
1307 5880 1440 5935 locis
1470 5878 1815 5949 perspicitur.

1912 2610 2011 2665 bus
2037 2610 2202 2665 infimi
2228 2611 2325 2665 τηινὶ
2358 2612 2627 2681 populatio
2658 2614 2992 2679 sumebatur,
3038 2624 3097 2670 ιιι
3137 2631 3203 2671 ex
3233 2615 3512 2675 Glossario

1916 2682 2391 2757 Dncangiiliquct.
2427 2684 2528 2757 Pro
2560 2685 2885 2752 direptione,
2913 2700 3010 2740 seu
3050 2687 3386 2757 praedatione
3413 2705 3507 2744 ve-

1915 2762 2057 2808 teres
2086 2753 2261 2826 Latini
2292 2755 2683 2826 populationem
2712 2753 3069 2825 usurpabant.

1982 2826 2107 2879 277.
2153 2825 2368 2895 Reg.'t,
2418 2826 2527 2880 Ott.
2564 2833 2612 2892 ι,
2642 2827 3022 2900 Exanimosque
3062 2845 3169 2885 non
3223 2831 3405 2888 male:
3458 2834 3511 2888 in

1914 2906 2144 2966 utroque
2160 2907 2347 2969 tamen
2379 2910 2682 2954 eorrectnm
2713 2909 2797 2952 est
2825 2899 3223 2969 Exanimesque.

1988 2968 2116 3024 278.
2156 2968 2432 3042 Plerique
2457 2971 2654 3042 vulgati
2709 2970 3070 3042 lacryntisque.
3104 2968 3248 3029 -Mss.
3298 2975 3470 3030 nostri
3500 3016 3514 3039 .

1917 3040 2130 3113 Arntz.,
2166 3040 2381 3113 Pauly,
2411 3040 2537 3097 Ald.
2564 3043 2805 3113 lacrymis
2826 3040 2950 3097 sine
2980 3061 3095 3113 que.
3130 3044 3263 3099 Cod.
3302 3049 3509 3109 Bnrm.,

1919 3112 2051 3189 Reg.
2085 3114 2140 3179 5,
2168 3110 2292 3189 ριι.
2322 3111 2379 3175 2,
2410 3113 2555 3189 Ald._,
2591 3110 2807 3189 Part-in,
2845 3110 3298 3189 schedtciPoelm.
3331 3118 3516 3189 imple-

1916 3183 2039 3238 bat:
2078 3184 2343 3259 meliores
2370 3185 2549 3259 nostri
2592 3184 3029 3259 coddsimplerit.
3064 3188 3221 3259 Cant.
3269 3183 3515 3259 laery'mis

1917 3256 2208 3331 complevit.
2238 3254 2384 3331 Alibi
2414 3255 2618 3311 dictum
2649 3257 2717 3311 de
2738 3256 2858 3331 hac
2905 3257 3086 3327 phrasi
3115 3259 3341 3331 impleuit
3381 3254 3517 3314 ami-

1905 3344 2020 3381 cum
2051 3342 2147 3389 pro
2173 3327 2405 3396 impleuit
2436 3339 2617 3392 partes
2645 3328 2827 3382 amici.

1980 3398 2107 3453 280.
2150 3398 2285 3467 Reg.
2326 3400 2378 3463 i,
2430 3401 2585 3454 Meus
2636 3399 2887 3461 obscure,
2918 3399 3136 3461 Parrh"
3169 3402 3411 3466 Edimb.,
3461 3411 3515 3457 et

1909 3472 2156 3539 qrtaadam
2180 3471 2301 3525 alize
2330 3472 2602 3525 editiones
2630 3469 2888 3542 Christus.
2915 3473 3183 3535 dubitatis,
3217 3474 3358 3542 quod
3393 3474 3509 3527 cla-

1908 3542 2106 3598 riorem
2131 3556 2348 3612 sensum
2366 3542 2531 3597 efficit
2556 3559 2677 3596 cum
2706 3558 2821 3612 seq.
2848 3541 3043 3597 Possit.
3074 3547 3183 3598 ()tt.
3212 3541 3260 3604 1⁷.
3289 3545 3517 3607 Christo,

1910 3614 2006 3669 sed
2039 3616 2233 3667 laetum
2266 3611 2548 3682 Christum,
2579 3630 2697 3686 qum
2728 3611 2897 3683 magis
2930 3625 3143 3685 recepta
3177 3627 3259 3670 est
3288 3618 3517 3686 scriptu-

1910 3699 1972 3739 ra
1998 3698 2269 3757 :gamqne
2298 3698 2423 3740 cum
2447 3701 2563 3757 seq.
2596 3684 2767 3757 Possit
2792 3684 3066 3739 similibus
3106 3689 3371 3757 tESClItpllS
3404 3684 3521 3741 tne-

1912 3766 1998 3809 tur
2025 3754 2412 3827 wopkensins,
2447 3768 2501 3808 ut
2531 3756 2689 3810 Gellii
2724 3758 2757 3807 Ι.
2788 3772 2884 3819 vn,
2915 3775 2965 3818 c,
3001 3759 3067 3810 i2
3095 3775 3107 3811 :
3150 3754 3353 3811 Eamne
3381 3760 3521 3827 quis-

1944 3842 2065 3879 uam
2095 3826 2312 3888 dubitet,
2359 3830 2480 3896 quin
2512 3827 2648 3879 idem
2682 3829 2877 3887 fecerit.
2909 3827 3078 3881 Atfcrt
3122 3829 3284 3883 etiam
3337 3826 3515 3882 lucum

1944 3845 2065 3879 uam
2095 3845 2312 3888 auouet,
2359 3845 2480 3896 qum
2512 3845 2648 3879 metu
2682 3845 2877 3887 tecertt.
2909 3845 3078 3881 Mle".
3122 3845 3284 3883 etiam
3337 3845 3515 3882 locum

1909 3845 2133 3952 gnvenci
2168 3912 2235 3949 ex
2270 3897 2311 3969 Vl.
2347 3912 2422 3959 tv,
2456 3914 2598 3950 vers.
2630 3897 2736 3950 468
2763 3916 2774 3947 :
2802 3896 3089 3969 Respondit
3120 3898 3303 3953 Petrus
3332 3916 3348 3952 :
3380 3898 3520 3952 Cun-

1914 3978 2020 4022 ctos
2064 3968 2109 4020 si
2155 3968 2359 4020 crudere
2390 3973 2470 4037 fas
2502 3977 2576 4020 est
2589 3997 2695 4038 .4—
2724 3969 2876 4032 Quod
2910 3968 3010 4019 tua
3043 3969 3268 4023 labentes
3309 3981 3520 4038 possunt

1914 4047 2167 4108 prmcepta
2210 4036 2420 4108 negare,
2472 4067 2544 4078 —
2583 4036 2840 4109 Sedrmea
2881 4054 2982 4091 non
3031 4055 3275 4109 unzquam
3304 4036 3521 4092 mutabit

1913 4122 2119 4182 pectora
2143 4125 2313 4161 casus.
2355 4110 2552 4162 Verum
2586 4110 2673 4182 hic
2701 4108 2875 4175 locus,
2922 4117 2979 4182 ut
3006 4108 3288 4182 tunc'ilixi,
3320 4113 3517 4175 exnuni

1916 4175 1985 4237 ita
2019 4190 2215 4248 potest,
2251 4191 2305 4230 ttt
2337 4190 2548 4233 cunctos
2596 4179 2665 4233 sit
2713 4180 3051 4232 atcttsativns
3101 4175 3247 4232 verbi
3279 4182 3517 4233 mutabit.

1919 4251 2135 4308 Pru-tuli
2166 4259 2345 4303 tamen
2378 4249 2580 4311 Cuncti,
2624 4251 2668 4301 si
2692 4250 2893 4302 credere
2924 4251 3005 4320 fas
3045 4262 3139 4314 est,
3186 4259 3291 4320 etc.
3328 4251 3394 4305 Ut
3423 4265 3520 4303 au.-

1919 4336 2025 4377 tt-m
2060 4322 2317 4377 Sedulius
2350 4321 2454 4375 hoc
2484 4323 2603 4373 loco
2635 4319 2933 4387 scripsisse
2958 4320 3209 4375 videatur
3254 4319 3519 4375 Christum

1917 4394 2184 4458 dubitaris,
2214 4402 2411 4459 pra-ter
2438 4392 2831 4458 exemplarium
2871 4400 3115 4445 veterum
3162 4393 3343 4456 iidem,
3394 4392 3522 4447 facit

1918 4467 2081 4522 etiam
2109 4480 2290 4532 prosa,
2323 4478 2445 4533 quas
2466 4466 2710 4518 eamdem
2737 4463 2975 4531 phrasim
3012 4465 3226 4517 retinet.

1987 4538 2115 4591 28L
2147 4533 2280 4609 Reg.
2313 4532 2370 4598 2,
2408 4532 2563 4601 Urb.,
2599 4533 2937 4609 Albv‘Rom.
2972 4534 3134 4609 Posse
3159 4535 3224 4589 ab
3250 4536 3471 4609 infernis
3504 4555 3521 4594 :

1923 4625 2028 4681 non
2060 4607 2261 4681 patitur
2293 4614 2550 4681 metrum.
2578 4605 2681 4659 nisi
2714 4605 2917 4681 hiatum
2946 4607 3224 4681 admittas,
3252 4605 3346 4681 aut
3370 4610 3521 4681 legas

1925 4679 2087 4733 Posse
2120 4692 2185 4730 ea:
2221 4677 2459 4748 infernis.
2493 4678 2645 4731 Tunc
2674 4678 2919 4747 syntaxis
2952 4679 3087 4744 erit,
3124 4694 3192 4732 an
3232 4677 3518 4743 άιιὺίιηῐίι,

1845 4742 1896 4801 D
1922 4748 2198 4805 Christum
2228 4742 2387 4817 posse
2419 4762 2526 4804 etc.
2561 4751 2617 4805 In
2646 4742 2771 4803 vn.
2818 4755 2831 4802 l
2869 4751 3028 4804 etiam
3061 4742 3179 4804 erat
3211 4750 3391 4815 Posse,
3423 4754 3518 4807 sed

1923 4829 2345 4892 correcmmiest
2376 4836 2471 4889 per
2502 4820 2693 4874 Possit.
2726 4820 2882 4892 Cant.
2917 4821 3130 4891 inferni,
3165 4824 3308 4892 quod
3334 4840 3523 4891 quam-

1922 4894 2006 4948 vis
2051 4895 2102 4947 in
2140 4891 2367 4947 Sedulio
2404 4892 2743 4946 substantive
2777 4891 2905 4946 ferri
2938 4894 3133 4962 possit,
3172 4891 3352 4948 tamen
3380 4909 3525 4962 pra»-

1924 4965 2147 5019 fercnda
2191 4974 2275 5019 est
2315 4966 2478 5018 lectio
2516 4964 2822 5019 communis
2857 4964 3097 5034 infernis.
3146 4965 3251 5018 Pro
3294 4967 3526 5018 cavernis

1926 5037 2118 5091 Pari-lt.
2150 5036 2279 5104 lcgit
2302 5036 2537 5101 cateruis,
2569 5035 2713 5104 q:.0d
2741 5036 3119 5102 rejiciendnm.

1992 5107 2119 5162 282.
2166 5105 2220 5157 In
2271 5107 2401 5165 Reg.
2453 5108 2475 5159 l
2527 5121 2690 5174 supra
2732 5105 2873 5159 dabit
2905 5107 3118 5158 videtur
3144 5105 3359 5158 diversa
3389 5106 3525 5158 scri-

1924 5188 2078 5250 ptura
2118 5179 2264 5248 facit.
2307 5175 2674 5250 Wopkensius
2709 5179 2954 5250 Potuisse
2986 5176 3152 5229 'scrihi
3179 5175 3261 5250 ait
3290 5174 3525 5229 innume-

1923 5247 1997 5306 ris
2040 5290 2053 5304 .
2099 5247 2124 5304 .⁷
2161 5288 2173 5301 .
2219 5250 2404 5314 turbis,
2436 5248 2530 5302 sed
2561 5258 2831 5316 receptam
2862 5248 3146 5300 lectionem
3178 5247 3370 5299 bonum
3392 5261 3526 5315 quo-

1925 5337 2032 5391 que
2071 5335 2194 5375 esse
2231 5318 2539 5374 conﬁrmat.
2590 5320 2689 5391 Ms.
2735 5322 2922 5372 Arntz.
2965 5318 3157 5391 formas
3184 5318 3530 5391 pro_tur_bas,

1929 5384 2025 5456 pro
2067 5394 2125 5448 d.
2172 5405 2219 5444 s.
2270 5399 2487 5461 turmas,
2536 5390 2682 5461 quod
2725 5384 2980 5443 exhibent
3026 5384 3242 5441 schedae
3291 5386 3524 5454 Poelnt.,

1926 5465 2060 5534 Reg.
2094 5464 2151 5527 5,
2184 5460 2374 5517 Aldus.

1990 5587 2017 5625 δ
2056 5585 2193 5641 Male
2223 5590 2379 5638 vetus
2421 5583 2592 5639 codes
2639 5589 2974 5651 quartagprq
3014 5583 3235 5651 quartae,
3282 5585 3338 5629 ct
3387 5575 3526 5628 iulia

1921 5658 2158 5731 frigentis
2204 5663 2376 5731 certus
2405 5643 2686 5731 exanime}.
2721 5643 3051 5731 Coujiciehat
3081 5643 3305 5731 Juretus
3344 5662 3531 5728 corpus

1922 5725 2176 5791 exanime,
2210 5725 2305 5781 sed
2340 5726 2581 5794 prtetulit
2628 5731 2773 5777 artus
2819 5725 3079 5773 exanimes
3126 5730 3195 5770 ex
3243 5725 3529 5774 carmine:

1930 5802 2311 5867 ltla'animesque
2338 5806 2505 5863 artus,
2543 5805 2673 5863 εις..
