4038 6312
464 326 572 384 699

609 442 751 512 Ergo
779 439 867 498 ubi
898 438 1188 497 clamantis
1217 439 1430 495 Domini
1452 438 1639 495 sonuit
1662 436 1814 502 tuba,
1834 435 2054 493 dicens:
2085 438 2134 515 Α

606 536 828 599 Lazare,
864 549 1029 605 perge
1056 532 1244 600 foras;
1275 548 1474 611 magno
1504 545 1769 588 concussu
1798 540 2000 601 parcre

461 630 570 688 285
607 630 829 685 Tartara
858 629 1131 685 dissiliunt
1165 647 1178 682 :
1211 628 1364 685 ercbi
1393 638 1613 699 patuere
1639 640 1911 690 recessus,

605 720 913 777 Extremuit
939 720 1140 776 lethale
1162 720 1353 788 chaos,
1382 721 1683 790 mortiSque
1708 715 1988 790 profunda:

606 814 716 870 Lex
754 813 918 886 perit,
960 825 1122 885 atque
1151 813 1330 870 anima
1359 813 1610 886 proprias
1638 818 1919 883 repetente
1950 824 2061 865 me-

1790 903 1984 971 dullas,

1790 903 1930 959 dttlla

606 1000 861 1058 Cernitur
891 1007 1018 1058 ante
1043 1001 1232 1057 oculos
1258 1001 1447 1057 vivens
1471 1007 1652 1059 astare
1678 903 1934 1056 cad[aver.

603 1097 769 1171 306
807 1097 1047 1168 Postque
1082 1096 1441 1162 sepulcralem
1484 1103 1753 1167 tamquam
1782 1100 2060 1149 recreatus

1674 1185 1985 1259 [honoretn,

461 1284 569 1342 290
608 1285 730 1357 Ipse
753 1283 857 1341 sibi
882 1282 1120 1339 moriens
1142 1293 1194 1338 et
1221 1281 1542 1353 posthumus
1563 1287 1763 1347 exstat,
1785 1288 1837 1333 et
1858 1277 2057 1333 haeres.

676 1376 879 1449 thue,
895 1374 1098 1432 caduca
1112 1374 1603 1447 vagicontemnens
1625 1371 1868 1430 culmina
1890 1371 2058 1439 saecli,

1848 315 2068 377 εαξη

2187 316 2380 378 ωυιιι
3648 328 3756 387 τοο

2305 436 2634 494 Monstraret
2659 448 2721 495 se
2747 440 2852 497 rite
2877 440 3073 510 Deum,
3097 452 3210 499 non
3238 442 3490 501 curribus
3510 440 3656 511 altis,

2301 530 2401 599 Qui
2429 542 2641 602 pompa
2663 533 2909 589 mortalis
2929 533 3128 605 honor,
3147 535 3467 608 rapidisque
3483 532 3761 608 quadrigis

2303 624 2631 682 Pulvereutn
2657 628 2885 683 suleavit
2912 630 3035 699 iter,
3066 642 3170 686 nec
3198 636 3345 702 terga
3368 630 3653 687 frementis

2158 717 2267 774 295
2302 716 2485 773 Ardua
2512 720 2713 790 pressit
2735 721 2885 792 equi,
2902 723 3145 793 phaleris
3169 724 3261 793 qui
3288 721 3490 793 pictus,
3508 731 3565 781 et
3584 730 3760 793 ostro,

2304 812 2412 870 Ora
2437 823 2780 871 cruentatum
2805 816 3117 874 mandentia
3134 819 3378 875 concutit
3396 830 3618 875 aurum.

2306 907 2414 964 Sed
2442 909 2590 965 lento
2620 910 2798 979 potius
2828 912 3131 982 gestamine
3160 912 3290 969 vllis
3317 912 3479 969 aselli

2303 1000 2464 1077 307
2494 1001 2714 1059 Rectorl
2743 1002 2961 1059 sulecit
3009 1003 3208 1071 honos,
3259 1003 3513 1076 levisque
3566 1005 3770 1077 ungula

3131 1172 3139 1179 .
3489 1096 3691 1174 leuius,

2310 1190 2381 1247 Ut
2404 1198 2559 1247 tanto
2587 1204 2808 1249 sessore
2832 1192 3003 1250 decus
3026 1193 3285 1251 mirabile
3315 1202 3564 1267 portans,

2163 1282 2269 1341 500
2305 1283 2554 1341 Nobilior
2573 1286 2676 1342 sub
2702 1285 2854 1344 fasce
2881 1285 3045 1352 foret,
3080 1300 3195 1344 non
3226 1287 3379 1345 illius
3405 1288 3609 1360 impar,

2306 1376 2408 1446 Qui
2442 1378 2631 1449 patqu
2648 1376 2928 1437 Christum
2959 1380 3087 1436 licet
3103 1380 3160 1437 in
3195 1393 3446 1454 praesepe
3495 1380 3773 1451 jacentem

1811 1503 1988 1563 OPUS
2026 1501 2411 1566 PASCRALE.

463 1608 709 1667 clamans
736 1612 785 1674 α,
813 1602 1034 1672 Lazare,
1063 1601 1215 1674 prodi
1259 1601 1425 1673 foras,
1458 1612 1653 1671 magna
1685 1606 1912 1669 repente
1945 1595 2059 1653 for-

473 1696 677 1757 midine
710 1708 908 1754 tartara
960 1706 1183 1768 patuere
1222 1707 1512 1761 concussa,
1540 1690 1737 1747 inferni
1778 1689 2065 1764 penetrale

464 1795 819 1862 contremuit,
854 1790 1056 1850 lethale
1097 1790 1267 1846 chaos
1299 1787 1540 1860 expavit,
1573 1794 1629 1843 et
1662 1784 1747 1842 lex
1797 1781 2066 1857 profundo

2170 1608 2439 1687 temnens,
2469 1597 2761 1661 Dominum
2791 1619 2914 1663 sese
2940 1602 3306 1663 celsissimum
3347 1604 3528 1675 magis
3554 1603 3784 1662 humili-

2173 1702 2282 1752 tate
2332 1702 2689 1767 monstraret,
2743 1713 2850 1754 non
2897 1698 3023 1755 altis
3081 1697 3362 1765 curribus,
3404 1697 3501 1769 qui
3564 1711 3781 1768 pompae

2173 1791 2418 1846 mortalis
2465 1791 2643 1849 honor
2695 1796 2719 1832 ο
2771 1792 3100 1861 ostenditur,
3123 1791 3447 1865 quadriiuga
3494 1790 3782 1847 celeritate

466 1886 660 1945 mortis
716 1888 1000 1950 abscessu,
1062 1883 1352 1953 animaque
1411 1878 1498 1936 sui
1558 1876 1809 1951 corporis
1866 1876 2063 1934 iterum
2096 1920 2147 1983 Β
2174 1881 2489 1950 subvectus,
2520 1883 2624 1942 iter
2653 1884 2915 1957 explicuit
2942 1885 3124 1942 orbita
3151 1885 3403 1941 sulcante
3427 1884 3776 1956 pulvereum,

468 1982 731 2039 membris
762 1978 967 2045 infusa,
1001 1985 1162 2049 rupto
1190 1974 1530 2031 monumenti
1562 1974 1849 2040 tutamine,
1884 1973 2064 2028 vivum

466 2076 710 2132 cernitur
752 2072 991 2129 cadaver
1038 2080 1257 2126 astare:
1299 2077 1529 2140 postque
1574 2064 1722 2139 justa
1774 2066 2062 2135 solemnia,

467 2176 594 2239 post
621 2167 901 2237 impletam
952 2158 1162 2220 funeris
1194 2161 1558 2233 sepulturam,
1593 2171 1872 2232 tamquam
1901 2157 2072 2217 fuerit

468 2260 651 2317 denuo
682 2259 885 2331 editus,
914 2267 970 2316 et
998 2266 1234 2325 creatus,
1268 2255 1383 2329 ipse
1413 2256 1517 2311 sibi
1563 2256 1804 2312 moriens
1832 2266 1884 2312 ct
1918 2266 2069 2327 post-

468 2358 670 2414 humus
692 2356 923 2421 exstitit,
947 2362 1003 2411 et
1032 2360 1318 2424 superstes
1344 2350 1630 2407 abscessit.

544 2450 720 2521 thue
761 2448 1046 2514 Dominus,
1073 2442 1355 2502 saecularis
1378 2441 1615 2500 ambitus
1645 2439 1847 2499 caduca
1878 2441 1906 2482 δ
1933 2457 2067 2500 con-

2174 1993 2276 2032 ucc
2301 1978 2467 2033 ardua
2500 1976 2787 2036 frementis
2809 1980 2933 2051 equi
2957 1988 3106 2051 terga
3147 1978 3503 2050 compressit,
3528 1978 3625 2049 qui
3646 1976 3781 2050 pbs-

2172 2067 2323 2138 leris,
2351 2079 2405 2125 et
2428 2081 2578 2126 ostro
2596 2072 2928 2142 conspicuus
2956 2087 3052 2127 ora
3081 2072 3326 2127 concutit
3351 2070 3624 2140 inquieta,
3653 2085 3780 2142 spu-

2170 2178 2381 2218 mosum
2407 2164 2615 2219 cruenti
2641 2161 2984 2234 pondusauri
3009 2160 3322 2221 mandentia
3353 2182 3364 2217 :
3402 2163 3501 2221 sed
3522 2161 3779 2221 vilissimi

2171 2254 2319 2310 lento
2350 2257 2526 2326 potius
2558 2255 2713 2311 aselli
2740 2256 3043 2328 gestamine
3082 2257 3311 2313 Domino
3343 2254 3450 2313 fuit
3483 2259 3662 2313 hunos
3686 2257 3779 2313 ille

2172 2346 2475 2406 sufficiens.
2500 2349 2669 2421 Cujus
2702 2351 2897 2423 ungula
2929 2368 3035 2408 non
3069 2353 3247 2424 pretio
3287 2365 3511 2424 magna,
3538 2352 3634 2408 sed
3662 2366 3776 2408 me-

2171 2444 2279 2503 rito
2312 2445 2445 2501 tanti
2477 2446 2711 2502 sessoris
2742 2445 2939 2503 claruit
2962 2447 3065 2504 sub
3088 2446 3236 2504 fasce
3276 2446 3547 2516 nobilior,
3580 2462 3688 2503 non
3711 2446 3778 2502 il-

1966 2558 2286 2617 SCHOLIA.

534 2658 665 2714 285.
710 2656 932 2712 Tartara
967 2656 1257 2723 Cellarius,
1297 2656 1604 2720 Grunerus,
1645 2663 1701 2710 et
1732 2656 2064 2712 Arntsenius

710 2654 932 2740 Tartara
957 2654 1257 2740 .Cellarius,
1286 2654 1604 2740 rGrunerus,
1645 2655 1991 2740 et‘Ar‘ulseni

467 2730 537 2813 de
576 2728 827 2813 sepulcro
853 2727 1155 2813 accipiunt,
1196 2726 1496 2813 utﬁtandem
1531 2736 1754 2813 negent,
1783 2724 2064 2813 Christum

468 2802 534 2858 ad
579 2800 790 2856 inferos
833 2800 1201 2855 descendisse.
1244 2798 1376 2867 Quis
1430 2808 1536 2853 tam
1565 2800 1863 2855 violentam
1896 2798 2066 2855 inter-

471 2872 831 2942 pretationem
853 2887 1008 2942 arqtto
1028 2873 1213 2928 animo
1237 2869 1406 2927 ferat?
1428 2868 1631 2928 lterum
1654 2870 1758 2927 bac
1769 2870 1839 2927 de
1856 2884 1914 2926 re
1936 2871 2064 2926 libr.

471 2960 583 2999 seu.
618 2943 818 2999 redibit
855 2958 1053 2999 sermo.

469 2960 530 3001 se
577 2986 583 2992 .
618 2953 818 3000 redibit
855 2958 1053 3000 sermo.

488 3088 499 3098 Α
523 2961 686 3098 ἔδει
702 3015 912 3098 Burm.,
940 3015 1156 3098 Arium,
1185 3014 1409 3098 Reg._l,
1431 3014 1489 3082 2,
1506 3012 1570 3098 ,5,
1590 3013 1784 3098 pttob.
1796 3012 2065 3098 iniens,

472 3087 598 3145 Ald.
640 3085 951 3142 Extremuit.
999 3086 1195 3151 Rom.,
1251 3085 1407 3148 Urb..
1453 3085 1543 3141 ed.
1589 3084 1739 3156 Lips.
1787 3084 2067 3152 Extimuit,

469 3175 590 3230 qua:
629 3167 714 3230 est
748 3158 925 3230 glossa
966 3158 1019 3212 in
1059 3159 1194 3228 Reg.
1241 3159 1290 3212 l.
1324 3156 1437 3230 Alii
1460 3172 1583 3211 cum
1614 3156 1832 3227 Parrh.,
1868 3156 1933 3211 Et
1958 3167 2068 3230 tre-

473 3228 618 3286 muit.
659 3229 716 3286 lu
758 3229 880 3286 Vat.
910 3231 969 3295 '2,
1002 3232 1154 3286 deest
1180 3230 1394 3283 initium
1427 3228 1590 3296 hujus
1619 3241 1837 3290 versus,
1863 3236 1920 3283 et
1947 3228 2069 3283 ﬁnis

473 3301 854 3372 prmcedentis.
890 3301 995 3356 Pro
1023 3300 1189 3355 verbo
1219 3301 1521 3372 eatretnisco
1551 3302 1748 3372 nitatur
1773 3298 1937 3372 etiam
1972 3299 2067 3354 Mi-
2096 3308 2142 3370 C
2175 3303 2440 3357 mandenti
2486 3306 2711 3358 concutit
2761 3318 2814 3357 α.
2847 3347 2862 3371 ,

2173 2666 2231 2712 ιιι
2252 2657 2508 2728 arbitror,
2537 2657 2591 2712 in
2614 2668 2929 2715 contextum
2961 2659 3204 2728 irrepsit.

2241 2729 2367 2785 291.
2400 2727 2451 2782 F
2451 2731 2693 2802 minentis
2723 2747 2743 2786 :
2771 2732 2849 2785 sic
2870 2727 3130 2802 Virgilius
3154 2746 3173 2786 ι
3199 2728 3403 2802 Georg.
3426 2743 3485 2786 ν.
3509 2728 3580 2785 12
3601 2771 3619 2797 ,
3647 2729 3777 2787 Fre-

2172 2812 2394 2873 mentcm
2416 2831 2488 2873 :—
2514 2799 2671 2855 Fudit
2700 2819 2905 2873 equum.

2250 2872 2371 2929 396.
2412 2871 2541 2928 Mss.
2588 2871 2775 2939 Cant.,
2815 2873 2990 2943 Lips.,
3035 2874 3202 2941 Ang.,
3248 2871 3397 2938 Alb.,
3443 2871 3581 2943 Reg.
3627 2873 3681 2939 1,
3717 2875 3774 2942 '8,

2180 2944 2297 3000 Vat.
2330 2945 2382 3008 1,
2412 2945 2524 3000 Ott.
2557 2945 2581 2999 1
2612 2986 2626 3007 ,
2662 2945 2790 3001 Urb.
2831 2945 2939 2999 0m
2967 2954 3292 3000 cruentatum
3322 2945 3633 2999 mandentia
3661 2961 3783 2999 con-

2176 3017 2305 3070 cutit
2326 3032 2536 3081 auram,
2561 3015 2920 3073 dissentiente
2943 3018 3176 3086 primum
3205 3014 3780 3086 Wopkensio,deinde

2176 3090 2553 3145 consentiente
2592 3087 2646 3142 iu
2681 3088 2939 3145 secundis
2964 3087 3129 3145 curis.
3160 3087 3489 3142 Rectissime
3515 3088 3661 3141 enim
3692 3087 3778 3142 di-

2176 3160 2338 3224 citur,
2361 3175 2561 3230 equum
2588 3172 2887 3216 concutere
2912 3172 3007 3215 ora
3032 3160 3346 3215 mandentia
3366 3172 3564 3213 aurum
3586 3170 3779 3230 cruen-

2180 3241 2369 3286 tatum.
2408 3229 2462 3286 in
2505 3245 2607 3286 ins.
2651 3234 2844 3288 Arntz.
2875 3232 3110 3287 secunda
3140 3231 3415 3300 scriptura
3454 3240 3578 3285 erat
3611 3229 3776 3284 Oric.

2910 3318 3073 3375 quam
3119 3304 3260 3358 Aldo
3304 3317 3531 3375 quoque
3575 3302 3781 3372 aflingit

471 3370 664 3430 nucius
705 3372 861 3428 Felix
900 3387 1021 3441 cap.
1065 3374 1158 3436 ‘28,
1187 3372 1283 3425 sed
1314 3372 1453 3443 apud
1488 3371 1631 3425 hunc
1660 3371 1822 3426 etiam
1853 3370 1945 3424 alii
1975 3384 2070 3423 νη·
2175 3376 2500 3429 Arntzenius
2535 3393 2547 3429 :
2585 3376 2681 3430 sed
2711 3377 2763 3431 in
2792 3370 2942 3430 Aldo'
2960 3376 3165 3429 clarum
3194 3384 3279 3428 ost
3308 3370 3650 3443 Ore,'ncque
3676 3370 3782 3427 stat

474 3447 638 3510 riaut,
673 3455 725 3499 et
758 3445 945 3513 legunt
971 3444 1391 3497 contremiscunt.
1423 3441 1731 3513 Scriptores
1755 3443 1948 3513 saltem
1983 3443 2068 3496 in-

424 3544 433 3550 -
476 3518 584 3570 limi
632 3515 730 3569 :evi
773 3511 994 3569 verbum
1034 3516 1339 3567 cxtremisco
1379 3511 1694 3582 usurpasse,
1736 3528 1802 3568 ex
1831 3511 2072 3582 liispano

474 3598 831 3642 estremecerse
860 3589 995 3639 satis
1023 3586 1167 3639 clare
1196 3587 1462 3655 arguitur.

546 3657 674 3712 “287.
718 3657 1057 3711 Burtnanuus
1092 3654 1417 3725 cunjictehat
1460 3654 1656 3727 primas
1682 3670 1783 3727 pro
1808 3656 2070 3727 proprias.

482 3729 674 3785 Verum
701 3729 996 3796 scriptores
1020 3729 1226 3783 Sedulii
1259 3727 1518 3798 :rqualcs,
1550 3738 1603 3780 et
1627 3728 1906 3797 aliquanto
1932 3728 2074 3783 anti-

477 3803 698 3872 quiores
728 3800 926 3869 passim
956 3798 1218 3855 adhibent
1244 3800 1492 3872 proprius
1518 3812 1616 3868 pro
1644 3816 1789 3872 suas.
1824 3798 2074 3872 Videsn-

475 3870 573 3943 pra
617 3887 669 3925 v.
716 3872 844 3938 201,
889 3872 942 3924 h.
992 3872 1056 3938 l.,
1098 3879 1154 3925 et
1183 3881 1294 3925 not.
1322 3872 1387 3925 ad
1414 3870 1643 3943 Juvenc.
1676 3871 1715 3925 i.
1750 3886 1827 3935 lli,
1862 3884 1913 3923 v.
1946 3870 2071 3935 505.

474 3942 563 3998 ubi
606 3952 821 3999 veteres
858 3951 1045 4012 poetas
1087 3944 1159 3997 ita
1204 3944 1416 3999 luentes
1452 3942 1707 3998 iudicavi.
1754 3943 1872 3997 Vat.
1910 3943 1966 4007 2,
1993 3959 2077 3997 re-

472 4024 646 4089 pente,
687 4016 828 4085 quod
875 4014 1091 4089 videtur
1134 4014 1301 4089 fuisse
1345 4016 1396 4068 in
1442 4015 1560 4067 Vat.
1590 4016 1641 4075 l,
1685 4013 1801 4089 ubi
1820 4029 1963 4089 nunc
1990 4024 2078 4069 est

472 4085 753 4158 repetente,
784 4096 841 4143 et
879 4086 1262 4158 glossagsubito
1295 4102 1391 4158 pro
1420 4094 1649 4157 repente.
1683 4086 1740 4140 lu
1769 4085 1903 4158 Reg.
1940 4087 1991 4150 1,
2020 4095 2078 4141 et

472 4155 582 4213 Ott.
630 4159 659 4214 1
708 4155 775 4214 ex
817 4155 1025 4230 repente
1067 4156 1269 4213 factum
1318 4157 1419 4213 fuit
1458 4155 1736 4227 repetente.
1782 4155 1914 4213 Urb.
1955 4172 2076 4213 cor-

474 4242 631 4301 rupte
673 4229 881 4301 repete.
906 4230 1099 4301 Posset
1131 4230 1318 4300 aliquo
1362 4244 1528 4301 sensu
1572 4229 1852 4299 explicari,
1895 4236 1951 4284 et
1977 4230 2077 4284 de-

473 4300 620 4357 fendi
670 4300 882 4367 repente
922 4316 954 4356 a
994 4300 1160 4356 verbo
1199 4316 1324 4367 repo
1362 4300 1540 4356 activo
1569 4312 1690 4356 cum
1713 4302 2027 4356 accusativo
2062 4318 2075 4355 :

474 4374 571 4428 sed
614 4372 838 4429 dubium
879 4387 986 4428 non
1028 4384 1135 4441 est,
1183 4371 1313 4443 quin
1358 4386 1483 4428 vera
1520 4372 1591 4427 sit
1628 4372 1903 4442 scriptura
1931 4388 2082 4445 repe-

477 4453 631 4497 lente.

546 4515 673 4569 289.
726 4514 912 4581 Fabr.,
954 4523 1009 4569 et
1045 4514 1289 4586 nonnulli
1320 4514 1411 4568 alii
1438 4513 1569 4569 editi
1596 4515 1808 4569 tondent
1838 4531 1856 4569 :
1886 4515 2080 4586 reliqui

472 4599 595 4641 cum
629 4599 785 4653 prosa
816 4596 1074 4655 tamquam
1104 4602 1123 4638 :
1153 4590 1206 4639 in
1236 4585 1373 4655 Reg.
1409 4586 1461 4649 1,
1489 4602 1588 4653 pro
1610 4588 1667 4639 d.
1693 4601 1740 4641 s.
1768 4586 2000 4640 tandem.

546 4656 672 4711 291.
712 4656 861 4710 Meus
890 4655 1270 4727 Triumphabat
1306 4657 1578 4710 Dominus.
1608 4656 1819 4712 Poelm.
1843 4658 2085 4715 Christus

476 4729 640 4782 asina:
679 4727 908 4781 insidens
952 4726 1251 4781 Jerusalem
1298 4726 1608 4797 ingreditur.
1659 4727 1851 4784 Arntz.
1901 4732 2083 4785 mundi

476 4814 577 4869 pro
607 4798 747 4854 swcli
777 4813 845 4853 ex
871 4798 1047 4867 aliqua
1076 4798 1283 4870 glossa.
1312 4797 1622 4864 Scriptores
1647 4799 1931 4855 christiani
1960 4816 2086 4870 pas-

474 4872 578 4925 sim
603 4874 817 4925 sazclnm
844 4880 900 4924 et
931 4869 1181 4923 iaculum
1210 4884 1308 4939 pro
1340 4870 1543 4925 mundo
1573 4911 1589 4936 ,
1625 4870 1897 4942 rebusque
1923 4869 2084 4928 muts-

477 4944 635 4997 danis
659 4951 943 5011 usurpant.

546 5015 674 5070 292.
713 5010 1042 5084 Arittzeuius
1074 5010 1263 5067 tribuit
1288 5011 1462 5084 codici
1492 5014 1671 5077 Cant.,
1700 5024 1757 5069 et
1781 5014 1906 5070 edd.
1932 5015 2085 5084 Ald.,

477 5088 627 5153 Bas.,
670 5086 903 5155 aliisque
947 5082 1245 5155 Monstrare
1275 5099 1373 5151 pro
1402 5080 1739 5141 Monatraret.
1763 5083 1961 5141 Verum
1993 5080 2087 5141 Al-

474 5158 577 5213 dus
618 5157 749 5212 mihi
792 5153 1017 5212 exhibet
1062 5153 1377 5224 Monstroret
1408 5171 1426 5208 :
1452 5170 1631 5224 neque
1657 5157 1887 5212 alterum
1916 5158 2087 5214 susti-

475 5231 592 5285 neri
630 5239 830 5294 potest.
861 5228 1019 5283 Rom.
1051 5223 1285 5279 cursibus
1319 5242 1337 5279 :
1375 5223 1553 5281 retine
1575 5229 1829 5285 curribus.

543 5302 672 5358 295.
705 5301 829 5357 Vat.
862 5302 919 5363 2,
950 5298 1084 5366 Reg.
1114 5295 1170 5359 5,
1203 5296 1328 5369 Ald.
1359 5296 1460 5362 Qui
1485 5315 1690 5369 pompae
1710 5310 1783 5354 est
1807 5302 2084 5358 mortalis:

477 5374 673 5429 melius
700 5373 862 5428 abest
890 5371 1117 5427 verbum
1151 5367 1586 5433 substantivum,
1611 5367 1757 5439 quod
1788 5388 1856 5426 ex
1875 5372 2087 5443 glossa,

544 5519 570 5547 ει
614 5510 818 5564 Sensus
852 5505 1065 5561 videtur
1092 5501 1377 5577 postulare
1398 5503 1666 5577 exclamat.
1710 5505 1917 5577 Vulgati
1958 5526 2087 5565 omo

473 5596 573 5637 nes
619 5579 862 5635 referunt
898 5577 1220 5632 exclamans.
1254 5574 1421 5629 Paulo
1450 5589 1571 5642 post
1601 5574 1922 5636 Gallaudius
1950 5598 2077 5637 cor-

469 5654 614 5727 rexit
656 5661 703 5706 et
744 5652 829 5727 lea;
875 5647 1154 5727 profundi:
1201 5647 1383 5727 mortis
1422 5647 1688 5715 abscessit,
1736 5652 1806 5704 al.
1848 5670 1919 5727 ex
1960 5668 2081 5727 pro‘

466 5722 634 5798 [unde
675 5716 1165 5798 mortis'abseessn.
1212 5716 1359 5772 Editi
1407 5730 1725 5778 ccustanter
1764 5732 1814 5778 et
1839 5724 1921 5779 lex
1960 5716 2083 5798 'pro-

473 5792 656 5866 fundo
673 5792 852 5866 mortis
882 5796 1150 5866 abscessu.

536 5864 566 5907 1'
609 5863 749 5931 Male
775 5871 930 5921 vetus
957 5861 1130 5919 codex
1156 5859 1349 5918 caduco
1369 5873 1703 5937 contemnens
1731 5880 1833 5940 pro
1856 5868 2083 5929 caduca.

1843 5981 1874 6007 δ

2109 4698 2162 4759 D

2173 3460 2367 3501 versus
2405 3461 2527 3500 cum
2580 3446 2693 3501 Ori.
2740 3449 2876 3501 tium
2919 3446 3059 3501 Aldo
3098 3445 3305 3501 faciunt
3344 3444 3448 3499 Ure
3476 3485 3492 3498 .
3535 3484 3551 3499 .
3598 3485 3612 3498 .
3638 3460 3783 3498 man-

2172 3517 2317 3588 denti
2347 3518 2468 3572 Vat.
2495 3518 2553 3581 2,
2586 3518 2720 3588 Reg.
2749 3516 2804 3583 5,
2837 3519 3181 3576 Parrhasius.
3210 3518 3403 3588 Plures
3429 3527 3647 3588 veteres
3670 3515 3784 3571 edi-

2176 3587 2371 3655 tiones,
2420 3599 2479 3644 ut
2528 3590 2646 3645 Vet.
2674 3586 2751 3655 ⁷1,
2794 3590 2849 3649 2.
2890 3589 3078 3656 Fabr.,
3108 3588 3279 3653 Mon.,
3308 3586 3464 3657 Lips.
3499 3587 3608 3641 Ore
3648 3626 3663 3640 .
3707 3624 3720 3642 .
3759 3624 3776 3641 .

2175 3662 2488 3728 mandendo,
2536 3662 2681 3729 quod
2718 3661 2827 3716 Ott.
2851 3663 2888 3715 2
2920 3660 3166 3716 exhibet.
3194 3659 3300 3714 Pro
3331 3663 3560 3729 concutit
3592 3672 3786 3729 perpe-

2177 3747 2291 3786 ram
2323 3733 2461 3788 Bibl.
2494 3728 2663 3803 Lugd.
2698 3733 2991 3802 concoquit,
3037 3742 3094 3786 ut
3134 3731 3220 3785 vel
3260 3746 3327 3784 ex
3351 3728 3586 3799 Virgilio
3610 3728 3785 3803 disces

2176 3803 2214 3857 Ι.
2252 3819 2306 3857 ιν
2340 3804 2468 3860 Ain.
2508 3801 2735 3867 “154,
2768 3801 3024 3869 Ostroque
3058 3803 3308 3874 insignis,
3337 3809 3387 3853 et
3412 3818 3547 3874 agro
3572 3829 3641 3841 --
3668 3801 3785 3856 Stat

2176 3878 2404 3949 sonipes,
2437 3892 2498 3929 ac
2527 3877 2675 3947 frena
2704 3877 2850 3946 ferox
2872 3871 3411 3949 spumantia'mandit.
3443 3871 3782 3943 Scripturam

2182 3946 2456 4016 receptam
2484 3946 2643 4018 prosa
2670 3946 3225 4018 quoqueconlirmat.

2249 4013 2377 4077 298.
2427 4013 2540 4073 ct..-
2588 4013 2712 4072 levis
2762 4013 2959 4087 ungula
2988 4058 3002 4081 ,
3051 4019 3097 4072 si
3147 4015 3336 4071 tardus
3379 4014 3633 4087 asellus?
3683 4013 3785 4070 Re-

2180 4091 2415 4159 spondet
2446 4086 2853 4156 Nebrissensis,
2875 4087 3001 4142 leris
3033 4088 3158 4159 poni
3205 4103 3305 4158 pro
3326 4086 3469 4142 silis.
3512 4086 3593 4142 ita
3622 4088 3785 4141 etiam

2228 4178 2372 4215 rosa.

2186 4177 2378 4289 “£331
2419 4231 2790 4301 Wopkeusius
2817 4231 3009 4286 mallet
3043 4230 3335 4301 Nobiliori:
3364 4228 3461 4284 sed
3487 4229 3676 4301 aptius
3705 4237 3793 4285 est

2185 4301 2448 4367 Nobilior,
2480 4300 2638 4372 cuius
2666 4301 2920 4371 glossain
2965 4303 3102 4373 Reg.
3154 4305 3209 4365 l,
3264 4300 3788 4373 Nobilior'omnibas

2182 4377 2343 4446 equis.
2381 4377 2493 4430 lloc
2520 4377 2694 4444 ipsum
2727 4374 2922 4457 suadet
2951 4372 3136 4445 prosa.
3186 4373 3286 4429 Ed.
3323 4372 3511 4441 Lips.,
3575 4372 3788 4454 schedp

2185 4446 2398 4502 Poelm.
2423 4490 2439 4513 ,
2468 4456 2523 4501 et
2569 4446 2659 4500 ed.
2689 4446 2937 4514 ejusdem
2970 4446 3177 4501 Poelm.
3212 4443 3278 4497 ad
3328 4456 3505 4514 marg.
3568 4460 3675 4497 non
3715 4457 3791 4496 ιιι·-

2184 4490 2297 4572 In:
2305 4490 2409 4573 iiii
2423 4490 2452 4573 ἐ
2470 4490 3189 4572 ἶίιοῖίῖιέἔιῗὶἷιᾶἆᾶὶὲἱὶ
3201 4490 3436 4588 inpii?
3451 4490 3536 4570 Xa
3565 4490 3784 4569 eius...

2185 4593 2327 4660 fasce
2356 4590 2954 4660 Burmannusniargini
2995 4586 3426 4660 suae_editit)nis
3456 4587 3789 4660 ascripseral

2186 4657 2252 4715 ex
2300 4661 2528 4732 Virgilio
2560 4676 2641 4733 illi
2688 4658 2895 4733 Georg.
2954 4657 3439 4733 547,1:tjnstoaab
3484 4659 3627 4727 fasce
3655 4658 3789 4733 viain

2189 4747 2307 4787 cum
2329 4730 2514 4805 carpit.
2557 4731 2829 4805 Nimirum,
2854 4731 3008 4805 fascis
3035 4747 3151 4805 pro
3174 4730 3375 4805 quovis
3413 4744 3587 4784 onere
3638 4730 3785 4799 punio

2192 4812 2280 4858 tur
2309 4823 2324 4857 :
2352 4801 2499 4875 quod
2531 4802 2744 4859 notavit
2762 4801 2927 4857 etiam
2954 4801 3346 4875 Nebrisseusis.

2262 4869 2387 4932 ’5012
2441 4877 2519 4931 De
2555 4888 2957 4947 voceprtesepe
2991 4874 3049 4947 in
3086 4872 3370 4947 auferendi
3406 4885 3541 4947 casu
3582 4871 3692 4947 dixi
3721 4869 3784 4923 ad

2190 4945 2228 4998 ι.
2264 4962 2323 5012 ιι,
2354 4963 2407 5000 v.
2438 4947 2531 5003 62.
2558 4943 2935 5002 Nebrissensis
2965 4945 3206 5008 volebat,
3238 4943 3329 4999 hic
3350 4943 3459 5013 legi
3486 4944 3711 5014 patula,
3732 4949 3789 4996 ut

2191 5034 2419 5091 prcesepe
2446 5021 2518 5074 sit
2543 5035 2572 5074 a
2595 5019 2861 5091 prcaepis.
2884 5017 3129 5091 praesepis
3156 5013 3656 5091 feminfnigeneris.
3678 5013 3791 5091 Coiﬁ

2191 5086 2365 5144 larius
2392 5101 2566 5157 notat,
2597 5086 2800 5143 inultos
2824 5086 2894 5143 ex
2944 5086 3193 5142 Pati-ibus
3216 5086 3419 5142 dictum
3446 5087 3518 5141 de
3546 5088 3709 5149 hove,
3740 5090 3795 5140 et

2189 5161 2345 5216 asino
2375 5162 2532 5216 Isaia.
2559 5179 2600 5228 1,
2635 5163 2688 5225 5,
2720 5161 2788 5213 ad
2818 5174 3068 5230 praesepe
3097 5159 3301 5213 Christi
3331 5162 3421 5229 pio
3448 5172 3644 5213 errore
3690 5165 3791 5230 tra-

2194 5232 2365 5287 xisse.
2400 5232 2508 5290 Sed
2541 5226 2664 5304 quis
2679 5226 2981 5304 ,Cellarium
3004 5226 3217 5296 docuit,
3244 5226 3491 5304 errorem
3531 5244 3658 5304 esse
3683 5226 3792 5297 opi—

2193 5304 2439 5372 nionem,
2488 5302 2650 5372 quam
2673 5303 2791 5375 ipse
2815 5303 2987 5374 piam,
3017 5309 3075 5357 et
3101 5318 3131 5355 a
3182 5303 3370 5359 multis
3412 5302 3666 5357 Patribus
3694 5310 3791 5354 trao

2191 5375 2361 5430 ditem
2393 5376 2633 5430 fatetur?

2230 5377 2361 5432 itam
2393 5376 2633 5431 fatetur?

2261 5522 2284 5551 υ
2335 5511 2517 5568 Facile
2547 5528 2608 5569 se
2638 5512 2772 5568 mihi
2799 5513 2997 5585 prohat
3026 5512 3341 5580 conjectura
3381 5511 3676 5585 Gallandii,
3707 5508 3792 5585 qui

2186 5600 2255 5640 ex
2280 5587 2524 5639 carmine
2563 5580 2817 5651 reposuit
2846 5586 3036 5648 honor,
3077 5598 3200 5639 cum
3240 5585 3372 5640 editi
3418 5584 3681 5639 haberent
3706 5580 3791 5653 qui

2188 5671 2391 5729 pompa:
2419 5659 2651 5712 mortalis
2681 5673 2848 5711 amor.
2885 5657 3055 5712 Paulo
3085 5662 3208 5725 post
3234 5657 3286 5710 in
3314 5655 3592 5710 nonnullis
3618 5655 3797 5723 vulga-

2192 5726 2264 5812 tis
2303 5726 2618 5812 licitatione,
2661 5736 2718 5788 et
2759 5729 3045 5785 hesternae
3085 5729 3348 5789 mendum
3393 5736 3485 5783 est
3506 5740 3611 5800 pro
3633 5732 3799 5800 gestet

2192 5809 2351 5854 mine.
2441 5809 2473 5825 “
