4038 6312
152 280 235 339 705
1261 271 1547 330 CARMEN
1587 270 1970 329 PASCHALE.
2009 270 2140 328 LIB.
2183 273 2246 328 V.

266 395 417 468 312
455 391 611 449 Coele
669 388 982 447 assertore?
1024 387 1098 447 At
1125 404 1227 447 nec
1276 389 1358 447 sic
1411 404 1711 462 agnoscere
1738 394 1792 456 Α

1330 483 1633 557 [Christum

268 583 407 640 Gens
432 580 611 637 voluit
631 578 821 635 Judaza
849 578 1053 645 Deum;
1086 591 1215 649 pars
1234 591 1356 635 esse
1383 576 1634 643 ferebat,

269 674 375 731 Hoc
417 672 721 729 tonitrum:
771 685 902 743 pars
942 669 1261 743 angelicam
1294 669 1583 740 crepuisse
1624 666 1707 724 ιο.

1364 760 1632 833 [quelam.

274 862 314 917 0
338 873 470 932 gens
507 873 652 915 θεολ
678 857 879 927 oculis,
907 872 940 913 ο
964 871 1098 928 gens
1119 855 1411 913 durissima
1435 852 1634 911 corde!

183 954 239 1010 l5
269 950 375 1011 Non
399 954 635 1007 tonitrus
659 951 836 1021 potuit
852 949 1159 1015 Christum,
1183 949 1299 1005 sive
1320 947 1550 1019 angelus
1572 946 1717 1002 ullus

268 1046 553 1100 Auctorem
581 1056 883 1114 generasse
909 1057 1094 1113 suum,
1133 1040 1248 1112 qui,
1282 1039 1507 1096 nomine
1537 1039 1718 1095 Patris

270 1138 483 1206 Audito,
508 1152 782 1208 responsa
812 1135 996 1203 daret,
1023 1136 1120 1192 sed
1162 1135 1234 1190 ab
1258 1150 1358 1191 ore
1388 1133 1678 1204 Tonantis,

3302 287 3406 345 706

1963 387 2081 445 Vox
2112 391 2312 447 emissa
2335 405 2434 448 suo
2464 394 2747 464 respondit
2765 409 3005 455 consona
3031 400 3223 457 verbo.

1848 480 1923 537 20
2032 483 2223 537 Annua
2246 490 2374 538 tunc
2388 497 2559 541 sacrae
2576 486 2861 546 celebrans
2883 506 3219 561 permunera
3236 509 3409 552 coenae

1956 573 2257 631 Paschales
2291 589 2358 631 ex
2393 592 2548 635 more
2578 579 2744 651 dapes
2767 622 2782 649 ,
2817 582 3189 658 humilemque
3246 587 3411 645 mini-

3195 678 3402 754 [strum

1956 756 2029 815 Se
2056 756 2266 816 faciens
2287 800 2302 827 ,
2338 771 2393 816 et
2432 773 2586 834 grata
2615 765 2734 822 suis
2762 768 3010 841 exempla
3048 771 3367 843 relinquens
3391 815 3407 841 ,

1956 848 2232 923 Assurgit,
2248 852 2572 926 famulisque
2586 857 2763 914 libens
2775 859 3068 918 famulatur
3088 904 3104 931 ,
3120 874 3173 921 et
3192 880 3412 921 omnem

1961 943 2212 1001 Linteolo
2233 947 2509 1004 accinctus
2540 958 2747 1005 tantum
2777 953 3059 1011 inclinavit
3091 948 3360 1016 honorem
3393 1000 3411 1030 ,

1852 1036 1926 1093 25
1964 1036 2256 1108 Discipulis
2286 1050 2345 1094 ut
2372 1048 2567 1111 sponte
2592 1042 2782 1100 lavans
2810 1048 3041 1119 vestigia
3075 1053 3305 1117 cunctis,

1963 1128 2075 1187 Nec
2099 1130 2296 1187 Judam
2347 1133 2659 1204 exciperet,
2707 1151 2871 1206 quem
2930 1139 3254 1209 proditionis
3314 1144 3419 1200 ini-

269 1230 420 1303 313
448 1228 651 1286 Natum
673 1228 1023 1301 agnoscentis
1043 1273 1058 1301 ,
1084 1227 1320 1300 populus
1337 1241 1447 1298 quo
1467 1226 1721 1282 crederet
2121 1273 2129 1276 ,
2334 1266 2339 1273 .
3256 1232 3418 1308 [qua

1488 1317 1717 1391 [astans,
1968 1315 2208 1374 Noverat
2254 1328 2560 1377 auctorem.
2597 1320 2706 1378 Sed
2740 1323 2815 1379 nil
2848 1324 2941 1381 tibi
2969 1326 3180 1407 gloria,
3210 1342 3355 1386 saeve

1472 1437 1653 1496 OPUS
1691 1434 2079 1495 PASCHALE.

157 1545 311 1605 iud-aea
349 1557 481 1616 gens
526 1540 768 1614 perﬁda,
825 1553 949 1610 quae
1001 1535 1218 1608 pondus
1270 1544 1434 1590 tanta:
1473 1533 1723 1589 veritatis
1825 1542 2023 1601 puncta
2060 1529 2215 1587 turba
2250 1532 2411 1588 nimis
2442 1526 2723 1591 incredula
2754 1550 2880 1592 sero
2910 1537 3148 1596 caelitem
3186 1539 3426 1599 deduce-

158 1637 438 1701 audiverat,
468 1647 817 1704 nequaquam
848 1630 1018 1693 signis
1039 1629 1116 1685 ita
1140 1628 1443 1684 manifestis
1467 1627 1718 1696 impulsa,
1828 1630 1914 1679 ret
1932 1623 1998 1678 ad
2023 1622 2206 1680 fidem.
2229 1624 2344 1680 Hoc
2361 1636 2447 1682 est
2468 1626 2895 1699 itaque,Patrem
2920 1631 3427 1705 Filiorespondere,

160 1729 345 1786 Domini
372 1727 501 1784 Jesu
527 1725 739 1783 Christi
772 1724 1039 1781 deitatem
1061 1721 1297 1779 credidit
1344 1721 1724 1791 approbatam.
1827 1729 1941 1770 sure
1966 1717 2087 1772 voci
2120 1718 2483 1775 consimiliter
2502 1734 2832 1790 consonare,
2856 1725 3116 1795 quoniam
3137 1728 3309 1784 verbo
3334 1745 3428 1800 ge-

158 1825 354 1895 Quidam
382 1823 530 1879 enim
572 1822 866 1889 strepitum
917 1817 1086 1873 fuisse
1118 1815 1340 1873 tonitrui
1372 1814 1724 1881 astruebant,
1832 1808 1979 1864 nitus
2007 1810 2232 1865 verbum
2268 1810 2446 1867 Patris
2493 1822 2579 1868 est
2608 1810 2894 1881 Christus,
2925 1826 2980 1872 et
3013 1819 3199 1889 parilis
3241 1823 3428 1893 conje-

158 1919 228 1973 alii
253 1919 476 1973 locutum
510 1916 560 1970 ei
587 1914 847 1985 angelum
899 1909 1271 1981 disputabant.
1316 1906 1361 1963 Ο
1405 1906 1561 1979 plebs
1598 1921 1729 1963 vere
1831 1912 1984 1957 ctura
2011 1903 2516 1962 sermonisPatrem
2533 1904 2797 1963 revelavit
2819 1908 2872 1963 in
2891 1907 3260 1980 Filio,Filium
3280 1930 3433 1971 reve-

159 2025 298 2078 eatea,
327 2008 491 2064 corde
521 2004 853 2062 durissima!
879 2003 947 2058 de
968 2018 1072 2073 qua
1098 1999 1434 2072 prophetans
1464 2000 1536 2054 ita
1562 1998 1728 2055 locu-
1755 1988 1968 2065 Blavit
1990 1998 2042 2053 in
2056 1998 2240 2055 Patre.

160 2113 233 2159 tus
263 2114 339 2160 est
382 2101 576 2158 Esaias
606 2111 667 2153 ιε
713 2097 1002 2153 Obctecavit
1033 2094 1209 2149 oculos
1237 2110 1436 2159 eorum,
1482 2101 1529 2147 et
1569 2093 1729 2147 indu-
1906 2090 2057 2147 Tunc
2085 2092 2253 2149 annui
2293 2105 2641 2151 sacramento
2694 2097 2930 2153 convivii
2979 2115 3101 2155 cum
3151 2100 3435 2170 paschales

160 2198 269 2252 ravit
316 2213 402 2251 cor
449 2211 665 2260 eorum,
698 2193 774 2246 uti
805 2207 869 2245 ne
896 2189 1104 2244 videant
1134 2186 1300 2242 oculis
1319 2228 1334 2253 ,
1363 2195 1411 2242 et
1432 2186 1755 2257 intelligant
1834 2186 2024 2256 epulas
2045 2187 2346 2244 celebraret
2373 2204 2445 2244 ex
2472 2205 2645 2259 more,
2678 2200 2738 2246 ut
2764 2190 3131 2250 humilitatem
3159 2195 3311 2268 diligi
3336 2211 3435 2255 suo

161 2289 312 2353 corde,
358 2298 403 2343 et
452 2292 851 2350 convertantur,
903 2292 951 2338 et
993 2298 1177 2337 sonent
1222 2297 1331 2335 eos.
1376 2279 1563 2350 Neque
1586 2278 1733 2335 enim
1835 2282 2017 2351 potius
2039 2280 2296 2337 edoceret
2325 2284 2603 2354 exemplo,
2637 2285 2898 2354 surrexit,
2923 2302 2989 2343 ac
3016 2288 3186 2346 linteo
3213 2306 3272 2348 se
3296 2307 3438 2363 prae-

163 2385 364 2439 tonitrns
394 2383 703 2446 Christum,
734 2388 830 2433 ant
854 2376 1102 2448 angelus,
1136 2384 1411 2443 creatura,
1441 2390 1598 2430 suum
1642 2390 1737 2445 gc-
1836 2375 2028 2442 cinxit,
2058 2375 2361 2448 doctorque
2391 2376 2678 2447 discipulis
2708 2379 2975 2435 Dominus
3022 2396 3169 2449 sese,
3217 2383 3437 2442 famulis

163 2476 348 2532 neravit
368 2484 676 2539 auctorem,
708 2471 795 2527 cui
824 2469 1083 2526 clamanti
1137 2467 1481 2524 confidenter
1522 2465 1590 2521 ad
1623 2465 1729 2521 Pa-

165 2577 298 2634 trem,
319 2567 393 2622 illi
440 2563 844 2636 respondisset,
885 2569 947 2617 ut
970 2560 1152 2626 Pater,
1210 2560 1308 2616 sed
1362 2559 1437 2616 ab
1486 2573 1583 2615 ore
1630 2558 1729 2613 Dei

164 2658 186 2697 δ
210 2659 499 2730 specialiter
528 2655 734 2722 Patris,
759 2654 850 2726 qui
872 2652 1069 2710 Filium
1101 2667 1231 2708 vere
1248 2652 1531 2722 cognovit,
1582 2650 1731 2707 relo-

163 2771 312 2827 quens
352 2770 455 2813 vox
499 2751 796 2826 processit,
847 2757 906 2806 ut
949 2749 1052 2806 hac
1097 2749 1287 2806 saltem
1338 2749 1552 2805 ratione
1579 2762 1733 2805 com-

1839 2469 2006 2539 pedes
2055 2470 2306 2535 abluens,
2352 2470 2657 2538 inclinavit,
2688 2481 3015 2544 tantumque
3041 2492 3158 2533 sua:
3185 2477 3442 2550 deposuit

1830 2562 2111 2635 fastigium
2144 2565 2453 2634 potestatis,
2486 2574 2543 2621 ut
2568 2566 2635 2621 ab
2664 2566 2827 2638 hujus
2872 2568 3123 2641 obsequii
3172 2572 3437 2643 dignitate

1841 2670 1941 2711 nec
1958 2654 2154 2711 Judam
2174 2654 2396 2712 fecisset
2421 2668 2717 2726 exsortem,
2743 2675 2906 2730 quem
2937 2661 3188 2720 nefandae
3212 2677 3443 2725 noverat

1843 2746 2169 2818 proditionis
2196 2759 2501 2807 auctorem.
2547 2749 2655 2808 Sed
2684 2750 2822 2808 nihil
2854 2753 3000 2810 hunc
3023 2755 3216 2827 gloria:
3246 2773 3442 2818 conse-

1616 2884 1907 2944 SCHOLIA
1920 2927 1935 2942 .

163 2998 368 3046 ctuntur.
401 2985 588 3043 Tertia
614 2994 812 3038 manus
852 2981 905 3034 in
959 2977 1151 3035 eodem
1178 2980 1365 3034 Arutz.
1391 2977 1727 3049 Clariﬁcans,

164 3061 284 3131 quod
299 3059 512 3124 Parrh.,
534 3049 1364 3131 eLschedtePoelm.exhibent.
1391 3049 1441 3131 51
1446 3053 1463 3131 i
1467 3050 1520 3103 hi
1536 3053 1733 3131 verior

164 3120 352 3187 videtur
377 3120 544 3186 lectio
575 3123 928 3195 Clariﬁcabo;
955 3138 1082 3177 nam
1107 3193 1120 3195 Α
1140 3121 1371 3177 fortasse
1402 3120 1727 3195 Clariﬁrem-

165 3221 244 3274 que
263 3205 324 3259 ab
344 3203 525 3272 aliquo
555 3193 782 3274 librario
808 3194 1068 3274 scriptum
1097 3193 1218 3274 fuit,
1248 3195 1340 3274 qui
1386 3194 1728 3274 conjunctio-

166 3265 390 3332 nemone
418 3265 783 3327 necessariam
806 3265 1219 3320 existimaverit.
1259 3266 1410 3319 Alius
1456 3265 1725 3332 censebit,

168 3293 269 3330 nem
329 3293 390 3329 ue
418 3293 1219 3327 necessariamcxtesuuavuru.
1259 3293 1410 3319 unus
1456 3293 1725 3332 υυιιδυυιι,

168 3293 532 3416 Clarizcemque
559 3337 1172 3416 ab‘exscriptoribusin
1194 3334 1513 3416 Clariﬁcabo
1551 3345 1727 3392 muta-

1838 2978 2220 3069 etumgfiudito-
2246 2996 2495 3069 responsa
2521 2982 2689 3069 daret.
2719 2984 2775 3041 In
2815 3001 2955 3069 meo_
2976 2989 3100 3047 cod.
3142 3006 3441 3069 corruptus

1835 3050 2105 3123 est_etiam
2140 3051 2225 3106 hic
2251 3050 2401 3123 locus
2432 3051 2630 3108 Audito
2652 3073 2898 3123 response
2919 3061 3063 3117 dato.

1904 3121 1997 3204 ‘20:
2041 3122 2174 3204 lleg.
2216 3124 2269 3204 1,ἱ
2285 3202 2291 3204 _
2307 3120 2466 3204 Defo
2485 3167 2498 3189 ,
2522 3120 2746 3204 quando
2761 3128 3139 3199 discipulorum
3163 3136 3319 3204 pedes
3344 3140 3429 3195 la-

1829 3192 1924 3246 vit.
1966 3191 2156 3248 Arntz.
2181 3236 2197 3260 ,
2230 3194 2340 3275 Ott.
2390 3194 2424 3247 2
2450 3236 2465 3257 ,
2490 3191 2761 3275 .celebrarts
2791 3191 3022 3275 convivia
3054 3191 3212 3263 ciente
3236 3191 3430 3275 («inoo

1830 3278 1895 3318 ex
1927 3279 2086 3347 prosa
2136 3266 2349 3347 pondus
2387 3266 2605 3347 accipit.
2649 3270 2738 3327 Sic
2772 3271 2932 3342 dapes
2969 3287 3053 3329 est
3086 3266 3430 3341 accusativus

1830 3336 2207 3412 appositionis.
2244 3336 2396 3391 Meus
2434 3336 2699 3396 celebrans
2730 3359 2823 3408 pro
2845 3336 3074 3403 'munere
3101 3364 3259 3407 omnia
3274 3336 3427 3412 sca;

166 3400 424 3483 tum,'qnia
447 3400 558 3468 hoc
606 3411 811 3465 clarius
833 3400 936 3463 est.
961 3407 1040 3483 _In
1096 3407 1223 3483 Vet._
1248 3410 1286 3483 _l
1338 3400 1611 3483 "mendum
1641 3416 1727 3465 est
1754 3400 1801 3466 C
1834 3400 1936 3483 teri
1957 3407 2222 3483 celebrans
2250 3424 2341 3476 per
2364 3400 2777 3483 muneracwme.

167 3477 531 3560 Ciariﬁeetnque
556 3486 776 3547 iterum;
804 3480 1036 3549 apertius
1065 3495 1083 3533 :
1111 3477 1454 3560 desideratur
1477 3479 1621 3560 quid,

228 3550 305 3616 ll'.
347 3550 600 3628 Plerique
633 3568 779 3628 mss.
815 3569 876 3605 ac
927 3568 1017 3605 nec
1045 3566 1063 3603 :
1120 3550 1371 3628 nonnulli
1420 3550 1625 3628 vulgati
1682 3559 1735 3603 at

167 3649 262 3687 nec.
299 3621 579 3687 Grunerus
621 3625 861 3681 malebat
898 3638 990 3676 nec
1041 3636 1140 3691 pro
1182 3637 1266 3674 ne.
1314 3621 1497 3676 Nostri
1544 3636 1737 3677 omnes

167 3718 283 3775 mss.
309 3716 606 3775 agnoscere,
635 3706 864 3765 excepto
893 3693 1268 3775 recentissimo
1299 3693 1487 3775 codice
1514 3692 1731 3775 Beg._

166 3772 211 3829 in
235 3763 441 3846 quovest
462 3763 797 3846 cognoscere,
821 3764 965 3836 quod
980 3779 1116 3846 _cum
1145 3763 1329 3846 Cant.,
1358 3764 1507 3846 Ald?
1534 3776 1587 3818 et
1611 3764 1737 3818 aliis

167 3833 307 3901 edit'is
327 3833 607 3901 Grunervus
642 3850 698 3896 et
734 3833 1062 3894 Arn'tzenius
1105 3833 1421 3905 praeferunt.
1453 3834 1738 3891 Grunerus

167 3916 364 3971 Barthio
390 3916 625 3986 afﬁngit,
657 3911 812 3986 quod
831 3909 886 3986 in
916 3907 1035 3986 ejus
1064 3906 1531 3986 codiceinvenerit
1556 3904 1739 3960 caelum

161 4003 251 4059 pro
277 3978 553 4059 Christum:
579 3978 650 4040 At
675 3978 923 4037 Barthius
946 3980 982 4034 Ι.
1013 3993 1103 4059 ιλιι
1135 3978 1386 4041 Advers.,
1415 3993 1464 4033 c.
1489 3978 1543 4043 5,
1579 3990 1739 4059 esuo

167 4048 334 4115 codice
355 4057 537 4116 refert.
565 4065 626 4111 et
652 4060 837 4110 tuetur
863 4067 956 4107 nec
991 4051 1064 4103 sic
1092 4064 1395 4120 agnoscere:
1427 4058 1481 4120 et
1510 4048 1741 4105 subinde

168 4132 399 4199 explicat,
429 4127 619 4184 cretum
653 4127 705 4182 in
734 4124 914 4199 verbis
940 4119 1315 4199 superioribus
1342 4119 1469 4176 cozlo
1489 4131 1742 4199 assertore

169 4189 290 4257 sumi
316 4189 407 4269 pro
441 4201 577 4262 Deo,
610 4210 666 4253 ut
694 4196 834 4266 apud
864 4189 1209 4269 Petronium,
1231 4189 1400 4246 Nemo
1420 4193 1601 4247 caelum
1641 4208 1741 4260 pu-

169 4281 251 4326 tat.
290 4262 659 4328 Nebrissensis
686 4262 791 4336 ait,
824 4266 951 4339 poni
990 4262 1342 4319 masculinum
1366 4278 1466 4334 pro
1508 4274 1700 4319 neutro
1725 4304 1740 4331 ,

167 4354 218 4400 ut
236 4355 426 4415 tempus
460 4351 715 4415 repertor.

234 4404 535 4472 12.Ἀι-ιιιι’.
564 4428 723 4468 suum
749 4427 768 4465 :
801 4409 890 4464 alii
921 4423 1045 4465 cum
1089 4420 1250 4478 prosa
1308 4404 1493 4461 Deum.
1526 4405 1649 4462 Vat.
1686 4408 1742 4476 1,

170 4501 260 4558 pro
285 4488 337 4541 d.
366 4503 410 4542 s.
440 4500 566 4557 pars
588 4501 692 4537 una
718 4481 932 4558 ferebat,
954 4496 1072 4558 llo"
1111 4478 1274 4558 male.

234 4558 314 4615 15.
339 4547 598 4626 Plerique
623 4547 881 4627 crepuisse
904 4568 924 4608 :
954 4551 1089 4627 Reg.
1118 4552 1197 4627 i,_
1220 4549 1566 4627 increpuisse,
1599 4547 1742 4627 quod

172 4628 460 4700 elegantius
488 4620 725 4700 videtur".
754 4620 1088 4700 Quamvisin
1111 4621 1350 4700 ablativo
1375 4620 1744 4700 singularidi-

174 4691 533 4759 catur-tonitru,
555 4700 673 4754 etin
686 4691 893 4763 dativo,
908 4706 963 4750 et
981 4694 1220 4749 ablativo
1235 4691 1745 4763 pluralitonitribus,

175 4779 338 4828 tamen
362 4773 607 4855 tonitrus,
641 4769 823 4852 tonitri
846 4760 1141 4822 masculino
1175 4760 1379 4834 genere
1406 4760 1738 4831 declinatur,
1766 4803 1820 4864 Β

174 4852 257 4897 aut
276 4846 579 4911 tonitruum,
612 4839 843 4897 tonitrui.

239 4914 322 4971 15.
351 4914 524 4971 Codd.
555 4904 725 4979 Alm.,
754 4914 965 4979 Arntz.,
995 4907 1205 4973 Barth.,
1228 4917 1282 4961 et
1306 4905 1547 4975 plerique
1567 4904 1741 4979 nostri

176 4998 284 5039 cum
317 4985 532 5051 Parrb.,
567 4991 624 5040 et
644 4974 765 5037 aliis
787 4974 960 5038 editis
977 4979 1405 5051 Nam._t_onitrus.
1439 4974 1738 5051 Meus,Vat.

176 5056 227 5126 ξ,
251 5057 426 5125 Cant.,
451 5046 788 5126 et'qutedam
828 5052 1100 5126 editiones
1129 5048 1255 5104 Non
1296 5048 1569 5126 tonitrus,_
1598 5046 1742 5126 quod

177 5118 461 5189 G'rtnteru's.
496 5118 901 5184 et'Arntzenius
922 5122 1241 5187 ediderunt,
1271 5120 1395 5190 quia
1428 5118 1637 5188 planior
1666 5119 1746 5173 sic

178 5199 347 5254 evadit
373 5212 602 5265 sensus,
636 5207 691 5253 et
712 5198 853 5251 favet
879 5209 1062 5264 prosa.
1090 5194 1146 5248 lu
1180 5195 1294 5265 Ott.
1322 5191 1356 5245 2
1383 5190 1637 5265 unctulum
1662 5197 1748 5245 est

181 5266 373 5325 Numen
396 5261 640 5325 tonitrus.
668 5268 822 5322 Rom.
845 5261 1031 5336 poterit
1055 5281 1073 5320 :
1104 5264 1279 5320 retine
1297 5261 1747 5336 potuit.Plerique

180 5356 326 5406 mss.,
350 5352 404 5397 et
424 5342 562 5397 editi
575 5356 666 5394 seu
682 5330 897 5410 angetus
920 5352 1043 5391 cum
1073 5337 1253 5410 hiatu:
1276 5330 1366 5388 alii
1390 5336 1492 5387 sive
1510 5330 1745 5410 angelus.

249 5402 332 5468 16.
366 5414 485 5468 Vat.
516 5412 572 5477 1,
602 5402 774 5477 Meus,
801 5409 960 5463 Rom.
992 5422 1091 5477 pro
1133 5408 1189 5461 d.
1229 5421 1277 5462 s.
1332 5402 1624 5477 generare:
1655 5402 1749 5457 alii

188 5498 467 5554 generasse,
499 5482 646 5552 quod
670 5481 900 5554 fortasse
927 5481 1091 5554 etiam
1122 5477 1224 5533 fuit
1250 5480 1304 5531 in
1330 5477 1450 5554 Vat.
1477 5478 1528 5531 1.

2027 3478 2419 3567 ρηιιιςξιιιεξ,
2452 3490 2509 3565 et
2534 3482 2670 3566 editi
2691 3485 3017 3567 naiaistrum,
3042 3505 3271 3562 excepto
3297 3512 3424 3567 per-

1837 3550 2063 3637 antiqno
2102 3550 2290 3637 codice
2344 3550 2706 3637 'l_‘aurinensi-,
2738 3558 2790 3612 in
2822 3575 2932 3629 quo
2971 3550 3058 3618 est
3084 3550 3386 3637 magistrum
3410 3612 3427 3637 ,

1879 3623 2532 3710 undsustineriﬂaliquo
2566 3636 2726 3694 pacto
2764 3623 2965 3710 'potest
3018 3649 3085 3691 ex
3136 3623 3433 3710 Evangelio

1838 3634 1982 3744 quoa
2027 3634 2283 3677 SUSllnerl
2335 3634 2517 3694 aliquo
2566 3636 2726 3694 pacto
2789 3640 2965 3697 potest
3018 3649 3085 3691 ex
3136 3634 3433 3710 Evangelia

1843 3696 2534 3784 Ioannhczxtn‘pversl.Ala
2562 3711 2742 3784 seqq.”
2764 3699 2868 3756 Vos
2893 3708 3090 3784 vocatis
3115 3709 3435 3784 me,dlagis-

1840 3770 1929 3854 te:
1941 3772 1988 3854 et
2021 3761 2281 3854 gemine:
2311 3772 2358 3818 et
2395 3767 2529 3854 .bene
2542 3761 2769 3854 't‘licitis';
2796 3789 2910 3825 gum
2940 3761 3181 3854 Etenim.
3202 3761 3435 3854 ὅ·ξο

1839 3846 1933 3915 ego
1964 3832 2073 3915 lavi
2103 3835 2257 3915 pedes
2300 3845 2495 3915 t'estros
2532 3834 2790 3915 Dominus
2824 3851 2882 3915 et
2928 3842 3180 3915 M_agister
3193 3832 3235 3903 ξ’
3255 3832 3436 3908 alia}

1841 3904 2032 3989 debetis
2061 3904 2226 3989 alter
2258 3904 2476 3989 alterius
2500 3906 2704 3986 .larare
2732 3912 2908 3989 pedes.
2956 3904 3267 3989 Eiemplnm
3296 3904 3435 3977 enim

1840 3973 1962 4059 dedi
1990 3975 2153 4059 vobis,
2177 3984 2284 4059 etc.
2316 3976 2472 4049 Swpe
2499 3977 2550 4030 in
2572 3994 2701 4058 mss.
2729 3973 3226 4059 :confusareperies
3252 3973 3435 4048 mini;

1843 4054 1919 4099 ter
1942 4087 1957 4110 ,
1988 4056 2043 4101 et
2073 4049 2359 4119 magister,
2389 4049 2637 4117 quamvis
2666 4050 2842 4119 reipsa
2869 4053 3024 4109 valde
3048 4049 3198 4114 inter
3225 4075 3286 4116 se
3312 4061 3429 4117 dis-

1843 4127 2086 4242 :relpent.
2146 4115 2208 4172 In
2234 4115 2369 4174 Urb.
2400 4115 2555 4174 error
2604 4127 2691 4175 est
2742 4115 3082 4182 ministerium
3108 4170 3124 4196 ,
3154 4132 3249 4186 sed
3271 4115 3431 4189 aliud

1868 4204 1920 4242 tn
1952 4228 1968 4242 .

1868 4197 1968 4244 uit.

1914 4256 2305 4386 ιξῗςωέιιρέὶι
2355 4274 2453 4330 pro
2507 4264 2829 4335 exemplum:
2865 4265 2991 4324 vide
3042 4278 3157 4326 not.
3190 4273 3257 4329 ad
3299 4274 3435 4331 Dra-

1844 4344 1994 4387 cont.
2031 4346 2122 4398 ιιι,
2167 4344 2295 4386 ou.

2050 4401 2185 4487 Reg.
2215 4402 2393 4487 1,Qtt.
2422 4405 2474 4472 1,
2509 4405 2793 4487 famulatus
2809 4425 2838 4487 :_
2848 4409 2950 4487 sed
2984 4411 3036 4487 in
3082 4413 3213 4487 Reg.
3248 4418 3273 4473 1
3303 4433 3429 4474 cor-

1848 4472 2438 4555 rectioest’famulatur
2455 4518 2468 4540 ,
2502 4472 2753 4555 Quamvis
2774 4481 2954 4555 adhuc
2981 4472 3433 4551 glossavobediens

1847 4546 1958 4628 ipse
1985 4546 2217 4628 alterum
2251 4546 2476 4628 indicet.
2502 4547 2560 4628 1⁸η
2582 4548 2759 4628 Vatic.
2790 4552 2840 4620 1,
2872 4546 3267 4628 estfamulatur
3290 4603 3306 4628 ,
3336 4562 3432 4617 sed

1850 4616 1996 4672 aliud
2024 4616 2164 4701 (1111,
2187 4629 2252 4701 et
2281 4618 2465 4688 glossa
2497 4618 2790 4701 deserviens
2824 4616 3004 4697 arguit
3022 4616 3355 4701 famulatus.
3377 4634 3434 4688 In

1851 4689 2124 4773 nonmillis
2152 4688 2274 4773 aliis
2304 4705 2446 4773 _mss.
2478 4691 2725 4773 ‘dubiu_m
2755 4705 2839 4752 est
2861 4688 2975 4773 ,fan
3004 4688 3294 4773 [animatur
3316 4749 3331 4773 ,
3365 4720 3436 4759 an

1852 4758 2137 4845 famulatus
2181 4761 2612 4845 sitnglegendum:
2654 4758 2934 4845 Sententia
2965 4758 3225 4845 uirolihet
3274 4758 3438 4845 "inde

1846 4840 2088 4915 constat:
2124 4833 2178 4888 in
2200 4832 2577 4915 editisZsolum‘
2594 4836 2812 4915 invenio
2829 4841 3137 4915 famulatur.
3164 4844 3440 4915 Wopken-

1849 4903 1961 4957 sius
1991 4902 2152 4981 libens
2181 4908 2404 4981 exponit
2436 4921 2530 4981 per
2558 4906 2775 4981 benigne
2801 4902 2915 4977 ,'ac
2938 4911 3131 4969 similia
3156 4902 3286 4971 loca'
3305 4918 3441 4969 alio-

1850 4989 1969 5058 rum
1987 4974 2205 5058 profert
2233 4974 2330 5058 {in
2362 4977 2558 5058 quibus
2599 4974 2778 5036 tamen
2803 4974 3027 5053 pariter
3052 4984 3215 5039 libens
3238 5001 3336 5056 pro
3357 4985 3441 5041 ut-

1850 5052 1953 5107 tro,
1975 5045 2192 5116 libenter
2213 5049 2384 5116 accipi
2411 5056 2608 5111 potest.

1853 5115 2181 5241 ειίξὸὗὶῑνειι.
2214 5117 2284 5189 9.,
2313 5115 2591 5174 inclinaret
2617 5122 2863 5178 honorem
2889 5140 2908 5179 :
2947 5125 3331 5195 corrigendum
3358 5126 3442 5182 in-

1959 5204 1991 5241 a
2069 5227 2082 5240 .

1912 5257 2016 5340 35.
2053 5257 2294 5341 .Vestigia
2306 5259 2608 5341 aliquando
2627 5303 2661 5341 ,_
2676 5273 2734 5320 ut
2761 5265 2848 5341 hic
2865 5306 2883 5335 ,
2910 5276 3036 5322 sunt
3058 5266 3187 5336 ipsae
3208 5266 3443 5338 plantm:

1853 5329 1994 5406 alias
2020 5329 2176 5406 signa
2207 5329 2415 5406 pedum
2445 5334 2608 5406 alicui
2629 5329 2774 5391 ’loco
2806 5329 3091 5406 impressa:

1927 5402 2017 5476 26.
2059 5401 2171 5455 Ott.
2201 5400 2259 5469 2,
2283 5401 2409 5476 _Nec
2440 5402 2638 5461 ludam
2688 5400 2925 5476 sprevit:
2952 5408 3042 5461 alii
3075 5448 3090 5472 ,
3118 5407 3231 5463 Nec
3259 5408 3457 5466 ludam

1858 5472 2300 5554 exciperettquod
2329 5484 2542 5554 tempus
2568 5472 2838 5554 particula
2867 5485 2926 5532 ut
2951 5479 3268 5548 praecedens
3290 5495 3459 5554 expo-

250 5554 334 5610 17.
359 5555 417 5611 ln
444 5544 581 5625 Reg.
621 5555 650 5609 1
681 5561 801 5609 erat
846 5550 1098 5605 Auditore
1125 5564 1317 5619 sponsa
1344 5547 1531 5604 daret:
1572 5560 1757 5603 corre-
1861 5544 2001 5610 scit;
2029 5552 2084 5600 et
2114 5544 2278 5600 simili
2299 5544 2463 5603 modo
2488 5544 2737 5618 procedit
2762 5562 2948 5619 prosa.

255 5703 280 5767 ἐ
304 5694 438 5767 Cap.
460 5712 515 5752 v1
540 5693 892 5767 lsaiae,__vers.
919 5692 1009 5767 lQ.

251 5766 277 5805 δ
299 5760 465 5824 Vetus
491 5767 667 5824 codex
692 5765 794 5820 diei
824 5780 921 5835 pro
956 5762 1075 5819 Dei.
1127 5760 1374 5822 ﬂendum
1414 5760 1749 5819 emaculavit

1864 5687 2113 5814 ἔζη-ἔως.
2164 5683 2397 5743 Videtur
2447 5687 2614 5746 etiam
2667 5689 3037 5758 reponendum
3096 5690 3188 5749 ille
3250 5708 3465 5768 respon.

1937 5776 1962 5812 ν
2018 5797 2033 5812 ι

1937 5776 2012 5812 ret
2018 5797 2033 5812 ι
