4038 6312
264 341 355 398 721
1410 346 1697 405 CARMEN
1734 350 2119 409 PASCHALE.
2158 352 2291 413 LIB.
2323 357 2389 413 V.

465 456 585 515 Heu
612 461 625 516 ε
660 459 767 516 falx
791 470 942 517 larva
975 471 1213 534 patrum,
1247 473 1486 536 segetem
1518 480 1728 522 caesura
1762 483 1860 524 ne-
1886 473 1940 534 Α

1534 556 1553 630 [
1580 568 1786 627 potum,

392 645 508 703 Heu
535 649 549 703 ε
585 646 819 716 facinus,
849 650 1019 705 Pilate
1042 692 1055 714 ,
1098 653 1280 708 tuum!
1312 660 1446 722 quot
1471 651 1712 723 gesseris
1752 668 1860 707 uno

388 741 636 797 Crimina
663 743 893 812 judicio,
923 745 1072 815 vigili
1099 745 1144 800 si
1174 755 1357 801 mente
1388 756 1629 813 notarcs,

386 830 506 888 Non
537 836 688 890 solas
706 836 907 891 lavisse
940 852 1149 903 manus,
1185 838 1281 894 sed
1313 853 1544 908 corpore
1571 847 1685 893 toto

255 926 352 984 160
393 928 675 985 Debueras
702 945 919 986 sacrum
951 934 1125 987 venia:
1147 948 1376 1001 sperare
1399 932 1697 987 lavacrum.

384 1020 636 1093 COrripis
664 1025 964 1093 insontem,
1003 1028 1155 1082 sistis
1176 1028 1280 1081 sub
1313 1028 1540 1097 praeside
1569 1043 1780 1098 regem,

388 1116 557 1188 329
593 1117 874 1189 Prasponis
921 1119 1157 1176 humana
1213 1120 1359 1189 Deo;
1398 1138 1503 1193 qua
1549 1131 1725 1179 morte
1776 1131 1851 1178 te-

1581 1216 1773 1289 [ucris,

383 1302 488 1373 Qui
514 1303 809 1363 Dominum
834 1323 1122 1367 numerosa
1149 1309 1300 1366 cruci
1331 1324 1428 1382 per
1456 1311 1678 1367 vulnera
1698 1310 1850 1383 ligis?

3442 362 3555 418 722

2180 472 2423 545 Cumque
2443 475 2600 532 datus
2629 477 2787 533 saevis
2803 478 2867 533 ad
2892 494 3108 549 penam
3133 478 3370 536 Sanctus
3382 480 3561 536 abiret

1968 563 2072 620 165
2111 564 2388 631 Militibus,
2418 568 2581 624 vilem
2606 570 2757 625 rubri
2782 571 2883 627 sub
2906 573 3146 643 tegmine
3172 573 3320 629 cocci

2115 659 2348 713 Vestitur
2375 660 2737 733 chlamydem,
2769 666 2983 731 species
3012 675 3071 721 ut
3097 675 3293 721 cuncta
3316 672 3561 721 cruenta:

2107 752 2295 808 Mortis
2324 753 2501 822 imago
2529 756 2699 821 foret;
2728 758 2897 827 spinis
2920 760 3281 816 circumdedit
3312 761 3555 828 amplum

2104 844 2254 900 Nexa
2287 860 2487 899 corona
2516 856 2699 917 caput,
2732 853 2984 918 quoniam
3012 851 3226 919 spineta
3254 852 3524 924 benignus

2103 936 2294 992 Omnia
2319 948 2625 993 no~trornm
2653 954 2966 1007 susceperat
2993 944 3083 998 ille
3112 946 3406 1011 malorum;

1960 1030 2066 1086 170
2101 1030 2265 1102 33o
2310 1030 2504 1101 Implet
2531 1031 2744 1087 arundo
2793 1048 3038 1100 manum,
3093 1046 3366 1104 sceptrum
3411 1036 3557 1106 quod

2998 1124 3222 1198 [mobile
3243 1144 3483 1196 semper,

2098 1214 2420 1285 Invalidum,
2468 1214 2661 1287 fragile
2691 1225 2796 1281 est,
2833 1232 3087 1287 vacuum,
3124 1219 3245 1276 leve
3278 1238 3289 1273 :
3324 1234 3560 1291 moxque

3252 1311 3485 1384 [alienos

1615 1424 1794 1481 OPUS
1832 1421 2218 1482 PASCIIALE.

260 1520 465 1604 "Heu!
502 1535 670 1590 quam
720 1519 878 1575 triste
896 1518 1054 1575 falcis
1080 1535 1309 1576 acumen
1341 1531 1445 1588 est,
1476 1537 1595 1592 qum
1615 1537 1848 1577 messem

250 1615 489 1673 Judaicae
518 1615 858 1687 posteritatis
885 1615 1146 1671 abscidit.
1171 1615 1417 1688 Namque
1449 1632 1637 1673 necem
1668 1617 1850 1671 Domi-

244 1708 298 1764 tti
322 1708 689 1775 postulantes,
716 1709 768 1762 in
793 1722 853 1763 se
875 1723 1112 1779 suosque
1135 1709 1297 1773 lilios,
1347 1707 1466 1779 ejus
1522 1711 1842 1780 sanguinem

1962 1521 2106 1592 plicii
2128 1521 2238 1592 jam
2264 1521 2471 1577 teneris
2500 1521 2552 1577 in
2574 1523 2829 1587 vinculis,
2857 1526 2982 1596 quia
3007 1540 3299 1582 numerosa
3326 1540 3421 1597 per
3442 1525 3562 1580 vul-

1956 1629 2085 1669 nera
2129 1617 2277 1670 cruci
2332 1614 2622 1671 Dnminum
2667 1631 2935 1672 creatura:
2966 1618 3215 1688 conligis,
3256 1617 3556 1674 Cmsarem-

1954 1723 2063 1776 que
2092 1711 2266 1779 magis
2305 1706 2604 1776 oll'endere,
2666 1724 2826 1781 quam
2859 1708 3097 1767 Caesaris
3127 1714 3326 1768 metuis
3365 1712 3557 1769 condi-

244 1800 474 1872 professi
497 1809 630 1855 sunt
660 1814 1008 1869 permanere,
1042 1801 1292 1857 dicentes
1324 1802 1613 1865 furialiter.
1642 1812 1695 1857 et
1732 1803 1839 1856 cla.
1870 1837 1917 1897 Β
1955 1801 2165 1855 torem?

246 1904 492 1948 mantes:
528 1892 767 1965 Sanguis
798 1894 954 1965 hujus
976 1910 1132 1963 super
1152 1912 1265 1959 nos,
1299 1906 1346 1950 et
1390 1912 1546 1968 super
1575 1896 1714 1966 filios
1743 1911 1839 1949 no-

243 1994 387 2041 stros.
419 1985 654 2043 Omnem
705 1987 940 2043 fructum
984 1989 1065 2043 sui
1097 1989 1360 2060 genuinis
1415 1990 1836 2059 damnaverunt,

246 2078 414 2135 donec
444 2080 514 2134 ab
550 2081 633 2135 eis
690 2081 806 2135 lta'c
862 2082 1072 2136 macula
1134 2082 1280 2137 illius
1321 2098 1459 2154 aqua
1511 2083 1842 2152 Spiritaliter

244 2168 518 2236 abluatur,
549 2171 711 2242 cujus
742 2172 793 2226 in
821 2172 901 2227 eis
926 2187 1093 2228 cruor
1115 2173 1392 2228 lcthaliter
1421 2175 1735 2229 dominatur
1757 2188 1846 2230 asc

245 2276 449 2330 persus.
495 2263 644 2319 Heul
694 2264 938 2334 nequitia
988 2265 1084 2335 tui,
1131 2265 1325 2333 Pilate,
1361 2265 1645 2333 facinoris,
1679 2283 1839 2335 quam

246 2357 503 2425 patrastil
539 2361 628 2429 qui
658 2367 735 2413 tot
760 2361 812 2414 in
842 2361 1206 2431 unojudicio,
1239 2360 1327 2416 vel
1359 2362 1540 2431 potius
1588 2361 1843 2432 prirjudi-

241 2450 324 2505 cio
367 2450 602 2506 crimina
635 2453 985 2522 commisisti,
1032 2469 1154 2525 quae
1200 2456 1245 2509 si
1293 2454 1520 2524 provida
1567 2455 1842 2512 sanandus

240 2555 417 2601 mente
446 2560 833 2618 cognosceres,
858 2562 965 2602 non
1008 2547 1155 2602 solas
1206 2563 1401 2603 manus
1438 2549 1710 2615 ablueres,
1745 2549 1839 2605 sed

243 2648 410 2692 totum
429 2638 639 2709 jugiter
662 2654 864 2709 corpus
891 2655 1049 2695 sacro
1077 2639 1349 2696 debueras
1388 2655 1544 2710 aqum
1582 2641 1843 2711 spiritalis

241 2734 455 2789 lavacro
489 2733 839 2810 perfundere.
886 2734 1097 2790 Justum
1143 2735 1346 2805 injuste
1385 2734 1724 2801 diverberas,
1755 2750 1842 2790 re-

238 2842 354 2898 gem
387 2843 593 2896 praeses
624 2828 929 2887 examinas.
963 2828 1199 2882 Domino
1242 2838 1293 2883 te
1319 2842 1665 2899 prmpOnere,
1695 2844 1839 2883 mor-

242 2919 359 2976 talis
384 2919 570 2985 bomo,
607 2935 713 2976 non
748 2921 1014 2992 trepidas.
1044 2920 1251 2989 Quibus
1282 2919 1451 2993 igitur
1477 2920 1663 2978 luendi
1709 2936 1840 2991 sup-

2013 1890 2262 1962 Cumque
2292 1891 2784 1959 militariiCltristus
2805 1896 3147 1952 exsecutioni
3172 1898 3535 1969 contraditus,

1946 1988 2138 2039 mortis
2192 1987 2480 2041 sententia:
2526 1988 2859 2057 subjaceret,
2920 1991 2972 2043 in
3023 1990 3144 2061 ipso
3188 1990 3545 2047 nihilominus

1943 2079 2116 2144 cultu,
2158 2093 2318 2149 quem
2347 2080 2512 2149 regias
2552 2081 2653 2136 sub
2685 2081 2938 2152 imaginis
2984 2082 3241 2139 illnsione
3268 2085 3533 2155 suscepit,

1946 2171 2128 2241 magni
2158 2172 2495 2240 gerebantur
2522 2186 2862 2229 sacramenta
2917 2176 3188 2248 mysterii.
3214 2176 3369 2246 Quod
3402 2178 3547 2233 enim

1944 2267 2215 2319 coccinea:
2235 2263 2533 2336 chlamydis
2562 2266 2810 2321 velamen
2841 2267 3064 2322 indutus
3087 2279 3210 2334 est,
3254 2278 3544 2325 cruentum

1945 2356 2148 2412 futurae
2199 2358 2391 2412 mortis
2429 2359 2851 2415 demonstrabat
2877 2375 3182 2429 aspecmm.
3223 2364 3419 2435 Spiuea
3466 2380 3558 2420 ca-

1947 2462 2044 2521 put
2069 2452 2186 2522 ejus
2211 2468 2411 2508 corona
2466 2453 2845 2523 circumdedit,
2902 2460 3160 2528 quoniam
3201 2459 3386 2528 spinas
3433 2475 3554 2514 om-

1946 2547 2095 2601 nium
2122 2556 2493 2613 peccatorum,
2542 2564 2665 2619 quae
2707 2550 3006 2604 humanum
3030 2567 3201 2619 genus
3228 2551 3430 2622 passim
3468 2552 3552 2606 iu-

1945 2650 2225 2702 vaserant,
2260 2641 2343 2711 pia
2376 2642 2528 2696 sidus
2560 2642 2866 2697 humilitate
2900 2643 3155 2713 portavit.
3206 2643 3342 2700 Nam
3369 2644 3551 2699 datam

1948 2732 2199 2802 gestabat
2226 2735 2580 2801 arundinem,
2613 2734 2893 2789 mundano
2920 2750 3089 2806 regno
3114 2744 3390 2806 sceptrum
3424 2750 3555 2792 vere

1950 2829 2260 2893 consimile,
2294 2829 2436 2901 quod
2483 2846 2579 2900 pro
2634 2830 2933 2887 motatioue
2983 2831 3292 2902 szepissima
3338 2832 3552 2903 fragile,

1948 2937 2203 2990 vacuum,
2228 2923 2349 2979 leve
2376 2925 2644 2993 cernitur,
2668 2932 2722 2981 et
2744 2911 3034 2981 caducum.
3053 2924 3287 2997 Moxque
3304 2925 3547 2982 vestibus

1737 3059 2057 3118 SCHOLIA.

304 3177 427 3235 156.
461 3176 616 3246 Ald.,
656 3176 837 3233 Jesum
881 3177 952 3231 ad

235 3259 388 3324 rapte
412 3252 548 3324 ﬂatu,
579 3261 633 3304 et
654 3250 782 3324 Alb.
817 3249 944 3318 felix
970 3248 1069 3319 pro
1097 3249 1250 3319 falx:
1283 3250 1338 3303 itt
1362 3248 1497 3324 Reg.
1533 3250 1557 3324 1
1596 3263 1695 3324 ρῳ
1727 3248 1842 3324 falx

235 3319 447 3378 videtur
476 3321 646 3377 fuisse
674 3319 880 3391 fallax;
907 3337 1037 3375 vera
1060 3324 1330 3387 scriptura
1364 3330 1448 3375 est
1471 3321 1601 3388 falx.
1640 3319 1837 3374 Parrh.

237 3395 346 3465 falx
361 3410 540 3459 curva,
570 3395 715 3459 quod
742 3393 973 3462 coniecit
997 3392 1163 3449 etiam
1189 3393 1583 3449 Ncbt'issettsis.
1619 3391 1675 3445 In
1703 3392 1837 3463 Reg.

237 3468 261 3521 1
296 3475 379 3523 est
405 3473 554 3519 torva
588 3481 712 3520 cum
768 3464 1078 3533 plerisque,
1108 3468 1205 3519 sed
1256 3468 1487 3519 fortissc
1516 3466 1614 3518 fuit
1664 3466 1838 3519 turba.

134 3548 139 3552 ’
234 3537 292 3593 1η
317 3539 501 3593 Ottub.
536 3538 560 3592 1
595 3539 774 3601 clare,
804 3536 987 3603 turba,
1034 3536 1128 3591 sed
1158 3537 1304 3590 aliud
1335 3536 1465 3600 fuit,
1509 3548 1564 3591 et
1593 3537 1659 3591 ad
1692 3554 1836 3591 inar-

234 3611 412 3680 ginetn
441 3620 563 3671 est,
594 3619 773 3680 torva;
806 3624 986 3677 prosa,
1016 3613 1185 3673 triste,
1208 3608 1358 3680 falcis
1386 3624 1619 3662 acumen.

304 3682 428 3734 157.
449 3682 568 3736 Ott.
591 3681 644 3744 1,
676 3679 833 3751 υιζὺη
857 3680 1031 3751 quod;
1056 3680 1173 3747 lege
1190 3690 1333 3751 quot.

304 3751 428 3807 158.
469 3752 689 3818 Artnz.,
719 3749 977 3821 Crimine;
1008 3749 1241 3821 corrige,
1275 3750 1526 3805 Crimina.

304 3823 429 3879 159.
462 3825 595 3890 Reg.
627 3824 680 3889 5,
709 3820 1160 3888 ΑΙιΙηΝεωοιιί,
1194 3826 1404 3886 melius,
1440 3820 1591 3875 Non:
1614 3822 1828 3885 Arntz.,

233 3896 432 3960 solum;
466 3895 523 3952 in
550 3896 742 3960 Rntn.,
784 3895 944 3959 solas,
989 3896 1085 3948 sed
1135 3905 1439 3949 correctum
1497 3908 1591 3959 per
1646 3893 1830 3945 solum.

234 3968 463 4021 Praestat
489 3971 751 4032 retinere,
778 3983 900 4020 cum
931 3966 1054 4020 aliis
1084 3975 1137 4019 et
1166 3981 1349 4032 prosa,
1374 3967 1534 4019 solas.
1557 3962 1831 4031 Wopken-

235 4036 347 4092 sius
378 4041 705 4094 coacinnius
737 4047 910 4105 putat,
944 4038 1032 4092 sed
1052 4037 1207 4090 corde
1235 4036 1421 4100 relato,
1457 4038 1536 4091 vel
1580 4036 1670 4089 sed
1721 4050 1839 4107 pec-

239 4116 344 4165 tore
368 4113 496 4164 loto.
545 4111 778 4165 Obslant
822 4119 1035 4165 veteres
1065 4110 1183 4162 libri
1215 4120 1266 4161 et
1297 4124 1455 4172 prosa
1482 4125 1497 4171 ;
1525 4122 1699 4175 neque
1730 4116 1833 4169 est,

235 4195 330 4235 cur
353 4183 737 4236 inciiucinnum
755 4192 1043 4236 censeatur
1056 4181 1145 4233 sed
1164 4197 1376 4252 corpore
1391 4192 1518 4243 toro;
1543 4182 1710 4233 immo
1736 4179 1836 4231 hoc

239 4265 464 4321 poscunt
498 4254 854 4320 prmcedeutia
888 4252 1008 4306 Non
1035 4254 1172 4305 solas
1202 4254 1383 4306 lavisse
1413 4268 1616 4305 manus.

305 4325 429 4379 160.
468 4325 603 4396 Reg.
642 4327 664 4379 i
701 4340 797 4392 pro
824 4324 877 4376 d.
906 4342 978 4389 s.,
1005 4323 1139 4393 Reg.
1165 4325 1223 4390 2,
1252 4325 1397 4389 ΑΙΙι.,
1432 4323 1554 4396 \lat.
1577 4322 1629 4385 2,
1660 4321 1832 4396 Meus,

235 4393 468 4451 Otium]
524 4392 586 4450 ei
633 4409 1001 4464 correctione,
1035 4392 1164 4459 tiiss.
1213 4398 1388 4465 Lips,,
1440 4392 1622 4457 Caut.,
1660 4393 1831 4453 Alm.,

234 4468 447 4529 Arnlz.,
476 4483 686 4540 sperare
713 4484 731 4533 ;
758 4469 846 4520 alii
880 4482 1007 4540 mss.
1041 4477 1095 4540 e_t
1139 4468 1323 4540 plures
1368 4466 1529 4540 editi,
1579 4473 1829 4540 spectttre.

235 4541 374 4609 quod
403 4534 666 4609 sull‘t-agio
696 4555 795 4593 suo
821 4538 1037 4593 sclted:e
1067 4537 1279 4593 Poelm.
1300 4534 1634 4609 probarunt.
1666 4534 1836 4602 Wop-

236 4607 458 4664 keusius
486 4607 847 4666 substituebat
868 4611 1089 4678 spirare,
1115 4610 1256 4673 quod
1285 4608 1558 4672 Gruneru,
1592 4619 1645 4662 et
1670 4610 1827 4661 Arnt-

236 4684 393 4736 zeuiu
426 4699 536 4736 non
587 4683 937 4749 displicebat.
972 4682 1075 4734 Sed
1109 4681 1191 4734 vel
1232 4691 1552 4745 exspectare,
1602 4682 1684 4733 vel
1716 4695 1833 4750 spe-

233 4768 347 4805 rare
383 4757 581 4814 notius,
621 4754 744 4806 huic
768 4752 887 4807 loco
916 4754 1048 4806 satis
1078 4760 1503 4805 consentaneum
1528 4759 1631 4805 est.

304 4825 428 4879 161.
458 4824 579 4879 Vet.
612 4825 662 4892 1,
698 4826 865 4886 Mum,
885 4824 1161 4884 mendose,
1181 4821 1425 4894 Corporis
1455 4837 1551 4891 pro
1580 4822 1830 4894 Corripis.

237 4894 451 4962 Parrh.,
481 4904 529 4949 et
559 4897 698 4950 sistis
723 4912 737 4962 ;
769 4897 857 4948 alii
883 4912 1003 4949 cum
1039 4909 1197 4962 prosa
1226 4894 1483 4947 omittunt
1511 4903 1579 4947 et.

310 4967 432 5023 162.
476 4967 601 5021 Mss.
655 4967 824 5023 uoswi
863 4983 984 5022 cum
1017 4967 1182 5034 Aug,
1231 4965 1353 5017 cod.
1392 4963 1615 5024 Barthii,
1661 4964 1832 5027 Alm.,

234 5038 449 5099 Arntz.,
503 5039 717 5102 l'arrlt.,
751 5038 900 5102 Ald.,
949 5047 1005 5092 et
1045 5037 1166 5091 aliis
1212 5036 1544 5092 editiOmbus
1573 5036 1831 5104 antiquis,

237 5107 808 5183 Prmponislhumaua:
842 5109 1064 5183 Alb_au.,
1094 5120 1149 5163 et
1172 5108 1380 5183 vulgati
1414 5108 1592 5183 multi,
1615 5107 1837 5175 Priapo—

239 5184 415 5250 nisque
442 5180 690 5236 hninana.
723 5182 778 5235 ld
814 5181 1038 5249 praefert.
1060 5182 1419 5245 Arntzenius;
1446 5180 1652 5242 nescio,
1684 5194 1783 5231 cur
1816 5196 1830 5232 :

238 5251 491 5309 Sedulius
543 5254 688 5309 enim
723 5268 871 5323 sa-pe
915 5253 1233 5322 aspiratiuni
1266 5253 1297 5303 h
1330 5253 1433 5304 vim
1478 5250 1836 5323 consonantis

237 5325 465 5392 tribuit,
534 5335 590 5379 ut
651 5321 830 5380 brevis
885 5321 1244 5394 praecedentis
1296 5323 1548 5377 dictionis
1607 5321 1836 5390 produci

237 5399 425 5461 possit.
459 5396 725 5452 Arutzen.
750 5411 779 5449 a
809 5411 922 5451 sec.
953 5412 1051 5463 m.,
1077 5397 1400 5466 Parrh.,qui
1427 5403 1588 5449 morte
1610 5395 1834 5460 teneris;

235 5466 687 5547 lege-ﬂuanmorte.
701 5540 715 5547 _
909 5541 918 5547 .
1801 5537 1813 5547 υ

307 5540 432 5595 165.
474 5539 663 5595 Ottob.
696 5540 747 5603 1,
776 5541 966 5600 crucis.
1000 5551 1148 5593 recte
1192 5550 1500 5592 correctum
1533 5554 1631 5608 per
1668 5539 1833 5608 cruci.

236 5608 366 5680 Reg.
395 5612 449 5669 5.
484 5613 631 5676 Ald.,
668 5610 853 5679 Faltr.,
880 5619 934 5664 ct
965 5613 1183 5681 quidam
1213 5611 1303 5664 alii
1333 5606 1556 5680 vulgati.
1590 5622 1700 5677 post
1726 5606 1839 5661 rul-

235 5697 391 5747 uera;
444 5682 693 5753 plerique
736 5698 865 5737 mss.
920 5696 1045 5736 cum
1092 5681 1218 5736 aliis
1268 5683 1432 5736 editis
1490 5682 1690 5737 melius
1746 5695 1840 5749 per

236 5753 475 5810 rulnera.

306 5827 433 5882 itit.
474 5823 600 5881 Ald.
622 5823 803 5879 Iesum
832 5825 900 5879 ad
923 5841 1127 5893 poenam
1152 5824 1385 5877 ductum.
1425 5824 1637 5879 Titulus
1680 5838 1840 5893 repe-

238 5896 387 5954 titus.
417 5896 576 5966 Urb.,
604 5895 793 5960 Rom,
823 5898 892 5950 ad
920 5904 1116 5969 plenas.
1151 5894 1275 5950 Vat.
1306 5893 1343 5949 2
1371 5906 1629 5967 corrupte
1655 5910 1837 5951 sensus

997 3194 1201 3249 pwnam
1233 3177 1464 3249 ductum.
1521 3176 1674 3232 Meus
1716 3191 1841 3249 cor-
1866 3175 1913 3239 C

1860 4576 1916 4637 D

1950 3192 2046 3248 pro
2076 3177 2320 3233 Sanctus.

2023 3249 2144 3325 l6l'i.
2188 3254 2377 3305 Arntz.
2407 3266 2530 3308 cum
2562 3250 2749 3319 Fabr.,
2778 3261 2833 3308 et
2852 3253 3174 3325 quibusdam
3204 3253 3325 3308 aliis
3355 3255 3540 3324 editis,

1956 3322 2101 3397 rubri
2140 3325 2327 3390 vilem;
2360 3340 2492 3378 mss.
2535 3325 2705 3397 nostri
2742 3322 3314 3397 cutn'Parrlt.,‘Ald.,
3344 3337 3397 3381 et
3429 3322 3546 3397 ple-

1949 3395 2133 3463 risque
2163 3397 2521 3460 editionibus,
2554 3395 2703 3450 vilem
2725 3397 2897 3452 rubri:
2928 3398 3023 3453 sed
3052 3401 3101 3452 in
3122 3395 3275 3453 Οιι.1
3306 3395 3544 3456 fortasse

1948 3464 2048 3542 fuit
2068 3464 2391 3542 chlamydem
2421 3468 2565 3521 rubri
2592 3468 2683 3522 sub
2706 3472 2924 3542 tegmine
2945 3471 3083 3525 cocci
3105 3467 3440 3542 —dl’est_itur
3469 3475 3547 3525 tti-

1949 3538 2070 3612 lem,
2116 3541 2257 3607 quod
2308 3541 2359 3592 in
2395 3556 2515 3596 meo
2561 3538 2772 3595 codiee'
2797 3543 2879 3595 sic
2926 3551 3122 3597 exstat.
3180 3539 3544 3612 Wopkeusius

1944 3611 2081 3734 Vltbll,
2115 3612 2446 3694 conjunctim
2490 3612 2591 3682 legi
2621 3612 2941 3686 subtegmine
2964 3630 2983 3669 :
3009 3614 3263 3686 plerique
3290 3611 3540 3672 Scribttnt

1945 3698 2004 3734 δυ
2062 3694 2299 3734 temttme.

1945 3694 2038 3735 sub
2062 3694 2299 3736 temntne.

2020 3701 2038 3733 ν
2062 3701 2299 3754 tegmine.

2020 3753 2144 3828 166.
2185 3754 2408 3828 Arntz._
2433 3751 2679 3828 Vestitus.
2716 3753 2837 3828 Val.
2876 3754 2925 3819 1,
2952 3755 3065 3810 Ott.
3103 3755 3157 3819 2,
3187 3756 3353 3828 Ang.,
3397 3758 3541 3813 Alm.

1945 3826 2241 3898 speciesque
2276 3824 2411 3879 :alii
2438 3827 2648 3898 species
2692 3827 2812 3898 sine
2849 3842 2967 3898 que.
3024 3828 3195 3888 Alttt.,
3242 3824 3353 3882 (ῆι.
3390 3831 3439 3896 1,
3484 3830 3541 3893 2,

1943 3892 2132 3955 Fabt‘.,
2155 3892 2217 3947 iet
2249 3896 2489 3949 nonnulli
2525 3896 2613 3949 alii
2642 3896 2807 3959 editi,
2837 3892 3049 3950 cruenta
3085 3915 3103 3952 .'
3155 3899 3205 3952 id
3241 3900 3311 3951 ita
3349 3892 3447 3955 fuit
3480 3901 3533 3955 ilt

1944 3964 2078 4040 Reg.
2106 3967 2155 4029 Ι,
2182 3967 2275 4020 sed
2296 3978 2713 4040 correctnuLest
2738 3982 2833 4030 per
2854 3980 3100 4033 cruentat,
3130 3969 3272 4032 quod
3300 3971 3542 4040 plerique

1944 4038 2223 4112 exhibent,
2258 4047 2313 4090 et
2335 4036 2556 4112 _stglle_d:t:
2589 4036 2795 4092 Poelm.
2819 4039 3089 4112 prultaut.‘
3111 4041 3183 4112 De
3226 4036 3537 4112 chlamyde,

1943 4124 2047 4175 qua
2079 4108 2299 4163 indutus
2331 4108 2425 4161 fuit
2456 4110 2635 4170 Jesus,
2667 4124 2971 4163 sctmonem
3007 4110 3166 4165 habui
3218 4112 3282 4164 ad
3334 4108 3539 4166 Juven-

1943 4193 2068 4233 eum
2105 4180 2139 4235 I.
2176 4197 2247 4244 Iv,
2279 4178 2711 4234 \'ers.645.Vilis
2733 4181 2932 4234 dicitur
2954 4179 3246 4245 aSedulio,
3271 4184 3539 4248 quasiali-

1942 4251 2097 4320 cujus
2114 4253 2233 4305 vilis
2257 4250 2439 4304 militis
2463 4250 2675 4320 propria
2692 4264 2875 4304 vestis.
2893 4250 3190 4305 Concilium
3207 4252 3534 4307 Toletanum

1941 4321 1984 4388 1,
2016 4339 2158 4376 anno
2188 4321 2314 4382 400.
2344 4338 2466 4376 ean.
2502 4322 2534 4376 8
2569 4341 2582 4375 :
2624 4322 2684 4375 Si
2710 4326 2824 4391 quis
2850 4332 2963 4394 post
3005 4324 3312 4390 baptismum
3346 4325 3539 4378 milita-

1942 4396 2086 4468 ueril,
2117 4405 2165 4447 et
2194 4394 2516 4463 chlamydem
2544 4396 2837 4468 sumpserit.
2863 4404 2954 4468 aut
2979 4397 3266 4468 cingulum,
3293 4405 3399 4451 etc.
3432 4396 3535 4451 Ne-

1942 4465 2437 4540 brisseusis‘taiuett
2468 4478 2679 4540 censet,
2711 4464 2820 4519 dici
2847 4465 3031 4540 vilem,
3063 4464 3186 4535 quia
3218 4468 3269 4522 iu
3302 4469 3536 4540 vilipeu-

1941 4537 2089 4589 ditnn
2121 4535 2327 4608 Christi
2356 4535 2616 4599 adhibita,
2662 4554 2769 4590 non
2811 4539 2956 4607 quod
2988 4540 3135 4607 parvi
3169 4542 3326 4608 pretii
3368 4535 3535 4597 esset.

1946 4610 2013 4661 At
2047 4606 2349 4663 verisimile
2376 4616 2480 4674 est,
2513 4608 2879 4678 chlamydem,
2910 4611 2962 4663 in
2988 4606 3347 4677 vilipendiutn
3378 4611 3537 4667 adhi-

1944 4679 2131 4747 bitam,
2161 4682 2324 4733 vilem
2352 4694 2565 4751 quoque
2593 4679 2780 4742 illi\Sl?,
2808 4690 2863 4734 et
2890 4682 3043 4747 parvi
3072 4682 3248 4751 pretii.

2016 4753 2137 4825 167.
2183 4751 2319 4806 Bibl.
2358 4749 2540 4825 Lugd.
2591 4752 2949 4825 circumdabit.
2983 4749 3126 4824 quad
3176 4756 3534 4825 depravatum

1940 4833 2043 4875 est.
2090 4824 2193 4878 Pro
2223 4824 2454 4891 amplum
2486 4822 2740 4890 conjiciat.
2779 4826 2975 4893 aliquis
3002 4822 3262 4882 almum.‘
3300 4828 3396 4882 sed
3433 4826 3537 4880 Ne-

1941 4893 2232 4950 brissensis
2257 4896 2483 4966 CXptmit
2518 4893 2775 4964 amplum,
2828 4897 2883 4952 lt.
2918 4912 2997 4964 e.,
3044 4898 3354 4953 honestum.
3400 4897 3538 4952 lliuc

1940 4968 2245 5020 amplitudo.

2016 4984 2371 5110 iJ‘iiiilatiitob.
2398 5037 2447 5110 l,
2478 5035 2648 5102 Meus,
2678 5038 2807 5110 lleg.
2838 5038 2895 5104 5,
2926 5042 3088 5109 Ang.,
3122 5039 3249 5095 Vat.
3280 5038 3336 5103 2,
3366 5048 3426 5093 ut
3455 5040 3537 5093 vi-

1942 5108 2138 5174 detur;
2170 5108 2293 5164 Ald.
2328 5108 2472 5179 quia,
2521 5110 2663 5178 quod
2716 5108 2945 5165 fortasse
2977 5108 3138 5165 etiam
3174 5110 3273 5165 fuit
3318 5112 3369 5163 in
3405 5110 3538 5180 Reg.

1943 5182 1995 5241 1,
2030 5180 2082 5234 iu
2118 5197 2239 5251 _quo
2271 5194 2413 5233 ttttttc
2439 5189 2519 5233 est
2564 5182 2727 5248 quod,
2760 5192 2819 5236 ut
2860 5183 2911 5235 in
2961 5183 3239 5251 plerisque.
3276 5182 3452 5235 Etiam
3486 5184 3541 5235 in

1941 5251 2052 5306 Ott.
2091 5253 2115 5306 1
2154 5255 2304 5319 prius
2346 5251 2449 5304 fuit
2491 5253 2649 5316 quod.
2688 5253 2819 5323 Reg.
2858 5255 2879 5306 1
2919 5267 3015 5320 pro
3044 5253 3099 5306 d.
3132 5271 3204 5320 s.,
3240 5251 3360 5307 Vat.
3396 5253 3443 5317 1,
3481 5260 3537 5308 et

1985 5324 2164 5395 lui-imi
2196 5324 2421 5391 vulgati,
2455 5339 2679 5395 semper.
2713 5324 2844 5377 Mss.
2894 5323 3011 5395 alii
3037 5337 3159 5376 cum
3210 5323 3531 5395 Ang.,icod.

1986 5338 2164 5378 lui-unt
2196 5338 2421 5391 vulgatt,
2455 5339 2679 5395 semper.
2713 5338 2844 5377 Mss.
2894 5338 2984 5375 attt
3037 5338 3159 5376 cum
3210 5338 3373 5393 ang,
3405 5338 3531 5379 cou.

1942 5338 2173 5457 iiartbii,
2210 5395 2429 5460 Parrln,
2471 5393 2621 5463 Ald.,
2653 5407 2823 5457 terrae,
2872 5393 3013 5461 quod
3043 5408 3167 5446 cum
3204 5410 3307 5448 uis.
3356 5394 3543 5462 Caut.,

1942 5467 2160 5521 scltedis
2207 5466 2443 5531 Poelm.,
2494 5474 2550 5519 et
2577 5465 2765 5521 Prosa.
2800 5466 3097 5531 prmferunt
3134 5465 3438 5530 Grunerus,
3478 5479 3535 5520 et

1940 5536 2292 5592 Arntzeuius.
2312 5535 2564 5593 Barthius
2585 5537 2890 5605 coniecerat
2915 5548 3007 5602 per
3029 5553 3102 5603 se,
3135 5536 3189 5589 lt.
3219 5554 3297 5599 e.,
3326 5549 3423 5590 sua
3445 5553 3541 5588 tta-

1942 5617 2086 5664 tura.
2123 5611 2177 5664 In
2208 5608 2321 5663 Ott.
2354 5611 2373 5661 1
2410 5622 2493 5664 eSt
2522 5616 2692 5675 terra,
2726 5607 2819 5660 sed
2852 5605 3066 5660 videtur
3095 5606 3268 5664 fuisse
3312 5622 3538 5678 semper,

1942 5696 2043 5752 pro
2071 5689 2306 5752 quorstat
2331 5694 2514 5750 prosa.

2017 5746 2140 5807 t7].
2182 5751 2239 5807 lu
2271 5746 2393 5807 meo
2436 5750 2558 5807 cod.
2599 5746 2943 5805 desideratur
2970 5746 3096 5803 leve.
3128 5747 3261 5822 Reg.
3293 5750 3349 5817 5,
3374 5746 3527 5818 Ald.,

1942 5840 2064 5880 mea:
2087 5824 2286 5880 alienos
2308 5826 2427 5881 sine
2455 5838 2573 5894 que.
