4038 6312
470 293 574 348 727

606 414 722 472 Hoc
750 413 912 470 docet
942 427 1045 468 una
1078 411 1233 477 ﬁdes,
1260 425 1429 467 unum
1455 417 1537 467 ter
1563 409 1748 466 dicere
1778 425 1983 481 regem.

464 508 572 566 200
679 510 852 581 Hujus
885 509 937 564 in
969 506 1175 564 exuviis
1198 521 1321 563 sors
1344 506 1597 574 mittitur,
1619 516 1677 561 ttt
1705 505 2068 561 sacravestis.

607 602 935 659 lntemerata
970 614 1217 667 manens,
1268 615 1297 654 a
1326 599 1547 655 Christo
1575 599 1810 655 schisma
1837 610 2068 655 vetaret.

685 695 827 766 Quin
859 695 1021 751 etiam
1052 694 1290 750 insontis
1325 692 1495 749 latere
1520 708 1589 748 ex
1616 703 1845 765 utroque
1873 707 2072 747 cruen-

1614 842 1621 847 .
1894 787 2003 861 [tos

613 884 962 942 Constituere
991 885 1159 951 viros,
1192 884 1443 940 meritum
1477 883 1603 939 licet
1633 883 1885 939 omnibus
1910 898 2075 939 unum

613 976 730 1031 Non
766 979 918 1031 iaciat
954 975 1149 1030 similis
1188 976 1434 1044 quamvis
1482 976 1785 1040 sententia;
1840 990 2077 1044 namque

473 1070 583 1127 205
620 1071 787 1143 335
817 1069 963 1123 Inter
986 1070 1274 1125 carnilices
1293 1078 1483 1123 sancto
1515 1068 1787 1137 pendente
1813 1069 2072 1135 latrones,

618 1167 726 1222 Par
756 1179 843 1222 est
878 1182 1033 1237 poena
1067 1168 1255 1231 trium,
1289 1165 1384 1220 sed
1417 1166 1601 1236 dispar
1627 1180 1789 1221 causa
1822 1165 2074 1218 duorum.

624 1260 690 1315 Hi
722 1261 924 1315 mundo
950 1269 1072 1313 sunt
1099 1259 1301 1330 quippe
1331 1257 1409 1313 rei
1437 1274 1532 1327 pro
1559 1258 1787 1311 crimine
1819 1256 2020 1319 multo;

624 1353 761 1408 lluic
781 1367 909 1408 reus
946 1363 1030 1408 est
1062 1351 1315 1415 mundus,
1350 1349 1590 1406 salvatus
1617 1349 1880 1420 sanguine
1902 1348 2073 1418 justo.

1849 289 2065 350 ϐαιιιι
2104 291 2373 350 SEDULII

2100 416 2154 475 A

3670 294 3769 352 723

2318 409 2721 481 Suppliciisque
2745 418 2922 467 tamen
2953 425 3134 467 rerum
3161 411 3481 467 dominator
3500 409 3554 465 in
3580 408 3709 481 ipsis

2173 504 2281 561 210
2316 503 2445 560 Jura
2479 505 2767 575 potestatis
2795 519 2903 560 non
2934 503 3204 575 perdidit:
3259 518 3451 576 atqutts
3490 511 3773 575 utrumque

2323 598 2499 654 Judex
2534 613 2771 665 namque
2801 609 2982 667 tuens,
3013 598 3156 655 hunc
3180 599 3358 672 eligit,
3408 598 3555 654 hunc
3584 615 3772 671 repro-

3502 693 3703 767 [havit,

2320 789 2621 847 Amborum
2650 789 2848 846 merita
2870 789 3139 860 prmcelso
3168 789 3421 845 examine
3446 803 3703 860 pensans.

2322 882 2474 939 Unns
2504 882 2670 949 enim,
2699 897 2862 953 quem
2888 883 2993 937 vita
3024 881 3178 937 ferox
3205 897 3307 937 nec
3333 891 3509 937 morte
3538 881 3775 952 reliquit,

2322 975 2379 1031 lu
2411 977 2699 1032 Dominum
2732 977 2999 1033 scelerata
3031 991 3255 1031 movens
3289 975 3560 1043 convicia,
3591 976 3745 1031 dictis

2178 1069 2285 1126 215
2324 1070 2605 1125 Mordebat
2634 1070 2887 1141 preptiis,
2922 1081 2976 1125 et
3011 1081 3284 1138 tamquam
3326 1070 3534 1142 setigcr
3568 1070 3745 1126 hircus

2321 1161 2428 1219 Ore
2450 1177 2727 1217 venenoso
2753 1165 2919 1217 vitem
2952 1163 3227 1219 lacerabat
3253 1178 3528 1219 amoenam
3555 1181 3568 1218 :

2320 1255 2496 1319 Alter,
2522 1256 2749 1311 adorato
2783 1272 2882 1327 per
2925 1259 3089 1313 verba
3125 1258 3407 1327 precantia
3439 1258 3685 1326 Christo,

2324 1347 2489 1420 336
2518 1348 2715 1404 Saucia
2746 1350 2996 1420 dejectus
3024 1350 3281 1406 ﬂectebat
3317 1350 3550 1421 lumina,
3579 1360 3781 1407 tantum

1839 1482 2019 1540 OPUS
2062 1481 2448 1540 PASCIIALE.

476 1615 602 1679 pata
624 1649 638 1673 ,
671 1622 793 1662 cum
825 1604 1120 1661 Christiani
1149 1602 1422 1675 dogmatis
1447 1599 1706 1658 meruerit
1728 1610 2077 1655 sacramenta

480 1700 702 1765 sortiri,
761 1702 903 1755 inter
947 1700 1220 1754 Abraham
1271 1697 1412 1753 lilios
1461 1696 1653 1767 incipit
1687 1696 1779 1750 Dei
1835 1694 2079 1765 populus

2190 1613 2289 1669 pro
2311 1599 2542 1655 crimine
2566 1603 2642 1656 rei
2668 1609 2796 1657 sunt
2827 1601 3027 1657 mundo
3044 1619 3056 1656 :
3076 1602 3201 1658 huic
3223 1602 3337 1676 ipse
3359 1619 3489 1660 reus
3517 1613 3603 1660 est
3628 1620 3784 1660 mun-

2187 1692 2315 1759 dus,
2341 1694 2499 1764 cujus
2527 1696 2790 1765 sanguine
2838 1695 3102 1751 liberatus
3130 1707 3211 1751 est
3241 1713 3269 1751 a
3299 1706 3549 1767 peccato.
3609 1698 3666 1754 lu
3697 1699 3788 1756 illo

478 1792 916 1863 nuncupariJZui
941 1790 1143 1861 legitur
1166 1789 1673 1862 promisisse,quod
1699 1804 1823 1843 eum
1850 1788 2075 1856 faceret,
2112 1819 2157 1878 Β
2191 1797 2367 1844 tamen
2400 1789 2661 1844 Dominus
2689 1790 2930 1859 patibulo
2962 1791 3317 1856 constitutus,
3356 1792 3648 1862 potestatis
3679 1808 3788 1848 sure

477 1888 619 1942 sicut
660 1897 715 1942 et
744 1886 893 1954 fecit,
939 1889 1183 1941 omnium
1216 1883 1459 1955 gentium
1495 1893 1727 1951 patrem.
1757 1881 1920 1937 Jesus
1948 1895 2081 1951 ergo

482 1981 664 2036 dictus
686 1991 775 2035 est
803 1980 917 2034 Rex
946 1978 1295 2041 Judzeornm,
1328 1993 1435 2032 non
1460 1984 1668 2031 tantum
1702 1976 2081 2045 prtesentinm,

483 2077 580 2133 sed
604 2077 771 2131 etiam
802 2077 1130 2141 futurorum,
1147 2075 1239 2144 qui
1258 2073 1523 2129 naturalis
1543 2072 1805 2140 germinis
1832 2072 2079 2126 inutilem

484 2171 864 2239 relinquentes
893 2171 1205 2235 horrorem,
1236 2184 1358 2222 mox
1392 2166 1445 2222 in
1476 2167 1655 2221 oleam
1684 2165 1930 2221 fecunda:
1958 2180 2083 2220 sua-

483 2263 666 2318 vitatis
700 2272 981 2333 unguento
1034 2261 1215 2315 sancti
1270 2258 1589 2315 chrismatis
1643 2258 1920 2315 inserendi
1955 2272 2081 2328 per-

489 2355 620 2411 dent
646 2353 1069 2410 amaritudinem
1098 2351 1309 2408 sterilis
1334 2351 1580 2407 oleastri.

564 2447 704 2517 Quin
734 2447 896 2504 etiam
926 2446 1084 2517 plebs
1114 2445 1318 2512 feralis,
1344 2453 1399 2500 et
1427 2443 1612 2509 noxia,
1647 2443 1811 2499 nullis
1839 2443 2083 2498 animum

483 2544 683 2599 satiata
713 2541 1028 2613 suppliciis,
1064 2550 1323 2595 cruentos
1352 2554 1416 2593 ex
1472 2547 1700 2609 utroque
1742 2538 1914 2592 latere
1941 2538 2084 2593 circa

488 2638 780 2694 Dominum
809 2638 958 2692 viros
985 2634 1175 2691 eadem
1209 2633 1401 2689 statuit
1426 2632 1775 2688 damnatione
1815 2630 2083 2699 conﬁxos,

489 2741 547 2786 ut
576 2730 808 2801 injectas
836 2728 1125 2783 vulnerum
1156 2726 1343 2796 plagas
1366 2724 1556 2778 talium
1580 2724 1867 2779 acerbaret
1889 2722 2088 2791 injuria

489 2839 853 2896 personarum
879 2864 894 2889 ,
947 2822 1075 2878 licet
1106 2821 1284 2876 meriti
1318 2818 1739 2874 similitudinem
1772 2832 1877 2873 n0n
1928 2816 2092 2871 habet

488 2919 798 2975 similitudo
841 2918 1148 2973 sententiae.
1200 2915 1347 2970 Inter
1374 2914 1616 2968 latrones
1670 2928 1905 2981 namque
1942 2912 2091 2982 justo

494 3013 767 3081 pendente
794 3012 1082 3068 carniﬁces
1108 3055 1123 3079 ,
1176 3011 1337 3065 trium
1364 3008 1582 3064 videtur
1602 3023 1726 3064 esse
1774 3024 1873 3079 par
1903 3023 2087 3078 poena,

491 3108 588 3165 sed
637 3108 873 3164 duorum
917 3106 1106 3178 dispar
1132 3112 1432 3162 estcausa.
1483 3102 1567 3157 llli
1596 3100 1868 3172 siquidem
1915 3102 2090 3158 multo

2180 1882 2302 1953 jura
2353 1898 2459 1937 non
2492 1884 2762 1954 perdidit,
2799 1886 2889 1955 qui
2920 1884 2987 1939 de
3018 1884 3265 1940 sablimis
3293 1886 3481 1940 crucis
3511 1887 3783 1956 examine,

2185 1978 2333 2033 velut
2360 1978 2429 2033 de
2454 1981 2621 2049 regali
2664 1980 2860 2034 throno
2881 2022 2897 2046 ,
2922 1979 3087 2048 judex
3122 1994 3312 2052 aequus
3342 1990 3634 2049 utrumque
3666 1996 3783 2050 pro-

2185 2074 2442 2143 spiciens,
2477 2086 2531 2129 et
2554 2074 2841 2129 amborum
2864 2076 3056 2129 merita
3079 2075 3247 2130 divini
3276 2076 3463 2130 cordis
3490 2075 3653 2130 lance
3678 2090 3789 2143 per-

2187 2166 2455 2235 pendens,
2488 2166 2635 2222 huuc
2664 2168 2855 2239 elegit,
2880 2168 3034 2222 illum
3068 2168 3312 2238 reliquit,
3350 2186 3460 2223 tton
3487 2169 3784 2239 praeterita,

2186 2277 2307 2333 qua:
2338 2261 2583 2329 luebant,
2632 2262 2773 2317 facta
2805 2262 3137 2328 discutiens,
3170 2262 3266 2319 sed
3300 2276 3605 2333 praesentes
3636 2279 3789 2319 men-

2193 2356 2326 2411 tium
2352 2355 2703 2411 diversitates
2728 2354 3041 2411 intendens.
3075 2355 3229 2412 Unus
3260 2357 3429 2421 enim,
3455 2372 3485 2410 a
3518 2373 3628 2425 quo
3654 2357 3793 2411 fero-

2191 2452 2275 2509 cis
2324 2451 2584 2506 atrocitas
2639 2450 2877 2505 instituti
2908 2465 3011 2504 nec
3038 2450 3091 2504 in
3120 2449 3440 2504 discrimine
3479 2450 3790 2519 declinavit,

2193 2543 2361 2599 saevis
2393 2543 2681 2598 Dominum
2715 2543 2992 2597 lacerabat
3025 2542 3265 2609 injuriis,
3323 2541 3486 2597 dictis
3527 2541 3791 2597 mordaci-

2194 2638 2295 2691 bus
2320 2635 2719 2699 exsecrandus,
2754 2643 3028 2706 tamquam
3059 2649 3224 2703 caper
3254 2634 3501 2690 hirsutus
3530 2633 3787 2690 venenosi

2192 2728 2373 2784 dentis
2421 2736 2625 2783 attactu
2681 2728 2889 2799 palmiti
2939 2728 3276 2782 suavissimae
3333 2729 3464 2781 vitis
3520 2726 3790 2793 inimicus,

2199 2825 2271 2879 ita
2305 2823 2629 2895 loquebatur
2660 2822 2929 2877 illudens:
2962 2822 3026 2877 Si
3052 2834 3107 2876 tu
3132 2839 3183 2876 es
3208 2818 3479 2886 Christus,
3525 2821 3724 2876 salvum
3751 2830 3793 2875 te

2194 2918 2303 2988 fac,
2338 2924 2387 2970 et
2413 2933 2526 2970 nos.
2561 2916 2712 2970 Alius
2743 2930 2877 2969 vero
2906 2930 3002 2985 Spe
3053 2914 3279 2969 meliore
3329 2912 3656 2978 modestior,
3708 2913 3794 2983 qui

2194 3011 2320 3067 dum
2348 3026 2461 3065 suae
2487 3009 2658 3079 parcit
2685 3010 2904 3081 linguae,
2936 3009 3183 3078 pepercit
3209 3017 3262 3063 et
3295 3022 3473 3077 paena:
3500 3006 3791 3077 supplicio,

2198 3106 2530 3162 Dominum‘l
2555 3104 2736 3162 verbis
2769 3104 3118 3177 precantibus
3148 3104 3466 3175 alloquitur,
3500 3102 3795 3161 deﬂectens

2537 3254 2631 3271 ητ-ον

2000 3242 2317 3301 SCllOLlA.

565 3365 691 3424 199.
725 3364 823 3419 Ter
845 3364 1095 3434 designat
1114 3361 1214 3418 SS.
1243 3360 1590 3425 Trinitatem,
1619 3374 1725 3415 non
1753 3359 1946 3430 triplex
1976 3375 2099 3432 reg—
2126 3362 2172 3426 C
2202 3363 2379 3433 glossa
2418 3364 2693 3428 sententia,
2725 3363 2956 3416 damnat.
2986 3360 3142 3434 Alb.,
3181 3358 3441 3434 mendose
3492 3358 3605 3415 Nec

491 3454 644 3503 nttm,
676 3448 729 3490 ιιι
757 3434 1028 3491 Cellarius
1058 3434 1387 3501 suspicatur.

562 3502 689 3564 2.00.
723 3506 931 3562 Poelm.
959 3506 1127 3577 Super
1153 3505 1379 3560 tunicam
1407 3504 1717 3577 sortiuntur.
1749 3502 2101 3577 Dempsterus

491 3582 558 3636 ad
606 3580 797 3633 Rosin.
850 3578 888 3632 Ι.
916 3573 1046 3641 vni,
1081 3593 1132 3631 c.
1165 3578 1220 3641 8,
1268 3592 1322 3646 p.
1358 3575 1493 3641 840,
1528 3573 1755 3646 conjicit
1778 3574 1833 3627 in
1866 3575 2096 3646 exuvias,

492 3653 635 3722 quod
668 3649 879 3705 videtur
913 3652 1059 3719 prius
1089 3648 1257 3703 fuisse
1272 3644 1340 3702 in
1378 3647 1495 3702 Vat.
1527 3646 1588 3711 1;
1620 3644 1716 3701 sed
1748 3645 1887 3701 bene
1932 3656 2015 3700 est
2044 3644 2097 3700 in

494 3740 687 3779 exuens
696 3762 708 3775 .

566 3795 697 3851 201.
724 3792 896 3853 Meus,
929 3802 1136 3846 necaret
1163 3807 1180 3843 :
1212 3791 1331 3861 lege
1354 3797 1566 3843 vetaret.
1618 3788 1682 3843 lli
1713 3803 1907 3846 versus
1935 3806 2098 3861 supra

493 3867 549 3923 in
573 3881 731 3935 prosa
760 3864 1014 3935 explicati
1044 3872 1194 3917 sont.

568 3928 691 3993 202.
718 3928 871 4001 Αιάζ,
906 3934 1049 3990 Duos
1086 3936 1313 3989 latrones
1352 3932 1420 3985 ad
1451 3928 1666 3985 Domini
1692 3931 1854 3987 latera
1894 3934 2102 4003 crucifi-

493 4026 609 4065 xos.
644 4008 856 4071 Parrh..
886 4006 1015 4064 Cum
1039 4007 1198 4063 simul
1222 4006 1348 4060 :alii
1379 4004 1517 4071 Quin
1544 4004 1717 4057 etiam.
1750 4006 1861 4060 Ott.
1899 4007 1952 4071 1,
1978 4006 2097 4059 Vat.

498 4084 556 4149 1,
587 4082 645 4145 2,
667 4079 802 4150 Reg.
832 4081 885 4139 5.
939 4079 1090 4140 Ald..
1122 4079 1282 4133 Cant.
1302 4074 1567 4150 ._schet_la:
1597 4075 1834 4150 _P_oelm.,
1864 4076 2099 4130 insonti:

496 4145 1014 4224 plerique'insontis.
1067 4151 1164 4224 sed
1214 4150 1268 4204 in
1316 4147 1450 4218 Reg.
1488 4147 1512 4201 1
1558 4145 1769 4201 videtur
1793 4159 2099 4224 correctum

494 4220 596 4296 per
642 4220 853 4279 insonti.
910 4221 1015 4277 Pro
1054 4222 1327 4277 scelerato
1370 4228 1636 4273 cruentum
1685 4220 1851 4289 poni,
1901 4235 2100 4274 novum

497 4312 604 4352 non
632 4305 736 4351 est.

567 4369 692 4423 203.
725 4366 783 4421 lu
811 4364 969 4419 Rom.
1002 4364 1240 4418 meritum
1265 4362 1501 4417 omnibus
1524 4378 1685 4415 unum
1706 4360 1855 4416 deest
1875 4361 2101 4432 aliquid.

496 4438 701 4495 Similis
726 4454 882 4493 error
919 4435 973 4489 in
1004 4436 1134 4491 Urb.
1176 4438 1515 4503 meritumque
1545 4432 1800 4487 omnibus.
1850 4432 2105 4489 Barthius

495 4524 566 4564 ex
594 4509 799 4575 optimo
826 4508 1011 4561 codice
1039 4507 1234 4576 allegat
1264 4506 1502 4560 meritum
1530 4521 1633 4557 non
1655 4505 1889 4559 ontnibns
1917 4521 2098 4572 unum,

498 4579 643 4650 quod
668 4578 836 4634 edidit
858 4576 1204 4650 Parrhasius,
1238 4588 1292 4629 et
1321 4578 1386 4650 in,
1406 4592 1505 4628 suo
1532 4577 1653 4650 cod.
1689 4576 1897 4630 invenit
1924 4594 1950 4650 a
1984 4592 2102 4650 seq.

450 4672 452 4674 ν
499 4646 663 4705 manu
687 4647 1045 4703 Arutzenius.
1068 4648 1321 4717 Plerique
1351 4646 1465 4700 licet
1496 4648 1751 4710 omnibus,
1795 4648 1939 4717 quod
1988 4647 2103 4701 dis-

500 4720 1173 4792 plicebatGrunero_cu_tn
1214 4718 1474 4789 particula
1503 4718 1747 4792 quamuis
1792 4718 2026 4792 repetita
2048 4735 2100 4774 v.

501 4788 620 4858 seq.
655 4791 863 4845 Idcirco
892 4806 956 4845 ex
984 4788 1071 4844 ed.
1107 4788 1256 4857 Lips.
1301 4789 1542 4853 reposuit
1568 4788 1801 4841 meritum
1847 4789 1963 4842 licet
1996 4807 2106 4845 om-

502 4862 655 4917 nibus
686 4878 848 4915 unum
873 4892 943 4901 —-
972 4859 1095 4914 Non
1124 4861 1301 4929 faciat,
1325 4860 1505 4913 similis
1530 4869 1695 4912 tamen
1724 4870 1799 4913 est
1827 4862 2102 4915 sententia.

501 4933 579 4989 Ita
611 4934 835 4987 omnino
861 4932 1023 4987 habet
1051 4946 1201 4986 meus
1231 4933 1423 4988 codex.
1454 4940 1509 4984 et
1534 4930 1670 4983 alter
1711 4930 1936 4994 Bartltii,
1969 4944 2023 4986 et
2051 4934 2105 4988 in

501 5005 625 5060 aliis
655 5004 985 5059 editionibns
1009 5002 1089 5057 sic
1120 5013 1356 5069 exstare,
1391 5004 1685 5070 ascriptum
1717 5014 1835 5056 erat
1866 5004 1918 5056 in
1950 5006 2106 5057 sche-

502 5076 587 5132 dis
644 5075 987 5131 Poelmanni.
1047 5073 1414 5128 Nihilominus
1473 5074 1753 5128 retinenda
1810 5086 1893 5127 est
1947 5075 2107 5129 lectio

500 5147 831 5213 communis,
884 5156 940 5202 et
982 5160 1104 5201 cum
1148 5143 1486 5211 Wopkeusio
1517 5144 1835 5211 expliCanda
1863 5146 2103 5199 meritum

500 5219 619 5272 licet
650 5219 885 5274 omnibus
916 5235 1075 5273 unum
1102 5244 1175 5256 —
1200 5214 1324 5269 Non
1346 5216 1501 5286 faciat
1527 5216 1710 5269 similis
1733 5218 1964 5287 quamvis
1991 5234 2104 5272 sen-

503 5292 664 5345 tentia
697 5307 715 5346 .'
748 5291 803 5345 h.
834 5306 910 5355 e.,
941 5291 1067 5345 licet
1094 5287 1359 5344 sententia
1388 5290 1733 5355 quantumvis
1772 5288 1965 5342 similis
1997 5304 2101 5342 non

500 5362 664 5417 faciat
693 5361 946 5417 omnibus
974 5377 1162 5423 unum,
1190 5360 1271 5413 vel
1297 5358 1476 5413 simile
1504 5357 1779 5412 meritum.
1834 5360 2102 5414 Pratterea

503 5433 795 5501 aliquando
839 5433 1020 5487 Latini
1068 5431 1366 5503 particulas
1415 5428 1531 5482 licet
1570 5431 1804 5500 quamvis
1848 5432 2102 5501 jungunt,

505 5514 561 5560 ut
589 5504 901 5569 Lucretius,
933 5515 989 5558 et
1016 5502 1229 5560 Cicero.

575 5578 704 5632 20a.
752 5575 809 5633 lu
839 5575 974 5647 Reg.
1010 5578 1035 5631 1
1092 5574 1287 5630 similes
1330 5582 1638 5628 correctum
1675 5587 1772 5642 per
1794 5573 2003 5644 similis,
2053 5581 2108 5630 et

578 5701 605 5731 ι
646 5691 859 5749 Lacuna
892 5692 983 5749 hic
1011 5702 1129 5749 erat
1157 5694 1212 5747 in
1260 5693 1433 5749 veteri
1465 5691 1689 5760 codice;
1739 5692 1996 5750 nimirum
2023 5697 2103 5752 sic

505 5763 763 5835 habebat,
820 5766 1105 5835 supplicio,
1146 5781 1208 5819 ac
1236 5764 1447 5819 Domini
1473 5764 1636 5835 uerbis
1689 5765 1993 5835 alloquitur.
2042 5766 2101 5823 lu

508 5834 781 5906 plerisque
806 5834 1037 5907 vulgatis
1062 5838 1339 5908 supplicio,
1367 5853 1429 5891 ac
1481 5834 1762 5893 Dominum
1787 5834 1953 5893 uerbis
1985 5854 2101 5910 pre-

2131 4760 2186 4819 D

3671 3362 3797 3416 'aciat

2202 3363 2379 3433 glossa
2418 3364 2693 3428 sententia,
2725 3363 2956 3416 damnat.
2986 3363 3136 3429 Alh.,
3181 3363 3441 3416 mendose
3492 3363 3605 3415 Nec
3624 3363 3797 3487 (faciat

2202 3435 2435 3503 quamvis
2463 3435 2620 3488 simul
2655 3435 2928 3489 sententia.
2966 3432 3217 3487 Barthius
3245 3448 3311 3487 ex
3350 3432 3526 3487 altero
3555 3448 3621 3489 co
3669 3474 3680 3485 .
3709 3449 3799 3503 op-

2206 3507 2337 3559 tituo
2356 3508 2506 3571 citat,
2546 3505 2655 3560 Hos
2676 3508 2835 3576 faciat
2863 3506 3100 3577 similes;
3126 3521 3191 3577 ex
3224 3504 3425 3577 altero,
3463 3503 3585 3558 Non
3616 3507 3792 3577 faciat,

2202 3578 2384 3631 similis
2413 3592 2581 3631 tamen
2613 3575 2687 3631 est
2717 3578 2989 3631 sententia.
3042 3575 3261 3639 Parrh.,
3296 3576 3412 3630 Hos
3444 3577 3571 3646 facit
3599 3575 3797 3632 assimi-

2204 3648 2296 3702 les.
2325 3649 2442 3704 Vct.
2476 3651 2526 3711 1,
2553 3648 2722 3716 Mum,
2749 3648 2862 3702 Hos
2887 3648 3045 3720 faciat
3067 3646 3279 3702 similes.
3304 3649 3506 3704 Confer
3530 3664 3648 3707 Var.
3679 3651 3797 3704 lect.

2203 3735 2345 3774 vers.
2380 3721 2614 3789 praeced.

2272 3792 2400 3848 206.
2449 3795 2633 3846 Arntz.
2668 3791 2830 3845 tribus
2853 3805 2958 3845 non
2988 3791 3126 3843 male
3148 3805 3247 3861 pro
3278 3790 3437 3845 trium
3468 3805 3487 3845 :
3519 3800 3650 3846 tunc
3700 3791 3795 3861 legi

2204 3874 2387 3932 posset
2416 3864 2633 3928 duobus,
2662 3872 2720 3916 ut
2753 3864 2948 3931 legitur
2974 3864 3025 3915 iu
3052 3861 3185 3917 Urb.

2275 3934 2404 3989 208.
2439 3933 2601 3988 Rotn.
2633 3934 2908 3989 salvandns
2938 3934 3169 4003 :reltqui
3192 3933 3440 3988 salvatus.

2230 4076 2242 4088 ι
2275 4006 2404 4062 209.
2440 4006 2557 4061 Vat.
2588 4007 2647 4088 _l,
2700 4004 2986 4079 Suppliciis
3022 4016 3234 4071 tamen;
3266 4005 3423 4060 deest
3474 4022 3576 4077 que
3605 4007 3670 4063 ad
3721 4023 3796 4061 ra-

2206 4079 2415 4132 tionem
2443 4079 2624 4133 metri.

2240 4150 2403 4274 ¹211.
2436 4148 2631 4214 Tuens,
2665 4149 2718 4203 lt.
2751 4164 2828 4215 e.,
2854 4148 3095 4211 intuens,
3130 4158 3186 4202 ut
3217 4146 3357 4218 apud
3386 4148 3702 4219 Virgilium,
3750 4159 3801 4205 et

2263 4236 2361 4274 IOS.
2432 4248 2441 4254 ε

2206 4236 2361 4275 allOS.
2432 4248 2441 4254 ‘

2274 4291 2404 4346 2l2.
2430 4292 2616 4357 Caut.,
2646 4290 2758 4346 Ott.
2793 4293 2843 4352 1,
2874 4290 3025 4356 Alb.,
3071 4289 3259 4343 Parrb.
3280 4333 3294 4352 ,
3324 4290 3511 4355 Fahr.,
3541 4294 3793 4357 meritum,

2205 4372 2370 4430 atque
2416 4365 2486 4417 ita
2536 4364 2696 4417 scribi
2744 4364 2937 4430 jubent
2990 4361 3204 4417 schedm
3237 4363 3573 4418 Poelmanni.
3606 4364 3799 4419 Verttm

2207 4437 2476 4506 scriptura
2501 4435 2804 4488 eomtnunis
2826 4436 3029 4497 merita,
3057 4449 3178 4503 quae
3199 4436 3363 4506 etiam
3393 4438 3445 4488 in
3463 4437 3575 4489 Ott.
3608 4438 3631 4490 1
3663 4436 3803 4506 prius

2211 4504 2426 4559 videtur
2456 4506 2645 4569 fuisse,
2675 4506 2967 4560 retinenda
2996 4515 3097 4569 est,
3149 4505 3419 4572 producto
3449 4524 3481 4559 a
3533 4504 3803 4575 pOSlt‘t'tllo

2210 4575 2280 4630 ob
2305 4594 2368 4648 pr
2393 4577 2650 4631 dicti0nis
2679 4578 2982 4646 sequentis,
3016 4587 3076 4648 ut
3107 4577 3240 4630 nihil
3274 4576 3452 4631 dicam
3487 4577 3555 4633 de
3580 4593 3800 4645 caesura,

2209 4647 2328 4717 quae
2369 4651 2532 4731 etiam
2587 4648 2639 4703 id
2669 4648 2933 4704 elficeret.
2978 4647 3130 4714 Ald.,
3163 4663 3225 4702 ex
3261 4650 3509 4719 agmine;
3557 4652 3801 4718 emenda,

2210 4735 2465 4774 examine.

2281 4790 2409 4845 2l5.
2442 4794 2630 4847 Arntz.
2669 4790 2818 4847 Unus
2839 4802 3001 4864 erat_:_
3022 4790 3140 4859 lege
3170 4804 3292 4864 cum
3343 4790 3465 4845 aliis
3515 4805 3571 4849 et
3627 4809 3801 4864 prosa,

2215 4860 2364 4915 Unus
2403 4866 2555 4917 enim.
2586 4864 2643 4917 lu
2686 4865 2796 4918 Ott.
2827 4864 2882 4927 2,
2916 4861 3132 4916 videtur
3152 4878 3244 4914 nec
3271 4862 3323 4915 in
3354 4872 3518 4917 morte
3539 4883 3559 4920 :
3587 4860 3681 4922 sed
3724 4883 3802 4921 re-

2212 4945 2413 5006 pugnat
2440 4948 2670 4988 metrum
2698 4952 2730 5006 :7
2748 4932 2908 5006 Urh.,
2936 4932 3120 4996 Rom.,
3146 4934 3393 5006 relinquit
3420 4951 3433 4989 :
3462 4937 3556 4989 alii
3586 4938 3800 5006 reliquit.

2211 5004 2326 5059 Non
2360 5008 2500 5059 male
2524 5015 2609 5059 est
2656 5005 2940 5071 relinquit;
2991 5003 3292 5074 priesertim
3352 5007 3395 5057 si
3453 5003 3701 5063 imitatio
3741 5008 3805 5062 sit

2210 5074 2417 5201 Virgilii
2448 5077 2571 5131 libr.
2591 5093 2664 5143 vr,
2691 5091 2834 5131 vers.
2868 5077 3005 5131 4M:
3035 5074 3184 5130 Cura:
3203 5092 3305 5129 non
3334 5078 3447 5144 ipsa
3470 5079 3524 5133 in
3551 5089 3714 5135 morte
3730 5095 3804 5134 re-

2234 5159 2474 5201 tnauunt.

2234 5159 2474 5216 tnquunt.

2283 5220 2409 5274 2M.
2444 5219 2580 5275 Urb.
2624 5219 2836 5290 loquens
2867 5234 2965 5286 pro
2996 5235 3220 5274 movens.

2283 5291 2409 5345 2l6.
2454 5291 2510 5345 In
2546 5292 2677 5361 Reg.
2711 5295 2765 5357 5,
2795 5302 2850 5346 et
2880 5291 3018 5347 Bibl.
3046 5290 3244 5359 Lugd..
3275 5292 3535 5348 mendum
3561 5295 3804 5349 estvitant

2212 5375 2311 5430 pro
2342 5363 2508 5416 vitem.
2539 5362 2709 5427 Meus,
2743 5363 3025 5420 ntordefntt.
3051 5364 3195 5434 quod
3220 5364 3331 5432 jam
3360 5380 3505 5418 vers.
3529 5381 3649 5434 sup.
3680 5381 3804 5433 prat-

2212 5434 2378 5507 ccssit
2404 5449 2418 5507 ς
2449 5435 2631 5487 03⁸ιθῐ⁹ί
2656 5434 2912 5507 lacerabat
2943 5432 3239 5507 :Barthins
3259 5436 3296 5487 l.
3325 5450 3408 5489 Ltv
3428 5432 3725 5507 Adv.,icap.
3753 5436 3802 5498 7,

2213 5505 2343 5560 citat
2371 5504 2518 5557 vitent
2546 5506 2829 5576 populatur
2858 5521 3135 5560 amoenam.
3181 5505 3330 5562 Hirci
3363 5522 3608 5563 morsum
3647 5504 3802 5563 vitem

2214 5590 2445 5631 enecare
2483 5592 2515 5631 a
2547 5575 2730 5631 multis
2763 5579 3038 5646 proditum
3072 5587 3174 5631 est.

2213 5697 2448 5780 cantibus
2462 5698 2776 5780 alloquitur.
2799 5700 3124 5760 Gallandius
3141 5704 3325 5761 omisit
3343 5720 3429 5774 ac,
3456 5705 3605 5780 quod
3619 5707 3800 5764 obesse

2212 5770 2395 5825 sensui
2426 5770 2662 5827 videtur.
