4038 6312
561 286 660 342 751

707 498 934 556 Auxiliis
957 500 1151 554 orbata
1181 499 1379 569 patris,
1409 499 1588 554 laetata
1621 514 1720 570 per
1747 510 1950 566 ortum,

707 596 896 652 Mmsta
920 607 1018 664 per
1037 609 1314 650 occasum.
1351 593 1489 651 Nam
1523 595 1610 650 lus
1642 605 1702 651 ut
1733 605 1980 668 tempore
2005 596 2162 655 fulsit

561 691 670 749 210
706 691 994 748 Nascentis
1023 691 1264 760 Domini,
1299 693 1398 759 sic,
1435 694 1539 750 hoc
1568 694 1860 762 moriente,
1885 699 2132 767 recessit,

702 787 867 861 339
889 785 1009 842 Non
1032 786 1236 843 absens
1254 801 1518 844 mansura
1543 789 1635 844 diu
1655 829 1676 856 ,
1703 789 1800 846 sed
1831 789 2057 863 mystica
2089 789 2165 846 si-

1876 882 2093 957 [gnans

704 973 809 1030 Per
853 974 1091 1047 spatium
1135 983 1350 1031 secreta
1404 989 1600 1042 suum;
1638 976 1845 1048 quippe
1885 985 1948 1032 ut
1987 976 2166 1034 tribus

1905 1068 1926 1143 [
1945 1068 2098 1126 boris

698 1162 856 1220 Casca
880 1162 1158 1220 tenebrosi
1190 1163 1477 1220 latuerunt
1496 1163 1682 1220 sidera
1710 1164 1835 1220 cmli
1857 1203 1874 1230 ,

703 1257 798 1314 Sic
825 1257 1092 1312 Dominus
1117 1257 1286 1313 clausi
1318 1257 1504 1314 triduo
1527 1258 1648 1314 tulit
1672 1268 1834 1314 antra
1859 1257 2124 1331 sepulcri.

559 1349 670 1406 245
779 1349 890 1405 Nec
915 1351 1075 1406 tellus
1098 1351 1218 1405 sine
1243 1350 1400 1407 clade
1431 1349 1563 1418 fuit,
1587 1365 1709 1422 qua:
1737 1349 1864 1406 talia
1891 1363 2131 1407 cernens

1952 288 2184 348 C(ELII.
2205 291 2384 351 SIBI}
2395 292 2486 350 ιιι

709 405 860 462 Hune
887 405 1160 462 elementa
1181 405 1288 462 sibi
1318 413 1641 462 meruerunt
1669 419 1894 462 cernere
1924 405 2155 476 vultum,
2177 415 2234 477 Α

3747 306 3846 366 ’132

2410 409 2680 468 Funditus
2697 411 3008 480 intremuit,
3031 411 3312 488 dubioque
3328 417 3380 472 in
3397 417 3508 476 ﬁne
3521 431 3820 492 supremum

2411 503 2652 577 Expavit
2679 513 2876 564 natura
2909 508 3154 575 modum,
3184 525 3255 568 ne
3279 521 3505 585 cogeret
3531 525 3740 572 omnem

2406 596 2667 656 Summus
2711 614 2851 670 apex
2891 600 3103 658 inferna
3135 610 3328 676 petens
3355 606 3712 664 succumbere
3737 623 3848 666 mo-

2412 786 2822 860 Auctoremque
2836 801 3076 860 sequare
3087 803 3186 861 per
3203 798 3406 848 tartara
3418 698 3849 852 mundalslflliiret.

2269 877 2379 936 250
2417 878 2528 936 Sed
2557 879 2732 952 pietas
2764 881 3038 939 immensa
3064 897 3234 954 vagas
3272 885 3607 956 properabat
3644 885 3708 942 ad
3745 902 3854 944 um-

2417 1065 2634 1123 Perdita
2662 1067 2966 1124 restituens
2989 1109 3006 1136 ,
3047 1039 3157 1124 nou
3181 1069 3548 1126 consistentia

2485 1157 2654 1234 πω
2685 1159 2848 1217 Nulla
2886 1170 3072 1218 tamen
3105 1162 3245 1220 tanti
3264 1170 3582 1219 uetuerunt
3601 1164 3747 1234 signa
3768 1179 3853 1235 pe-

2415 1347 2518 1420 Qui
2533 1348 2826 1406 Dominum
2843 1347 3019 1405 lixere
3030 1347 3205 1420 cruci,
3220 1348 3352 1420 quin
3365 1255 3842 1420 insuperabilis:

1927 1508 2108 1569 OPUS
2146 1503 2537 1569 PASCHALI‘J.

513 1681 519 1692 ,
571 1627 676 1684 etis
699 1625 906 1684 infecit.
928 1625 1118 1682 Talem
1142 1625 1412 1698 siquidem
1437 1626 1644 1682 vultum
1673 1626 1843 1698 patris
1872 1626 2065 1683 orbata
2089 1641 2172 1683 so-

575 1720 720 1775 latiis
752 1729 1072 1775 meruerunt
1107 1719 1376 1776 elementa
1409 1719 1618 1787 surtiri,
1651 1728 1707 1774 ut
1736 1722 1893 1789 cujus
1926 1729 2048 1774 ortu
2080 1718 2172 1774 la:-

577 1823 685 1868 lata
716 1821 863 1880 sunt,
895 1818 1246 1868 tristarentur
1275 1828 1496 1868 occasu.
1537 1812 1697 1870 Sicut
1727 1813 1899 1881 enim,
1943 1813 2174 1869 Domino

2281 1625 2441 1682 tellus
2463 1625 2582 1682 sine
2619 1624 2772 1682 clade
2803 1635 2933 1682 tunc
2969 1624 3168 1694 astitit,
3205 1625 3476 1704 omnibus
3523 1637 3848 1687 contremens

2280 1717 2664 1784 fundamentis,
2704 1733 2826 1787 qute
2856 1718 2983 1774 talia
3008 1719 3274 1776 sentiebat
3304 1718 3547 1788 admitti,
3577 1721 3849 1794 mundique

2280 1823 2397 1869 rata
2427 1813 2643 1870 venisse
2668 1811 2778 1884 iam
2803 1812 2994 1880 linem,
3048 1813 3217 1870 dubio
3266 1815 3529 1888 pependit
3555 1827 3740 1874 natura
3764 1819 3849 1875 sub

575 1914 860 1970 nascente,
887 1906 982 1961 lux
1003 1905 1221 1973 claruit,
1256 1907 1354 1972 ita,
1385 1906 1675 1972 moriente,
1699 1905 1972 1962 discessit.
2023 1905 2177 1962 Tunc
2206 1949 2254 2010 Β
2281 1909 2538 1970 termino.
2563 1923 2631 1964 ue
2652 1923 2902 1964 summus
2921 1907 3132 1967 scilicet
3159 1925 3300 1982 apex
3323 1909 3391 1966 ad
3419 1910 3630 1968 inferna
3657 1911 3849 1970 descen-

574 1999 736 2054 stclla
769 2015 864 2068 per
890 1999 1034 2055 diem
1068 1998 1242 2065 fulsit,
1274 1999 1436 2055 modo
1459 2015 1557 2055 nec
1580 1999 1633 2055 in
1661 2011 1826 2055 nocte
1846 1999 2172 2070 comparuit.

575 2090 684 2147 Sed
709 2108 1032 2164 quamquam
1065 2094 1207 2148 caelo
1225 2133 1240 2159 ,
1271 2102 1524 2164 terraque
1551 2092 1832 2165 fugitivum
1851 2097 2032 2149 lumen
2047 2095 2173 2148 abs-

579 2185 768 2252 cessit,
797 2201 910 2242 non
936 2195 1117 2242 tamen
1150 2187 1351 2243 diutius
1381 2189 1432 2242 in
1466 2188 1570 2244 hac
1593 2190 1896 2245 remotione
1927 2205 2174 2260 perman-

577 2278 650 2335 sit
680 2294 775 2350 per
807 2281 923 2350 ipsa
947 2281 1212 2351 temporis
1235 2281 1519 2338 intervalla
1545 2285 1822 2353 suspensi,
1868 2300 2063 2356 magno
2093 2285 2170 2342 vi-

575 2387 700 2427 sum
744 2373 1038 2429 convenire
1087 2375 1372 2448 mysterio.
1426 2373 1559 2430 Nam
1615 2377 1753 2431 sicut
1796 2377 1970 2433 tribus
2021 2377 2172 2435 horis

577 2457 766 2525 mundi
800 2469 961 2526 iacies
995 2470 1235 2528 tenebris
1260 2485 1522 2541 Oppi-assa
1572 2471 1859 2542 subiacuit,
1896 2473 1968 2530 ita
1997 2474 2174 2530 Domi-

573 2575 701 2618 num
734 2561 919 2619 triduo
939 2562 1186 2620 clausum
1217 2564 1408 2621 tumuli
1439 2564 1718 2636 sepultura
1746 2569 2013 2625 contexit.
2061 2568 2174 2626 Nec

2280 2001 2439 2069 deus,
2469 2016 2687 2057 onmem
2718 2002 2967 2070 protinus
2991 2001 3193 2060 molem
3215 2017 3402 2059 secum
3424 2003 3626 2076 jugiter
3643 2005 3841 2061 inclina.

2279 2106 2366 2150 ret
2397 2095 2452 2150 in
2481 2105 2738 2159 mortem,
2763 2104 2928 2166 atque
2961 2095 3236 2167 proprium
3258 2097 3552 2153 comitatus
3573 2108 3843 2165 auctorem,

2279 2202 2528 2260 prmceps
2575 2188 2628 2243 in
2657 2187 2826 2242 chaos
2855 2188 3092 2244 mundus
3119 2187 3389 2246 afﬂueret.
3439 2188 3552 2246 Sed
3579 2189 3666 2246 illa
3697 2192 3845 2262 pietas

2253 2281 2581 2338 'divinitatis
2629 2283 2892 2338 immensa
2942 2282 3272 2354 properabat
3316 2283 3618 2339 clementer
3645 2283 3710 2338 ad
3754 2293 3846 2340 tar-

2277 2389 2414 2447 tara,
2446 2393 2554 2450 quo
2577 2378 2783 2448 perdita
2817 2377 3150 2446 restitueret,
3177 2393 3286 2432 non
3313 2377 3574 2434 instituta
3602 2376 3848 2446 deperde-

2278 2481 2383 2528 ret.
2431 2471 2678 2541 Cumque
2721 2471 2846 2526 lalia
2875 2482 3166 2528 cernerent
3219 2472 3448 2530 evenire
3486 2471 3742 2544 pericula,
3767 2472 3848 2544 qui

2283 2569 2567 2628 Dominum
2595 2571 2748 2643 ligno
2769 2571 2949 2627 crucis
2979 2569 3269 2629 alliseraut
3286 2617 3302 2644 ,
3330 2586 3676 2646 nequaquam
3701 2588 3848 2644 expa-

2079 2729 2399 2789 SCHOLIA.

571 2850 748 2979 Flevit.
787 2849 941 2920 Ald.,
982 2850 1117 2924 Reg.
1155 2851 1215 2916 5,
1258 2851 1495 2925 repleuit.
1536 2851 1702 2908 Prosa
1745 2859 1925 2910 tuetur
1961 2852 2160 2922 infecit.

615 2931 704 2979 ost
745 2923 888 2978 hunc
917 2939 1138 2979 versum
1179 2923 1312 2979 Reg.
1345 2929 1398 2979 5.
1425 2923 1574 2979 ΑΙιΙ..
1607 2923 1798 2979 Fahr..
1827 2923 2036 2979 addunt
2064 2926 2160 2979 bos

615 2931 704 2979 ost
745 2923 888 2978 hunc
917 2939 1138 2979 versum
1179 2923 1325 2992 Reg.
1345 2929 1398 2991 5,
1425 2923 1574 2988 Ahl.,
1607 2923 1798 2990 Fahr.,
1827 2923 2036 2980 addunt
2064 2926 2165 2981 bos

575 3007 685 3068 tres
711 3013 725 3050 :
755 2992 889 3050 Tota
917 2995 1011 3050 sibi
1038 2996 1332 3067 oppositum
1357 2998 1567 3068 fratrem
1596 2997 1733 3068 quod
1759 2995 1910 3052 Delie
1932 2995 2162 3068 haberet,

570 3067 770 3122 —Cum
790 3069 998 3122 suberat
1025 3069 1196 3133 terris,
1219 3084 1372 3140 super
1398 3067 1488 3122 ille
1505 3069 1562 3123 in
1589 3067 1815 3123 culmine
1840 3067 2169 3140 carm—glria

573 3141 662 3209 pia
693 3152 993 3213 perpetuam
1007 3141 1296 3213 timuerunt
1325 3139 1514 3213 swcnla
1535 3151 1758 3213 noctem.
1787 3139 2164 3213 Nonnullipro

571 3207 725 3280 super
757 3211 849 3266 ille
874 3212 1348 3283 exhibent-supera
1387 3211 1494 3266 ille.
1527 3207 1786 3283 Plerique
1824 3207 2163 3283 editiouiit-

2273 2855 2326 2908 iu
2361 2853 2605 2910 Sedulio.
2653 2851 2864 2911 Interea
2909 2868 3209 2924 sequamur
3247 2853 3496 2910 codicem
3528 2852 3728 2910 Barthii
3755 2867 3850 2909 me-

2272 2935 2503 2988 tuerant.
2533 2941 2640 2980 non
2665 2935 2846 2980 tamen
2867 2925 2988 2992 eius
3017 2926 3552 2995 interpretationem,
3585 2935 3851 2980 metuerant

2273 3013 2478 3053 cernere
2505 2997 2700 3052 uultum
2737 2997 2930 3053 Christi
2965 2998 3249 3060 morientis,
3294 2998 3388 3054 sed
3432 2999 3612 3064 potius
3641 2997 3850 3062 vultum,

2273 3085 2370 3126 seu
2399 3070 2590 3126 faciem
2613 3070 2778 3133 orbis,
2806 3070 3020 3140 eclipsi,
3047 3080 3097 3122 et
3127 3069 3364 3125 luctibus
3389 3071 3582 3126 tristis.

2343 3143 2470 3214 258.
2498 3141 2618 3198 Vet.
2651 3141 2701 3214 1,
2731 3140 2968 3210 laetaque,
2998 3143 3210 3214 currige
3253 3141 3450 3200 (tutata.
3488 3143 3544 3198 In
3581 3142 3707 3214 Reg.
3742 3141 3850 3196 lex

2275 3213 2396 3270 ltrta
2425 3213 2623 3268 factum
2658 3213 2852 3269 (relata.

575 3275 692 3338 lllitl
717 3283 814 3338 ilt'ls
847 3299 1058 3346 versus.
1088 3275 1252 3354 etiam
1286 3282 1628 3350 Parrhasius,
1660 3275 1746 3339 cui
1777 3284 1912 3340 lal~o
1942 3280 2039 3341 eos
2069 3285 2172 3340 im-
2197 3275 2242 3338 C
2345 3285 2473 3341 241.
2509 3286 2670 3351 υιὺ.,
2701 3296 2818 3340 atra
2845 3284 3094 3354 sepulcri,
3119 3284 3262 3354 quod
3295 3282 3425 3340 ferri
3453 3291 3658 3354 potest.

573 3364 725 3424 pttlnt
753 3355 1098 3415 Arntzenius.
1124 3353 1249 3410 Mss.
1282 3358 1451 3409 nostri
1477 3370 1689 3422 omnes,
1718 3363 1810 3410 aut
1837 3355 1952 3411 fere
1979 3371 2169 3412 omnes

573 3443 669 3482 eus
701 3429 954 3493 ignorant
984 3445 997 3482 :
1032 3442 1154 3481 nam
1177 3425 1350 3481 codex
1383 3427 1514 3496 Reg.
1549 3427 1613 3496 5,
1645 3440 1704 3482 ut
1735 3428 1863 3482 alibi
1897 3427 2032 3490 dixi.
2068 3428 2166 3484 de-

511 3546 513 3548 .
574 3499 813 3564 scriptus
844 3515 906 3551 ex
952 3499 1192 3553 editione
1232 3497 1353 3552 Aldi
1392 3499 1626 3554 videtur.
1679 3498 1879 3553 Desunt
1909 3501 2076 3554 etiam
2111 3501 2168 3555 in

575 3569 714 3640 Aug.
763 3569 950 3625 codice
971 3610 986 3634 ,
1025 3578 1077 3622 et
1107 3569 1158 3623 in
1191 3567 1446 3624 Albania.
1487 3569 1541 3624 In
1571 3586 1672 3624 nis.
1705 3571 1908 3640 Barthii
1943 3571 2170 3627 deerant

575 3637 686 3696 duo
707 3642 864 3712 primi
895 3655 1110 3705 versus,
1143 3641 1330 3712 aderat
1352 3644 1566 3708 tertius,
1598 3641 1691 3708 qui
1721 3657 1785 3697 ex
1824 3637 2054 3711 Virgilio
2075 3643 2169 3698 de-

576 3711 860 3787 promptus
887 3724 968 3767 est
994 3713 1194 3787 Georg.
1221 3711 1258 3766 l.
1292 3729 1328 3773 t.
1361 3729 1504 3787 vers.
1545 3717 1644 3787 iud
1675 3733 1687 3767 :
1722 3712 1999 3787 Impiaque
2021 3723 2168 3770 mter-

577 3783 695 3840 nam
719 3785 991 3841 timuerunt
1014 3784 1204 3840 stecula
1229 3795 1446 3840 noctem.
1469 3783 1716 3841 Barthius
1740 3787 1776 3840 l.
1803 3783 1888 3842 ων
1909 3783 2165 3857 λόγω-8.,

575 3870 623 3910 c.
661 3858 713 3924 7,
744 3859 879 3912 duos
905 3858 1115 3926 primos
1141 3872 1333 3914 versus
1354 3874 1464 3914 non
1495 3872 1615 3915 esse
1636 3857 1843 3914 Sedulii
1871 3859 1970 3924 ait,
2003 3859 2168 3914 immo

577 3939 763 3984 contra
788 3930 1110 3984 sententiam
1135 3943 1258 3986 esse
1277 3973 1293 3997 ,
1326 3946 1430 3986 non
1453 3932 1598 3987 enim
1622 3930 1959 3986 naturalibus
1987 3933 2168 3987 causis

579 3999 716 4056 hanc
755 4001 979 4071 eclipsin
1034 4001 1223 4057 tribuit
1268 4003 1546 4059 Sedulius.
1609 4001 1812 4058 Verum
1854 4002 1908 4058 hi
1950 4017 2163 4072 ver-us,

576 4073 965 4142 Cujusmtu'tquc
985 4072 1199 4128 tandem
1221 4074 1352 4138 sint,
1373 4076 1648 4132 naturales
1671 4089 1865 4130 causas
1890 4075 1960 4128 ab
1979 4075 2166 4142 eclipsi

575 4145 896 4218 excludunt:
929 4160 1032 4201 non
1057 4146 1201 4200 enim
1231 4146 1311 4201 sol
1337 4146 1512 4218 deﬁcit
1539 4147 1936 4218 inplenilunio,
1969 4155 2022 4201 et
2043 4161 2166 4218 cum

579 4215 703 4271 luna
742 4217 926 4271 sub-st
969 4218 1157 4289 terris,
1201 4231 1263 4272 ac
1292 4217 1460 4273 sulem
1497 4213 1942 4289 snbi'npposnum
1982 4217 2162 4281 habet,

576 4292 669 4342 sed
703 4306 824 4346 cum
868 4291 1012 4361 inter
1058 4287 1228 4361 solem
1279 4295 1334 4344 et
1374 4300 1572 4346 terram
1607 4287 1850 4361 ponitur.
1893 4289 1973 4344 Eo
2005 4291 2167 4359 igitur

579 4363 748 4430 magis
778 4360 978 4416 szeeula
1014 4360 1175 4428 impia
1212 4373 1528 4430 perpetuam
1577 4360 1790 4417 nectam
1835 4361 2164 4430 timuerunt,

577 4433 700 4499 quia
731 4431 952 4502 eclipsis
975 4433 1112 4488 solis
1143 4433 1195 4486 in
1227 4433 1526 4502 plenilunio
1557 4435 1804 4498 contigit.
1837 4431 2168 4488 Nebrissen-

579 4503 677 4566 sis,
711 4503 802 4574 qui
825 4519 921 4560 eos
950 4517 1143 4558 versus
1175 4504 1296 4574 legit
1323 4545 1337 4562 .
1380 4504 1445 4559 ad
1478 4505 1640 4560 verba
1668 4504 1874 4560 suberat
1904 4505 2054 4558 terris
2089 4505 2170 4561 sic

579 4579 804 4640 exponit
837 4597 847 4627 :
892 4575 1028 4642 Quia
1057 4577 1100 4628 si
1133 4583 1259 4629 tunc
1290 4575 1446 4644 plena
1479 4587 1592 4631 erat
1619 4578 1764 4645 luna,
1799 4575 2048 4632 videlicet
2079 4575 2170 4632 die

581 4645 606 4698 1
626 4649 647 4698 t
673 4645 898 4710 mensis,
914 4657 1134 4700 neeeSse
1155 4661 1373 4715 quoque
1399 4646 1515 4708 fuit.
1536 4647 1706 4702 solem
1733 4649 1861 4702 hora
1885 4647 1997 4704 diei
2013 4658 2164 4704 sexta

579 4731 700 4788 esse
729 4719 779 4771 in
808 4718 1045 4772 culmine
1072 4721 1216 4784 cteti,
1245 4725 1301 4771 et
1327 4717 1509 4772 lunam
1543 4721 1594 4772 in
1623 4721 1822 4788 angqu
1845 4720 2022 4775 tinctis
2051 4733 2168 4776 me-

579 4787 703 4842 diae.
735 4789 954 4843 Minime
981 4804 1108 4843 vero
1141 4797 1288 4856 puto,
1323 4804 1417 4843 eos
1444 4803 1634 4844 versus
1660 4787 1862 4856 sedulii
1885 4807 2029 4855 esse,
2055 4808 2164 4847 non

579 4861 754 4934 solum
779 4861 900 4929 quia
933 4876 964 4914 a
995 4873 1123 4934 mss.
1145 4855 1148 4856 ⁷
1169 4869 1230 4934 et
1255 4875 1414 4934 prosa
1452 4861 1684 4926 absunt,
1727 4855 1824 4916 sed
1852 4862 2014 4917 etiam
2038 4866 2164 4934 quia

577 4929 831 4987 Sedulius
875 4947 980 4986 non
1025 4932 1166 4985 solet
1211 4931 1453 4986 fabulosa
1494 4934 1710 4988 nomina
1755 4929 2168 4990 usurnareXDe

579 5005 742 5059 tertio
773 5020 930 5058 versu
957 5003 1132 5064 Impia
1160 5003 1370 5058 dubitat
1405 5005 1730 5060 Arntzenius
1765 5005 1818 5059 in
1861 5003 2162 5062 Miscellan.

577 5091 698 5146 cup.
731 5079 818 5142 ltl,
860 5086 913 5130 et
939 5075 1264 5148 suspicatur,
1319 5075 1668 5132 inserendum
1699 5092 1824 5134 esse
1861 5089 1980 5148 post
2021 5079 2168 5136 hunc

578 5161 799 5204 versum
830 5149 960 5210 256,
995 5145 1229 5202 υεέἰιιιῑε.

646 5220 775 5276 257.
834 5221 968 5275 Cod.
1020 5217 1248 5292 Bartbii.
1303 5217 1520 5292 schedae
1562 5220 1800 5292 Poelm.,
1850 5231 2164 5292 meruerunt,

575 5305 734 5358 quam
761 5295 1085 5361 scripturam
1119 5289 1358 5362 tit'fcltdil
1389 5291 1661 5348 Barthius.
1691 5290 1750 5348 lu
1776 5307 1934 5362 prosa
1961 5305 2040 5348 est
2068 5289 2168 5350 mel

572 5374 829 5418 ruerunt:
862 5364 933 5420 ita
959 5365 1120 5420 etiam
1151 5361 1202 5417 in
1233 5363 1508 5434 plerisque
1540 5379 1697 5434 mss,
1722 5367 1814 5420 scd
1838 5369 1888 5419 in
1915 5365 2025 5420 Ott.
2053 5366 2076 5422 1
2111 5375 2166 5424 et

574 5435 624 5506 in
661 5438 794 5506 lteg.
832 5438 854 5490 1
891 5435 1032 5490 aliud
1073 5437 1221 5504 prius
1254 5433 1429 5490 fuerat
1461 5433 1740 5505 scriptum.
1773 5433 1832 5493 1n
1864 5437 1992 5505 lleg.
2025 5439 2080 5504 2,
2109 5449 2166 5496 et

573 5505 682 5580 Ott.
813 5509 1090 5580 merebant,
1114 5511 1206 5580 vel
1245 5507 1544 5576 maerebant,
1575 5509 1668 5563 sed
1700 5511 1749 5562 in
1785 5509 1916 5580 Reg.
1950 5509 1988 5564 2
2015 5511 2160 5568 aliud

569 5579 688 5634 fuit.
728 5578 981 5634 Fortasse
1020 5577 1277 5636 Sedulius
1313 5580 1486 5635 voluit
1527 5577 2044 5649 mterueruntfquod
2089 5585 2163 5639 sit

565 5651 906 5722 trisyllabum
941 5665 1036 5720 per
1062 5653 1358 5722 synmesin
1388 5669 1401 5706 :
1434 5651 1539 5708 hoc
1564 5653 1817 5721 exprimit
1845 5667 2013 5718 supra
2034 5671 2156 5708 ver-

563 5721 692 5776 bum
719 5725 1033 5789 tristemque,
1067 5721 1119 5778 et
1151 5739 1274 5779 mnx
1308 5723 1494 5779 Μωεεα
1521 5739 1610 5792 per
1631 5737 1888 5778 occasum.
1921 5721 2152 5780 Priscia-

561 5806 664 5846 nus
695 5793 730 5846 l.
761 5808 856 5848 vni
881 5795 988 5858 ait,
1033 5796 1084 5847 in
1119 5810 1224 5850 usu
1254 5811 1360 5850 non
1391 5811 1513 5852 esse
1544 5798 1878 5864 praeteritum
1911 5798 2092 5851 maerui
2119 5809 2150 5854 a

560 5877 767 5932 maereo,
798 5879 975 5918 mares
1005 5879 1022 5916 :
1051 5866 1145 5920 sed
1171 5881 1276 5926 non
1308 5869 1472 5932 valde
1495 5867 1548 5925 id
1573 5867 1775 5927 morari
1801 5884 1900 5925 nos
1925 5868 2151 5927 deberet

2345 3358 2498 3429 illis
2525 3360 2714 3423 Aldus,
2755 3355 2966 3429 Terra:
2995 3367 3190 3412 motum
3242 3353 3557 3429 horrendum
3609 3357 3762 3429 fuisse
3801 3355 3850 3410 in

2274 3441 2434 3485 morte
2465 3428 2697 3484 Domini.
2724 3428 2894 3495 Meus,
2923 3423 3089 3482 Terra
3119 3429 3348 3482 tremuit.
3377 3423 3846 3496 Schedae'Puelm.,

2274 3503 2398 3558 Non
2429 3501 2624 3568 tellus;
2664 3500 2882 3567 melus,
2933 3497 3043 3557 Nec
3075 3498 3250 3554 tellus.
3286 3497 3484 3556 Varius
3527 3513 3662 3556 usus
3706 3499 3847 3568 hujus

2272 3573 2488 3646 phrasis
2519 3576 2629 3627 sine
2652 3572 2804 3646 clade
2831 3572 3109 3626 observari
3143 3581 3321 3642 potest
3363 3569 3418 3628 iu
3467 3573 3648 3628 indice
3675 3571 3848 3627 verbo-

2274 3645 2392 3701 rum
2427 3645 2732 3700 Dracontii.

2341 3717 2468 3772 21⁸1.
2519 3716 2772 3772 Barthius
2809 3715 3048 3770 malebat
3094 3714 3290 3771 obitum
3339 3729 3438 3786 pro
3483 3713 3848 3772 modum:ob-

2269 3791 2417 3845 slant
2445 3797 2662 3844 veteres
2701 3789 2843 3843 libri.
2879 3787 3073 3842 Modus
3114 3785 3408 3856 supremus
3451 3797 3538 3844 est
3585 3789 3706 3842 linis
3741 3785 3847 3840 ulti-

2271 3875 2414 3986 :lnubs,
2447 3875 2544 3917 seu
2575 3860 2845 3916 terminus
2875 3867 3164 3914 mensuras.
3212 3857 3268 3914 lu
3315 3869 3476 3931 prosa
3524 3869 3610 3916 est
3651 3859 3844 3914 termino

2310 3949 2342 3986 u
2380 3949 2449 3986 10.

2310 3949 2449 3988 ωηο.

2337 4002 2467 4059 250.
2502 4002 2622 4074 Vat.
2653 4002 2676 4058 l
2715 4004 2856 4058 male
2881 4001 3104 4074 trajicit,
3136 3999 3286 4072 prius
3315 3999 3535 4058 Perdita
3557 4043 3573 4066 ,
3596 4009 3726 4074 tum
3753 3997 3843 4056 Sed

2272 4075 2456 4146 pietas.
2489 4073 2928 4148 Phrasi_poatira
2960 4072 3165 4148 umbras
3194 4091 3350 4148 vagas
3380 4081 3542 4128 vocat
3573 4072 3838 4148 delu_nct_o-

2272 4143 2392 4202 rum
2422 4148 2652 4202 animus.
2686 4145 2801 4201 Non
2843 4161 2974 4214 ergo
3015 4143 3490 4216 dubitari'pmest,
3523 4147 3655 4216 quin
3692 4143 3842 4216 Sedu-

2270 4218 2376 4274 lius
2401 4218 2601 4274 Christi
2633 4213 2960 4274 descensum
2991 4217 3055 4273 ad
3091 4213 3298 4274 inferos
3319 4223 3466 4273 clare
3505 4213 3735 4272 astrnat.
3759 4213 3842 4269 Ne-

2271 4289 2565 4345 brissensis
2590 4290 2684 4354 ait,
2705 4289 2930 4346 umbras
2955 4289 3136 4344 vocari
3165 4304 3354 4361 uagas,
3385 4291 3510 4361 quia
3555 4299 3728 4360 poeta:
3756 4285 3839 4342 ﬂo-

2269 4363 2505 4432 gebant,
2551 4362 2760 4416 animas
2812 4375 2910 4432 per
2957 4361 3160 4416 inferos
3197 4359 3663 4433 vagat-LRectius
3698 4364 3836 4430 puto.

2269 4433 2480 4488 animus
2505 4433 2610 4487 dici
2639 4449 2814 4505 uagas.
2846 4434 2998 4503 quasi
3032 4439 3314 4504 vagantes,
3334 4439 3401 4505 iet
3435 4443 3687 4488 emunt-5
3716 4445 3741 4484 τι
3772 4441 3838 4498 pa-

2273 4505 2374 4559 tria
2395 4507 2609 4562 caelesti
2627 4521 2640 4558 :
2656 4503 2796 4574 quod
2811 4505 2988 4560 iimuit
3001 4517 3146 4558 vers.
3163 4517 3306 4576 seq.,
3325 4503 3834 4576 Perditarestituem.

2340 4578 2467 4632 251.
2503 4577 2634 4648 Reg.
2734 4617 2748 4640 ,
2783 4577 2936 4648 Urh.,
2971 4577 3140 4644 Meus,
3173 4571 3544 4642 Rom.,‘Alb.,
3578 4575 3740 4648 Alit,
3767 4587 3838 4626 nec

2193 4670 2248 4731 D
2273 4659 2372 4731 pro
2397 4665 2522 4702 non.
2555 4647 2880 4731 A’rrttzeuius
2909 4647 3204 4731 Parrhasio
3245 4650 3490 4731 tribuere
3537 4647 3836 4731 vitlettrrrrf

2271 4719 2512 4786 stitutus,
2555 4720 2646 4774 sed
2671 4736 2772 4774 non
2796 4719 3148 4791 consistentia,
3177 4722 3322 4791 quod
3348 4721 3646 4791 pessimum
3681 4719 3831 4791 dit-it:

2273 4799 2329 4845 et
2357 4807 2546 4847 revera
2575 4793 2756 4848 obstat
2807 4792 2888 4846 lex
2931 4790 3113 4845 metri.
3150 4787 3220 4846 At
3249 4787 3574 4846 Parrhasius
3621 4790 3720 4844 levi
3745 4787 3836 4842 di:-

2271 4863 2501 4919 Critnine
2545 4882 2572 4917 a
2620 4863 2836 4918 emteris
2884 4863 3104 4919 exhibet
3143 4863 3452 4924 restituens.
3483 4863 3574 4920 sed
3605 4879 3705 4918 non
3731 4875 3830 4915 con-

2272 4935 2462 5010 stantia
2492 4937 2734 5010 perdms,
2765 4938 2820 5010 li.
2870 4951 2948 5010 e.,
2981 4951 3090 4990 non
3115 4935 3351 5010 perdens
3381 4932 3832 5010 constantia,_sive

2273 5001 2650 5062 consistentia.
2696 5001 2961 5062 Cellarius
2981 5049 2997 5076 ,
3037 5016 3091 5061 et
3118 5001 3518 5078 'Wnpltcnsius
3545 5001 3830 5078 halluciuati

2273 5088 2422 5147 sunt,
2451 5088 2724 5150 putantes,
2768 5078 2974 5136 Sedulii
3023 5077 3264 5134 mentem
3309 5089 3450 5146 esse,
3486 5077 3712 5150 perdeus
3747 5087 3829 5150 non

2275 5147 2626 5213 consistentia,
2664 5149 2718 5206 lt.
2753 5165 2830 5212 e..
2853 5151 3106 5222 crimina,
3145 5163 3236 5222 ea,
3274 5163 3394 5222 Quae
3425 5161 3451 5222 ξι
3477 5147 3594 5222 Deo
3639 5147 3830 5222 non_in-

2274 5223 2484 5289 S'lttlla,
2513 5233 2799 5279 autereata
2817 5235 2963 5280 sunt.
2994 5220 3153 5278 Aliud
3180 5222 3265 5278 hic
3292 5217 3403 5294 agit
3423 5219 3674 5294 Sedulius
3702 5217 3828 5294 {lit-

2267 5298 2417 5363 pavit
2439 5309 2650 5363 natura,
2685 5307 2751 5349 ne
2779 5295 3016 5350 mundus
3045 5296 3271 5364 periret.
3301 5290 3528 5365 lleponit
3561 5290 3821 5365 Sedulius:

2266 5365 2518 5422 Chrisms
2557 5367 2621 5422 ad
2656 5373 2852 5422 tartara
2887 5363 3250 5436 properabat,
3286 5363 3394 5420 neti
3437 5373 3500 5436 ut
3548 5363 3818 5436 mundum.

2267 5450 2320 5496 et
2349 5451 2409 5494 ea
2439 5481 2452 5504 ,
2488 5453 2609 5504 quae
2636 5433 3034 5505 consistebant,
3067 5439 3349 5509 perderet,
3383 5435 3476 5492 sed
3505 5445 3566 5491 ut
3595 5433 3819 5490 restituo-

2262 5521 2346 5567 ret
2379 5512 2616 5567 perdita.

2333 5526 2658 5655 (bigis,
2694 5583 2852 5655 Areto
2868 5588 3096 5655 potatur.
3129 5575 3279 5648 Ald.,
3322 5581 3536 5655 Acetum
3560 5585 3818 5655 porrectum

2261 5655 2456 5709 sitienti
2496 5651 2739 5708 Domino.
2764 5649 2891 5709 Vat.
2940 5654 2991 5717 1,
3019 5656 3332 5720 timuerunt;
3363 5651 3478 5716 alii,
3526 5649 3816 5710 metuerant,

2259 5741 2366 5798 quo
2397 5733 2646 5796 spectant
2676 5726 2874 5781 menda
2919 5726 2972 5782 in
3005 5725 3161 5781 Rom.
3195 5733 3513 5791 meruerunt,
3554 5731 3610 5780 et
3639 5725 3692 5778 in
3720 5725 3818 5775 meo

2258 5796 2447 5854 codice
2467 5808 2788 5854 maluerunt.

2327 5868 2454 5926 253.
2491 5867 2624 5945 Reg.
2655 5871 2708 5938 1,
2738 5869 2863 5942 qui;
2891 5879 3045 5928 recte
3072 5867 3274 5940 factum
3303 5867 3452 5952 quin.
