4038 6312
241 340 342 397 7'5

364 456 504 512 Cum
537 462 764 526 peteret
791 454 1008 520 sitiens,
1044 467 1182 508 unus
1208 452 1277 509 de
1309 451 1469 524 plebe
1490 452 1724 515 nefanda

370 548 643 607 Peniculo
668 547 911 604 infusum
940 548 1153 603 calamo
1182 547 1432 618 porrexit
1454 557 1691 604 acetum.

372 640 749 698 Matuzeribus
777 639 996 710 populis
1028 639 1082 694 in
1114 638 1390 695 deteriora
1424 639 1624 694 volutis

369 732 732 790 Conveniens
761 733 941 803 liquor
968 730 1062 788 ille
1094 730 1194 787 fuit
1226 748 1240 785 :
1275 747 1396 785 nam
1428 730 1612 786 dulcia
1638 731 1765 787 vina

328 838 332 845 ‘
371 827 523 883 Sicut
553 826 607 881 in
635 824 974 881 horrendum
1005 824 1135 881 dum
1163 834 1563 881 convertuntur
1593 834 1827 895 acetum,

370 922 408 974 A
444 918 658 976 mensis
684 915 926 989 proj’ecta
950 918 1136 987 jacent
1169 935 1182 972 :
1219 919 1288 973 ita
1317 928 1564 989 tempore
1590 918 1777 988 prisco

230 1013 330 1073 260
364 1010 513 1070 Gens
542 1021 770 1081 accepta
796 1010 932 1075 Deo,
963 1026 1110 1066 nune
1135 1020 1221 1066 est
1249 1010 1436 1066 odiosa
1463 1026 1726 1082 prapago.

436 1105 583 1176 Ergo
634 1103 729 1159 ubi
779 1112 973 1161 cuneta
1020 1104 1151 1161 boni
1196 1105 1469 1176 completa
1518 1115 1604 1162 est
1647 1107 1829 1176 passio

1526 1198 1751 1266 Christi,

1587 1216 1600 1252 1
1736 1241 1751 1266 ι

366 1290 527 1367 34],
576 1291 700 1363 Ipse
751 1292 989 1348 animam
1048 1292 1272 1365 proprio
1331 1197 1828 1364 ὀίωἱεὲῗιὲὲῗϊοτθ

1457 1385 1721 1458 [sanctam
1740 1428 1755 1452 ,

365 1479 488 1552 Ipse
544 1477 747 1535 iterum
799 1488 1122 1551 sumpturus
1178 1495 1345 1548 eam,
1397 1481 1522 1552 quia
1579 1489 1828 1538 mortuus

1562 1572 1751 1647 ﬁdem,

1377 335 1671 399 CARMEN
1706 335 2098 401 I’AQQIALE.
2144 338 2279 394 LIB.
2323 340 2388 396 γ.

3428 346 3535 402 734

1863 457 1916 519 Α
2090 453 2236 510 idem
2261 456 2415 512 vivus
2436 466 2572 526 erat,
2605 459 2865 516 membris
2894 461 3222 517 abeuntihus
3251 462 3305 517 in
3328 476 3409 527 se,

1942 545 2049 602 265
2085 544 2204 600 Non
2233 546 2466 604 abeunte
2496 549 2632 613 Deo,
2660 553 2816 621 cujus
2842 554 3040 610 virtute
3070 563 3377 609 retrorsum

2083 641 2317 699 Inferna:
2346 654 2571 716 patuere
2602 648 2725 719 vite,
2755 660 3042 722 rupta’que
3061 650 3326 708 fatiscunt

2085 738 2270 796 Divisa
2296 755 2557 814 compage
2580 754 2767 814 petrae,
2793 746 3031 801 rediviva
3052 746 3329 815 jacentum

2089 834 2335 905 Corpora
2363 845 2674 892 sanctorum
2701 837 2887 895 fractis
2915 839 3103 896 abiere
3131 841 3424 910 sepulcris,

2087 926 2143 981 In
2171 927 2385 983 cineres
2410 928 2654 984 animata
2679 944 2843 997 suos;
2873 931 3165 1004 subitoque
3195 931 3415 1005 fragore

1933 1017 2042 1074 270
2081 1017 2223 1075 Illud
2251 1035 2426 1076 ovans
2448 1022 2746 1090 templum,
2776 1023 3001 1094 majoris
3024 1025 3260 1081 culmina
3290 1027 3481 1098 templi

2078 1112 2448 1170 Procubuisse
2479 1114 2694 1180 videns,
2717 1115 2827 1170 ritu
2854 1116 3167 1188 plangentis
3191 1118 3424 1186 alumni,

2076 1204 2274 1264 Saucia
2295 1207 2531 1266 discisso
2559 1208 2788 1265 nudavit
2818 1217 3039 1279 pectora
3066 1210 3211 1279 velo,

2076 1282 2343 1357 Interiora
2366 1302 2448 1356 sui
2475 1301 2690 1372 populis
2710 1315 2911 1381 arcana
2940 1301 3139 1358 futuris

2082 1390 2246 1466 362
2281 1392 2403 1451 Jam
2425 1394 2725 1452 reseranda
2756 1395 2982 1463 docens,
3009 1396 3135 1469 quia
3155 1396 3247 1456 lex
3268 1399 3539 1458 velamine

3272 1492 3465 1568 [Moysi

1933 1579 2040 1635 275
2079 1580 2243 1638 Tecta
2267 1581 2365 1639 diu
2383 1623 2399 1651 ,
2420 1582 2645 1641 Christo
2668 1584 2839 1642 nobis
2865 1585 3143 1654 veniente,
3173 1584 3427 1659 patescit.

1576 1710 1757 1772 OPUS
1796 1715 2184 1777 PASCHALE.

224 1821 435 1871 verunt.
456 1810 502 1867 Ο
533 1810 690 1881 signa
723 1815 801 1862 tot
841 1806 1129 1878 praesentis
1164 1813 1344 1863 metus
1371 1805 1611 1861 inaudita
1641 1807 1827 1878 prodi-
1858 1812 1903 1872 Β
1934 1828 2118 1869 meam.
2155 1812 2357 1869 Iterum
2388 1818 2646 1884 accipiam
2670 1834 2802 1887 eam,
2837 1827 2884 1872 et
2908 1828 3212 1891 potestatem
3244 1821 3405 1876 habeo
3432 1822 3525 1877 ite-

224 1910 306 1981 gia
323 1908 337 1962 l
354 1906 498 1977 Quin
528 1907 754 1975 insuper
769 1918 893 1960 eum
919 1915 1107 1976 potum
1129 1904 1324 1960 sitiens
1338 1904 1660 1974 postularet,
1684 1922 1827 1962 unus

229 2005 295 2060 de
319 2003 479 2074 plebe
506 2002 812 2057 saevissima
839 2001 1120 2072 spongiam
1145 2000 1354 2055 Culamo
1387 1998 1593 2068 nexuit,
1618 2010 1670 2057 et
1702 2016 1829 2059 ace-

230 2108 337 2154 tum
366 2096 485 2167 ejus
514 2096 598 2151 ori
632 2095 894 2166 porrexit.
922 2093 968 2149 0
996 2109 1157 2165 quam
1184 2093 1497 2150 Judmornm
1528 2095 1693 2150 menti
1725 2111 1826 2151 ne-

225 2192 494 2261 quissima:
525 2189 707 2260 liquor
735 2187 842 2243 fuit
882 2186 977 2243 ille
1005 2188 1379 2243 cenvcnieus!
1430 2187 1521 2257 qui
1551 2187 1824 2241 deteriora

226 2287 417 2351 secuti,
468 2284 554 2341 vel
603 2283 817 2339 infirma
861 2297 959 2353 pro
1006 2284 1163 2354 culpa
1205 2281 1417 2338 scilicet
1463 2281 1823 2349 inﬁdelitatis,

228 2380 503 2437 blanzercs
533 2387 561 2415 ⁸
583 2384 712 2433 sunt
727 2377 940 2432 vocati:
976 2378 1118 2431 sicut
1143 2377 1268 2431 vina
1317 2376 1527 2444 suavia,
1554 2392 1677 2431 (-um
1706 2374 1826 2431 l‘ue-

226 2477 328 2533 rint
352 2476 405 2530 in
434 2479 655 2531 acetum
685 2474 845 2528 triste
874 2485 1141 2527 conversa
1176 2513 1191 2539 ,
1214 2471 1426 2527 cunctis
1455 2487 1485 2525 a
1514 2485 1823 2526 mensarum

229 2570 435 2641 populis
462 2569 687 2639 repulsa
709 2568 1012 2639 jactantur,
1038 2566 1107 2622 ita
1129 2582 1263 2637 gens
1290 2568 1389 2624 ista
1420 2566 1624 2631 feralis,
1645 2576 1700 2623 et
1726 2567 1825 2622 im-

228 2661 328 2730 pia,
356 2674 480 2730 quae
503 2662 701 2730 prlscis
725 2660 1060 2729 temporibus
1082 2658 1195 2714 Deo
1221 2659 1517 2730 placuerat,
1546 2674 1690 2714 nunc
1709 2657 1827 2714 odi-

227 2750 366 2817 bilis,
397 2766 461 2808 ac
488 2752 655 2807 nimis
683 2760 767 2808 est
798 2752 1156 2808 exsecranda.

299 2844 367 2903 Ut
394 2862 528 2918 ergo
553 2846 735 2903 beatae
766 2846 1028 2902 Dominus
1056 2846 1239 2904 omnia
1265 2847 1534 2918 passionis
1556 2847 1819 2917 implevit,

228 2939 455 2993 animam
482 2940 735 3010 protinus
766 2956 917 2993 suam
942 2951 1130 2995 sancto
1154 2941 1220 2995 de
1242 2955 1471 3009 corpore
1493 2942 1684 2995 volens
1706 2942 1826 3012 ipse

228 3031 495 3099 deposuit,
544 3046 665 3087 eam
690 3032 1003 3088 voluntarie
1025 3032 1145 3101 ipse
1170 3046 1361 3087 rursus
1391 3044 1727 3103 sumpturus,
1765 3041 1822 3086 ut

224 3126 362 3193 fecit,
400 3125 657 3197 quoniam
691 3137 936 3182 mortuus
966 3128 1181 3198 quidem
1212 3125 1403 3193 fuerat,
1456 3128 1550 3183 sed
1576 3128 1818 3194 vivebat,

1933 1923 2045 1961 mn
2075 1906 2370 1977 accipiendi
2414 1925 2548 1966 eam.
2595 1908 2716 1965 Hoc
2746 1910 3050 1967 mandatum
3080 1914 3257 1985 accepi
3287 1931 3320 1968 a
3362 1929 3529 1988 patre.

1929 2001 2062 2070 Quis
2095 2004 2283 2072 itaque
2304 2005 2471 2075 possit
2499 2004 2770 2072 dubitare,
2802 2007 2882 2061 vel
2905 2022 3013 2062 non
3040 2007 3226 2063 audiat
3254 2024 3403 2079 cttm,
3438 2010 3526 2066 cui

1932 2108 2088 2150 suam
2139 2108 2345 2166 ponere
2371 2097 2520 2153 licuit
2550 2098 2813 2164 animam,
2862 2113 2985 2154 cum
3034 2098 3250 2167 liberet,
3283 2101 3530 2171 potuisse

1934 2204 2155 2263 quoque
2180 2206 2485 2261 resumere,
2511 2206 2633 2248 eum
2663 2193 2932 2264 placeret,
2954 2202 3009 2249 et
3028 2194 3166 2250 bane
3191 2195 3244 2249 in
3270 2209 3391 2253 sese
3418 2210 3535 2253 ma-

1930 2286 2012 2354 gis
2042 2285 2258 2354 aperari
2291 2286 2575 2354 virtutem,
2615 2301 2777 2353 quam
2813 2285 3067 2357 dignatus
3094 2296 3177 2343 est
3205 2286 3257 2342 in
3287 2289 3537 2358 plurimis

1928 2374 2351 2433 demonstrare?
2414 2379 2751 2434 ltcserantnr
2830 2381 2974 2434 fores
3042 2394 3173 2437 ecce
3241 2390 3529 2456 tartareae,

1928 2472 2150 2529 Christo
2190 2473 2464 2538 veniente,
2510 2473 2762 2544 dejecta‘,
2795 2482 2944 2543 patet
2972 2474 3179 2529 interna
3232 2485 3381 2531 retro
3420 2477 3533 2546 jam

1927 2566 2141 2631 semita,
2197 2572 2526 2637 rumpuntur
2552 2580 2704 2631 saxa,
2760 2566 2982 2622 ﬁnditur
3011 2577 3189 2636 terra,
3237 2579 3555 2626 vacuantur

1927 2659 2178 2729 sepulcra
2205 2660 2553 2729 corporibus,
2577 2659 2855 2715 reviviseit
2884 2660 3074 2725 turba;
3107 2670 3248 2716 etne
3273 2658 3409 2717 lides
3430 2662 3527 2720 de-

1927 2753 2145 2809 fecisset
2167 2753 2221 2808 in
2246 2752 2506 2819 credulis,
2553 2755 2869 2824 agnoscitur
2900 2754 3302 2824 resurgentium
3336 2755 3520 2811 multi-

1930 2846 2078 2901 tudo.
2113 2845 2265 2901 Tune
2290 2845 2426 2902 illud
2449 2861 2668 2918 quoque
2692 2846 2955 2918 templum
3002 2848 3278 2917 mirabile,
3304 2850 3526 2920 plenum

1929 2923 2211 3008 religiOuis
2243 2941 2503 3009 antiqute,
2552 2939 2777 3011 majoris
2834 2942 3023 3010 templi
3051 2940 3283 2997 culmina
3329 2940 3529 3000 1’ceci-

1927 3034 2072 3089 disse
2103 3034 2453 3103 conspiciens
2479 3076 2492 3099 ,
2552 3034 2700 3090 velut
2731 3035 2985 3091 alumnus
3023 3034 3213 3100 tristis,
3267 3046 3323 3093 et
3373 3039 3529 3111 iuge-

1929 3142 2105 3191 tncns,
2134 3127 2409 3197 proprium
2434 3126 2661 3183 dt-l'lerat
2683 3137 2983 3183 auctorem.
3013 3130 3250 3186 Discisso
3273 3132 3518 3201 protinus

229 3219 487 3274 membris
511 3219 863 3289 abeuntibus,
918 3234 1024 3274 non
1054 3220 1340 3276 divinitate
1364 3220 1675 3277 defunctus.
1703 3220 1820 3277 An-
1850 3214 1895 3279 (ζ
1931 3219 2055 3274 vnio
2081 3220 2283 3274 nudum
2310 3222 2527 3276 cunctis
2573 3210 2757 3291 peetus
2789 3222 3050 3288 ostendit,
3098 3224 3357 3280 iuteriora
3379 3227 3529 3281 scili-

224 3311 431 3370 diamus
461 3330 530 3369 ex
561 3313 680 3386 ejus
713 3329 966 3384 persona,
1028 3314 1271 3371 Joannes
1297 3316 1640 3387 Evangelista
1690 3315 1821 3388 quid

222 3409 414 3463 referat
442 3427 453 3461 :
489 3409 566 3463 ait
597 3409 740 3463 enim
772 3409 1034 3465 Dominus
1066 3410 1132 3464 ad
1163 3410 1468 3481 discipulos
1490 3425 1647 3465 sons:
1683 3408 1822 3463 Pro-

219 3509 326 3571 prer
370 3500 472 3555 hac
529 3517 611 3555 me
667 3499 827 3555 Pater
853 3501 1045 3575 diligit,
1083 3503 1221 3569 quod
1267 3518 1361 3573 ego
1411 3519 1546 3574 pono
1599 3504 1826 3557 animum

1929 3324 2014 3368 eet
2038 3315 2321 3369 evidenter
2347 3329 2545 3369 arcana
2578 3316 2832 3386 gentibus
2858 3314 3153 3372 reseranda
3179 3318 3521 3390 signiﬁcans,

1931 3424 1979 3464 et
2008 3408 2223 3480 populis
2248 3409 2487 3463 ﬁdeliter
2509 3408 2788 3465 affuturis:
2814 3412 3069 3481 quoniam
3094 3406 3208 3475 lex,
3262 3424 3379 3482 quae
3423 3413 3527 3468 sub

1940 3503 2106 3573 Moysi
2139 3502 2403 3558 velamine
2433 3501 2525 3557 diu
2575 3511 2715 3558 tecta
2765 3505 3086 3574 permansit,
3119 3504 3337 3562 Christo
3368 3508 3530 3562 nobis

1714 3646 2034 3706 SCHOLIA.

283 3746 411 3802 2‘55.
449 3743 715 3800 Nonnulli
747 3742 999 3798 scribunt
1045 3741 1374 3807 Panniculo;
1403 3742 1516 3802 alii.
1555 3742 1824 3798 Peniculo.

282 3818 411 3872 256.
460 3816 715 3884 Plerique
755 3818 928 3869 nostri
986 3830 1121 3872 mss.
1172 3817 1419 3869 scribunt
1470 3814 1823 3869 Manzi‘ribus.

217 3888 513 3954 Nonnulli,
546 3886 923 3953 Manneribus,
957 3896 1052 3941 aut
1084 3886 1411 3941 Manceribns
1437 3929 1451 3949 ,
1484 3894 1578 3940 aut
1616 3885 1824 3940 Mante-

217 3964 380 4024 ribus,
409 3973 510 4015 aut
557 3957 900 4025 Mameribus,
945 3969 1038 4013 aut
1084 3957 1448 4012 Mamseribus.
1494 3957 1549 4011 In
1596 3958 1824 4027 Vulgata

222 4034 446 4089 Denter.
497 4045 651 4097 xxttt,
696 4029 774 4093 2,
822 4030 1079 4085 scribitur
1125 4029 1380 4089 anzer.
1432 4037 1642 4083 retenta
1691 4044 1824 4083 voce

220 4104 470 4170 Hebrzm,
511 4119 633 4167 qua:
673 4101 900 4156 nothum
942 4102 1216 4171 signiﬁcat
1260 4120 1273 4156 :
1320 4099 1443 4156 Non
1497 4101 1823 4171 ingrediatur

222 4175 475 4240 Mamzer,
509 4174 605 4227 hoc
633 4185 729 4237 est,
777 4172 840 4227 de
879 4170 1049 4227 scorta
1090 4182 1263 4239 natus,
1297 4174 1348 4226 in
1398 4173 1685 4226 Ecclesium
1713 4170 1825 4225 Do-

219 4250 365 4303 mini.
400 4246 711 4301 Venantius
736 4245 1069 4300 Fortunatus
1099 4245 1136 4300 l.
1172 4261 1224 4307 v,
1257 4259 1424 4299 carm.
1458 4245 1514 4311 al,
1545 4259 1693 4297 vers.
1728 4244 1817 4307 73,

220 4319 508 4389 usurpavit
524 4318 749 4390 agmina
777 4332 1039 4371 mattzera.
1077 4316 1391 4390 Canonittze
1421 4315 1647 4390 feminae
1694 4328 1821 4383 pro-

220 4387 427 4447 saitutm
460 4387 603 4444 ﬁlios
631 4404 894 4443 maneres
916 4400 1110 4444 vocant
1147 4406 1160 4442 :
1196 4387 1528 4443 Manzeribns
1559 4396 1812 4453 scortum,

1935 3747 2121 3800 metari
2154 3745 2351 3800 melius
2381 3745 2599 3800 dimisit.

2005 3816 2133 3869 265.
2177 3815 2366 3877 Fabr.,
2396 3817 2633 3881 abeunte,
2664 3818 2844 3871 minus
2875 3818 3035 3886 bene,
3070 3835 3168 3887 pro
3198 3819 3434 3875 abeunte.

2004 3888 2129 3943 ‘266.
2175 3891 2391 3960 Argum,
2416 3896 2724 3956 patescunt;
2755 3889 2956 3943 rectius
2986 3892 3098 3953 alii,
3132 3894 3400 3960 fatiscunt,
3440 3893 3526 3949 vel

1933 3962 2219 4031 [ateacunt;
2247 3958 2461 4025 Parrb.,
2490 3961 2799 4029 fat/iiscum.
2838 3962 2897 4013 In
2928 3961 3041 4015 Ott.
3076 3962 3101 4016 1
3132 3958 3353 4017 videtur
3375 3964 3529 4031 prius

1933 4029 2101 4084 fuisse
2128 4030 2415 4084 dehiscunt.

2001 4102 2128 4156 207.
2169 4101 2227 4155 In
2262 4100 2381 4155 Vat.
2420 4103 2441 4155 1
2486 4117 2553 4156 ax
2587 4099 2767 4155 Divisa
2798 4101 3017 4156 videtur
3059 4114 3367 4157 correctum
3428 4104 3526 4159 Di-

1930 4172 2070 4226 visae.
2103 4174 2369 4244 llonjiciat
2396 4172 2590 4242 aliquis
2622 4171 2835 4244 Diaulsa
2868 4188 3133 4244 compage,
3161 4182 3218 4228 ut
3240 4172 3382 4241 apud
3418 4175 3517 4229 Mi-

1931 4245 2147 4316 nucium
2182 4243 2419 4299 Felicem
2449 4241 2573 4312 cap.
2601 4246 2656 4308 9,
2689 4241 2893 4316 ϐατίςεεί
2919 4241 3165 4316 compage
3192 4245 3375 4311 divisa,
3409 4248 3523 4312 vel,

1930 4326 1983 4368 ut
2008 4315 2098 4369 alii
2122 4330 2391 4376 reponere
2416 4324 2645 4381 tentant,
2680 4314 2903 4369 divulsa.

1998 4386 2127 4442 268.
2171 4386 2293 4441 Vet.
2334 4386 2394 4452 1,
2441 4387 2612 4449 abire;
2639 4387 2721 4442 sic
2763 4385 2862 4441 fuit
2911 4388 2962 4441 in
2994 4386 3181 4457 Rom.,
3226 4389 3324 4445 sed
3371 4397 3522 4448 recte

220 4464 304 4542 sed
326 4461 526 4542 multa
557 4458 729 4542 natiiis
758 4461 901 4542 dedit
928 4469 1121 4542 ortum.
1152 4488 1226 4542 -έ-
1267 4458 1315 4515 U
1321 4471 1336 4509 ι
1362 4476 1505 4542 seges
1541 4460 1603 4511 ab
1636 4460 1818 4542 spica,
1850 4482 1899 4542 ι)
1929 4458 2279 4542 θηιὲεάαεῃιη
2307 4468 2390 4542 est
2420 4458 2735 4542 per‘abiere.

221 4536 290 4589 sic
321 4535 538 4603 spurius
560 4542 632 4586 est
655 4532 720 4585 ab
748 4533 938 4589 antica.
964 4560 1035 4575 -—
1058 4531 1201 4587 Dant
1220 4532 1509 4596 naturales,
1534 4546 1648 4599 quae
1672 4531 1819 4585 nobis

221 4616 335 4660 sunt
353 4604 632 4673 speciales.

288 4672 418 4734 258.
473 4676 733 4744 Plerique
776 4688 908 4731 mss.
951 4684 1114 4746 atque
1150 4674 1311 4737 editi,
1344 4690 1494 4738 cum;
1526 4672 1664 4742 Reg.
1706 4674 1729 4727 1
1767 4680 1823 4728 et

222 4749 335 4814 alii,
367 4750 513 4803 dum.
555 4748 667 4803 Ott.
701 4748 757 4811 1,
786 4757 1173 4810 convertantur,
1203 4746 1302 4802 sed
1340 4755 1655 4801 correctum
1699 4760 1822 4799 con-

225 4830 515 4876 vertuntur.

288 4893 416 4950 259.
463 4890 680 4955 Arum,
716 4906 922 4956 mensa,
970 4900 1072 4961 pro
1099 4890 1312 4945 mensis.
1345 4888 1563 4953 Parrh.,
1608 4888 1682 4942 sic
1727 4902 1825 4958 pro

224 4966 317 5020 ita.
348 4965 487 5035 Reg.
523 4965 547 5017 1
574 4961 767 5035 sic,_d.
797 4977 844 5017 ε.
872 4962 965 5035 ita.
1062 5034 1071 5035 ί
1162 5034 1181 5035 7
1732 4988 1737 4995 ‘

289 5032 639 5096 260.’Boni.,
676 5032 811 5090 Urb.
839 5075 855 5098 ,
887 5032 998 5087 Ott.
1052 5034 1104 5099 1,
1160 5034 1346 5096 Parr.,
1397 5048 1589 5098 exosa;
1633 5033 1824 5089 caeteri

225 5109 437 5173 odiosa;
466 5107 629 5161 etiam
666 5109 723 5159 in
743 5108 854 5159 tltt.
886 5107 905 5158 1
941 5104 1081 5159 forte
1112 5107 1260 5171 prius
1288 5104 1391 5161 fuit
1419 5105 1621 5158 odiosa.

291 5179 419 5235 26!.
458 5179 633 5244 Meus,
660 5176 994 5248 Exspiravit;
1037 5178 1183 5243 Ald.,
1215 5176 1397 5232 Iesum
1419 5177 1739 5244 exspirasse,
1779 5186 1826 5232 at

225 5252 386 5306 multa
430 5259 735 5305 sanctorum
781 5265 1000 5313 corpora
1049 5251 1396 5304 resnscitasse.
1460 5248 1536 5303 De
1579 5248 1826 5315 epitheto

227 5325 373 5391 boni,
408 5340 516 5393 quo
558 5321 810 5376 Christus
845 5336 941 5385 per
965 5323 1351 5376 excellentiam
1398 5319 1709 5393 insigniter,
1742 5321 1825 5393 vi-

225 5396 337 5450 deri
386 5392 573 5465 potest
617 5393 953 5462 'l‘heOphilus
1000 5393 1327 5465 Raynandus
1379 5405 1415 5447 t.
1462 5392 1537 5459 ll,
1584 5402 1720 5465 sccl.
1770 5392 1825 5459 1,

226 5483 342 5538 cap.
377 5464 432 5528 ‘5,
463 5465 608 5534 quod
639 5481 782 5519 novo
812 5464 1283 5538 titulo’ins’eripsit
1308 5507 1323 5531 ,
1352 5465 1592 5521 Christus
1630 5464 1822 5533 bonus,

228 5537 382 5601 bona,
408 5538 623 5592 bonnm.

296 5610 425 5666 262.
469 5608 628 5674 Urb.,
656 5607 816 5664 Rom.
841 5622 868 5663 a
904 5623 986 5680 pr.
1014 5624 1115 5676 m.,
1140 5606 1548 5665 nonnulliediti
1579 5607 1785 5663 demisit
1803 5624 1824 5675 ;

300 5758 327 5786 ι
356 5747 526 5803 Vetus
549 5747 729 5804 codex
748 5746 1027 5803 referebat
1051 5745 1275 5800 nam
1308 5762 1404 5814 pro
1439 5746 1733 5809 Manzeres.
1768 5754 1828 5802 et

231 5829 446 5891 tangens
466 5821 569 5874 ista
594 5836 694 5888 pro
712 5822 791 5874 ita
817 5834 944 5890 gens
969 5820 1093 5874 ista.
1133 5817 1310 5887 Supra
1339 5817 1484 5875 forte
1529 5820 1822 5891 legendum

230 5890 544 5966 aptaverunt
573 5892 635 5947 ob
660 5893 832 5964 signa,
858 5898 990 5960 etc.,
1019 5901 1074 5947 et
1102 5906 1135 5945 ο
1168 5905 1465 5946 mensarum
1494 5890 1696 5962 poculis
1726 5905 1823 5961 pro

1993 4530 2120 4584 272.
2164 4531 2264 4605 Ms.
2309 4528 2544 4605 Lips._et
2582 4529 2831 4605 nonnulli
2859 4530 3026 4598 editi,
3058 4532 3325 4605 discussa;
3373 4533 3520 4605 lege,

1926 4618 2047 4657 cum
2086 4604 2322 4665 et-teris,
2358 4601 2594 4671 discissa,
2630 4603 2749 4666 vel,
2785 4610 2843 4657 ut
2872 4603 3114 4658 nonnulli
3163 4604 3398 4665 habent.
3428 4601 3522 4659 'dié

1924 4675 2079 4728 scito.
2109 4674 2203 4729 Sic
2231 4673 2523 4739 abscissus,
2559 4684 2616 4730 et
2651 4675 2884 4729 abscisus
2921 4674 3236 4746 frequenter
3279 4678 3422 4732 inter
3463 4693 3525 4734 se

1928 4755 2328 4812 permutantur.
2375 4746 2491 4802 Hoc
2519 4759 2700 4802 autem
2744 4747 2863 4802 loco
2903 4750 3098 4803 melius
3129 4760 3212 4803 est
3241 4746 3455 4803 discisso
3488 4762 3520 4803 a

1927 4816 2185 4873 discindo.
2234 4817 2472 4893 Pulchra
2515 4818 2803 4893 translatio
2829 4820 2916 4893 ab
2962 4822 3051 4886 iis,
3098 4820 3193 4891 qui
3237 4821 3292 4893 in
3329 4819 3522 4875 funere

1930 4903 2160 4945 suorum
2190 4889 2398 4945 nudant
2424 4902 2666 4962 pectora,
2692 4889 2945 4946 scindunt
2964 4889 3309 4953 vestimenta,
3342 4902 3450 4945 etc.

1998 4963 2123 5016 274.
2170 4964 2336 5018 Arntz
2366 4978 2395 5015 a
2427 4978 2510 5031 pr.
2545 4979 2644 5030 m.,
2676 4972 2998 5029 monstrata;
3042 4965 3165 5027 alii,
3200 4962 3480 5017 reseranda
3500 4976 3521 5028 ;

1929 5033 2026 5087 sed
2058 5036 2111 5087 in
2140 5033 2256 5089 Ott.
2290 5038 2311 5088 1
2349 5034 2495 5106 aliud
2531 5034 2658 5101 fuit,
2691 5043 2746 5087 et
2772 5036 2822 5106 in
2851 5035 2986 5106 Reg.
3030 5037 3054 5090 1
3095 5034 3355 5106 scribitur
3381 5047 3527 5086 rese-

1930 5106 2131 5171 renda,
2189 5106 2334 5173 qnod
2379 5105 2598 5160 videtur
2645 5105 2899 5161 mendum
2942 5104 2961 5160 Ξ
3009 5122 3131 5160 nam
3176 5104 3403 5157 verbum
3441 5111 3527 5158 est

1930 5192 2101 5232 resera
2126 5219 2139 5242 ,
2164 5193 2394 5245 reseras;
2426 5193 2530 5233 neu
2558 5195 2763 5242 resera,
2796 5179 3000 5231 reseris.
3035 5175 3107 5231 Ut
3141 5175 3300 5245 alibi,
3335 5176 3407 5227 ita
3438 5173 3527 5229 liie

1932 5249 2096 5304 etiam
2131 5249 2346 5302 variant
2374 5265 2506 5305 mss.
2541 5261 2597 5304 et
2621 5249 2750 5304 editi
2780 5267 2794 5306 :
2836 5249 3107 5317 plerique,
3145 5244 3349 5315 Moysi;
3384 5259 3525 5300 non-

1935 5321 2090 5386 nulli,
2118 5319 2256 5375 Mosi
2281 5337 2299 5383 ;
2327 5320 2470 5382 :\|d..
2501 5322 2679 5376 Mam.
2706 5318 3076 5375 Nebrisseusis
3105 5319 3156 5371 id
3180 5318 3411 5385 explicat
3439 5317 3525 5371 vel

1936 5392 2004 5463 de
2036 5392 2151 5457 lege
2185 5391 2382 5463 Moysis
2403 5439 2416 5459 ,
2451 5394 2536 5448 vel
2565 5395 2635 5447 de
2663 5393 2779 5461 lege
2809 5397 2948 5445 tecta
2968 5389 3250 5463 velamine
3271 5386 3528 5463 Afdoysis,

1936 5462 2007 5516 de
2038 5479 2147 5531 quo
2181 5460 2492 5532 Apostolus,
2522 5464 2565 5519 Il
2594 5464 2660 5519 ad
2689 5460 2817 5517 Cor.
2847 5475 2929 5515 tu.
2956 5460 3241 5515 Glossntor
3270 5461 3319 5512 in
3338 5460 3467 5527 κει.
3501 5460 3525 5513 1

1937 5534 2083 5607 haue
2102 5534 2400 5607 secundam
2430 5537 2930 5607 interpretationem
2958 5541 3126 5586 tenet.
3156 5532 3210 5585 In
3236 5546 3395 5600 prosa
3410 5538 3537 5585 erat

1935 5607 2030 5659 sub
2058 5606 2242 5677 Moyse
2270 5607 2544 5663 velamine.

1933 5746 2323 5875 mulgendac
2352 5827 2511 5876 vetus
2541 5816 2702 5883 liber,
2735 5812 2912 5886 templi
2937 5827 3054 5868 cum
3084 5815 3228 5869 mina
3255 5815 3530 5873 cecidisse.
