4038 6312
501 328 607 386 735

1878 328 2092 390 εωιιι
2130 328 2406 388 SEDULII

3694 329 3791 385 756

714 444 833 521 Dic,
859 444 948 501 ubi
978 460 1155 515 nunc,
1187 446 1385 515 tristis,
1408 444 1668 514 victoria,
1694 445 1801 514 dic,
1837 446 1929 503 ubi
1958 458 2102 502 nunc
2129 448 2184 509 Α
2209 443 2313 501 285
2349 443 2606 514 Liquerat
2635 442 2702 498 ad
2734 450 2971 515 tempus,
3004 441 3192 513 patulo
3216 442 3329 513 jam
3362 440 3555 514 lrigida
3586 441 3728 515 ligno

1918 539 2019 607 sit,

1918 539 1989 595 sit

644 631 825 700 Mors,
857 634 1144 703 stimulus,
1180 634 1482 706 horrenda,
1516 637 1683 693 tuus?
1720 652 1841 708 quae
1879 538 2098 709 s[emper

1040 737 1053 751 '
1802 728 2025 802 [opimis

643 816 949 874 tnsaturata
979 821 1161 891 malis,
1186 833 1415 878 cunctas
1441 821 1697 879 invadere
1725 834 1919 893 gentes

648 913 855 971 Pmnali
879 916 1088 972 ditione
1112 919 1288 985 soles;
1313 934 1382 974 en
1405 920 1667 990 pessima,
1692 935 1799 974 non
1832 928 1890 973 tu

502 1004 610 1062 280
647 1007 907 1065 Perveuis
936 1008 1005 1065 ad
1035 1008 1339 1078 Christum,
1364 1011 1459 1067 sed
1491 1009 1740 1068 Christus
1765 1010 2015 1083 pervenit
2033 1007 2101 1066 ad

1920 1101 2029 1177 [ιθ.

646 1191 747 1249 Cui
784 1193 936 1251 licuit
967 1195 1090 1252 sine
1129 1208 1307 1254 morte
1349 1196 1520 1265 mori,
1553 1197 1752 1271 quique
1786 1199 1974 1254 omnia
2015 1198 2102 1268 gi-

1811 1291 2030 1365 Igneus,

650 1379 816 1455 3&3
839 1380 1032 1441 Omnia
1071 1385 1434 1452 constituens,
1476 1393 1529 1442 te
1560 1400 1668 1440 non
1706 1385 1989 1452 formavit;
2044 1394 2103 1440 ut

1820 1480 1995 1554 [esses
2008 1522 2024 1546 ,

652 1567 879 1626 Semine
899 1570 1145 1640 vipereo,
1176 1571 1334 1641 culpa
1360 1572 1625 1642 genitrice
1654 1574 1882 1643 crearis,

655 1661 740 1729 Et,
766 1662 922 1717 venia
955 1671 1238 1735 regnante,
1256 1668 1421 1736 peris.
1453 1650 1573 1721 Jam
1602 1666 1824 1737 spiritus
1846 1674 1996 1722 artus

2347 537 2562 593 Viscera
2604 535 2954 608 pendebant,
2984 544 3040 591 et
3066 534 3246 591 adhuc
3276 536 3432 593 furor
3457 580 3472 604 ,
3513 551 3660 591 arma
3689 538 3796 592 mi-

3436 628 3699 696 [nistrans
3714 672 3729 698 ,

2346 722 2586 794 Cuspide
2611 724 2922 794 perfossum
2950 722 3115 778 violat
3143 723 3287 778 latus
3312 742 3327 779 :
3361 737 3503 795 eque
3532 724 3732 791 patenti

2353 817 2589 875 Vulnere
2636 832 2946 889 purpureus
2989 833 3173 884 cruor,
3243 825 3302 875 et
3329 818 3492 873 simul
3545 817 3684 872 unda
3711 834 3800 874 cu-

3514 908 3733 983 [currit.

2354 1007 2480 1062 llmc
2506 1013 2635 1062 sunt
2672 1006 2872 1078 quippe
2898 1021 3068 1062 sacrm
3098 1021 3197 1076 pro
3226 1006 3532 1077 relligionis
3562 1006 3763 1062 honore
3783 1049 3797 1075 ,

2203 1100 2314 1158 290
2351 1100 2595 1173 Corpus,
2630 1100 2884 1171 sanguis,
2912 1115 3085 1173 aqua,
3117 1101 3222 1156 tria
3273 1102 3400 1156 vitae
3442 1116 3671 1156 munera
3712 1115 3803 1157 no.

3555 1193 3724 1268 [δη-ω.

2352 1288 2530 1345 Fonte
2589 1297 2988 1358 renascentes,
3050 1290 3309 1347 membris
3340 1331 3358 1359 ,
3429 1301 3486 1346 et
3551 1289 3802 1361 sanguine

3514 1381 3735 1457 [Christi

2353 1474 2520 1549 3“
2547 1475 2867 1543 Vescimur,
2918 1484 3082 1547 atque
3126 1475 3247 1533 ideo
3290 1477 3554 1547 templum
3596 1478 3803 1534 deitatis

2550 1588 2555 1595 ί
3384 1571 3693 1646 [habemur
3722 1592 3734 1628 :

2353 1664 2509 1734 Quod
2532 1679 2752 1723 servare
2782 1665 2927 1722 Deus
2950 1680 3051 1722 nos
3082 1674 3284 1721 annuat
3304 1667 3734 1733 immaculatum,

2075 1778 2459 1835 PASCHALE.

2075 1778 2165 1835 PA
2208 1778 2459 1835 CHALE.

511 1865 860 1938 adveniente,
884 1870 1223 1941 praeclaruit.
1254 1872 1350 1928 Dic
1375 1888 1495 1945 age,
1526 1889 1675 1929 mors
1699 1779 2103 1940 tristis‘fzyism-
2138 1776 2456 1941 Bsinimicm
2478 1887 2671 1929 manus
2701 1873 2946 1930 lanceam
2978 1875 3379 1943 subministrat,
3407 1876 3629 1947 ictuque
3657 1876 3796 1933 nefa-

511 1960 625 2032 pia,
681 1977 827 2018 nunc
853 1963 944 2019 ubi
989 1973 1078 2019 tua
1126 1968 1197 2020 sit
1228 1966 1410 2022 feralis
1441 1967 1531 2022 illa
1563 1968 1811 2034 victoria,
1854 1984 1995 2023 nunc
2017 1969 2108 2023 ubi

513 2054 793 2120 stimulus,
817 2058 1177 2125 exsecranda,
1204 2060 1301 2115 tibi
1327 2063 1575 2117 serviens
1600 2066 1667 2116 ad
1691 2062 1966 2134 sepulcra,
1989 2078 2110 2133 quae

511 2161 542 2201 a
596 2149 779 2219 primo
818 2150 1194 2220 generationis
1234 2155 1455 2209 interitu
1487 2154 1650 2209 nullis
1683 2170 1935 2225 umquam
1963 2165 2111 2211 satu-

514 2250 632 2297 rata
687 2240 976 2299 funeribus
1005 2244 1299 2301 humanum
1348 2261 1520 2318 genus
1551 2247 1833 2314 invadens,
1895 2249 2110 2304 miserae

514 2336 660 2393 soles
699 2336 977 2409 fragilitoti
1025 2341 1222 2408 pteuali
1270 2356 1489 2411 semper
1526 2342 1737 2398 ditioue
1793 2343 2111 2399 dominari?

516 2428 658 2488 Ecce
692 2445 840 2486 nunc
869 2432 936 2486 ad
963 2431 1237 2488 Christum
1268 2435 1504 2505 pessima
1535 2451 1642 2490 non
1669 2435 1888 2504 venisti,
1917 2435 2013 2491 sed
2043 2435 2109 2490 ad

521 2533 573 2582 te
620 2520 872 2581 Christus
918 2527 1063 2582 ultro
1103 2528 1416 2599 descendit,
1461 2531 1557 2585 cui
1592 2529 1713 2585 sine
1742 2540 1921 2586 morte
1957 2530 2111 2585 licuit

516 2618 679 2685 mori,
703 2619 795 2689 qui
822 2630 1019 2676 cuncta
1044 2622 1295 2693 gignens,
1342 2633 1541 2678 cuncta
1565 2624 1921 2691 constituens,
1949 2632 2001 2679 te
2022 2638 2111 2678 so-

516 2709 622 2767 lam
650 2712 870 2769 lividam
899 2729 1007 2769 non
1025 2718 1253 2771 creavit.
1278 2716 1527 2787 Sriptura
1550 2721 1749 2789 quippe
1773 2718 2110 2774 venerabilis

515 2803 682 2861 dicit:
712 2803 967 2863 Dominus
996 2819 1213 2864 mortem
1244 2827 1349 2865 non
1379 2812 1501 2883 fecit
1527 2812 1686 2885 (Sap.
1718 2828 1757 2878 ι,
1785 2814 1895 2884 15).
1934 2814 2112 2885 Origi-

518 2898 601 2953 nis
626 2899 789 2970 igitur
814 2908 920 2955 tuac
949 2902 995 2957 si
1014 2904 1298 2959 materiem
1318 2906 1475 2974 cupis
1504 2921 1824 2977 agnoscere,
1851 2916 2111 2977 serpente

517 2999 674 3065 patre
699 2995 1035 3066 conciperis,
1065 3004 1122 3051 et
1150 2998 1306 3069 culpa
1338 2999 1604 3068 genitrice
1629 2999 1955 3069 procrearis.
1979 2998 2110 3068 Sed,

518 3082 857 3156 indulgentia
884 3103 1031 3143 nunc
1059 3099 1345 3159 regnante,
1378 3092 1747 3147 consumeris.

586 3177 796 3235 Interea
818 3180 1037 3238 Domini
1066 3185 1299 3254 Spiritus
1318 3185 1432 3254 jam
1483 3188 1551 3240 de
1579 3202 1814 3255 corpore
1852 3186 2115 3258 migrarat

2215 1965 2296 2021 rio
2324 1965 2462 2019 latus
2495 1964 2710 2021 Domini
2765 1966 2918 2038 plaga
2946 1968 3172 2022 violavit
3202 1968 3386 2038 infixa,
3421 1970 3594 2024 altum
3619 1970 3801 2027 vulnus

2209 2060 2484 2129 aperiens,
2510 2074 2574 2115 ac
2603 2058 2906 2128 defossum,
2938 2075 3032 2130 per
3058 2061 3203 2131 quod
3242 2062 3467 2133 sanguis
3500 2062 3705 2133 pariter
3753 2072 3802 2120 et

2208 2166 2364 2223 aqua:
2396 2151 2695 2207 ﬂuxerunt.
2728 2153 2772 2207 υ
2792 2169 2951 2224 quam
2983 2153 3257 2210 catholico
3301 2154 3545 2225 dogmati
3573 2160 3801 2214 sociatur

2212 2245 2328 2300 lucc
2357 2247 2559 2301 causa!
2592 2245 2637 2300 Ο
2666 2253 2928 2316 quantum
2970 2245 3254 2302 Trinitatis
3303 2247 3426 2304 fidei
3477 2250 3803 2306 conveniunt

2212 2336 2329 2392 ha'c
2351 2346 2562 2393 sacrata
2588 2338 2601 2391 !
2635 2337 2846 2408 Corpus
2878 2354 3137 2408 namque,
3162 2341 3410 2411 sanguis,
3435 2350 3493 2397 et
3511 2358 3677 2412 aqua,
3707 2341 3802 2399 tria

2212 2432 2337 2485 vita:
2358 2440 2562 2485 nostra:
2587 2439 2712 2485 sunt
2742 2446 2986 2485 munera.
3021 2430 3228 2487 Omnes
3254 2431 3425 2499 enim,
3456 2434 3571 2503 qui,
3596 2431 3800 2489 Christo

2210 2524 2350 2583 duce
2380 2534 2587 2593 nostro,
2621 2526 2674 2581 in
2703 2541 2963 2597 aquarum
2990 2524 3141 2583 fonte
3161 2527 3524 2591 renascimur,
3547 2527 3667 2598 ejus
3690 2543 3803 2583 cor-

2212 2635 2335 2692 pus,
2367 2630 2423 2676 et
2452 2620 2769 2690 sanguinem
2797 2628 3077 2691 sumentes
3099 2619 3329 2687 edimus,
3362 2636 3426 2674 ac
3456 2630 3726 2692 potamus,
3750 2631 3803 2677 ut

2212 2713 2386 2769 sancti
2434 2713 2671 2782 Spiritus
2724 2713 2982 2783 teurpluut
3031 2728 3152 2768 esse
3203 2728 3536 2769 mereamur.
3593 2713 3723 2768 Nam
3753 2723 3803 2770 et

2213 2810 2510 2880 Apostolus
2540 2808 2738 2862 Paulus
2776 2808 2845 2862 ita
2898 2808 3153 2879 loquitur,
3198 2807 3386 2864 dicens
3426 2808 3551 2863 :An
3581 2809 3802 2876 nescitis,

2212 2903 2460 2974 quoniam
2487 2902 2735 2971 templum
2764 2900 2862 2955 Dei
2886 2901 3026 2967 estis,
3051 2912 3097 2957 et
3122 2902 3353 2973 Spiritus
3372 2915 3588 2957 sanctus
3618 2902 3805 2957 habitat

2212 3000 2266 3054 in
2297 2997 2435 3051 vobis
2482 2996 2521 3068 (Ι
2554 2995 2673 3051 συν.
2712 3010 2795 3063 tu,
2851 2994 2989 3068 16)?
3035 2995 3188 3065 Quod
3222 3003 3280 3049 ut
3310 2995 3576 3053 Dominus
3625 2996 3808 3065 jubeat
3890 3062 3895 3063 ί

2213 3090 2477 3161 templum
2526 3103 2627 3145 nos
2675 3088 3080 3147 immaculatum
3130 3104 3366 3160 gerere,
3420 3090 3802 3161 supplicamus,

2213 3195 2485 3256 quatenus
2513 3193 2799 3254 angustos,
2832 3191 2888 3237 et
2920 3190 3113 3240 tenues
3143 3192 3323 3239 tantus
3349 3198 3575 3239 mausor
3599 3184 3699 3239 sibi
3729 3185 3804 3237 ta-

513 3271 581 3325 ad
617 3281 852 3344 tempus,
876 3273 1181 3347 frigidaque
1202 3278 1382 3332 crucis
1411 3277 1465 3331 iu
1496 3277 1690 3334 robore
1712 3276 1913 3334 Christi
1943 3295 2115 3335 mem-
2141 3273 2188 3338 C
2219 3279 2329 3335 ciat
2348 3277 2599 3348 idoneos,
2622 3287 2677 3333 ct
2703 3290 2955 3348 capaces.

512 3363 608 3422 bra
642 3367 973 3439 pendebant,
1006 3380 1061 3425 et
1090 3371 1269 3424 adhuc
1294 3372 1464 3438 furor,
1488 3385 1637 3425 arma
1687 3388 1795 3427 non
1823 3371 2109 3444 deserens,

2005 3490 2290 3548 SCHOLIA
2301 3532 2317 3548 .

586 3579 932 3651 276.7Meus,
965 3580 1320 3651 ApostroPhat
1343 3581 1411 3636 ad
1441 3592 1657 3636 mortem
1681 3583 2108 3651 triumphantem.

516 3650 667 3716 Ald.,
717 3650 961 3722 Perfossa
1005 3650 1199 3708 Christi
1242 3657 1403 3709 latere
1450 3656 1754 3725 sanguinem
1808 3672 1923 3709 cum
1972 3657 2114 3710 unda

519 3738 806 3798 manasse;
835 3726 1036 3798 Arutz.
1075 3742 1102 3778 a
1156 3742 1271 3783 sec.
1321 3743 1419 3787 ιη..
1464 3739 1515 3782 et
1546 3729 1767 3798 quidam
1814 3728 2019 3791 codex,
2061 3730 2111 3782 in

519 3793 738 3865 schetlis
776 3794 987 3850 Poeltu.
1025 3796 1309 3862 laudatus,
1355 3813 1478 3855 eum
1524 3793 1714 3865 Fahr.,
1756 3813 1810 3855 et
1843 3800 2114 3854 ιιοηιιιιιιιε

520 3864 703 3942 editis,
733 3866 823 3942 sis.
851 3867 993 3942 quod
1007 3882 1100 3922 StlS
1131 3886 1265 3924 lllt‘l'l
1296 3880 1498 3939 potest,
1526 3872 1570 3925 si
1596 3864 1735 3925 vers.
1762 3886 1877 3942 seq.
1908 3875 2118 3941 legatur

523 3933 671 3991 Mors
697 3938 924 3993 stimulis
954 3941 1213 3995 horrenda
1242 3933 1363 3997 tuis.
1398 3933 1503 3997 Sed
1546 3944 1716 3998 altera
1750 3933 1911 3997 lectio
1937 3933 2119 3997 verior

523 4017 611 4062 est
640 4025 703 4065 ex
723 4012 829 4082 μβ.
861 4012 878 4064 l
904 4013 970 4065 ad
999 4016 1121 4065 tLor.
1151 4029 1252 4079 xv,
1278 4014 1376 4081 55,
1414 4013 1511 4069 Ubi
1536 4026 1642 4081 est,
1674 4032 1842 4082 mors,
1875 4015 2117 4069 stimulus

524 4083 690 4135 tuus?
719 4081 853 4135 Vide
885 4092 1001 4139 not.
1032 4084 1098 4138 ad
1127 4085 1426 4141 Juvencuut
1460 4088 1496 4141 I.
1528 4103 1601 4151 tv,
1634 4102 1775 4141 vers.
1808 4086 1899 4141 22.

594 4150 875 4227 277.__Ott.
906 4157 957 4216 1,
989 4156 1045 4221 2,
1080 4155 1240 4223 Urb.,
1266 4157 1387 4213 Vat.
1418 4158 1473 4215 2.
1510 4161 1643 4227 lleg.
1676 4158 1730 4222 5,
1764 4158 1929 4227 Attg.,
1962 4157 2114 4225 Alb.,

525 4221 674 4292 Ald.,
710 4224 854 4298 Mors
879 4228 1103 4281 stimulis
1126 4221 1503 4285 horrendatuis
1516 4221 1638 4285 cum
1652 4231 1796 4296 aliis,
1813 4221 1949 4298 quo.
1973 4221 2113 4284 vers.

526 4297 848 4372 super._disi
879 4299 1083 4372 habere
1112 4300 1198 4354 ubi
1221 4303 1312 4355 sis.
1346 4304 1400 4356 Si
1434 4303 1649 4372 legatur
1674 4302 1761 4355 ubi
1799 4297 2120 4356 sit—Mors

525 4368 752 4444 stimulis
783 4371 1046 4444 horrenda
1077 4376 1201 4437 tuis,
1235 4368 1580 4444 intelligitur,
1630 4374 1717 4428 ubi
1760 4374 1831 4427 sit
1863 4377 2114 4428 vietoria.

528 4438 667 4515 sed,
695 4450 757 4495 ut
781 4443 892 4510 jam
925 4446 1105 4515 ωοηυὶ
1128 4485 1141 4508 ,
1192 4444 1371 4499 altera
1399 4438 1693 4514 scriptura,
1725 4460 1847 4515 quae
1878 4461 2122 4499 comnm-

531 4512 653 4636 3itLr
676 4524 812 4636 test,
844 4524 898 4566 et
927 4514 1140 4570 videtur
1171 4516 1321 4585 prius
1354 4512 1528 4571 fuisse
1551 4516 1607 4571 in
1632 4512 1759 4573 Ottf
1790 4517 1851 4585 1,
1897 4517 2122 4572 retineri

570 4598 600 4636 e
641 4599 669 4635 e
705 4623 716 4634 .

570 4591 716 4636 ebet.

603 4652 730 4724 27_8.
774 4652 1026 4724 Plerique
1057 4671 1193 4711 mss.
1232 4667 1285 4712 et
1335 4674 1525 4713 omnes
1564 4660 1727 4724 editi,
1778 4658 2122 4723 lnstaurata;

534 4724 629 4800 sed
658 4722 790 4800 Reg.
822 4726 844 4778 l
873 4722 1055 4782 etOtt.
1079 4727 1115 4781 2
1145 4728 1405 4784 exhibent
1432 4722 2122 4800 alitid,meritiipraferen4

534 4797 700 4861 dum,
753 4795 1077 4852 lnsaturata.
1120 4803 1359 4855 Avienus
1396 4804 1446 4855 iu
1483 4802 1760 4856 Piltl‘nttm.
1791 4795 1941 4856 A'rat.
1975 4818 2121 4857 vers.

2215 3585 2475 3641 omnibus
2507 3594 2561 3639 et
2592 3583 2736 3646 aliis,
2775 3581 2873 3637 Cui
2903 3582 3081 3647 licuit,
3114 3581 3259 3651 quod
3290 3584 3636 3640 retinendum
3666 3587 3807 3653 ejus-

2216 3656 2339 3712 dem
2376 3654 2696 3712 Poelutanni
2724 3655 2938 3709 schedte
2971 3654 3294 3709 mouent.‘lu
3327 3656 3410 3710 his
3443 3659 3608 3712 etiam
3648 3658 3808 3713 aseri-

2222 3740 2371 3799 ptum
2402 3740 2539 3789 erat,
2572 3743 2669 3796 pro
2698 3728 2827 3780 mori
2847 3727 2984 3779 alios
3007 3725 3271 3780 exhibere
3290 3745 3422 3799 esse.

2288 3801 2415 3855 282.
2462 3801 2643 3863 Rom,
2672 3799 2975 3861 constituit;
3001 3801 3191 3852 tnelius
3224 3798 3450 3867 reliqui,
3477 3801 3807 3854 constituens.

2287 3874 2415 3928 285.
2452 3872 2506 3925 lu
2538 3872 2695 3925 Rom.
2731 3885 2794 3924 ex
2827 3871 3017 3923 creavit
3040 3881 3188 3924 recte
3213 3874 3566 3925 emendatum
3600 3875 3806 3926 crearis.

2220 3944 2364 3999 Deus
2393 3954 2538 3999 enim
2573 3959 2675 3996 nou
2732 3940 2989 3995 formavit
3036 3953 3292 4005 mortem,
3350 3957 3474 4009 qua:
3502 3956 3586 3996 est
3612 3946 3814 3998 Semina

2218 4016 2460 4085 vipereo,
2491 4028 2545 4070 et
2591 4018 2748 4081 culpa
2774 4013 3036 4081 genitrice
3073 4026 3277 4085 creata.
3336 4013 3548 4069 Semine
3594 4016 3809 4084 vipereo,

2220 4084 2417 4159 nempe
2447 4087 2738 4158 serpentis,
2787 4084 3016 4152 diaboli,
3057 4093 3114 4139 ut
3139 4084 3517 4140 Nebrisseusis
3545 4102 3812 4143 commen-

2220 4169 2383 4215 tatur.

2290 4232 2417 4287 285.
2451 4231 2608 4289 Urb..
2636 4230 2791 4302 paulo
2797 4231 3075 4302 jam;lcge
3093 4227 3268 4297 patulo
3280 4231 3397 4299 jam
3422 4243 3807 4298 ;supra,vers.

2225 4304 2351 4369 182,
2385 4304 2632 4358 Pratiuus
2651 4304 2702 4355 in
2726 4302 2891 4373 patuli
2913 4317 3194 4373 suspensus
3220 4303 3443 4373 culmine
3458 4304 3622 4373 ligni.

2294 4376 2423 4431 286.
2457 4375 2588 4442 llcg.
2620 4375 2674 4437 1,
2704 4374 2871 4434 Μυη..
2902 4372 3340 4444 pandtbaut:sed
3377 4391 3426 4425 ιιι
3456 4372 3593 4443 Reg.
3621 4374 3675 4437 1,
3706 4387 3809 4427 rec.

2225 4464 2295 4503 m.
2330 4450 2433 4501 rite
2450 4455 2755 4501 correctum
2782 4444 3093 4515 pendebant.
3143 4447 3284 4514 quod
3315 4459 3476 4513 prosa
3508 4445 3810 4515 Confirmat.

2224 4518 2281 4573 lo
2313 4518 2443 4574 Urb.
2470 4534 2624 4571 error
2651 4527 2735 4572 est
2761 4512 3034 4588 pendebat.
3062 4512 3174 4569 Οιιξ
3203 4516 3253 4585 1,
3287 4512 3588 4571 ministrat:
3613 4512 3815 4569 —-Cus-

2223 4590 2343 4662 pide
2362 4607 2452 4662 per
2501 4589 2720 4661 fessum,
2774 4598 2907 4662 gtc.,
2940 4605 3043 4641 non
3080 4589 3248 4662 male1
3273 4595 3329 4641 et
3361 4604 3426 4640 ex
3457 4589 3615 4662 plena
3646 4589 3812 4639 imita-

2226 4657 2373 4716 tione
2399 4657 2604 4727 Virgilii
2631 4664 2665 4715 Ι.
2699 4676 2717 4714 t
2746 4658 2873 4714 Ain.
2903 4675 3045 4714 vers.
3076 4659 3197 4721 t50,
3212 4657 3437 4728 Jamque
3457 4661 3619 4728 faces,
3635 4667 3679 4711 et
3693 4673 3812 4712 saxa

2225 4735 2423 4797 volant,
2454 4738 2605 4804 furor
2628 4748 2773 4786 arma
2795 4732 3071 4784 ministrat.
3092 4730 3195 4785 Pro
3228 4742 3347 4804 toto
3364 4746 3599 4800 corpore
3629 4731 3814 4784 viscera

2226 4802 2521 4869 aliquando
2552 4805 2718 4873 accipi
2754 4812 2995 4857 n0tatuiu
3040 4804 3150 4870 jam
3183 4804 3249 4855 ab
3278 4802 3403 4856 aliis
3431 4817 3536 4873 est.

534 4864 678 4965 L83:
711 4866 1271 4965 No..et°ca.inrsaturata
1295 4873 1780 4965 pdiis._lVetiatttius
1808 4874 1862 4965 iu
1891 4874 2030 4943 eleg.
2057 4874 2124 4928 de
2153 4905 2204 4965 υ
2462 4876 2580 4930 Vat.
2635 4864 3186 4965 ε’ἰειιοηέηεεεὶρᾶρξιε
3212 4889 3311 4965 pro
3353 4868 3602 4965 Cuspide.
3634 4871 3806 4965 (lant...

534 4935 854 5016 Resurreet.
875 4959 901 5016 _:
938 4940 1151 5011 Inferiis
1172 4943 1582 5000 insaturabiliter
1603 4962 1725 4999 cava
1751 4952 1963 5016 guttura
1979 4935 2125 5011 “pan-

534 5009 678 5087 deus,
699 5010 884 5087 —‘Oui
909 5009 1081 5087 rapuit
1103 5029 1324 5081 semper,
1358 5018 1415 5087 ﬁt
1445 5025 1533 5070 tua
1566 5009 1772 5087 paeda,
1792 5016 1952 5071 Deus.
1993 5009 2123 5073 Vidc

535 5072 881 5160 llraiont‘tttm
908 5085 948 5140 Ι.
973 5072 1039 5160 'tt,
1067 5072 1367 5160 \'ers.'ii5i.'
1385 5086 1425 5142 C
1450 5104 1541 5144 ara
1565 5072 1725 5144 etiam
1748 5072 1833 5144 est
1863 5105 2048 5160 prosa.

775 5156 946 5228 ᾼΙιη..
979 5152 1197 5220 venali;
1232 5160 1372 5228 lege,
1397 5160 1619 5215 Pwnali.

604 5226 730 5304 28D.
766 5226 973 5304 Ultima
998 5231 1046 5283 in
1069 5226 1501 5304 peruertisciititra
1528 5234 1776 5301 regulam
1800 5235 2119 5304 corripitur,

533 5299 703 5376 ut_ab
734 5302 978 5376 _Aratore
1030 5299 1085 5376 iu
1116 5302 1327 5356 advenis
1377 5305 1427 5376 in
1468 5299 1676 5372 pra-fat.
1729 5307 1801 5376 ad.
1844 5299 2116 5376 Vigi'lium.

533 5368 822 5444 Orientius
843 5375 1044 5441 pariter
1077 5374 1111 5427 Ι.
1139 5389 1196 5435 tt,
1230 5388 1349 5444 cap.
1384 5375 1451 5430 de
1469 5368 1613 5431 vana
1644 5374 1854 5433 Laude:
1879 5368 2113 5432 Lvumini-

533 5440 726 5518 busque
746 5440 855 5518 tuis
885 5447 1049 5500 nescis
1079 5447 1243 5500 inesse
1273 5440 1490 5501 trabem.
1524 5449 1875 5517 Anliqutorcs
1900 5464 2117 5518 semper

530 5515 777 5568 ultimam
828 5516 880 5569 in
928 5519 1165 5573 secunda
1220 5534 1452 5588 persona
1509 5515 1795 5588 praesentis
1846 5515 2119 5575 indicativi

530 5596 738 5660 quartae
750 5588 1149 5659 conjugatiouis
1165 5591 1559 5660 producebant.
1584 5591 1666 5646 Ad
1687 5591 1898 5645 Sedulii
1914 5608 2118 5647 morem

530 5653 569 5710 l.
614 5672 650 5712 tt
694 5653 1007 5735 Carni'iuunt
1058 5653 1294 5733 Eugenii
1323 5662 1571 5718 Toletani
1603 5680 1752 5716 nutu.
1801 5663 1870 5719 59
1919 5667 2121 5735 corrigi

527 5738 739 5809 potest,
775 5728 911 5809 Hinc
939 5742 986 5786 et
1019 5728 1332 5809 aposiolicos
1368 5750 1675 5809 percurrens
1719 5736 1916 5792 iuuenis
1950 5728 2118 5807 actus,

526 5802 877 5873 proinvenies
898 5804 951 5859 in
980 5804 1245 5873 editione,
1276 5817 1332 5863 et
1357 5802 1585 5864 invenire
1613 5810 1668 5864 in
1700 5824 1831 5866 mss.

592 5869 721 5926 28L
760 5873 999 5944 Poelm.,
1046 5894 1160 5932 cum
1191 5869 1369 5947 licuit,
1412 5880 1476 5936 ad
1522 5895 1695 5955 marg.
1740 5896 1865 5939 cum
1916 5881 2120 5937 nostris

2228 4948 2317 5004 ed.
2350 4947 2499 5019 Lips.
2533 4963 2655 5002 cum
2685 4946 2801 5001 Vat.
2832 4945 2888 5013 2,
2931 4946 3042 5000 Ott.
3101 4945 3157 5011 2,
3210 4946 3350 5019 Meo,
3374 4944 3550 5019 _atqu_e
3604 4944 3809 5017 patenti,

2227 5035 2334 5090 qtto
2365 5016 2586 5087 respicit
2619 5022 2811 5074 Arutz.
2844 5032 2871 5070 a
2906 5033 3016 5090 sec.
3050 5033 3122 5090 m.
3154 5017 3340 5087 adque.
3373 5016 3579 5090 Par-rh.
3605 5016 3660 5071 i-t
3689 5032 3810 5070 nou-

2226 5088 2356 5147 tiulli
2390 5091 2543 5157 editi,
2575 5107 2687 5145 ecce
2731 5089 2944 5157 patenti.
2982 5089 3229 5156 Plerique
3261 5104 3391 5143 mss.
3433 5099 3490 5143 et
3518 5088 3672 5154 editi,
3698 5101 3811 5159 eque

2224 5165 2445 5237 patenti.
2464 5163 2636 5237 Urb,
2665 5176 2953 5237 corrupte,
2986 5162 3223 5229 latusque
3250 5161 3462 5237 patenti.

2296 5236 2424 5291 288.
2459 5236 2726 5304 Lampeus
2777 5233 2846 5287 ad
2876 5233 3072 5289 Joaun.
3107 5244 3237 5287 tom.
3267 5231 3351 5295 Ill,
3386 5248 3439 5300 p.
3469 5232 3574 5286 6:7
3607 5240 3660 5286 et
3687 5229 3804 5293 629,

2225 5307 2459 5362 illustrat
2486 5310 2627 5359 hum:
2660 5307 2860 5373 locum,
2902 5306 3105 5360 ctcitat
3132 5304 3271 5359 unda
3298 5306 3542 5371 recurrit,
3571 5316 3628 5359 ut
3660 5308 3809 5356 ιπηι-

2223 5380 2412 5435 zenius
2439 5378 2693 5431 advertit.

2297 5450 2424 5523 289.
2460 5448 2599 5523 Bibl.
2637 5447 2836 5523 Lugd.,
2870 5464 3021 5502 sacro
3054 5464 3152 5523 pro
3182 5464 3405 5523 δρα-ω.-
3664 5516 3678 5523 _
3753 5521 3759 5523 Α
3794 5511 3804 5523 ,

2294 5522 2420 5577 290.
2452 5516 2780 5576 Arntzeuius
2825 5516 3129 5590 transpouit
3177 5520 3294 5573 vita:
3340 5520 3491 5573 tria:
3537 5516 3679 5588 quod
3715 5516 3806 5569 etsi

2223 5592 2440 5649 delendi
2475 5599 2675 5661 potest,
2711 5591 3196 5666 productaultiiua
3233 5594 3286 5666 iu
3315 5607 3451 5666 aqua
3479 5592 3806 5666 rationemr-

2227 5680 2390 5729 suraz,
2417 5659 2599 5718 tamen
2630 5662 2813 5717 verior
2837 5675 2919 5718 est
2950 5664 3121 5717 altera
3146 5663 3331 5724 lectio.
3358 5659 3409 5716 in
3440 5678 3545 5731 qua
3571 5659 3805 5731 produci-

2222 5744 2311 5791 tur
2335 5738 2406 5789 ob
2434 5737 2569 5807 duas
2600 5743 2974 5807 consonantes
3014 5734 3272 5807 dictionis
3298 5734 3602 5807 sequentis.

2296 5807 2424 5863 292.
2466 5805 2628 5874 Urb.,
2657 5815 2714 5864 et
2737 5851 2751 5876 ,
2779 5816 2841 5863 ut
2888 5806 3123 5874 videtur,
3169 5803 3414 5862 Vatican.
3444 5805 3510 5873 2,
3539 5803 3804 5863 habmus:

2227 5883 2402 5936 retine
2426 5878 2671 5935 habemur
2699 5893 2797 5952 pro
2829 5896 3030 5937 sumus.
