4038 6312
212 227 320 288 ’1ιῦ

1512 446 1739 520 [gasset,

350 534 486 592 Cum
508 533 723 594 foribus
758 536 961 594 clausis
988 537 1259 597 resideret
1290 541 1443 599 turba
1471 541 1666 608 fidelis,

351 629 497 686 Pace
525 631 819 689 salutantis
849 648 976 691 sese
1007 634 1213 704 intulit,
1243 645 1406 708 alque
1434 637 1637 695 foratas

350 723 514 799 353
552 725 869 798 Expediens
915 728 1147 800 palmas,
1187 730 1357 788 nudat
1383 732 1564 789 latus:
1609 739 1694 789 ast
1735 731 1811 789 ibi

1441 827 1701 901 [Thomas
1716 873 1732 898 ,

343 912 446 970 Cui
469 914 736 989 Didymus
761 932 1066 990 cognomen
1094 930 1233 990 erat,
1261 935 1383 977 cum
1412 921 1670 978 fratribus
1700 938 1807 979 una

213 1005 309 1064 380
343 1006 462 1064 Non
490 1008 692 1078 fuerat,
713 1010 1046 1085 dubiamque
1071 1012 1233 1071 ﬁdem
1255 1015 1357 1071 sub
1378 1016 1543 1072 corde
1561 1017 1810 1088 gerebat.

347 1103 533 1161 Donec
563 1121 781 1177 rursus,
811 1122 879 1164 eo
906 1110 1112 1180 pariter
1139 1111 1439 1181 residente,
1470 1112 1700 1178 veniret,

343 1196 446 1263 Qui
504 1213 803 1270 numquam
863 1190 1180 1258 subtrlctus
1229 1213 1369 1260 erat.
1428 1204 1579 1260 'l‘unc
1628 1205 1814 1262 limine

1533 1296 1743 1370 [clauso

1375 233 1659 295 CARMEN
1696 234 2079 295 PASCHALE.
2121 234 2251 295 LIB.
2295 239 2361 295 γ.

215 344 318 401 375
354 340 544 399 Plebis
598 342 955 415 apostaticae,
1009 345 1301 406 Dominum
1357 366 1483 423 quae
1534 367 1676 409 circa
1722 368 1820 410 ne-
1842 367 1897 428 Α

3410 240 3516 300 716

2067 352 2325 408 Constitit
2351 353 2405 408 in
2433 350 2636 421 medio,
2670 366 2778 409 non
2808 353 3128 426 dedignatus
3162 365 3414 426 apertum

2061 444 2339 515 Discipulo
2364 453 2678 503 monstrare
2709 447 2874 515 latus,
2906 456 3163 519 tactuque
3190 448 3413 520 probari

1915 538 2020 595 385
2061 536 2338 603 Vulneris,
2370 546 2428 594 et
2451 551 2689 596 mentem
2722 542 2991 613 patienter
3010 542 3155 601 ferre
3187 545 3446 600 labantis.

2056 631 2287 703 Agnitus
2317 629 2445 686 hinc
2474 632 2681 703 potius,
2713 633 2861 706 quod
2910 635 2985 692 sit
3036 635 3340 692 dubitantis
3389 638 3525 694 ami-

3295 735 3448 810 [ους.

2056 823 2312 899 Quisquis
2356 827 2503 883 enim
2543 827 2784 885 artifices
2812 843 2955 886 caeca
2982 829 3086 887 sub
3113 829 3350 903 imagine
3381 830 3528 888 frau—

3313 925 3334 1000 ι
3357 925 3458 983 des

2059 1013 2225 1089 35a,
2260 1014 2511 1087 Instruit,
2541 1024 2602 1073 et
2636 1031 2807 1072 vanas
2833 1017 2983 1089 cupit
3011 1034 3273 1078 exercere
3305 1020 3529 1093 figuras,

2060 1111 2180 1166 Non
2211 1112 2328 1167 vult
2352 1112 2599 1184 agnosci,
2634 1128 2745 1168 non
2769 1112 2907 1179 vult,
2938 1128 3035 1169 sua
3070 1114 3205 1171 facta
3232 1118 3459 1186 requiri,

1919 1206 2024 1263 590
2061 1205 2133 1264 Ut
2159 1207 2490 1263 laleantsub
2518 1207 2663 1264 nube
2710 1207 2845 1274 doli,
2878 1206 3193 1279 nebulaque
3240 1210 3530 1267 recludens

2064 1301 2283 1368 Omnia,
2314 1301 2581 1357 sollicitos
2612 1300 2730 1357 odit
2769 1301 3061 1358 simulator
3088 1302 3312 1360 amicos.

1559 1416 1741 1474 OPUS
1781 1416 2169 1475 PASCHALE.

206 1543 319 1601 qua:
367 1528 660 1586 Dominum
712 1545 860 1603 scepe
907 1540 1236 1604 negaverat,
1268 1533 1563 1590 violentam
1589 1542 1614 1570 ει
1647 1533 1813 1590 susti-

205 1639 330 1681 nere
376 1626 671 1694 smvitiam,
705 1628 907 1684 clausis
948 1628 1145 1685 domus
1203 1628 1387 1699 ianuis
1429 1637 1814 1699 permanerent

205 1719 493 1787 abstrusis,
524 1734 717 1777 astans
746 1721 956 1778 foribus
988 1723 1341 1795 improvisus,
1372 1738 1558 1792 pacem
1589 1723 1811 1778 cunctis

1921 1533 2161 1590 immotis
2187 1547 2247 1589 se
2275 1532 2455 1591 denuo
2498 1531 2705 1588 foribus
2751 1540 3069 1605 praesentat,
3099 1533 3193 1603 qui
3225 1546 3525 1601 numquam

1916 1625 2238 1697 spiritaliter
2276 1626 2345 1682 ab
2386 1624 2520 1696 ipsis
2563 1626 2923 1695 abscesserat,
2957 1640 3250 1698 coramque
3307 1627 3522 1682 cunctis

1914 1723 2065 1775 visus
2097 1721 2149 1775 in
2185 1719 2389 1787 medio,
2437 1734 2543 1773 non
2578 1718 2907 1790 dedignatur
2947 1736 3153 1775 moretn
3194 1735 3383 1790 gerere
3409 1728 3521 1775 tre-

204 1808 348 1866 dedit
377 1811 719 1869 salutatione
747 1816 1038 1883 sermonis,
1083 1824 1144 1871 ut
1194 1815 1418 1872 afﬂictis
1446 1817 1689 1873 laetitiam
1714 1817 1808 1872 tri.
1838 1852 1887 1913 Β
1914 1813 2122 1885 pidanti
2153 1813 2425 1883 discipulo
2459 1830 2472 1865 :
2523 1811 2829 1881 palmisque
2877 1828 3089 1878 rursus,
3123 1823 3180 1869 et
3221 1814 3393 1869 latere
3422 1814 3522 1869 de-

202 1899 366 1959 buens
427 1906 804 1974 repentinam,
846 1907 992 1979 quod
1037 1908 1361 1980 prophetica
1389 1924 1522 1966 voce
1552 1910 1804 1981 signave-

200 2006 302 2061 rat,
331 1999 693 2068 approbaret,
734 2001 860 2072 quia
915 2019 1005 2057 cor
1054 2004 1341 2057 contritum
1394 2014 1442 2059 et
1470 2005 1809 2061 humiliatum

201 2085 458 2145 Dominus
488 2107 593 2145 non
620 2092 895 2163 relinquet.
926 2092 1158 2164 Moxque
1187 2110 1387 2150 manus
1440 2096 1653 2166 aperuit
1683 2112 1810 2168 per—

199 2179 400 2237 foratas
432 2224 448 2249 ,
499 2183 715 2255 plagam
756 2185 916 2242 lateri
965 2186 1187 2243 nudavit
1236 2190 1483 2256 infixam,
1524 2205 1592 2247 ne
1633 2190 1802 2260 phan-

201 2282 368 2330 tasma
392 2275 715 2345 crederent,
742 2279 787 2332 si
820 2280 1109 2336 vulnerum
1157 2281 1357 2337 indicia
1387 2299 1496 2338 non
1536 2282 1805 2339 viderent.

201 2366 467 2435 Quoniam
503 2385 636 2425 vero
663 2370 903 2428 Thomas
943 2390 1100 2445 aeque
1126 2375 1475 2431 venerandus
1497 2376 1796 2446 apostolus,

200 2474 355 2529 quem
386 2462 682 2535 Didymum
714 2465 979 2521 vocabulo
1004 2478 1337 2538 nuncupant,
1359 2468 1436 2524 ibi
1458 2484 1563 2525 non
1593 2468 1799 2535 aderat,

203 2561 257 2608 et
294 2554 428 2609 talia
461 2556 631 2611 sociis
664 2556 1030 2617 referentibus
1060 2576 1168 2616 non
1200 2561 1460 2618 credebat
1486 2579 1500 2617 :
1532 2577 1661 2618 ecce
1689 2562 1798 2619 Do-

207 2648 408 2720 minus,
443 2650 638 2708 eodem
670 2654 1017 2725 postmodum
1048 2654 1324 2714 residente
1363 2673 1488 2714 cum
1520 2656 1800 2725 fratribus,

1918 1905 2259 1972 monstratis,
2313 1913 2458 1960 tactu
2492 1904 2775 1959 vulnerum
2811 1909 3015 1974 patitur
3044 1922 3103 1960 se
3125 1907 3373 1977 probari,
3407 1922 3520 1961 ma-

1910 2001 1995 2072 gis
2026 1998 2155 2055 hiuc
2175 1998 2415 2070 agnitus,
2443 1998 2587 2069 quod
2620 1998 2739 2068 ipse
2795 1998 2869 2054 sit
2894 1998 3169 2065 Christus,
3218 2000 3309 2071 qui
3355 1999 3518 2055 dubi-

1914 2093 2079 2148 tantis
2106 2092 2343 2146 animam
2379 2092 2588 2163 placida
2620 2090 2753 2146 fovit
2778 2092 3001 2147 lenitate
3025 2102 3333 2164 susceptam
3364 2093 3527 2163 Quis-

1911 2186 2031 2255 quis
2061 2184 2207 2240 enitu
2238 2183 2396 2239 dolos
2443 2183 2673 2239 artificis
2708 2198 2852 2239 orca
2905 2184 3007 2239 sub
3040 2185 3276 2254 imagine
3311 2185 3523 2242 fraudis

1912 2285 2153 2348 exercet,
2173 2293 2450 2348 vanasque
2481 2277 2731 2345 nebulas,
2764 2288 2818 2333 et
2840 2278 3041 2348 figuras
3072 2279 3141 2334 ad
3173 2280 3524 2351 decipiendus

1910 2371 2136 2428 instruit
2159 2381 2379 2427 mentes
2402 2372 2674 2436 int-aulas,
2712 2386 2819 2426 non
2852 2373 2994 2439 vult,
3027 2389 3119 2428 sua
3154 2375 3287 2429 facta
3323 2391 3528 2444 cogno-

1910 2469 2013 2537 sci,
2047 2467 2189 2540 quod
2220 2467 2387 2522 lateat
2432 2466 2536 2522 sub
2581 2464 2740 2521 nubis
2770 2466 3088 2523 velamento
3128 2467 3362 2535 fallacis,
3395 2484 3527 2524 ocu-

1911 2562 2103 2631 losque
2133 2560 2455 2630 compositis
2510 2561 2747 2615 miseros
2778 2560 3089 2615 simulacris
3121 2561 3378 2629 illudens,
3406 2562 3523 2618 odit

1910 2655 2200 2725 sollicitos,
2234 2655 2282 2710 si
2327 2652 2675 2726 deprehendi
2699 2655 2949 2725 coeperit,
2985 2663 3041 2709 et
3091 2655 3301 2710 amicos
3327 2653 3378 2708 ι).
3410 2654 3520 2712 Do-

1695 2793 2011 2855 SCHOLIA.

271 2903 491 2989 εἶδε-1η
518 2906 656 2979 Reg.
691 2908 744 2989 _l,
770 2918 827 2989 et
848 2907 960 2967 Ott.
989 2914 1043 2989 1,
1075 2927 1175 2982 pro
1197 2915 1503 2984 apostolicae
1528 2914 1798 2989 prinsfuit
1825 2916 1871 2980 C
1903 2915 2084 2989 etiam
2109 2914 2370 2985 scriptum
2404 2915 2582 2989 fuisse
2620 2914 2858 2989 in_Reg.
2887 2915 2946 2970 2.
2978 2916 3345 2989 (Ζοιτροιίογίιι
3380 2917 3514 2989 Reg.

201 2979 527 3047 apostolica,
559 2980 705 3047 quod
732 2982 950 3039 videtur
972 2979 1137 3040 etiam
1165 2979 1288 3041 esse
1320 2988 1372 3041 in
1420 2979 1546 3042 meo
1585 2987 1792 3043 codice.

200 3048 305 3107 Sed
339 3065 466 3106 vera
494 3052 658 3106 lectio
688 3064 771 3108 est
794 3058 1123 3114 apostolica.
1155 3067 1216 3113 ut
1241 3073 1304 3113 ex
1335 3059 1688 3114 sentientibus
1733 3060 1792 3113 li-

1108 3098 1123 3121 .
1155 3076 1216 3113 ιιι
1241 3076 1304 3113 ΘΧ
1335 3076 1688 3121 εεαωεηιιυιιε
1733 3076 1798 3113 ιι-

201 3073 305 3107 Deu
339 3073 466 3106 vera
494 3073 658 3106 teuto
688 3073 771 3108 eat
794 3073 1123 3127 apostolica},
1155 3073 1216 3113 υι
1241 3073 1304 3113 ex
1335 3073 1688 3130 sequentibus
1733 3073 1796 3113 ll-

201 3132 349 3192 quet.
384 3122 583 3203 Parr_b.
614 3125 830 3181 scbeda:
854 3127 1065 3183 Puelm.
1095 3145 1201 3185 non
1249 3130 1390 3185 male
1440 3140 1667 3185 necasset
1698 3146 1796 3203 pro

200 3203 457 3263 negasset.
500 3195 579 3250 Ex
611 3211 769 3279 prosa
816 3214 951 3255 veto
1000 3217 1135 3269 stupe
1185 3212 1457 3274 negaverat
1499 3195 1795 3274 colligitur,

200 3280 383 3343 vezzitn
416 3280 539 3343 esse
579 3280 932 3335 scripturam,
960 3282 1218 3343 negasset.

429 3338 557 3416 biss.
587 3355 780 3416 omnes
808 3346 1004 3416 ucstri,
1026 3336 1171 3416 'Ang.
1204 3346 1353 3416 Allu,
1386 3346 1610 3409 Parth...
1642 3344 1796 3414 Ald.,

199 3418 253 3466 et
279 3407 373 3464 alii
394 3410 551 3484 editi,
581 3407 724 3484 Pace
748 3414 1025 3469 salutantis
1045 3407 1154 3471 sese
1183 3407 1383 3480 intulit,
1412 3422 1554 3484 quod
1587 3407 1799 3475 Grnne;

199 3496 312 3539 tus.
363 3490 421 3537 et
464 3482 793 3562 Arntzenius
832 3489 1258 3562 amplectuntur.
1321 3482 1658 3562 MsiLispst.
1688 3502 1742 3546 et
1768 3505 1799 3545 a

199 3568 309 3609 sec.
334 3568 411 3628 tn.
437 3569 547 3607 nun
570 3557 778 3628 recenti
806 3559 949 3611 Alm.
981 3561 1245 3624 salutatis,
1268 3561 1411 3628 quod
1448 3557 1593 3617 tenui
1620 3561 1798 3617 Cella-

200 3630 335 3680 rius.
358 3625 578 3692 Arum,
606 3624 749 3682 Pace
776 3632 1048 3697 salutaris,
1083 3647 1110 3683 a
1145 3646 1258 3685 sec.
1286 3624 1361 3685 in.
1390 3630 1507 3687 Pax
1552 3633 1801 3687 salutaris

201 3706 389 3773 «intra
422 3706 682 3773 metrum.
717 3699 1007 3768 Arntzen.,
1038 3700 1197 3757 Cant.
1228 3701 1412 3756 obtulit
1462 3719 1562 3773 pro
1598 3703 1800 3769 intulit,

202 3769 333 3845 satis
362 3772 697 3845 cotuutodeL
726 3774 1023 3845 Arntz‘vnio
1075 3790 1183 3829 non
1237 3769 1582 3845 displicebat,
1628 3790 1804 3845 neque

200 3840 334 3897 mibi
366 3839 625 3909 displicet
654 3840 795 3898 Pace
820 3841 1064 3899 salutatis
1083 3862 1190 3900 sese
1211 3839 1414 3899 obtulit.
1442 3845 1499 3900 ln
1530 3839 1804 3900 nonnullis

209 3911 372 3967 editis
391 3913 530 3988 ordo
551 3913 623 3988 ita
665 3913 976 3988 invenitur,
1011 3925 1073 3971 ut
1099 3916 1248 3988 prius
1298 3931 1533 3987 ponatur
1559 3934 1614 3971 v.
1641 3916 1801 3987 Pace,

200 3991 310 4039 tum
336 4001 389 4038 v.
415 3982 546 4039 Cum
573 3984 795 4053 foribus.

268 4056 394 4112 578.
441 4054 577 4130 Reg.
609 4057 663 4130 l_,
695 4060 749 4123 5,
779 4059 833 4126 5,
877 4058 1025 4114 Valt.
1074 4058 1128 4126 1,
1173 4059 1232 4127 2,
1262 4058 1424 4126 Urb.,
1454 4058 1620 4130 Ang.,
1651 4060 1800 4130 Alb.,

199 4126 385 4202 Bom.,
423 4126 576 4194 Ald.,
604 4127 778 4202 0_t_t.ii
813 4145 881 4185 ex
909 4126 1270 4199 correctione,
1310 4126 1629 4202 Expedtens,
1658 4126 1803 4202 quod

197 4199 594 4275 interpretatur
622 4199 1016 4275 ANebrissensis
1052 4199 1644 4275 expeditasiostendens.
1677 4199 1801 4275 'Alii

198 4286 463 4347 mss.cum
483 4270 703 4347 Par_rl_1.,
727 4283 784 4329 et
806 4274 1083 4347 plerisque
1102 4270 1631 4347 editis,Expandens,
1656 4274 1801 4346 quod

200 4359 297 4414 pro
340 4344 525 4414 glussa
552 4341 771 4400 videtur
793 4341 915 4401 esse
939 4341 1008 4417 in'
1028 4346 1162 4417 Reg.
1192 4347 1245 4413 1,
1270 4341 1329 4402 et
1357 4341 1410 4402 iit
1440 4347 1547 4402 Ott.
1582 4341 1626 4401 1⁷
1651 4341 1804 4400 dele-

197 4425 309 4471 tum
341 4426 450 4472 est.
483 4418 696 4481 Arntz.,
742 4425 893 4486 atque
936 4416 1048 4471 ibi:
1079 4416 1323 4488 plerique
1365 4433 1497 4474 mss.
1545 4426 1603 4474 et
1646 4417 1805 4485 editi,

198 4496 278 4541 ast
307 4488 379 4542 ibi
408 4504 426 4542 :
455 4489 700 4559 nonnulli
732 4489 952 4559 vulgati,
987 4498 1067 4544 ast
1094 4489 1202 4544 ubi.

267 4559 398 4615 580.
443 4559 581 4628 Reg.
613 4556 668 4627 5,
703 4556 855 4631 Αιάξ,
884 4560 1158 4630 dubioque,
1196 4560 1405 4619 scilicet
1447 4560 1614 4618 corde
1642 4576 1656 4613 :
1687 4559 1802 4630 alii,

195 4631 528 4699 dubiamque.

266 4703 396 4760 582.
437 4702 629 4758 Arnlz.
677 4717 707 4757 a
748 4717 861 4760 sec.
900 4718 1016 4771 .m.,
1067 4704 1205 4759 erit:
1252 4702 1395 4762 bene
1442 4712 1527 4760 est
1555 4712 1662 4760 erat
1714 4719 1812 4775 pro

200 4780 369 4849 fuerat
394 4790 412 4829 :
441 4775 967 4849 namimperfeclum
996 4790 1098 4846 pro
1120 4776 1402 4847 plusquam
1434 4775 1680 4846 perfecto
1707 4776 1811 4849 ali-

195 4844 416 4972 quando
461 4844 766 4934 adhibetur.
802 4846 909 4931 Hic.
942 4844 1233 4932 versu—.et.
1254 4844 1405 4919 seqq.
1436 4844 1613 4931 usque
1655 4847 1725 4901 ad
1754 4864 1807 4902 v.

248 4929 367 4972 acta
391 4919 735 4972 redemptoris
763 4917 878 4972 fere
895 4935 952 4972 tn
978 4919 1087 4972 [ine
1110 4919 1235 4972 libri
1263 4920 1461 4972 desunt
1486 4935 1543 4972 in
1564 4932 1691 4972 meo
1716 4932 1807 4972 co-

248 4929 367 4974 acta
391 4919 735 4986 redemptoris
763 4917 878 4974 fere
895 4919 952 4975 in
978 4919 1087 4974 [ine
1110 4919 1235 4975 libri
1263 4917 1461 4976 desunt
1486 4917 1543 4974 in
1564 4932 1691 4975 meo
1716 4932 1811 4975 co-

196 4991 342 5056 dice,
373 4990 569 5045 avuISu
598 5005 709 5045 uno
741 4989 889 5044 folio.

265 5063 395 5120 584.
439 5061 575 5132 Reg.
609 5060 662 5130 5,
694 5061 843 5126 Ald.,
877 5060 1163 5133 Discipulis
1186 5079 1206 5130 ;
1232 5062 1410 5118 minus
1441 5062 1603 5120 bene.

266 5136 396 5192 585.
440 5132 638 5208 Rom,
691 5132 1195 5207 patientem;'lege.
1253 5136 1525 5208 patienter.
1582 5134 1695 5190 Ott.
1748 5135 1807 5203 2,

194 5206 372 5278 Lips,
399 5205 577 5278 Alm.1
602 5204 789 5260 Arntz.
813 5220 844 5260 a
877 5222 959 5277 pr.
988 5222 1093 5278 rm.,
1115 5204 1364 5276 quantam
1386 5209 1654 5263 editiones
1682 5222 1807 5262 cum

194 5275 330 5351 Reg.
366 5280 423 5346 1,
455 5279 510 5348 5,
542 5275 655 5332 Ott.
686 5280 737 5347 1,
771 5275 938 5350 Aug),
967 5275 1391 5348 Alb.,’labentis,
1421 5278 1566 5350 quod
1595 5279 1809 5335 videtur

267 5426 294 5456 α
321 5415 646 5473 (lallandius
672 5414 946 5474 comaliis
968 5414 1127 5472 editis
1148 5416 1468 5473 violentiam.
1491 5415 1794 5474 Bibliothe-

197 5504 256 5547 ca
280 5489 504 5546 Patrum
531 5488 856 5544 Parisien~is
884 5488 1048 5558 1589,
1072 5487 1370 5559 violentam,
1403 5491 1546 5559 quod
1602 5504 1795 5545 sensus

199 5562 476 5630 exposcit.
524 5560 709 5615 Malim
768 5564 931 5617 etiam
990 5560 1174 5632 clausi,
1217 5576 1334 5632 Anon
1389 5562 1602 5631 clausis,
1656 5560 1799 5632 quod

274 5647 547 5690 stremnm
584 5641 766 5688 tamen
791 5647 981 5687 omnes
1021 5630 1230 5701 vulgati
1258 5632 1580 5701 praeferunt.
1611 5630 1807 5690 Pustea

222 5705 459 5761 audatur
488 5703 761 5760 sententia
784 5719 848 5760 ex
880 5703 1071 5773 psalm.
1105 5718 1157 5767 L,
1192 5718 1339 5758 vers.
1384 5703 1475 5759 19.

269 5777 295 5818 1³
336 5777 395 5833 ln
445 5776 704 5834 omnibus
732 5774 890 5832 editis
920 5777 1180 5845 scriptum
1211 5782 1297 5831 est
1336 5784 1383 5830 et
1424 5776 1659 5833 amictos.
1692 5775 1809 5834 Vox

609 5868 925 5950 Parnm”;
944 5863 1122 5932 XIX.

1828 4309 1884 4372 D

1902 2986 1938 3042 5
1967 2994 2026 3042 et
2049 2986 2162 3041 Ott.
2198 2989 2223 3042 1
2259 2997 2363 3049 est,
2394 2988 2638 3042 labantis.
2688 2986 2797 3043 Lex
2826 2989 2987 3059 pedia
3021 2989 3207 3059 exigit,
3257 2986 3520 3054 labantis;

1904 3059 2000 3114 sed
2038 3059 2178 3131 apud
2208 3061 2346 3113 alios
2371 3061 2534 3131 etiam
2566 3071 2759 3131 poetas
2788 3058 3130 3131 cliti-tiauus
3162 3062 3431 3115 interdum
3468 3063 3523 3116 in

1905 3145 2069 3197 mss.,
2100 3130 2279 3185 labans
2312 3132 2362 3184 in
2388 3129 2979 3186 labensvcotumulalor.
3011 3130 3123 3185 lloc
3150 3132 3269 3186 loco
3299 3145 3524 3187 seruen-

1907 3203 1991 3273 tizt-
2016 3202 2184 3271 magi~
2205 3203 2455 3273 congruit
2482 3202 2722 3257 laboratis.
2758 3202 3017 3268 Vet.1,2,
3045 3201 3214 3268 Motu,
3243 3202 3521 3272 labantem,

1902 3272 2097 3329 Colon.
2131 3273 2287 3341 edit.,
2322 3289 2511 3329 errore
2543 3290 2716 3343 nuper
2744 3276 3022 3343 expOsilo,
3060 3276 3335 3329 labentem.

1975 3346 2099 3401 586.
2145 3344 2332 3409 Rom...
2363 3346 2463 3412 ﬁt;
2492 3349 2691 3409 retine,
2721 3348 2808 3400 sit.

1976 3418 2105 3473 587.
2144 3418 2291 3472 Ordo
2342 3418 2535 3471 borum
2593 3432 2846 3472 versuum
2901 3431 3235 3488 prmpostere
3276 3419 3327 3474 itt
3377 3418 3520 3474 Bibl.

1903 3487 2077 3560 Lugd.
2112 3490 2420 3544 invertitur.
2455 3488 2613 3554 Urb.,
2636 3489 2798 3545 Rom.
2822 3487 3069 3560 Quisquis
3094 3493 3313 3560 artiﬁcis
3336 3507 3354 3545 :
3380 3492 3523 3545 desi-

1905 3561 2130 3635 deratur
2161 3563 2316 3635 enim.
2348 3562 2464 3635 ou.
2493 3563 2546 3617 1.
2581 3561 2717 3635 Brg.
2748 3564 2803 3627 5,
2832 3564 2958 3617 Alh.
2993 3563 3238 3635 Quisquis
3268 3565 3405 3617 enim
3432 3578 3523 3615 ar-

1910 3632 2087 3702 tiﬁcis,
2119 3633 2215 3687 sed
2252 3634 2303 3686 in
2335 3634 2450 3688 Ott.
2474 3634 2820 3688 emendatum
2864 3648 2960 3699 per
2989 3632 3218 3701 arti/ires
3261 3636 3404 3704 quod
3435 3650 3521 3687 re-

1907 3716 2056 3757 etum
2089 3713 2175 3757 est
2226 3703 2526 3771 adjective,
2560 3706 2776 3774 scilicet
2796 3704 3021 3773 artiﬁces
3056 3703 3289 3774 fraudes;
3340 3706 3524 3759 Corri-

1907 3775 2098 3844 genda:
2129 3789 2260 3843 ergo
2289 3786 2417 3829 sunt
2441 3775 2708 3829 editiones
2737 3773 2948 3844 Vettii,
2982 3773 3135 3844 2,7in
3168 3778 3363 3843 quibus
3394 3776 3526 3844 legi-

1911 3843 1996 3916 tur
2025 3847 2269 3916 fraudis;
2303 3862 2479 3916 neque
2507 3845 2811 3900 audiendus
2856 3843 3248 3913 Wopkcusins,
3282 3846 3372 3911 qui
3407 3843 3521 3899 tua-

1910 3914 2054 3988 lebat
2086 3916 2277 3988 artifici
2304 3914 2468 3972 caecas
2489 3916 2579 3970 sub
2607 3916 2831 3988 imagine
2856 3916 3094 3984 fraudes,
3121 3918 3521 3988 refragantibus

1913 3986 2072 4044 libris
2108 3987 2372 4059 antiquis,
2418 3996 2474 4043 et
2519 3986 3000 4059 prosa.i'lietineri
3053 3987 3257 4059 poterit
3301 3988 3521 4055 artiﬁcis

1907 4059 2136 4130 fraudis,
2163 4061 2212 4130 si
2244 4057 2582 4114 accusativus
2604 4058 2755 4113 verbi
2785 4058 2993 4130 instruit
3022 4057 3093 4110 sit
3120 4058 3336 4128 ﬁguras.

1982 4131 2109 4186 588.
2151 4129 2307 4185 Rom.
2338 4130 2577 4185 Instituit
2602 4139 2651 4184 et
2675 4144 2693 4183 :
2721 4128 2930 4184 resistit
2958 4136 3215 4198 metrum,
3245 4138 3301 4184 et
3341 4128 3523 4199 aptius

1908 4204 2131 4257 verbum
2159 4212 2263 4266 est,
2292 4199 2533 4256 Instruit.

1981 4274 2107 4330 589.
2149 4274 2306 4347 Cant.
2338 4273 2598 4347 cognosci,
2627 4270 2771 4342 quod
2803 4270 2944 4327 idem
2978 4272 3206 4347 verbum
3249 4280 3434 4328 exstat
3459 4273 3514 4328 in

1909 4360 2096 4419 prosa,
2123 4356 2179 4401 et
2203 4343 2453 4428 placebat
2491 4343 2779 4401 Grunero:
2806 4343 2989 4399 caeteri
3020 4360 3214 4401 omnes
3259 4355 3517 4401 constant.
3616 4394 3623 4403 .

1910 4430 2017 4480 ter.
2047 4432 2278 4480 ααηοεοι.
2292 4440 2301 4443 “

1988 4436 2340 4554 έῶᾳηῗέἕζιη
2372 4486 2505 4545 Urb.
2552 4486 2888 4543 redundans:
2936 4487 3080 4545 idem
3112 4490 3213 4545 fuit
3261 4490 3517 4546 mendum

1917 4561 1971 4618 in
2003 4562 2126 4616 aliis
2155 4574 2317 4628 mss.,
2351 4560 2405 4615 in
2427 4561 2623 4630 quibus
2643 4573 2952 4615 correctum
2980 4574 3200 4631 apparet
3229 4563 3517 4617 recludens.

1917 4631 2181 4689 Cellarius
2212 4631 2521 4701 suspicatur
2546 4632 2829 4687 recondens
2852 4648 2871 4687 :
2891 4630 3105 4687 facilius
3132 4649 3199 4689 ex
3228 4649 3416 4689 errore
3443 4651 3524 4689 re-

1919 4703 2151 4760 dundans
2172 4702 2367 4773 conjici
2394 4714 2580 4774 posset
2603 4704 2881 4776 refundens
2904 4721 2922 4757 :
2951 4706 3045 4760 sed
3068 4705 3273 4760 recludo
3296 4723 3402 4760 non
3432 4721 3523 4760 so-

1920 4776 2032 4832 lum
2055 4777 2326 4846 signiﬁcat
2353 4777 2560 4846 aperio,
2586 4779 2682 4831 sed
2711 4776 2873 4832 etiam
2902 4779 3232 4832 contrariqu
3257 4777 3519 4844 recondo,

1921 4845 2155 4903 claudo:
2189 4858 2243 4902 et
2266 4847 2318 4901 in
2347 4845 2533 4902 Arntz.
2557 4848 2732 4916 glossa
2760 4856 2846 4902 est
2869 4848 3139 4903 recludens
3162 4878 3232 4890 —
3253 4847 3523 4903 claudens.

1918 4918 2082 4993 Plura
2112 4933 2236 4993 esse
2268 4917 2578 4993 huiusmodi
2611 4919 3188 4993 verbaprafpositinne
3218 4937 3274 4973 re
3301 4932 3525 4993 compo-

1917 4990 2022 5046 sita
2054 5004 2175 5060 qua:
2195 4988 2409 5045 duabus
2430 4988 2725 5046 contrariis
2752 4988 3243 5060 significationibus
3263 4992 3522 5060 gaudent,

1916 5063 2277 5133 exploratum
2294 5068 2398 5115 est.

1989 5131 2114 5190 391.
2160 5134 2215 5190 In
2243 5131 2354 5187 Ott.
2384 5134 2437 5203 1,
2469 5147 2539 5188 ex
2564 5133 2838 5189 simulatus
2862 5143 3169 5191 correctum
3200 5142 3280 5186 est
3307 5131 3525 5186 simula—

1915 5216 1996 5261 tor
2018 5223 2037 5262 :
2065 5222 2186 5278 qua:
2207 5206 2442 5279 genuina
2467 5212 2554 5261 est
2578 5206 2762 5275 lectio,
2785 5207 3032 5279 quamvis
3051 5206 3221 5260 altera
3247 5218 3357 5259 non
3380 5214 3528 5261 esset

1914 5278 2333 5335 contemnenda.

1898 5413 2032 5472 mihi
2059 5422 2335 5485 suspecta,
2366 5411 2910 5483 inquitGallandius.
2939 5411 3138 5480 Quidni
3162 5411 3373 5485 'l_Atqui
3408 5412 3522 5485 cla-

1900 5503 1986 5554 ra,
2032 5497 2086 5543 et
2113 5483 2266 5542 certa
2296 5493 2382 5540 est
2422 5489 2695 5542 correctio
2738 5501 2802 5541 ex
2835 5487 3084 5540 carmine
3126 5483 3384 5539 sollicitos
3415 5484 3528 5538 odit

1902 5557 2180 5616 simulator
2206 5559 2425 5612 amicos.
2458 5558 2627 5613 Prosa
2680 5557 2830 5611 addit
2856 5567 2927 5623 et,
2962 5555 3174 5612 Scilich
3199 5556 3314 5609 odit
3355 5559 3524 5610 etiam

1907 5633 2116 5688 amicos
2162 5630 2449 5685 sollicitos.
2483 5629 2654 5685 Paulo
2698 5636 2819 5697 post
2870 5628 3124 5684 tuendum
3171 5638 3292 5683 erat
3322 5628 3373 5681 in
3408 5638 3518 5684 vet.

1910 5703 2035 5759 cod.
2061 5701 2333 5756 dubitandi
2359 5717 2456 5773 pro
2477 5700 2767 5773 dubitanti,
2783 5711 2839 5773 et
2863 5702 3085 5773 abigenti
3107 5715 3205 5771 pro
3222 5698 3521 5770 ambigenti.

1916 5775 2153 5833 Medicas
2184 5788 2377 5831 manus
2396 5772 2618 5830 Juretus
2648 5772 2916 5828 adhibuit.

2884 5863 2963 5926 Ωιι
