4038 6312
212 328 309 385 757

408 441 511 511 Qui
540 438 822 500 Christum
854 441 1126 515 reprobus
1147 485 1164 512 ,
1190 459 1259 500 en
1293 442 1432 516 lapis
1456 444 1715 518 irrigans.

341 536 597 607 Carpitur
626 534 756 610 igne
787 550 945 594 sacro
974 550 1195 606 munus,
1220 547 1518 612 votumque
1548 542 1759 612 piorum
1783 582 1799 609 ,

408 633 572 709 365
595 634 869 690 Seditiosa
895 633 1075 690 tribus
1106 635 1345 703 carpitur
1375 634 1503 708 igne
1527 650 1707 693 sacro.

345 733 528 803 Regna
557 730 718 786 beata
747 726 927 785 Patris
960 726 1099 802 legis
1130 744 1240 785 non
1271 731 1499 803 contigit
1528 730 1728 797 haeres,

248 827 313 883 40
416 823 576 879 Jesns
606 820 892 894 dispensat
922 836 1091 894 regna
1122 820 1278 879 beata
1313 818 1514 880 Patris.

346 916 594 974 Destruit
618 930 747 974 arca
778 914 903 985 Dei,
939 930 1126 973 muros
1153 915 1283 972 dum
1316 916 1535 988 circuit,
1558 912 1799 989 hostem,

413 1008 507 1069 Sic
535 1009 753 1068 hostem
787 1009 979 1068 mundi
1004 1010 1245 1067 destruit
1272 1024 1400 1068 arca
1425 1010 1544 1067 Dei.

344 1104 485 1160 Area
504 1102 686 1160 vellus
708 1102 896 1171 habet,
922 1101 1144 1161 madido
1165 1105 1263 1160 sed
1292 1105 1501 1162 vellere
1525 1106 1671 1163 sicca
1691 1114 1798 1173 est,

416 1196 637 1254 Siccnm
666 1204 780 1252 tota
810 1197 1043 1255 madens
1072 1212 1201 1254 area
1225 1197 1403 1254 vellus
1435 1198 1620 1256 habet.

248 1292 314 1352 45
351 1290 539 1351 Vincis
567 1291 779 1348 honore
816 1291 910 1348 Dei
941 1292 1217 1365 promisso
1242 1291 1301 1347 in
1336 1306 1562 1351 munere
1586 1303 1800 1367 gentes,

415 1383 684 1441 Mectum
714 1395 855 1441 natat
883 1382 1061 1441 vincis
1088 1382 1301 1441 honore
1326 1384 1445 1443 Dei.

349 1478 430 1534 ’l‘n
460 1476 632 1533 decus
661 1490 828 1534 omne
858 1478 988 1545 tuis,
1022 1476 1115 1548 qui
1143 1477 1347 1533 sternis
1373 1475 1525 1534 crede
1551 1474 1799 1545 Goliam;

425 1569 535 1639 Qui
560 1569 739 1626 vincis
762 1566 1044 1636 mundum,
1079 1578 1134 1625 tu
1162 1564 1333 1625 decus
1361 1581 1525 1627 omne
1552 1568 1681 1627 tuis.

347 1664 583 1723 Maxima
614 1662 763 1719 dona
790 1662 891 1719 Dei
919 1660 1104 1720 cuncti
1128 1662 1384 1722 cecinere
1415 1660 1716 1738 prophetae,

246 1760 310 1817 50
412 1758 673 1830 Implevit
701 1756 954 1815 Christus
986 1758 1225 1815 maxima
1252 1757 1397 1816 dona
1422 1756 1541 1817 Dei.

345 1853 597 1911 Pondere
625 1852 759 1909 dura
794 1851 917 1909 tulit
940 1853 1255 1910 mandatum
1284 1854 1447 1927 legis,
1481 1861 1537 1912 et
1567 1854 1726 1923 iram,

382 1956 387 1962 '
412 1947 601 2005 Gratia
629 1946 871 2004 mandati
895 1944 1139 2020 pondera
1167 1946 1301 2006 dura
1330 1948 1472 2006 tulit.

342 2045 509 2118 366
524 2043 691 2116 Virgo
712 2041 880 2101 Maria
904 2045 1063 2113 nitet,
1080 2044 1230 2102 nullo
1248 2053 1551 2104 temerante
1565 2046 1794 2119 pudore,

417 2138 550 2194 Post
575 2146 790 2209 partum
822 2139 977 2210 pueri
1002 2139 1158 2211 virgo
1188 2139 1354 2195 Maria
1384 2140 1541 2196 nitet.

1697 291 1975 391 meum.

1830 1848 1878 1913 B

3398 350 3506 405 758

1826 449 1886 511 Α
1942 449 2015 506 55
2055 451 2231 509 Filius
2262 450 2354 511 hic
2383 457 2623 514 hominis
2655 459 2716 516 tit
2752 464 2985 520 maxima
3013 465 3254 537 quaestio
3292 468 3507 535 mundi,

2118 542 2414 605 Nobiscum
2446 551 2592 608 Dens
2621 563 2703 610 est
2734 555 2879 613 tilins
2906 556 2996 614 hic
3020 557 3284 616 hominis.

2044 642 2253 701 Gaudia
2284 662 2476 718 magna
2508 648 2609 705 Dei
2638 652 2877 709 mundus
2907 655 3177 726 percepit,
3221 665 3279 713 et
3304 656 3504 725 ambit.

2126 737 2373 809 Respuit,
2402 739 2536 798 heul
2570 743 2806 801 mundus
2831 746 3027 824 gaudia
3051 762 3247 820 magna
3274 749 3394 806 Dei.

2045 828 2210 900 Signa
2242 841 2461 888 movent
2485 835 2737 905 populos,
2769 846 3002 894 cernunt
3028 840 3303 911 magnalia
3326 841 3481 909 caeci,

1939 924 2011 982 60
2116 924 2276 983 Nulla
2305 937 2488 984 tamen
2517 928 2685 987 duros
2709 930 2865 1000 signa
2895 943 3120 989 movent
3146 936 3404 1006 populos.

2049 1021 2256 1091 Aspera
2292 1034 2442 1077 mors
2473 1021 2687 1092 p0pulis
2718 1023 2865 1094 ligno
2894 1024 3125 1081 deducta
3153 1029 3416 1097 cucurrit,

2122 1112 2388 1171 Aufertur
2414 1114 2563 1186 ligno
2592 1130 2789 1187 aspera
2820 1132 2973 1175 mors
3002 1120 3240 1191 populis.

2048 1204 2171 1277 ipse
2202 1207 2326 1263 tulit
2356 1206 2619 1264 Dominus
2644 1223 2746 1280 pro
2773 1211 2949 1281 poenis
2982 1227 3207 1269 munera
3231 1216 3430 1282 servis,

2116 1296 2233 1355 Pro
2261 1299 2438 1356 servis
2468 1314 2659 1371 pinnas
2685 1300 2801 1371 ipse
2834 1302 2962 1358 tulit
2991 1303 3273 1361 Dominus.

1942 1387 2011 1448 65
2047 1389 2171 1447 Vita
2200 1389 2357 1449 beata
2387 1406 2576 1448 necem
2603 1394 2821 1452 miseris
2848 1405 3107 1454 avertere
3137 1398 3311 1467 venit,

2115 1480 2347 1541 Pertulit
2376 1498 2408 1540 a
2436 1484 2657 1542 miseris
2681 1485 2793 1543 vita
2820 1486 2982 1544 beata
3012 1504 3234 1547 necem.

2047 1576 2481 1649 Lumerﬁadesse
2504 1577 2624 1648 Dei,
2650 1581 2925 1650 persensit
2952 1590 3191 1640 tartarus
3214 1584 3430 1657 ingens.

2153 1668 2314 1745 367
2340 1671 2453 1729 Nec
2499 1682 2734 1728 cernunt
2782 1671 3055 1744 homines,
3100 1677 3285 1735 lumen
3316 1677 3516 1736 adesse

3267 1771 3418 1846 [Dei.

2046 1858 2190 1917 Mors
2218 1857 2335 1916 tera
2357 1872 2455 1930 per
2485 1857 2764 1917 hominem
2793 1860 3056 1918 miserum
3108 1862 3217 1921 sibi
3262 1864 3508 1924 subdidit

3188 1954 3429 2029 [orbem,

1906 2047 1975 2103 70
2120 2044 2345 2102 Subdita
2377 2046 2687 2119 congemuit
2710 2061 2859 2104 mors
2880 2046 2995 2104 fera
3012 2063 3110 2120 per
3132 2048 3432 2109 hominem.

2049 2139 2293 2196 Snscitat
2321 2153 2450 2196 ecce
2503 2154 2679 2211 genus
2724 2140 2889 2197 morti
2920 2149 3078 2211 pater
3099 2141 3195 2200 ille
3217 2143 3503 2216 profanus,

1695 2256 2015 2318 SOHOLIA.

273 2368 363 2430 56.
404 2367 586 2444 Meus,
607 2367 775 2444 Ang.,
798 2386 925 2444 non
956 2369 1097 2427 male
1124 2412 1149 2444 ,_
1175 2368 1314 2440 Quid
1337 2368 1602 2428 Christum
1620 2388 1803 2444 repro.

209 2444 339 2501 bas?
366 2443 514 2509 Alii,
550 2441 652 2510 Qui
680 2441 944 2499 Christum
979 2442 1243 2515 reprobus,
1274 2459 1372 2514 pro
1400 2460 1508 2515 quo
1540 2445 1594 2500 in
1624 2441 1739 2501 Ott.
1770 2447 1799 2501 1

1983 2372 2075 2429 55.
2118 2370 2245 2427 Vat.
2273 2369 2333 2436 ε,
2364 2368 2551 2436 Rom.,
2589 2368 2725 2439 Reg.
2756 2369 2814 2435 5,
2846 2369 3006 2436 Urb.,
3038 2368 3189 2440 Ald.,
3239 2373 3391 2432 nullo
3433 2386 3509 2433 te-

1911 2453 2109 2517 merata
2138 2440 2358 2517 pudore.
2386 2440 2572 2496 Ottob.
2600 2440 2656 2505 Ω,
2688 2442 2859 2517 Meus,
2898 2441 3029 2517 εἴθε.
3064 2444 3119 2517 5,
3155 2449 3316 2517 ang”
3350 2442 3503 2517 Alh.,

211 2517 307 2573 [nit
332 2516 486 2590 prius
506 2514 744 2586 reprobis
773 2514 923 2571 nullo
956 2510 1142 2572 sensu.
1174 2510 1299 2572 Alb'.
1322 2556 1338 2583 ,
1368 2510 1520 2584 Quod
1541 2516 1805 2573 Christum
1915 2516 2048 2590 Vat.
2074 2510 2309 2590 l,'nutl_o
2334 2521 2620 2590 temerant:
2649 2514 2864 2582 pudore.
2896 2510 3031 2590 Reg.
3065 2516 3123 2580 2,
3150 2510 3268 2572 Οιιῖ
3294 2510 3349 2590 Ι,
3381 2510 3522 2575 cuni'

212 2587 477 2644 reprobus.

267 2607 556 2729 Ῑὲῗῗαᾶἒς.
583 2654 638 2725 5,
671 2656 794 2732 Alb.
821 2696 837 2723 ,
860 2656 995 2732 Ald.
1018 2700 1034 2723 ,
1067 2660 1299 2732 priorum
1318 2675 1336 2726 ,'
1368 2659 1421 2714 in
1452 2659 1587 2732 Reg.
1614 2659 1671 2726 ‘2.
1702 2661 1812 2731 pio-

220 2747 327 2787 rum
352 2748 371 2800 ;
399 2744 569 2800 supra
595 2769 612 2795 ,
646 2729 878 2802 priorum
904 2747 922 2796 ;
948 2728 1128 2800 glosSa
1151 2775 1167 2799 ,
1200 2728 1393 2802 Moysi,
1424 2741 1473 2787 et
1500 2728 1714 2798 Aaron,‘
1754 2731 1807 2786 in

220 2804 341 2861 Vat.
378 2802 432 2869 1,
480 2808 532 2874 et
580 2811 695 2856 vota
732 2801 929 2874 priora,
954 2812 1262 2858 correctum
1293 2801 1551 2874 priorum.
1583 2803 1806 2871 Verior,

223 2873 673 2959 communiorque
697 2873 1615 2959 scriptura‘votumquepiarum._cui
1646 2890 1818 2959 Oppo-

225 2950 365 3004 nitur
415 2945 664 3001 seditiosa
715 2944 899 3000 tribus.
949 2945 1216 3001 Cellarius
1262 2944 1315 3001 in
1366 2947 1628 3003 seditiosa
1669 2944 1816 3002 tribu

224 3020 472 3091 agnoscit
499 3016 663 3091 Core,
695 3015 903 3091 Dathan
934 3024 990 3091 et
1014 3016 1250 3091 Abiron;
1278 3018 1378 3091 sed
1400 3018 1508 3091 hos
1538 3036 1643 3074 non
1672 3020 1815 3089 ignis
1918 3015 2015 3075 Sed

1914 2587 2192 2659 plerisque
2215 2586 2401 2659 editis,
2427 2584 2573 2659 inuito
2601 2592 2879 2659 temeritate
2904 2584 3177 2659 pudorem.

1991 2660 2080 2715 55.
2108 2656 2378 2725 Quaestio,
2418 2658 2550 2726 quia
2582 2657 2795 2728 positus
2823 2656 2880 2728 in
2910 2657 3147 2728 signum,
3178 2659 3265 2714 cui
3294 2668 3512 2717 contra-

1920 2731 2155 2788 dicetur.
2185 2728 2428 2798 Consule
2466 2728 2567 2782 hac
2587 2727 2662 2783 de
2689 2727 2993 2798 quastione
3022 2737 3138 2784 not.
3164 2730 3232 2785 ad
3275 2731 3505 2789 Juvenc.

1916 2803 1955 2859 l.
1990 2819 2029 2863 ι.
2064 2815 2206 2858 vers.
2233 2800 2363 2871 246,
2394 2797 2551 2853 Dicta
2576 2800 2632 2853 in
2656 2797 2923 2871 centraria
2942 2801 3168 2871 signum.

1989 2874 2080 2929 57.
2120 2871 2260 2946 Cod.
2312 2869 2496 2946 cant.,
2543 2873 2756 2935 Amm,
2789 2866 3134 2946 _Atm.,'t_)u.
3179 2873 3234 2938 t,
3268 2866 3403 2946 Reg.
3452 2875 3508 2944 5,

1922 2944 2148 3019 percepit
2174 2959 2190 2998 :
2220 2943 2324 2999 hoc
2368 2944 2545 3019 ipsum
2577 2951 2755 3019 exstat
2787 2943 2841 2996 in
2871 2944 3087 2999 caeteris
3111 2945 3319 3019 gnoStris
3346 2943 3505 3019 mss,

2064 3014 2163 3086 per
2190 3014 2573 3086 compendium
2610 3015 2955 3080 litterarum;
3009 3024 3065 3071 et
3107 3014 3160 3070 in
3208 3017 3509 3084 nonnullis,

226 3085 572 3162 cnnsnmipsit
595 3131 621 3162 ,Α
637 3085 749 3162 Sed
764 3098 907 3162 terra
941 3087 1244 3162 absorbuit.
1278 3088 1660 3161 lnlelliguntnr
1686 3085 1819 3162 ergo
1917 3098 1976 3162 ut
2004 3091 2055 3143 in
2085 3088 2227 3162 Meo,
2259 3085 2440 3162 potius
2472 3085 2682 3162 videtur
2711 3087 3002 3162 legendum
3030 3089 3280 3157 prmeepit
3319 3100 3339 3144 :
3385 3100 3506 3159 quae

224 3164 326 3220 250
355 3156 504 3234 viri,
532 3156 653 3230 qui‘
673 3159 974 3234 offerebant
1001 3160 1285 3234 incensum
1310 3201 1327 3228 ,
1358 3171 1413 3218 et
1439 3156 1511 3217 avb
1534 3163 1657 3234 igne
1680 3156 1816 3219 coh-

1920 3160 2019 3216 fuit
2041 3156 2351 3231 conjectura
2376 3158 2519 3213 Petri
2537 3156 2856 3227 Burmanni,
2881 3156 2986 3231 hoc
3012 3156 3115 3225 est,
3138 3156 3228 3222 spe
3243 3156 3508 3231 praecepit.

226 3232 429 3303 sumpti
452 3229 582 3288 sunt
607 3275 621 3299 ,
652 3241 708 3288 et
752 3232 840 3288 alii
871 3232 1124 3289 similiter
1156 3232 1329 3289 “700
1372 3229 1778 3291 murmurantes
1801 3275 1819 3303 ,
1847 3239 1893 3301 C
1926 3232 1984 3288 ln
2016 3232 2147 3303 Reg.
2180 3230 2216 3284 2
2243 3239 2327 3303 est
2354 3231 2551 3303 accepit
2599 3238 2900 3303 tamquam,
2923 3230 3103 3303 glossa
3127 3272 3142 3298 ,
3192 3229 3279 3303 vel
3328 3229 3510 3303 potius

228 3308 316 3372 qui
364 3305 625 3362 incendio
666 3307 983 3374 perierunt,
1016 3316 1076 3361 ut
1105 3304 1336 3361 refertur
1371 3305 1594 3363 Numer.
1627 3324 1674 3361 c.
1707 3321 1816 3363 svr.

228 3377 414 3435 Nadab
446 3387 504 3434 et
531 3376 691 3447 Abin,
713 3376 803 3432 lilii
836 3376 1038 3447 Aaron,
1071 3377 1378 3447 consumpti
1407 3377 1569 3433 etiam
1600 3379 1823 3435 inerunt

228 3450 351 3521 igne
372 3447 732 3521 ctelesti.Sed
759 3463 865 3502 non
896 3446 1109 3503 videtur
1136 3446 1505 3519 congruenter
1527 3451 1593 3508 de
1619 3451 1705 3507 his
1733 3465 1822 3506 so-

229 3520 336 3578 lum
369 3521 584 3576 duobus
616 3520 725 3576 dici
752 3520 999 3575 seditiosa
1028 3522 1209 3576 tribus.

298 3593 390 3650 59.
441 3590 623 3647 (iteres
663 3591 801 3662 legis
821 3632 836 3659 ,
866 3594 966 3647 nisi
1015 3608 1081 3648 ex
1110 3591 1429 3662 cotijectura
1462 3592 1617 3648 malis
1647 3594 1818 3661 heros,

232 3665 447 3721 videtur
494 3678 616 3719 esse
645 3660 880 3734 Moyses,
916 3665 1006 3734 qui
1059 3660 1262 3718 terrain
1316 3664 1696 3734 promissionis
1743 3660 1826 3720 ilio

228 3753 460 3810 gressus
507 3750 613 3810 non
645 3732 760 3810 fuit.
795 3732 988 3810 Glossa
1022 3736 1073 3790 in
1109 3736 1242 3810 lieg.
1272 3732 1575 3810 2:_Nultus
1598 3751 1662 3790 ea:
1688 3735 1821 3803 illis,

230 3806 319 3881 qui
347 3808 538 3881 egressi
579 3812 699 3862 sunt
726 3807 789 3881 de
812 3806 1084 3881 gEgypto,
1116 3806 1325 3861 intravit
1347 3807 1401 3861 in
1431 3814 1619 3861 terram
1646 3822 1827 3876 repro-

232 3876 494 3937 missibnis
518 3887 701 3951 prayer
727 3876 944 3951 Caleplt}
965 3876 1023 3933 et
1047 3876 1230 3951 osue.

303 3952 395 4008 40.
441 3947 865 4017 Αιᾶ.,61ινὶδῑαιξ
892 3949 1004 4015 alii,
1030 3949 1204 4005 Iesus.

304 4022 685 4081 4i..Nonnnlli
708 4022 906 4091 Vttlgnti
935 4021 1118 4086 hostis,
1149 4019 1367 4077 scilicet
1386 4019 1619 4077 destruit
1643 4034 1830 4075 muros

238 4096 438 4164 lioSIis,
470 4096 597 4150 dum
628 4094 828 4149 circuit
857 4108 975 4148 eos.
1009 4091 1618 4164 Mss.,cum_plerisqne
1644 4092 1826 4164 editis,

238 4162 463 4223 hostem.
510 4167 838 4237 Arnlzenius
880 4163 1247 4237 interpungit,
1301 4162 1541 4221 Destruit
1581 4180 1704 4221 arca
1733 4162 1833 4237 Dei

242 4257 442 4305 muros,
490 4237 615 4293 dum
659 4235 841 4293 circuit
872 4237 1102 4308 hostem,
1134 4235 1229 4293 sed
1260 4251 1326 4293 ex
1358 4244 1702 4308 pentametro
1725 4236 1829 4308 alia

240 4310 525 4367 distinctio
569 4316 652 4364 est
679 4307 1014 4377 praeferenda
1054 4326 1065 4363 :
1108 4323 1174 4363 ac
1204 4307 1400 4364 revera
1429 4324 1553 4365 arca
1583 4307 1836 4364 circuivit

237 4399 427 4439 muros
456 4381 657 4448 Jerico,
694 4390 748 4435 nt
779 4390 991 4436 constat
1022 4396 1088 4436 ex
1116 4381 1284 4437 Josne
1316 4396 1436 4450 cap.
1472 4396 1546 4435 vr.

312 4456 403 4511 42.
434 4453 617 4520 Cant.,
636 4451 815 4507 mundi
833 4463 879 4506 et
902 4450 1150 4520 destruit;
1169 4449 1404 4507 abundat
1425 4449 1737 4521 conjnnolio
1757 4458 1834 4507 et.

313 4525 407 4583 45.
443 4524 666 4597 Signum
695 4522 939 4597 Gedeoni
964 4523 1185 4597 datum,
1219 4523 1455 4597 primum
1476 4524 1674 4597 _vellus
1719 4535 1838 4577 ma-

240 4594 670 4725 gidumjitgarea
699 4595 863 4663 sicca,
896 4607 1005 4651 tum
1036 4594 1215 4650 vellus
1241 4596 1444 4651 siccum
1473 4595 1526 4650 in
1557 4610 1684 4651 area
1711 4608 1830 4650 ma-

279 4688 389 4725 u.a.
459 4685 488 4724 n
534 4683 603 4723 te.
633 4683 711 4722 vr.

240 4672 389 4726 ditia.
422 4670 603 4725 Jndic.
633 4683 711 4722 vr.

315 4742 408 4799 45.
453 4740 623 4795 Docta
650 4753 839 4794 manus
864 4736 918 4792 in
946 4752 1114 4809 marg.
1141 4734 1228 4809 ed.
1254 4737 1401 4793 Mon.
1424 4737 1640 4809 volebat
1662 4752 1838 4809 antore

244 4815 369 4882 Dei,
404 4823 462 4869 nt
492 4811 546 4867 in
575 4818 917 4881 pentainctro
965 4807 1164 4882 alicubi
1212 4807 1435 4882 legitur.
1471 4807 1839 4882 Wopkensius

241 4878 461 4943 videtur
506 4878 790 4954 utrobique
847 4879 1091 4954 voluisse
1118 4896 1340 4954 amore
1369 4879 1467 4935 Dei
1482 4897 1499 4954 ς
1543 4891 1693 4936 certe
1721 4878 1837 4954 _vel

243 4954 536 5026 utrobique
580 4952 652 5009 ita
704 4949 1015 5026 legendum,
1051 4952 1133 5026 vel
1166 4951 1452 5026 utrobique
1477 4950 1674 5026 honore
1710 4949 1834 5006 Dei.

246 5030 378 5088 Mss.
412 5022 469 5083 et
496 5026 738 5097 plerique
764 5022 897 5080 editi
929 5023 1228 5097 praeierunt
1250 5024 1442 5097 honore
1471 5022 1585 5079 Dei.
1614 5023 1671 5097 In
1701 5037 1840 5097 non-

246 5101 412 5157 nullis
451 5093 611 5170 editis
630 5093 666 5170 ,’
694 5093 952 5170 promisso
971 5095 1366 5170 _m_uner_e_,_sine
1390 5095 1480 5160 in,
1511 5093 1655 5165 quod
1671 5093 1841 5170 deest

247 5173 412 5228 etiam
457 5169 511 5225 in
546 5164 715 5224 Vatic'.
768 5169 819 5234 l.
848 5171 906 5240 2,
954 5164 1107 5235 Alb.,
1155 5164 1317 5240 Urb.,
1352 5164 1541 5233 item,
1567 5176 1629 5240 e_t_
1654 5165 1844 5240 deerat

250 5247 302 5299 in
331 5242 467 5314 Reg.
515 5241 569 5314 5,
603 5240 693 5295 ubi
726 5235 932 5314 recenti
966 5256 1130 5314 manu
1176 5239 1419 5294 additum
1451 5247 1556 5294 est.
1586 5235 1843 5295 Nonnulli

251 5332 352 5386 pro
376 5309 930 5386 promissorefernnt
944 5311 1234 5386 prmmisso.

322 5332 635 5442 Dgromtsso
665 5332 911 5367 l'Clel'lllll
944 5332 1234 5379 praemisso.

322 5384 355 5440 4
401 5426 414 5439 .
459 5384 595 5453 Reg.
623 5383 677 5449 5,
706 5382 850 5449 Ald.,
881 5380 1178 5451 Eﬂ'ectum;
1223 5382 1451 5449 reliqui.
1503 5389 1677 5453 recte,
1707 5377 1847 5447 Alfe-

254 5471 423 5524 cfum,
458 5451 600 5525 quod
631 5472 697 5510 ex
727 5454 1042 5525 conjectura
1070 5454 1297 5511 rescribi
1328 5454 1492 5523 jussit
1518 5451 1848 5525 Nebrissen-

256 5533 352 5599 sis,
383 5521 509 5600 quia
537 5526 772 5598 .lephthe
805 5521 929 5581 tiliae
961 5542 1200 5600 amorem
1232 5521 1481 5600 religioni
1516 5521 1851 5596 postposuit.

258 5597 772 5671 De’Jephtlieenim
801 5614 986 5655 sermo
1017 5614 1159 5671 nunc
1188 5597 1438 5671 habetur.

331 5668 445 5730 47(
467 5670 649 5736 litum,
685 5681 912 5735 stantes;
943 5668 1181 5739 corrige,
1210 5670 1416 5724 sternis.

1929 3300 2202 3372 tamquam
2247 3300 2797 3373 diversa'gscriptnr'ga.
2842 3300 3101 3371 Plerique
3144 3300 3302 3367 editi,
3328 3300 3510 3358 etiam

1923 3370 2195 3441 recentes,
2223 3374 2448 3428 mundus
2475 3371 2587 3427 Ιιωε
2610 3370 2797 3439 ientit,
2827 3381 2875 3427 et
2904 3370 3084 3427 ambit.
3117 3372 3238 3428 Vat.
3270 3374 3327 3440 2,
3360 3388 3508 3429 men-

1924 3448 2060 3503 dose
2086 3490 2100 3513 ,
2153 3446 2374 3500 mundus
2416 3444 2669 3518 percipit,
2719 3452 2769 3499 et
2814 3443 2994 3518 ambit.
3036 3444 3323 3515 Repugnat
3365 3447 3510 3505 enim

1924 3529 2192 3583 metrum,
2240 3518 2346 3573 etsi
2390 3517 2550 3573 ambit
2598 3518 2779 3586 potius
2821 3517 3062 3571 cohaeret
3107 3530 3229 3571 cum
3265 3518 3513 3587 percipit,

1925 3608 2084 3663 quam
2115 3604 2238 3663 cum
2269 3589 2713 3663 percepit._Pntat
2756 3597 2942 3663 autem
2972 3590 3117 3644 idem
3147 3588 3513 3657 Burmannus,

1925 3660 2083 3719 ambit
2109 3661 2234 3732 poni
2264 3660 2363 3730 pro
2389 3660 2589 3726 ambiit,
2617 3660 2703 3715 vel
2732 3660 2963 3732 ambiuit.

2000 3712 2598 3805 59'.in;g."5',"n..n;
2644 3712 3099 3805 animum.
3148 3712 3311 3789 Rom.
3362 3732 3517 3804 pejus

1928 3803 2193 3878 magnatia
2218 3802 2352 3878 Dei;
2377 3803 2475 3878 sed
2500 3804 2560 3878 in
2579 3801 2681 3857 hoc
2700 3801 2983 3878 correctio
2998 3804 3239 3878 adhibita
3262 3813 3348 3860 est
3363 3801 3516 3878 'cw'ci.

2000 3874 2091 3931 61.
2136 3874 2255 3929 Vet.
2290 3874 2343 3939 l,
2370 3874 2428 3938 2,
2468 3874 2682 3927 reducta
2697 3890 2716 3939 ;
2762 3874 2915 3943 tege,
2950 3875 3201 3943 deducta,
3246 3882 3306 3930 ut
3333 3884 3417 3930 est
3461 3875 3518 3930 in

1846 3950 1861 3963 '
1931 3946 2178 4017 reliquis.
2209 3944 2269 3999 ln
2297 3944 2430 4015 lteg.
2463 3947 2515 4017 17,
2547 3943 2603 4013 2,
2636 3944 2781 4017 aliud
2830 3945 2981 4013 prius
3035 3944 3135 3999 t‘uit
3172 3962 3187 3999 :
3228 3946 3283 4000 in
3321 3945 3517 4017 eodem

1932 4015 2367 4090 suprscucurrit
2412 4016 2629 4090 videtur
2679 4016 2857 4090 glossa
2904 4018 3156 4082 manavit,
3201 4015 3346 4090 quod
3383 4015 3521 4090 alibi

1933 4085 2074 4161 apud
2102 4088 2381 4145 Sedulinm
2411 4086 2468 4141 in
2500 4085 2786 4161 nonnullis
2809 4100 2940 4140 mss.
2982 4100 3084 4155 pro
3111 4085 3339 4140 cucurrit
3370 4087 3523 4161 intra

1933 4156 2248 4219 contextum
2302 4167 2579 4228 receptum
2617 4166 2721 4212 est.
2751 4156 3035 4228 [inpugnat
3066 4168 3320 4213 metrum.
3355 4159 3523 4227 Aug,

1936 4233 2215 4295 mendose,
2250 4231 2525 4285 succurrit.
2561 4229 2620 4283 In
2668 4228 2774 4282 hoc
2820 4240 2982 4281 versu
3031 4228 3274 4283 innnitur
3320 4228 3525 4297 lignum

1936 4306 2149 4361 arboris
2175 4304 2379 4368 vetitae,
2411 4302 2463 4356 in
2492 4315 2612 4371 seq.
2642 4299 2846 4369 lignum
2874 4296 3077 4354 crucis.

2006 4377 2098 4433 65.
2141 4374 2335 4431 Glossa
2365 4366 2510 4427 Mm.
2541 4366 2597 4426 in
2630 4366 2735 4426 hoc
2764 4385 2818 4424 v.
2850 4384 2950 4441 pro
2974 4369 3147 4427 verbo
3172 4366 3293 4425 tulit
3329 4370 3418 4423 est
3445 4378 3531 4423 ut-

1938 4451 2057 4505 tutit
2088 4444 2432 4517 martyribus,
2462 4444 2519 4500 in
2545 4458 2711 4500 versu
2739 4440 2863 4517 seq.
2888 4443 3133 4517 sustinuit
3165 4440 3538 4517 promartyri-

1940 4522 2053 4575 bus.
2085 4514 2309 4574 Planius
2355 4528 2538 4572 tamen
2587 4523 2705 4585 est,
2745 4523 2808 4569 ut
2853 4514 2907 4570 in
2942 4514 3114 4572 verbo
3144 4515 3307 4573 servis
3348 4522 3541 4570 omnes

1940 4593 2192 4649 homines
2220 4588 2610 4659 intelligantur.

1860 4633 1916 4695 Β
1941 4633 2865 4731 ””ἑὲἑὲῗ”ιῑὲέξ”ἁζίἷᾶῐὶιᾟ“⁷οεριιιει;
2896 4656 3023 4731 alii,
3055 4656 3323 4731 Pertulit,
3357 4654 3413 4731 ι).
3460 4664 3542 4720 e.,

1945 4735 2206 4792 sustinuit
2225 4726 2452 4802 ;'neque
2478 4726 2705 4787 dubium
2722 4772 2735 4796 ,
2767 4733 2897 4801 quin
2924 4730 3219 4800 legendum
3248 4729 3321 4784 sit
3348 4726 3541 4802 Pertu-

1946 4809 2026 4863 lit.
2060 4807 2116 4861 In
2147 4807 2249 4860 hoc
2276 4799 2515 4860 disticho
2542 4804 2717 4859 miseri
2743 4799 2874 4857 sunt
2904 4799 3229 4871 peccatores
3274 4822 3289 4857 :
3330 4799 3399 4855 de
3429 4812 3535 4869 qua

1946 4877 2345 4950 signiﬁcatione
2372 4878 2455 4945 egi
2493 4876 2567 4950 ad;
2597 4876 2854 4950 Dracont.
2888 4875 2926 4950 ΙΪ
2948 4889 3005 4950 _r,
3030 4888 3173 4930 vers.
3211 4874 3298 4929 ll.
3331 4871 3536 4928 lterum

1945 4946 2139 5007 eodem
2169 4964 2335 5004 sensu
2355 4948 2597 5002 occurrit
2617 4947 2793 5000 miseri
2823 4960 2873 4999 ν.
2904 4946 3031 5000 166.

2018 5022 2108 5077 67.
2151 5021 2263 5076 Hoc
2306 5019 2471 5074 etiam
2518 5018 2638 5072 loco
2686 5016 2885 5085 repetit
2919 5016 3210 5080 Sedulius,
3265 5011 3543 5069 Christum

1948 5093 2237 5150 Dominum
2269 5091 2336 5146 ad
2364 5090 2663 5145 inferorum
2694 5088 2810 5144 loca
2839 5088 3217 5145 descendisse.

2020 5187 2111 5243 68.
2137 5186 2353 5252 Arntz.,
2376 5182 2559 5252 Rom.,
2586 5180 2697 5237 Nec
2716 5182 2933 5237 credunt
2949 5196 2972 5248 ;
2998 5176 3086 5236 alii
3115 5188 3251 5237 mss.
3276 5184 3399 5233 Cum
3429 5170 3548 5233 edi-

1950 5261 2041 5327 tis,
2078 5258 2294 5326 mciins,
2332 5225 2443 5311 Nec
2465 5225 2698 5310 cer’nunt.

2024 5353 2112 5411 69.
2146 5352 2243 5408 llic
2270 5365 2461 5407 versus
2488 5348 2765 5420 profertur
2791 5362 2822 5404 a
2846 5345 2989 5420 Beda
3031 5336 3257 5420 de_A_rte
3285 5348 3557 5420 αιδην.οῐ

1954 5426 2024 5482 ab
2071 5426 2194 5493 ejus
2222 5414 2680 5479 commentatore.
2714 5418 3005 5493 Apostolus
3055 5416 3123 5471 ad
3151 5414 3312 5493 Rom.
3343 5430 3411 5493 v,_
3431 5414 3500 5468 12
3528 5431 3541 5469 :

1959 5499 2065 5552 Per
2085 5486 2243 5551 unum
2273 5494 2536 5549 hominem
2567 5486 2837 5565 peccatum
2863 5488 2917 5542 in
2949 5486 3085 5541 hunc
3118 5488 3367 5540 mundum
3394 5486 3561 5540 intra.

1957 5573 2048 5639 vit,
2083 5579 2131 5623 et
2164 5584 2255 5638 per
2283 5573 2550 5637 peccatum
2570 5579 2731 5618 mors.

2035 5660 2126 5716 70.
2154 5662 2323 5723 Μαι,
2347 5660 2400 5714 in
2429 5671 2537 5728 quo
2568 5655 2655 5728 hic
2668 5652 3105 5728 versus‘margln‘i
3129 5650 3561 5728 ascripttts‘erat.

1472 5739 1621 5813 legis.
1665 5737 1861 5813 inhoc
1967 5720 2347 5813 grtttzqulieg.
2393 5720 2465 5791 ἳξ
2508 5729 2564 5792 5,
2601 5724 2724 5813 vat.
2846 5720 3562 5813 2,‘02_?,Prb‘.,LIiU-ttt2

263 5792 427 5874 νοςῖέι.
457 5792 1865 5885 ιέιδῑεει-βάςτιτιέξιιίξῑιίξεαιιιδίί’ρέσσαιέιειτιίειμη
1966 5805 2130 5885 in...
2171 5792 2703 5885 ’Μευξ,ηςρ,.,εηι.ίιί.
2736 5797 2838 5885 θυεμ.
2900 5792 3566 5885 i.__agg_._,s_.,_5gb1,c9n

268 5889 502 5960 explicat
532 5882 727 5958 glossa'
749 5882 893 5938 Alm.
927 5942 936 5955 ,

1971 5864 2247 5948 plerisque
2294 5864 2828 5939 editisfcontremuit
2854 5906 2869 5933 ,
2923 5864 3326 5936 quod’verbnm
3360 5864 3438 5919 rei
3480 5879 3570 5920 ac-
