4038 6312
212 228 308 288 783

344 346 384 404 ν
421 345 520 402 idit
541 345 726 402 diuino
754 343 1109 402 modulantem
1138 348 1373 402 carmina
1392 357 1511 405 cant

273 445 305 500 5
340 443 382 501 L
416 443 579 500 audes
605 441 706 498 hoc
736 440 993 514 psallente
1018 440 1153 512 uiro,
1174 443 1352 514 reﬂuit
1382 443 1597 516 cythara
1627 461 1708 500 me
1750 446 1796 505 L

335 540 365 600 Ι
401 540 469 596 lle
494 538 585 595 ubi
614 536 928 611 grandisoni
975 546 1158 610 captus
1185 536 1461 594 dulcedine
1488 539 1653 607 plectr
1759 540 1786 594 Ι

1220 228 1471 287 LIBERI]
1509 230 1968 294 ACROSTlClllS
2008 236 2100 295 DE
2140 238 2462 301 SEDL‘LIO.
3007 239 3025 278 ε

1757 350 1870 416 VA

3389 246 3496 304 786

2045 353 2089 408 Τ
2128 371 2229 408 uno
2256 372 2351 411 sua
2379 356 2666 413 Davidicus
2696 357 2927 414 delectus
2956 357 3153 431 plectra
3179 360 3394 431 poposci
3451 358 3497 415 Τ

2048 445 2077 500 1
2114 448 2241 502 rrita
2272 449 2454 518 polluti
2476 459 2806 506 contemnens
2839 452 3055 505 numina
3084 452 3245 505 mund
3463 450 3496 506 Ι

2041 539 2081 594 S
2120 541 2241 611 igna
2260 542 2425 597 crucis
2447 542 2606 614 fronti
2627 542 2794 614 ponit,
2819 542 3128 615 breviterque
3151 544 3411 617 triumpho
3452 544 3496 600 S

337 632 381 690 V
420 632 580 697 ritur,
612 639 660 687 et
679 630 833 687 celeri
864 630 1108 704 graditur
1132 647 1226 703 per
1254 630 1371 687 lilia
1397 649 1521 705 pass
1748 632 1793 689 V
2038 628 2082 686 T
2120 630 2513 701 angit,(.‘hriste,
2536 642 2670 702 tuos,
2694 651 3067 707 numerosaque
3086 636 3299 706 prtcmia
3322 636 3427 693 liba
3451 635 3497 692 Τ

333 726 372 789 S
410 734 719 799 aeratasque
745 725 941 782 iterum.
959 724 1065 781 late
1093 727 1359 797 conspexit
1379 743 1580 784 αηιωηο
1746 727 1787 785 S
1935 724 2001 780 15
2039 722 2089 778 Ε
2123 738 2216 796 rgo
2245 725 2369 779 dum
2394 726 2537 780 uario
2557 727 2764 783 decorat
2787 745 2884 784 sua
2904 745 3032 784 rura
3056 730 3202 786 color
3444 732 3495 787 E

333 821 378 877 Α
413 830 595 876 eterna
621 817 815 876 Christi
842 819 1028 891 ﬂuvios
1052 836 1180 889 quos
1205 820 1369 876 abluit
1393 822 1525 877 und.
1666 900 1673 905 θ
1743 826 1789 880 Α
1934 817 2001 876 16
2039 816 2080 876 S
2122 816 2303 875 labant
2325 816 2381 875 hi
2402 819 2592 893 gracili
2616 820 2758 878 ducti
2786 823 3046 882 testudine
3071 841 3220 882 versu
3420 825 3488 885 S.

234 915 297 976 l0
332 914 386 973 Ν
420 932 477 973 ec
505 918 695 991 passus
717 923 924 988 torpere
947 913 1042 972 diu
1066 914 1295 972 doctoris
1325 930 1507 974 acunte
1733 916 1790 975 N

1680 1072 1996 1134 SCIIOLIA.

200 1214 350 1290 letani
372 1214 473 1290 l.‘t.
495 1213 577 1290 Ut
596 1215 776 1290 timeas
804 1214 1091 1290 Dotitinum
1112 1217 1241 1290 legis
1270 1226 1529 1290 prtecepta
1559 1225 1782 1290 secutus,

200 1285 502 1363 —_dlaa:ime
532 1284 805 1363 Daniticos
845 1287 996 1363 debes
1035 1284 1334 1362 percurrere
1361 1284 1593 1363 campos,
1615 1284 1782 1363 ent

197 1359 365 1432 quibus
380 1369 590 1432 Awterng
629 1358 809 1432 latices
855 1360 920 1415 de
963 1358 1105 1432 fonte
1132 1371 1403 1418 manantes
1422 1358 1779 1432 ——'jnuenies.

197 1427 491 1505 legendum
539 1427 845 1505 Davidicos,
889 1427 976 1488 vel
1018 1431 1302 1500 Dauiticos,
1331 1450 1431 1505 pro
1477 1431 1776 1489 Daniticos.

197 1502 434 1576 llarthins
475 1517 572 1576 per
600 1511 757 1576 prata
783 1502 1178 1576 interpretatur
1208 1505 1277 1559 de
1320 1502 1561 1576 paupere
1612 1505 1779 1561 horto

194 1572 406 1648 Sedulii,
433 1571 667 1648 cujus'is
694 1571 949 1648 meminit
973 1576 1025 1648 in
1055 1575 1279 1648 prologo
1308 1571 1558 1648 metrico.
1582 1576 1780 1632 Melius

197 1646 490 1716 intelligens
513 1645 582 1716 de
616 1645 789 1716 sacris
827 1645 1291 1703 litterisJAlludit
1335 1648 1482 1703 enim
1528 1647 1779 1705 Liberius

195 1715 256 1789 ad
303 1713 466 1773 verba
520 1713 732 1789 Sedulii
782 1716 836 1772 in
872 1718 1100 1789 epistola
1131 1718 1200 1774 ad
1247 1718 1657 1776 Macedoniam:
1711 1717 1780 1774 In

194 1788 385 1863 herbam
404 1788 552 1856 που·θὶ
573 1787 788 1863 cespilis
825 1787 1017 1863 revolvi
1046 1791 1281 1863 uestigia.
1313 1791 1448 1863 Nam
1480 1807 1551 1848 ex
1573 1790 1782 1863 caepi-

195 1860 343 1931 stola,
372 1867 428 1917 et
469 1873 539 1917 ex
572 1858 615 1915 ι.

198 1941 331 1989 sunt.

256 2003 624 2078 4._Duo_mss.
670 2003 902 2073 Barthii,
934 2005 1301 2062 moderantem.
1352 2006 1469 2064 Huc
1523 2005 1769 2078 pertinet

193 2076 432 2149 mendum
461 2075 517 2132 in
548 2074 667 2133 Ott.
696 2078 753 2144 2,
787 2077 1130 2134 moderantia.
1158 2078 1484 2136 Communis
1511 2074 1783 2149 scriptura

193 2147 532 2224 modulantem
586 2149 777 2205 multis
826 2150 1098 2224 similibus
1139 2150 1409 2221 exemplis
1450 2147 1781 2224 comproba-

195 2230 291 2293 tur.
323 2219 526 2293 [’oeltn.
555 2234 874 2293 perperam,
906 2223 1136 2293 carmine
1164 2239 1265 2293 pro
1295 2219 1549 2278 carmina.

258 2291 460 2365 5.Reg.
482 2292 543 2355 2,
564 2290 687 2365 5,6,
708 2292 894 2365 codex
913 2290 1243 2360 Mabilloriii,
1270 2308 1408 2350 unus
1423 2309 1525 2365 nis.
1541 2292 1748 2365 Barthii
1765 2333 1782 2359 ,

197 2363 570 2437 Poelmicum
628 2363 760 2437 aliis
788 2365 1127 2437 editionibus
1180 2366 1460 2437 antiquis,
1505 2364 1785 2437 Laudabili

195 2436 426 2520 psallente
448 2434 592 2520 trigo,
620 2435 767 2520 quod
787 2435 877 2494 lex
902 2438 1069 2520 metri
1096 2434 1345 2520 respuit}
1370 2452 1501 2520 nam
1543 2436 1784 2520 secunda

196 2506 245 2579 in
265 2506 535 2563 Laudabili
560 2518 652 2579 est
680 2506 862 2578 longa.
911 2506 1204 2565 Fabricius
1242 2519 1297 2566 et
1336 2510 1583 2579 plerique
1624 2508 1782 2574 editi,

196 2578 416 2635 Laudato
445 2577 705 2652 psallente
724 2577 858 2646 viro,
883 2580 1028 2652 quod
1056 2596 1123 2637 ex
1143 2577 1465 2651 conjectura
1496 2577 1566 2636 ab
1594 2580 1781 2649 aliquo

196 2661 486 2707 correctum
513 2649 761 2719 videtur,
815 2662 877 2707 ut
901 2649 1115 2710 'versus
1150 2649 1386 2708 constet.
1454 2652 1784 2709 Arntzenius

200 2722 508 2793 conjiciebat
530 2721 855 2793 Laudando.
911 2723 1172 2779 Barthius
1200 2725 1256 2780 in
1306 2739 1415 2780 uno
1445 2738 1548 2781 suo
1591 2723 1783 2779 codice

195 2792 422 2867 invenit,
438 2792 645 2867 Laudis
672 2794 770 2867 hoc
794 2796 1045 2867 psallente
1070 2797 1203 2862 uiro,
1255 2809 1319 2851 ac
1349 2797 1529 2867 locum
1580 2811 1649 2851 ex
1698 2794 1784 2850 his

195 2866 535 2923 varietatibus
568 2866 887 2936 suspicatus
912 2879 998 2923 est
1022 2868 1273 2923 vitiatum
1296 2883 1442 2923 esse.
1472 2866 1529 2922 ln
1569 2868 1704 2935 Reg.
1753 2866 1779 2922 1

196 2938 268 3011 sic
286 2939 511 3011 legitur,
532 2936 741 2992 Laudis
758 2940 1142 3011 Aceuipsallente
1168 2940 1266 3011 uiri
1288 2955 1309 3005 ;
1340 2941 1391 2994 iit
1424 2939 1535 2995 Ott.
1557 2940 1614 3006 2,
1635 2937 1781 2993 Lau-

194 3008 267 3064 dis
304 3008 356 3066 εἰ
382 3010 640 3081 psallente
669 3009 787 3081 uiri.
838 3008 1029 3072 Neque
1085 3010 1138 3066 in
1171 3010 1397 3081 reliquis
1442 3011 1627 3067 verbis
1653 3025 1784 3066 con-

195 3080 424 3138 sentiunt
446 3082 693 3137 codices.
741 3080 1003 3153 Nonnulli
1033 3097 1193 3148 mss.,
1251 3080 1306 3138 et
1335 3083 1585 3153 plerique
1625 3080 1778 3148 editi,

200 3155 362 3224 reﬂuit
388 3154 613 3209 cithara:
659 3152 794 3209 mel:
842 3152 981 3225 Reg.
1011 3153 1064 3222 1,
1094 3153 1207 3210 Ott.
1247 3155 1282 3210 2
1311 3152 1434 3209 cum
1467 3153 1680 3209 Poelm.
1728 3162 1785 3209 et

195 3226 303 3281 aliis
328 3226 514 3289 editis,
543 3225 730 3295 reﬂuit
760 3225 960 3280 cithara
982 3225 1104 3281 mel.
1149 3225 1456 3281 Mabillonii
1499 3224 1674 3281 codex
1729 3232 1786 3279 et

169 3295 320 3369 'ch.
347 3298 403 3365 6,
430 3299 666 3369 reﬂuunt
685 3295 905 3352 cithara:
920 3299 1047 3369 ,mel.
1064 3297 1215 3369 Reg.
1241 3295 1278 3351 9.
1303 3297 1520 3363 vitiose,
1552 3299 1782 3369 reﬂuunt

196 3366 378 3424 cicérea
401 3366 501 3424 met
525 3386 546 3424 :
574 3378 840 3438 corrupte
858 3368 1022 3424 etiam
1062 3366 1200 3439 Reg.
1233 3370 1286 3434 5,
1315 3366 1784 3495 re/luantqﬁ‘cere

196 3441 452 3496 mel.Puto
491 3437 816 3496 lettendutn.
841 3438 1043 3495 Laudes
1096 3442 1191 3495 hoc
1241 3441 1354 3496 nsal
1380 3452 1493 3495 ente
1519 3457 1660 3496 viro.
1697 3457 1781 3494 re-

193 3453 301 3495 ntet.
317 3453 452 3496 l’uto

196 3513 305 3583 [luit
333 3513 534 3567 cithara
564 3510 671 3565 mel
693 3526 712 3566 :
742 3527 865 3567 nam
891 3511 1111 3583 antiqui
1133 3512 1305 3566 laudis
1336 3510 1655 3568 scribebant
1682 3526 1783 3581 pro

194 3581 384 3639 laudes.
407 3582 644 3654 Accipio
672 3592 857 3640 autem
876 3581 1077 3639 cithara
1104 3582 1159 3638 in
1189 3583 1477 3654 auferendi
1494 3597 1646 3638 casu.
1677 3583 1783 3639 Pro

196 3655 284 3726 hoc
313 3672 418 3712 non
448 3653 602 3711 male
630 3662 717 3709 est
740 3665 811 3718 et,
840 3670 1045 3726 nempe
1075 3663 1132 3712 et
1159 3655 1279 3710 viro
1312 3653 1483 3710 David
1514 3654 1785 3724 psallente

194 3724 393 3798 laudes,
415 3727 608 3785 reﬂuit
631 3726 737 3782 mel
759 3724 988 3783 cithara.

259 3799 309 3856 0.
338 3796 562 3857 Fabric.
606 3805 663 3853 et
683 3798 929 3880 quaedam
959 3798 1083 3880 aliae
1108 3796 1403 3880 editiones,
1430 3796 1782 3880 grandisono:

194 3884 379 3943 sensus
414 3888 545 3929 cum
577 3883 738 3936 mss.,
767 3881 822 3925 et
853 3870 1127 3943 plerisque
1166 3871 1331 3943 editis
1357 3868 1532 3943 exigit
1573 3868 1787 3943 grandi-

195 3944 321 4016 soni.
352 3942 464 4001 Ott.
486 3945 549 4010 2,
580 3950 763 4016 cantus
785 3958 810 4016 ί
829 3937 1270 4016 corrige-captus.
1300 3941 1436 4012 Reg.
1457 3937 1785 4016 2,__pulchri:

195 4013 472 4084 legendum
529 4013 739 4084 plectri.
790 4011 1043 4084 Liberius
1089 4011 1316 4070 verbum
1364 4011 1709 4084 grandisonus
1745 4026 1786 4084 Aa

197 4081 435 4155 Sédulio,
468 4081 574 4143 lib.
606 4090 661 4152 1,
686 4100 741 4139 v.
787 4083 880 4152 18,
915 4094 1227 4143 mutuatur:
1270 4081 1417 4157 quod
1458 4081 1601 4156 apud
1646 4082 1787 4138 anti-

195 4160 410 4229 quiores
440 4174 555 4215 non
585 4157 873 4224 reperitur.

260 4232 310 4285 7.
335 4231 489 4288 Multi
519 4228 681 4296 editi,
707 4229 1010 4300 praesertim
1038 4227 1377 4300 recentiores
1395 4270 1409 4294 ,
1432 4225 1637 4300 Utitur.
1670 4224 1790 4300 Duo

194 4315 325 4358 mss.
358 4302 599 4364 B-irthii.
628 4309 685 4356 et
711 4297 906 4357 omnes
935 4302 1108 4357 nostri
1158 4316 1282 4357 cum
1315 4299 1524 4354 Poelm.
1552 4306 1609 4353 et
1664 4297 1790 4353 aliis

193 4374 462 4432 veteribus
490 4371 849 4444 editionibus,
879 4371 1077 4442 Uritur,
1115 4371 1260 4444 quod
1305 4370 1501 4444 probat
1528 4370 1792 4444 Burman-

195 4459 290 4503 nus
311 4443 638 4573 ISecundus.
670 4442 730 4500 ln
762 4443 875 4500 Ott.
902 4445 938 4501 2
968 4460 1088 4516 pro,
1118 4441 1165 4499 et
1188 4443 1362 4511 celeri,
1393 4441 1651 4499 mendum
1682 4450 1789 4511 est,

195 4531 309 4572 erce
353 4535 456 4573 ere.

193 4531 253 4571 επ
254 4531 328 4573 εει
331 4531 456 4574 tere.

262 4591 316 4647 8.
346 4590 484 4648 Tres
515 4587 646 4645 libri
668 4586 900 4656 Barthii,
921 4586 1227 4653 Poelman.,
1251 4586 1408 4650 lacte;
1428 4585 1562 4657 Reg.
1594 4587 1650 4651 5,
1677 4583 1791 4657 lite;

514 3437 816 3511 egendutn,
841 3438 1043 3495 Laudes
1096 3437 1191 3495 hoc
1241 3437 1493 3511 psallente
1519 3437 1660 3507 viro,
1697 3457 1781 3494 re-

710 1859 894 1917 Cartn.
927 1860 1123 1919 Pasch.
1173 1848 1348 1919 multa
1400 1862 1509 1921 huc
1550 1848 1785 1920 deducta
1815 1848 1865 1910 Β

1893 1215 2075 1283 lector,
2123 1216 2170 1273 si
2192 1220 2327 1288 forte
2367 1217 2607 1288 requiris,
2633 1247 2702 1259 —
2748 1217 2833 1275 Ea:
2861 1221 3001 1275 omni
3025 1237 3172 1277 uersu
3222 1233 3273 1279 te
3322 1224 3493 1282 littera

1891 1290 2061 1362 prima
2088 1289 2387 1364 docebit-1-
2413 1289 2575 1345 Hunc
2597 1291 2772 1364 posuit
2796 1291 3004 1364 titulum
3038 1295 3206 1364 neptis
3252 1295 3490 1353 Taurino

1892 1361 2175 1416 sacratum.
2203 1361 2436 1418 Nomina
2462 1371 2590 1418 sunt
2616 1361 2841 1429 Licinia,
2866 1361 3113 1430 Leontio,
3132 1362 3340 1429 Flavia,
3368 1370 3494 1423 Ant-

1892 1432 2051 1508 pelio.
2080 1432 2141 1488 In
2169 1434 2415 1508 versibus
2437 1430 2696 1508 Belisarii
2726 1436 3003 1491 contrario
3031 1436 3193 1492 modo
3237 1452 3300 1492 ex
3332 1438 3495 1508 diph-

1890 1504 2095 1577 thongo
2119 1520 2165 1559 te
2194 1517 2248 1559 γ.
2282 1504 2340 1570 2,
2368 1505 2617 1561 solemnia
2645 1521 2854 1575 mensae,
2888 1509 3129 1563 sumitur
3163 1524 3211 1577 e,
3252 1520 3314 1566 ut
3355 1504 3491 1569 tele-

1886 1574 2079 1631 stichis
2110 1586 2378 1633 servetur.

1962 1647 2047 1721 10.
2070 1647 2204 1721 Reg.
2233 1647 2290 1716 2,
2317 1650 2370 1713 5,
2394 1647 2569 1721 codex
2591 1648 2915 1721 Mabillonii,
2938 1649 3077 1705 Nam
3094 1668 3113 1707 :
3135 1652 3334 1708 melius
3356 1651 3489 1721 Nec,

1894 1718 2006 1784 vel,
2036 1728 2094 1774 ut
2111 1718 2274 1795 Reg,
2296 1720 2572 1795 6proferl,
2590 1719 2733 1795 Non:
2749 1720 2897 1777 Libri
2916 1723 3143 1795 Barthii,
3162 1732 3366 1795 torpore
3391 1718 3494 1795 pro

1891 1792 2377 1865 torpererl’oelm”
2403 1791 2665 1865 ductoris;
2686 1792 2951 1865 sicelian
2976 1794 3101 1850 libri
3117 1791 3344 1861 Bartltii,
3368 1791 3490 1865 qui-

1891 1861 1997 1935 bus
2033 1863 2174 1920 male
2223 1863 2554 1920 Arntzenius
2603 1863 2815 1935 afﬁngit
2865 1864 3112 1920 doctoris.
3142 1865 3327 1921 Nostri
3358 1861 3483 1923 cum

1891 1934 2166 2007 plerisque
2209 1935 2392 2000 editis,
2425 1935 2685 2003 doctoris,
2721 1934 2865 2007 qttod
2918 1936 3079 2007 longe
3131 1938 3329 1994 melius
3378 1950 3484 1996 est.

1889 2005 2140 2079 Conferri
2168 2007 2284 2079 haec
2313 2017 2542 2079 possunt
2569 2021 2691 2062 cum
2720 2005 2906 2079 verbis
2947 2005 3191 2079 epistola:
3217 2008 3283 2065 ad
3314 2011 3492 2068 Mace-

1889 2076 2146 2133 donium:
2174 2078 2282 2134 Sed
2304 2076 2487 2145 torpor
2506 2079 2681 2133 cordis
2703 2078 2897 2146 obtusi,
2917 2076 3025 2137 etc.

1963 2149 2053 2204 11.
2083 2148 2234 2205 Libri
2255 2148 2482 2219 Barthii,
2515 2148 2640 2204 Non
2662 2166 2792 2206 sua:
2821 2152 3145 2209 acrosﬁchis
3187 2160 3243 2208 et
3262 2164 3489 2210 senten-

1890 2218 1963 2292 tia
1992 2220 2213 2292 exigunt
2238 2220 2387 2276 Tunc
2409 2238 2525 2277 sua.
2553 2220 2689 2292 Reg.
2735 2226 2787 2288 1,
2821 2224 2876 2289 2,
2907 2226 2961 2290 5,
2997 2224 3052 2285 6,
3093 2223 3266 2279 codex
3295 2224 3488 2281 Mobil-

1889 2290 2048 2361 lonii,
2074 2290 2343 2348 Daviticus
2366 2294 2588 2347 dilectus
2606 2308 2625 2347 :
2642 2290 2777 2348 libri
2793 2294 3020 2358 Barthii,
3046 2293 3325 2350 Davidicus
3349 2296 3487 2352 dele-

1888 2371 2022 2417 ctus.
2063 2365 2179 2420 Ott.
2211 2364 2246 2417 2
2268 2365 2562 2430 mendose,
2611 2363 2845 2419 Davitica
2891 2365 3142 2433 dilectra,
3175 2377 3483 2423 correctum

1888 2434 2105 2492 dilectu.
2163 2434 2304 2507 Editi
2356 2436 2627 2507 plerique,
2678 2434 2933 2491 Dauidico
2981 2437 3202 2492 delectu.
3259 2437 3315 2493 ln
3345 2453 3480 2496 mss.

1888 2520 2036 2575 sarpc
2064 2506 2339 2574 scribitur,
2358 2506 2640 2562 Daviticus
2673 2522 2769 2576 pro
2800 2507 3106 2563 Daridicus.
3134 2509 3399 2565 Similiter
3428 2512 3485 2567 in

1887 2592 2020 2652 mss.
2055 2591 2201 2650 saepe
2233 2578 2508 2652 reperitur
2535 2578 2752 2652 dilectus
2783 2594 2881 2649 pro
2904 2579 3146 2645 delectus,
3173 2590 3226 2635 et
3254 2588 3487 2652 utroque

1887 2649 2055 2705 modo
2082 2649 2231 2706 recte
2258 2649 2537 2707 scribitur.
2568 2651 2648 2706 Ac
2691 2649 2924 2707 fortasse
2971 2653 3073 2706 hoc
3116 2652 3235 2707 loco
3265 2649 3485 2708 dilectus

1887 2736 1997 2792 non
2029 2730 2342 2792 estnomen
2395 2721 2823 2786 substantivum,
2879 2722 2973 2778 sed
3025 2722 3387 2792 adjectivum,
3424 2737 3485 2780 ut

1887 2791 2107 2849 dilectus
2133 2791 2422 2849 Davidicus
2454 2794 2527 2850 sit
2553 2806 2762 2850 amatus
2786 2791 3105 2857 Davidicus,
3127 2795 3272 2863 quod
3302 2806 3482 2851 tamen

1887 2865 1979 2919 vix
2008 2865 2149 2937 bono
2169 2880 2339 2937 sensu
2371 2865 2632 2937 explicari
2663 2875 2860 2936 potest.
2893 2863 3342 2922 Utrolibetmodo
3363 2882 3485 2922 sen-

1889 2936 2551 3008 t‘entiaeademconstat:
2605 2938 2702 2993 sed
2734 2938 2917 2994 verior
2958 2937 3174 3008 videtur
3213 2940 3505 3008 scriptura,

1887 3004 2171 3063 Davidicus
2200 3007 2447 3064 delectus.
2485 3008 2613 3064 Haec
2648 3009 2876 3065 liberius
2918 3007 3226 3077 exprimere
3264 3004 3484 3065 videtur

1886 3079 2019 3154 exi.
2047 3094 2172 3154 t,_v.
2204 3081 2486 3154 25‘seqq.,
2502 3078 2610 3136 Cur
2635 3096 2729 3154 ego
2752 3080 3060 3154 Davidicis,
3085 3088 3194 3137 etc.

1960 3150 2049 3207 12.
2100 3150 2236 3223 Reg.
2265 3151 2322 3220 2,
2363 3149 2430 3220 5,
2471 3153 2524 3219 6,
2557 3149 3089 3223 codéxgblabillonii,
3114 3160 3485 3210 contemnens:

1888 3222 1981 3295 alii
2008 3238 2132 3295 cum
2160 3221 2347 3292 editis,
2382 3224 2710 3295 contempsit.
2731 3221 2933 3279 Contra
2964 3223 3232 3279 idolorum
3248 3225 3493 3284 cultores

1887 3293 2118 3369 disserit
2139 3294 2397 3369 Sedulius
2425 3295 2521 3350 lib.
2546 3293 2595 3358 ι,
2612 3311 2667 3350 v.
2691 3298 2797 3352 242
2824 3310 2978 3369 seqq.

1959 3366 2047 3441 15.
2086 3365 2338 3441 Sedulius
2370 3367 2406 3424 1.
2440 3383 2479 3433 ι,
2507 3381 2653 3423 vers.
2683 3369 2789 3424 545
2814 3385 2827 3422 :
2854 3365 3110 3441 Et'ﬁxum
3133 3370 3281 3426 estin
3311 3372 3485 3441 fronte

1886 3438 2063 3507 decus,
2088 3439 2263 3511 decus,
2296 3455 2540 3511 armaque
2571 3450 2743 3510 porto,
2776 3450 2886 3496 etc.
2948 3438 2957 3441 ’
3112 3462 3121 3469 ν

1961 3511 2067 3586 11,-
2082 3509 2194 3586 Ott.
2225 3513 2279 3577 2,
2313 3509 2523 3567 numero
2573 3509 2660 3582 qui
2696 3513 2931 3586 prcemia.
2959 3514 3094 3586 Reg,
3142 3516 3197 3581 1,
3228 3514 3284 3584 2,
3306 3513 3481 3571 codex

1885 3581 2210 3648 Mabillonii,
2243 3581 2620 3657 numerosaque
2646 3581 2879 3657 prwntia.
2925 3581 3138 3657 Regi?)
3178 3581 3345 3654 male,
3380 3604 3484 3641 nu-

1887 3669 2065 3727 meros
2108 3662 2266 3727 atque
2292 3656 2549 3727 rprwmia.
2589 3654 2725 3726 Reg.
2767 3655 2800 3710 6
2850 3654 3033 3727 pejus,
3058 3674 3297 3714 numeros
3348 3659 3487 3714 sacri

1887 3672 2054 3709 meros
2108 3672 2266 3779 ιιιέαδ
2314 3672 2549 3727 prwmta.
2589 3672 2725 3726 Reg.
2767 3672 2800 3710 υ
2850 3673 3025 3727 pejus,
3058 3674 3297 3714 numeros
3348 3675 3485 3714 sacri

1886 3725 2122 3798 prsentia.
2177 3724 2326 3798 gditi,
2375 3741 2747 3798 numerosaque
2771 3729 2985 3797 praelia,
3020 3744 3200 3798 neque
3228 3730 3485 3785 Barthius

1888 3794 2052 3850 ullam
2080 3794 2396 3851 varietatem
2428 3797 2483 3851 in
2512 3799 2627 3853 suis
2664 3794 2800 3852 ‘mss'.
2835 3794 3006 3855 notat.
3048 3794 3159 3856 sed
3184 3801 3487 3856 restituen-

1890 3865 2025 3921 dum
2068 3876 2152 3941 est
2181 3867 2393 3938 prtemia
2425 3882 2444 3921 :
2495 3876 2581 3941 est
2612 3868 2756 3941 enim
2785 3870 3067 3938 praemium
3101 3870 3485 3941 quodcumque

1889 3937 2261 4005 commodum,
2315 3955 2413 3994 seu
2443 3938 2671 3995 utilitas.
2722 3937 3014 3997 Lucretius
3058 3937 3197 4001 l.'v.
3226 3937 3435 3997 versfd
3467 3957 3482 3993 :

1892 4008 1995 4082 Qui
2026 4009 2153 4082 talia
2183 4009 2329 4082 nobis
2356 4039 2422 4051 —
2464 4008 2675 4082 Pectore
2700 4020 2851 4080 parta
2874 4028 2990 4076 suo,
3012 4012 3328 4082 quasitaque
3347 4027 3481 4082 prte-

1887 4081 1994 4134 mia
2019 4081 2187 4153 liquit.
2219 4079 2474 4153 Miracula
2503 4078 2728 4153 Christi,
2751 4097 2871 4149 qua:
2893 4100 2922 4138 a
2948 4078 3174 4139 Sedulio
3203 4078 3484 4153 saepe'ntu-

1889 4168 2016 4207 nera
2043 4151 2321 4220 dicuntur,
2350 4151 2434 4208 his
2455 4152 2642 4208 verbis
2676 4152 3005 4210 indicantur.

1965 4225 2053 4281 15.
2080 4221 2192 4279 Ott.
2227 4224 2432 4296 2,]ξιιιη
2461 4223 2644 4296 editis,
2702 4221 2846 4295 Ergo
2891 4224 2972 4279 his
3022 4225 3186 4296 dum;
3239 4222 3488 4296 plerique

1894 4296 2067 4352 nostri
2099 4310 2257 4361 mss.,
2290 4293 2434 4365 Ergo
2457 4295 2582 4349 dum
2609 4297 2728 4351 sine
2755 4293 2855 4351 his.
2890 4297 3070 4352 Multae
3091 4293 3363 4352 editiones
3390 4293 3486 4351 ve-

1897 4376 2063 4436 teres,
2086 4368 2299 4422 decorat
2321 4384 2417 4421 sua
2439 4366 2701 4432 membra;
2726 4366 2835 4423 duo
2864 4383 2997 4423 mss.
3026 4368 3256 4433 Bartltii,
3283 4366 3394 4422 Ott.
3426 4366 3485 4432 2,

1896 4454 2018 4496 cum
2054 4439 2175 4495 aliis
2195 4438 2381 4506 editis,
2404 4439 2613 4493 decorat
2633 4455 2734 4493 sua
2762 4454 2888 4494 rura
2915 4453 3061 4509 :quo
3090 4439 3491 4510 pertinetmcm

1896 4510 2023 4566 dum
2056 4510 2110 4567 in
2142 4511 2277 4582 Reg.
2312 4511 2360 4577 1,
2388 4512 2597 4566 decorat
2622 4527 2719 4565 sua
2740 4527 2888 4566 sura.
2917 4510 2970 4566 In
3000 4511 3143 4583 Reg.
3168 4510 3202 4566 6
3235 4511 3315 4567 sic
3342 4510 3494 4566 vitia-

1898 4590 1987 4638 tus
2018 4591 2100 4638 est
2124 4584 2212 4639 hic
2237 4585 2409 4654 locus,
2458 4583 2702 4637 decorata
2730 4599 2931 4649 erarva,
2989 4582 3101 4639 ubi
3132 4582 3252 4654 lego
3280 4583 3492 4637 decorat

196 4647 440 4734 plerique
463 4675 636 4734 mss.,
652 4668 710 4715 et
729 4647 1021 4734 ed_iti,'late.
1053 4658 1190 4734 Reg.
1213 4647 1267 4734 ,
1291 4658 1350 4728 2,
1379 4647 1586 4734 5,_0_it;
1602 4647 1661 4720 2',
1683 4647 1791 4734 lla;
1817 4647 1873 4710 D
1896 4670 2015 4734 vera
2039 4670 2185 4720 arua,
2242 4647 2405 4734 quod
2430 4669 2536 4734 non
2557 4661 2657 4734 est
2698 4647 3213 4734 contemnendum:
3236 4654 3492 4734 Cor_rupti

195 4727 365 4806 bili,
393 4733 688 4806 conspexit;
714 4731 836 4797 alii,
867 4727 1161 4806 prospexit:
1212 4727 1347 4785 Tres
1400 4727 1520 4806 Iib_ri
1542 4727 1779 4806 Rartliii,
1828 4762 1831 4765 -

197 4798 423 4872 Poelm.,
448 4798 724 4860 aniomos:
754 4798 940 4859 caeteri
970 4798 1195 4857 amoenos
1216 4819 1234 4869 ;
1254 4815 1432 4872 neque
1457 4798 1788 4872 facileinve-

197 4877 373 4946 nietur
409 4869 654 4931 amomus
683 4875 970 4931 masculini
1002 4873 1244 4946 generis.
1299 4871 1588 4942 Conjicete
1630 4869 1788 4946 l_'t_bet,

197 4945 545 5020 Sacratosque
568 4947 757 5020 iterum
789 4940 1229 5020 lucusprospea‘it
1259 4940 1583 5011 amoenos,-
1604 4940 1790 4997 .lEter-

197 5034 262 5072 na
282 5017 479 5073 Christi
507 5018 696 5090 ﬂuvius
718 5034 844 5086 quos
875 5018 1038 5073 abluit
1060 5017 1220 5090 unda.

199 5107 229 5174 r-
269 5090 324 5147 9.
355 5081 577 5174 Reg.'5_,
605 5081 1100 5174 terno;_Re_g..6,
1124 5087 1436 5174 rEternam:
1463 5081 1798 5174 corrige_{£:‘:

202 5170 365 5217 terna.
398 5157 509 5218 Pro
528 5160 715 5233 ﬂuvios
745 5160 910 5216 modo
934 5157 1044 5217 dixi
1075 5175 1142 5217 ex
1172 5160 1487 5228 conjectura
1508 5157 1612 5229 legi
1634 5169 1796 5228 posse

200 5234 389 5304 ﬂuuius
414 5250 432 5287 :
460 5234 516 5288 in
540 5247 672 5288 mss.
698 5247 845 5303 saepe
887 5249 949 5288 us
993 5233 1047 5288 in
1078 5248 1136 5304 os
1172 5239 1433 5304 mutatur,
1485 5243 1550 5304 ac
1580 5240 1796 5304 veteres

202 5300 494 5376 aliquando
522 5300 911 5376 nominativum
938 5303 1193 5376 secunda;
1240 5300 1628 5376 declinationis
1643 5300 1713 5376 in
1738 5314 1796 5353 os

206 5372 603 5432 terminabant.
641 5375 748 5431 Pro
773 5373 960 5438 abluit,
990 5376 1127 5445 Reg.
1151 5375 1186 5432 6
1228 5374 1471 5445 exhibet,
1505 5372 1710 5445 adluit:
1725 5384 1795 5445 _ac

205 5445 442 5506 fortasse
484 5447 683 5505 melius
708 5455 793 5503 est
837 5447 1010 5515 alluit,
1040 5441 1222 5517 quam
1268 5441 1466 5501 abluit.
1509 5444 1588 5500 Ex
1629 5441 1791 5517 dipli-

206 5518 414 5590 thongo
466 5535 512 5573 aa
560 5518 793 5574 sumitur
837 5519 903 5574 ad
961 5512 1132 5589 legem
1183 5516 1473 5590 acroatichi
1532 5512 1793 5590 carminis

207 5586 385 5661 prima
411 5591 621 5646 vocalis
646 5606 679 5644 a
708 5591 763 5645 in
794 5586 1132 5646 (eternafSic
1154 5590 1319 5645 etiam
1356 5590 1411 5644 in
1444 5586 1797 5661 inscriptione

208 5657 544 5734 acrostieha,
577 5676 742 5734 quam
768 5662 1017 5719 referunt
1038 5661 1385 5734 Muratorius_
1408 5659 1581 5723 1905,
1613 5657 1671 5734 et
1695 5657 1798 5734 Ro-

210 5733 347 5790 nada
373 5728 540 5791 class.
590 5728 679 5799 i0,
709 5748 861 5789 num.
891 5734 985 5803 27,
1032 5734 1085 5789 in
1115 5746 1277 5803 versu
1309 5729 1532 5803 Eterno
1555 5730 1685 5803 regi.
1718 5728 1797 5784 lta

210 5815 397 5864 autem
427 5805 712 5869 concludit
734 5819 798 5867 ea
825 5800 1141 5877 inscriptio:
1190 5802 1423 5862 Nomina
1452 5800 1795 5871 Sanctarum,

1888 4726 2048 4782 etiam
2080 4735 2206 4782 sunt
2251 4724 2423 4782 codex
2468 4725 2800 4795 Mabillonii,
2852 4727 3060 4782 decorat
3099 4743 3217 4782 uera
3275 4726 3487 4793 colore;

1889 4796 2026 4863 Reg.
2056 4797 2112 4852 2.
2144 4799 2198 4867 5,
2228 4797 2435 4852 decorat
2460 4814 2581 4852 vera
2608 4814 2702 4852 sua
2729 4798 2918 4854 colore.

1967 4868 2057 4924 16.
2082 4869 2212 4939 Reg.
2247 4870 2299 4935 1,
2324 4870 2416 4936 in;
2445 4868 2563 4939 lege
2586 4869 2659 4923 hi.
2680 4870 2910 4926 Codices
2932 4885 3122 4925 omnes
3145 4880 3301 4934 mss.,
3324 4870 3489 4922 etiam

1895 4940 2102 5013 Rarthii
2149 4950 2203 5013 et
2250 4951 2466 5013 veteres
2486 4940 2649 5013 editi,
2676 4942 2890 5013 garrula
2913 4958 2932 4996 :
2959 4942 3325 4998 Puelmunnus
3362 4953 3488 5013 cum

1896 5010 2111 5086 Regii,
2142 5012 2198 5077 6,
2243 5009 2720 5086 uts._bl_ahillonii,
2751 5013 2936 5086 scribit
2962 5014 3168 5086 gerula,
3213 5019 3280 5086 u_t_
3314 5009 3489 5086 prima

1901 5080 2101 5154 corripi
2128 5084 2322 5153 possit.
2353 5082 2640 5138 Fabricius
2669 5091 2726 5138 ct
2748 5080 3021 5153 pleraeque
3044 5083 3170 5154 alia:
3195 5080 3490 5145 editiones,

1898 5152 2103 5225 gracili.
2130 5152 2382 5210 Barthius
2407 5165 2466 5210 et
2508 5152 2850 5211 Burmannus
2902 5152 3176 5225 secundus
3231 5160 3489 5225 censent,

1899 5223 2134 5297 garrula,
2170 5242 2197 5277 a
2223 5227 2557 5297 glossemate
2600 5226 2957 5282 descendere.
2986 5223 3290 5297 Mabillon.,
3322 5223 3492 5297 dicti;

1897 5284 2030 5366 Reg.
2052 5284 2326 5370 2,'dic7a:
2349 5299 2572 5370 corrige
2592 5299 2755 5370 ducti.
2790 5297 3061 5370 Barthius,
3089 5310 3214 5351 cum
3245 5284 3495 5370 d'ttoltmc

1896 5364 2136 5427 carmina
2182 5369 2425 5424 Belisarii
2458 5364 2522 5426 et
2558 5369 2760 5425 Liberii
2810 5367 2877 5423 ad
2918 5368 3056 5422 duos
3085 5379 3218 5422 mss.
3273 5364 3496 5422 codices

1895 5440 2146 5512 aliosque
2166 5440 2305 5496 duos
2332 5440 2508 5512 editos
2533 5441 2875 5504 contulisset,
2905 5437 3073 5495 verba
3111 5435 3361 5508 quaedam
3392 5437 3492 5512 ad_-

1896 5506 2209 5583 didit,'qn:e
2239 5511 2442 5583 potiori
2489 5512 2917 5583 jurefusurpare
2958 5524 3067 5583 ego
3097 5506 3325 5583 possunt
3370 5525 3383 5562 :
3425 5506 3497 5583 Et

1896 5578 2435 5655 spinoso'hocflabore
2464 5578 2700 5655 gratulor
2718 5578 2814 5655 me
2871 5578 3194 5655 defunctum.
3243 5578 3378 5634 Sunt
3405 5579 3497 5655 qui

1899 5651 2046 5728 grata
2074 5656 2205 5728 talia
2234 5651 2601 5728 habengvsunt
2639 5653 2729 5725 qui
2758 5651 2984 5728 ingrata.
3022 5652 3136 5725 Ego
3162 5658 3413 5728 anitetata
3436 5651 3497 5728 in

1898 5719 2069 5804 inedia
2096 5726 2351 5804 relinquo.
2382 5719 2605 5782 omnino
2631 5719 2801 5779 autem
2817 5719 3002 5780 melius
3031 5719 3178 5804 pulo,
3209 5719 3337 5775 tales
3358 5720 3501 5804 quis-

1899 5796 2094 5872 quilias
2119 5796 2273 5859 etiam
2301 5807 2502 5858 exstare
2532 5814 2549 5851 :
2593 5812 2707 5855 cum
2727 5805 2999 5856 auctorum
3030 5796 3316 5870 priscorum
3345 5796 3503 5851 etiam
