4038 6312
237 288 339 346 789

849 282 1227 342 DECRETUM
1266 283 1357 342 DE
1392 280 1617 377 LlBlilS
1655 284 2114 357 RECIPIENDIS,
2158 286 2249 347 ET
2287 290 2422 351 NON
2462 289 2917 351 RECIPIENDIS.

3434 289 3541 348 790

236 406 465 461 Christus
495 402 603 460 Dei
641 405 827 473 virtus,
866 412 916 458 et
952 401 1052 459 Dei
1074 411 1101 440 λ
1128 403 1392 473 sapientia
1418 403 1459 475 (Ι
1494 404 1614 458 Cor.
1640 415 1681 472 ι,
1711 402 1830 477 24).
1862 406 1916 467 Α
1939 408 2300 464 constructio.
2358 409 2627 484 Magister,
2677 407 2802 480 quia
2845 411 3106 464 ostensor
3155 404 3301 461 vitae.
3351 402 3485 468 Sol,
3511 413 3536 439 υ

235 496 467 568 Spiritus
496 495 815 552 intellectus
844 492 872 532 ι)
908 512 923 549 :
978 491 1317 550 Intellectum
1356 493 1448 550 tibi
1485 494 1645 564 dabo,
1676 504 1725 551 et
1754 496 1838 551 in-

232 600 423 644 struam
436 599 486 642 te
512 589 573 643 in
595 589 679 643 via
699 588 821 655 hac,
835 604 938 659 qua
955 584 1404 660 gradieris(Psal.
1426 603 1588 657 χχχι,
1608 588 1686 660 8).
1709 588 1845 661 Spit

233 684 369 739 ritus
395 682 624 739 consilii
665 698 679 736 :
715 692 737 721 ο
768 680 838 735 Et
862 680 1133 737 vocabitur
1170 681 1347 754 magni
1375 682 1582 739 consilii
1622 683 1839 755 angelus

238 774 389 845 (lsai.
417 789 496 842 ιι,
526 771 610 846 6).
634 772 870 845 Spiritus
891 771 1130 839 virtutis,
1161 770 1189 810 ιι
1215 783 1272 828 ut
1292 788 1459 843 supra
1482 774 1691 830 dictum
1714 782 1833 830 est:

233 865 467 924 Christus
494 863 598 923 Dei
620 867 804 932 virtus,
833 876 881 921 et
911 863 1009 921 Dei
1034 867 1308 939 sapientia.
1357 867 1598 938 Spiritus
1647 864 1833 925 scien—

231 963 314 1018 tias
346 970 370 998 ο
400 972 634 1032 propter
662 961 1017 1017 eminentiam
1060 961 1312 1017 scientias
1355 960 1483 1019 Jesu
1515 962 1744 1031 Christi,
1777 970 1837 1019 ut

229 1056 301 1112 ait
325 1055 649 1127 Apostolus.
681 1056 927 1127 Spiritus
956 1056 1201 1114 veritatis
1226 1074 1240 1112 :
1264 1055 1335 1113 Et
1372 1054 1392 1096 ί
1408 1074 1502 1130 ego
1520 1059 1641 1128 vita,
1671 1067 1720 1113 et
1748 1072 1849 1115 vet

224 1152 346 1203 ritas
375 1146 565 1222 (Joan.
597 1164 713 1217 11v,
745 1149 823 1220 6).
860 1148 1104 1221 Spiritus
1151 1150 1368 1207 timoris
1409 1165 1425 1205 :
1478 1148 1702 1207 Initium
1747 1168 1834 1207 sa-

229 1240 437 1312 pientia:
461 1242 626 1296 timor
654 1251 679 1290 κ
711 1238 925 1297 Domini
956 1240 1132 1313 (Psal.
1164 1242 1290 1311 HO,
1319 1241 1401 1312 6).

294 1402 650 1476 Multiformis
698 1414 870 1460 autem
909 1404 1180 1530 nqminu‘m
1227 1403 1423 1461 Christi
1470 1404 1499 1443 ιι
1543 1408 1756 1478 dispen-

896 1492 955 1530 sa
980 1493 1031 1530 to
1060 1492 1113 1530 es
1142 1515 1157 1530 .

896 1486 1031 1532 satio
1060 1486 1157 1533 est.

296 1613 633 1685 iDominus,
684 1615 810 1685 quia
860 1614 1134 1671 Christus.
1200 1614 1446 1683 Verbum,
1501 1614 1631 1688 quia
1659 1615 1833 1673 Filius

225 1707 342 1775 Dei,
382 1708 514 1778 quia
548 1708 865 1779 unigenitus
894 1722 924 1763 a
957 1707 1142 1765 Patre.
1177 1708 1193 1759 i
1233 1707 1393 1778 Caro,
1419 1709 1547 1781 quia
1577 1720 1740 1767 natus
1762 1724 1830 1767 ex

1942 499 2070 571 quia
2100 501 2457 558 illuminator.
2494 504 2685 571 Verus,
2709 501 2836 575 quia
2865 514 2896 557 a
2940 501 3125 557 Patre.
3166 498 3307 567 Vita,
3350 509 3379 550 P
3407 499 3534 571 quia

1941 601 2144 649 rector.
2177 592 2362 666 Panis,
2391 596 2516 667 quia
2552 608 2704 652 caro.
2737 593 3124 662 Samaritanus,
3163 593 3290 664 quia
3323 600 3535 657 custos,

1940 694 1998 742 et
2031 686 2365 745 misericors.
2399 688 2655 757 Christus,
2678 690 2807 758 quia
2833 698 3053 744 unctus.
3076 686 3255 755 Iesus,
3281 687 3406 759 quia
3425 686 3536 742 sal-

1937 789 2116 838 vator.
2163 780 2341 851 Deus,
2396 784 2523 855 quia
2578 799 2646 840 ex
2673 783 2785 840 Deo
2813 795 2841 834 (ι
2894 791 3001 840 est.
3050 783 3301 857 Angelus,
3336 791 3361 821 τ
3409 782 3536 855 quia

1939 871 2183 929 nuntius.
2228 872 2486 946 Sponsus,
2517 875 2648 947 quia
2690 875 2987 932 mediator.
3038 872 3195 943 Vitis,
3227 874 3354 944 quia
3399 882 3531 930 san-

1938 965 2102 1035 guine
2132 974 2155 1003 ε
2185 965 2356 1037 ipsius
2379 966 2646 1038 redempti
2667 980 2875 1023 sumus.
2904 966 3032 1034 Leo,
3064 966 3188 1039 quia
3208 978 3325 1023 rex.
3352 964 3531 1032 Petra,

1942 1058 1963 1094 ί
1995 1058 2119 1130 quia
2147 1056 3025 1127 ﬁrmamentum.Fundamentam,
3057 1058 3186 1130 quia
3214 1057 3531 1114 ﬁrmamen-

1938 1158 2075 1205 tum.
2103 1148 2254 1220 Flos,
2286 1151 2415 1221 quia
2448 1151 2681 1208 electus.
2706 1149 2990 1222 Propheta,
3023 1151 3150 1222 quia
3174 1149 3353 1205 futura
3381 1157 3411 1188 ιι
3442 1158 3532 1207 re-

1936 1244 2103 1300 velat.
2133 1243 2376 1315 Spiritus
2404 1254 2433 1283 ν
2461 1244 2610 1301 enim
2641 1252 2866 1300 sanctus
2894 1257 3006 1299 non
3051 1250 3137 1299 est
3181 1242 3360 1299 Patris
3412 1250 3532 1298 tan-

1937 1337 2216 1395 tummodo
2257 1347 2285 1375 κ
2326 1337 2587 1411 Spiritus,
2616 1337 2715 1395 sed
2758 1336 2956 1404 Patris,
2992 1344 3051 1392 et
3076 1334 3222 1391 Filii.
3253 1333 3529 1406 Scriptum

1938 1441 2019 1487 est
2051 1430 2199 1487 enim
2226 1444 2241 1485 :
2270 1440 2299 1480 7
2337 1429 2402 1487 Si
2437 1431 2551 1503 quis
2582 1428 2826 1486 dilexerit
2856 1429 3134 1499 viandum,
3166 1440 3273 1484 non
3310 1434 3386 1483 est
3413 1426 3538 1498 Spi-

1934 1525 2065 1581 ritus
2092 1522 2273 1580 Patris
2302 1525 2357 1579 in
2397 1524 2513 1580 illo.
2541 1524 2678 1582 Item
2725 1526 2992 1596 scriptum
3022 1531 3111 1581 est
3152 1541 3166 1579 :
3222 1522 3329 1592 Qui
3366 1530 3536 1578 autent

1937 1619 2194 1691 Spiritum
2216 1618 2407 1675 Christi
2428 1634 2535 1673 non
2555 1617 2734 1686 habet,
2759 1618 2843 1672 hic
2864 1633 2968 1673 non
2989 1626 3063 1673 est
3084 1619 3221 1688 ejus.
3246 1614 3538 1673 Nominato

1936 1714 2121 1784 itaque
2142 1711 2323 1778 Patre,
2353 1722 2408 1768 et
2435 1710 2598 1779 Filio,
2632 1720 2655 1747 κ
2680 1709 3010 1782 intelligitur
3038 1709 3299 1781 Spiritus,
3328 1707 3398 1765 de
3426 1721 3537 1780 quo

223 1798 460 1871 Virgine.
496 1799 691 1855 Pastor
724 1799 773 1867 κ,
801 1804 927 1873 quia
957 1812 1147 1859 custos
1179 1800 1196 1840 ι
1232 1802 1447 1860 ovium.
1477 1803 1657 1870 Mons,
1700 1804 1827 1877 quia
1857 1812 1908 1874 B
1932 1806 2050 1877 ipse
2094 1804 2266 1861 Filius
2291 1805 2346 1860 in
2373 1804 2668 1876 Evangelia
2694 1804 2867 1860 dicit:
2914 1803 3171 1876 Spiritus,
3194 1803 3284 1873 qui
3313 1820 3345 1857 a
3373 1802 3534 1857 Patre

222 1890 399 1948 tortis.
456 1892 582 1962 Via,
616 1893 744 1965 quia
791 1904 978 1953 rectus
1011 1910 1106 1967 per
1134 1896 1314 1968 ipsum
1361 1897 1647 1968 ingressus
1674 1908 1715 1936 ιπι
1757 1899 1825 1955 ad

218 1987 404 2042 vitam.
433 1986 644 2059 Agnus,
686 1988 815 2060 quia
834 1997 865 2027 ιι
913 2004 1131 2061 passus.
1178 1989 1339 2061 Lapis
1368 1991 1664 2064 angularis,
1696 1993 1823 2066 quia

1937 1897 2205 1970 procedit:
2240 1906 2296 1953 et
2320 1896 2411 1953 ille
2438 1897 2502 1952 de
2529 1913 2643 1951 meo
2673 1896 2916 1968 accipiet,
2940 1905 2987 1951 et
3015 1895 3346 1951 annuntiabit
3369 1895 3531 1951 vobis.

2001 1990 2135 2047 ltem
2156 1991 2361 2049 dictum
2374 2000 2487 2047 est:
2517 1999 2574 2028 αα
2600 1989 2755 2046 Nune
2775 2003 2908 2046 vero
2920 1987 2989 2045 de
3002 1988 3304 2059 Scripturis
3328 1988 3532 2044 divinis

1712 2127 2003 2186 SCHOLIA
2015 2170 2028 2183 .

286 2250 311 2278 τι
341 2241 523 2298 Diess.
556 2241 713 2298 addit
735 2242 833 2297 erit
858 2251 984 2313 post
1011 2242 1291 2310 sapientia.

286 2312 311 2351 ι)
347 2314 528 2369 Diess.
581 2314 734 2369 addit
768 2299 930 2386 juaita
955 2299 1091 2369 illud
1117 2324 1244 2386 post
1283 2299 1598 2386 intellectus.
1644 2312 1823 2371 Locus

218 2394 298 2441 est
323 2386 521 2455 psalmi
552 2402 701 2449 xxxi,
723 2384 883 2458 vers.
918 2386 973 2452 8,
998 2399 1158 2453 quem
1192 2384 1315 2441 Vat.
1346 2385 1398 2446 1,
1432 2387 1589 2458 legit,
1616 2387 1823 2444 utVul-

217 2466 575 2540 gata-nostra.
601 2457 872 2540 -Vatic:_2,
907 2458 967 2540 in
990 2458 1092 2523 via,
1120 2473 1222 2527 qua
1245 2458 1589 2540 ingredieris.
1625 2459 1822 2540 Diess.,

220 2528 554 2653 lnt‘qllectum
578 2529 712 2584 dabo
746 2529 860 2596 tibi,
889 2538 935 2584 et
951 2530 1207 2583 instruam
1236 2536 1284 2584 te
1310 2528 1364 2582 in
1395 2530 1504 2597 via,
1528 2531 1582 2585 in
1613 2547 1717 2602 qua
1744 2532 1825 2586 in-

220 2616 303 2653 ore
341 2618 495 2653 teris.

252 2616 495 2656 redieris.

219 2618 565 2741 ﬂagitiis,
620 2672 817 2740 Diess.,
852 2669 923 2726 Et
957 2670 1224 2726 vocabitur
1257 2676 1443 2727 nomen
1487 2677 1602 2746 ejus
1630 2676 1826 2748 magni,

221 2752 323 2799 CIC.

285 2813 311 2852 ἀ
342 2816 561 2880 Diess.,
591 2825 645 2870 ut
667 2832 869 2887 supra:
904 2812 1002 2869 Dei
1022 2816 1207 2879 virtus,
1238 2826 1350 2872 etc.

291 2899 313 2925 ο
358 2888 547 2943 Diess.
575 2930 590 2953 ,
637 2897 922 2957 corrupte,
984 2896 1200 2958 propter
1246 2888 1572 2958 imminentia
1617 2886 1825 2944 Christo

220 2960 438 3013 scientia
465 2958 599 3014 Jesu
628 2957 888 3027 Apostoli.
938 2957 1236 3029 Apostolus
1286 2959 1351 3013 ad
1382 2957 1583 3029 Ephes.
1617 2975 1699 3029 ιιι,
1733 2962 1820 3029 19,

221 3033 314 3103 ait,
343 3032 816 3103 supereminentem
837 3031 1070 3084 scientia:
1096 3030 1389 3103 claritatem
1416 3030 1634 3103 Christi.

1927 2245 2244 2316 pariantur:
2278 2252 2330 2300 et
2360 2245 2759 2316 Baroniusloc.
2785 2245 2880 2301 cit.
2905 2245 3023 2301 haec
3046 2242 3160 2316 ipsa
3183 2245 3287 2301 sub
3309 2244 3528 2302 Damasi

1928 2314 2152 2372 nomine
2180 2331 2245 2371 ex
2278 2314 2515 2372 concilio
2546 2318 2799 2372 Romano
2823 2317 3051 2385 profert,
3070 2314 3290 2385 scilicet
3310 2332 3375 2385 ex
3405 2317 3534 2382 hoc,

1926 2386 2073 2515 guod
2104 2388 2485 2472 pratqmanibus
2517 2388 2805 2471 habemus,
2824 2382 2886 2444 'et
2920 2382 3181 2442 alio'loco
3200 2382 3385 2443 laudat
3416 2386 3535 2458 ipse

1974 2474 2217 2515 aramus.
2243 2469 2299 2515 ut
2327 2472 2491 2515 suura
2523 2460 2655 2515 dun.

1974 2461 2299 2529 arunius,‘ut
2327 2472 2491 2528 supra
2523 2460 2655 2515 dixi.

2000 2539 2024 2565 κ
2056 2527 2253 2595 Diess.,
2310 2527 2796 2603 Spiritusisanctus
2835 2538 3054 2603 ngaﬂest
3096 2527 3271 2603 Patris
3302 2539 3529 2603 tantum-

1927 2603 2082 2659 modo
2120 2598 2367 2673 spiritus,
2411 2602 2502 2657 sed
2547 2602 2755 2671 Patris,
2784 2613 2831 2657 et
2869 2598 3002 2656 Filii
3033 2601 3269 2671 spiritus.
3302 2602 3422 2657 Vat.
3464 2603 3527 2673 ‘2.

1926 2688 2049 2729 cum
2078 2668 2338 2740 Ba'ronio,
2370 2691 2473 2729 non
2514 2683 2588 2729 est
2634 2668 2808 2730 Patris
2845 2668 3218 2743 tantummodo,
3266 2682 3354 2728 aut
3401 2668 3530 2729 Filii

1930 2746 2286 2801 tantummodo
2312 2746 2560 2817 spiritus:
2593 2748 2843 2815 scriptum
2870 2753 2977 2817 est,
2998 2753 3106 2799 etc.

1997 2827 2021 2865 π
2057 2818 2138 2873 Ex
2167 2815 2378 2886 epistJl
2422 2815 2621 2874 Joann.
2675 2834 2735 2881 tt,
2783 2818 2850 2874 lb’
2883 2834 2896 2869 :
2932 2816 3021 2872 ubi
3075 2826 3253 2873 tamen
3296 2817 3521 2888 Vulgata

1932 2900 2121 2961 ucstra
2150 2889 2393 2957 exhibet,
2431 2889 2492 2945 Si
2515 2892 2630 2961 quis
2656 2889 2825 2961 diligit
2860 2887 3131 2961 mundum,
3169 2901 3369 2961 nonest
3399 2887 3530 2944 alia.

1927 2961 2055 3015 ritas
2090 2959 2264 3015 Patris
2294 2961 2346 3014 in
2377 2978 2455 3016 eo.
2483 2959 2740 3032 sequitur
2756 2959 2835 3016 'ex
2863 2959 3025 3029 epist.
3042 2959 3203 3032 Pauli
3230 2959 3297 3015 ad
3328 2960 3527 3017 Roma-

1929 3048 2032 3088 nos
2055 3048 2172 3099 vul,
2202 3046 2345 3087 vers.
2379 3034 2444 3090 9:
2483 3030 2589 3099 Qui
2612 3044 2807 3099 autem;
2838 3041 2967 3095 etc.,
3004 3030 3092 3086 ubi
3124 3031 3297 3087 Diess.
3331 3033 3522 3098 refert,

293 3102 310 3141 ί
351 3100 477 3158 Vat.
509 3101 567 3168 2,
601 3100 715 3175 Ego
743 3104 868 3169 vita,
900 3110 948 3156 et
994 3103 1193 3157 veritas.
1249 3102 1449 3169 Diess.,
1487 3101 1596 3174 Ego
1624 3104 1730 3172 via,
1770 3114 1818 3158 et
1845 3104 1889 3166 C
1926 3102 2169 3176 Quisquis
2196 3114 2388 3166 autem.
2410 3104 2651 3173 Vulgata,
2674 3105 2734 3160 Si
2759 3103 3097 3176 quisautem.

220 3175 338 3243 rita,
372 3182 425 3229 et
455 3176 666 3229 veritas.

294 3256 318 3293 ς
358 3246 543 3302 Diess.
563 3246 716 3301 addit
744 3244 840 3299 Dei
874 3254 996 3314 post
1024 3244 1247 3299 timoris.
1770 3272 1781 3281 ρ

294 3315 317 3353 ¹³
356 3319 482 3374 Vat.
505 3318 558 3384 l,
593 3317 867 3379 disertatio
898 3326 1007 3382 est;
1037 3316 1272 3373 fortasse
1301 3317 1542 3388 genuina
1563 3314 1824 3374 estlectiu

223 3388 527 3461 dissertatio,
563 3397 659 3444 est.
698 3388 871 3461 Vatic.
902 3388 958 3452 2,
990 3389 1309 3461 dispensatio
1347 3398 1444 3461 est.
1477 3389 1683 3454 Diess.,
1714 3389 1819 3445 dis-

123 3526 130 3535 .
222 3462 459 3535 pensatio
488 3460 609 3535 sine
630 3471 727 3515 est.
757 3454 1145 3535 Casau.,_ltem
1183 3459 1247 3535 de
1268 3454 1582 3535 multifgrmi
1609 3461 1826 3535 dispen-

221 3528 421 3603 satione
446 3533 714 3587 nominum
745 3528 959 3603 Christi.
991 3533 1062 3586 De
1095 3531 1413 3586 nominibus
1438 3531 1644 3588 Christi
1673 3528 1826 3603 quac-

224 3602 343 3659 dam
368 3613 558 3659 notata
585 3614 712 3659 sunt
733 3604 785 3657 in
814 3602 988 3658 schol.
1019 3604 1086 3657 ad
1120 3603 1353 3672 elegiam
1384 3618 1436 3656 ν.
1472 3604 1593 3660 104.

300 3674 313 3711 ί
349 3676 476 3732 Vat.
502 3677 560 3729 2.
588 3673 919 3746 Dominus...
960 3672 1201 3746 Verbum,
1234 3673 1357 3746 quia
1373 3672 1464 3727 Dei
1500 3676 1665 3745 ﬁlius,
1698 3674 1824 3746 quia

227 3747 527 3828 nnigenitus
556 3745 834 3828 ex'Patre.
856 3746 1072 3828 Diess.,
1090 3742 1374 3826 Dominus,
1405 3742 1561 3827 quiet
1583 3742 1825 3828 spiritus;

229 3815 500 3942 paruum,
550 3818 677 3889 quia
726 3815 906 3885 Deus;
961 3815 1173 3885 Filius,
1231 3815 1358 3886 quia
1412 3815 1707 3888 unigenitus
1763 3832 1827 3871 ea:

277 3902 411 3942 utre.

277 3902 411 3945 utre.

296 3962 309 4013 i
350 3962 476 4019 Vat.
500 3963 558 4027 2,
585 3961 788 4025 Diess.,
812 3959 1022 4027 Homo;
1052 3959 1174 4020 Vat.
1216 3968 1264 4032 l,
1295 3964 1453 4020 Caro.

294 4032 318 4070 ¹ί
352 4033 528 4106 Vatia.
569 4037 616 4097 2,
654 4032 827 4106 Diess.
857 4032 1083 4098 addunt,
1131 4037 1411 4102 Sacerdos,
1440 4034 1564 4106 quia
1594 4049 1648 4106 se
1684 4032 1831 4087 obtu-

226 4104 280 4158 li!
309 4105 696 4160 holocaustum.
730 4102 955 4167 Pastor;
985 4109 1128 4170 quod
1166 4109 1283 4164 Vat.
1310 4111 1336 4163 1
1370 4102 1754 4176 praetermittit.

303 4176 315 4216 ι
365 4177 487 4250 Vat.
521 4177 578 4243 2,
600 4176 771 4231 Diess.
803 4178 1253 4250 omittuntovium
1285 4174 1410 4250 post
1435 4186 1630 4250 custos.
1675 4174 1831 4232 Uter-

226 4265 330 4317 que
360 4249 450 4304 hic
479 4250 654 4304 codex
685 4259 806 4319 pust
835 4253 1007 4319 castas
1038 4248 1190 4308 illico
1245 4248 1466 4316 Vermis,
1499 4248 1622 4319 quia
1651 4263 1828 4302 resur-

228 4323 374 4385 rexit,
395 4320 543 4391 quod
573 4317 734 4375 deest
764 4321 816 4375 in
849 4317 1025 4374 Vatic.
1050 4320 1101 4376 l.

296 4402 335 4429 ιη
371 4391 497 4447 Vat.
526 4392 583 4465 2,
616 4391 671 4445 in
701 4393 880 4465 vitam.
921 4391 1115 4465 Diess.,
1150 4393 1271 4464 Via,
1298 4396 1421 4465 quia
1446 4400 1616 4449 rectus
1647 4406 1665 4445 :
1710 4392 1832 4460 quia

227 4479 317 4534 per
341 4468 515 4530 ipsum
542 4464 810 4536 ingressus
830 4463 887 4516 in
908 4464 1073 4536 vitam
1093 4477 1190 4521 est.

298 4545 329 4570 ιι
352 4503 557 4599 Diess.,
573 4503 757 4607 pissas
778 4545 874 4590 est.
891 4503 1220 4607 Lapis,
1241 4538 1513 4593 instructio
1529 4534 1823 4605 angularia.
1856 4503 1908 4564 Β

230 4607 431 4681 νοιηε,
463 4624 681 4681 passus.
706 4607 869 4681 Lapis
892 4607 1181 4681 angularis,
1204 4610 1325 4681 quia
1352 4608 1648 4665 instructio.

304 4691 328 4715 °
360 4680 563 4746 Diess.,
595 4680 719 4747 quia
756 4679 1035 4734 illuminat.

304 4761 332 4801 P
366 4752 569 4817 Diess.,
604 4752 720 4805 Vat.
747 4752 803 4819 2,
836 4751 956 4817 quia
977 4762 1203 4808 creator.

306 4832 333 4873 (ι
365 4825 565 4890 Diess.,
593 4822 717 4879 Vat.
759 4824 795 4877 2
822 4824 1085 4879 omittunt
1113 4835 1185 4879 est
1218 4834 1343 4894 post
1376 4822 1506 4888 Deo,
1551 4821 1699 4893 quod
1739 4821 1835 4878 alii

232 4895 522 4952 exhibent.

309 4976 328 5003 τ
362 4968 538 5022 Diess.
551 5008 567 5033 ,
596 4967 719 5038 quia
746 4967 953 5023 missus.

310 5047 331 5075 ⁸
368 5039 488 5095 Vat.
520 5040 577 5107 2,
609 5040 723 5110 ejus
752 5054 849 5109 pro
878 5040 1064 5110 ipsius.

313 5113 329 5147 ι
366 5112 569 5177 Diess.,
599 5106 722 5181 quia
749 5106 1143 5183 fundamentum
1192 5110 1509 5180 ﬁrmamenti
1557 5117 1652 5164 est.
1684 5106 1832 5177 Flos,

237 5191 344 5239 etc.

309 5264 335 5292 ιι
373 5256 543 5321 Dies.,
574 5252 834 5309 reuelauit.

306 5337 331 5364 ν
348 5327 525 5383 Diess.
551 5327 754 5381 omittit
776 5326 936 5380 enim.
962 5324 1221 5382 Fortasse
1243 5325 1533 5397 legendum
1548 5335 1633 5397 est
1652 5326 1839 5397 etiam:

240 5414 359 5455 nam
389 5401 442 5454 in
476 5414 608 5453 mss.
643 5399 759 5452 haec
784 5399 898 5453 duo
918 5413 1066 5467 saepe
1095 5396 1320 5453 contusa
1352 5398 1555 5463 reperi.
1588 5396 1841 5467 Labbeus

240 5479 367 5526 tom.
400 5486 439 5525 ll
469 5470 577 5524 col.
607 5469 736 5533 895,
759 5472 825 5523 ad
850 5466 1020 5540 marg.
1052 5470 1132 5524 sic
1162 5482 1343 5524 notat:
1380 5468 1510 5523 Htec
1537 5470 1602 5523 ab
1633 5466 1840 5523 Holste~

237 5559 342 5604 nio,
377 5554 470 5597 aut
498 5542 605 5596 alio
625 5549 802 5596 assuta
835 5542 996 5612 fuisse
1024 5542 1399 5612 superioribus,
1427 5541 1590 5595 multa
1618 5539 1840 5612 docent:

238 5631 398 5687 neque
427 5615 566 5668 enim
597 5610 853 5667 coliterent
894 5628 1013 5666 cum
1055 5610 1405 5737 superioribus
1433 5614 1554 5679 ista,
1597 5628 1714 5682 qua:
1738 5610 1845 5665 Ba-

239 5688 419 5737 tonius
460 5686 529 5737 ad
552 5701 751 5737 annum
774 5683 903 5737 44⁸7.
930 5700 1082 5737 num.
1158 5686 1206 5737 1.
1240 5686 1420 5737 recitat
1449 5700 1512 5737 ea:
1540 5684 1845 5737 collectione

239 5683 419 5741 mitius
460 5686 529 5738 ad
552 5701 751 5738 annum
774 5683 903 5749 447,
930 5700 1082 5740 num.
1114 5683 1206 5749 2i,
1240 5686 1420 5738 recitat
1449 5700 1512 5739 ea:
1540 5684 1845 5738 collectione

240 5755 614 5813 Cresconiana.
647 5755 846 5811 Verum
892 5756 1117 5811 dubium
1163 5772 1269 5808 non
1297 5765 1404 5821 est,
1441 5757 1576 5826 quin
1620 5755 1673 5809 in
1697 5753 1845 5809 anti-

243 5831 528 5899 quissimis
560 5825 855 5903 codicibus
884 5827 1017 5899 .lncc
1053 5826 1434 5898 superioribus
1471 5827 1726 5898 adjuncta
1756 5842 1845 5882 re-

2000 3184 2022 3211 ι
2058 3173 2177 3230 Vat.
2204 3176 2261 3233 2.
2292 3190 2413 3230 cum
2457 3176 2725 3241 Baronio,
2772 3173 3077 3244 intelligitur
3120 3173 3356 3244 Spiritus
3396 3192 3518 3229 san-

1924 3256 2055 3302 ctus.
2072 3247 2341 3303 Baronius
2366 3248 2570 3319 omittit
2597 3249 2707 3319 ipse
2730 3254 2862 3319 ante
2889 3243 3082 3319 Filius.
3104 3243 3526 3319 Diess.,“lVomi-

1925 3331 2080 3373 natus
2130 3328 2305 3372 autem
2347 3336 2379 3372 a
2425 3318 2586 3374 Patre
2617 3315 2677 3373 'et
2724 3315 2888 3383 Filio,
2934 3315 3250 3387 intelligitur
3293 3316 3525 3387 Spiritus

1924 3402 2155 3463 sanctus,
2186 3390 2249 3463 de
2277 3406 2374 3459 quo
2406 3391 2536 3463 ipse,
2555 3401 2662 3447 etc.
2690 3390 2866 3463 Lucus
2894 3388 3178 3463 Evangelii
3208 3399 3292 3443 est
3319 3388 3522 3463 inanti.

1926 3478 1992 3517 xv
2017 3504 2029 3525 ,
2058 3458 2159 3517 26':
2194 3458 2451 3532 Spiritum
2480 3463 2728 3527 veritatis,
2760 3462 2848 3529 qui
2882 3478 2912 3513 a
2944 3458 3103 3532 Patre
3137 3461 3386 3532 procedit.
3422 3460 3524 3515 Ba-

1898 3535 2115 3589 tonius
2145 3529 2266 3587 cum
2320 3535 2519 3600 Diess.,
2556 3534 2674 3589 Vat.
2705 3532 2762 3600 2,
2799 3532 2935 3600 Quia
2986 3529 3217 3603 Spiritus
3254 3542 3525 3603 sanctusa

1930 3603 2087 3660 Patre.
2134 3608 2384 3674 procedit.
2441 3608 2594 3660 Alter
2630 3608 2782 3661 locus
2824 3599 2908 3658 est
2943 3599 3169 3674 Joann.
3196 3599 3315 3667 xvn,’
3346 3604 3430 3659 t5.
3465 3602 3523 3658 in

1931 3675 2053 3732 Vat.
2092 3673 2361 3747 i'estiilli
2412 3677 2674 3732 mendose
2716 3690 2816 3747 pro
2844 3674 2953 3729 ille.
3002 3673 3059 3728 In
3096 3673 3324 3745 reliquis
3369 3675 3526 3730 deest

1928 3747 2039 3815 ille,
2082 3757 2140 3801 ut
2168 3748 2222 3801 in
2248 3746 2495 3817 Vulgata.

2004 3826 2062 3855 ιι·
2092 3817 2248 3884 Hice,
2291 3816 2805 3888 etquarsequuntur
2843 3832 2965 3888 cum
2991 3816 3178 3888 multis
3204 3817 3329 3888 aliis
3350 3817 3523 3872 codex

1929 3889 2338 3952 Casanatensis,
2354 3886 2411 3942 et
2423 3889 2562 3944 alius
2576 3886 2757 3959 regius
2772 3887 3104 3959 Parisiensis
3117 3886 3526 3959 Gelasioascri-

1932 3961 2087 4027 bunt,
2116 3960 2311 4029 quibus
2342 3960 2587 4016 adhaeret
2634 3955 2803 4015 codex
2862 3956 3216 4029 Florentinus
3241 3957 3301 4013 S.
3331 3955 3525 4027 Marci,

1933 4033 2024 4102 qui
2050 4027 2364 4102 postvcrba
2391 4039 2441 4102 et
2470 4030 2798 4102 annuntiabit
2830 4029 2969 4102 vobis
3001 4027 3217 4102 titulum
3258 4029 3404 4102 hunc
3428 4042 3530 4102 ap-

1936 4098 2090 4169 ponit
2117 4119 2129 4155 :
2162 4100 2359 4170 Incipit
2383 4101 2659 4157 Decretum
2709 4101 2773 4155 de
2793 4099 3100 4171 abjiciendis
3138 4108 3185 4151 et
3214 4098 3529 4171 recipiendis

1934 4167 2103 4239 libris,
2125 4174 2264 4244 quod
2285 4167 2553 4245 scriptum
2599 4180 2673 4227 est
2701 4189 2731 4225 a
2782 4167 2991 4245 Gelasio
3035 4184 3336 4245 papa__cum
3374 4167 3531 4245 LXX

1934 4239 2298 4301 eruditissimis
2322 4239 2447 4299 viris
2472 4245 2728 4316 episcopis
2759 4245 2813 4296 in
2845 4243 2964 4316 sede
2994 4239 3281 4311 apostolica
3316 4240 3372 4316 in
3402 4239 3531 4293 urbe

1935 4317 2124 4373 Roma.
2158 4316 2438 4371 Ballerinii
2464 4311 2798 4378 existimant,
2836 4313 3308 4383 primamApartem
3340 4311 3533 4366 hacte-

1937 4403 2042 4444 nus
2082 4390 2393 4458 expOsitam
2439 4386 2661 4442 concilii
2702 4380 2935 4441 Ruinam
2975 4382 3050 4458 ad
3079 4380 3373 4458 Damasum
3414 4388 3537 4450 spe-

1936 4469 2109 4525 ctare,
2126 4453 2233 4514 nim
2253 4461 2379 4515 item
2394 4458 2765 4529 reliqua.Nam
2782 4458 2897 4529 haec
2913 4453 3547 4529 pra:l'atiojunuit,.agen-

1937 4532 2066 4588 dum
2091 4523 2218 4587 esse
2245 4532 2312 4587 de
2336 4531 2489 4585 libris
2515 4523 2847 4601 apocryphis
2875 4546 2889 4583 :
2916 4523 3207 4601 hocqenim
3230 4523 3552 4601 signiﬁcant

1940 4605 2103 4660 verba
2134 4601 2260 4672 quid
2284 4603 2436 4656 vitari
2463 4597 2663 4657 debeat.
2687 4597 2779 4658 Cl.
2813 4598 3135 4672 Zacharias,
3177 4598 3270 4672 qui
3316 4597 3551 4651 Damaso
3639 4600 3646 4606 ‘

1937 4669 2262 4748 sequentem
2294 4689 2560 4748 rationem
2601 4674 3010 4745 Scripturarum
3037 4669 3341 4739 adjudicat,
3388 4678 3551 4748 repo-

1940 4748 2042 4812 nit,
2068 4747 2209 4800 hanc
2236 4746 2533 4800 secundam
2566 4754 2773 4816 partem
2793 4756 3097 4816 connexum
3125 4755 3265 4816 esse
3278 4755 3402 4816 cum
3430 4746 3548 4810 pri-

1941 4809 2050 4885 ma,
2083 4827 2139 4873 et
2163 4816 2393 4873 indicari
2420 4817 2527 4873 illis
2560 4809 2745 4873 Verbis
2776 4816 2935 4871 initio
2980 4812 3195 4884 positis,
3222 4809 3438 4885 Dictum
3469 4821 3547 4866 est

1940 4891 2198 4963 agendum
2221 4904 2402 4963 ratus,
2426 4889 2620 4963 quibus
2649 4889 2767 4963 haec
2798 4885 3156 4963 respotidettt,
3210 4884 3368 4938 Nunc
3402 4898 3540 4963 pero

1941 4952 2006 5034 de
2034 4961 2323 5034 Scripturis
2350 4952 2539 5015 divinis
2558 4961 2818 5034 agendum
2841 4952 2937 5034 est,
2962 4965 3069 5034 ctc.
3094 4955 3365 5034 Observat
3383 4952 3541 5009 dein-

1939 5033 2028 5101 de,
2054 5025 2364 5109 sermonem
2390 5025 2742 5109 taulum'esse
2763 5031 2827 5109 de
2853 5025 3141 5109 scripturis
3154 5025 3366 5094 divinis,
3387 5040 3541 5109 qure-

1941 5100 2065 5161 nant
2097 5105 2150 5159 in
2185 5104 2660 5179 canonetn‘recipi
2709 5104 2963 5179 debeant.
3005 5100 3248 5179 Denique
3287 5100 3536 5179 cunjicit,

1941 5185 2066 5247 post
2081 5191 2345 5231 canonem
2359 5166 2765 5243 Scripturarum
2795 5175 2849 5229 in
2881 5172 3112 5247 concilio
3139 5166 3537 5247 Damasiluisse

1943 5240 2261 5322 indiculum,
2291 5261 2400 5317 quo
2421 5240 2513 5301 alii
2562 5247 2702 5322 libri
2737 5247 2839 5322 sub
2888 5240 3286 5322 a_postolort_mt_
3317 5240 3538 5294 nomine

1942 5320 2165 5375 conticti
2188 5309 2539 5383 damnantur,
2570 5319 2662 5389 qui
2691 5318 2890 5388 legitur
2910 5309 2966 5389 in
2996 5311 3225 5389 epistola
3264 5309 3541 5389 .Innocen—

1949 5392 2005 5463 lii
2038 5390 2058 5446 l
2081 5405 2222 5445 anno
2246 5391 2355 5445 405
2381 5390 2448 5444 ad
2479 5381 2813 5463 Exuperiu'm
2836 5384 3152 5463 episcopum
3180 5381 3538 5463 Tolosanum.

1943 5462 2144 5517 Caetera
2167 5471 2358 5527 autem,
2384 5477 2499 5529 qua:
2519 5451 2618 5515 sub
2654 5451 2884 5516 nomine
2912 5451 3174 5529 Matthiae,
3226 5453 3330 5506 sive
3357 5451 3544 5507 Jacobi

1945 5535 2183 5600 minoris,
2210 5532 2289 5587 vel
2319 5524 2412 5586 sub
2441 5532 2648 5587 nomine
2688 5529 2851 5600 Petri,
2877 5524 3193 5600 etJoannis,
3214 5538 3332 5600 qut:
3357 5538 3391 5578 a
3412 5539 3549 5594 quo-

1946 5611 2068 5660 dant
2098 5596 2290 5660 Leucio
2319 5604 2513 5676 scripta
2554 5611 2695 5676 sunt,
2750 5599 2828 5654 vel
2857 5596 3187 5676 sub__non_tine
3215 5596 3459 5676 Thomas2
3498 5605 3546 5649 et

1946 5678 1992 5732 si
2015 5693 2120 5745 qua
2148 5683 2269 5730 sunt
2300 5667 2454 5741 taliti,
2481 5691 2584 5745 non
2603 5667 2771 5745 solum
2794 5667 3143 5745 repudianda,
3164 5680 3343 5745 verum
3391 5668 3550 5745 Etiam

1948 5728 2161 5803 inieris
2180 5728 2290 5803 esse
2314 5728 2641 5801 damnanda.
2705 5742 2805 5797 Hic
2849 5728 3033 5797 autem
3086 5728 3358 5793 indiculus
3390 5728 3550 5795 facile

1956 5822 2134 5876 omitti
2164 5821 2336 5889 potuit
2359 5833 2389 5874 a
2422 5818 2682 5883 librariis,
2712 5814 2855 5886 quod
2889 5815 3177 5872 Decretum
3202 5807 3551 5897 Gelasianum
