4038 6312
484 271 586 331 791

1459 255 1811 319 APPENDIX
1850 256 1945 317 AD
1973 253 2207 316 OPERA
2236 251 2458 314 CCELII
2487 252 2781 313 SEDULII.

3675 251 3779 314 791

482 382 750 457 agendum
794 389 901 451 est,
932 377 1061 452 quid
1104 386 1130 416 ιι
1164 372 1493 436 universalis
1530 369 1803 428 catholica
1834 367 2080 427 Ecclesia
2104 371 2160 436 Α
2187 363 2482 457 Sophoniae
2507 364 2648 420 liber
2670 377 2833 421 unus.

479 484 689 546 teneat,
720 484 775 533 et
802 474 935 548 quid
959 473 1122 529 vitari
1144 470 1371 529 debeat.

804 567 1003 639 Incipit
1023 565 1153 623 ordo
1189 562 1391 622 Veteris
1414 559 1752 620 Testamenti.

482 662 714 723 Genesis
739 660 881 717 liber
903 673 1065 716 unus.

480 755 707 814 Exodus
737 752 876 811 liber
905 765 1069 810 unus.

480 847 760 908 Leviticus
787 847 929 905 liber
954 860 1117 905 unus.

480 941 708 1001 Numeri
743 940 891 999 liber
912 955 1078 998 unus.

477 1032 513 1074 ι»
535 1032 1028 1092 Deuteronomium
1056 1031 1199 1089 liber
1222 1045 1386 1089 unus.

482 1128 617 1186 Jesu
634 1127 785 1186 Nave
805 1128 947 1186 liber
969 1141 1135 1186 unus.

480 1222 741 1281 Iudicum
769 1222 918 1281 liber
950 1237 1113 1281 unus.

482 1316 639 1375 Ruth
666 1315 806 1375 liber
838 1330 1003 1373 unus.

481 1410 838 1484 Regumlibri
865 1419 1133 1484 quatuor.

484 1506 949 1577 Paralipomenon
970 1504 1095 1562 libri
1121 1504 1258 1562 duo.

487 1611 514 1640 ο
538 1600 868 1657 Psalterium
898 1599 1043 1658 liber
1062 1614 1225 1656 unus.

484 1693 800 1754 Salomonis
825 1693 951 1750 libri
983 1702 1118 1751 tres.

483 1787 515 1826 εί
542 1788 967 1845 Proverbiorum
992 1787 1136 1846 liber
1162 1801 1328 1846 unus.

484 1881 859 1941 Ecclesiastes
898 1881 1037 1939 liber
1061 1895 1224 1939 unus.

482 1974 710 2033 Cantica
728 1975 1069 2032 canticorum
1096 1974 1235 2032 liber
1262 1989 1423 2031 unus.

490 2069 626 2127 Item
644 2070 941 2142 Sapientiae
969 2070 1108 2128 liber
1133 2084 1299 2128 unus.

493 2164 919 2225 Ecclesiasticus
942 2166 1087 2243 liber
1113 2182 1275 2224 unus.

902 2259 1102 2335 Incipit
1121 2264 1250 2321 ordo
1280 2264 1677 2338 prophetarum.
1725 2267 1732 2278 '

494 2352 671 2410 Esaia:
701 2352 844 2412 liber
870 2370 1031 2413 unus.

489 2443 786 2503 Hieremiae
814 2446 955 2504 liber
984 2463 1127 2507 unus
1161 2458 1185 2489 ο
1216 2464 1341 2508 cum
1371 2465 1481 2510 uno
1512 2450 1729 2510 Baruch
1761 2467 1777 2521 ;
1811 2450 1942 2512 item
1964 2467 2090 2510 cum

562 2539 1078 2599 Lamentationibus
1114 2542 1251 2603 suis.

492 2632 805 2692 Ezechielis
824 2634 968 2692 liber
988 2650 1149 2694 unus.

489 2730 736 2789 Danielis
765 2731 904 2789 liber
933 2747 1097 2790 unus.

495 2826 618 2885 Joel
638 2826 779 2884 liber
813 2842 975 2885 unus.

494 2920 689 2978 Abdia:
712 2921 854 2979 liber
879 2938 1041 2979 unus.

494 3016 654 3073 Osca:
682 3016 825 3075 liber
845 3032 1008 3074 unus.

495 3112 671 3170 Amos
687 3110 830 3170 liber
851 3127 1015 3169 unus.

496 3205 756 3263 Micbteas
781 3207 921 3265 liber
943 3223 1102 3266 unus.

499 3302 655 3360 Jonae
678 3303 817 3360 liber
833 3318 994 3362 unus.

499 3397 713 3454 Nahum
742 3397 883 3453 liber
915 3412 1076 3453 unus.

509 3490 767 3550 Abbacuc
796 3490 938 3549 liber
965 3505 1130 3548 unus.

2183 456 2371 532 Aggazi
2399 456 2537 514 liber
2559 470 2723 513 unus.

2185 550 2465 608 Zachariae
2494 547 2633 607 liber
2654 562 2814 606 unus.

2183 642 2463 704 Malachite
2484 642 2625 701 liber
2649 659 2812 702 unus.

2635 735 2772 794 Item
2809 736 2939 795 ordo
2967 736 3332 795 historiarum.

2185 837 2290 896 Job
2315 834 2457 894 liber
2481 850 2643 894 unus.

2187 931 2375 989 Tohite
2401 930 2543 987 liber
2563 944 2730 987 unus.

2108 1068 2111 1073 .
2186 1022 2375 1082 Judith
2400 1021 2543 1079 liber
2570 1034 2715 1078 unus
2740 1018 2787 1077 ί.

2189 1117 2387 1175 Hester
2415 1114 2557 1173 liber
2583 1129 2742 1172 unus.

2190 1209 2384 1269 Esdraa
2406 1208 2548 1267 liber
2586 1221 2751 1265 unus.

2190 1302 2627 1362 Machabteorum
2650 1299 2776 1358 libri
2804 1299 2935 1358 duo.

2191 1419 2326 1479 Item
2346 1422 2475 1478 ordo
2496 1419 2898 1492 Scripturarum
2920 1415 3058 1474 Novi
3078 1417 3422 1490 Testamenti,
3451 1437 3587 1493 quas
3615 1432 3787 1480 sancta

2553 1522 2601 1570 et
2630 1513 2895 1570 catholica
2915 1512 3134 1585 suscipit
3171 1512 3434 1571 Ecclesia.

2189 1607 2548 1680 Evangelium
2572 1606 2877 1665 secundum
2905 1604 3222 1664 Hatthaeum
3252 1607 3393 1665 liber
3423 1623 3589 1666 unus.

2186 1701 2501 1760 Secundum
2532 1700 2774 1757 Marcum
2799 1699 2938 1757 liber
2954 1713 3115 1757 unus.

2114 1775 2165 1836 Β
2190 1796 2504 1857 Secundum
2530 1795 2735 1853 Lucam
2759 1795 2902 1854 liber
2926 1810 3091 1853 unus.

2191 1888 2506 1964 Secundum
2533 1889 2801 1947 Joannem
2823 1887 2967 1947 liber
2983 1903 3150 1945 unus.

2550 1979 2808 2055 Epistolis
2826 1980 2986 2039 Pauli
3016 1998 3235 2038 numero
3261 1979 3309 2037 Χ
3320 1982 3343 2037 Ι
3365 1982 3425 2038 γ.

2190 2076 2275 2136 Ad
2304 2075 2581 2133 Romanos
2607 2089 2738 2131 una.

2190 2170 2275 2230 Ad
2302 2169 2620 2229 Corinthios
2646 2168 2792 2227 dum.

2192 2266 2276 2325 Ad
2306 2265 2581 2341 Ephesios
2608 2279 2740 2322 una.

2192 2361 2278 2420 Ad
2306 2360 2829 2419 Thessalonicenses
2857 2358 2999 2416 dua).

2195 2456 2278 2515 Ad
2307 2456 2534 2514 Galatas
2564 2468 2697 2510 una.

2195 2550 2280 2609 Ad
2303 2548 2688 2621 Pbilippenses
2717 2561 2848 2604 una.

2196 2644 2282 2702 Ad
2311 2641 2697 2701 Collossenses
2725 2656 2856 2698 una.

2200 2737 2284 2797 Ad
2312 2735 2665 2795 Timotheum
2695 2733 2840 2791 dum.

2203 2829 2287 2888 Ad
2316 2829 2499 2887 Titum
2529 2842 2657 2884 una.

2201 2923 2286 2982 Ad
2317 2921 2695 2979 Philemonem
2724 2934 2857 2977 una.

2204 3018 2289 3077 Ad
2316 3018 2579 3076 Hebraeos
2604 3030 2714 3073 una
2746 3024 2799 3070 κ.

2204 3115 2339 3172 Item
2370 3110 2399 3151 ιι
2428 3110 2786 3185 Apocalypsis
2812 3108 3041 3167 Joannis
3067 3109 3316 3182 Apostoli
3347 3108 3484 3167 liber
3517 3127 3673 3171 unus.

2132 3176 2181 3241 θ
2212 3208 2382 3264 Actus
2411 3176 2799 3277 Apostolorum
2828 3200 2970 3260 liber
2994 3176 3156 3259 unus.

2209 3300 2344 3358 item
2373 3297 2640 3371 Epistolas
2667 3296 2961 3355 Canonica:
2991 3311 3223 3356 numero
3250 3305 3485 3370 septem.

2208 3394 2357 3453 Petri
2388 3391 2638 3465 Apostoli
2666 3390 2927 3463 Epistolae
2954 3390 3096 3447 duae.

2210 3490 2398 3549 Jacobi
2426 3486 2678 3564 Apostoli
2705 3487 2942 3562 Epistola
2969 3500 3100 3544 una.

2002 3612 2319 3672 SCHOLIA.

508 3727 684 3799 magis
709 3723 913 3799 ubique
934 3722 1157 3799 obvium
1200 3722 1367 3799 haec,“
1381 3722 1606 3799 aliaque,
1640 3724 1904 3799 plurade
1950 3726 2105 3799 libris

507 3795 839 3871 apocryphis
863 3795 1275 3871 praescriberet.
1335 3795 1644 3871 Probabilia
1698 3797 1917 3871 quidem
1987 3798 2105 3871 haec

505 3866 749 3927 censeo:
783 3868 876 3924 scd
907 3884 1016 3924 non
1036 3867 1110 3924 ita
1135 3867 1246 3939 illis
1270 3866 1452 3923 verbis
1470 3868 1601 3939 quid
1621 3869 1777 3922 vitari
1796 3870 1980 3926 debeat
2018 3870 2105 3927 in-

505 3940 825 4025 hzerendum
854 3950 958 4025 est,
990 3950 1048 3995 ut
1068 3937 1362 4025 credamus
1414 3937 1491 3995 ea
1511 3941 1825 4025 necessario
1873 3957 2104 4025 arguere

506 4015 814 4084 catalogum
846 4012 1083 4081 aliquem
1113 4010 1377 4084 librorum
1423 4010 1750 4067 nominatim
1798 4010 2104 4082 prohibito-

506 4102 652 4165 rum.
677 4082 861 4143 Semel
877 4083 1025 4139 enim
1050 4082 1577 4165 constitutocanone
1597 4083 2003 4165 Scripturarum
2021 4088 2105 4165 di-

505 4161 756 4216 vinarum
775 4200 790 4224 ,
821 4170 1165 4226 consequens
1201 4163 1284 4210 est
1313 4162 1372 4210 ut
1391 4165 1595 4209 caetera
1628 4158 1855 4226 scripta.
1886 4172 2009 4227 quae
2036 4158 2105 4213 ah

508 4246 577 4287 eo
604 4245 818 4287 canone
837 4229 1053 4292 absunt,
1079 4229 1329 4297 quamvis
1361 4241 1567 4297 nomen
1595 4227 1976 4290 apostolorum
2009 4238 2107 4285 aut

500 4305 901 4374 prophetarum
948 4295 1487 4374 pricferant,_inter
1538 4295 1753 4374 divinas
1781 4298 2103 4369 Scripturas

508 4369 737 4430 iniriime
767 4372 1093 4441 referantur,
1140 4369 1240 4426 sed
1266 4370 1509 4426 vitentur
1566 4369 1775 4440 potius,
1832 4381 2106 4440 tamquam

509 4446 844 4519 apocrypha.

2208 3726 2429 3796 quidem
2454 3724 2513 3782 S.
2541 3723 2908 3796 Hieronymus
2933 3736 3076 3796 anno
3105 3722 3212 3796 414
3238 3721 3305 3778 ad
3328 3723 3650 3796 Dardanum
3674 3725 3802 3782 scri~

2209 3794 2392 3868 hcbat,
2425 3796 2713 3869 epistolam
2744 3794 2897 3869 Pauli
2925 3794 2993 3869 ad
3034 3794 3294 3869 Hebraeos
3322 3794 3643 3852 Latinorum
3683 3812 3802 3851 con-

2208 3866 2500 3927 suetudine
2548 3884 2658 3924 non
2725 3866 2890 3935 recipi
2936 3866 3081 3923 inter
3138 3866 3443 3935 scripturas
3497 3869 3798 3923 canonicas.

2208 3943 2379 3999 Recte
2405 3952 2587 3997 autem
2620 3939 2937 4009 respondet.
2969 3939 3204 4010 intelligi
3234 3938 3288 3995 id
3329 3939 3399 3995 de
3428 3939 3797 3995 nonnullarum

2209 4014 2580 4071 Ecclesiarum
2608 4010 3021 4077 consuetudine,
3054 4024 3178 4080 qua:
3198 4010 3362 4065 etiam
3391 4019 3519 4081 post
3547 4026 3799 4067 canonem

2207 4085 2458 4148 Damasi.
2489 4094 2545 4140 et
2577 4082 2882 4139 Innocentii
2932 4085 2948 4136 I
2998 4081 3457 4139 consuetudinem
3509 4098 3663 4138 suam
3704 4099 3800 4139 non

2208 4156 2512 4228 recipiendi
2571 4165 2850 4228 tamquam
2891 4155 3227 4228 canonicam
3257 4153 3547 4228 epistolam
3582 4156 3666 4228 ad
3698 4154 3804 4228 lie-

2209 4225 2390 4285 hraeos
2418 4228 2789 4294 retinuerunt,
2820 4225 3000 4282 donec
3027 4240 3175 4281 anno
3202 4227 3310 4283 M9
3337 4226 3391 4281 in
3413 4227 3649 4282 concilio
3682 4227 3802 4282 Car-

2212 4300 2615 4373 tltaginensittt
2645 4300 2926 4373 decretum
2959 4296 3059 4352 fuit
3091 4308 3148 4352 ut
3178 4312 3372 4373 omnes
3403 4298 3695 4373 integrum
3719 4312 3802 4373 ca:

2213 4368 2412 4428 nouem
2433 4372 2740 4428 divinarum
2763 4370 3192 4442 Scripturarum,
3207 4369 3260 4424 in
3274 4384 3384 4441 quo
3396 4380 3481 4426 est
3494 4369 3728 4442 Epistola
3741 4368 3800 4425 ad

2135 4458 2190 4519 D
2215 4444 2506 4519 Hebraeos,
2550 4444 2890 4512 reciperent,
2940 4441 3227 4519 implorata
3265 4442 3442 4519 etiam
3490 4441 3803 4519 auctoritate

584 4526 612 4554 ι
638 4511 763 4572 Vat.
793 4516 849 4580 ‘2,
879 4513 1186 4587 universalis
1210 4512 1445 4587 Ecclesia
1466 4511 1672 4587 recipit,
1698 4514 1916 4587 etquid
1955 4515 2109 4587 citari
2137 4511 2182 4519 ’⁷
2217 4511 2500 4572 Bonifacii
2538 4511 2715 4587 papa},
2763 4523 2819 4587 et
2859 4513 3076 4587 concilii
3107 4512 3299 4587 Italici
3321 4530 3417 4584 pro
3450 4513 3801 4587 confirmando

512 4587 715 4642 debeat.
749 4587 949 4652 Diess.,
979 4585 1287 4641 universalis
1317 4583 1579 4640 catholica
1608 4585 1824 4658 recipiat
1847 4586 2106 4657 Ecclesia,

512 4668 561 4708 et
589 4659 715 4708 auid
741 4659 906 4708 vitare
930 4655 1131 4708 debeat.

512 4668 561 4713 et
589 4659 715 4729 quid
741 4659 906 4711 vitare
930 4659 1131 4711 debeat.

586 4729 616 4767 δ
648 4729 850 4795 Diess.,
877 4725 1269 4780 Deuteronomii
1290 4725 1417 4781 liber
1445 4742 1485 4781 ι.

591 4811 615 4840 ο
647 4799 825 4855 Diess.
860 4796 1061 4851 Psalmi
1090 4812 1155 4852 Cl.
1183 4797 1311 4852 liber
1340 4812 1378 4852 ι.

587 4866 617 4908 ε]
649 4869 852 4945 Qies_s.,
872 4868 1165 4945 Proverbia
1188 4867 1317 4925 liber
1338 4884 1379 4939 ι,
1404 4878 1461 4927 et
1483 4869 1647 4943 paulo
1679 4880 1806 4943 post
1834 4871 2111 4945 Sapientia

516 4957 619 5017 pro
644 4941 950 5017 §apientiw.

594 5026 619 5053 θ
648 5008 853 5080 Diess.,
889 5028 1007 5067 cum
1028 5008 1241 5080 Cinoth,
1266 5012 1323 5066 id
1348 5024 1443 5080 est,
1474 5012 1953 5072 Lamentationibus
1980 5019 2107 5073 suis.

518 5086 698 5143 Vatic.
729 5101 769 5152 ι,
803 5101 919 5139 cum
948 5083 1313 5138 unoBarucIt:
1343 5087 1465 5140 item
1489 5101 1608 5139 cum
1632 5086 2111 5144 Lamentationibus

516 5158 648 5213 suis.
680 5157 772 5213 Sic
798 5155 1133 5211 Athanasius
1156 5156 1323 5225 epist.
1346 5155 1437 5221 59,
1467 5156 1610 5225 apud
1646 5159 1927 5215 Labheum
1975 5170 2107 5216 tom.

516 5230 563 5301 Π
593 5227 799 5284 Concil.
821 5229 928 5301 _col.
964 5228 1102 5301 i710
1136 5245 1148 5281 :
1178 5224 1575 5301 Hieremiamet
1599 5245 1716 5283 cum
1745 5230 1860 5301 ipso
1901 5230 2112 5287 Bnruclt

519 5299 736 5368 Threni,
750 5309 796 5354 et
809 5298 1253 5369 Lamentationes.
1281 5298 1551 5369 Deinceps
1567 5300 1743 5355 Diess.
1755 5298 1776 5367 ,⁷
1794 5300 2080 5357 Ezechiel"
2092 5344 2106 5359 .

515 5369 772 5425 Daniel...
804 5368 1094 5427 Micheaz...
1120 5370 1409 5426 Ambacum
1438 5368 1535 5438 pro
1567 5370 1829 5437 Abbacnc,
1858 5374 1949 5428 vel
1996 5373 2113 5428 Ha-

518 5445 746 5514 bacuc...
781 5439 1058 5514 So/fonite,
1090 5451 1199 5498 etc.
1227 5442 1360 5498 Post
1410 5441 1702 5498 Ambacum
1724 5443 1865 5514 apud
1912 5444 2112 5501 Antor-

517 5512 649 5566 tium
674 5512 992 5583 parenthesi
1022 5513 1320 5569 includitur
1349 5514 1527 5569 Amos.
1762 5512 1773 5514 ⁷

594 5579 614 5618 ί
645 5581 850 5636 Diess..
883 5593 1008 5636 nost
1034 5584 1219 5636 Tohiie
1242 5586 1441 5636 librum
1475 5584 1656 5636 lt'sdmz
1687 5586 1805 5636 libri

594 5584 614 5618 τ
645 5584 850 5651 Diess.,
883 5593 1008 5652 post
1034 5584 1219 5641 Tobiae
1242 5586 1442 5641 librum
1475 5584 1656 5640 lt‘sdne
1687 5586 1805 5642 libri
1830 5603 1887 5645 ιι.
1921 5587 2113 5645 Hester

518 5652 643 5706 liber
664 5669 703 5708 ι.
736 5653 923 5707 Iudith
951 5653 1081 5710 liber
1108 5672 1147 5711 ι.
1180 5654 1606 5712 Μαεὴαὺιεοτιιιιι
1630 5657 1746 5713 libri
1779 5676 1835 5715 ιι.

591 5731 616 5769 α
644 5722 935 5781 Zacharias
961 5726 1068 5782 loc.
1097 5729 1193 5784 cit.
1222 5728 1351 5783 hinc
1392 5729 1500 5784 sibi
1541 5728 1752 5799 objicit,
1801 5746 1905 5786 non
1939 5731 2112 5787 videri

519 5792 662 5850 hunc
689 5809 957 5854 canonem
985 5799 1378 5869 scripturarum
1428 5814 1552 5859 esse
1604 5792 1840 5872 Damasi,
1873 5802 2112 5873 quando—

2212 4588 2314 4642 isto
2343 4583 2559 4643 canone.
2590 4586 2731 4643 Vide
2776 4584 3056 4640 Lahheum
3090 4593 3224 4640 tont.
3254 4583 3329 4649 ll,
3373 4586 3482 4640 col.
3525 4586 3683 4642 ΗΠ.
3711 4584 3801 4639 De-

2214 4670 2364 4715 creta
2414 4674 2551 4730 ergo
2574 4655 2799 4714 Damasi
2806 4663 2879 4730 et
2904 4654 3215 4730 Innocentii
3236 4665 3331 4730 aut
3355 4671 3480 4730 non
3499 4656 3573 4730 ita
3600 4656 3800 4712 fuerunt

2214 4730 2347 4799 lata,
2382 4740 2442 4787 ut
2471 4727 2572 4802 pro
2602 4730 2723 4802 lege
2767 4728 3128 4802 nb__0m_nihus
3181 4727 3440 4802 Ecclesiis
3467 4727 3798 4791 haberentur,

2214 4798 2416 4882 aut’ad
2446 4798 2802 4872 quarumdam
2846 4798 3219 4856 Ecclesiarum
3256 4798 3508 4856 notitiam
3556 4815 3663 4856 non
3693 4812 3802 4871 per-

2216 4884 2500 4929 venerant.

2289 4943 2318 4983 ιι
2354 4945 2414 5001 ιιι
2445 4945 2626 5003 Diess.
2659 4945 2818 5002 deest
2866 4942 3075 5016 mentio
3107 4941 3469 5016 Apocalypsis
3493 4983 3510 5009 ,
3555 4950 3614 4998 ut
3650 4941 3803 5012 conji-

2214 5032 2342 5073 cere
2374 5018 2523 5085 licet,
2553 5034 2621 5073 ex
2671 5015 3002 5086 negligentia
3049 5015 3264 5071 librarii
3316 5033 3331 5070 :
3384 5030 3512 5071 nam
3544 5015 3597 5071 in
3630 5024 3802 5070 nostro

2214 5089 2406 5145 codice
2431 5099 2630 5145 exStat.
2660 5085 2810 5144 Inter
2826 5085 3063 5143 Latinos
3106 5096 3382 5157 receptam
3428 5101 3531 5143 suo
3577 5096 3803 5157 tempore

2215 5160 2385 5233 fuisse
2412 5160 2776 5233 Apocalypsin
2793 5166 3040 5233 testatur
3068 5156 3425 5233 Hieronymus
3458 5159 3564 5233 Inc.
3595 5158 3685 5233 cit.
3711 5156 3805 5233 za-

2214 5228 2578 5302 charias,'qui
2606 5228 2675 5287 in
2707 5230 2900 5288 codice
2932 5231 3211 5302 Dicssensi
3240 5228 3413 5286 oinitti
3448 5228 3801 5302 Apocalypsin

2215 5304 2370 5369 vidit,
2425 5299 2735 5371 existimat,
2778 5304 3022 5371 potuisse
3067 5316 3096 5357 a
3142 5300 3376 5357 Damaso
3422 5299 3631 5367 omitti,
3660 5299 3800 5369 ‘qnia

2222 5376 2406 5443 plures
2436 5375 2715 5431 Ecclesiaz.
2740 5374 3058 5431 Graecorum
3090 5388 3213 5427 eam
3264 5382 3392 5429 tunc
3440 5389 3551 5429 non
3590 5372 3797 5441 recipies

2221 5447 2369 5511 bant,
2399 5458 2455 5501 ut
2502 5445 2626 5518 cod.
2663 5446 2770 5502 Ioc.
2814 5445 3049 5518 altirmat
3078 5444 3470 5518 Hieronymus.
3511 5445 3569 5501 in
3605 5456 3798 5518 canone

2217 5518 2437 5574 laudato
2476 5515 2687 5571 concilii
2734 5532 2793 5572 ut
2832 5515 3304 5588 Carthaginensis,
3336 5518 3414 5573 uti
3444 5518 3606 5572 etiam
3633 5516 3687 5588 in
3712 5528 3797 5568 ca-

2218 5605 2362 5661 none
2384 5589 2687 5661 Innocentii
2714 5587 2739 5661 rl
2770 5602 2914 5643 anno
2935 5585 3432 5661 ills—Apocalypsis
3458 5585 3797 5661 comprehen-

2218 5660 2385 5716 ditur.
2421 5660 2479 5714 ιιι
2507 5657 2630 5731 cod.
2661 5658 2838 5731 Diess.
2869 5660 3075 5716 mentio
3098 5657 3333 5718 Actutum
3361 5660 3720 5731 apostolorum
3739 5657 3791 5711 ﬁt

2219 5742 2343 5805 post
2370 5729 2725 5800 Evangelium
2751 5729 3001 5789 Joannis.
