4038 6312
252 277 352 338 793

251 393 470 454 Joannis
498 392 749 466 Apostoli
780 401 805 432 α
838 392 1012 464 Epist.
1046 407 1175 448 una.

154 540 163 547 .
249 492 484 553 Alterius
514 489 745 547 Joannis
772 488 1082 562 presbyteri
1112 488 1369 562 Epistolas
1395 487 1537 547 dum.

248 584 392 644 inda:
421 583 645 643 Zelotes
666 582 695 623 ι)
722 582 970 656 Epistola
998 597 1125 640 una.

314 777 447 835 Post
492 774 594 831 has
647 785 671 814 ο
718 787 910 830 omnes
965 771 1339 844 propheticus,
1373 780 1430 828 ct
1472 770 1840 843 evangelio-as,

247 880 406 944 atque
452 867 789 941 apostolicas
816 909 831 936 ,
890 881 1027 939 quas
1073 866 1331 939 superius
1379 866 1842 939 deprompsimus,

245 962 556 1035 Scripturas
577 1003 594 1030 ,
624 961 822 1033 quibus
868 959 1110 1017 Ecclesia
1141 959 1411 1017 catholica
1445 975 1543 1032 per
1571 967 1843 1017 terrarum

244 1056 435 1115 orbem
462 1070 494 1111 a
517 1054 635 1112 Deo
666 1052 886 1110 fundata
914 1061 1018 1120 est,
1050 1053 1213 1109 etiam
1243 1052 1605 1110 intimandum
1634 1053 1843 1125 putavi-

243 1163 396 1218 mus,
425 1147 573 1221 quod
619 1148 867 1219 quamvis
898 1146 1170 1203 universa:
1200 1163 1298 1220 per
1326 1148 1519 1204 orbem
1560 1147 1844 1206 catholica:

242 1244 459 1302 dill'usas
507 1242 778 1300 Ecclesia:
823 1241 978 1314 quasi
1017 1257 1158 1298 unus
1184 1240 1386 1300 Christi
1436 1243 1709 1301 thalamus
1750 1247 1841 1314 sit,

242 1347 430 1396 sancta
458 1346 640 1394 tamen
662 1335 908 1392 Romana
929 1333 958 1374 ιι
989 1336 1233 1393 Ecclesia
1263 1351 1291 1392 a
1317 1338 1593 1395 nonnullis
1620 1338 1845 1413 synodi-

242 1432 318 1488 eis
345 1429 840 1487 consultationibus
882 1428 1102 1486 caeteris
1143 1429 1398 1487 ecclesiis
1441 1432 1664 1503 praelata
1698 1440 1783 1490 est
1824 1450 1839 1489 :

244 1522 335 1580 scd
365 1532 423 1580 et
451 1521 774 1594 evangelica
803 1536 937 1577 voce
967 1521 1180 1578 Domini
1210 1521 1511 1581 Salvatoris
1538 1526 1711 1582 nostri
1734 1527 1845 1598 pri-

241 1627 445 1677 matum
493 1617 737 1676 obtinuit
788 1635 801 1672 :
846 1617 930 1673 Tu
975 1634 1048 1689 es,
1100 1617 1304 1690 inquit,
1352 1618 1565 1686 Petrus,
1614 1630 1661 1676 et
1686 1638 1843 1693 super

241 1717 373 1770 hanc
400 1721 604 1786 petram
634 1710 906 1781 wdiﬁcabo
938 1710 1229 1767 Ecclesium
1260 1726 1458 1779 meam,
1488 1722 1534 1766 et
1565 1722 1729 1782 porta:
1753 1714 1840 1769 in-

851 276 1234 335 DECRETUM
1274 276 1364 335 DE
1401 277 1625 338 LIBRIS
1667 277 2126 356 liECll’lENDlS,
2167 285 2257 343 ET
2294 285 2433 345 NON
2473 285 2935 347 RECIPIENDIS.

3443 290 3550 351 794

1875 399 1927 462 Α
1955 398 2125 455 cietas
2151 401 2449 460 beatissimi
2475 404 2630 462 Pauli
2654 407 2912 479 apostoli,
2944 407 3090 465 vasis
3116 409 3425 477 electionis,
3457 408 3549 481 qui

1950 506 2060 548 non
2087 492 2327 567 diverso,
2356 498 2497 553 sicut
2520 499 2765 557 lueretici
2788 502 3098 572 garriunte,
3128 504 3227 560 sed
3261 518 3370 560 uno
3412 514 3551 560 tem-

1950 599 2119 655 pore,
2148 601 2257 643 uno
2284 588 2584 662 eodemque
2616 593 2726 659 die,
2756 594 2993 665 gloriosa
3024 608 3202 654 morte
3226 612 3349 654 cum
3383 597 3548 655 Petro

1950 677 2008 732 in
2041 678 2176 736 urbe
2208 680 2377 737 lloma
2414 682 2515 739 sub
2543 682 2760 742 Caesare
2793 686 3013 746 Nerone
3039 690 3355 761 agonizans,
3389 705 3550 747 coro-

1952 781 2112 830 natus
2137 784 2220 832 est
2248 792 2263 831 :
2298 786 2353 832 et
2380 778 2585 848 pariter
2612 779 2988 850 supradictam
3016 783 3323 840 Romanam
3359 783 3552 841 Eccle-

1950 866 2086 924 siam
2133 866 2353 926 Christo
2387 870 2615 927 Domino
2661 886 3074 945 consecrarunt,
3106 878 3340 952 aliisque
3370 878 3550 936 omni-

1948 959 2052 1018 bus
2082 960 2137 1017 in
2167 963 2425 1020 universo
2463 965 2667 1021 mundo
2696 980 2793 1022 sua
2828 970 3121 1040 prtesentia
3167 981 3332 1044 atque
3381 988 3551 1029 vene-

1949 1053 2125 1110 rando
2150 1054 2425 1126 triumpho
2475 1055 2853 1124 praetulerunt.
2890 1060 2987 1116 Est
3033 1077 3164 1134 ergo
3196 1062 3369 1134 prima
3399 1062 3547 1120 Petri

1947 1146 2184 1218 apostoli
2213 1146 2375 1204 sedes
2402 1147 2651 1205 Romana
2692 1149 2959 1220 Ecclesia,
2987 1169 3094 1210 non
3125 1154 3331 1213 habens
3360 1171 3545 1212 macu-

1948 1240 2080 1308 lam,
2108 1255 2286 1312 neque
2314 1256 2530 1312 rugam,
2562 1256 2666 1299 nec
2695 1244 2899 1316 aliquid
2935 1245 3266 1317 hujusmodi.
3292 1248 3548 1306 Secunda

1948 1342 2131 1390 autem
2178 1334 2340 1391 sedes
2390 1335 2535 1408 apud
2586 1336 2974 1395 Alexandriam
3027 1337 3048 1378 ί
3094 1340 3241 1397 Petri
3290 1356 3319 1396 a
3362 1341 3547 1400 Marco

1948 1428 2168 1485 nomine
2197 1429 2318 1500 ejus
2365 1428 2638 1500 discipulo
2671 1440 2832 1503 atque
2864 1432 3201 1504 evangelista
3230 1444 3553 1492 consecrata

1947 1534 2061 1594 est;
2090 1524 2311 1596 ipseque
2341 1524 2394 1580 in
2422 1522 2720 1597 Egyptnm
2752 1527 2996 1585 directus
3022 1543 3051 1583 a
3076 1528 3247 1584 Petro
3274 1531 3549 1601 apostolo,

1947 1619 2174 1676 verbum
2223 1618 2471 1676 veritatis
2523 1621 2858 1690 praedicavit,
2892 1630 2948 1677 et
2992 1621 3300 1694 gloriosum
3346 1634 3556 1697 marty—

1946 1712 2086 1768 rium
2117 1713 2536 1769 consummavit.
2570 1712 2754 1770 Tcrtia
2800 1728 2930 1770 vero
2974 1713 3138 1771 sedes
3187 1714 3333 1786 apud
3360 1717 3555 1773 Antio-

240 1808 337 1880 [εὴ
366 1822 469 1862 non
497 1802 853 1878 prteralebunt
878 1802 1127 1857 adversus
1154 1818 1289 1871 eant,
1322 1811 1371 1857 et
1399 1804 1490 1859 tibi
1516 1804 1652 1859 dabo
1672 1804 1841 1861 claves
1873 1818 1920 1877 Β
1946 1806 2125 1863 ebiam
2152 1807 2456 1864 beatissimi
2489 1808 2726 1878 apostoli
2748 1807 2895 1865 Petri
2918 1809 3158 1867 habetur
3186 1810 3554 1882 honorabilis,

238 1902 383 1976 regni
409 1899 682 1968 malorum,
707 1906 758 1952 et
792 1898 1149 1970 quodcumque
1173 1899 1414 1969 ligaveris
1444 1916 1600 1972 super
1625 1908 1837 1968 terram,

239 1999 333 2054 erit
359 1998 585 2069 ligatum
608 1994 735 2049 etin
765 1992 904 2049 caelis
931 2008 949 2047 :
981 2001 1031 2049 et
1060 1992 1421 2065 quodcumque
1445 1992 1658 2049 solveris
1687 2011 1840 2067 super

240 2100 449 2161 terram,
481 2090 582 2147 erit
610 2088 841 2148 solutum
866 2095 913 2144 et
942 2086 996 2141 in
1025 2084 1188 2142 caelis.
1221 2084 1423 2143 Addita
1448 2094 1536 2144 est
1564 2087 1729 2143 etiam
1752 2101 1840 2144 so.

1946 1910 2003 1959 et
2026 1900 2174 1974 quod
2197 1901 2343 1957 illam
2365 1902 2618 1974 primitus
2647 1917 2807 1974 quam
2831 1902 3063 1960 Romam
3093 1903 3557 1977 veniret,_habita—

1945 1996 2048 2065 vit,
2078 2006 2132 2052 et
2162 1995 2275 2052 illic
2324 1996 2559 2068 primum
2607 2009 2806 2053 nomen
2836 1995 3277 2055 Christianorum
3326 1998 3554 2057 novellae

1949 2090 2127 2163 gentis
2150 2098 2399 2149 exortum
2428 2100 2530 2147 est.
2564 2100 2590 2138 ες
2616 2090 2787 2147 Finis.

1445 2205 1610 2259 PARS
1643 2206 1937 2261 SECUNDA
1966 2208 2049 2263 ET
2082 2209 2337 2264 TERTIA.

729 2297 1001 2353 Decretum
1028 2293 1384 2362 Gelasianum,
1405 2309 1470 2349 ex
1493 2311 1619 2351 mss.
1655 2294 1949 2368 Vaticanis,
1982 2314 2184 2354 necnon
2208 2296 2561 2373 Parapltrasis
2583 2299 2818 2374 ejusdem
2840 2301 3062 2359 decreti.

798 2389 953 2458 :(Htee
971 2390 1102 2442 inter
1118 2400 1270 2455 opera
1291 2385 1475 2441 Gelasii
1496 2388 1676 2442 melius
1694 2388 1977 2443 collocanda
1996 2403 2325 2456 reservamus,
2353 2391 2454 2453 ubi,
2476 2392 2515 2442 si
2535 2392 2712 2459 macet,
2743 2392 2974 2458 legesis.)

1739 2521 2057 2582 SCIIOLIA.

306 2678 333 2709 η
356 2668 416 2726 in
446 2679 664 2723 canone
704 2663 1011 2721 Innocentii
1037 2662 1090 2731 1,
1121 2671 1177 2718 et
1205 2661 1257 2717 in
1287 2660 1411 2717 aliis
1444 2660 1526 2716 hac
1548 2668 1670 2733 tres
1710 2661 1839 2733 Epi-

240 2742 393 2798 stolae
416 2739 584 2796 unius
604 2737 836 2794 Joannis
852 2736 1221 2807 apostoliesse
1242 2733 1519 2807 dicuntur.
1546 2732 1604 2788 in
1627 2732 1839 2807 canone

238 2813 454 2870 Damasi
484 2825 589 2867 una
622 2810 820 2867 Joanni
843 2804 1116 2879 apostolo,
1143 2804 1493 2879 dnzedoanni
1520 2806 1841 2877 presbytero

235 2885 589 2942 ascribuntur
618 2896 684 2936 ex
717 2877 1025 2944 sententia,
1057 2893 1218 2948 quam
1254 2877 1622 2948 Hieronymus
1665 2879 1843 2933 innuit

234 2956 303 3013 de
328 2957 447 3013 Vir.
477 2956 680 3011 illustr.
702 2968 757 3008 c.
778 2954 812 3009 9
837 2970 850 3005 :
883 2951 1105 3022 Scripsit
1137 2958 1307 3004 autem
1336 2948 1602 3022 (Joannes
1623 2958 1843 3022 aposto-

235 2970 303 3013 ne
333 2970 447 3013 nr.
477 2970 680 3011 illusu'.
702 2970 757 3008 c.
778 2970 812 3009 θ
837 2970 850 3005 :
883 2970 997 3007 ocrt
1042 2970 1103 3004 su
1137 2970 1307 3004 autem
1336 2970 1602 3022 tauattnes
1623 2970 1840 3020 aposw‘

235 3028 345 3101 ius)
368 3036 413 3083 et
438 3024 966 3101 unamepistolam...
993 2970 1231 3101 iieliqute
1255 3032 1428 3076 autem
1458 3018 1840 3101 (latamloan:

234 3091 628 3172 nis'prcsbyteri
655 3105 977 3172 asseruntur.
1006 3091 1316 3165 Antiquitas
1357 3092 1586 3148 canonis
1627 3091 1842 3148 Damasi

236 3187 303 3228 ex
331 3167 436 3226 hac
471 3167 628 3241 parte
653 3167 1065 3241 comprobatur.

308 3242 339 3282 δ
369 3234 551 3298 Diess.
586 3234 1037 3303 scribit'chotis;
1068 3237 1188 3291 Vat.
1217 3239 1269 3304 l,
1306 3234 1529 3292 Zelotes.
1562 3236 1617 3292 ln
1662 3236 1839 3293 Diess.

248 3314 495 3381 additur,
523 3310 759 3378 Explicit
788 3327 954 3365 canon
995 3308 1136 3364 Novi
1166 3307 1508 3381 Testamenti.

314 3399 337 3428 ο
365 3379 578 3442 Inserta
611 3384 728 3439 haec
754 3383 916 3438 etiam
948 3392 1074 3437 sunt
1111 3382 1163 3436 in
1195 3381 1431 3436 Decreto
1455 3379 1657 3437 Gelasii
1697 3396 1710 3433 :
1746 3380 1839 3436 sed

239 3460 566 3528 scripturam
616 3455 938 3528 exhibemus
976 3453 1101 3507 Vat.
1139 3455 1191 3528 l,
1225 3468 1346 3524 qua:
1396 3453 1453 3528 in
1496 3468 1603 3509 non
1651 3453 1843 3528 paucis

240 3523 425 3587 differt
461 3544 493 3584 a
515 3528 734 3598 vulgata
759 3526 1015 3598 lectione,
1047 3536 1105 3578 ut
1131 3523 1410 3598 decretum
1441 3524 1618 3598 ip_sum
1641 3523 1842 3580 Gelasii

242 3618 369 3658 mox
397 3596 818 3656 describendum
863 3597 1168 3652 conferenti
1218 3596 1445 3656 patebit.
1474 3596 1844 3651 Cresceniana

240 3673 498 3732 collectio
530 3669 673 3740 apud
709 3670 999 3724 Duroniam
1031 3683 1175 3722 anno
1204 3666 1306 3732 69,
1339 3682 1488 3740 num.
1517 3667 1572 3729 4,
1599 3666 1847 3721 nonnihil

242 3748 408 3801 etiam
462 3738 647 3799 dill'ert
692 3757 722 3796 a
755 3741 875 3796 Vat.
927 3741 976 3806 l,
1010 3750 1070 3793 ut
1114 3750 1160 3793 et
1207 3738 1518 3807 apostolicus
1564 3752 1665 3807 pro
1692 3747 1848 3807 atque

243 3817 585 3890 apostolicus,
607 3823 659 3870 et
693 3828 817 3868 mox
850 3811 1082 3890 Ecclesia
1109 3809 1366 3890 catholica
1391 3824 1481 3890 per
1503 3809 1727 3890 grutiam
1748 3809 1849 3890 __Dei

245 3878 468 3961 fundata
498 3878 594 3961 est»,
637 3896 692 3942 et
738 3900 872 3939 unus
919 3883 1179 3961 mutamus
1209 3878 1402 3961 Cltristi
1434 3878 1522 3961 sit:
1545 3879 1849 3961 .Atnortius

244 3950 313 4016 ξω
354 3950 673 4031 marginem
700 3963 918 4031 notat‘:
963 3953 1433 4031 Continuatiqper
1460 3950 1849 4031 Qelttsiunupa-

246 4050 369 4105 pom
411 4019 551 4087 anno
572 4029 703 4105 494,
736 4026 1043 4105 nescio,_an
1091 4039 1155 4081 ex
1206 4019 1421 4105 codice.
1468 4022 1670 4105 Verbu,
1718 4019 1850 4077 Item

247 4095 445 4160 dictum
487 4113 586 4169 est,
634 4101 893 4167 innuunt,
939 4099 1085 4154 idem
1127 4095 1421 4153 concilium
1469 4095 1572 4150 sub
1617 4095 1850 4151 Damaso

247 4174 580 4232 continuari.

320 4245 347 4286 ιι
386 4243 757 4303 Cresconiana
787 4242 1045 4298 collectio
1077 4241 1315 4296 Romana
1344 4238 1557 4295 ecclesia
1585 4238 1851 4294 nonnullis

249 4319 517 4392 synodicis
546 4316 842 4392 constitutis
868 4315 1091 4379 caeteris,
1122 4322 1230 4392 etc.
1263 4312 1461 4392 Postea
1482 4311 1721 4383 inquiens
1751 4325 1852 4380 pro

249 4384 630 4464 inquitalnfra
651 4430 667 4455 ,
715 4399 762 4464 et
790 4402 1123 4464 qutecumque
1154 4384 1394 4457 ligaveris
1423 4400 1577 4464 super
1617 4392 1810 4464 terram
1832 4424 1848 4448 ,

250 4455 401 4517 erunt
433 4462 599 4535 ligata
627 4468 675 4514 ct
721 4460 773 4535 in
803 4455 962 4535 caelo,
988 4455 1399 4535 ct’quwcumque
1443 4455 1655 4510 solveris
1698 4470 1853 4527 super

252 4529 642 4597 terramfcrunt
664 4529 836 4587 soluta
865 4540 914 4584 et
943 4531 996 4584 in
1022 4531 1171 4585 mlo.

330 4617 354 4645 θ
395 4604 633 4661 Notatur
662 4605 715 4659 in
746 4617 918 4673 marg.
951 4600 1076 4657 Vat.
1114 4602 1164 4673 l,
1199 4599 1481 4673 Ana‘cletus
1508 4597 1749 4673 iu‘epist.
1782 4599 1850 4673 5,

252 4688 300 4733 et
327 4677 572 4733 Celasius
594 4692 737 4747 papa
762 4674 816 4728 in
842 4670 1064 4746 epistola
1091 4671 1360 4727 decretali.
1378 4670 1589 4747 _Gelas_ii
1618 4670 1852 4747 epis_tola

252 4749 549 4806 decretalis
585 4740 678 4801 est
712 4740 992 4802 decretum
1033 4752 1226 4815 postea
1272 4740 1695 4815 proferendum.
1721 4742 1848 4815 Epi-

253 4822 411 4878 stula:
450 4818 701 4876 Anaeleti
748 4811 1053 4874 censentur
1102 4813 1405 4884 suppositae
1437 4828 1450 4866 :
1486 4812 1540 4868 in
1570 4828 1633 4868 ea
1665 4814 1700 4867 5
1737 4811 1854 4884 epi-

254 4894 426 4957 stola,
459 4890 714 4962 quamvis
750 4890 907 4960 plura
924 4904 1004 4962 ex
1044 4887 1225 4942 verbis
1267 4885 1664 4962 et_sentent_iis
1692 4885 1852 4962 hujus

254 4956 452 5033 synodi
478 4956 875 5032 producantur,
905 4960 1103 5033 desunt
1128 4968 1311 5033 tamen
1340 4956 1458 5033 haec
1486 4958 1681 5033 verba,
1707 4958 1856 5033 sicut

254 5028 501 5091 hicrctici'
525 5035 803 5106 garriunt:
832 5048 914 5106 ac
942 5031 1178 5106 fortasse
1222 5028 1352 5084 huic
1393 5028 1517 5106 loco
1558 5028 1628 5106 al)
1671 5028 1856 5106 aliquo

255 5118 439 5164 assuta
467 5098 618 5162 su'nt.
662 5104 918 5161 Nonnulli
949 5104 1092 5159 enim
1142 5110 1268 5157 sunt
1296 5115 1361 5155 cx
1400 5100 1643 5170 antiquis
1682 5098 1858 5155 Patri-

259 5178 456 5250 tribus,
487 5178 578 5250 qui
607 5176 860 5250 Petrum,
895 5185 949 5232 et
966 5174 1203 5250 ,Paulum
1247 5170 1435 5227 Romae
1485 5171 1710 5250 quidem
1730 5212 1761 5250 ,Α
1800 5180 1859 5226 et

257 5242 453 5307 eodem
471 5242 580 5314 die,
613 5249 711 5305 sed
744 5263 849 5302 non
878 5246 1069 5302 eodem
1097 5260 1242 5300 anno
1272 5243 1592 5316 martyrium
1625 5242 1858 5316 subiisse

257 5321 559 5388 afﬁrmem,
591 5330 650 5374 ut
693 5318 912 5375 ostendi
953 5319 1006 5374 in
1034 5325 1335 5374 comment.
1389 5314 1459 5372 ad
1491 5314 1855 5388 Prudentium

261 5394 448 5467 bymn.
484 5387 551 5448 i2
580 5392 775 5467 Perist.
809 5404 966 5467 ver§._
1003 5392 1057 5447 5.
1078 5388 1262 5467 Addo
1300 5404 1448 5467 nunc
1477 5387 1859 5467 Sac_rametua-

261 5456 425 5531 rium,
451 5464 597 5536 quod
619 5464 676 5520 S.
709 5461 879 5519 Leoni
908 5461 1240 5536 Blancbiuus
1260 5459 1508 5536 at'linxit_,
1538 5459 1631 5515 alii
1658 5458 1724 5514 ad
1751 5456 1855 5514 Ge-

261 5536 456 5594 Iasium
472 5531 748 5599 referunt,
778 5532 1025 5591 nonnulli
1050 5533 1118 5588 ad
1142 5533 1410 5602 privatum
1438 5531 1672 5602 aliquem
1704 5540 1859 5586 vete-

260 5623 373 5664 rem
406 5608 763 5677 scriptorem,
802 5608 854 5661 in
882 5605 1093 5677 prastat.
1125 5601 1301 5660 Natal.
1338 5601 1759 5677 apostol.Pet_ri
1804 5610 1859 5677 et

262 5678 413 5736 Pauli
446 5696 459 5735 :
489 5674 581 5735 Sic
614 5679 1002 5751 dispensatione
1040 5676 1243 5751 diversa
1280 5692 1439 5751 unam
1476 5674 1667 5730 Christi
1704 5675 1858 5743 fanti-

264 5752 387 5805 liam
412 5747 835 5835 “congregantes,
883 5758 1112 5820 tempore
1147 5748 1263 5802 licet
1306 5747 1551 5835 discreto,
1593 5762 1859 5835 uecurrcns

262 5838 367 5880 una
388 5823 499 5882 dies
528 5817 584 5881 in
609 5817 875 5893 a’ternum,
909 5831 960 5879 et
986 5817 1093 5879 una
1127 5834 1320 5878 corona
1345 5819 1574 5883 sociavit.
1605 5817 1859 5877 Fortasse

1944 2663 2192 2720 haeretici
2221 2663 2275 2720 in
2320 2663 2425 2721 hoc
2466 2664 2703 2721 concilio
2747 2663 2836 2720 illa
2886 2663 3231 2736 potissimum
3269 2666 3341 2723 de
3384 2671 3549 2728 causa

1942 2739 2418 2808 perstringuntur,
2462 2737 2611 2808 quod
2642 2737 2867 2792 Paulum
2909 2754 2937 2791 a
2990 2737 3138 2793 Petri
3181 2740 3446 2796 societate
3494 2744 3551 2799 in

1943 2808 2190 2883 martyrii
2222 2809 2344 2864 loco
2361 2810 2731 2883 seiungerent
2763 2827 2777 2863 :
2810 2824 2873 2883 ac
2903 2809 3139 2883 libenter
3169 2811 3406 2882 legerem
3456 2816 3552 2883 qui

1943 2896 2048 2934 non
2076 2879 2302 2954 diuerso,
2320 2881 2458 2954 sicut
2481 2881 2713 2936 Invretici
2732 2882 2992 2954 garriunt,
3022 2879 3157 2950 loco,
3182 2879 3274 2937 sed
3298 2899 3401 2939 uno
3422 2879 3551 2940 tem-

1944 2952 2203 3027 pore,_vcl
2241 2952 2331 3020 qui
2357 2969 2470 3027 non
2489 2952 2878 3027 dirersot'sicut
2907 2952 3431 3027 Ita'reticigarriunt,
3458 2959 3550 3012 sed

1945 3022 2065 3099 uno
2084 3022 2220 3099 loco,
2249 3040 2352 3077 uno
2374 3024 2653 3099 eodemque
2681 3024 2922 3099 die,_ctc‘.
2954 3024 3011 3079 1n
3037 3022 3187 3099 Actis
3216 3028 3547 3099 apocryphis

1948 3094 2068 3151 Lini
2109 3094 2365 3162 refertur,
2398 3094 2620 3151 Petrum
2687 3106 2743 3151 et
2783 3096 3008 3154 Paulum
3049 3094 3267 3152 diverso
3309 3094 3438 3154 loco
3493 3109 3548 3155 ct

1948 3176 2195 3239 tempore
2222 3181 2410 3233 passos
2439 3168 2603 3222 fuisse
2624 3184 2636 3222 :
2657 3182 2765 3239 quo
2789 3167 3048 3224 imbecilli
3081 3168 3392 3224 testimonio
3413 3186 3547 3226 nen-

1948 3238 2085 3295 nulli
2132 3251 2384 3295 recentes
2428 3238 2685 3294 hzrretici
2722 3240 2899 3295 adhuc
2936 3249 3177 3307 utuntur,
3219 3247 3279 3296 ut
3323 3240 3546 3298 Petrum

1949 3309 2470 3392 Romag'exstitisse,
2501 3320 2593 3392 aut
2620 3315 2881 3392 niautyrio
2906 3321 3223 3366 coronatum
3252 3311 3415 3368 fuisse
3444 3328 3544 3369 ne-

1946 3393 2095 3452 gent.
2126 3382 2328 3451 Vcrba,
2353 3398 2476 3449 qua:
2501 3388 2552 3437 in
2584 3382 2820 3438 concilio
2846 3393 3174 3453 sequuntur,
3205 3398 3380 3439 meam
3409 3399 3545 3439 con-

1943 3454 2215 3526 jecturam
2238 3470 2340 3510 con
2351 3454 2567 3509 lirtnant
2590 3472 2602 3507 :
2630 3454 2743 3526 Sua
2766 3456 3038 3524 prwsentia
3085 3464 3236 3523 atque
3255 3457 3545 3511 venerando

1950 3525 2211 3599 triumpho
2262 3526 2625 3599 prwlulerunt.
2677 3525 3046 3582 Creticoniana
3100 3526 3352 3599 collectio
3401 3528 3544 3598 apud

1950 3598 2243 3653 Baronium
2266 3598 2438 3653 refert
2463 3600 2550 3667 qui
2587 3614 2689 3651 non
2732 3598 2965 3666 diverso,
2997 3599 3129 3653 sicut
3159 3598 3292 3669 [also
3319 3599 3546 3654 Itwretici
3566 3624 3570 3628 Α

1950 3671 2221 3742 garriunt,
2246 3670 2800 3742 scdyno,eodcmque
2814 3670 2931 3742 die,
2961 3680 3067 3725 etc.
3100 3669 3269 3725 Paulo
3300 3679 3421 3740 post
3462 3687 3552 3726 su-

1952 3739 2048 3807 pra
2094 3741 2285 3794 dictum
2338 3740 2399 3795 S.
2457 3739 2751 3795 Romanam
2808 3740 3091 3797 Ecclesium
3141 3739 3550 3808 consecrarunt;

1952 3826 2128 3881 neque
2151 3811 2303 3881 plura
2328 3827 2395 3866 ex
2419 3827 2480 3866 ea
2514 3812 2836 3867 collectione
2858 3812 3068 3881 prot‘ert
3093 3811 3379 3867 Duronius.

2028 3882 2050 3920 τ
2091 3882 2229 3937 Tres
2256 3882 2355 3936 has
2385 3881 2548 3936 sedes
2579 3882 2721 3936 Petri
2743 3898 2864 3938 esse
2890 3882 3045 3937 dicit.
3076 3882 3135 3936 In
3163 3883 3386 3938 decreto
3414 3898 3548 3939 vero

1951 3951 2158 4025 Gelasii
2188 3951 2590 4025 Iegitur,_Petri
2617 3953 2826 4025 nomine
2850 3970 2881 4006 a
2905 3952 3086 4007 Marco
3120 3956 3233 4025 ejus
3262 3952 3544 4025 discipulo.

2026 4035 2051 4073 ὅ
2094 4024 2149 4080 ln
2196 4024 2389 4080 codice
2421 4023 2749 4089 Vcronensi,
2791 4023 2844 4078 in
2893 4038 3021 4094 quo,
3065 4023 3309 4094 ntidixi,
3366 4027 3549 4080 conci-

1952 4095 2085 4152 lium
2136 4103 2222 4152 est
2270 4095 2551 4161 mutilum,
2600 4104 2655 4149 ct
2710 4093 2977 4164 incipit’a
3033 4093 3216 4150 verbis
3272 4093 3405 4164 Post
3453 4095 3549 4152 has

1954 4184 2126 4240 euntes
2174 4168 2519 4240 propheticus,
2572 4177 2704 4234 etc.,
2732 4163 2971 4240 notatur,
3005 4164 3106 4240 hoc
3133 4166 3278 4240 loco,
3320 4163 3551 4240 Explicit

1954 4235 2245 4294 Concilium
2270 4235 2379 4292 sub
2428 4238 2656 4292 Damaso
2698 4254 2852 4309 papa.
2882 4235 2976 4302 Sic
3008 4237 3314 4309 absolutum
3365 4239 3552 4293 conci-

1952 4310 2085 4368 lium
2139 4310 2442 4366 Romanum
2507 4310 2606 4364 snh
2654 4308 2889 4380 Damaso
2944 4308 3083 4363 nihil
3139 4324 3252 4380 pra:
3306 4324 3366 4364 se
3420 4308 3547 4379 fert,

1954 4399 2053 4439 cur
2104 4385 2335 4438 Damaso
2375 4381 2673 4451 abjndicari
2725 4378 2942 4434 debeat.
2974 4378 3322 4452 Argumenta
3367 4382 3547 4447 enim,

1954 4470 2075 4526 quae
2106 4469 2175 4509 ex
2221 4452 2433 4508 ratione
2480 4461 2787 4526 temporum
2832 4451 3548 4526 multiprolerunt,solum

1955 4523 2209 4595 probant,
2234 4538 2343 4579 non
2370 4537 2492 4580 esse
2524 4524 2737 4579 Damasi
2766 4537 2831 4579 ea
2859 4524 3065 4591 omnia,
3093 4538 3214 4595 qua:
3245 4524 3297 4579 in
3315 4523 3553 4580 Decreto

1954 4597 2245 4653 Gelasiano
2273 4596 2647 4665 continentur,
2676 4605 2738 4650 ut
2778 4610 2875 4667 per
2906 4611 2967 4652 se
2995 4596 3206 4652 clarum
3247 4603 3352 4652 est.
3394 4596 3553 4662 Quod

1953 4668 2004 4725 si
2027 4668 2195 4739 aliqui
2224 4667 2443 4724 codices
2471 4667 2783 4739 nonsolum
2816 4671 2919 4722 hoc
2942 4668 3233 4725 concilium
3258 4668 3376 4724 suis
3405 4668 3552 4724 limi-

1959 4741 2099 4796 libus
2123 4738 2474 4807 conclusum,
2509 4738 2604 4794 sed
2638 4750 2810 4793 totum
2842 4741 3007 4796 etiam
3037 4740 3314 4796 decretum
3344 4738 3553 4795 Gelasii

1956 4814 2059 4869 sub
2088 4812 2303 4867 Damasi
2325 4812 2545 4868 nomine
2572 4811 2855 4880 exhibent,
2880 4813 2925 4866 is
2952 4811 3246 4868 errorinde
3273 4818 3549 4875 natusest,

1880 4897 1934 4958 1)
1958 4884 2215 4958 quodch
2242 4883 2497 4958 Gelasius
2527 4884 2759 4958 primani
2785 4893 2995 4958 partem
3017 4883 3334 4958 suidecreti
3357 4897 3423 4958 ex
3448 4880 3553 4935 ltoc

1956 4951 2192 5013 concilio
2213 4956 2466 5024 sumpsit,
2492 4951 2549 5009 nt
2577 4951 2862 5025 pontiﬁces
2891 4955 3122 5010 Romani
3152 4970 3219 5009 ex
3245 4951 3554 5025 praedeces-

1955 5029 2174 5083 scribus
2205 5022 2363 5098 plura
2390 5022 2708 5091 sumebant,
2740 5027 2825 5081 vel
2855 5026 3075 5082 aliunde
3103 5022 3552 5098 conciliumADa-

1958 5100 2095 5155 masi
2123 5092 2397 5168 tib-aliquo
2424 5098 2697 5168 adjectum
2726 5099 2823 5154 fuit
2847 5094 3285 5168 decretoGelusii
3310 5094 3377 5168 de
3401 5092 3555 5168 libris

1959 5172 2092 5244 (non
2122 5164 2358 5244 divinis),
2384 5164 2744 5244 recipiendis,
2774 5169 2859 5226 vel
2897 5186 3030 5244 ιιυιιΔ
3052 5165 3417 5244 recipicpdis._
3445 5164 3554 5244 Fa-

1934 5235 2062 5299 cile
2082 5251 2265 5298 antem
2294 5235 2411 5308 fuit,
2443 5235 2592 5298 ut'ex
2610 5235 2784 5313 prima
2818 5251 2971 5313 parte
3001 5238 3203 5313 decreti
3237 5235 3552 5313 Gelasiani,

1960 5330 2122 5386 quam
2151 5314 2363 5369 Damasi
2386 5306 2509 5369 esse
2525 5306 2832 5377 constabat,
2861 5310 3130 5386 inmultis
3154 5306 3558 5386 codicibustoti

1961 5378 2189 5442 decreto
2220 5400 2416 5441 nomen
2453 5386 2666 5440 Damasi
2696 5383 3164 5456 prmscribcretur.
3211 5378 3558 5456 Probabilins

1959 5467 2141 5513 autem
2180 5457 2377 5525 credo,
2408 5449 2901 5525 Gelasium'ipsum
2932 5457 3001 5525 in?
3024 5452 3244 5525 decreto
3271 5449 3339 5505 de
3383 5449 3560 5525 scrip-

1961 5530 2098 5585 turis
2129 5520 2484 5600 recipiendis,
2512 5540 2566 5585 et
2591 5542 2697 5583 non
2729 5520 3058 5595 recipiendis
3079 5520 3465 5600 conciunando
3487 5536 3555 5576 ex

1962 5600 2182 5657 Damasi
2215 5592 2450 5674 concilio
2471 5592 2968 5674 "primam‘par‘tem
2992 5641 3006 5665 ,
3052 5592 3328 5674 nonnullis
3366 5592 3558 5674 leviter

1961 5674 2206 5742 mutatis,
2237 5672 2361 5728 aliis
2382 5664 2621 5742 omissis,
2653 5664 2775 5723 aliis
2796 5664 3015 5742 additis,
3039 5664 3323 5742 accepisse
3358 5680 3371 5718 :
3412 5664 3557 5734 quod

1961 5760 2027 5801 ex
2060 5736 2453 5814 ipso'decreto,
2485 5741 2641 5814 quod
2669 5755 2813 5814 nunc
2845 5738 3068 5811 sistam,
3099 5736 3339 5809 lucilius,
3371 5745 3430 5793 ut
3454 5748 3559 5807 ego

1960 5812 2181 5889 quidem
2212 5816 2471 5886 arbitror,
2499 5812 2852 5886 percipietur.
