4038 6312
529 321 636 379 ’195

1680 316 1933 373 SEVERI
1977 315 2128 372 RHE'

2235 315 2320 374 llS
2363 317 2452 373 ET
2493 315 2745 374 ΡΟΕΤᾹΞ
3731 320 3822 376 796

551 485 3821 542 eam

1032 694 2118 858 SEVERUS
2263 696 3337 856 RHETOR.

1610 1181 1706 1238 (Ex
1731 1178 1949 1231 Galland.
1973 1175 2201 1228 Biblioth.
2226 1175 2362 1227 Volt.
2391 1176 2524 1228 Patr.
2547 1184 2663 1227 tom.
2688 1176 2798 1240 ῐΧ.)

1773 1524 2590 1600 PROLEGOMENA
2605 1570 2631 1597 ο

605 1724 657 1777 1.
701 1717 996 1789 Scriptoris
1023 1715 1182 1786 hujus
1205 1728 1402 1770 nomen
1428 1712 1479 1766 in
1504 1709 1774 1765 Carminis
1795 1707 2126 1764 editionibus
2157 1710 2200 1768 Λ
2303 1709 2356 1762 2.
2397 1705 2530 1776 Quae
2556 1722 2681 1764 cum
2726 1709 2798 1765 ita
2842 1708 2954 1766 sint
2981 1751 2996 1776 ,
3047 1709 3278 1768 Carmen
3307 1714 3410 1770 sub
3437 1713 3620 1771 Severi
3647 1716 3817 1775 Sancti

528 1812 687 1882 cujus
714 1819 801 1868 est
828 1819 1016 1866 auctor
1043 1853 1058 1877 ,
1106 1807 1176 1862 ita
1225 1805 1608 1861 circumfertur
1648 1821 1660 1855 :
1696 1801 1947 1857 SEvsaus
1991 1801 2124 1855 San-

529 1915 684 1967 crus,
700 1899 755 1954 id
781 1907 857 1954 est
891 1899 1268 1953 ENDELECHIUS
1303 1893 1517 1950 Rhetor.
1538 1893 1673 1948 llinc
1699 1900 1816 1946 orta
1843 1889 1912 1946 de
1935 1890 2127 1946 eodem

531 1995 800 2064 scriptore
842 1992 991 2046 varia
1032 1991 1270 2046 virorum
1313 1987 1651 2044 eruditorum
1701 1984 1993 2042 sententia.
2047 1983 2125 2039 Ex

531 2087 748 2156 vulgata
799 2099 1030 2154 namque
1079 2084 1320 2138 editione
1361 2093 1549 2137 censet
1590 2077 1968 2134 'l‘illemontius
2005 2076 2081 2150 (α)
2113 2118 2128 2144 ,

530 2190 808 2236 auctorem
855 2193 976 2234 esse
1022 2175 1395 2231 Endelechiunt
1443 2175 1532 2246 qui
1582 2172 1681 2228 sub
1724 2172 1898 2228 Severi
1948 2170 2132 2226 Sancti

535 2275 758 2330 nomine
791 2273 959 2326 latere
986 2269 1236 2324 voluerit.
1268 2267 1373 2322 Alii
1416 2279 1603 2321 contra
1649 2264 1963 2320 existimant
2011 2260 2084 2335 (b)
2110 2305 2126 2330 ,

535 2365 633 2420 ltas
665 2361 1035 2434 inscriptionis
1065 2377 1246 2427 voces,
1281 2359 1333 2413 id
1359 2371 1434 2414 est
1459 2357 1830 2425 Endelecltius,
1859 2355 1928 2411 ab
1951 2354 2129 2411 aliena

535 2474 697 2514 manu
727 2455 1014 2513 manifeste
1043 2454 1257 2510 additas
1301 2452 1469 2508 fuisse
1495 2493 1511 2520 ,
1561 2450 1805 2521 adeoque
1851 2447 2130 2520 proprium

535 2551 774 2607 auctoris
802 2565 1001 2606 nomen
1036 2564 1158 2604 esse
1189 2547 1439 2603 Sererum
1465 2545 1740 2602 Sanctum.
1772 2544 1850 2599 Ex
1881 2541 2132 2614 epistolis

532 2646 707 2702 sancti
738 2644 952 2700 Paulini
981 2641 1173 2698 Nolani
1201 2639 1512 2708 erudimur,
1543 2638 1794 2693 amicitia:
1828 2638 2131 2693 necessitu-

529 2739 687 2795 dines
728 2738 828 2807 ipsi
871 2735 1081 2791 duobus
1127 2749 1251 2790 cum
1288 2730 1418 2788 viris
1460 2731 1668 2800 fuiSse,
1721 2744 1950 2799 quorum
1995 2729 2134 2784 alter

532 2831 904 2897 Endelecltius,
933 2831 1070 2886 alter
1093 2828 1317 2885 Sanctus
1342 2827 1744 2899 appellabatur.
1774 2825 1842 2880 Et
1859 2823 1929 2879 de
1949 2824 2135 2896 priore

531 2927 751 2997 quidem
783 2926 901 2980 hch
927 2923 1089 2980 habet
1116 2924 1187 2997 (c)
1222 2942 1233 2976 :
1269 2923 1417 2977 Alius
1443 2921 1644 2976 libellus
1667 2935 1730 2975 ea:
1753 2919 1837 2974 Itis
1861 2927 1936 2972 est
1957 2960 1973 2986 ,
2005 2932 2133 2990 quos

533 3024 600 3076 ad
639 3022 960 3076 benedictum
989 3065 1004 3088 ,
1050 3020 1104 3073 id
1147 3029 1218 3072 est
1252 3017 1607 3074 Christianum
1650 3015 1820 3070 virum
1851 3060 1865 3084 ,
1909 3014 2133 3068 anticum

2249 1801 2468 1856 nomine
2510 1801 2676 1872 vulgo
2722 1803 3146 1871 circumlatum,
3201 1804 3403 1863 Sancto
3451 1809 3630 1879 potius
3673 1827 3815 1883 quam

2249 1892 2582 1950 Endelecltio
2619 1894 3000 1950 ascribendum
3045 1897 3477 1956 cxistimaverim
3533 1903 3813 1974 equidem;

2233 1989 2326 2060 qui
2359 1989 2594 2044 fortasse
2626 1987 2923 2045 binominis
2950 1991 3147 2047 fuerit:
3175 1993 3264 2049 ille
3289 2011 3550 2064 namque,
3583 2014 3687 2054 non
3716 1999 3812 2070 hic,

2235 2096 2398 2137 vorsa
2447 2081 2704 2138 facundia
2748 2083 2928 2139 clarus
2975 2084 3284 2141 celebratur
3313 2086 3579 2144 Paulino:
3609 2106 3725 2160 quae
3750 2103 3819 2148 est

2233 2175 2576 2234 eruditorum
2627 2175 2885 2232 Historiae
2931 2177 3207 2233 litterariae
3247 2179 3472 2236 Gallica:
3509 2183 3816 2252 scriptorum

2238 2270 2505 2324 sententia
2541 2266 2661 2342 (ιη).
2710 2268 3092 2340 Aquitanicum
3123 2282 3302 2328 autem
3345 2273 3522 2330 fuisse
3567 2277 3816 2332 Carminis

2235 2371 2514 2417 auctorem
2555 2364 2770 2418 censuit
2800 2361 2990 2420 Petrus
3019 2363 3261 2421 Pithoeus
3287 2409 3302 2434 ,
3348 2369 3439 2439 qui
3469 2369 3598 2424 illud
3628 2388 3689 2425 ex
3719 2388 3811 2429 ms.

2234 2457 2424 2512 codice
2449 2456 2580 2512 Eliae
2613 2457 2789 2513 Vineti
2821 2475 2943 2513 cum
2977 2471 3218 2516 veterum
3244 2462 3432 2518 Galliae
3456 2466 3812 2537 theologorum

2235 2548 2512 2617 opusculis
2539 2589 2554 2614 ,
2600 2548 2703 2604 sub
2739 2549 2901 2604 linem
2938 2551 3128 2606 siccoli
3174 2568 3260 2606 xvi
3287 2595 3301 2618 ,
3353 2554 3578 2611 Parisiis
3628 2559 3812 2628 primus

2239 2640 2516 2710 evolgavit
2547 2660 2559 2669 ο
2595 2651 2650 2696 et
2678 2641 2895 2711 quidem
2926 2658 2992 2698 ex
3023 2642 3214 2700 eadem
3264 2644 3497 2703 fortasse
3530 2650 3660 2706 urbe
3691 2651 3809 2706 Bur-

2235 2733 2501 2806 digalensi
2533 2777 2548 2802 ,
2597 2750 2705 2806 qua
2747 2747 2903 2792 ortus
2945 2737 3263 2807 pet-hibetur
3303 2751 3525 2798 sanctus
3573 2743 3810 2802 Paulinus

2236 2829 2356 2901 ejus
2383 2829 2688 2886 familiaris.
2721 2831 2995 2912 Carminis
3026 2847 3156 2889 vero
3177 2836 3562 2892 conscribendi
3593 2843 3810 2895 occasio-

2237 2937 2361 2978 nem
2387 2923 2616 2994 pracbuit
2640 2922 2758 2978 dira
2783 2922 3058 2996 lues,qute
3086 2926 3164 2999 (η)
3193 2927 3532 2998 Pannonios,
3564 2930 3805 3004 Illyricos,

2238 3014 2430 3086 Belgas
2464 3016 2712 3086 aliosque
2748 3017 2980 3088 populos
3017 3020 3256 3090 graviter
3298 3024 3512 3078 stravit.
3562 3025 3683 3094 Ejus
3710 3042 3808 3082 meo

532 3132 701 3170 meum
733 3157 746 3180 ,
801 3115 1209 3179 ENDELECEIUI,
1239 3111 1508 3180 scripsisse
1547 3110 1724 3165 uideor
1749 3152 1764 3177 ,
1817 3123 1919 3163 non
1963 3118 2132 3161 tamen
2166 3110 2210 3170 Β
2242 3109 2396 3164 mittit
2422 3150 2438 3175 ,
2470 3118 2530 3164 ut
2553 3109 2899 3165 observatum
2931 3110 3166 3166 Baronio
3197 3113 3274 3185 (0)
3300 3153 3317 3180 ,
3349 3126 3572 3171 sanctus
3599 3119 3808 3172 Ambro-

536 3209 760 3263 edidisse
804 3207 1101 3261 convincar.
1151 3204 1479 3260 Postcrioris
1511 3218 1638 3258 vero
1670 3201 2002 3258 mentionem
2045 3199 2129 3254 in-

522 3303 646 3373 jicit
686 3304 740 3358 in
786 3301 998 3376 duab‘us
1041 3299 1290 3370 epistolis
1314 3340 1330 3364 ,
1386 3313 1524 3369 quas
1562 3296 1780 3353 Sucro
1806 3306 1863 3352 et
1890 3296 2128 3350 Amanth

532 3396 792 3450 fratribus
825 3395 1106 3462 inscripsit
1129 3393 1210 3464 (d)
1243 3410 1255 3444 :
1297 3407 1366 3446 ex
1408 3407 1635 3462 quarum
1666 3391 1839 3445 altera
1871 3399 2127 3456 constat,

532 3489 784 3542 Sanctum
829 3485 1077 3556 poeticen
1126 3483 1454 3558 excoluisse.
1504 3482 1597 3538 Sic
1641 3482 1788 3566 enim
1843 3481 2123 3552 loquitur:

531 3579 771 3651 Ilymnos
811 3597 937 3650 quos
983 3578 1340 3632 desiderabam
1364 3619 1378 3644 ,
1425 3577 1683 3650 accepisse
1719 3579 1957 3649 gratulor
1981 3593 2000 3631 :
2025 3593 2129 3648 quo

532 3690 762 3738 munere,
794 3675 1009 3730 Sancus
1035 3673 1219 3744 frater,
1249 3673 1564 3726 admonuisti
1586 3688 1686 3737 me,
1715 3683 1823 3728 etc.
1853 3672 1925 3727 De
1951 3671 2128 3727 Eude-

531 3767 708 3822 lcchio
735 3778 916 3822 autem
949 3766 1000 3821 id
1032 3781 1198 3821 unum
1226 3766 1390 3822 docet
1416 3774 1639 3821 sanctus
1664 3764 1824 3820 Pater
1851 3765 1956 3837 (e),
2005 3765 2129 3837 ejus

533 3863 785 3917 nimirum
817 3858 1022 3915 monitu
1055 3859 1438 3931 panegyricum
1467 3857 1758 3914 Theodosii
1789 3857 1858 3914 ab
1879 3873 1938 3914 se
1963 3857 2130 3914 fuisse

531 3959 924 4028 conscriptum,
955 3956 1113 4027 cnjus
1145 3956 1443 4010 meminere
1469 3955 1828 4026 Hieronymus
1851 3951 1945 4025 (ι’),
1977 3952 2125 4008 Gen-

532 4052 728 4108 nadius
757 4053 834 4125 (g)
865 4063 920 4108 et
948 4050 1308 4108 Cassiodorus
1335 4047 1438 4122 (It).
1481 4049 1558 4106 Ex
1607 4050 1803 4121 quibus
1833 4065 1963 4121 ergo
1992 4049 2124 4105 illud

531 4147 779 4218 colligas,
799 4147 1056 4203 Sanctum
1075 4145 1514 4216 distinguendum
1540 4160 1661 4200 esse
1681 4145 1750 4198 ab
1772 4144 2126 4210 Endelecltio,

530 4258 691 4298 secus
732 4250 893 4312 atque
923 4255 1189 4297 censuere
1217 4242 1322 4298 viri
1351 4241 1533 4306 docti,
1562 4238 1832 4294 Baronius
1862 4238 1926 4309 (ἰ)
1957 4281 1972 4305 ,
2013 4238 2129 4296 Sir-

532 4338 764 4392 mondus
804 4337 870 4410 (j)
897 4376 912 4403 ,
968 4336 1303 4407 llosweydus
1347 4335 1422 4408 (It)
1471 4345 1528 4391 et
1575 4334 1860 4392 Fabticius
1890 4333 1954 4407 (Ι)
1991 4352 2003 4386 :
2036 4333 2129 4406 qui

531 4430 766 4486 anticum
797 4429 1015 4500 quidem
1043 4431 1218 4484 sancti
1248 4430 1458 4485 Paulini
1491 4429 1777 4500 scripsisse
1801 4427 2033 4484 Carmen
2062 4427 2129 4482 de

531 4539 639 4592 quo
670 4537 979 4578 sermonem
1009 4523 1301 4590 habemus,
1335 4523 1712 4589 constituunt;
1753 4537 1914 4593 quem
1944 4530 2124 4576 tamen
2155 4527 2202 4591 ο
2232 4562 2306 4613 Βυ

533 4629 699 4668 unttm
731 4614 1012 4670 exstitisse
1038 4655 1054 4681 ,
1099 4617 1459 4687 eumdemque
1497 4618 1836 4672 nominatum
1875 4617 2123 4674 Severum

535 4707 791 4761 Sanctum
828 4706 1206 4764 Endelechium
1243 4711 1585 4778 existimant,
1618 4713 1795 4767 minus
1836 4722 1984 4768 recte
2011 4756 2025 4780 ,
2070 4723 2128 4767 ut

534 4800 754 4856 videtur
787 4819 799 4854 :
835 4818 959 4856 cum
989 4819 1058 4856 ex
1088 4803 1224 4858 locis
1270 4803 1435 4858 modo
1475 4804 1654 4858 allatis
1681 4815 1901 4859 Sanctus
1933 4805 2130 4875 praesul

531 4893 772 4950 Nolanus
813 4897 951 4950 duos
999 4895 1169 4951 fuisse
1201 4937 1216 4962 ,
1269 4896 1641 4968 Sanctumque
1685 4897 1755 4952 ab
1803 4896 2132 4954 Endelecbio

531 4989 854 5046 distinxisse
883 5001 1072 5062 aperte
1098 4990 1229 5046 satis
1255 4989 1663 5062 comprobetur.

601 5196 686 5268 (α)
721 5191 1102 5268 Τὶιιεηι.ΗῙδι.
1131 5190 1228 5268 des
1256 5191 1476 5268 Emper.
1514 5203 1645 5249 tom.
1680 5195 1752 5261 V,
1781 5211 1905 5268 pag.
1940 5196 2066 5252 148.

537 5266 862 5394 g6(b)5lllist.
917 5264 1084 5321 littér.
1141 5263 1211 5317 de
1257 5262 1306 5317 la
1359 5264 1558 5321 Franc.
1618 5277 1748 5323 tom.
1785 5262 1899 5336 ⁷11⁷,
1965 5283 2122 5339 pagg.

605 5382 936 5480 (cfetiam.
970 5413 1127 5480 epist.
1157 5414 1253 5476 28,
1287 5424 1437 5464 ηυηι.
1467 5407 1522 5464 6.

607 5478 687 5549 (ά)
730 5478 817 5531 Id.
852 5478 1016 5548 epist.
1039 5484 1111 5540 40
1139 5499 1191 5542 et
1215 5485 1309 5540 4i.

607 5551 680 5623 (ε)
843 5553 1000 5620 epist.
1029 5555 1119 5622 28,
1157 5559 1192 5611 Ι.
1219 5573 1270 5612 c.

612 5620 680 5694 (1)
719 5620 944 5696 Hieron.
973 5620 1130 5696 epist.
1167 5629 1258 5690 58.
1288 5624 1357 5680 al.
1389 5623 1480 5689 15,
1513 5639 1662 5680 num.
1697 5627 1748 5680 1.

615 5691 690 5761 (ρ)
733 5691 968 5763 Gennad.
1002 5691 1072 5751 de
1104 5699 1216 5751 Vir.
1249 5698 1444 5752 illuslr.
1475 5710 1594 5763 cap.
1621 5696 1710 5750 48.

617 5765 700 5837 (lt)
732 5762 974 5837 Cassiod.
1005 5767 1073 5821 de
1102 5769 1273 5823 lnstit.
1310 5769 1421 5821 div.
1453 5762 1555 5819 litt.
1588 5781 1706 5837 cap.
1739 5770 1826 5823 21.

618 5835 682 5902 (ί)
719 5833 916 5890 Dawn.
948 5838 1014 5896 ad
1039 5853 1166 5898 ann.
1200 5840 1323 5909 376,
1357 5837 1386 5908 ἕ
1417 5838 1470 5893 8.

2234 3202 2352 3258 sius
2381 3201 2462 3275 (p)
2493 3220 2506 3256 :
2537 3219 2556 3254 t
2600 3201 2900 3259 Verborum
2930 3205 3256 3272 ccelestium,
3283 3208 3480 3279 inquit,
3509 3211 3635 3265 nulli
3659 3212 3806 3281 magis

2233 3307 2394 3363 quam
2436 3309 2536 3347 nos
2575 3303 2744 3349 testes
2783 3309 2990 3350 sumus.
3031 3295 3243 3363 Quanta
3291 3304 3437 3354 enim
3489 3302 3666 3372 przelia
3691 3343 3704 3367 ,
3753 3313 3800 3358 et

2232 3398 2368 3452 quas
2414 3384 2700 3456 opiniones
2737 3389 3048 3456 accepimus
3088 3390 3486 3459 praeliorum...
3537 3398 3663 3460 Quae
3696 3409 3800 3448 om-

2234 3481 2383 3532 nium
2410 3476 2581 3533 fames
2605 3521 2617 3542 ,
2669 3479 2778 3534 lues
2803 3481 2998 3550 pariter
3025 3481 3174 3536 boum
3201 3492 3355 3554 atque
3381 3483 3674 3550 hominum,
3703 3503 3794 3541 toto

2235 3570 2431 3639 tet-ique
2453 3573 2687 3642 pecoris;
2721 3583 2777 3628 ιιι
2805 3573 2967 3630 etiatn
2999 3577 3090 3645 qui
3122 3577 3323 3632 bellum
3354 3593 3460 3635 non
3491 3582 3797 3650 pertulimus,

2231 3666 2521 3725 debellatis
2551 3679 2731 3726 tamen
2770 3687 2874 3726 nos
2915 3687 3078 3742 pares
3109 3672 3296 3730 fecerit
3325 3675 3650 3746 pestilentia?
3678 3676 3799 3746 Ergo

2231 3764 2357 3835 quia
2387 3765 2439 3819 in
2471 3778 2672 3820 occasu
2713 3767 2896 3821 saeculi
2933 3781 3123 3822 sumus
3146 3809 3162 3834 ,
3219 3771 3533 3840 praecedunt
3577 3771 3794 3842 qotedam

2233 3858 2583 3930 tcgritudines
2641 3859 2846 3914 mundi.
2903 3857 3196 3932 Egritudo
3245 3864 3433 3919 mundi
3485 3874 3567 3919 est
3609 3863 3792 3927 fames,

2232 3954 2498 4024 mgritudo
2527 3953 2711 4009 mundi
2740 3965 2824 4011 est
2848 3955 3142 4026 pestilentia
3167 3997 3183 4024 ,
3233 3958 3501 4028 aegritudo
3531 3958 3698 4012 mundi
3724 3963 3794 4012 est

2233 4050 2563 4120 persecutio.
2604 4067 2623 4101 ι
2661 4050 2788 4106 llaec
2834 4059 3052 4105 sanctus
3101 4051 3278 4107 Pater.
3322 4052 3602 4121 Quomodo
3637 4059 3791 4105 autem

2234 4141 2503 4212 ejusmodi
2553 4143 2669 4198 lues
2715 4159 2811 4214 per
2860 4144 3078 4214 signum
3125 4157 3326 4199 Snttcltn
3365 4145 3542 4201 crucis
3573 4144 3792 4198 facillime

2234 4248 2522 4295 curaretur
2548 4282 2563 4304 ,
2621 4247 2839 4293 enarrat
2885 4239 2940 4294 in
2984 4253 3082 4294 sua
3115 4239 3348 4310 eleganti
3412 4241 3588 4310 ecloga
3619 4237 3791 4292 llhetor

2234 4343 2422 4388 noster
2453 4333 2536 4388 his
2563 4333 2741 4389 verbis
2774 4332 2848 4405 (q)
2876 4351 2887 4385 :

2307 4576 2472 4616 cuws.
2538 4601 2550 4612 .
2621 4599 2635 4612 .
2703 4603 2714 4614 .
2783 4600 2796 4612 .
2867 4599 2880 4611 .
2951 4563 3426 4626 .Dicage,'fityt:e.

2517 4628 2637 4682 Quis
2663 4631 2713 4676 te
2737 4627 2979 4687 subripuit
3001 4625 3220 4676 cladibus
3259 4625 3338 4675 his
3359 4625 3510 4683 Deus,

2521 4687 2582 4738 Ut
2601 4690 2754 4752 pestis
2777 4689 3018 4752 pecudum
3042 4703 3154 4752 quae
3174 4689 3399 4752 populata
3423 4690 3488 4738 sit

2644 4704 2754 4738 esus
2777 4704 3018 4752 pecudum
3042 4704 3154 4800 quae
3174 4704 3399 4802 populata
3423 4704 3488 4738 stt

2644 4754 2864 4820 Vicinos,
2884 4753 2970 4802 tibi
2984 4766 3057 4820 _n_t_t
3085 4754 3126 4800 Ia
3151 4757 3216 4802 sit
3440 4815 3450 4820 D
3499 4811 3533 4820 ,ι
3573 4811 3580 4820 ⁸

2235 4816 2462 4870 Tiﬂttos.
2515 4819 2718 4882 Signum
2739 4811 2867 4880 quod
2892 4815 3162 4878 perhibent
3191 4828 3305 4866 esse
3321 4815 3480 4864 crucis
3498 4811 3602 4870 Dei,

2515 4943 2621 5006 Hoc
2634 4945 2826 5006 signum
2850 4941 3025 5006 mediis
3047 4940 3289 4991 frontibus
3309 4939 3546 5006 additum,

2519 5002 2809 5056 Cunctirum
2829 5005 3072 5069 pecudum
3094 5012 3229 5054 certa
3254 5003 3385 5054 salus
3407 5002 3512 5052 fuit.

2305 5195 2662 5272 (ll-Simwnd.
2687 5194 2754 5253 ad
2783 5196 2877 5252 lib.
2909 5212 2992 5264 tv,
3029 5197 3188 5268 epist.
3219 5198 3273 5262 8,
3303 5197 3487 5254 Sidon.
3522 5203 3634 5261 opp.
3662 5193 3765 5238 tom.

2235 5268 2295 5322 1.
2333 5285 2452 5322 ttae.
2489 5268 2614 5322 490.

2282 5309 2295 5331 .
2333 5285 2452 5338 pag.
2489 5276 2614 5322 490.

2333 5285 2452 5340 pag.
2489 5285 2614 5322 seu.

2330 5343 2383 5410 It)
2427 5341 2598 5396 Rosw.
2639 5341 2707 5396 ad
2736 5341 2898 5410 epist.
2923 5342 2980 5397 9.
3011 5341 3220 5395 Paulin.

2305 5344 2383 5480 γε)
2427 5344 2598 5396 Rosw.
2639 5344 2707 5396 ad
2736 5344 2898 5410 epist.
2923 5344 2980 5397 9.
3011 5344 3220 5395 Paulin.

2329 5413 2371 5484 ι)
2410 5410 2619 5484 Fabric.
2651 5413 2786 5466 Bibi.
2817 5413 2932 5467 Lat.
2966 5425 3095 5484 tom.
3123 5411 3188 5467 lll
3210 5455 3224 5481 ,
3261 5429 3382 5483 pag.
3408 5412 3527 5467 278.
3636 5471 3688 5484 η

2331 5473 2404 5554 in)
2443 5483 2580 5537 llist.
2614 5484 2780 5540 littér.
2807 5486 2873 5537 de
2907 5485 2954 5536 la
2990 5483 3183 5540 Franc.
3211 5473 3466 5540 'to'mfcit.
3498 5493 3602 5551 pag.
3633 5473 3702 5526 57-

2331 5553 2389 5622 η)
2430 5553 2550 5622 Ser.
2581 5554 2760 5610 Carm.
2796 5556 2982 5611 Bucol.
3017 5571 3188 5611 verss.
3217 5555 3310 5620 22,
3341 5559 3429 5612 95.

2332 5621 2384 5697 ο)
2423 5621 2615 5697 Baron.
2648 5626 2680 5680 l.
2718 5640 2768 5680 c.

2310 5691 2390 5770 (ρ’)
2432 5695 2606 5750 Antbr.
2635 5697 2942 5770 Comment.
2968 5698 3021 5755 in
3045 5699 3176 5754 Luc.
3205 5701 3296 5758 lib.
3322 5717 3377 5766 ι,
3404 5712 3537 5755 num.
3561 5691 3633 5753 10,
3657 5694 3756 5749 OPP-

2241 5769 2379 5827 totn.
2407 5771 2469 5838 1.
2495 5782 2612 5838 pag.
2646 5769 2807 5824 1506.

2325 5840 2406 5913 (q)
2435 5837 2558 5896 Ser.
2587 5840 2626 5898 l.
2658 5843 2752 5898 cit.
2779 5857 2864 5900 vv.
2899 5843 2996 5899 101
3029 5859 3180 5923 seqq.
