4038 6312
491 230 596 289 799
1175 227 1468 300 :SEVERI
1505 225 1852 287 RHE’I‘ORIS
1891 227 1982 288 ET
2023 227 2086 288 Pl

2158 227 2278 287 ,ΤᾺΕ
2312 226 2602 288 CARMEN
2643 229 3060 292 BUCOLICUM.
3665 248 3753 312 800

526 350 597 410 55
705 351 870 422 Queis
901 349 1104 408 montis
1131 349 1364 421 gemina:
1385 359 1630 404 consona
1656 345 1870 404 tinnulo
2120 353 2173 409 Λ
2488 345 2652 402 Prata
2673 348 2910 405 concidit
2942 349 3191 409 herbido.

780 445 1065 503 Concentu
1087 443 1442 518 crcpitacula,
2237 435 2307 492 85
2344 437 2516 509 Quam
2539 439 2724 496 multis
2751 441 2894 497 loliis
2916 443 3051 499 silva
3073 446 3400 505 cadentibus

639 540 797 599 IEtas
822 537 1146 605 consimilis,
1171 546 1397 609 setaque
1424 535 1687 593 concolor
1715 554 1730 591 ε
2413 533 2659 590 Nudatur
2676 532 2876 606 gelidis
2904 547 3044 594 tacta
3077 541 3446 613 aquilonibus,

709 631 1076 690 Mansuetudo
1103 631 1317 697 eadem,
1347 630 1515 687 robur
1545 629 1689 687 idem
1720 629 1835 699 fuit,
2414 625 2586 694 Quam
2609 627 2795 685 densis
2825 627 3043 687 ﬂuitant
3068 633 3364 694 velleribus
3391 638 3540 697 nives

709 727 780 784 Et
807 727 1002 794 fatum,
1036 725 1219 783 medio
1244 739 1369 782 nam
1391 724 1498 781 ruit
1525 739 1725 798 aggere
2487 719 2623 777 Tam
2646 721 2855 779 crebrae
2877 725 3144 794 pecudum
3169 743 3356 788 neces,

535 823 606 879 40
787 821 894 877 Par
915 819 1117 876 victum
1139 819 1298 890 parili
1327 833 1483 876 nece.
2345 814 2501 872 Nunc
2530 825 2702 873 totum
2734 819 2933 890 tegitur
2961 819 3254 879 funeribus
3274 824 3473 896 solum,

639 913 854 972 Mellito
881 914 1097 986 penitus
1124 912 1267 970 farra
1297 911 1492 970 dabam
1517 912 1659 968 solo.
2235 906 2307 963 90
2415 907 2681 966 Inﬂantur
2709 911 2929 968 tumidis
2961 928 3189 985 corpora
3213 919 3511 988 ventribus,

706 1008 901 1080 Largis
923 1007 1096 1080 putris
1122 1015 1242 1063 erat
1268 1005 1424 1078 gleba
1456 1005 1779 1077 liquoribus.
2416 1003 2618 1060 Albent
2639 1005 2881 1062 lividulis
2913 1007 3118 1066 lumina
3141 1010 3403 1084 nubibus,

706 1103 906 1159 Sulcos
933 1100 1214 1174 perfacilis
1242 1100 1382 1157 stiva
1411 1100 1744 1166 tetenderat;
2489 1097 2675 1155 Tenso
2697 1113 2854 1156 crura
2883 1101 3060 1174 rigent
3091 1104 3253 1176 pede.

785 1198 1062 1268 Nusquam
1085 1211 1276 1252 vomer
1297 1194 1590 1252 inhaeserat
1615 1214 1627 1250 :
2342 1189 2463 1247 Jam
2491 1191 2696 1249 circum
2728 1195 2959 1251 volitant
2983 1197 3197 1268 agmina
3217 1198 3478 1268 tristium,

531 1291 602 1350 45
641 1292 836 1350 Lzevus
864 1292 964 1348 bos
993 1290 1176 1346 subito
1204 1289 1402 1346 labitur
1425 1290 1654 1360 impetu,
2417 1284 2780 1358 Dirarumque
2809 1289 3014 1356 avium,
3043 1289 3269 1363 jamque
3297 1307 3490 1350 canum
3517 1308 3689 1368 greges

710 1385 892 1440 IEstas
913 1398 1076 1455 quem
1099 1382 1364 1438 domitum
1395 1381 1604 1438 viderat
1625 1381 1820 1436 altera.
2241 1377 2313 1434 95
2422 1377 2683 1435 lnsistunt
2714 1379 2910 1438 laceris
2939 1385 3246 1442 visceribus
3277 1385 3408 1443 frui.

713 1477 950 1533 Tristem
981 1477 1239 1532 continuo
1271 1474 1466 1530 desero
1491 1473 1805 1546 coniugem,
2494 1475 2632 1547 Heu,
2657 1492 2757 1533 cur
2779 1492 2887 1533 non
2914 1479 3080 1535 etiam
3110 1481 3276 1538 meis!

787 1571 868 1626 Nil
889 1570 998 1640 jam
1023 1570 1142 1641 plus
1172 1577 1420 1625 metuens
1448 1567 1596 1634 mali,
2349 1569 2644 1640 Quidnam,
2674 1587 2886 1644 quaeso,
2916 1575 3048 1646 quid
3079 1585 3184 1645 est,
3218 1578 3362 1649 quod
3387 1579 3533 1637 vario
3561 1581 3701 1639 modo

643 1663 798 1718 Dicto
823 1661 918 1717 sed
946 1659 1105 1716 citius
1135 1660 1490 1731 consequitur
1515 1674 1701 1716 necem
2417 1664 2612 1720 Fatum
2638 1667 2795 1722 triste
2826 1669 2978 1725 necis
3011 1670 3250 1726 transilit
3273 1671 3496 1744 alteros,

531 1759 602 1816 50
708 1759 938 1829 Semper
962 1757 1053 1831 qui
1093 1757 1270 1813 fuerat
1305 1767 1329 1794 ο
1354 1767 1408 1812 et
1438 1757 1666 1825 integer,
2127 1755 2174 1815 B
2418 1757 2733 1832 Afﬂigitque
2760 1760 3041 1831 alios,?,cn
3069 1763 3170 1819 tibi
3199 1763 3423 1838 Tityrus

711 1855 866 1913 Tunc
889 1853 1065 1925 longis
1095 1852 1349 1925 quatiens
1375 1852 1462 1907 ilia
1488 1851 1758 1924 pulsibus,
2205 1849 2310 1907 100
2489 1853 2656 1908 Salvo
2687 1853 2845 1909 Iaztus
2867 1855 2981 1926 agit
3006 1871 3193 1927 grege.

786 1947 1003 2004 Victum
1032 1946 1283 2020 deposuit
1311 1952 1496 2016 caput.
2347 1946 2533 2017 Ipsum
2562 1955 2853 2004 contueor.
2879 1948 2977 2004 Dic
2999 1964 3120 2020 age,
3153 1949 3364 2023 Tityre,

1211 2076 1388 2120 assos.
2417 2039 2552 2108 Quis
2577 2049 2628 2096 te
2658 2040 2960 2113 subripruit
2980 2042 3224 2100 cladibus
3253 2045 3336 2102 his
3367 2049 3526 2116 Deus,

640 2163 850 2234 Angor,
881 2159 1206 2226 discrucior,
1238 2171 1469 2225 maereo,
1505 2157 1687 2228 lugeo.
2418 2134 2702 2242 Ill-pestes
3045 2155 3168 2242 qua?
3191 2142 3450 2214 popuma
3479 2142 3546 2199 εει

717 2257 938 2312 Damnis
965 2257 1162 2328 quippe
1195 2255 1325 2325 tuis,
1357 2270 1464 2311 non
1489 2269 1649 2310 secus
1677 2267 1743 2310 ac
1771 2256 1931 2325 meis,

1568 2227 1649 2310 ius
1677 2267 1743 2310 ac
1771 2256 1931 2325 meis,
2492 2227 2733 2298 Vicinos,
2759 2230 2857 2287 tibi
2881 2231 3027 2288 nulla
3054 2233 3163 2289 sit?

539 2353 608 2406 55
716 2351 914 2408 Pectus
935 2348 1251 2416 conficitur;
1284 2347 1378 2404 sed
1415 2357 1596 2406 tamen
1618 2348 1876 2417 arbitror,
2880 2362 3133 2404 'n'rvnus.

787 2443 980 2501 Salvos
1005 2457 1128 2502 esse
1156 2458 1351 2515 greges
1383 2441 1500 2498 tibi.
1880 2511 1883 2513 _
2207 2435 2314 2494 103
2351 2436 2577 2509 Signum
2610 2439 2756 2510 quod
2786 2440 3076 2511 perhibent
3097 2457 3219 2500 esse
3239 2442 3429 2501 Crueis
3452 2445 3544 2502 Dei
3574 2464 3586 2502 :

1165 2573 1422 2615 Βυςυιυε,
2416 2531 2627 2603 Magnis
2647 2535 2738 2606 qui
2765 2534 2966 2591 colitur
2993 2537 3144 2592 solus
3176 2537 3228 2592 in
3261 2538 3489 2595 urbibus

650 2652 784 2710 llluc
807 2651 972 2710 tendo
1002 2652 1192 2721 miser,
1221 2669 1328 2724 quo
1355 2667 1555 2724 gravor
1583 2654 1786 2710 acrius.
2416 2626 2971 2724 ω’ἷίεξυδνβθνβθίυί
3003 2631 3174 2701 Β¹⁰¹⁸ί³
3203 2632 3472 2702 Numinis,

714 2748 847 2804 Nam
878 2747 1118 2803 solamen
1141 2755 1260 2803 erat
1287 2747 1368 2803 vel
1401 2747 1685 2804 minimum
1709 2748 1867 2820 mali,
2065 2754 2076 2762 ‘

1481 2747 1685 2804 nimum
1709 2748 1867 2820 ma",
2065 2754 2076 2762 ς
2351 2814 2392 2820 ﬂ
2489 2721 2658 2820 Cujus
2688 2723 3073 2820 filiusnuicus.

719 2842 776 2900 Si
816 2841 992 2897 fama
1022 2841 1176 2897 dare,
1198 2841 1475 2912 posterior
1495 2841 1649 2909 mihi,
1851 2814 1862 2820 ’
2213 2909 2224 2912 _
2250 2909 2262 2912 Δ
2286 2908 2300 2912 Δ
2351 2814 2465 2912 lloe
2492 2815 2707 2885 signum
2734 2816 2927 2874 mediis
2954 2817 3224 2876 frontibus
3244 2821 3509 2889 additum,

543 2937 613 2992 60
791 2934 945 3006 Quod
971 2908 1214 3007 pmscﬂs'
1235 2935 1411 3005 rapui,
1441 2935 1577 2991 lues.
1639 2908 1642 2909 ⁷
2205 2908 2310 2965 HO
2417 2910 2744 3007 {Sanctarum
2774 2912 3036 3007 pecudum
3068 2922 3215 2968 certa
3241 2915 3388 2969 salus
3417 2915 3532 2970 fuit.

651 3027 758 3085 Sed
782 3004 903 3099 quis
933 3004 1063 3084 vera
1095 3027 1283 3098 putet?
1303 3004 1631 3098 progeniem
1659 3044 1878 3102 quoque

2415 3004 2509 3060 Sic
2538 3019 2669 3061 vero
2697 3005 2841 3061 Deus
2867 3005 2973 3062 hoc
2989 3007 3210 3064 nomine
3241 3019 3542 3080 praepotens

719 3098 1054 3178 Exstinctam
1083 3121 1312 3193 pariter,
1349 3120 1458 3176 vidi
1486 3135 1589 3192 ego
1622 3098 1884 3177 cernuam
2129 3157 2176 3222 ρ

1566 3135 1589 3175 a
1622 3098 1884 3177 cernua.“
2129 3157 2176 3222 Ο
2491 3098 2744 3156 Salvator
2764 3100 3027 3156 vocitatus
3058 3110 3161 3156 est.

1691 3218 1703 3222 _
2351 3193 2501 3222 L‘nln:l
2535 3195 2795 3222 ΛΑ..ιῖη..η
2818 3209 2959 3222 ραι-γι.
2995 3194 3110 3222 In..-
3139 3211 3161 3222 ι.

715 3215 950 3273 Invicem
971 3217 1270 3288 gravidam,
1303 3217 1412 3272 vidi
1437 3220 1648 3274 animas
1673 3218 1810 3274 duas
2129 3193 2176 3222 ι’

1776 3234 1810 3274 ιε
2129 3193 2176 3222 ‘-‘
2350 3193 2508 3263 Fugit
2534 3195 2797 3249 continuo
2818 3209 2961 3248 saeva
2993 3194 3112 3251 lues
3138 3211 3332 3267 greges
3359 3214 3371 3249 :

794 3309 913 3366 Uno
945 3311 997 3365 in
1031 3324 1265 3379 corpore
1296 3309 1557 3380 perdam.
2420 3287 2623 3343 Morbis
2647 3289 2720 3344 nil
2746 3287 2917 3343 licuit.
2941 3287 2998 3344 Si
3029 3297 3208 3345 tamen
3241 3289 3386 3344 hunc
3420 3289 3581 3346 Deum

541 3402 611 3457 65
651 3402 748 3459 llic
770 3402 934 3458 fontis
965 3417 1223 3468 renuens,
1258 3403 1520 3474 graminis
1561 3404 1871 3476 immemor,
2207 3383 2312 3440 "5
2421 3384 2661 3441 Emm’c
2683 3382 2817 3438 velis
2849 3402 2860 3437 ⁵
2888 3383 3115 3439 credere
3145 3383 3363 3440 δυηίοίίο

725 3495 888 3550 Errat
909 3493 1172 3551 succiduo
1200 3495 1397 3550 bucula
1431 3495 1657 3565 peplite,
2493 3478 2699 3534 Vocum
2734 3491 2755 3518 ε
2785 3479 2901 3535 sola
2929 3478 3064 3536 ﬁdes
3087 3479 3259 3549 juvat.

723 3589 834 3645 Nec
860 3589 1082 3660 longum
1113 3589 1312 3662 refugit
1343 3610 1354 3644 ε
1379 3591 1472 3646 sed
1502 3590 1745 3661 graviter
1771 3591 1878 3648 ruit
2351 3575 2468 3632 Non
2501 3575 2622 3631 ullis
2645 3573 2856 3630 madida
2890 3584 2971 3630 est
2997 3589 3088 3630 ara
3118 3575 3426 3642 cruoribus,

794 3681 913 3737 Leti
943 3682 1206 3753 compede
1231 3683 1568 3741 claudicans.
2418 3670 2529 3725 Nec
2560 3669 2780 3724 morbus
2809 3667 3072 3739 pecudum
3097 3668 3248 3724 cmde
3273 3670 3570 3741 repellitur,

656 3778 720 3831 At
745 3784 894 3847 parte
915 3792 979 3832 ex
1009 3776 1137 3842 alia,
1166 3777 1258 3849 qui
1286 3777 1487 3834 vitulus
1517 3777 1676 3834 modo

2426 3762 2530 3818 Sed
2559 3761 2792 3832 simplex
2818 3761 2984 3816 animi
3015 3761 3325 3830 purilicatio

549 3869 617 3924 70
726 3867 978 3925 Lascivas
1010 3870 1209 3926 saliens
1236 3879 1483 3927 texuerat
1509 3871 1650 3940 vias,

1538 3871 1650 3940 hs,
2211 3856 2315 3912 120
2494 3855 2708 3927 Optatis
2730 3854 2928 3911 fruitur
2953 3855 3133 3914 bonis.

726 3963 794 4019 Ut
821 3973 1050 4020 matrem
1075 3964 1241 4020 subiit
1265 3983 1276 4018 :
1303 3981 1428 4021 mox
1456 3965 1526 4021 ibi
1551 3967 1802 4022 morbido
2924 3981 3098 4025 zeco-x.

794 4055 1008 4113 Pestem
1035 4059 1196 4115 traxit
1218 4060 1286 4114 ab
1312 4060 1501 4116 ubere.
2355 4065 2482 4121 lla‘c
2507 4066 2551 4120 si
2574 4072 2722 4120 certa
2753 4061 2973 4135 probas,
2999 4063 3212 4134 Tityre,
3245 4062 3320 4118 nil
3351 4077 3548 4128 moror,

648 4147 818 4204 Mater
848 4149 1095 4206 tristiﬁco
1125 4152 1347 4210 vulnere
1377 4154 1581 4221 saucia,
2420 4159 2560 4227 Quin
2593 4157 2732 4214 veris
2757 4157 2985 4212 famuler
3014 4155 3418 4228 relligionibus.

727 4241 797 4297 Ut
826 4241 962 4298 vidit
991 4244 1138 4299 vituli
1163 4246 1381 4302 condita
1404 4248 1606 4303 lumina
1635 4267 1646 4301 :
2093 4249 2095 4254 “
2426 4252 2682 4308 Errorem
2713 4261 2949 4308 veterem
2982 4250 3260 4321 diffugiant
3289 4250 3466 4306 libens
3499 4267 3510 4302 :

542 4334 612 4390 73
720 4334 952 4404 Mugitus
981 4336 1205 4406 iterans,
1237 4355 1300 4396 ac
1322 4341 1522 4398 misere
1549 4357 1795 4414 gemens,
2496 4346 2631 4402 Nam
2654 4345 2841 4412 fallax,
2866 4356 2917 4400 et
2939 4343 3118 4399 inanis
3146 4353 3250 4399 est.

798 4429 972 4501 Lallsa
1005 4442 1089 4488 est
1115 4452 1126 4486 :
1161 4443 1215 4490 et
1246 4435 1422 4491 voluit
1450 4437 1608 4493 mori.
2212 4442 2317 4498 125
2355 4442 2530 4513 Atque
2556 4441 2665 4510 jam
2687 4449 2944 4512 properat
2970 4453 3124 4495 mens
3154 4454 3273 4494 mea
3305 4440 3486 4495 visere

653 4523 807 4578 Tunc
830 4533 1102 4595 tamquam
1135 4535 1402 4598 metuens,
1429 4545 1497 4585 ne
1523 4531 1642 4586 sitis
1674 4533 1854 4589 aridas
2133 4557 2188 4620 Β
2426 4535 2636 4592 Summi
2669 4534 2870 4605 templa
2900 4535 2999 4591 Dei
3031 4553 3043 4587 :
3069 4534 3202 4606 quin
3231 4549 3352 4605 age,
3379 4530 3593 4594 Bucule,
3670 4532 3673 4534 ’

724 4615 931 4671 Fauces
959 4618 1294 4688 opprimeret
1327 4623 1441 4678 :sie
1463 4641 1676 4699 quoque
1706 4630 1831 4687 dum
1860 4632 2005 4703 jacet
2133 4615 2171 4620 ⁷
2425 4630 2539 4686 Νοη
2573 4629 2791 4699 longam
2824 4628 3030 4699 pariter
3061 4627 3449 4698 congredimur
3472 4625 3625 4688 viam,

723 4710 980 4766 Admovit
1008 4712 1036 4752 ιι
1062 4713 1226 4770 ubera
1249 4727 1486 4775 mortuo.
2501 4725 2707 4782 Christi
2736 4734 2790 4780 et
2815 4722 2842 4762 ἀ
2869 4739 3065 4780 numen
3091 4724 3456 4794 agnoscimus.

544 4805 613 4860 80
795 4803 926 4860 Post
948 4816 1175 4862 mortem
1209 4809 1380 4878 pietas
1412 4814 1576 4886 viget.
2352 4825 2418 4880 Et
2442 4839 2527 4880 me
2553 4822 2799 4879 consiliis
2821 4818 3032 4890 iungite
3055 4818 3341 4891 prosperis
3366 4835 3378 4870 :

653 4896 792 4952 "me
820 4905 1004 4953 ‘3‘"“5
1027 4899 1185 4955 δοίίδί
1214 4902 1296 4956 νίν
1320 4907 1518 4978 ἐνθείς,
1545 4919 1601 4964 εί
1632 4921 1806 4982 Mler.
2206 4921 2312 4975 150
2421 4917 2556 4974 Nam
2582 4933 2680 4973 cur
2700 4913 3042 4980 addubitem,
3076 4912 3210 4982 quin
3243 4909 3450 4966 homini
3474 4917 3669 4980 quoque

721 4989 964 5048 Cervicis
992 4993 1170 5048 valida
1198 4993 1390 5052 frontis
1411 5009 1466 5053 et
1490 5001 1695 5074 arduae,
2418 5013 2643 5083 Signum
2673 5009 2849 5083 prosit
2887 5007 3028 5063 idem
3056 5013 3285 5077 perpete
3307 5004 3526 5070 saeculo,

725 5086 907 5142 Ltetus
931 5084 1061 5142 dum
1089 5086 1309 5145 sibimet
1335 5091 1456 5163 plus
1487 5094 1654 5155 nimio
1687 5101 1888 5176 placet,
2491 5109 2612 5178 Quo
2643 5106 2723 5162 vis
2747 5101 2994 5162 morbida
3017 5100 3289 5158 vincitur?

583 5283 606 5346 ξ’
634 5272 720 5328 AI.
753 5273 878 5330 add.
903 5291 1080 5328 sanus.
1358 5333 1379 5341 ,ί
2279 5302 2301 5329 c
2334 5291 2413 5346 An
2440 5289 2654 5344 υοιυηιξ)

581 5345 607 5385 δ
633 5347 717 5403 Al.
749 5346 872 5403 add.
897 5347 1144 5402 moriens.
1546 5361 1553 5368 '

1546 5361 1553 5368 ’
2273 5360 2298 5398 ι¹
2446 5360 2679 5416 Numina
2709 5358 2988 5416 noscimus.

1733 5597 2560 5621 Μ-

2205 5618 2208 5619 ,
2325 5618 2422 5619 πη
2455 5618 2560 5621 ηὴ
