4038 6312
279 327 375 390 801
1176 342 1330 402 VAL.
1387 341 1740 406 FALTONIA
1781 347 2032 414 PROBA.
2069 385 2136 396 ——
2177 356 2714 422 I'ROLEGOMENA.

1277 515 1618 525 —-—-——-_—._

282 537 469 548 ---——~—_

949 548 3408 586 Ἥ

3476 370 3582 428 802

469 711 993 882 VAL.
1135 722 2358 902 FALTONIA
2488 745 3358 935 PROBA,

1263 1060 1938 1158 CENTONUM
2011 1072 2566 1163 POETRIA.

1676 1315 2114 1337 -ἡ

1081 1484 1100 1550 (
1125 1485 1197 1537 Ex
1218 1486 1514 1543 collectione
1536 1491 1753 1545 omnium
1776 1501 2056 1562 poetarum,
2085 1503 2208 1565 etc.,
2234 1497 2426 1554 Pisauri
2448 1513 2564 1554 cusa
2591 1502 2725 1556 1766.
2753 1502 2772 1570 )

1693 1719 2112 1737 ὴ

1493 1903 2336 1995 PROLEGOMENA.

337 2135 551 2195 Valeria
568 2137 818 2195 Faltonia
848 2138 1039 2207 Proba,
1067 2155 1202 2199 uxor
1225 2142 1418 2200 Adellii
1445 2160 1659 2215 procos.
1686 2149 1866 2221 (quam
1899 2155 1942 2213 Α
1973 2151 2136 2210 Petro
2192 2155 2532 2226 Brubachio,
2585 2174 2689 2220 una
2732 2174 2859 2218 cum
2912 2162 3476 2224 IIomerocentonibns
3524 2175 3580 2224 et

258 2232 330 2288 ab
358 2233 546 2289 Anicia
573 2233 815 2288 Faltonia
841 2235 1001 2290 trium
1033 2235 1313 2292 consulum
1348 2247 1520 2295 matre
1546 2239 1720 2296 Proba
1749 2243 1868 2313 pul-

258 2323 390 2382 chre
422 2325 704 2397 distinguit
734 2325 810 2399 (a)
839 2326 976 2383 Tbo.
1011 2329 1080 2383 de
1110 2329 1454 2388 Simeonibus
1483 2332 1551 2388 V.
1582 2330 1693 2400 C.),
1726 2335 1868 2392 circa

256 2417 324 2475 Α.
356 2415 419 2474 C.
451 2418 560 2475 400
589 2427 877 2476 centonem
907 2437 976 2477 ex
1007 2421 1228 2492 Virgilio
1258 2423 1325 2479 de
1356 2424 1556 2480 fabrica
1588 2427 1772 2483 mundi
1816 2439 1871 2484 ct

255 2509 566 2583 Evangeliis
597 2512 908 2583 plenissime
949 2518 1238 2592 expressit.
1287 2516 1569 2573 Centonum
1619 2519 1871 2593 Virgilia-

257 2623 441 2662 norum
466 2609 762 2678 poetriam,
811 2608 1114 2665 Faltoniam
1159 2611 1405 2680 Probam,
1455 2614 1627 2670 civem
1679 2615 1872 2672 Horta-

256 2716 404 2770 nam,
444 2717 554 2758 non
603 2700 918 2758 Falconiam
946 2704 1319 2774 appellandam
1367 2721 1510 2774 esse,
1540 2716 1722 2765 etnec
1746 2723 1868 2765 cum

258 2795 453 2852 Anicia
482 2797 734 2854 Faltonia
777 2798 948 2855 Proba
983 2799 1074 2871 (de
1100 2816 1205 2872 qua
1236 2801 1495 2860 Baltellus
1531 2805 1606 2875 (ὁ)
1639 2805 1691 2862 in
1735 2805 1866 2865 diss.

257 2887 328 2946 de
355 2890 694 2962 sarcophago
721 2907 1028 2948 marmoreo
1053 2893 1213 2949 Probi
1243 2896 1416 2951 Anicii
1443 2905 1498 2953 et
1525 2896 1716 2954 Probae
1747 2897 1872 2954 Fal-

257 2983 417 3045 toniae
445 2985 501 3041 in
535 2986 739 3057 templo
771 2985 1029 3042 Vaticano
1068 2986 1227 3044 Rom.
1273 2989 1435 3058 1705,
1477 2993 1558 3063 8),
1603 3008 1704 3050 nec
1745 3009 1868 3049 cum

254 3077 468 3136 Valeria
494 3079 669 3137 Proba
693 3097 867 3138 uxore
894 3081 1086 3138 Adelfii
1116 3099 1330 3152 procos.
1357 3085 1645 3158 quidquam
1670 3087 1870 3145 habere

255 3187 544 3230 commune
574 3174 737 3231 docet
763 3175 860 3231 Vir
901 3175 1300 3232 eruditissimus
1345 3177 1532 3236 Justus
1580 3178 1871 3237 Fontauini

257 3265 399 3324 libro
429 3283 471 3323 ll
504 3266 572 3324 de
603 3268 1029 3340 Antiquitatibus
1076 3268 1261 3326 IIortae
1308 3270 1571 3340 Colonite,
1605 3271 1676 3346 (c)
1709 3272 1868 3328 Rom.

257 3357 492 3430 1708,in
508 3360 596 3426 1°,
615 3375 933 3433 oppugnans
955 3361 1132 3419 virum
1157 3363 1340 3421 itidem
1365 3366 1872 3436 praestantissimum

253 3449 523 3508 Thomam
574 3451 644 3509 de
689 3452 1034 3512 Simeonibus
1060 3500 1074 3526 ,
1117 3456 1207 3528 qui
1251 3457 1522 3514 Valeriam
1565 3459 1868 3515 Faltoniam

1974 2243 2188 2301 Nonno.
2237 2247 2374 2304 Tum
2422 2248 2595 2306 Paris.
2635 2253 2777 2322 apud
2831 2253 3184 2313 Franciscum
3245 2259 3580 2329 Stephanum

1975 2336 2135 2407 15.13,
2169 2337 2221 2393 in
2248 2339 2352 2407 8°;
2386 2348 2442 2398 et
2465 2342 2606 2412 apud
2639 2343 2928 2402 Ileuricum
2959 2347 3292 2419 Stephanum
3325 2352 3486 2418 1578,
3521 2353 3574 2408 in

1977 2429 2080 2496 1‘2;
2110 2440 2186 2501 et,
2211 2443 2440 2490 curante
2463 2434 2606 2492 Iulio
2625 2436 2849 2510 Roscio,
2880 2439 3040 2497 Rom.
3071 2442 3232 2508 1588,
3262 2442 3317 2499 in
3348 2445 3412 2499 12
3432 2486 3447 2510 ,
3482 2460 3582 2502 nec

1975 2539 2085 2580 non
2113 2541 2236 2582 cum
2265 2527 2388 2585 aliis
2413 2529 2964 2601 Virgiliocentonibus
2993 2534 3061 2590 ab
3086 2536 3254 2592 Henr.
3291 2537 3582 2594 Meibomio

1976 2618 2263 2676 recensitis
2304 2621 2604 2679 Ilelmstad.
2639 2625 2801 2692 1597,
2841 2625 2894 2682 in
2934 2628 3020 2683 1ο.
3063 2627 3272 2685 Omitto
3311 2630 3581 2688 editiones

1975 2709 2133 2778 alias,
2167 2719 2225 2767 ut
2253 2712 2638 2772 Colonienscm
2670 2717 2830 2786 1601,
2864 2718 2920 2774 in
2951 2719 3037 2789 8°,
3069 2729 3125 2776 et
3153 2721 3348 2791 qumin
3375 2721 3580 2778 Biblio-

1976 2804 2148 2860 thecis
2189 2804 2409 2862 Patrum
2452 2820 2766 2865 occurrunt.
2813 2810 2918 2867 Sed
2960 2827 3070 2883 pra:
3113 2813 3331 2869 eaateris
3359 2812 3582 2869 laudan-

1974 2892 2104 2950 dum
2141 2895 2382 2954 studium
2411 2898 2503 2956 Jo.
2539 2899 2761 2956 Henrici
2807 2900 3138 2976 Kromaycri,
3173 2904 3266 2976 qui
3307 2904 3581 2963 Ceutoues

1976 2988 2078 3043 hos
2100 2990 2244 3047 notis
2266 3001 2319 3047 et
2344 2991 2523 3049 indice
2544 3003 2768 3050 ornatos
2789 2996 3030 3067 vulgavit
3055 2997 3206 3054 Ilalze
3233 2997 3397 3066 1719,
3423 2998 3476 3054 iu
3499 3001 3579 3066 8°,

1974 3081 2203 3154 signatis
2224 3085 2291 3141 ad
2315 3085 2560 3157 singulos
2588 3101 2778 3144 versus
2806 3088 2940 3144 locis
2971 3089 3204 3162 Virgilii,
3233 3091 3431 3161 quibus
3451 3104 3580 3148 cen-

1977 3182 2132 3232 tones
2159 3175 2236 3232 illi
2267 3187 2541 3235 constant.
2563 3178 2767 3235 Novam
2796 3180 3093 3238 editionem
3118 3192 3436 3254 cxspectare
3477 3198 3581 3239 nu-

1977 3283 2128 3340 pera
2158 3283 2218 3326 se
2247 3271 2412 3340 jussit
2439 3271 2493 3328 in
2532 3271 2986 3345 Ephemeridibus
3024 3275 3301 3332 litterariis
3343 3275 3574 3333 Germa-

1977 3363 2100 3419 nice
2120 3363 2280 3421 editis
2308 3363 2507 3437 Lipsim
2537 3365 2602 3422 A.
2638 3367 2800 3434 1710,
2831 3383 2956 3441 pag.
2998 3369 3159 3438 1010,
3189 3378 3352 3442 atque
3381 3369 3581 3427 iterato

1976 3455 2032 3512 in
2061 3458 2216 3514 novis
2242 3458 2522 3516 litterariis
2558 3459 2625 3516 Λ.
2663 3461 2824 3532 1719,
2851 3477 2974 3534 pag.
3014 3462 3106 3532 53,
3150 3465 3448 3534 praeclarus
3486 3463 3585 3520 Vir

254 3543 514 3612 Probam,
533 3544 1066 3618 Adelfii(d)uxorem,
1090 3559 1349 3608 centones
1366 3551 1488 3607 illos
1501 3552 1872 3622 composuisse
1903 3547 1951 3609 B
1977 3548 2069 3605 Io.
2099 3549 2324 3608 Gottlieb
2347 3551 2574 3612 Krause.
2606 3554 2940 3628 Iampridem
2965 3557 3158 3615 Probae
3181 3557 3455 3616 Centones
3478 3573 3581 3615 una

253 3638 559 3695 contendit.
592 3639 786 3711 Scripti
815 3649 939 3697 sunt
965 3652 1088 3713 post
1129 3645 1196 3698 Α.
1239 3641 1304 3700 C.
1352 3644 1480 3714 595,
1517 3661 1639 3700 cum
1680 3644 1866 3701 llono-

253 3734 368 3791 rius
404 3734 519 3806 jam
558 3735 834 3807 Augustus
876 3745 1040 3807 atque
1070 3737 1369 3809 imperator
1398 3749 1573 3795 esset:
1605 3737 1864 3809 editique,

253 3839 378 3902 post
397 3830 664 3889 Venetam
685 3832 977 3890 editionem
999 3833 1072 3904 (ε)
1094 3833 1251 3902 1-172,
1283 3833 1334 3888 iu
1368 3831 1461 3888 fol.
1483 3841 1538 3889 et
1567 3831 1865 3888 Romanam

254 3923 420 3989 1-181,
453 3924 508 3980 in
537 3923 627 3992 4ο,
658 3923 713 3980 in
743 3924 882 3982 Bibl.
913 3925 1212 3982 Barberina
1237 3925 1451 3981 obviam
1473 3926 1542 3981 ab
1569 3923 1729 3992 Aldo,
1759 3941 1867 3982 una

252 4027 377 4071 cum
405 4014 656 4087 Sulpicio
686 4016 916 4086 Severo,
948 4017 1539 4084 I-Iomeroceutonibus,
1581 4015 1824 4073 Juvenco
1843 4058 1860 4086 ,

253 4116 386 4176 etc.,
414 4108 613 4168 Venet.
641 4108 803 4176 1501,
826 4111 880 4166 in
906 4110 996 4180 4°,
1025 4127 1057 4166 a
1085 4125 1190 4182 qua
1221 4109 1424 4168 ἐκδόσει
1446 4109 1736 4181 plurimum
1759 4109 1864 4166 dif-

252 4203 360 4260 fert
378 4205 551 4262 altera
566 4204 752 4261 itidem
775 4205 828 4262 in
849 4215 1045 4279 quarto
1065 4207 1208 4263 circa
1228 4206 1372 4264 idem
1385 4205 1858 4276 ,utvidetur,tem-

253 4314 356 4368 pus
385 4300 509 4356 sine
536 4298 642 4356 loci
671 4308 727 4356 et
759 4301 886 4356 anni
917 4300 1273 4358 annotatioue
1315 4301 1556 4372 vulgata.
1588 4299 1858 4356 Praeterea

251 4392 578 4462 prodierunt
611 4392 787 4450 Paris.
832 4393 997 4462 1509,
1026 4394 1078 4448 in
1103 4395 1187 4460 1°,
1237 4395 1394 4466 apud-
1417 4393 1682 4450 Joannem
1715 4393 1864 4449 Peti-

252 4491 388 4554 tum,
412 4493 468 4543 et
499 4483 674 4557 Lugd.
711 4486 872 4554 1516,
900 4499 1027 4542 cum
1049 4487 1341 4543 Mantuano
1367 4495 1425 4543 et
1456 4484 1610 4541 aliis:
1637 4483 1861 4556 Oppen-

250 4573 440 4635 heimii
471 4591 617 4636 anno
653 4578 832 4646 1517;
879 4577 1131 4637 Fraucof.
1183 4579 1358 4650 1511,
1409 4581 1463 4637 in
1513 4580 1601 4647 8°,
1638 4584 1866 4636 curante

321 4879 402 4955 (a)
433 4877 634 4964 Confer
662 4875 1054 4964 Epliemerides
1091 4873 1265 4961 Paris.
1299 4849 1864 4964 A.1_6£‘lf,lpag.w249

249 4946 459 5028 seq.'et
491 4946 804 5024 Pagium'ae
832 4953 983 5008 Sam.
1013 4949 1337 5020 Basnagium
1367 4948 1433 5002 ad
1465 4949 1533 5003 A.
1565 4947 1627 5002 C.
1660 4946 1788 5004 595.

323 5024 400 5077 lbi
434 5024 719 5077 Mémoires
743 5024 814 5077 de
839 5024 1110 5077 Trévoux.
1143 5021 1307 5077 1608.
1338 5035 1394 5077 ο.
1426 5020 1555 5075 8Ἱ6.

323 5024 400 5111 ζῡ)
434 5024 719 5081 Mémoires
743 5024 814 5080 dc
839 5024 1110 5090 Trévoux,
1143 5024 1307 5104 1608,
1338 5024 1555 5103 p..876.
1679 5092 1691 5105 ι

321 5098 399 5170 (ε)
428 5099 564 5154 Acta
596 5095 767 5170 Erud.
799 5095 962 5170 1709,
991 5110 1112 5170 pag.
1136 5094 1198 5170 (ΞΖ
1223 5091 1564 5170 Memoir._de
1589 5089 1862 5170 Trevoux.

1975 3659 2100 3700 eum
2137 3643 2420 3703 Taneredo
2474 3647 2712 3721 Philippi
2769 3649 3018 3707 Beroaldi
3064 3650 3274 3708 Gallice
3316 3649 3586 3709 convertit

1974 3739 2280 3796 Richardus
2323 3741 2374 3796 le
2405 3741 2570 3798 Blanc
2617 3742 2818 3812 Paris.,
2873 3744 3036 3813 1555,
3088 3745 3232 3816 apud
3281 3746 3578 3802 Robertum

1973 3830 2342 3899 Messalinum,
2363 3841 2500 3890 teste
2515 3833 2868 3892 Crucimanio
2891 3851 3011 3906 pag.
3033 3837 3140 3892 140
3160 3836 3300 3891 Bibl.
3334 3837 3576 3895 Gallicae.

1973 3922 2069 3980 Sic
2095 3938 2308 3996 quoque
2348 3933 2404 3981 et
2431 3925 2650 3996 quidam
2699 3926 3024 3997 Pomponius
3065 3943 3134 3982 ex
3181 3927 3372 3984 eodem
3417 3937 3578 3999 poeta

1972 4016 2122 4072 inter
2148 4026 2346 4074 cmtera
2383 4017 2510 4090 styli
2537 4018 2622 4073 sui
2652 4019 2760 4074 Otia
2791 4019 3040 4091 Tityrum
3073 4019 3327 4091 (carmen
3359 4022 3578 4078 bucoli—

1976 4108 2135 4184 cum)
2168 4110 2220 4166 iu
2248 4110 2514 4168 honorem
2542 4111 2816 4170 CHRISTI
2845 4113 3171 4183 composuit,
3205 4123 3261 4169 ut
3286 4114 3455 4170 refert
3483 4115 3578 4170 Isi-

1975 4203 2144 4260 dorus
2175 4203 2271 4259 lib.
2315 4219 2333 4259 ι
2378 4205 2658 4277 Originum
2686 4221 2738 4261 c.
2777 4206 2868 4262 58.
2901 4205 3185 4277 Pomponii
3216 4221 3434 4262 carmen
3468 4222 3578 4263 non

1971 4296 2095 4352 tulit
2116 4304 2354 4364 aetatem,
2379 4305 2436 4354 at
2457 4297 2648 4354 Proba:
2677 4299 2954 4356 Centones
2983 4299 3228 4356 Honorio
3251 4301 3382 4371 imp.
3415 4299 3580 4355 dicati

1968 4391 2174 4461 stcpius
2205 4391 2382 4448 lucem
2421 4392 2697 4463 viderunt,
2733 4392 2867 4450 editi
2911 4392 3149 4465 primum
3179 4402 3306 4452 sunt
3342 4395 3412 4453 ab
3438 4393 3579 4453 Aldo

1974 4485 2153 4555 1501,
2182 4486 2239 4543 in
2273 4487 2353 4543 1°.

1973 4873 2042 4934 ad
2063 4875 2268 4953 calcem
2283 4872 2489 4953 codicis
2511 4893 2614 4936 ms.
2634 4878 2935 4937 Centonum
2958 4878 3156 4953 saeculo
3179 4893 3209 4935 κ
3233 4880 3464 4953 exarati,
3488 4880 3578 4953 qui

1973 4959 2157 5007 exstat
2182 4952 2394 5022 inzBibl.
2423 4953 2736 5008 monasterii
2759 4954 2819 5009 S.
2845 4951 3121 5009 Benedicti
3141 4951 3580 5009 Padolirorwcnsis

1975 5037 2082 5096 non
2109 5023 2296 5096 procul
2323 5037 2371 5096 ag
2385 5023 2608 5096 Mutina,
2637 5025 2756 5080 haec
2786 5026 3037 5096 leguntur
3044 5031 3196 5096 teste
3215 5025 3492 5079 Bernardo
3513 5025 3582 5081 de

1974 5093 2513 5167 MontfaueouDiarii
2543 5095 2715 5152 Italici
2744 5093 2864 5167 pag.
2895 5097 3004 5153 56:
3034 5093 3210 5167 Proba
3250 5110 3385 5167 arcer
3424 5096 3582 5151 Adel-

447 5168 758 5263 pag..1,‘.‘l‘01.
799 5161 1433 5224 Giorna'le'de'Letterati
1461 5161 1701 5231 d’Italia,
1727 5174 1862 5222 tom.
1893 5200 1942 5263 C
1975 5165 2066 5263 piri
2095 5165 2578 5263 materrtllibrii'et
2618 5161 3581 5263 [1ιὶςρῑῖ(ΑΙῖίρίἰὶΛξζιέιῖξωείζιξειαξιιρἱ

248 5241 540 5322 ΧᾙῩιρι
571 5240 821 5322 “05.911-
916 5311 931 5322 .
1087 5310 1157 5322 ._
1233 5309 1266 5322 ..
1383 5307 1424 5322 ,η
1494 5307 1568 5322 ,ί
1668 5320 1677 5322 ,
1785 5309 1815 5322 .,

323 5314 406 5387 (d)
436 5307 696 5387 Isidorus
718 5307 868 5387 liisp.
899 5311 969 5366 de
995 5309 1363 5387 scriptoribus
1383 5307 1592 5387 Eccles.
1627 5320 1747 5378 cap.
1781 5309 1815 5387 5
1841 5327 1858 5365 :

246 5381 428 5442 Proba
452 5399 585 5456 uxor
615 5383 857 5456 Adelphii
889 5398 1089 5450 procos.
1121 5381 1317 5452 femina
1345 5381 1478 5456 inter
1516 5381 1654 5456 uiros
1686 5383 1860 5456 egola-

245 5457 484 5514 siasticos
506 5455 704 5510 idcirco
722 5450 894 5528 posita
914 5455 1047 5522 sola,
1081 5450 1174 5525 pro
1201 5471 1261 5509 eo
1280 5452 1421 5530 quod
1434 5454 1501 5530 in
1529 5450 1863 5530 laudantia)?—

244 5530 312 5584 sti
341 5537 544 5585 uersata
573 5537 666 5594 est,
696 5521 1002 5598 componens
1035 5521 1302 5598 centonem
1331 5526 1393 5598 de
1424 5523 1630 5579 Christo
1669 5521 1858 5598 Virgi-

245 5601 402 5656 lianis
431 5608 731 5670 cooptatum
755 5595 1042 5670 uersiculis.
1067 5595 1231 5670 cujus
1251 5597 1463 5670 quidem
1484 5611 1585 5662 non
1609 5595 1864 5650 miramur

246 5673 503 5736 studium,
530 5667 624 5725 sed
656 5668 932 5724 laudamus
959 5667 1243 5739 ingenium.
1265 5667 1424 5732 Quod
1447 5677 1615 5722 tamen
1635 5683 1864 5739 opuscu-

245 5745 351 5798 lum
369 5744 560 5813 legitur
575 5741 708 5796 inter
725 5737 1048 5813 apocrypltas
1062 5739 1363 5813 Scripturgs
1379 5739 1650 5813 insertum.
1673 5737 1859 5813 Getas.

243 5814 373 5871 dist.
403 5803 492 5882 15,
544 5828 595 5868 c.
647 5813 714 5867 ὃς
759 5803 1136 5882 ’ϐειζῖϋηεινιιηι
1183 5803 1498 5882 de_Christo
1555 5809 1862 5882 Virgilianis

243 5879 671 5961 compaginatum
719 5879 968 5952 versibus,
1017 5879 1396 5953 apocryphum.
1419 5880 1524 5968 Ilis
1549 5879 1688 5938 addc
1712 5881 1859 5953 quod

1978 5235 2387 5310 (Constantini)
2417 5239 2604 5294 bellum
2650 5235 2896 5295 adversus
2945 5235 3300 5310 Magnentium
3345 5240 3578 5294 conscri-

1974 5308 2510 5382 psi_ss_etﬁ,iconscripsit
2538 5321 2585 5367 et
2608 5311 2747 5368 hunc
2770 5310 2980 5366 librant.

2050 5380 2124 5454 (ε)
2144 5381 2292 5438 Illius
2315 5378 2505 5453 primae.
2531 5383 2784 5440 editionis
2805 5381 2994 5454 titulus
3015 5380 3090 5434 ita
3111 5378 3348 5454 refertur
3369 5395 3399 5435 a
3419 5380 3575 5454 θην.

1975 5451 2238 5510 Micliaele
2269 5451 2536 5510 Maiuaire
2564 5455 2616 5511 in
2646 5453 2944 5524 Annalibus
2971 5451 3288 5524 typograph.
3322 5467 3445 5522 pag.
3477 5453 3577 5510 98:

1976 5525 2194 5598 ausonii
2210 5524 2400 5598 _Peonii
2425 5523 2947 5598 poetwdisertiss‘imi
2963 5523 3396 5596 Epigrammatou
3428 5523 3547 5598 libri
3559 5540 3580 5592 ;

1977 5595 2170 5652 Probae
2195 5593 2452 5653 Centena:
2480 5597 2790 5654 clarissima:
2822 5593 3037 5650 feminae
3064 5593 3377 5662 excerptum
3407 5610 3439 5650 e
3468 5597 3580 5652 Ma—

1979 5668 2133 5723 ronis
2171 5669 2502 5724 carminibus
2548 5669 2614 5723 ad
2663 5663 3035 5736 testimonium
3069 5664 3290 5736 Veteris
3335 5665 3577 5736 Novique

1974 5739 2126 5795 Test.
2161 5739 2333 5794 Ovidii
2360 5739 2659 5796 Consolatio
2683 5738 2752 5792 ad
2779 5735 3022 5792 Liviam:
3052 5734 3364 5805 Calphurnii
3401 5734 3579 5793 Bubo-

1974 5809 2134 5866 licum
2161 5827 2408 5865 carmen:
2440 5810 2600 5865 Publ.
2631 5808 2789 5882 Greg.
2821 5806 3020 5880 Tiferni
3046 5804 3226 5877 hymni
3253 5817 3302 5865 et
3321 5806 3430 5865 alia
3451 5808 3580 5866 Poe-

1975 5890 2142 5954 mata,
2173 5883 2365 5941 Venet.
2395 5883 2535 5941 1172
2557 5880 2735 5940 in-fol.
