4038 6312
476 304 584 367 805

1667 302 1827 362 VAL.
1866 302 1950 363 ΕΛ
1961 301 2239 369 ΙιτΟΝΙΕ
2278 302 2528 365 PROBE

3646 304 3745 367 80d

970 560 1432 673 vnn.
1513 531 2503 675 FALTONIE
2579 556 3297 708 PROBE,

1721 768 2007 833 FleNtE
2042 768 2507 839 οιΑΒιεειΜιε,

587 922 1965 1076 “CENTONES
2089 928 3536 1100 VIRGILIANI,

1322 1175 1411 1227 AD
1441 1173 1884 1228 TESTIMONIUI!
1917 1172 2188 1229 VETERIS
2222 1174 2303 1227 ΕΤ
2336 1174 2493 1229 NOVI
2525 1176 2947 1231 TESTAIENTI.

1118 1461 1458 1519 Praemium.

558 1577 886 1636 Jamdudum
920 1587 1216 1633 temerasse
1253 1576 1421 1631 duces
1448 1575 1530 1646 pia
1560 1572 1763 1632 foedera
1797 1574 1966 1644 pacis,

490 1670 774 1743 Regnandi
806 1671 1036 1725 miseros
1059 1669 1235 1725 tenuit
1264 1682 1406 1740 quos
1428 1666 1548 1725 dira
1570 1666 1772 1738 cupido
1805 1684 1819 1722 :

489 1765 855 1833 Diversasque
886 1776 1071 1828 neces,
1101 1777 1289 1832 regmn
1311 1761 1552 1818 crudelia
1577 1761 1741 1826 bella,

486 1860 864 1930 Cognatasque
893 1857 1039 1914 acies
1071 1857 1305 1927 pollutas
1335 1855 1486 1911 caede
1533 1864 1818 1924 parentum
1852 1870 1869 1915 :

490 1952 738 2024 lnsignes
765 1952 1008 2024 clypeos,
1044 1952 1329 2020 multoque
1349 1965 1416 2005 ex
1439 1949 1595 2005 hoste
1622 1959 1858 2021 tropica:

492 2045 768 2117 Sanguine
794 2058 1127 2115 cetISpersos
1150 2044 1351 2100 tulerat
1382 2059 1521 2114 quos
1543 2042 1682 2098 fama
1710 2041 2017 2113 triumphos

486 2140 790 2196 lnnumeris
814 2139 1009 2195 tetiens
1041 2137 1288 2194 viduatas
1309 2136 1523 2195 civibus
1559 2137 1723 2193 nrbes
1744 2178 1763 2204 ,

491 2231 793 2298 Conﬁteor,
827 2229 1045 2301 scripsi,
1068 2230 1201 2286 satis
1229 2239 1314 2287 est
1341 2229 1657 2287 meminisse
1692 2228 1980 2285 malorum.

1086 2342 1359 2399 [avocatio
1384 2341 1504 2400 Dei.

529 2456 685 2515 Nunc
701 2504 716 2529 ,
732 2457 876 2514 Deus
897 2457 1265 2529 omnipotens,
1281 2473 1517 2525 sacrum,
1534 2472 1748 2530 precor,
1765 2458 1951 2531 accipe
1974 2472 2094 2513 car-

492 2548 894 2621 Eternutnque
927 2552 1003 2607 tui
1030 2551 1405 2625 septemplicis
1440 2566 1535 2608 ora
1560 2552 1772 2608 resolve
1913 2551 2090 2626 [men,

497 2645 755 2719 Spiritus,
784 2656 946 2717 atque
975 2646 1081 2702 mei
1112 2661 1300 2704 resera
1325 2646 1625 2719 penetralia
1654 2646 1837 2704 cordis
1862 2664 1876 2701 :

493 2738 706 2796 Arcana
735 2751 793 2795 ut
824 2728 1024 2810 possim
1058 2740 1197 2796 vatis
1230 2740 1396 2813 proba
1426 2750 1624 2797 cuncta
1647 2739 1879 2799 referre.

494 2832 610 2890 Non
633 2848 780 2890 nunc
803 2833 1150 2890 Ambrosium
1179 2848 1311 2891 cura
1342 2844 1429 2891 est
1454 2832 1587 2891 tnihi
1611 2849 1855 2905 qurerere
1885 2842 2093 2903 nectar,
2130 2863 2177 2924 Β
2203 2860 2437 2932 “ams,

494 2927 607 2986 Nec
636 2928 768 2986 libet
798 2928 974 2987 Αοηίο
1004 2926 1072 2986 de
1103 2927 1308 2986 vertice
1334 2927 1535 2986 ducere
1562 2943 1768 2984 musas.

496 3018 614 3077 Non
642 3020 774 3077 mihi
796 3036 927 3078 saxa
957 3020 1104 3092 loqui
1141 3037 1321 3079 vanus
1342 3021 1675 3095 persuadeat
1696 3020 1916 3092 horror,

497 3108 928 3188 Laurigerosque
957 3114 1107 3186 sequi
1155 3115 1418 3187 tripodas.
1446 3126 1501 3171 et
1529 3113 1705 3170 inania
1735 3126 1883 3182 vota,
1963 3139 1969 3149 ν

494 3204 892 3278 JurganteSque
913 3206 1046 3263 deas
1082 3219 1393 3277 procerum,
1420 3204 1699 3278 victosque
1723 3213 1988 3279 penates:

500 3301 690 3358 Nullus
717 3303 862 3359 enim
897 3302 1049 3359 labor
1071 3312 1156 3360 est
1177 3303 1358 3360 verbis
1381 3300 1679 3360 extendere
1709 3305 1928 3367 laniant,

500 3394 680 3467 Atque
703 3395 984 3452 hominum
1010 3395 1208 3453 studiis
1240 3412 1464 3467 parvam
1488 3395 1791 3468 disquirere
1823 3395 2059 3453 laudem.

924 3511 1339 3570 Tractandorum
1372 3514 1677 3587 propositio.

570 3625 808 3683 Castalio
830 3624 925 3682 sed
957 3624 1106 3683 lonte
1141 3625 1365 3685 madens
1393 3626 1602 3683 imitata
1631 3627 1841 3698 beatos,

510 3718 642 3786 Quae
672 3716 861 3775 sitiens
885 3717 1039 3775 hausi
1061 3727 1266 3776 sanctae
1290 3719 1543 3776 libamina
1575 3722 1746 3792 pacis,

507 3810 645 3867 llinc
663 3825 866 3868 canere
887 3811 1140 3882 incipiam
1166 3831 1177 3865 :
1202 3827 1445 3884 praesens
1472 3813 1638 3885 Deus,
1664 3814 1814 3887 erige
1840 3823 2101 3874 mentem.

510 3900 790 3973 Virgilium
820 3903 1087 3963 cecinisse
1108 3904 1301 3976 loquar
1333 3903 1420 3976 pia
1450 3921 1675 3963 munera
1700 3905 1905 3965 Christi
1941 3924 1955 3963 :

508 3993 641 4051 Rem
673 3995 805 4051 nulli
833 3994 1122 4055 obscuram
1147 4006 1404 4069 repetens
1438 3999 1509 4056 ab
1531 3998 1743 4071 origine
1766 3999 2022 4070 pandam,

508 4087 566 4144 Si
592 4101 701 4158 qua
732 4086 867 4145 ﬁdes
892 4088 1098 4156 animo,
1126 4089 1173 4146 si
1202 4105 1361 4148 veros
1386 4091 1500 4149 lusa
1536 4107 1633 4162 per
1663 4102 1816 4149 artus

506 4184 659 4240 Mens
685 4184 853 4257 agitat
876 4184 1100 4253 molem,
1130 4194 1187 4242 et
1210 4195 1323 4243 toto
1353 4201 1413 4243 se
1433 4201 1665 4258 corpore
1695 4188 1887 4246 miscet

507 4276 767 4349 Spiritus,
787 4288 844 4336 et
868 4288 1129 4351 quantum
1162 4295 1271 4337 non
1298 4285 1462 4337 noxia
1489 4296 1724 4353 corpora
1754 4281 1993 4351 tardant,

510 4371 842 4445 Terrenique
880 4372 1143 4457 hebetant
1173 4382 1343 4443 artus,
1378 4374 1810 4448 moribundaque
1835 4375 2103 4433 membra.

1095 4508 1275 4567 PARS
1298 4510 1535 4567 PRIMA.

959 4617 1027 4659 DE
1050 4618 1261 4660 VBTERE
1287 4619 1663 4663 TESTAIENTO.

999 4695 1302 4766 Deprecatio
1326 4697 1395 4750 ad
1432 4696 1621 4753 Deum.

586 4806 632 4862 0
655 4806 836 4873 Pater,
862 4820 898 4864 ο
924 4807 1204 4864 hominum
1232 4853 1248 4879 ,
1283 4825 1577 4882 rerumque
1606 4823 1811 4869 aeterna
1843 4823 2105 4887 potestas,

516 4897 594 4954 Da
616 4897 825 4957 facilem
855 4915 1097 4972 cursum,
1122 4912 1285 4975 atque
1311 4904 1509 4960 animis
1534 4904 1761 4965 illabere
1789 4906 1989 4967 nostris
2018 4927 2035 4967 :

515 4993 703 5066 Tuque
724 4997 876 5067 ades,
908 4997 1291 5070 inceptumque
1316 5014 1421 5057 una
1453 4999 1684 5059 decurre
1712 5001 1980 5071 laborem,

515 5087 654 5146 Nate
683 5090 861 5148 Patris
892 5092 1111 5158 summi,
1138 5091 1290 5164 vigor
1317 5100 1373 5148 et
1401 5094 1644 5150 ctelestis
1664 5096 1857 5167 origo:

513 5182 687 5253 Quem
702 5184 934 5256 primum
959 5184 1210 5253 colimus,
1231 5185 1834 5258 meritosquenovamus
1848 5189 2106 5262 honores,

513 5274 633 5333 iam
664 5292 803 5333 nova
830 5277 1140 5349 progenies,
1170 5277 1352 5336 omnis
1375 5293 1538 5349 quem
1569 5277 1800 5337 credidit
1824 5288 1977 5340 atlas.

517 5371 738 5429 Munera
763 5387 887 5429 vera
908 5387 1067 5439 cano,
1096 5373 1234 5428 satis
1262 5379 1348 5428 est
1375 5374 1617 5444 potuisse
1637 5373 1832 5431 videri.

517 5465 851 5538 Iampridem
884 5470 1106 5526 memini
1136 5477 1382 5526 veterum
1414 5479 1767 5525 monumenta
1798 5468 2037 5526 virorum

520 5562 763 5621 Moscuut
787 5573 912 5622 ante
932 5578 1124 5622 omnes
1155 5575 1325 5619 totum
1353 5562 1624 5620 cecinisse
1654 5578 1750 5633 per
1777 5562 1967 5621 orbem

519 5656 655 5721 Qua:
681 5656 815 5722 aint,
834 5670 958 5728 qua:
988 5655 1210 5726 fuerint,
1238 5665 1292 5711 et
1316 5670 1437 5723 qua:
1463 5662 1689 5710 ventura
1720 5655 2005 5712 trahantur

432 5749 737 5845 Amnia,
767 5756 826 5804 ttt
853 5750 969 5820 ipse
997 5754 1153 5806 tener
1175 5746 1362 5805 mundi
1386 5746 1729 5805 concreverit
1757 5746 1930 5806 orbis.

426 5834 675 5936 ‘Q'Felix
695 5840 784 5911 qui
812 5840 990 5912 potuit
1009 5856 1193 5899 rerum
1215 5852 1550 5912 cognoscere
1573 5853 1786 5909 causas,

2111 1464 2160 1527 A
2191 1459 3765 1535 Undehominum,pecudumquegenus,vitaaquevolantum.

2189 1553 2258 1609 Et
2287 1571 2408 1620 qua:
2436 1570 2742 1611 marmoreo
2768 1557 2874 1612 fert
2913 1564 3158 1613 monstra
3186 1556 3286 1612 sub
3316 1570 3534 1627 mquore
3563 1567 3763 1629 pontus,

2186 1646 2255 1703 Et
2274 1647 2317 1702 si
2337 1647 2463 1718 quid
2478 1648 2640 1703 simul
2666 1647 2805 1720 ignis
2826 1647 3012 1718 habet,
3039 1648 3123 1705 vel
3151 1648 3366 1705 mobilis
3386 1650 3598 1705 humor.

2190 1738 2340 1793 llaud
2367 1740 2526 1795 aliter
2549 1741 2719 1811 prima
2751 1741 3048 1796 crescentis
3076 1740 3285 1812 origine
3316 1742 3505 1798 mundi

2190 1830 2441 1888 llluxisse
2473 1831 2614 1901 dies,
2641 1832 2874 1887 aliumve
2906 1832 3161 1889 habuisse
3190 1840 3437 1889 tenorem

2190 1925 2555 1993 Crediderim;
2587 1926 2760 1997 major
2789 1942 2973 1984 rerum
3002 1926 3136 1983 mihi
3159 1927 3407 1984 nascitur
3429 1926 3588 1998 ordo,

2191 2017 2248 2074 Si
2269 2034 2374 2090 qua
2402 2018 2561 2076 [idem
2585 2028 2736 2076 tanto
2766 2029 2851 2078 est
2876 2022 3031 2092 operi
3058 2021 3231 2078 latura
3254 2030 3519 2079 vetustas.

2190 2111 2433 2184 Namque
2462 2113 2702 2187 (fatebor
2726 2117 2902 2186 enim)
2929 2114 3129 2172 levium
3156 2115 3469 2185 spectacula
3493 2131 3673 2173 rerum

2190 2204 2421 2277 Semper
2431 2223 2623 2279 equos,
2640 2217 2801 2280 atque
2811 2223 2960 2263 arma
2978 2209 3496 2280 virum,pugnasque
3507 2208 3775 2275 callebant,

2194 2297 2262 2353 Et
2278 2299 2461 2356 studio
2491 2300 2763 2358 incassum
2789 2301 2938 2358 volui
2965 2316 3223 2359 exercere
3249 2303 3527 2371 laborem:

2194 2394 2388 2451 Omnia
2413 2398 2640 2453 tentanti
2671 2398 2851 2469 potior
2873 2399 3145 2456 sententia
3167 2398 3283 2456 visa
3313 2411 3401 2459 est

2196 2486 2441 2547 Pandere
2470 2505 2558 2555 res
2583 2489 2691 2546 alta
2724 2497 2869 2547 terra
2899 2498 2955 2547 et
2979 2490 3214 2563 caligine
3241 2507 3475 2551 mersas.

2199 2581 2366 2654 Inque
2391 2582 2508 2639 dies
2537 2583 2741 2655 aliquid
2768 2583 3084 2653 jamdudum
3109 2585 3372 2644 invadere
3400 2600 3651 2658 magnum

2198 2672 2353 2730 Mens
2375 2677 2546 2746 agitat
2571 2676 2726 2746 mihi,
2756 2692 2859 2736 nec
2882 2677 3091 2750 placida
3120 2686 3381 2736 contenta
3405 2680 3589 2752 quiete
3608 2689 3708 2738 est.

2203 2765 2312 2823 Ore
2335 2767 2509 2826 favete
2536 2783 2748 2837 omnes,
2781 2768 3040 2842 latasque
3063 2770 3336 2828 advertite
3365 2778 3607 2841 mentes,

2466 2874 2628 2937 atque
2660 2865 2783 2934 viri,
2813 2865 2990 2938 pueri,
3023 2866 3376 2938 innuptmque
3404 2865 3623 2938 puellae.

2696 2999 2777 3056 De
2810 3002 3071 3058 creatione
3097 3000 3307 3057 Mundi.

2199 3110 2478 3185 Principio
2498 3115 2717 3182 coelum,
2744 3130 2806 3171 ac
2834 3124 3032 3186 terras,
3056 3131 3388 3189 camposque
3412 3116 3677 3191 liquentes

2200 3203 2609 3279 Lucentemque
2636 3208 2855 3279 globum
2889 3208 3052 3279 lunae,
3079 3209 3319 3281 solisque
3350 3210 3568 3268 labores

2203 3296 2322 3368 lpse
2352 3298 2514 3355 Pater
2546 3302 2775 3357 statuit:
2810 3316 2927 3370 vos,
2958 3317 2992 3357 ο
3022 3302 3328 3359 clarissima
3361 3303 3547 3360 mundi

2201 3393 2452 3463 Lumina,
2484 3395 2759 3453 labentem
2782 3397 2922 3453 caelo
2950 3412 3070 3468 qua:
3100 3396 3297 3454 ducitis
3320 3414 3545 3475 annum.

2204 3486 2335 3542 Nam
2371 3503 2547 3559 neque
2570 3497 2730 3545 erant
2751 3500 3022 3546 astrorum
3050 3490 3223 3562 ignes,
3244 3507 3346 3546 nec
3373 3490 3583 3548 lucidus
3606 3489 3780 3559 :cthcr,

2204 3581 2313 3638 Sed
2345 3598 2451 3639 nox
2478 3592 2596 3638 atra
2623 3586 2807 3654 polum
2836 3583 2975 3654 bigis
3004 3584 3265 3640 subvecta
3294 3584 3534 3651 tenebat,

2206 3677 2275 3732 Et
2299 3676 2468 3734 chaos
2497 3678 2550 3733 in
2579 3694 2819 3751 praeceps
2850 3687 3060 3734 tantum
3091 3679 3354 3736 tendebat
3375 3679 3444 3735 ad
3472 3679 3701 3747 umbras,

2203 3771 2449 3842 Quantus
2479 3770 2546 3828 ad
2572 3770 2872 3830 mthereum
2895 3772 3023 3829 caeli
3044 3782 3335 3843 suSpectus
3347 3773 3657 3847 Olympum.

2584 3888 2657 3945 De
2686 3888 2937 3945 divisione
2966 3886 3100 3945 lucis
3128 3906 3161 3944 α
3191 3889 3431 3946 tenebris.

2278 4003 2432 4061 Tunc
2446 4004 2609 4062 Pater
2619 4005 2967 4075 omnipotens
2978 4045 2993 4071 ,
3008 4005 3291 4062 rerumctti
3308 4020 3527 4061 summa
3539 4010 3781 4075 potestas,

2204 4096 2349 4156 Aera
2375 4098 2603 4155 dimovit
2628 4099 3005 4167 tenebrosum,
3042 4109 3095 4156 et
3122 4100 3346 4168 dispulit
3372 4102 3617 4169 umbras,

2208 4192 2276 4248 Et
2304 4190 2542 4250 medium
2566 4192 2677 4249 luci
2702 4201 2866 4264 atque
2886 4192 3101 4249 umbris
3125 4194 3239 4265 jam
3259 4194 3455 4251 dividit
3482 4193 3687 4252 orbem.

2135 4270 2180 4334 C
2213 4285 2405 4342 Sidera
2422 4296 2618 4343 cuncta
2647 4294 2818 4354 notat,
2851 4287 3015 4342 tacito
3044 4286 3280 4343 labentia
3304 4288 3470 4353 coelo,

2212 4380 2456 4439 lntentos
2481 4382 2707 4438 volvens
2732 4381 2941 4452 oculos,
2964 4397 3072 4451 qua
3098 4390 3253 4454 parte
3282 4384 3497 4441 calores

2211 4470 2502 4530 Austrinos
2533 4473 2741 4541 tulerit,
2772 4487 2892 4545 qua
2920 4481 3069 4544 terga
3098 4473 3522 4541 obverteritaai,

2211 4564 2475 4638 Obliquus
2502 4582 2610 4639 qua
2634 4582 2697 4624 se
2721 4567 2999 4637 signorum
3035 4567 3265 4625 verterit
3292 4565 3450 4623 ordo.

2588 4701 2669 4759 De
2691 4711 2911 4774 quatuor
2934 4703 3251 4776 temporibus
3272 4706 3420 4761 anni.

2285 4811 2574 4887 Postquam
2599 4826 2790 4872 cuncta
2817 4814 2966 4872 videt
2991 4816 3132 4874 caelo
3159 4828 3417 4874 constare
3442 4831 3635 4874 sereno

2211 4904 2588 4978 Omnipomns
2621 4906 2798 4966 stellis
2826 4924 3087 4968 numeros
3111 4919 3167 4967 et
3192 4912 3416 4969 nomina
3444 4911 3592 4979 fecit,

2211 4997 2680 5073 Temporibusque
2705 5016 2896 5075 parem
2923 5000 3160 5059 diversis
3186 5012 3446 5075 quattuor
3472 5019 3691 5069 annum,

2213 5090 2534 5165 ﬂetusque,
2560 5102 2617 5151 et
2640 5096 2874 5168 pluvias,
2901 5104 2956 5153 et
2983 5105 3215 5167 agentes
3241 5095 3444 5170 frigora
3476 5105 3677 5155 ventos»

2214 5187 2391 5260 Atque
2419 5188 2536 5246 haec
2567 5201 2623 5244 ut
2651 5191 2824 5247 certis
2850 5205 3137 5262 possemus
3164 5191 3378 5250 discere
3401 5193 3589 5268 signis.

2216 5279 2357 5338 Vere
2378 5290 2586 5337 tument
2609 5292 2791 5351 terrae,
2817 5290 2874 5340 et
2899 5283 3160 5355 genitalia
3187 5287 3398 5343 semina
3430 5293 3689 5358 poscunt:

2216 5374 2295 5431 Ae
2315 5375 2694 5432 mediotostas
2719 5384 2856 5433 testu
2885 5379 3016 5435 terit
3043 5393 3171 5436 area
3203 5378 3414 5454 fruges,

2220 5465 2285 5522 Et
2314 5466 2496 5523 varios
2522 5469 2669 5538 ponit
2702 5467 2846 5526 fetus
2876 5480 3189 5541 autumnus,
3218 5481 3273 5528 et
3300 5479 3418 5527 atra

2224 5559 2384 5616 Venit
2413 5559 2611 5628 hiems,
2640 5562 2835 5619 teritur
2863 5563 3118 5634 Sicyonia
3148 5565 3311 5622 bacca
3343 5566 3581 5636 trapetis,

2141 5682 2197 5746 Ι)
2220 5652 2397 5722 Atque
2422 5652 2479 5706 in
2498 5667 2559 5708 se
2586 5666 2687 5709 sua
2709 5668 2807 5726 per
2837 5657 3062 5726 vestigia
3088 5656 3326 5713 volvitur
3354 5670 3544 5713 annus.

2219 5744 2487 5816 Tempore
2512 5745 2624 5816 jam
2653 5762 2719 5804 ex
2742 5747 2835 5806 illo
2860 5746 3108 5807 fecundis
3138 5750 3407 5807 imbribus
3426 5748 3594 5806 aether

2215 5839 2442 5916 Magnus
2464 5840 2561 5899 alit
2580 5858 2791 5916 magno
2804 5844 3131 5905 comminus
3151 5861 3384 5921 corpore
3415 5846 3577 5907 (etus.
