4038 6312
277 285 374 344 805

876 403 995 458 Dies
1033 403 1250 476 primus.

345 520 409 572 Et
435 519 546 587 jam
576 517 749 587 prima
787 532 927 572 novo
952 515 1245 587 spargebat
1274 515 1480 572 lumine
1504 523 1700 580 terras,

276 611 622 680 Ducebatque
648 611 794 664 dicm
818 610 992 666 stellis
1013 625 1209 665 aurora
1236 609 1456 680 fugatis.

274 706 421 761 'I‘unc
443 704 645 760 durare
671 705 869 772 solum,
900 717 953 759 et
980 703 1287 761 discludere
1313 703 1486 760 Nerea
1516 713 1684 772 polito

275 799 486 870 Incipit,
518 807 574 854 et
608 813 788 854 rerum
820 798 1078 868 paulatim
1111 812 1332 854 sumere
1364 797 1585 860 fortnas,

276 893 339 947 Et
362 893 527 948 varia:
559 893 736 962 pelagi
763 892 958 958 facies,
999 892 1254 948 immania
1283 901 1403 947 cete

275 987 512 1058 IEquora
541 987 834 1044 verrebant
860 985 1068 1054 caudis,
1103 995 1407 1054 iustumque
1433 985 1719 1052 secabant,

274 1079 377 1135 Nec
408 1096 514 1134 non
543 1088 598 1134 et
622 1079 760 1134 vasti
789 1078 1094 1134 circuibant
1128 1093 1349 1149 aequora
1380 1078 1552 1146 ponti.

270 1171 384 1228 Iam
410 1172 533 1228 sole
565 1171 769 1237 infuso,
794 1169 906 1242 jam
948 1170 1108 1226 rebus
1139 1169 1260 1226 luce
1294 1169 1517 1226 retectis

273 1262 591 1331 Exsultans,
615 1278 909 1336 roremque
923 1261 1085 1320 simul
1105 1261 1648 1335 dispargitamarum.

845 1375 972 1432 Dies
1025 1377 1306 1434 secundus.

341 1491 568 1550 Postera
595 1492 816 1563 jamque
847 1490 969 1547 dies
999 1491 1174 1563 primo
1204 1491 1464 1562 surgebat
1495 1490 1634 1560 Eoo,

274 1589 432 1644 Fudit
459 1588 663 1644 humus
688 1586 854 1644 ﬂores
871 1627 886 1652 ,
909 1593 967 1642 et
993 1583 1217 1644 frondes
1247 1586 1488 1656 explicat
1515 1600 1726 1652 onmes,

274 1681 710 1754 Sanguineisque
744 1680 948 1736 inculta
980 1679 1180 1737 rubent
1207 1679 1409 1734 aviaria
1441 1679 1645 1746 baccis,

271 1775 387 1833 Non
417 1775 614 1833 rastris
643 1773 947 1841 hominum,
975 1789 1082 1832 non
1113 1772 1206 1830 ulli
1231 1773 1466 1832 obnoxia
1491 1788 1658 1830 curae.

902 1893 1022 1950 Dies
1052 1894 1257 1950 tertius.

339 2012 528 2070 Tertia
559 2011 650 2068 lux
679 2010 910 2083 gelidam
940 2009 1080 2068 creto
1110 2009 1418 2065 dimoverat
1447 2008 1716 2073 umbram,

274 2105 401 2162 Avia
438 2115 568 2162 tunc
595 2112 857 2162 resonant
879 2104 1070 2160 avibus
1096 2103 1326 2174 virgulta
1355 2102 1591 2170 sonoris,

273 2201 342 2258 Et
371 2201 609 2273 liquidas
632 2201 778 2258 corvi
810 2213 1005 2272 presso
1029 2198 1160 2254 dant
1187 2207 1408 2269 gutture
1434 2210 1619 2262 voces,

271 2293 379 2352 Nec
405 2309 630 2368 gemere
657 2293 805 2354 aeria
828 2292 1078 2350 cessabat
1101 2298 1278 2348 turtur
1301 2289 1371 2346 ab
1401 2289 1584 2348 ulmo.

881 2406 1006 2462 Dies
1034 2417 1275 2480 quartus.

339 2525 552 2594 Quarto
576 2533 722 2581 terra
757 2517 844 2580 die
876 2523 1148 2579 variarum
1187 2532 1432 2580 monstra
1464 2521 1726 2589 ferarum,

272 2620 749 2692 Omnigenumque
778 2631 964 2688 pecus,
995 2617 1146 2672 nullo
1173 2615 1398 2673 cusmde
1427 2629 1525 2688 per
1548 2615 1795 2685 herbam,

274 2712 470 2769 Educit
494 2711 686 2768 silvis:
719 2710 901 2767 subito
938 2709 1210 2782 (mirabile
1242 2709 1421 2782 visu!)

272 2806 425 2863 'I‘unc
446 2806 667 2863 demmn
691 2813 871 2861 movet
902 2819 1052 2860 arma
1087 2803 1193 2873 leo,
1223 2812 1352 2860 tunc
1380 2802 1616 2875 pessima
1641 2801 1798 2872 tigris

272 2901 718 2972 Squamosusque
751 2899 937 2966 draco,
966 2906 1022 2954 et
1049 2897 1189 2952 fulva
1213 2897 1428 2953 cervice
1459 2897 1632 2952 leaena

273 2993 502 3063 Saevire,
534 3009 596 3049 ac
627 2991 819 3048 forma:
849 3005 1165 3062 magnorum
1190 2989 1402 3045 ululare
1423 2989 1704 3059 luporum.

272 3085 484 3144 Cmtera
520 3095 820 3157 pascuntur
851 3084 1050 3142 virides
1082 3093 1328 3140 armenta
1363 3097 1456 3154 per
1483 3081 1680 3137 herbas
1700 3122 1716 3148 ,

273 3179 384 3238 Nec
411 3179 668 3252 gregibus
699 3177 888 3250 liquidi
915 3176 1091 3233 fontes
1119 3191 1218 3232 nec
1243 3175 1488 3248 gramina
1518 3172 1734 3230 desunt.

755 3312 876 3368 Dies
901 3313 1112 3382 quintus
1138 3320 1188 3368 et
1207 3321 1406 3368 sextus.

343 3429 576 3499 Jamque
605 3427 746 3494 dies,
781 3427 1026 3498 alterque
1057 3425 1174 3482 dies
1208 3425 1492 3497 processit,
1523 3432 1577 3481 et
1602 3437 1769 3480 omne

276 3523 390 3579 Hoc
422 3521 641 3578 virtutis
668 3537 803 3591 opus
829 3520 1026 3577 divinre
1055 3521 1253 3577 mentis
1281 3530 1336 3576 et
1362 3521 1497 3575 artis

274 3616 618 3688 Prospiciens
649 3617 898 3682 Genitor,
932 3614 1190 3686 perfecds
1218 3613 1414 3670 ordine
1445 3613 1628 3679 rebus,

276 3711 500 3783 Expleri
535 3719 774 3766 mentem
803 3709 1011 3780 nequit,
1045 3707 1386 3778 ardescitque
1417 3706 1622 3762 tuendo

276 3803 597 3867 Terrarum,
622 3813 935 3875 tractusque
965 3805 1153 3871 maris,
1188 3802 1494 3870 cmlumque
1521 3797 1871 3869 profundum,

278 3898 544 3964 Alituum,
576 3897 956 3968 pecudumque
984 3910 1173 3966 genus,
1205 3906 1501 3962 secumque
1523 3890 1734 3946 volutat

277 3993 379 4062 Qui
410 4009 585 4058 mare,
615 3991 705 4061 qui
736 4002 911 4049 terras
939 3988 1089 4046 omni
1117 3987 1322 4044 ditione
1351 3993 1624 4052 tenerent,

278 4083 388 4142 Neu
419 4099 615 4158 segnes
637 4085 862 4156 jaceant
893 4093 1079 4151 terrae,
1103 4081 1260 4153 juvat
1287 4094 1460 4151 usque
1488 4077 1712 4136 morari.

639 4195 720 4252 De
751 4196 1061 4267 formatione
1089 4194 1244 4266 primi
1271 4193 1516 4249 hominis.

351 4311 504 4368 Talia
531 4310 774 4368 versanti
807 4308 986 4366 subito
1015 4307 1286 4364 sententia
1315 4305 1479 4375 sedit,

281 4406 633 4476 Felicemque
661 4401 826 4458 trahit
852 4403 1042 4458 limum
1074 4401 1333 4472 ﬁngitque
1360 4396 1662 4470 premendo

282 4499 490 4571 Pingue
513 4499 690 4554 solum
721 4497 912 4568 primis
935 4493 1207 4565 extemplo
1231 4507 1261 4549 a
1289 4491 1574 4549 mensibus
1596 4489 1748 4546 anni.

281 4594 512 4668 Jamque
541 4592 844 4665 improviso
867 4599 1032 4647 tantae
1059 4588 1281 4661 pietatis
1308 4587 1488 4659 imago

286 4691 594 4759 Processit,
645 4705 782 4746 nova
812 4689 987 4746 forma
1016 4687 1119 4742 viri
1153 4683 1514 4758 pulcherrima
1542 4696 1744 4752 rerum,

285 4785 356 4841 Os
379 4789 743 4856 numerosque
761 4783 869 4840 Deo
889 4781 1110 4845 similis,
1135 4780 1222 4835 cui
1251 4775 1881 4846 mentem,animumque

287 4878 456 4951 Major
477 4879 590 4952 agit
623 4880 787 4946 Deus,
815 4888 978 4948 atque
1007 4889 1173 4947 opera
1200 4873 1267 4929 ad
1301 4872 1507 4943 majora
1536 4869 1786 4928 remittit.

788 5013 868 5069 De
894 5011 1206 5082 formatione
1231 5009 1376 5065 Eme.

353 5113 631 5181 Qumritur
649 5109 774 5165 hinc
798 5107 954 5175 alius,
986 5122 1087 5164 nec
1105 5107 1387 5178 quisquam
1409 5119 1475 5162 ex
1493 5101 1706 5176 agmine
1731 5109 1880 5158 tanto

285 5207 463 5263 Audet
488 5204 642 5261 adire
674 5203 872 5271 virum,
903 5203 1195 5272 sociusque
1226 5200 1278 5257 in
1312 5214 1474 5272 regna
1510 5198 1716 5254 vocari.

287 5301 436 5356 Haud
472 5314 648 5365 mora,
671 5297 930 5354 continuo
949 5295 1217 5369 placidam
1250 5309 1346 5366 per
1368 5292 1616 5351 membra
1642 5291 1880 5363 quietem

289 5393 383 5448 Dat
402 5393 594 5464 juveni
623 5433 637 5459 ,
663 5399 715 5447 et
744 5390 892 5446 dulci
915 5390 1156 5446 declinat
1179 5388 1380 5445 lumina
1409 5401 1626 5442 somno.

286 5490 462 5558 Atque
493 5487 570 5540 illi
603 5484 784 5539 medio
815 5483 867 5538 in
898 5484 1074 5552 spatio
1096 5482 1207 5551 jam
1241 5483 1417 5536 noctis
1444 5493 1631 5550 opacas

285 5580 642 5649 Omnipotens
668 5577 897 5632 Genitor
926 5584 1106 5631 costas
1135 5584 1189 5630 et
1222 5573 1429 5630 viscera
1462 5572 1652 5627 nudat.

287 5672 485 5728 Ilartnn
522 5686 682 5726 uuam
708 5669 923 5740 juveni,
951 5668 1184 5724 laterum
1210 5665 1564 5738 compagibus
1589 5664 1746 5732 actis,

288 5766 527 5838 Eripuit,
555 5765 845 5834 subitoque
877 5763 1052 5818 Oritur
1080 5761 1332 5818 mirabile
1360 5759 1597 5826 donum,

293 5862 692 5937 Argumentum
718 5858 910 5930 ingens
930 5855 1078 5915 clara
1107 5870 1231 5914 cum
1260 5855 1379 5913 luce
1401 5853 1612 5912 refulsit

1526 282 1888 348 CENTONES
1930 285 2320 356 VlfiGlLlANI.

1894 405 1944 466 Α
1974 401 2200 476 Insignis
2229 408 2412 472 facies,
2441 420 2494 462 ct
2527 411 2754 478 pulchro
2786 417 3007 478 pectore
3037 409 3188 480 virgo

1897 3192 1945 3258 Ο

3461 293 3567 356 806

1976 500 2098 555 lam
2127 510 2335 556 matura
2370 503 2634 575 \‘it'o,jam
2660 503 2833 574 plenis
2861 503 3063 558 nubilis
3097 500 3274 556 annis.

1974 591 2084 648 Olli
2105 607 2356 649 somnum
2383 594 2574 666 ingens
2607 597 2749 666 rupit
2771 610 2961 666 pavor,
2983 609 3216 663 ossaque
3241 602 3291 648 et
3324 603 3474 648 artus

1973 683 2294 754 Cunjugium
2328 695 2508 755 vocat,
2538 698 2592 744 et
2621 688 2956 760 stupefactus
2983 688 3205 743 nomine
3233 687 3459 757 pressit,

1977 773 2310 846 Excepitque
2330 794 2514 844 manu,
2538 779 2901 850 dextramque
2923 779 3212 850 amplexus
3233 778 3484 834 adhaesit.

2167 890 2331 947 Deum
2356 894 2739 966 proleplastum
2761 905 2808 950 et
2835 893 2997 949 Evam
3026 893 3367 950 benedixiue.

2047 1003 2142 1058 IIis
2163 1004 2382 1060 demum
2412 1008 2640 1071 exactis,
2675 1015 2883 1077 torquet
2916 1007 3005 1078 qui
3039 1006 3218 1064 sidera
3251 1008 3437 1062 mundi

1973 1094 2137 1151 Jussit
2165 1115 2176 1150 :
2205 1113 2271 1152 eo
2293 1098 2511 1155 dicente
2539 1101 2734 1170 premit
2761 1100 2967 1169 placida
2994 1115 3211 1171 aequora
3246 1109 3466 1172 pontus,

1975 1190 2040 1245 Et
2069 1190 2386 1247 tremefacta
2419 1191 2538 1246 solo
2563 1203 2643 1247 est
2675 1191 2858 1258 tellus,
2888 1192 3014 1247 silet
3040 1192 3244 1249 arduus
3270 1193 3460 1250 aether.

1973 1283 2152 1341 Vivite
2181 1283 2390 1351 felices,
2427 1286 2680 1358 interque
2702 1285 2930 1341 virentia
2960 1287 3101 1341 culta

1974 1376 2400 1435 Fortunatorum
2431 1394 2715 1436 nemorum
2748 1379 3020 1452 sedesque
3041 1380 3249 1436 beatas.

1974 1473 2102 1529 llaec
2121 1473 2338 1540 domus,
2356 1475 2470 1530 lucc
2489 1475 2658 1545 patria
2678 1483 2786 1545 est,
2811 1475 3026 1546 requies
3045 1491 3106 1532 ea
3127 1485 3275 1532 certa
3301 1475 3569 1532 laborum.

1973 1567 2070 1622 His
2093 1583 2194 1638 ego
2222 1583 2324 1624 nec
2346 1581 2520 1624 motas
2549 1585 2755 1636 rerum,
2790 1583 2892 1626 nec
2919 1580 3163 1639 tempora
3197 1586 3360 1638 pono.

1974 1657 2264 1728 Imperium
2289 1657 2408 1714 sine
2441 1658 2549 1714 fine
2576 1658 2723 1726 dedi,
2758 1659 3069 1731 multosque
3099 1675 3194 1728 per
3227 1675 3402 1713 annos

1977 1749 2091 1804 Non
2121 1761 2354 1806 rastrum
2381 1753 2615 1824 patietur
2644 1753 2862 1822 humus,
2897 1769 2994 1808 nec
3019 1753 3177 1809 vinea
3209 1753 3425 1811 falcem.

1977 1844 2047 1899 At
2067 1858 2237 1914 genus
2265 1844 2572 1902 immortale
2609 1855 2812 1912 manet,
2842 1862 2944 1902 nec
2978 1845 3130 1902 tarda
3157 1855 3408 1902 senectus

1978 1936 2238 1992 Debilitat
2258 1938 2404 1994 vires
2427 1937 2615 2008 animi,
2648 1947 2929 2010 mutatque
2952 1939 3214 2012 vigorem.

2263 2052 2406 2121 Quid
2423 2052 2744 2122 prohibitum
2764 2054 2945 2125 primis
2960 2054 3281 2127 parentibus.

2047 2143 2156 2201 Vos
2180 2153 2370 2202 contra
2400 2162 2520 2217 qua:
2551 2147 2729 2203 dicam
2753 2147 2950 2204 animis
2981 2147 3252 2203 advertite
3277 2148 3500 2214 vestris;

1975 2236 2033 2292 In
2059 2238 2240 2295 medio
2268 2255 2472 2305 ramos,
2503 2256 2820 2313 annosaque
2848 2242 3070 2299 brachia
3103 2241 3336 2312 tendens

1976 2331 2074 2388 Est
2100 2331 2153 2388 in
2183 2343 2477 2404 conspectu
2504 2337 2675 2391 ramis
2702 2335 2950 2392 felicibus
2980 2338 3176 2403 arbor,

1973 2427 2145 2497 Quam
2177 2443 2354 2500 neque
2379 2428 2459 2485 fas
2487 2424 2594 2500 igni
2623 2430 2896 2500 cuiquam,
2931 2444 3032 2485 nec
3056 2439 3307 2486 sternere
3333 2427 3498 2496 ferro,

1975 2520 2283 2594 Itelligione
2311 2536 2462 2578 sacra
2496 2539 2789 2594 numquam
2821 2537 3081 2578 concessa
3111 2523 3338 2579 moveri.

1977 2615 2087 2670 Ilac
2124 2613 2449 2686 quicumque
2476 2632 2660 2673 sacros
2691 2616 3028 2687 decerpserit
3055 2616 3253 2672 arbore
3281 2615 3450 2682 fetus,

1975 2708 2148 2765 Morte
2175 2708 2289 2764 luet
2315 2710 2506 2766 merita
2543 2728 2554 2764 :
2592 2725 2692 2766 nec
2723 2726 2808 2766 me
2839 2710 3108 2766 sententia
3142 2709 3310 2765 vertit
3339 2727 3352 2762 :

1975 2800 2085 2857 Nec
2109 2799 2204 2857 tibi
2224 2801 2338 2872 jam
2364 2801 2599 2872 prudens
2622 2803 2909 2874 quisquam
2944 2801 3268 2872 persuadeat
3297 2810 3487 2857 auctor

1973 2893 2385 2953 Commaculare
2411 2912 2626 2964 manus,
2659 2896 2822 2954 liceat
2853 2906 2906 2952 te
2929 2912 3062 2952 voce
3092 2896 3298 2953 moveri

1977 2987 2254 3056 Feminea,
2285 3005 2385 3046 nec
2413 2997 2466 3046 te
2495 2989 2664 3046 ullius
2694 2992 2947 3046 violentia
2976 2991 3180 3061 vincat,

1975 3082 2032 3140 Si
2057 3093 2108 3139 te
2133 3081 2290 3154 digna
2325 3092 2506 3140 manet
2534 3083 2699 3140 divini
2729 3085 2898 3156 gloria
2927 3084 3088 3156 juris.

2467 3195 2547 3253 De
2575 3199 2780 3254 deliciis
2808 3198 3074 3255 Paradisi.

2051 3293 2346 3366 Postquam
2367 3306 2559 3352 cuncta
2588 3305 2760 3365 pater,
2792 3295 2919 3354 caeli
2953 3298 3039 3353 cui
3067 3297 3248 3354 sidera
3280 3307 3493 3367 parent,

1975 3388 2316 3460 Composuit,
2349 3391 2600 3461 legesque
2626 3389 2797 3456 dedit,
2821 3405 3159 3462 camposque
3189 3391 3424 3448 nitentes

1980 3486 2222 3555 Desuper
2251 3493 2512 3552 ostentat,
2539 3493 2810 3541 tantarum
2839 3483 3010 3556 gloria
3043 3501 3226 3542 rerum
3256 3503 3266 3537 :

1981 3576 2117 3632 Ecce
2139 3587 2322 3633 autem
2354 3578 2509 3648 primi
2537 3579 2636 3633 sub
2658 3577 2846 3634 limine
2877 3577 3010 3633 solis
3033 3587 3087 3633 et
3115 3587 3268 3633 ortus

1981 3669 2259 3726 Devenere
2283 3670 2458 3738 locos,
2491 3671 2580 3726 ubi
2615 3671 2796 3726 mollis
2835 3686 3119 3727 amaracus
3149 3671 3270 3726 illos

1979 3761 2258 3831 Floribus,
2287 3773 2342 3819 ct
2372 3763 2518 3819 dulci
2541 3765 2788 3835 aspirans
2810 3767 3194 3832 complectitur
3217 3765 3428 3822 umbra.

1979 3857 2078 3912 Hic
2105 3873 2199 3911 ver
2225 3872 2578 3926 purpureum,
2611 3868 2775 3927 atque
2807 3858 2997 3912 alienis
3020 3857 3300 3913 mensibus
3321 3866 3504 3926 aestas,

1979 3949 2077 4004 Hic
2107 3949 2296 4019 liquidi
2338 3947 2538 4015 fontes,
2573 3947 2660 4003 hic
2682 3948 2807 4004 caeli
2835 3957 3079 4018 tempore
3103 3959 3255 4004 certo

1981 4043 2162 4099 Dulcia
2189 4042 2348 4098 mella
2385 4051 2662 4112 premunt,
2687 4039 2776 4096 hic
2805 4040 3036 4096 candida
3073 4041 3302 4111 populus
3326 4052 3488 4110 antro

1982 4137 2250 4206 Imminet,
2283 4147 2338 4192 et
2363 4137 2521 4192 lentae
2557 4145 2748 4191 texunt
2777 4135 3087 4191 umbracula
3119 4135 3254 4190 vites
3285 4151 3298 4189 :

1982 4231 2213 4290 Invitant
2241 4231 2448 4289 croceis
2479 4231 2722 4286 halantes
2743 4229 2972 4286 floribus
3000 4228 3144 4285 horti

1985 4326 2129 4383 Inter
2155 4325 2442 4384 odoratum
2467 4325 2603 4380 lauri
2632 4337 2847 4389 nemus,
2876 4323 3102 4395 ipsaque
3134 4320 3296 4378 tellus

1980 4422 2173 4478 Omnia
2198 4419 2425 4476 liberius
2455 4419 2607 4476 nullo
2630 4425 2892 4489 poscente
2920 4415 3149 4473 ferebat.

1982 4513 2268 4572 Fortunati
2297 4510 2478 4580 ambo,
2509 4512 2554 4569 si
2583 4525 2738 4568 mens
2758 4525 2870 4568 non
2909 4509 3042 4567 laeva
3070 4508 3266 4568 fuisset

1905 4589 1960 4652 Ῑ)
1983 4608 2246 4682 Conjugis
2269 4605 2526 4675 infandae,
2557 4604 2745 4662 docuit
2773 4612 2898 4676 post
2918 4604 3101 4662 exitus
3128 4603 3340 4677 ingens;

2425 4719 2668 4776 Tentatio
2699 4737 2790 4791 per
2813 4720 3141 4792 Serpentem.

2058 4817 2284 4889 Jamque
2305 4814 2423 4872 dies
2450 4814 2666 4871 infanda
2687 4814 2877 4871 aderat
2904 4828 2996 4885 per
3032 4811 3200 4871 ﬂorea
3241 4827 3365 4869 rura
3391 4831 3404 4868 :

1989 4911 2133 4969 Ecce
2154 4911 2412 4967 inimicus
2433 4920 2594 4965 atrox
2620 4908 2904 4965 immensis
2927 4907 3152 4964 orbibus
3182 4908 3375 4978 anguis

1989 5006 2209 5078 Septem
2241 5006 2430 5077 ingens
2456 5017 2642 5076 gyros,
2676 5014 2898 5075 septena
2937 5001 3211 5058 volumina
3246 5008 3452 5068 versat,

1991 5102 2102 5160 Nec
2127 5102 2242 5155 visu
2277 5097 2473 5167 facilis,
2500 5112 2598 5152 nec
2620 5095 2768 5152 dictu
2796 5094 3028 5151 affabilis
3055 5092 3173 5160 ulli,

1990 5193 2218 5266 Obliqna
2251 5189 2454 5246 invidia
2487 5205 2642 5246 ramo
2665 5188 2952 5244 frondente
2977 5186 3254 5258 pependit,

1996 5289 2279 5360 Vipeream
2309 5284 2579 5355 inspirans
2603 5284 2860 5346 animam,
2886 5279 2972 5336 cui
2997 5277 3170 5334 tristia
3199 5277 3339 5333 bella

1993 5381 2196 5452 Iraeque
2229 5377 2569 5447 invidiaeque,
2603 5384 2658 5432 et
2685 5374 2850 5430 noxia
2878 5371 3105 5429 crimina
3137 5368 3308 5425 cordi.

1992 5475 2117 5532 Odit
2143 5483 2197 5528 et
2218 5471 2332 5542 ipse
2361 5480 2532 5541 pater,
2563 5476 2642 5524 tot
2668 5481 2790 5525 sese
2813 5464 2974 5521 vertit
3017 5463 3071 5518 in
3101 5478 3222 5531 ora,

1992 5566 2343 5637 Arrectisque
2367 5564 2554 5619 horret
2581 5559 2847 5633 squamis,
2877 5565 2933 5612 et
2961 5571 3026 5610 ne
3050 5555 3178 5626 quid
3211 5554 3482 5621 inausum,

1995 5661 2104 5720 Aut
2132 5661 2456 5715 intentatum
2499 5655 2794 5710 scelerisve
2824 5650 3004 5706 dolive
3038 5648 3327 5719 relinquat,

1998 5755 2090 5812 Sic
2110 5754 2261 5827 prior
2290 5749 2603 5823 aggreditur
2630 5746 2812 5811 dictis,
2847 5759 3015 5815 seque
3045 5741 3244 5798 obtulit
3273 5742 3414 5798 ultro
3447 5758 3458 5796 :

2075 5846 2190 5917 Dic,
2222 5846 2318 5911 ait,
2347 5859 2380 5898 ο
2409 5840 2561 5912 virgo
2592 5837 2755 5911 (lucis
2786 5835 3093 5892 habitamus
3121 5836 3326 5907 opacis,
