4038 6312
491 315 597 377 807

487 430 862 500 Riparumque
902 431 1072 493 toros,
1115 435 1172 482 et
1203 430 1355 496 prata
1385 425 1626 482 recentia
1655 425 1785 481 rivis

487 521 835 592 lncolimus),
860 536 979 593 qua:
1008 528 1159 576 tanta
1187 519 1386 577 animis
1413 520 1628 591 ignavia
1659 522 1855 577 venit?

491 620 671 670 Strata
697 613 882 685 iacent
904 613 1102 683 passim
1132 628 1226 669 sua
1258 629 1490 684 qumque
1520 614 1619 670 sub
1646 614 1846 671 arbore
1873 628 2050 686 poma,

487 705 690 763 Pocula
718 715 846 762 sunt
873 705 1059 776 liquidi
1096 705 1296 775 fontes,
1327 707 1571 763 coelestia
1602 706 1763 763 dona.

490 799 802 857 Attrectare
832 800 1005 869 nefas,
1034 799 1086 855 id
1110 800 1274 858 rebus
1300 800 1469 858 defuit
1499 816 1685 858 unum.

491 897 625 965 Quis
656 895 913 968 prohibet
941 911 1137 953 causas
1158 898 1376 968 penitus
1405 905 1617 952 tentare
1638 896 1912 953 latentes?

412 996 422 1005 ‘
487 990 643 1047 Vana
673 990 1214 1063 superstitio,rernm
1242 1005 1372 1062 pars
1392 989 1562 1047 altera
1586 989 1837 1061 adempta
1870 997 1978 1057 est,

493 1084 784 1152 Conditio;
816 1100 938 1143 mea
966 1086 1012 1141 si
1043 1101 1154 1141 non
1184 1084 1336 1141 irrita
1370 1084 1513 1142 dicta
1543 1093 1795 1157 putares,

488 1178 698 1237 Auctor
727 1194 823 1237 ero
849 1177 1083 1235 audendi
1120 1188 1332 1235 sacrata
1360 1178 1634 1235 resolvere
1655 1178 1799 1247 jura.

489 1272 577 1331 Tu
603 1274 873 1346 coniunx,
902 1273 998 1331 tibi
1028 1273 1111 1330 fas
1140 1273 1387 1349 animum
1417 1281 1632 1331 tentare
1662 1272 1955 1345 precando.

490 1367 615 1424 Dux
643 1383 746 1441 ego
769 1378 953 1426 vester
982 1382 1102 1437 ero,
1135 1379 1225 1423 tua
1251 1368 1295 1423 si
1320 1366 1453 1424 mihi
1478 1376 1628 1425 certa
1656 1367 1926 1435 voluntas,

490 1460 952 1536 Exstruimusque
974 1472 1147 1533 toros,
1175 1462 1809 1536 dapibusqueepulamur
1833 1460 2049 1534 opimis.

885 1578 999 1636 Eva
1025 1580 1252 1636 seducta
1278 1579 1475 1635 seducit
1503 1579 1694 1635 virum.

563 1673 656 1732 Sic
682 1674 781 1744 ait,
815 1682 871 1731 et
895 1673 1040 1730 dicto
1064 1673 1248 1741 citius,
1274 1674 1420 1746 quod
1449 1673 1570 1745 lcge
1603 1681 1819 1730 tenetur

494 1766 806 1839 Subjiciunt
831 1767 1006 1837 epulis
1035 1767 1175 1823 oculi
1202 1767 1517 1823 venerabile
1548 1768 1775 1838 lignum,

485 1860 889 1932 lnstituuntque
911 1862 1106 1934 dapes,
1137 1871 1498 1933 contactuque
1533 1863 1711 1918 omnia
1740 1862 1969 1919 foedant.

564 1957 847 2029 Prmcipue
872 1956 1079 2014 insistit
1109 1957 1249 2028 pesti
1278 1956 1474 2013 devota
1510 1956 1727 2024 futuru‘,

493 2052 830 2123 Miraturque
858 2064 1028 2107 novas
1053 2051 1297 2117 frondes,
1324 2061 1383 2108 et
1415 2065 1523 2107 non
1552 2066 1649 2105 sua
1680 2065 1865 2122 poma.

491 2145 668 2202 Causa
692 2145 822 2201 mali
855 2146 1013 2215 tanti,
1045 2160 1260 2201 summo
1292 2153 1451 2201 lenus
1483 2146 1655 2217 attigit
1686 2161 1801 2213 ore,

494 2237 668 2308 Maius
693 2237 889 2295 adorsa
918 2239 1093 2305 nefas,
1126 2238 1503 2309 maioremque
1528 2253 1654 2292 orsa
1688 2239 1953 2293 furorem.
1986 2270 1991 2273 ι

494 2331 609 2388 lleu
633 2332 835 2388 misero
865 2331 1107 2403 coniunx
1139 2331 1316 2387 aliena
1342 2347 1408 2387 ex
1432 2331 1629 2387 arbore
1650 2346 1873 2403 germen

493 2426 713 2498 Obiicit,
739 2436 899 2497 atque
926 2425 1168 2481 animum
1202 2425 1379 2480 subita
1408 2423 1698 2480 dulcedine
1726 2424 1915 2479 movit.

640 2542 832 2598 Vident
851 2557 906 2597 se
930 2541 1122 2608 nudos,
1155 2549 1203 2595 et
1233 2539 1430 2611 facium
1480 2539 1574 2593 sibi
1604 2539 1943 2608 perizomata.

561 2638 835 2696 Continuo
863 2653 1001 2695 nova
1029 2636 1123 2693 lux
1154 2635 1329 2692 oculis
1359 2634 1593 2701 effulsit;
1627 2644 1679 2690 at
1713 2633 1791 2690 illi

493 2729 793 2789 Terrentur
818 2731 938 2787 visu
967 2729 1169 2799 subito,
1197 2744 1297 2786 nee
1319 2730 1473 2801 plura
1504 2728 1723 2797 morati,

492 2827 732 2904 Corpora
763 2829 865 2887 sub
894 2830 1064 2886 ramis
1093 2829 1314 2900 obiectu
1344 2828 1557 2885 frondis
1578 2826 1916 2895 inumbrant,

492 2923 818 2982 Consertum
850 2933 1088 2997 tegmen,
1119 2938 1221 2980 nec
1246 2936 1374 2996 spes
1395 2923 1516 2994 opis
1540 2921 1648 2978 ulla
1672 2921 1921 2977 dabatur.

491 3018 566 3075 At
589 3033 700 3075 non
728 3018 845 3076 lucc
868 3016 1038 3075 nullis
1064 3017 1348 3076 hominum
1381 3016 1560 3085 Sator,
1593 3025 1762 3089 atque
1789 3015 2018 3073 deorum

490 3110 804 3169 Observans
824 3113 1016 3181 oculis,
1045 3112 1223 3170 credes
1251 3120 1306 3169 et
1337 3113 1475 3168 facta
1507 3109 1724 3184 tyranni

499 3204 813 3277 Praesensit,
846 3216 1148 3278 notumque
1177 3206 1367 3263 furens
1390 3204 1518 3277 quid
1552 3204 1753 3262 femina
1784 3204 1980 3276 possit.

491 3300 763 3358 Continuo
790 3301 1031 3358 invadit:
1060 3301 1287 3367 Procul,
1321 3315 1355 3357 ο
1384 3301 1573 3371 procul
1599 3310 1739 3370 este,
1773 3300 2005 3371 profanl,

490 3391 830 3464 Conclamat,
863 3394 1061 3452 caelum
1093 3409 1157 3451 ac
1172 3403 1348 3451 terras
1374 3394 1465 3465 qui
1495 3394 1721 3451 numine
1744 3393 1943 3450 firmat.

998 3512 1168 3568 Adam
1211 3511 1481 3567 abscondit
1514 3528 1585 3568 se.

565 3626 746 3699 Atque
775 3624 858 3683 illi
881 3626 1039 3700 longe
1066 3627 1405 3699 gradientem
1436 3636 1490 3684 et
1515 3627 1633 3684 dira
1656 3628 1986 3686 frementem

494 3714 569 3777 Ut
595 3718 804 3790 videre,
840 3729 988 3777 metu
1020 3716 1164 3778 versi
1206 3728 1460 3793 retroque
1499 3729 1720 3778 ruentes

495 3811 816 3885 Diffugiunt,
850 3814 1124 3887 silvasque
1153 3823 1211 3871 et
1253 3815 1428 3872 sicubi
1456 3830 1694 3872 concava
1726 3815 1909 3873 furtim

492 3906 634 3964 Saxa
661 3913 874 3980 petunt,
903 3908 1054 3983 piget
1073 3908 1297 3980 incepti,
1328 3907 1613 3982 lucemque
1640 3925 1743 3967 nec
1766 3924 1929 3967 auras

492 3998 830 4076 Respiciunt,
860 4004 1025 4063 tatdet
1051 4003 1176 4062 coeli
1203 4020 1447 4063 convexa
1484 4008 1645 4064 tueri.

912 4119 1162 4194 Increpat
1193 4121 1361 4177 Adam
1388 4120 1663 4178 Dominus.

560 4236 673 4297 Nec
696 4236 915 4311 longum
942 4237 998 4295 in
1027 4237 1211 4296 medio
1234 4246 1467 4310 tempus,
1491 4253 1616 4295 cum
1633 4237 1827 4295 creber
1840 4237 1907 4295 ad
1928 4252 2087 4295 aures

492 4330 654 4390 Visus
684 4332 877 4389 adesse
899 4331 1097 4405 pedum
1128 4333 1360 4401 sonitus,
1380 4331 1829 4405 Genitorquepcr
1842 4332 2085 4390 umbram

491 4424 716 4483 Talibus
743 4425 938 4482 affatur
963 4425 1145 4493 dictis,
1169 4434 1334 4497 atque
1364 4425 1607 4497 increpat
1628 4427 1771 4482 ultro
1804 4443 1820 4482 :

489 4518 709 4591 Infelix,
734 4536 855 4591 quae
877 4528 1025 4577 tanta
1052 4516 1298 4577 animum
1329 4519 1603 4578 dementia
1629 4520 1816 4592 cepit?

486 4613 625 4683 Quis
644 4612 796 4670 furor
817 4612 914 4670 ille
938 4613 1138 4670 novus?
1158 4627 1266 4685 quo
1283 4627 1451 4682 nunc,
1471 4629 1579 4685 quo
1600 4613 1819 4670 tenditis
1832 4613 2081 4686 ?,inquit.
2114 4635 2167 4699 D

488 4703 804 4777 Regnorum
826 4704 1203 4772 immemores,
1235 4720 1359 4777 quae
1380 4716 1617 4763 mentem
1645 4706 1854 4764 insania
1884 4708 2086 4765 mutat?

488 4798 687 4869 Dicite,
717 4812 843 4869 quae
868 4797 1005 4854 lucis
1034 4797 1249 4854 miseris
1277 4804 1387 4852 tam
1416 4798 1532 4853 dira
1556 4797 1800 4870 cupido?

486 4892 755 4951 Maturate
777 4890 984 4964 fugam,
1016 4898 1244 4960 taloque
1263 4889 1511 4948 absistite
1536 4891 1681 4958 luco,

487 4982 601 5043 Nec
621 4998 887 5043 revocare
907 4982 1153 5056 gradum,
1184 4981 1233 5038 si
1262 4984 1482 5054 quando
1506 4984 1739 5043 adversa
1771 4987 2017 5046 vocarint
2035 5028 2050 5057 ,

490 5077 590 5135 Est
608 5078 816 5135 licitum
851 5093 865 5133 :
898 5076 1133 5133 flammis
1156 5075 1326 5132 ambit
1352 5078 1680 5136 torrentibus
1702 5078 1876 5137 amnis

487 5171 596 5229 Per
622 5171 861 5230 medium
892 5171 1156 5239 stridens,
1190 5178 1513 5243 torquetque
1535 5175 1781 5230 sonantia
1805 5190 1955 5231 saxa.

490 5266 815 5341 Attollitque
841 5266 1033 5340 globos
1064 5267 1428 5334 flammarum,
1455 5274 1510 5322 et
1539 5266 1717 5324 sidera
1749 5267 1959 5325 lambit.

1029 5382 1205 5438 Adam
1227 5395 1283 5437 se
1310 5390 1543 5436 excusat.

559 5498 658 5558 llle
687 5497 789 5555 sub
819 5497 936 5555 hac
969 5515 983 5555 :
1016 5495 1133 5555 Tua
1161 5495 1522 5568 me,genitor,
1552 5504 1640 5552 tua
1671 5496 1842 5553 tristis
1872 5498 2049 5573 imago

486 5592 588 5652 llis
615 5606 849 5667 posuere
869 5591 1029 5658 locis,
1059 5591 1255 5656 merui,
1281 5605 1382 5646 nec
1411 5587 1695 5660 deprecor,
1720 5590 1914 5662 inquit,

485 5685 871 5759 Omnipotens,
896 5685 1241 5756 sonitumque
1262 5682 1484 5754 pedum,
1513 5696 1810 5755 vocemque
1830 5685 2087 5744 tremisco

489 5781 756 5839 Conscius
786 5780 1005 5837 audacis
1036 5781 1189 5849 facti,
1228 5779 1526 5851 monitiquc
1552 5779 1781 5838 sinistri.

491 5872 718 5934 Femina
738 5872 847 5931 fert
874 5874 1057 5933 tristes
1085 5887 1298 5943 succos,
1333 5875 1654 5948 tardumque
1696 5890 1967 5951 saporem;

1673 306 1834 367 VAL.
1874 300 2254 369 FALTONIE
2294 300 2548 365 PROBIE

2117 430 2169 485 Α
2196 422 2288 479 Illa
2321 424 2475 479 dolos
2505 421 2791 492 dirumque
2820 420 2968 477 nefas
2999 418 3103 476 5th
3138 426 3360 492 pectore
3387 431 3603 477 versans
3624 462 3640 489 ,

3669 301 3778 362 808

2200 520 2478 576 lnsontem
2512 518 2731 575 infando
2753 518 2973 588 indit-io,
3004 517 3272 575 moritura
3306 518 3483 591 puclla

2196 614 2333 671 Dum
2362 615 2511 681 furit,
2538 615 2811 672 incautum
2839 614 3051 671 crudeli
3073 622 3251 670 morte
3287 612 3535 685 peremit.

2195 710 2375 766 Suasit
2395 710 2563 775 enim,
2589 710 2697 766 scis
2727 711 2862 780 ipse,
2891 723 2993 766 nec
3019 718 3105 765 est
3133 716 3185 765 te
3210 707 3402 764 fallere
3420 707 3659 778 cuiquam
3691 753 3706 779 ,

2194 807 2267 865 Ut
2293 808 2427 875 vidi,
2451 816 2510 863 ut
2539 807 2709 879 perii,
2741 814 2799 861 ut
2828 820 2913 861 me
2941 804 3119 861 malus
3144 802 3368 861 abstulit
3394 818 3566 868 error,

2194 899 2643 974 Contigimusque
2672 916 2835 957 manu
2856 898 2999 971 quod
3023 914 3132 954 non
3157 912 3254 954 sua
3276 898 3507 954 seminat
3532 897 3706 956 arbos.
3775 897 3784 905 ’

2674 1014 3017 1071 Maledictum
3041 1013 3304 1087 Serpenti.

2268 1139 2421 1197 Tunc
2449 1138 2612 1209 Pater
2641 1138 2991 1211 omnipotens
3021 1136 3160 1195 solio
3189 1137 3269 1193 sic
3297 1135 3415 1193 infit
3443 1136 3509 1192 ab
3531 1136 3636 1193 alto
3667 1152 3682 1194 :

2194 1233 2443 1305 Accipite
2472 1248 2623 1305 ergo,
2646 1232 2845 1289 animis
2869 1241 3033 1303 atque
3057 1230 3179 1288 haec
3207 1245 3327 1288 mea
3352 1229 3498 1302 figite
3523 1230 3658 1287 dicta
3688 1247 3705 1292 :

2194 1325 2385 1399 Tuque
2407 1326 2579 1398 prior,
2604 1325 2816 1382 scelere
2844 1335 2968 1382 ante
2992 1324 3129 1381 alios
3158 1323 3449 1380 immanior
3471 1338 3671 1395 omnes,

2195 1420 2366 1489 Quem
2401 1435 2502 1477 nec
2529 1420 2857 1492 longadies,
2887 1420 3064 1491 pietas
3094 1434 3195 1476 nec
3227 1419 3438 1490 tnitigat
3474 1419 3607 1488 ulla,

2196 1515 2456 1570 Hortator
2476 1514 2744 1570 scelerum
2767 1514 3014 1582 coluber,
3047 1513 3189 1569 ntala
3218 1512 3465 1585 gramina
3495 1526 3678 1584 pasces

2198 1608 2439 1678 Desidia,
2468 1608 2744 1681 latamque
2773 1608 2996 1665 trahens
3024 1607 3290 1681 inglorius
3319 1607 3522 1664 alvum.

2195 1702 2339 1758 Cede
2370 1702 2524 1768 locis,
2561 1701 2727 1757 nullis
2746 1701 3028 1758 hominum
3060 1701 3409 1773 acgentibus,
3440 1702 3553 1773 ipse

2121 1820 2171 1882 Β
2201 1793 2400 1851 Tenvis
2425 1794 2513 1851 ubi
2538 1793 2748 1866 argilla,
2778 1802 2834 1849 et
2863 1793 3109 1850 dumosis
3135 1792 3381 1850 calculus
3407 1793 3572 1849 arvis.

2709 1908 3050 1965 Maledictum
3076 1909 3265 1965 Adam.

2265 2028 2336 2084 At
2366 2025 2459 2083 tibi
2491 2040 2586 2098 pro
2614 2024 2819 2081 scelere
2848 2024 3202 2098 (exclamat),
3231 2038 3332 2095 pro
3354 2023 3551 2081 talibus
3579 2023 3739 2093 ausis,

2194 2122 2366 2180 Omne
2387 2138 2558 2179 aevum
2597 2120 2744 2178 ferro
2792 2119 3006 2188 teritur,
3031 2118 3347 2191 primusque
3368 2134 3464 2191 per
3484 2128 3650 2175 artem

2196 2218 2356 2288 (lleu,
2390 2216 2699 2273 miserande
2725 2230 2860 2288 puer
2887 2213 2928 2288 !)
2959 2224 3160 2270 terram
3185 2214 3528 2271 insectabere
3554 2213 3757 2282 rastris,

2200 2311 2271 2367 Et
2300 2314 2481 2368 sonitu
2508 2310 2739 2367 terrebis
2765 2324 2928 2364 aves:
2964 2306 3211 2363 horrebit
3242 2307 3296 2362 in
3319 2305 3464 2363 arvis

2193 2408 2460 2479 Carduus,
2486 2416 2543 2463 et
2566 2406 2739 2478 spinis
2769 2414 2958 2477 surget
2997 2404 3242 2476 paliurus
3269 2404 3468 2469 acutis,

2196 2501 2527 2573 Lappzrque,
2553 2500 2865 2571 tribulique,
2888 2507 2945 2555 et
2971 2497 3131 2553 fallax
3156 2496 3325 2554 herba
3359 2496 3577 2563 veneni;

2195 2597 2265 2650 At
2293 2594 2339 2650 si
2372 2594 2641 2651 triticeam
2667 2591 2723 2648 in
2758 2606 3016 2654 messem,
3047 2589 3379 2661 robustaque
3407 2588 3547 2645 farra

2195 2688 2489 2746 Exercebis
2522 2687 2769 2754 humum,
2797 2686 2995 2743 frustra
3018 2685 3368 2757 exspectabis
3402 2699 3674 2752 acervum,

2195 2780 2583 2853 Concussaque
2615 2781 2812 2838 famem
2841 2780 2896 2835 in
2929 2779 3081 2836 silvis
3105 2779 3362 2837 solabere
3384 2794 3607 2851 quercu.

2199 2877 2427 2948 Insuper
2455 2876 2541 2933 his
2563 2876 2800 2933 subeunt
2820 2875 3020 2943 morbi,
3052 2874 3338 2946 tristisque
3367 2881 3640 2943 senectus,

2197 2969 2267 3026 Et
2291 2969 2461 3039 labor,
2493 2977 2550 3027 ct
2570 2969 2708 3027 dira:
2731 2968 2875 3041 rapit
2904 2967 3254 3025 inclementia
3291 2967 3509 3025 mortis.

2726 3091 3063 3149 Maledictum
3088 3092 3277 3151 Evam.

2268 3207 2395 3265 limo
2409 3207 2503 3264 tibi
2520 3222 2739 3281 semper
2757 3216 2940 3277 erunt,
2961 3216 3151 3280 tuque,
3177 3205 3520 3265 osmvissima
3535 3203 3777 3277 coniunx,

2192 3299 2310 3358 Non
2334 3300 2521 3372 ignara
2549 3300 2701 3369 mali,
2732 3309 2895 3373 caput
2926 3300 3121 3357 horum
3149 3308 3205 3356 et
3231 3314 3397 3357 causa
3429 3298 3707 3367 malorum,

2195 3395 2385 3468 Magna
2412 3396 2531 3453 lues
2552 3396 2841 3452 commissa
2875 3395 2971 3452 tibi
3002 3413 3015 3450 ε
3050 3394 3156 3453 heu
3182 3394 3394 3467 perdita
3426 3395 3622 3464 nescis,

2193 3488 2238 3545 Ν
2247 3505 2310 3546 ec
2336 3505 2457 3561 qua:
2484 3490 2838 3547 circumstant
2865 3498 2916 3546 te
2943 3488 3143 3545 deinde
3171 3487 3411 3560 pericula
3442 3486 3639 3544 cernis.

2192 3582 2346 3640 Nunc
2372 3599 2608 3653 morere,
2641 3592 2702 3640 ut
2731 3584 2923 3640 merita
2952 3596 3032 3652 es,
3063 3582 3208 3654 quod
3241 3589 3351 3638 tota
3383 3589 3565 3640 mente
3584 3576 3773 3653 petisti.

2193 3678 2302 3736 Nec
2331 3694 2448 3736 mea
2471 3679 2584 3751 iam
2616 3687 2819 3736 mutata
2850 3678 2969 3734 loco
2998 3678 3269 3734 sententia
3298 3674 3467 3734 cedit.

2451 3795 2717 3866 Expufsos
2745 3794 2913 3851 Adam
2939 3805 2986 3852 et
3008 3794 3175 3850 Evam
3205 3811 3232 3850 e
3261 3794 3528 3866 paradiso.

2264 3913 2335 3969 At
2356 3911 2617 3984 juvenem
2642 3911 2876 3983 primum
2904 3925 3080 3968 szevus
3119 3910 3483 3968 circumstetit
3504 3908 3706 3978 horror,

2192 4006 2475 4079 Diriguere
2494 4005 2660 4075 oculi,
2690 4020 2791 4063 nec
2813 4020 2874 4062 se
2899 4004 3077 4062 celare
3097 4004 3347 4063 tenebris

2192 4102 2462 4172 Amplius,
2489 4109 2583 4156 aut
2612 4108 2767 4156 notas
2797 4099 2988 4156 audire
3015 4106 3072 4156 et
3097 4097 3330 4155 reddere
3359 4111 3543 4156 voces.

2193 4193 2347 4252 llaud
2376 4208 2550 4263 mora,
2583 4191 2861 4261 festinant,
2891 4191 3091 4264 rapidis
3120 4190 3360 4263 iussique
3382 4190 3621 4271 feruntur

2191 4287 2469 4356 Passibus,
2502 4296 2557 4345 et
2579 4285 2785 4359 pariter
2808 4285 2985 4358 gressi
3009 4300 3106 4357 per
3132 4299 3301 4356 opaca
3330 4284 3540 4340 viarum

2191 4383 2509 4456 Corripiunt
2529 4383 2766 4455 spatium
2791 4381 3028 4440 medium
3069 4381 3347 4453 limenque
3376 4379 3675 4451 relinquunt

2190 4477 2434 4546 Flentes,
2461 4487 2517 4534 et
2544 4476 2765 4549 paribus
2786 4476 2931 4533 curis
2960 4475 3189 4547 vestigia
3222 4475 3414 4548 figunt.

2195 4571 2332 4628 Tum
2354 4571 2556 4628 victum
2587 4570 2641 4627 in
2664 4570 2817 4628 silvis
2838 4570 3056 4638 baccas,
3080 4568 3433 4641 lapidosaque
3466 4583 3625 4625 corna

2196 4664 2338 4722 Dant
2367 4664 2528 4733 rami,
2556 4671 2613 4722 et
2641 4663 2813 4743 vulsis
2839 4670 3065 4735 pascunt
3090 4661 3364 4718 radicibus
3386 4662 3589 4720 herbae.

2588 4778 2751 4834 Evam
2777 4778 3036 4851 peperisse
3066 4778 3197 4833 duos
3222 4777 3382 4848 filios.

2266 4899 2479 4955 interea
2509 4910 2763 4970 magnum
2793 4896 2874 4952 sol
2905 4894 3350 4952 circumvolvitur
3385 4909 3605 4963 annum,

2194 4994 2349 5050 Matri
2375 4993 2532 5065 longa
2559 4992 2747 5051 decem
2776 4992 3015 5048 tulerant
3047 4991 3260 5048 fastidia
3304 5005 3540 5059 menses,

2194 5084 2349 5144 Unde
2377 5085 2630 5142 homines
2652 5086 2786 5153 nati,
2810 5085 3003 5141 durum
3026 5099 3221 5156 genus,
3256 5083 3387 5142 inde
3420 5099 3515 5156 per
3540 5090 3697 5139 artem

2193 5179 2345 5236 llaud
2373 5178 2559 5237 herbae
2580 5194 2775 5252 campo
2799 5189 3087 5251 apparent,
3121 5177 3263 5234 haud
3289 5179 3487 5236 arbore
3508 5175 3728 5242 frondes,

2193 5277 2360 5349 inque
2388 5291 2557 5334 novos
2585 5276 2732 5332 soles
2759 5274 2965 5333 audent
2988 5290 3048 5333 se
3077 5274 3323 5349 gramina
3353 5281 3469 5331 tuto

2191 5369 2455 5435 Credere,
2475 5370 2607 5426 etin
2640 5369 2804 5427 lentis
2836 5385 2992 5427 uvam
3023 5370 3315 5427 demittere
3338 5369 3502 5426 ramis
3722 5362 3760 5432 έέ

2193 5461 2511 5531 Instituunt,
2544 5461 2762 5535 udoque
2787 5462 2988 5521 docent
3018 5463 3321 5522 inolescere
3350 5478 3530 5522 succo.

2647 5578 2779 5636 Abel
2805 5597 2836 5635 a
2868 5584 3030 5653 fratre
3059 5582 3333 5638 occiditur.

2262 5695 2415 5752 Tunc
2434 5694 2637 5768 gemini
2669 5695 2864 5753 fratres
2891 5696 3112 5753 adolent
3139 5695 3477 5771 dutn_altaria
3502 5690 3658 5759 tzcdis,

2187 5787 2342 5845 Alter
2364 5797 2420 5844 ct
2440 5788 2665 5846 alterius
2690 5788 2926 5862 prmlato
2958 5789 3151 5846 invidit
3179 5790 3393 5856 honori,

2186 5878 2479 5953 (Horresco
2504 5880 2771 5954 referens)
2798 5881 3272 5956 consanguinitate
3300 5882 3646 5957 propinquum
