4038 6312
229 283 336 344 809

221 396 451 469 Excipit
483 397 787 465 incautum,
812 396 1121 470 patriasque
1159 397 1448 454 obtruncat
1474 399 1541 454 ad
1569 415 1692 456 aras

227 491 521 562 Sanguine
548 491 847 550 foedantem
865 505 1004 562 quos
1025 492 1142 563 ipse
1169 502 1482 550 sacraverat
1510 493 1683 565 ignes.

301 585 435 642 Post
465 587 696 642 occisum
720 586 843 642 Abel
868 586 1008 642 Deus
1039 589 1283 644 irascitur
1310 590 1534 644 humano
1572 591 1766 661 generi.

223 678 383 735 Tunc
409 679 647 736 Genitor
674 683 822 736 virus
849 681 1198 750 serpentibus
1221 681 1424 737 addidit
1443 682 1595 748 atris,

225 771 506 843 Mellaque
529 771 776 830 decussit
807 773 973 842 foliis,
1004 774 1292 846 ignemque
1323 777 1586 840 removit,

221 864 584 938 Praedarique
614 866 771 938 lupos
789 866 971 938 jussit,
1006 877 1339 938 pontumque
1368 869 1593 924 moveri.

219 957 288 1013 Et
314 958 528 1028 passim
553 959 685 1015 rivis
707 959 980 1016 currentia
1009 959 1134 1015 vina
1166 961 1450 1030 repressit.

216 1049 338 1106 Mox
371 1059 435 1106 et
458 1050 750 1108 frumentis
773 1051 928 1108 labor
949 1052 1187 1121 additus,
1219 1062 1278 1108 ut
1308 1053 1447 1108 mala
1477 1053 1690 1111 culmos

217 1143 382 1199 Esset
413 1143 634 1215 rubigo,
664 1153 720 1201 et
741 1144 942 1200 vietum
967 1160 1123 1216 seges
1147 1161 1288 1216 aagra
1319 1157 1560 1216 negaret.

290 1236 454 1294 Tunc
477 1238 689 1309 laqueis
720 1247 942 1310 captare
974 1239 1141 1305 feras,
1170 1249 1225 1297 et
1249 1241 1437 1297 fallere
1467 1240 1617 1298 visco

218 1329 539 1399 Inventum,
571 1339 628 1387 ct
654 1331 806 1387 duris
833 1347 1030 1403 urgens
1057 1333 1110 1388 in
1138 1334 1302 1390 rebus
1327 1344 1543 1404 egestas

213 1420 391 1479 Movit
412 1437 602 1495 agros,
635 1422 783 1480 curis
810 1438 1014 1480 acuens
1037 1425 1290 1481 mortalia
1322 1428 1512 1482 corda.

213 1515 472 1573 Deterior
498 1515 674 1574 donec
699 1517 959 1588 paulatim
990 1517 1214 1574 decolor
1239 1528 1371 1575 aetas
1387 1562 1402 1586 ,

209 1607 423 1666 Ferrea
455 1609 749 1682 progenies
775 1608 978 1666 durum
1002 1619 1167 1682 caput
1196 1611 1389 1667 extulit
1415 1613 1560 1668 arvis
1579 1654 1594 1680 ,

211 1702 281 1758 Et
301 1702 434 1759 belli
465 1702 673 1769 rabies,
701 1711 757 1759 et
784 1718 940 1759 amor
965 1705 1225 1761 successit
1255 1705 1509 1762 habendi.

211 1793 436 1860 Iustitia
459 1794 736 1852 excedens
766 1796 930 1851 terris
958 1797 1184 1868 vestigia
1217 1797 1363 1853 fecit.

211 1887 326 1946 Nec
348 1889 580 1961 longum
610 1889 663 1944 in
692 1889 871 1946 medio
901 1899 1115 1961 tempus
1147 1903 1162 1946 :
1196 1893 1347 1948 furor
1374 1893 1564 1961 iraque
1587 1903 1828 1952 mentem

213 1981 605 2055 Praecipitant,
636 1983 876 2056 gaudent
899 1983 1101 2053 perfusi
1132 1985 1399 2056 sanguine
1429 1985 1678 2043 fratrum.

211 2074 416 2132 Condit
444 2090 583 2148 opes
613 2075 770 2145 alius,
802 2075 1126 2148 defossoque
1155 2075 1378 2134 incubat
1398 2092 1552 2148 auro,

210 2167 323 2227 Nec
353 2168 536 2226 doluit
563 2169 834 2226 miserans
863 2169 1105 2242 in0pem,
1139 2169 1496 2243 dextramque
1538 2171 1790 2229 tetendit.

867 2286 942 2340 De
968 2283 1208 2342 Diluvio.

285 2399 448 2459 Tunc
470 2401 634 2458 Pater
654 2401 1004 2473 omnipotens
1030 2403 1275 2474 graviter
1290 2411 1596 2460 commotus
1622 2403 1692 2460 ab
1718 2403 1830 2460 alto

211 2495 445 2555 :Etbere
473 2513 538 2555 se
564 2497 749 2567 mittit,
783 2498 1032 2555 tellurem
1053 2498 1284 2555 effundit
1312 2499 1362 2554 in
1387 2499 1560 2554 undas

214 2590 434 2647 Diluvio
463 2590 728 2658 miscens,
756 2591 1063 2663 coelumque
1087 2593 1140 2646 in
1171 2601 1376 2648 tartara
1424 2593 1609 2649 solvit.

211 2685 422 2742 Sternit
442 2701 634 2757 agros,
665 2687 863 2742 sternit
893 2695 1012 2742 sata
1037 2686 1192 2755 lzeta',
1229 2685 1504 2757 boumque
1533 2685 1750 2742 labores

217 2777 414 2848 Diluit,
438 2779 745 2851 implentur
766 2779 950 2846 fossae,
983 2786 1039 2835 et
1063 2793 1194 2836 cava
1221 2778 1448 2836 flumina
1473 2788 1750 2836 crescunt.

213 2869 282 2928 Et
307 2886 491 2944 genus
514 2885 680 2930 omne
700 2872 820 2928 neci
848 2871 1114 2942 pecudum
1149 2871 1334 2941 dedit,
1365 2886 1529 2929 omne
1563 2872 1822 2928 ferarum.
1847 2865 1855 2872 â€™

831 2986 949 3043 Noe
976 2996 1222 3043 servatur.

283 3102 428 3161 Tum
456 3102 660 3176 pietate
683 3118 927 3175 gravem,
952 3118 1016 3160 ac
1037 3101 1269 3172 meritis,
1297 3101 1546 3160 mirabile
1567 3102 1748 3159 dictu!

213 3195 328 3265 Qui.
348 3197 456 3252 fuit
485 3197 540 3252 in
571 3197 735 3253 terris
755 3204 811 3253 et
839 3195 1282 3252 servantissimus
1321 3195 1462 3267 aequi
1484 3237 1500 3262 ,

215 3289 436 3362 Eripuit
458 3288 632 3357 letho,
664 3288 829 3345 tantis
859 3289 1212 3362 surgentibus
1239 3286 1430 3358 undis,

214 3383 286 3441 Ut
312 3401 492 3458 genus
512 3383 659 3441 unde
681 3399 835 3440 novae
865 3385 1054 3456 stirpis
1086 3395 1394 3454 revocaret,
1426 3385 1673 3442 haberet.

215 3501 351 3560 Post
381 3502 640 3559 diluvium
667 3500 808 3559 Deus
828 3503 989 3576 legem
1019 3502 1110 3556 dat
1140 3502 1437 3558 hominibus
1456 3501 1671 3559 :Judwi
1691 3500 1825 3558 bello

878 3575 1167 3649 agitantur.

285 3668 509 3726 Diluvio
539 3684 608 3726 ex
630 3667 744 3738 illo,
767 3669 1014 3740 patribus
1041 3669 1136 3724 dat
1161 3670 1282 3736 jura
1311 3669 1518 3724 vocatis

216 3764 612 3838 Omnipotens,
645 3764 965 3834 magnisque
990 3764 1158 3835 agitat
1184 3762 1285 3818 sub
1316 3761 1523 3833 legibus
1550 3776 1747 3816 aevum.

217 3859 364 3928 Quid
391 3875 693 3917 memorem
723 3857 973 3914 infandas
1000 3857 1214 3914 caedes?
1245 3857 1371 3928 quid
1401 3856 1539 3911 facta
1569 3853 1826 3927 tyranni?

214 3952 532 4026 Nesciaque
557 3952 808 4009 humanis
841 3952 1093 4023 precibus
1135 3964 1522 4007 mansuescere
1551 3949 1754 4005 corda?

217 4047 545 4122 Egyptum,
571 4047 826 4117 viresque
851 4044 1110 4112 Orientis,
1141 4052 1197 4101 et
1223 4044 1410 4100 ultima
1443 4041 1608 4110 bella,

218 4141 713 4214 Magnanimosque
742 4139 933 4203 duces,
960 4146 1210 4209 totasque
1232 4153 1297 4193 ex
1326 4135 1517 4192 ordine
1539 4141 1752 4206 gentes,

216 4234 338 4303 Quo
368 4247 533 4290 cursu
560 4231 779 4288 deserta
811 4230 1065 4301 petiverit
1089 4239 1144 4286 et
1174 4230 1348 4286 tribus
1369 4237 1424 4286 et
1453 4243 1585 4300 gens

217 4327 414 4404 Magna
438 4328 622 4384 virum
655 4326 833 4382 meriti
857 4326 990 4382 tanti
1019 4340 1128 4382 non
1157 4327 1444 4382 immemor
1474 4337 1748 4395 umquam.

217 4420 435 4493 Quique
464 4418 784 4477 sacerdotes
815 4418 998 4475 adsint
1025 4418 1212 4475 altaria
1234 4417 1408 4490 juxta,

215 4515 433 4586 Quique
462 4514 540 4587 pii
565 4522 716 4570 vates
743 4528 842 4584 pro
873 4513 1124 4568 libertate
1153 4512 1401 4570 ruebant.

221 4591 326 4679 Qui
353 4608 504 4666 bello
525 4607 688 4664 exciti
707 4622 884 4680 reges,
909 4622 1035 4679 qum
1057 4606 1239 4662 littore
1268 4606 1458 4662 Rubro

217 4701 568 4774 Complerint
588 4715 810 4770 campos
837 4700 1006 4768 acies,
1037 4699 1234 4770 quibus
1261 4699 1464 4754 arserit
1484 4697 1659 4752 armis

219 4793 336 4853 Rex
365 4808 542 4867 genus
567 4792 847 4864 egregium
876 4805 1078 4862 magno
1106 4789 1477 4846 inflammante
1497 4788 1682 4845 furore

181 4950 184 4962 Î¹
221 4891 431 4961 Agmen
454 4900 624 4958 agens
646 4885 914 4956 equitum,
947 4892 1003 4942 et
1028 4884 1288 4940 florentes
1315 4899 1426 4940 aere
1450 4891 1715 4938 catervas.

218 4978 429 5038 Caetera
452 4978 596 5035 facta
630 4985 842 5048 patrum
862 5021 879 5048 ,
904 4985 1252 5050 pugnataque
1278 4976 1331 5032 in
1357 4975 1548 5032 ordine
1579 4975 1715 5032 bella

220 5070 526 5141 Praetereo,
557 5079 724 5142 atque
751 5070 876 5128 aliis
897 5080 1023 5142 post
1060 5085 1146 5127 me
1171 5067 1528 5127 memoranda
1553 5067 1821 5140 relinquo.

750 5206 930 5264 PARS
966 5203 1192 5265 SECUN
1201 5205 1311 5262 DA.

701 5343 769 5382 DE
806 5342 945 5384 NOVO
981 5340 1358 5383 TESTAIENTO.

736 5439 1001 5497 Invocatio
1031 5442 1100 5496 ad
1126 5439 1316 5495 Deum.

222 5558 375 5617 Nune
399 5557 468 5614 ad
501 5566 578 5623 te,
613 5563 670 5611 et
699 5565 811 5624 tua,
845 5572 1040 5628 magne
1067 5556 1250 5626 Pater,
1282 5555 1529 5613 consulta
1557 5564 1823 5612 revertor.

223 5653 395 5725 Maius
419 5665 562 5724 opus
593 5663 810 5716 moveo,
837 5658 1021 5705 vatum
1053 5647 1314 5721 praedicta
1339 5650 1582 5719 priorum

221 5744 554 5818 Aggredior,
585 5741 836 5812 quamvis
864 5741 1081 5814 angusti
1110 5740 1378 5798 terminus
1405 5741 1506 5796 arvi

225 5838 492 5914 Accipiet,
520 5833 778 5892 tentanda
807 5835 896 5891 via
925 5845 1031 5903 est,
1060 5849 1165 5907 qua
1195 5849 1283 5891 me
1305 5848 1520 5907 quoque
1550 5835 1752 5908 possim

520 5932 797 5996 Panos.
847 5927 1026 5991 XIX.

1488 278 1850 343 CENTONES
1887 280 2282 342 VIRGILIAM.

3434 287 3541 350 810

1865 400 1908 459 Î‘
1940 398 2157 455 Tollere
2187 399 2374 468 humo,
2408 410 2460 458 et
2491 416 2685 458 nomen
2715 403 2858 458 fama
2890 410 2970 460 tot
2996 403 3142 462 ferre
3173 419 3267 477 per
3294 421 3503 472 annos,

1943 491 2100 560 Quod
2129 501 2217 547 tua
2246 495 2530 565 progenies
2556 496 2696 552 etelo
2724 495 3008 553 descendit
3034 497 3103 554 ab
3131 498 3242 554 alto
3262 539 3278 566 ,

1943 583 2142 640 Attulit
2167 593 2223 640 et
2263 587 2421 644 nobis
2449 588 2736 660 aliquando
2767 591 3083 660 Optantibus
3111 599 3244 647 aetas

1944 677 2214 733 Auxilium
2246 681 2643 752 adventumque
2671 683 2770 738 Dei
2807 701 2820 737 :
2848 699 2970 739 cum
3003 684 3202 741 femina
3231 688 3464 757 primum

1945 769 2182 842 Virginis
2207 786 2273 828 os
2301 773 2651 846 habitumque
2680 791 2898 848 gerens,
2931 779 3182 834 mirabile
3213 779 3391 836 dictu!

1947 863 2062 920 Nec
2091 866 2308 936 generis
2338 868 2506 922 nostri
2534 883 2786 938 puerum,
2820 885 2919 926 nee
2945 871 3228 942 sanguinis
3257 872 3389 928 edit.

1942 957 2050 1014 Sed
2080 957 2203 1030 quia
2237 959 2478 1016 terrifico
2504 961 2824 1017 cecinerunt
2859 964 3040 1019 omine
3068 975 3221 1020 vates

1939 1051 2258 1107 Adventare
2281 1051 2455 1106 virum
2489 1053 2700 1122 populis
2734 1055 3001 1126 terrisque
3027 1058 3320 1126 superbum

1940 1143 2160 1200 Semine
2188 1143 2256 1199 ab
2287 1144 2559 1212 tethereo,
2591 1145 2679 1216 qui
2711 1145 2922 1203 viribus
2951 1160 3178 1220 occupet
3204 1151 3425 1218 orbein,

1942 1236 2233 1309 Imperium
2269 1239 2510 1307 Oceano,
2546 1238 2742 1294 famam
2775 1240 2864 1310 qui
2897 1242 3154 1296 terminet
3181 1243 3366 1300 astris.

2336 1329 2416 1386 De
2447 1329 2738 1385 Nativitate
2764 1329 2891 1386 Jesu
2927 1330 3138 1388 Clu-isti.

2010 1421 2238 1494 Jamque
2269 1421 2455 1479 aderat
2500 1425 2770 1495 promissa
2815 1424 2955 1492 dies,
2987 1440 3096 1496 quo
3147 1435 3387 1499 tempore
3433 1432 3540 1500 pri-

3016 1586 3025 1598 .
3307 1523 3478 1595 [tnutn

1939 1611 2146 1666 Extulit
2175 1625 2236 1668 os
2267 1625 2480 1667 sacrum
2509 1609 2705 1667 divinae
2736 1611 2924 1684 stirpis
2951 1614 3106 1686 origo

1939 1703 2101 1760 Missa
2134 1704 2236 1761 sub
2265 1703 2514 1774 imperio,
2544 1705 2800 1775 venitque
2826 1705 2877 1760 in
2908 1721 3134 1778 corpore
3166 1710 3340 1765 virtus

1858 1789 1911 1852 B
1939 1795 2093 1854 Mista
2129 1796 2260 1865 Deo,
2291 1797 2457 1852 subiit
2482 1795 2635 1853 chari
2663 1797 2939 1855 Genitoris
2976 1801 3176 1872 imago.

2440 1911 2515 1966 De
2552 1911 2721 1969 Stella
2752 1923 2796 1968 ct
2832 1913 3028 1987 Magis.

2007 2025 2162 2082 Haud
2195 2041 2372 2096 mora,
2407 2027 2672 2082 continuo
2703 2027 2828 2084 coeli
2857 2030 3082 2099 regione
3117 2045 3313 2089 serena

1833 2166 1836 2169 .
1934 2118 2104 2176 Stella
2135 2118 2310 2175 facem
2343 2119 2549 2176 ducens
2580 2136 2775 2191 magna
2806 2139 2928 2178 cum
2956 2124 3078 2180 luce
3107 2125 3338 2182 refulsit.

1934 2210 2222 2282 Agnovere
2252 2212 2419 2268 Deum
2453 2228 2728 2283 proceres,
2774 2217 3065 2289 cunctique
3094 2229 3323 2292 repente

1934 2303 2249 2361 Muneribus
2277 2306 2581 2377 cumulant,
2615 2316 2672 2363 et
2698 2319 2946 2365 sanctum
2977 2313 3128 2369 sidus
3158 2314 3405 2373 adorant.

1934 2395 2070 2453 Tum
2096 2412 2230 2454 vero
2261 2396 2556 2456 manifesta.
2581 2400 2738 2468 ï¬des,
2765 2403 3086 2476 clarumque
3115 2416 3354 2476 paterna:

1931 2490 2140 2548 Nomen
2171 2493 2411 2563 virtutis,
2445 2495 2760 2568 Christique
2791 2513 3088 2568 agnoscere
3117 2503 3327 2558 vultum

1933 2584 2212 2657 Flagrant,
2245 2595 2297 2640 et
2325 2601 2447 2656 quae
2472 2587 2566 2643 det
2591 2588 2759 2644 divini
2789 2591 2940 2662 signa
2975 2593 3223 2651 Decoris.

2255 2703 2498 2756 Metuisse
2527 2702 2793 2758 Herodrm
2825 2716 2949 2761 nato
2981 2705 3209 2767 Christo.

2003 2817 2261 2874 Protinus
2288 2818 2355 2875 ad
2390 2833 2573 2891 regem
2603 2837 2797 2893 magno
2825 2823 3064 2882 clamore
3096 2825 3365 2886 furentem

1932 2909 2100 2965 Fama
2131 2909 2308 2978 volat,
2345 2926 2675 2983 magnasque
2705 2915 2854 2970 acuit
2879 2918 3188 2975 rumoribus
3221 2921 3350 2988 iras,

1931 3003 2287 3076 lneenditque
2318 3006 2556 3060 animum
2576 3047 2591 3073 ,
2620 3008 2918 3077 matrisque
2948 3010 3204 3068 allahitur
3229 3029 3409 3071 aures.

1930 3095 2020 3151 llla
2058 3097 2234 3165 dolos,
2268 3097 2558 3167 dirumque
2590 3097 2740 3154 nefas
2775 3098 2918 3155 haud
2949 3102 3116 3158 inscia
3149 3120 3330 3160 rerum

1851 3188 1898 3251 C
1930 3189 2225 3247 Praasensit
2247 3237 2260 3260 ,
2294 3203 2584 3263 motusque
2609 3194 2823 3265 excepit
2857 3196 3031 3266 prima
3067 3197 3273 3254 futuros

1929 3285 2161 3342 Praescia
2193 3287 2442 3354 venturi,
2472 3285 2656 3341 furtim
2691 3287 2970 3343 mandavit
2999 3289 3276 3358 alendum,

1933 3379 2066 3436 Dum
2095 3395 2243 3436 cura:
2273 3381 2563 3450 ambiguae,
2597 3380 2722 3437 dum
2752 3397 2910 3438 mens
2936 3394 3200 3440 exaestuat
3227 3386 3329 3441 ira.

2293 3494 2527 3551 Herodes
2545 3496 2692 3567 jubet
2719 3497 2888 3552 occidi
2922 3499 3168 3570 infantes.

1999 3609 2068 3665 At
2098 3625 2192 3666 rex
2223 3611 2491 3668 sollicitus
2520 3611 2746 3682 stirpem
2777 3623 2832 3668 et
2861 3627 3034 3685 genus
3064 3627 3228 3670 omne
3259 3614 3500 3672 futurum

1928 3700 2282 3774 Praecipitare
2304 3703 2480 3774 jubet,
2509 3705 2884 3777 subjectisque
2912 3722 3073 3764 urere
3097 3707 3356 3776 flammis,

1929 3792 2094 3849 Multa
2128 3810 2386 3861 movens,
2417 3795 2689 3865 mittitque
2716 3798 2861 3852 viros
2893 3798 2983 3868 qui
3012 3809 3157 3854 certa
3188 3811 3490 3872 reportent.

1930 3883 2083 3939 llaud
2116 3899 2277 3940 secus
2305 3900 2368 3939 ac
2389 3885 2525 3954 jussi
2557 3886 2782 3954 faciunt,
2810 3889 3121 3959 rapidisque
3150 3891 3403 3948 feruntur

1929 3975 2207 4042 Passibus,
2237 3986 2290 4030 et
2318 3975 2529 4045 magnis
2555 3975 2744 4032 urbem
2773 3980 3074 4035 terroribus
3100 3979 3348 4050 implent.

1928 4065 2204 4121 Continuo
2233 4065 2430 4121 audita:
2455 4079 2640 4135 voces,
2675 4067 2886 4138 vagitus
2914 4078 2970 4124 et
2997 4071 3210 4141 ingens,

1930 4155 2310 4226 Infantutnque
2339 4155 2533 4211 animae
2563 4155 2777 4224 flentes,
2811 4169 2936 4214 ante
2964 4175 3062 4214 ora
3094 4172 3378 4230 parentum

1928 4249 2168 4319 Corpora
2203 4257 2450 4305 natorum
2473 4258 2790 4306 sternuntur
2821 4251 3009 4308 limine
3039 4253 3235 4323 primo.

2188 4361 2346 4434 Fugit
2383 4363 2543 4436 Virgo
2575 4381 2696 4419 cum
2721 4365 2835 4435 ï¬lio
2870 4367 2924 4421 in
2956 4366 3272 4441 Aigyptum.

2003 4479 2074 4534 At
2100 4486 2274 4534 mater
2299 4477 2505 4550 gemitu
2529 4495 2635 4534 non
2665 4479 2861 4536 frustra
2890 4482 3155 4540 exterrita
3187 4493 3360 4553 tanto,

1847 4581 1905 4646 Î¹)
1931 4573 2050 4646 Ipsa
2079 4588 2240 4628 manu
2270 4588 2380 4644 pra:
2408 4587 2466 4629 se
2493 4581 2735 4644 portans,
2772 4576 3025 4634 turbante
3057 4579 3308 4650 tumultu,

1930 4669 2221 4735 Infantem,
2256 4668 2466 4740 fugiens
2505 4669 2660 4741 plena
2687 4670 2754 4726 ad
2781 4674 3041 4745 praesepia
3072 4675 3265 4732 tendit.

1931 4763 2033 4820 llic
2059 4771 2244 4820 natum
2273 4766 2484 4835 angusti
2518 4765 2707 4822 subter
2734 4765 2948 4839 fastigia
2979 4770 3108 4826 tecti

1933 4860 2205 4928 Nutrihat,
2236 4861 2439 4917 teneris
2471 4861 2802 4933 immulgens
2828 4862 2998 4918 ubera
3026 4863 3216 4921 labris.

1936 4951 2062 5009 Hac
2091 4953 2187 5008 tibi
2221 4955 2417 5024 prima,
2447 4967 2602 5024 puer,
2633 4953 2857 5011 fundent
2884 4955 3152 5012 cunabula
3180 4955 3364 5026 flores,

1935 5045 2207 5117 Mixtaque
2231 5045 2432 5102 ridenti
2457 5046 2658 5116 passim
2683 5061 2807 5104 cum
2836 5048 3064 5105 baccare
3096 5049 3257 5106 tellus

1931 5138 2077 5196 Molli
2106 5139 2362 5209 paulatim
2392 5139 2663 5198 colocasia
2685 5140 2876 5199 fundet
2901 5141 3153 5199 acantho.

2031 5253 2267 5309 Christus
2296 5255 2528 5326 disputat
2556 5256 2610 5310 in
2645 5257 2837 5327 (erupto
2861 5255 2914 5311 in
2939 5254 3106 5308 medio
3135 5254 3421 5314 seniorum.

2003 5349 2070 5404 Et
2089 5348 2203 5419 jam
2231 5348 2353 5404 finis
2377 5358 2494 5405 erat
2513 5391 2528 5417 ,
2555 5348 2799 5421 perfecto
2827 5348 3087 5419 temporis
3112 5346 3268 5414 orbe,

1934 5439 2004 5497 Ut
2032 5442 2265 5510 primum
2291 5442 2456 5498 cessit
2489 5443 2664 5508 furor,
2697 5447 2753 5497 et
2781 5440 2964 5496 rabida
2997 5453 3092 5496 ora
3119 5437 3417 5508 quierunt,

1935 5534 2076 5589 Ante
2115 5547 2287 5589 annos
2319 5534 2557 5590 animum
2587 5542 2808 5606 gestans
2837 5531 3076 5588 ecelestis
3099 5532 3277 5604 origo.

2332 5647 2598 5703 Mirantur
2637 5660 2811 5699 omnes
2851 5644 3132 5699 Christum.

2010 5741 2114 5798 Per
2151 5739 2358 5798 medias
2405 5740 2567 5798 urbes
2605 5736 2872 5811 graditur,
2917 5735 3260 5810 populosque
3305 5740 3530 5811 propin-

3293 5831 3472 5906 [,quos.

2834 5925 2913 5989 26
