4038 6312
551 315 650 372 811

553 433 708 486 Illum
743 426 918 484 omnis
947 426 1132 487 teetis,
1167 421 1420 490 agrisque
1451 415 1620 472 effusa
1648 415 1906 484 juventus

555 522 811 579 Attonitis
843 519 1056 574 inhians
1085 514 1284 570 animis
1313 517 1628 584 prOSpectat
1656 517 1898 567 euntem,

555 613 847 683 Turbaque
880 611 1109 665 miratttr
1141 613 1398 671 matrum,
1429 601 1553 674 quis
1583 599 1811 671 spiritus
1841 596 1940 660 illi,

553 706 688 775 Quis
714 703 918 769 vultus,
952 702 1171 758 vocisve
1197 708 1390 762 sonus,
1417 695 1503 751 vel
1532 707 1758 766 gressus
1783 689 1933 747 eunti
1959 693 2062 742 est.

858 817 1241 874 Testimonium
1276 805 1501 871 Joannis
1531 813 1594 866 de
1625 808 1850 866 Christo.

628 935 897 990 Continuo
930 941 1114 1002 vates,
1151 943 1387 998 namque
1416 926 1506 982 hic
1540 922 1881 980 certissimus
1911 927 2117 981 auctor,

560 1025 631 1083 Ut
657 1024 846 1096 procul
878 1041 908 1078 a
929 1022 1112 1094 gelido
1143 1030 1418 1077 secretum
1450 1015 1672 1071 flumine
1702 1009 1869 1077 vidit,

553 1119 820 1190 Tempus,
853 1117 949 1182 ait,
980 1117 1147 1183 Deus,
1176 1129 1306 1170 ecce
1335 1112 1497 1173 Deus,
1528 1107 1612 1162 cui
1641 1104 1874 1160 maxima
1901 1115 2081 1157 rerum

550 1210 971 1280 Verborumque
1005 1207 1138 1263 lides
1177 1225 1188 1259 :
1225 1217 1279 1260 tu
1315 1219 1422 1260 non
1451 1201 1559 1256 eris
1590 1200 1729 1253 alter
1759 1197 1826 1251 ab
1856 1195 1970 1259 illo,

551 1303 862 1361 Fortunate
889 1317 1047 1373 puer,
1074 1301 1194 1356 co'li
1223 1300 1307 1355 cui
1335 1297 1515 1352 sidera
1545 1300 1758 1364 parent.

555 1395 652 1454 Sic
677 1395 928 1468 equidem
957 1395 1220 1450 ducebam
1253 1391 1454 1456 animo,
1488 1389 1757 1457 rebarque
1785 1383 2046 1446 futurum,

563 1490 892 1562 Exspectate
921 1490 1097 1556 venis,
1130 1501 1252 1556 spes
1279 1493 1333 1539 et
1355 1481 1544 1537 solatia
1575 1479 1766 1534 nostri.

559 1604 802 1662 Christus
859 1602 1153 1675 baptizatur
1205 1618 1237 1653 α
1290 1599 1512 1675 Joanne,
1554 1604 1607 1675 _et
1666 1593 1898 1665 Spiritus
1945 1599 2155 1646 sanctus

1091 1672 1354 1728 descendit
1383 1671 1446 1725 de
1473 1667 1620 1724 creto.

633 1789 760 1846 Παῖς
791 1789 881 1845 ubi
911 1787 1054 1845 dicta
1082 1786 1269 1854 dedit,
1302 1785 1469 1841 fluvio
1501 1795 1744 1839 mersare
1772 1779 1976 1836 salubri

558 1883 780 1956 Accepit
808 1883 1139 1949 venientem,
1172 1896 1236 1936 ac
1263 1877 1512 1936 mollibus
1538 1875 1734 1958 extulit
1757 1874 1941 1940 undis,

562 1979 958 2048 Exsultantque
984 1977 1145 2044 vada,
1173 1985 1227 2032 et
1257 1974 1437 2031 subito
1461 1980 1730 2030 commota
1763 1968 2014 2026 columba

556 2071 807 2140 Devolat,
841 2080 1001 2142 atque
1030 2086 1193 2141 super
1221 2077 1383 2139 caput
1411 2065 1604 2134 asritit,
1633 2063 1762 2120 inde
1790 2067 2015 2134 repente

555 2165 718 2221 Radit
749 2164 851 2221 iter
881 2153 1166 2236 liquidum,
1200 2163 1408 2220 celeres
1442 2176 1615 2233 neque
1645 2167 1953 2215 commovet
1981 2149 2116 2211 alas.

897 2275 1100 2338 Multos
1131 2282 1416 2354 baptizatos
1443 2297 1560 2334 cum
1590 2276 1815 2333 Christo.

633 2398 746 2454 Huc
769 2397 954 2454 omnis
985 2397 1144 2453 turba
1171 2395 1242 2452 ad
1271 2396 1420 2465 ripas
1446 2393 1617 2451 effusa
1652 2392 1867 2459 ruebat,

555 2491 817 2550 Certatim
842 2492 1025 2562 largos
1055 2489 1304 2546 humeris
1332 2487 1623 2544 infundere
1650 2501 1824 2543 rores.

809 2603 926 2659 νοω
952 2603 1017 2659 de
1046 2604 1174 2658 σωιο
1199 2603 1383 2656 audita
1414 2612 1514 2665 est,
1551 2601 1634 2654 hic
1661 2603 1737 2654 est
1756 2642 1768 2664 ,
1803 2607 1898 2652 etc.

629 2699 780 2754 Tunc
808 2696 1038 2754 Genitor
1067 2705 1252 2752 natttm
1281 2695 1441 2750 dictis
1467 2693 1758 2763 compellat
1778 2693 1968 2746 amicis
1992 2708 2004 2743 :

554 2789 714 2858 Nate,
746 2805 883 2870 mete
913 2791 1081 2856 vires,
1112 2805 1230 2845 mea
1263 2803 1456 2858 magna
1481 2786 1724 2858 potentia
1756 2787 1926 2851 solus,

556 2882 627 2938 Et
657 2881 929 2952 przedulce
952 2880 1122 2937 decus
1151 2895 1406 2951 magnum
1440 2877 1682 2934 rediture
1713 2877 1950 2948 parenti,

554 2976 601 3031 A
631 2984 680 3029 te
708 2973 1054 3045 principium,
1085 2972 1182 3029 tibi
1210 2971 1437 3028 desinit.
1464 2969 1692 3042 Accipe,
1733 2979 1924 3036 testor,

557 3067 603 3124 Ο
628 3083 746 3124 mea
777 3067 1064 3138 progenies
1097 3084 1112 3123 :
1143 3080 1250 3138 qua
1281 3065 1365 3122 sol
1393 3074 1687 3136 utrumque
1715 3077 2013 3121 recurrens

556 3162 767 3232 Aspicit
791 3161 1092 3229 Oceanum,
1125 3160 1370 3233 perfecto
1399 3160 1553 3215 laatus
1582 3157 1792 3214 honore

557 3252 882 3322 Omnia'sub
911 3253 1141 3324 pedibus
1172 3252 1421 3322 vertique
1452 3250 1677 3322 regique
1703 3249 1936 3306 videbis.

557 3345 642 3401 Tu
672 3361 864 3418 regere
895 3345 1127 3416 imperio
1158 3344 1410 3416 pepulos,
1441 3353 1749 3413 matresque
1771 3343 2048 3412 virosque.

554 3438 890 3508 Jampridem
919 3437 1128 3493 resides
1155 3439 1391 3503 animos,
1425 3436 1759 3505 desuetaque
1789 3434 1976 3498 corda,

553 3529 888 3601 Ignarosque
917 3529 1020 3584 vite
1052 3543 1268 3584 mecum
1302 3527 1594 3582 miseratus
1627 3528 1834 3582 inertes

557 3620 889 3695 Aggredere,
921 3629 978 3677 et
1008 3621 1145 3678 votis
1169 3619 1282 3689 jam
1316 3634 1457 3674 nunc
1487 3630 1742 3673 assuesce
1769 3619 1975 3673 vocari.

557 3717 799 3782 Dixerat,
827 3715 920 3771 ille
950 3715 1122 3786 patris
1153 3714 1331 3785 magni
1365 3727 1559 3782 parere
1585 3712 1816 3783 parabat

562 3809 836 3880 Imperiis,
863 3810 1077 3864 instans
1103 3809 1277 3879 operi,
1312 3808 1601 3879 regnisque
1633 3806 1848 3863 futuris.

554 3902 675 3958 Heu
703 3901 900 3974 pietas,
927 3901 1036 3958 ben
1065 3903 1241 3972 prisca
1269 3901 1404 3956 lides
1422 3944 1436 3967 ,
1466 3914 1600 3972 quas
1636 3901 1817 3956 dicere
1838 3910 2022 3971 grates

555 3993 861 4065 Incipiam?
892 3995 937 4050 si
963 4007 1130 4066 parva
1159 3995 1286 4050 licet
1311 4007 1640 4064 componere
1667 3993 1902 4063 magnis.

553 4085 666 4142 Nec
695 4086 825 4141 mihi
849 4087 964 4157 jam
999 4084 1226 4154 patriam
1259 4085 1540 4155 antiquam
1569 4096 1698 4154 Spes
1726 4083 1832 4138 ulla
1867 4082 2120 4147 videndi,

554 4180 666 4238 Nec
691 4191 814 4252 spes
845 4179 1112 4236 libertatis
1137 4188 1275 4247 erat,
1309 4192 1409 4234 nec
1442 4193 1570 4234 cura
1601 4179 1810 4233 salutis.

850 4290 1040 4348 Omnia
1065 4292 1255 4359 rident,
1285 4291 1586 4346 adveniente
1616 4289 1864 4346 Domino.

625 4408 724 4464 llic
756 4406 889 4463 mihi
917 4419 1240 4478 responsum
1273 4407 1480 4478 primus
1511 4407 1663 4464 dedit
1687 4408 1778 4464 ille
1803 4407 2045 4479 petenti,

551 4503 876 4560 Concretam
901 4504 1111 4560 exemit
1137 4503 1337 4572 labem,
1366 4517 1670 4574 purumque
1691 4502 1916 4574 reliquit

1778 291 1938 352 VAL.
1983 281 2352 346 FALTONltE
2394 278 2645 337 ΡΗΟΒᾸΞ
3731 256 3823 315 ﬁli

2182 407 2237 467 Α
2261 401 2540 465 Substitit,
2573 393 2957 462 infremuitque
2988 389 3162 453 ferox,
3192 387 3444 452 uictuque
3466 384 3729 451 potentem

2260 498 2488 554 Saucius
2516 510 2581 549 ac
2611 505 2838 562 serpens
2865 487 3062 542 aﬂ'atur
3093 499 3226 539 voce
3255 481 3483 552 superba
3513 494 3527 531 :

2260 593 2472 648 Verane
2502 602 2553 643 te
2582 585 2779 642 facies?
2809 597 2972 638 verus
2999 578 3132 634 mihi
3166 575 3385 632 nuntius
3414 569 3608 628 affers?

2257 685 2358 752 Qui
2379 683 2585 755 genus?
2613 679 2754 735 unde
2773 675 2972 732 domo?
2999 673 3090 744 qui
3117 681 3302 726 neStra
3331 667 3397 722 ad
3422 665 3608 720 limina
3629 660 3824 718 tendis?

2260 779 2300 833 F
2306 794 2424 843 are,
2456 789 2577 844 age,
2609 771 2739 844 quid
2765 769 2970 830 venias,
3003 780 3127 820 nam
3156 773 3206 816 te
3230 763 3362 816 dare
3383 759 3505 828 jura
3534 756 3823 835 loquuntur.

2259 875 2367 927 Aut
2396 869 2518 940 quis
2551 879 2603 922 te
2629 867 2916 936 iuvenum,
2944 855 3439 917 conﬁdentissime,
3471 862 3680 907 noetras

2260 964 2431 1021 Iussit
2459 962 2612 1016 adire
2640 959 2868 1015 domos?
2898 955 3124 1025 pacique
3154 953 3431 1020 imponere
3458 946 3687 1002 morem?

2262 1059 2378 1115 Non
2409 1056 2659 1127 equidem
2691 1052 2929 1118 invideo,
2967 1049 3137 1104 miror
3160 1045 3352 1116 magis,
3385 1042 3567 1112 accipe
3596 1054 3766 1111 porro,

2259 1151 2396 1222 Quid
2429 1149 2694 1209 dubitem,
2725 1156 2780 1202 et
2805 1161 2928 1216 quae
2960 1157 3103 1198 nunc
3131 1141 3314 1193 animo
3344 1133 3608 1191 sententia
3643 1138 3824 1203 surgat.

2262 1245 2362 1300 Est
2385 1243 2582 1297 domus
2611 1241 2742 1306 alia,
2778 1254 2908 1292 voca
2936 1238 3232 1305 zephyros,
3264 1239 3319 1284 et
3350 1228 3533 1283 labere
3558 1223 3741 1295 pennis

2260 1336 2440 1393 Ardua
2474 1344 2615 1390 tecta
2652 1341 2840 1401 petens
2870 1342 3033 1384 ausus
3066 1336 3119 1382 te
3144 1323 3369 1380 credere
3398 1321 3567 1387 ctelo,

2261 1430 2320 1487 Si
2372 1427 2557 1498 modo,
2611 1441 2770 1498 quem
2821 1437 3114 1485 memoras,
3175 1427 3325 1484 pater
3374 1424 3486 1476 est.
3541 1411 3625 1468 cui
3673 1409 3826 1466 sidera

3613 1505 3622 1570 |
3643 1511 3822 1574 parent.

2620 1589 2856 1647 Christus
2895 1587 3158 1642 diabolum
3196 1582 3502 1651 alloquitur.

2223 1659 2265 1728 ί
2333 1708 2440 1765 Olli
2474 1706 2770 1763 subridens
2801 1702 2993 1760 sedato
3023 1711 3250 1773 pectore
3282 1697 3448 1761 fatur,

2189 1788 2238 1852 Β
2267 1802 2420 1858 Ilaud
2453 1811 2636 1856 vatum
2670 1799 2925 1870 ignarus,
2952 1793 3280 1863 venturique
3309 1787 3512 1844 inscius
3538 1785 3632 1842 aevi
3661 1801 3673 1836 :

2272 1895 2624 1951 Dissimulare
2654 1892 2818 1948 etiam
2847 1888 3104 1960 sperasti,
3135 1883 3342 1956 pertide
3366 1879 3624 1951 serpens?

2269 1989 2378 2044 Nec
2409 1987 2648 2051 dubites,
2678 2000 2800 2040 nam
2825 1999 2952 2038 vera
2978 1981 3165 2036 vides:
3192 1987 3321 2048 opta
3348 1975 3515 2032 ardua
3543 1972 3722 2045 pennis

2268 2081 2428 2136 Astra
2460 2081 2634 2150 sequi,
2664 2080 3018 2148 clausumque
3043 2089 3172 2128 eava
3198 2081 3251 2126 te
3279 2069 3519 2127 condere
3549 2077 3704 2122 terra.

2267 2173 2402 2239 Quo,
2433 2172 2700 2242 periture,
2733 2169 2882 2225 ruis?
2915 2167 3229 2237 tnajoraque
3255 2163 3462 2218 viribus
3491 2158 3684 2216 audes?

2266 2265 2410 2322 Cede
2439 2265 2571 2329 Deo,
2608 2274 2719 2318 toto
2753 2261 3024 2332 proiectus
3054 2271 3288 2330 corpore
3323 2264 3500 2310 [θη-εξ.

2631 2379 2881 2434 Diabolus
2903 2377 3036 2450 fugit
3067 2374 3247 2430 audito
3276 2371 3501 2428 Christo.

2343 2496 2453 2551 Nec
2485 2498 2637 2566 plura
2671 2495 2755 2548 bis
2779 2511 2792 2548 :
2824 2493 2913 2548 ille
2941 2489 3220 2546 admirans
3241 2484 3555 2544 venerabile
3581 2483 3764 2538 donum

2178 2617 2190 2656 μ
2267 2591 2470 2647 Fronte
2499 2589 2695 2659 premit
2724 2598 2945 2652 terram,
2983 2594 3040 2640 et
3066 2595 3290 2655 spumas
3313 2579 3426 2650 agit
3449 2592 3544 2633 ore
3569 2583 3791 2634 cruento,

2265 2686 2673 2751 Contentusque
2703 2680 2829 2750 fuga
2860 2678 3024 2734 crocis
3048 2692 3108 2732 se
3133 2672 3380 2730 condidit
3412 2670 3638 2726 umbris.

2268 2797 2551 2852 Dominum
2573 2793 2784 2866 elegisse
2805 2790 3111 2861 discipulos,
3135 2796 3184 2842 et
3205 2786 3378 2842 statim
3397 2791 3593 2838 secutos
3614 2775 3818 2851 populos.

2340 2893 2550 2951 interea
2583 2907 2803 2964 magnas
2833 2889 3064 2946 volitans
3089 2889 3130 2943 lt
3159 2887 3304 2941 fama
3335 2899 3432 2955 per
3462 2883 3637 2945 urbes,

2265 2993 2587 3047 Convenere
2618 2987 2740 3052 viri,
2773 2999 2928 3041 mens
2951 2982 3208 3040 omnibus
3235 2994 3340 3036 una
3370 2975 3624 3049 sequendi

2264 3086 2322 3141 In
2352 3096 2724 3154 quascumque
2749 3079 2877 3134 velit
2905 3077 3096 3148 pelago
3123 3074 3395 3131 deducere
3428 3082 3615 3126 terras.

2187 3189 2236 3254 (ζ
2279 3177 2430 3234 Multi
2460 3185 2744 3246 prarterea,
2769 3187 2909 3243 quos
2935 3171 3081 3226 fama
3106 3170 3340 3226 obscura
3369 3163 3636 3225 recondit,

2266 3269 2611 3327 Concurrunt
2644 3266 2860 3322 fremitu
2889 3263 3084 3327 denso,
3115 3261 3428 3333 stipantque
3459 3259 3758 3326 frequentes,

2267 3364 2665 3434 Exsultantque
2692 3359 2892 3416 animis
2923 3377 2934 3412 :
2968 3357 3206 3414 medium
3237 3369 3363 3410 nam
3387 3350 3612 3424 plurima
3641 3344 3772 3402 turba

2267 3458 2423 3513 Hune
2455 3456 2638 3521 habet,
2663 3464 2825 3525 atque
2854 3451 3096 3508 humeris
3127 3457 3430 3505 exstantem
3460 3441 3673 3512 suscipit
3696 3435 3815 3492 altis.

2265 3551 2412 3620 Quos
2445 3550 2538 3605 ubi
2569 3554 2854 3603 consertes
2881 3542 3085 3600 audere
3109 3542 3162 3596 in
3195 3540 3383 3612 praelia
3414 3533 3575 3603 vidit,

2267 3643 2484 3714 Incipit,
2528 3651 2582 3697 et
2607 3639 2768 3695 dictis
2795 3638 3036 3693 divinum
3068 3635 3562 3706 inspirataniorem
3589 3646 3600 3682 :

2265 3737 2472 3792 Discite
2490 3733 2754 3806 justitiam
2797 3729 3011 3795 moniti,
3040 3737 3096 3785 et
3122 3725 3426 3782 succurrite
3456 3719 3606 3777 fessis

2266 3829 2372 3884 Pro
2403 3842 2463 3884 se
2486 3827 2736 3898 quisque,
2779 3823 2901 3888 viri,
2939 3836 3061 3893 quae
3086 3820 3284 3890 cuique
3308 3825 3392 3872 est
3421 3813 3588 3885 copia,
3619 3807 3730 3871 lu‘ti,

2267 3926 2738 3993 Communemque
2775 3927 2966 3975 vocate
2997 3916 3191 3982 Deum,
3226 3912 3449 3968 meliora
3479 3917 3757 3978 sequamur,

2264 4018 2492 4088 Quoque
2523 4022 2701 4083 vocat,
2735 4023 3010 4070 vertamus
3043 4009 3172 4074 iter,
3207 4009 3292 4062 via
3321 4007 3494 4076 prima
3524 3997 3697 4057 salutis

2263 4113 2592 4168 Intemerata
2625 4109 2790 4172 fides,
2819 4115 2876 4162 et
2907 4119 3062 4161 mens
3085 4102 3189 4159 sibi
3223 4099 3438 4157 conscia
3474 4094 3599 4152 recti
3627 4111 3638 4147 :

2269 4204 2434 4260 Vobis
2466 4209 2620 4274 parta
2647 4200 2803 4272 quies
2829 4199 3077 4270 perfecto
3108 4194 3367 4264 temporis
3397 4191 3546 4247 orbe.

2265 4296 2400 4353 Nam
2427 4298 2520 4368 qui
2550 4295 2755 4352 divitiis
2780 4292 2887 4349 soli
2915 4290 3216 4348 incubuere
3245 4287 3507 4358 repertis,

2266 4388 2377 4444 Nec
2406 4399 2614 4456 partem
2649 4400 2882 4456 posuere
2905 4383 3041 4450 suis,
3073 4382 3200 4436 dum
3238 4381 3347 4435 vita
3380 4384 3634 4437 maneret,

2267 4481 2588 4536 Pulsatusve
2618 4494 2838 4550 parens,
2869 4487 2922 4533 et
2952 4477 3100 4532 fraus
3126 4476 3322 4530 innexa
3350 4471 3535 4528 clienti
3560 4512 3572 4538 ,

555 4595 878 4651 Aitbcrenm
903 4609 1149 4662 sensum,
1177 4565 1448 4666 τηεφέέξη
1478 4565 1598 4652 πιεὲ
1627 4611 1796 4667 regna
1815 4565 2062 4652 'remisil.
2185 4576 2241 4638 D
2263 4570 2419 4629 Tunc
2445 4588 2567 4629 cum
2602 4571 2791 4641 frigida
2823 4586 2968 4626 mors
2994 4569 3173 4655 anima
3199 4565 3484 4623 seduxerit
3512 4568 3665 4625 artus,

553 4686 710 4744 Illum
743 4701 845 4757 ego
866 4697 964 4757 per
985 4685 1260 4754 flammas,
1289 4701 1508 4758 agerem
1536 4687 1580 4743 si
1609 4688 1849 4760 syrtibus
1877 4689 2066 4757 exsul,

551 4782 658 4838 Per
689 4782 868 4836 varios
899 4793 1079 4848 casus,
1113 4793 1211 4851 per
1239 4780 1388 4836 mille
1413 4783 1696 4852 sequentia
1729 4783 1859 4850 tela,

550 4874 672 4942 Quo
695 4887 781 4928 res
800 4887 1035 4944 cumque
1065 4872 1298 4936 cadant,
1329 4886 1496 4928 unum
1523 4885 1624 4944 pro
1649 4888 1872 4928 munere
1900 4883 2054 4929 tanto

548 4969 914 5038 Exsequerer,
941 4973 1322 5035 strueremque
1344 4966 1460 5020 suis
1487 4965 1678 5021 altaria
1706 4965 1884 5023 donis.

545 5061 720 5132 Hujus
750 5060 805 5116 in
837 5059 1073 5116 adventu
1101 5067 1380 5113 tantarum
1407 5072 1628 5114 munera
1659 5058 1877 5115 laudum

544 5154 654 5223 Ipsi
682 5152 868 5207 laetitia
891 5161 1057 5208 voces
1088 5149 1154 5205 ad
1181 5149 1360 5205 sidera
1380 5147 1591 5220 iactant

546 5243 751 5300 Intonsi
778 5251 1011 5299 arentes.
1037 5239 1393 5311 Respondent
1421 5241 1604 5296 omnia
1631 5242 1817 5298 valles.

1075 5355 1329 5411 Tentatur
1351 5351 1609 5410 Christus.

617 5450 888 5520 Tempore
917 5463 1024 5505 non
1052 5450 1162 5503 alio
1193 5462 1446 5519 magnum
1467 5456 1524 5503 et
1553 5450 1906 5508 mentorabile
1936 5465 2138 5510 nomen

543 5545 832 5616 Serpentis
859 5545 1053 5601 furiale
1083 5545 1285 5600 malum
1315 5543 1632 5601 meminisse
1661 5557 1884 5604 necesse
1917 5560 2021 5605 est.

537 5639 716 5694 Ausus
740 5638 868 5708 quin
900 5638 1088 5706 etiam,
1119 5637 1260 5692 fama
1290 5647 1374 5692 est
1407 5637 1693 5692 obscurior
1717 5641 1895 5703 annis,

535 5729 883 5800 Compellare
911 5729 1113 5799 virum,
1142 5738 1200 5785 et
1232 5728 1485 5784 veniendi
1518 5741 1745 5797 poscere
1767 5745 1978 5788 causas.

538 5817 693 5878 Hunc
720 5819 813 5877 ubi
846 5818 1154 5876 tendentem
1185 5818 1474 5876 adversum
1505 5833 1600 5892 per
1628 5820 1870 5892 gramina
1903 5823 2071 5896 vidit,

2266 4664 2464 4720 lnclusi
2495 4678 2710 4735 ptenam
2741 4649 3078 4732 exspectant,
3107 4675 3227 4730 qua:
3255 4659 3488 4714 maxima
3518 4656 3658 4711 turba
3680 4653 3764 4711 est,

2269 4757 2608 4828 lnlernisque
2636 4756 2744 4813 ciet
2774 4754 3036 4819 tenebris,
3069 4765 3431 4822 veterumque
3461 4746 3704 4804 malorum

2267 4851 2542 4922 Supplicia
2570 4849 2913 4920 expendunt,
2944 4848 3062 4902 aliis
3088 4847 3189 4902 sub
3213 4845 3428 4917 gurgite
3457 4851 3602 4898 vasto

2269 4945 2526 5001 Infectum
2559 4944 2756 4998 eluitur
2784 4943 2997 5010 scelus,
3031 4949 3126 4996 aut
3161 4939 3415 4995 exuritur
3446 4934 3570 5007 igni.

2243 5037 2539 5095 'Turbidus
2567 5037 2658 5092 hic
2687 5052 2874 5105 coeno,
2909 5045 3172 5106 vastaque
3200 5034 3458 5104 voragine
3485 5040 3662 5102 gurges

2260 5130 2498 5197 jEstuat,
2533 5140 2696 5202 atque
2723 5144 2939 5185 omnem
2971 5139 3167 5198 cocyto
3197 5133 3407 5181 eructat
3434 5133 3656 5178 arenam.

2259 5224 2398 5281 Hinc
2425 5223 2670 5280 exaudiri
2701 5227 2959 5295 gemitus,
2992 5232 3048 5278 et
3075 5233 3219 5277 smva
3249 5235 3444 5277 sonare

2256 5319 2523 5386 Verbera,
2553 5330 2664 5375 tum
2695 5319 2899 5375 stridor
2927 5317 3079 5388 ferri,
3114 5326 3414 5387 tractaeque
3441 5321 3631 5370 catena:

2251 5411 2506 5482 Semper,
2536 5420 2592 5467 et
2619 5411 2844 5468 obtenta
2871 5411 3172 5467 densentur
3209 5417 3373 5466 nocte
3405 5405 3646 5464 tenebrat.

2615 5525 2952 5598 Prwcipitur,
2981 5541 3044 5581 ne
3071 5524 3310 5579 colantur
3337 5524 3492 5578 idola.

2323 5642 2595 5696 Praeterea
2627 5657 2747 5711 quae
2781 5640 2962 5697 dicam
2997 5638 3196 5695 animis
3221 5635 3490 5695 advertite
3517 5625 3719 5701 vestris:

2247 5734 2366 5790 Non
2394 5750 2495 5805 ego
2528 5749 2623 5790 vos
2651 5735 2882 5805 posthac
2904 5736 3062 5791 casis
3089 5734 3162 5792 de
3183 5747 3340 5791 more
3362 5727 3598 5804 iuvencis

2245 5826 2548 5900 Relligiono
2579 5837 2815 5901 patrum,
2845 5827 3054 5887 truncis
3087 5834 3148 5886 es
3171 5825 3376 5886 robore
3403 5831 3570 5888 natea.
