4038 6312
222 412 504 470 Mortalive
535 428 706 474 manu
737 417 946 490 efﬁgies
973 459 988 487 ,
1019 432 1122 476 nec
1151 422 1348 491 templa
1374 422 1600 478 deorum

219 507 425 565 Audire
446 550 462 576 ,
484 519 543 565 et
564 524 827 583 repetens
866 514 1170 584 iterumque
1208 515 1513 587 iterumque
1542 517 1778 573 monebo
1804 534 1816 570 :

218 601 328 659 Sed
360 605 590 674 periisse
621 608 793 664 semel
822 608 954 664 satis
983 617 1087 680 est,
1114 620 1407 682 natumque
1434 622 1749 684 patremque

221 693 491 752 Profuerit
522 699 842 755 meminisse
865 703 1056 773 magis,
1084 704 1128 757 si
1155 704 1385 760 credere
1421 706 1640 777 dignum
1677 718 1780 763 est.

217 788 328 846 Sed
351 790 488 862 fugit
518 793 729 850 interea
755 839 769 863 ,
804 795 933 868 fugit
962 797 1323 856 irrevocabile
1349 808 1562 872 tempus
1585 842 1600 869 ,

217 884 706 961 Flammarumque
732 891 871 959 dies,
903 898 957 947 et
978 893 1063 950 vis
1086 893 1304 950 inimica
1325 896 1672 967 propinquat.

728 1007 806 1064 De
830 1008 1045 1064 Iudicio
1074 1019 1309 1067 venturo.

290 1121 553 1177 Attonitis
583 1121 791 1181 [msere
816 1125 1015 1181 animis
1039 1143 1054 1183 :
1082 1143 1184 1185 nec
1208 1128 1362 1199 plura
1391 1139 1635 1187 moratus

213 1215 313 1273 Hic
341 1217 490 1274 aliud
515 1218 694 1290 majus
715 1220 930 1277 miseris
952 1221 1275 1279 mortalibus
1299 1222 1458 1295 :egris

211 1309 484 1367 Iudicium
515 1313 684 1380 canit,
712 1326 767 1371 et
796 1318 979 1373 tristes
1006 1316 1292 1374 denuntiat
1318 1319 1450 1386 iras,

212 1402 522 1461 Venturum
554 1406 850 1476 excidium,
887 1419 1039 1467 vasta
1061 1412 1317 1468 convulsa
1344 1413 1499 1468 ruina

205 1496 401 1555 Omnia
435 1509 569 1557 tunc
595 1502 799 1573 pariter
828 1504 994 1562 rutilo
1021 1506 1302 1563 miscerier
1331 1507 1471 1579 igni,

202 1593 575 1669 Palantesque
604 1599 732 1671 polo
762 1601 971 1670 stellas,
1003 1602 1237 1675 coelique
1263 1603 1495 1659 ruinam.

200 1685 359 1745 Tunc
385 1703 522 1746 vero
551 1691 868 1749 tremefacta
891 1708 1063 1751 novus
1093 1708 1191 1766 per
1210 1704 1430 1766 pectora
1458 1697 1666 1754 cunctis

198 1780 448 1840 lnsinuat
478 1798 672 1857 pavor,
705 1794 761 1843 et
787 1788 933 1843 taciti
959 1797 1183 1846 ventura
1214 1788 1495 1846 videbant.

205 1896 345 1965 Quid
374 1897 477 1953 sibi
503 1899 802 1971 faciendum
823 1903 985 1977 foret,
1016 1913 1078 1977 ut
1112 1904 1273 1977 vitam
1296 1916 1542 1962 aeternam
1574 1908 1800 1977 posside-

585 1981 695 2042 ret,
729 1974 875 2044 petiit
895 1976 1106 2046 quidam
1129 1993 1160 2030 a
1191 1975 1433 2035 Domino.

270 2088 404 2148 Haec
425 2106 598 2162 super
627 2092 863 2150 adventu
897 2112 1019 2152 cum
1051 2097 1193 2153 dicta
1232 2097 1500 2157 horrenda
1523 2112 1770 2159 moneret
1790 2144 1804 2165 .

199 2182 305 2241 Ora
337 2200 475 2256 puer
499 2188 677 2256 prima
704 2188 925 2259 signans
947 2191 1158 2249 intonsa
1189 2191 1408 2262 juventa
1426 2236 1441 2259 ,

200 2276 367 2335 Dives
393 2294 605 2350 opum,
637 2280 830 2336 studiis
857 2280 1060 2339 florens
1092 2284 1344 2356 ignobilis
1371 2285 1444 2341 oti
1469 2304 1485 2351 ;

198 2373 453 2446 Quinque
482 2388 683 2445 greges
715 2375 793 2431 illi
824 2376 1129 2446 balantum,
1161 2387 1217 2434 et
1240 2379 1366 2435 bina
1392 2380 1640 2438 redibant

1493 302 1856 364 CENTONES
1894 300 2287 367 VIRGILIANI.

1820 453 1827 455 μ
1844 427 1892 484 Α
1923 419 2339 479 Horrescitvisu
2368 426 2546 484 subito
2573 446 2586 485 :
2617 429 2974 505 insonuitque
3000 434 3248 508 ﬂagello,

3415 330 3521 389 ΒΗ

1923 511 2310 585 Signilicatque
2338 533 2520 588 manu,
2550 530 2607 577 et
2634 537 2830 595 magno
2856 527 3019 582 simul
3044 530 3255 586 intonat
3281 547 3408 587 ore:

1923 601 2058 667 Quae
2085 606 2355 661 scelerum
2380 608 2566 679 facies,
2597 623 2783 682 quaeve
2814 631 2925 672 tera
2963 621 3213 677 micantia
3243 637 3441 693 cerno,

1921 694 2159 751 Caesaris
2189 708 2245 754 et
2269 717 2463 757 nomen
2488 704 2511 756 ?
2532 721 2654 775 quae
2684 719 2919 766 mentem
2954 712 3158 770 insania
3189 728 3360 772 mutat
3388 720 3411 773 ?

1922 787 2020 844 Hae
2046 791 2202 846 nobis
2235 797 2465 864 propria:
2493 798 2649 855 sedes
2672 845 2687 869 ,
2725 802 2812 859 hic
2845 814 3091 876 tempore
3115 820 3268 865 certo

1921 879 2202 955 Perpetuis
2229 887 2379 944 soliti
2402 899 2618 960 .patrum
2648 897 2936 954 considere
2972 903 3194 958 mensis.

1920 975 2267 1049 Obstupuere
2285 982 2506 1052 animis,
2527 985 2845 1060 gelidusque
2871 1006 2968 1062 per
2987 993 3097 1050 ima
3124 1001 3374 1055 cucurrit

1921 1064 2057 1123 Ossa
2092 1078 2317 1136 tremor,
2346 1088 2671 1146 mensasque
2700 1088 2846 1136 metu
2873 1082 3079 1153 liquere
3101 1087 3333 1155 priores.

2262 1184 2523 1258 Discipuli
2549 1191 2910 1262 periclitantur
2936 1196 2990 1251 in
3014 1201 3169 1253 mari.

1992 1295 2124 1351 inde
2151 1299 2240 1357 ubi
2269 1301 2440 1370 prima
2473 1302 2607 1358 fides
2638 1305 2853 1378 pelago,
2889 1312 3175 1383 tranquilla
3208 1328 3303 1384 per
3336 1315 3439 1372 alta

1917 1386 2205 1446 Dcducunt
2236 1395 2370 1450 socii
2398 1411 2588 1462 naves,
2621 1406 2785 1468 atque
2812 1411 2930 1457 arte
2958 1405 3215 1476 magistra
3240 1448 3256 1475 ,

1916 1481 2014 1538 Hic
2044 1484 2183 1541 alius
2213 1485 2377 1544 funda
2411 1490 2576 1545 latum
2610 1497 3018 1553 transverberat
3047 1514 3262 1558 amnem

1914 1575 2037 1632 Alta
2068 1587 2282 1647 petens,
2314 1582 2612 1655 pelagoque
2642 1586 2781 1643 alius
2812 1588 2975 1645 trahit
3015 1591 3233 1649 httmida
3266 1594 3393 1650 lina.

1916 1667 2210 1741 Postquam
2240 1672 2406 1728 altum
2435 1687 2660 1732 tenuere
2682 1688 2850 1747 rates,
2877 1696 2976 1738 nec
3001 1682 3111 1753 jam
3135 1686 3367 1756 amplius
3393 1688 3511 1742 ullae

1915 1761 2224 1821 Occurrunt
2257 1777 2438 1837 tcrrrc,
2465 1770 2672 1828 crebris
2696 1775 2862 1829 micat
2888 1774 3103 1848 ignibus
3131 1778 3330 1847 aether,

1836 1824 1884 1883 Β
1912 1856 2166 1928 Eripiunt
2189 1861 2371 1916 subito
2395 1824 3171 1940 n'ubescmlum'que'diemque
3196 1891 3209 1926 :

1911 1945 2259 2021 Consurgunt
2302 1953 2475 2023 venti,
2508 1967 2557 2010 et
2581 1955 2777 2013 ﬂuctus
2805 1958 2871 2014 ad
2902 1959 3079 2019 sidera
3113 1964 3326 2020 tollunt.

1912 2047 1977 2100 At
2009 2048 2170 2102 sociis
2198 2048 2374 2104 subita
2406 2050 2616 2123 gelidus
2646 2051 2939 2112 formidine
2970 2059 3191 2131 sanguis

1914 2144 2165 2219 Diriguit,
2193 2149 2442 2207 cecidere
2469 2154 2660 2223 animi,
2696 2158 2985 2228 cunctique
3008 2169 3231 2230 repente

1910 2240 2138 2296 Portum
2163 2242 2513 2313 aspectabant
2548 2247 2763 2319 ﬂentes,
2797 2264 2902 2306 vox
2929 2255 3182 2311 omnibus
3212 2271 3346 2326 una,

1910 2332 2183 2406 Spemque
2214 2349 2529 2408 metumque
2558 2340 2701 2396 inter
2724 2341 2894 2413 dubii,
2922 2359 3017 2400 seu
3049 2348 3232 2405 vivere
3252 2351 3471 2405 eredant
3492 2394 3507 2417 ,

1912 2424 2043 2482 Sive
2066 2438 2307 2482 extrema
2340 2430 2469 2500 pali,
2504 2431 2637 2487 lethi
2663 2432 2977 2492 discrimine
3010 2446 3176 2508 parvo
3198 2486 3211 2509 ,

198 2466 463 2523 Armenta
498 2476 558 2524 et
581 2467 816 2539 dapibus
846 2485 1064 2526 mensas
1095 2473 1358 2529 onerabat
1382 2474 1600 2543 opimis.

197 2559 474 2618 Continuo
507 2560 718 2631 palmas
749 2563 959 2620 alacres
990 2573 1248 2636 utrasque
1270 2566 1518 2633 tetendit,

197 2652 269 2710 Et
290 2670 474 2727 genua
507 2657 867 2726 amplectens,
893 2659 971 2715 sic
1001 2674 1094 2714 ore
1126 2658 1319 2715 allatus
1344 2660 1519 2719 amico
1541 2672 1658 2718 est:

196 2746 241 2804 O
269 2747 437 2811 Deus,
470 2763 507 2803 ο
533 2748 693 2804 famrc
725 2751 920 2806 merito
944 2765 1072 2822 pars
1093 2752 1325 2808 maxima
1355 2764 1552 2810 nostrae
1575 2797 1590 2820 ,

195 2838 276 2896 Ad
305 2852 357 2897 te
387 2841 675 2912 confugio,
707 2851 761 2897 et
787 2844 1018 2916 supplex
1050 2853 1138 2899 tua
1169 2847 1388 2901 numina
1417 2861 1582 2916 posco
1610 2868 1621 2900 :

197 2931 389 2989 Omnia
424 2933 634 3005 perfeci
658 2943 822 3007 atque
846 2937 1029 2991 animo
1058 2952 1269 2994 mecum
1294 2949 1421 2994 ante
1449 2941 1651 3010 peregi.

195 3024 365 3095 Eripe
393 3043 484 3081 me
517 3027 626 3095 bis,
662 3029 880 3098 invicte,
914 3030 1100 3096 malis;
1133 3028 1261 3101 quid
1288 3030 1524 3102 denique
1553 3042 1751 3098 resrat,

195 3118 409 3188 Quidve
430 3133 673 3192 sequens
700 3129 879 3177 tantos
910 3124 1115 3193 possim
1143 3136 1405 3194 superare
1432 3124 1653 3181 labores
1676 3125 1700 3180 τ

196 3211 402 3285 Accipe
426 3212 611 3284 daque
639 3213 801 3271 ﬁdem
822 3260 837 3281 ,
865 3216 995 3272 mihi
1025 3218 1172 3287 jussu
1203 3231 1495 3288 capessere
1520 3217 1603 3274 fas
1630 3228 1736 3276 est.

659 3307 948 3381 Respondit
983 3314 1034 3365 ei
1077 3309 1355 3369 Dominus.

268 3407 456 3495 Atque
484 3423 611 3478 huic
642 3438 960 3496 responsum
992 3429 1180 3498 paucis
1222 3429 1292 3487 ita
1337 3428 1576 3489 reddidit
1604 3432 1805 3489 heros:

197 3518 244 3578 O
272 3528 549 3592 prtcstaus
572 3519 737 3575 animi
759 3519 999 3590 juvenis,
1023 3522 1226 3578 absiste
1253 3525 1560 3595 precando,

198 3611 314 3670 Nec
347 3622 399 3669 te
422 3614 710 3685 paeniteat,
736 3615 867 3670 nihil
894 3630 927 3671 ο
952 3615 1070 3687 tibi,
1100 3616 1299 3686 amice,
1322 3619 1572 3676 relictum
1596 3631 1700 3678 est.

199 3705 322 3763 Hoc
349 3708 518 3763 etiam
550 3706 636 3764 his
662 3692 880 3778 addam,
910 3717 998 3765 tua
1028 3709 1072 3764 si
1106 3706 1239 3765 mihi
1270 3724 1418 3767 certa
1447 3712 1701 3769 voluntas
1722 3755 1737 3779 ,

201 3800 390 3871 Disce,
424 3818 583 3873 puer,
613 3812 964 3861 contemnere
992 3820 1145 3876 opes,
1178 3814 1235 3861 et
1271 3813 1321 3861 te
1351 3820 1569 3877 quoque
1590 3805 1808 3877 dignum

201 3895 380 3969 Finge
404 3897 544 3964 Deo,
570 3908 624 3953 et
651 3913 771 3968 qum
800 3898 871 3954 sit
899 3899 1103 3969 poteris
1123 3912 1457 3972 cognoscere
1477 3899 1667 3955 virtus.

203 3988 284 4045 Da
313 3988 569 4044 dextram
607 3988 832 4059 misero,
865 4001 923 4047 et
952 3992 1173 4047 fratrem
1198 4008 1267 4047 ne
1296 3992 1490 4048 desere
1510 3993 1711 4056 frater;

204 4079 262 4137 Si
290 4079 449 4151 jnngi
486 4081 720 4151 hospitio
745 4092 1027 4152 properat,
1054 4083 1329 4155 conjunge
1357 4085 1631 4141 volentem
1651 4125 1667 4151 ,

207 4173 375 4233 Casta
405 4175 728 4246 pudicitiam
755 4188 937 4235 servet
960 4177 1200 4239 domus;
1231 4196 1298 4236 en
1325 4196 1424 4251 age
1452 4195 1645 4252 segnes

208 4268 431 4341 Rumpe
458 4285 668 4338 moras,
695 4271 967 4344 rebusque
990 4275 1120 4331 veni
1150 4288 1260 4331 non
1283 4290 1443 4346 asper
1463 4277 1669 4347 egenis.

208 4365 445 4422 Dixerat
474 4363 614 4433 hmo,
647 4365 739 4422 ille
763 4367 820 4423 in
851 4369 1021 4425 verbo
1041 4368 1266 4441 veSIigia
1293 4369 1451 4427 torsit

210 4458 475 4530 Tristior,
503 4474 609 4515 ora
634 4461 813 4518 modis
837 4462 1093 4520 attollens
1124 4463 1325 4534 pallida
1358 4463 1530 4530 miris,

212 4555 388 4615 Multa
413 4572 664 4630 gemens,
697 4573 925 4631 seseque
943 4561 1120 4618 oculis
1140 4560 1375 4625 avertit,
1403 4571 1459 4615 et
1478 4558 1672 4616 aufert.

1910 2517 2098 2587 Qualia
2125 2520 2290 2576 multa
2324 2522 2458 2578 mari
2492 2533 2670 2581 nautae
2699 2528 2981 2597 patiuntur
3011 2528 3062 2585 in
3091 2531 3220 2589 alto.

1874 2619 1877 2622 ’
2212 2634 2473 2692 Christum
2502 2638 2792 2696 ambulasse
2818 2660 2974 2712 super
3001 2663 3183 2717 aquas.

1988 2746 2126 2802 Ecce
2158 2749 2297 2805 lteus
2328 2765 2526 2822 magno
2556 2753 2772 2810 misceri
2805 2772 3084 2815 murmure
3113 2770 3369 2830 pontum,

1912 2835 2294 2911 Emissamque
2326 2840 2557 2899 hiemem
2585 2847 2781 2914 sensit,
2810 2849 2894 2903 cui
2921 2866 3132 2907 summa
3164 2864 3403 2923 porestas

1909 2928 2016 2984 Par
2045 2930 2252 2988 levibus
2275 2936 2473 2999 ventis,
2498 2948 2553 2994 et
2580 2937 2819 2995 fluminis
2842 2942 2995 2999 ocior
3020 2944 3197 3000 undis.

1910 3019 2089 3077 Prona
2118 3026 2250 3095 petit
2278 3026 2475 3094 maria,
2505 3039 2559 3085 et
2583 3029 2772 3103 pelago
2796 3032 3034 3090 decurrit
3066 3046 3254 3107 aperto
3275 3080 3290 3105 ,

1911 3112 2023 3169 Nec
2053 3115 2212 3187 longo
2243 3118 2409 3176 distat
2434 3134 2597 3177 cursu
2633 3136 2912 3193 praeeunte
2939 3130 3144 3185 carina.

1836 3196 1885 3275 (ξ
1912 3205 2233 3278 Agnoscunt
2262 3211 2418 3284 longe
2448 3228 2652 3284 regem,
2679 3216 3035 3290 dextramque
3069 3231 3341 3290 potentem

1911 3298 2107 3355 Nudati
2136 3302 2292 3372 socii,
2324 3313 2380 3360 et
2406 3320 2601 3377 magno
2626 3307 2864 3365 clamore
2890 3310 3130 3368 salutant

1910 3389 2204 3463 Postquam
2233 3394 2375 3452 altos
2399 3398 2581 3469 tetigit
2604 3396 2826 3468 ﬂuctus,
2856 3411 2912 3460 et
2941 3404 3008 3460 ad
3043 3421 3262 3476 aequora
3293 3413 3469 3480 venit,

1912 3482 2012 3544 llic
2047 3500 2175 3544 vero
2205 3487 2564 3558 horrendum,
2597 3506 2662 3549 ac
2692 3495 2808 3550 visu
2836 3497 3104 3567 mirabile,
3137 3500 3272 3558 forte

1912 3572 2213 3636 Subsidunt
2240 3581 2421 3649 undae,
2454 3598 2607 3641 remo
2642 3595 2702 3642 ut
2723 3586 3000 3646 luctamen
3030 3593 3276 3663 abesset,

1913 3669 2288 3743 Collectasque
2314 3674 2462 3747 fugat
2491 3679 2686 3747 nubes,
2707 3681 3060 3754 graditurque
3088 3701 3184 3755 per
3205 3702 3393 3759 aequor

1913 3762 2031 3818 Jam
2065 3765 2327 3835 medium,
2362 3782 2463 3824 nec
2491 3770 2619 3826 dum
2648 3771 2844 3830 ﬂuctus
2876 3777 3041 3832 latera
3073 3779 3240 3835 ardua
3265 3782 3439 3852 tingit.

1922 3858 1993 3912 At
2026 3858 2203 3914 media
2228 3861 2407 3916 socios
2437 3862 2698 3919 incedens
2728 3882 2864 3922 nave
2893 3883 2988 3937 per
3014 3871 3194 3941 ipsos,

1916 3947 2064 4006 Ecce
2088 3950 2419 4021 gubernaclo
2448 3964 2627 4010 rector
2654 3959 2798 4013 subit
2826 3960 2943 4026 ipse
2982 3964 3272 4033 magister,

1916 4042 2203 4099 Intremuit
2228 4045 2423 4111 malus,
2451 4048 2656 4118 gemuit
2678 4050 2782 4105 sub
2809 4052 3049 4120 pondere
3069 4057 3285 4126 cymba.

1920 4131 2050 4189 Vela
2080 4134 2300 4202 cadunt,
2331 4138 2608 4208 puppique
2633 4139 2779 4195 Deus
2809 4144 3058 4200 consedit
3081 4146 3139 4201 in
3155 4147 3293 4215 alta,

1918 4228 1987 4284 Et
2016 4228 2232 4285 tandem
2255 4229 2363 4286 lani
2396 4240 2545 4289 notre
2561 4233 2920 4292 advertuntur
2946 4249 3147 4296 arenae.

2458 4346 2538 4404 De
2573 4346 2727 4407 Cana
2755 4350 2987 4411 Domini.

1997 4463 2213 4519 Devexo
2238 4463 2446 4519 interea
2471 4465 2695 4536 propior
2724 4467 2784 4521 tit
2805 4484 2995 4539 vesper
3021 4472 3265 4546 olympo.

1847 4594 1899 4658 Β
1924 4554 2077 4611 Tunc
2109 4557 2250 4610 victu
2270 4568 2530 4612 revocant
2558 4558 2722 4627 vires,
2754 4559 2966 4632 fusique
2990 4579 3088 4635 per
3110 4567 3332 4625 herbam
3361 4613 3371 4630 .

677 4674 915 4731 Clum”
950 4678 1141 4733 imam
1184 4675 1363 4733 meum
1530 4696 1533 4699 .
1847 4645 1893 4658 ⁷
1928 4645 1993 4702 Et
2012 4645 2243 4717 dapibus
2266 4662 2485 4703 mensas
2522 4661 2774 4721 onerant,
2807 4662 2861 4709 et
2885 4658 3077 4725 pocula
3111 4670 3335 4730 ponunt.

2418 4760 2581 4820 Docet
2606 4764 3035 4827 Sacrameutum.

2003 4875 2293 4948 Postquam
2325 4878 2498 4948 prima
2523 4882 2676 4947 quies
2705 4884 2902 4955 epulis,
2935 4898 3248 4959 mensaque
3274 4901 3517 4956 remoue,

1929 4966 2052 5037 Ipse
2074 4969 2217 5025 inter
2244 4969 2450 5040 primos
2475 4973 2705 5043 genitori
2744 4977 3010 5034 instaurat
3039 4979 3274 5038 honores

1932 5060 2251 5132 Suspiciens
2275 5062 2496 5129 calum,
2527 5074 2657 5125 tunc
2682 5068 2820 5126 facta
2843 5071 3057 5129 silentia
3088 5074 3307 5144 linguis.

1933 5156 2036 5213 Dat
2062 5158 2312 5215 manibus
2341 5157 2547 5231 fruges,
2569 5162 2866 5236 dulcesque
2884 5183 2915 5221 a
2947 5167 3183 5223 fontibus
3209 5168 3415 5234 undas;

1934 5251 2290 5324 lmplevitque
2318 5268 2470 5311 mero
2497 5265 2763 5327 pateram,
2790 5261 3036 5330 ritusque
3069 5274 3349 5316 sacrorum

1935 5346 2165 5415 Edocet,
2195 5346 2577 5420 immiscetque
2604 5365 2817 5422 preces,
2847 5368 2910 5408 ac
2942 5353 3064 5407 talia
3094 5355 3268 5409 fatur:

2257 5461 2508 5518 Prtedicit
2533 5463 2598 5519 ab
2624 5480 2726 5520 uno
2753 5481 2808 5520 se
2837 5464 3091 5519 tradimur

2010 5572 2232 5640 Audite,
2260 5588 2294 5630 ο
2323 5589 2599 5647 proceres,
2629 5578 2726 5643 a'it,
2760 5584 2815 5633 et
2844 5592 2969 5647 spes
2993 5578 3183 5635 discite
3208 5590 3422 5636 vestras
3447 5600 3457 5635 2

1938 5665 2109 5722 Nemo
2136 5682 2202 5722 ex
2225 5666 2331 5724 hoc
2354 5684 2583 5726 numero
2606 5669 2737 5725 mihi
2764 5683 2871 5725 non
2901 5669 3132 5726 donatus
3153 5670 3324 5730 abibit
3340 5716 3354 5739 ,

1940 5758 2341 5830 Promissisque
2363 5762 2557 5831 patris,
2589 5769 2791 5826 vestra,
2821 5759 3015 5831 inquit,
3051 5776 3271 5821 munera
3299 5766 3448 5821 vobis

1941 5848 2102 5906 Certa
2126 5859 2365 5920 manent,
2390 5853 2564 5922 pueri,
2593 5860 2648 5909 et
2675 5850 2909 5923 palmam
2927 5862 3113 5911 movet
3124 5856 3318 5914 ordine
3342 5860 3535 5917 neuio:

290 4792 449 4848 Tunc
476 4791 646 4848 etiam
680 4791 817 4848 tardi
840 4793 1008 4850 costis
1043 4794 1279 4865 agitatus
1309 4792 1461 4850 aselli

216 4887 431 4944 Insedit
452 4884 639 4943 nimbo
664 4884 960 4958 eﬂ‘ulgens;
990 4895 1103 4943 tum
1132 4887 1364 4959 plurima
1394 4887 1599 4945 circum

220 4980 429 5038 Matres
460 4987 626 5050 atque
654 4978 783 5045 viri,
815 4981 969 5049 pueri
997 4979 1264 5036 velamina
1289 4988 1411 5037 nota

219 5074 560 5148 Subjiciuut,
595 5070 887 5144 funemque
920 5090 1085 5130 manu
1116 5075 1429 5146 contingere
1456 5072 1709 5144 gaudent.

221 5169 455 5242 Jamque
478 5167 874 5240 propinquabat
902 5168 1098 5240 portis,
1134 5169 1506 5240 templumque
1525 5168 1755 5224 vetustis

223 5264 466 5336 Antiqua
489 5276 558 5318 ex
585 5263 753 5319 cedro
775 5272 1001 5321 centum
1023 5264 1259 5322 sublime
1291 5262 1559 5322 columnis

224 5356 563 5431 Ingreditur,
598 5373 791 5428 magna
821 5359 1030 5416 medius
1059 5361 1352 5418 comitante
1379 5368 1620 5416 caterva.

304 5494 573 5552 Christum
616 5502 838 5549 ementes
882 5502 929 5548 et
965 5495 1237 5619 uendentes
1275 5495 1488 5568 ﬂagello
1515 5511 1544 5550 θ
1570 5496 1760 5567 templo

895 5580 1030 5619 mu
1053 5582 1174 5619 isse.

895 5580 1174 5636 empumse.

306 5657 656 5717 Horreudum
680 5657 852 5728 silvis,
886 5657 992 5714 hoc
1008 5658 1118 5715 illis
1137 5660 1285 5715 curia
1318 5660 1577 5729 templum
1599 5705 1613 5729 ,

235 5753 332 5810 Ha:
362 5765 539 5810 saera
568 5748 748 5815 sedes,
773 5750 914 5804 miro
941 5749 1089 5820 quod
1110 5750 1319 5807 honore
1355 5751 1627 5807 colebant.

232 5844 486 5917 Namque
518 5842 625 5899 sub
649 5841 853 5914 ingenti
883 5843 1079 5899 lustrat
1107 5844 1236 5901 dum
1273 5844 1486 5916 singula
1518 5846 1718 5917 templo
1749 5887 1763 5914 ,
