4038 6312
557 325 662 383 813
1400 316 1555 375 VAL.
1598 306 1968 372 FAL’I‘ONIAS
2005 297 2259 366 PROBIE
2300 296 2667 362 CENTONES
2709 294 3102 359 VIRCILIANI.
3741 291 3830 357 816

555 440 629 495 Et
667 439 756 494 lux
788 450 907 493 cum
934 434 1163 508 primum
1196 432 1359 488 terris
1386 445 1447 488 se
1476 430 1715 486 crastina
1745 426 1969 491 reddet,
2176 424 2229 484 Α
2255 419 2470 478 Umbrae
2499 417 2653 473 ibant
2673 422 2867 472 tenues
2897 432 2910 469 :
2943 413 3108 470 tellus
3138 421 3354 483 quoque
3382 414 3439 465 et
3463 420 3678 480 (equora
3698 410 3831 479 ponti

555 535 712 592 Unus
732 533 835 588 erit
864 539 1069 586 tantum
1105 529 1158 583 in
1190 542 1404 596 meque,
1438 526 1772 594 exitiumque
1798 534 2038 578 meorum
2061 559 2074 586 ,
2252 515 2415 585 Signa
2447 511 2678 576 dabant,
2709 509 2908 564 sistunt
2934 521 3157 570 amnes,
3187 515 3452 574 terrmque
3471 501 3770 558 dehiscunt.

557 627 692 680 Dum
722 623 959 680 medium
990 620 1106 691 paci
1138 635 1199 675 se
1229 593 1395 673 olfert
1418 616 1487 673 de
1514 593 1747 685 corpore
1774 604 1977 668 nostro.
2250 605 2389 671 Quin
2420 604 2550 673 ipsae
2575 610 2834 668 stupuere
2856 600 3051 656 domus
3073 640 3089 665 ,
3129 605 3291 668 atque
3322 596 3511 651 intima
3542 593 3673 649 lctbi

554 719 797 790 Namque
824 716 943 772 dies
967 713 1047 784 (ni
1074 712 1258 783 fallor)
1291 710 1466 776 adest,
1496 708 1760 765 secludite
1788 720 1975 762 curas:
2249 695 2475 751 Tartara
2501 736 2515 760 ,
2547 703 2603 750 et
2629 694 2902 750 umbrosae
2932 691 3150 764 penitus
3180 700 3406 763 patuere
3434 702 3709 746 caverntc.

550 781 761 869 Mecum
790 809 896 865 erit
919 781 1021 864 iste
1053 781 1365 872 labem-nec
1395 818 1482 858 me
1510 800 1776 857 sententia
1809 797 1978 863 fallit,
2251 790 2347 848 Sol
2368 804 2584 862 quoque
2606 798 2663 846 et
2682 785 2979 857 exoriens(
2997 784 3182 842 cuncti
3206 799 3266 840 se
3295 783 3439 840 scire
3468 781 3748 852 fatentur)

554 904 734 962 Unum
761 915 863 975 pro
888 899 1075 956 multis
1096 897 1313 954 dabitur
1335 904 1520 966 caput.
1550 893 1677 949 Haec
1703 892 1775 948 ita
1805 890 1942 945 fatus
1961 929 1977 953 ,
2251 884 2405 941 Tunc
2434 890 2596 955 caput
2619 882 2850 938 obscura
2879 879 3109 935 nitidum
3142 876 3421 948 ferrugine
3450 874 3608 934 texit.

555 994 847 1061 Conticuit,
880 1004 1169 1063 seramque
1197 986 1346 1045 dedit
1381 1001 1476 1057 per
1506 984 1751 1057 membra
1781 982 2039 1052 quietem.
2582 999 2850 1055 animum
2875 997 3028 1053 (mia
3058 996 3144 1051 die
3171 995 3536 1051 muneris“.

915 1184 922 1190 _
1098 1105 1372 1179 Apostolos
1400 1103 1611 1175 fugisse.

2324 1115 2542 1187 flosque
2586 1114 2727 1169 inter
2757 1122 2968 1179 motus,
2999 1110 3179 1166 media
3219 1109 3362 1166 inter
3388 1108 3517 1165 talia
3550 1104 3712 1163 verba

631 1228 926 1303 Diffugiunt
945 1224 1199 1289 comites,
1226 1230 1281 1277 et
1307 1228 1467 1276 nocte
1491 1224 1743 1289 teguntur
1767 1226 1967 1283 opaca;
2261 1207 2445 1264 Tertia
2473 1206 2561 1262 lux
2590 1205 2827 1279 gelidam
2858 1205 3000 1262 cmlo
3031 1204 3340 1260 dimoverat
3366 1201 3637 1257 umbram.

551 1325 834 1397 Multaque
854 1322 990 1378 dura
1021 1334 1122 1376 suo
1144 1316 1285 1374 tristi
1309 1330 1431 1371 cum
1462 1312 1627 1369 corde
1655 1309 1925 1366 volutant.
2254 1300 2483 1371 Jamque
2512 1301 2703 1372 pedem
2748 1299 2996 1356 referens
3043 1313 3268 1369 superas
3292 1295 3544 1353 veniebat
3565 1294 3634 1351 ad
3663 1309 3835 1365 auras,

556 1419 700 1489 Quid
726 1387 966 1475 faciant?
992 1415 1204 1470 lia-rent
1229 1408 1376 1466 inﬁxi
1412 1416 1629 1480 pectore
1659 1403 1839 1459 vultus
1858 1443 1873 1468 ,
2255 1393 2392 1450 Cum
2418 1392 2602 1460 subito
2621 1401 2748 1448 ante
2779 1392 2967 1448 oculos
2997 1390 3200 1463 ingenti
3234 1389 3377 1444 mole
3407 1387 3714 1459 sepulcrum
3733 1431 3747 1455 ,

552 1512 865 1584 Verbaque,
892 1525 992 1566 nec
1019 1504 1289 1580 placidam
1330 1479 1587 1558 membris
1614 1498 1709 1554 dat
1732 1511 1859 1552 cura
1885 1492 2148 1565 quietem.
2256 1482 2467 1555 Corpus
2489 1483 2583 1539 ubi
2608 1482 2928 1540 exanimum
2954 1483 3216 1552 positum,
3233 1495 3336 1537 nec
3356 1481 3621 1549 claustra,
3643 1479 3837 1551 necipsi

2256 1577 2526 1635 Custodes
2553 1578 2783 1635 sufferre
2805 1577 3007 1646 valent,
3032 1577 3329 1647 avulsaque
3354 1573 3505 1631 saxis

2256 1672 2399 1728 Saxa
2431 1669 2619 1727 vident
2637 1715 2652 1739 ,
2681 1669 2821 1725 laxis
2850 1667 3084 1724 laterum
3113 1664 3469 1751 compagibus
3495 1665 3681 1720 arctis.

2259 1765 2345 1822 Fit
2367 1782 2566 1833 sonus,
2604 1766 2809 1838 ingenti
2834 1780 3101 1822 concussa
3122 1775 3207 1820 est
3230 1762 3476 1834 pondere
3508 1762 3696 1829 tellus,

2261 1862 2468 1919 Ilorror
2497 1862 2696 1934 ubique
2741 1861 2982 1928 animos,
3016 1858 3180 1917 simul
3226 1858 3341 1929 ipsa
3383 1856 3598 1913 silentia
3635 1863 3834 1914 terrent.

848 1620 1159 1693 Cauquestio
1190 1615 1340 1671 Petri
1369 1614 1435 1668 ad
1457 1607 1865 1681 condiscipulos.

626 1741 780 1798 Tunc
806 1738 992 1795 senior
1024 1734 1163 1790 tales
1187 1729 1462 1787 referebat
1489 1736 1707 1798 pectore
1734 1736 1897 1783 voces
1916 1765 1932 1792 ,

554 1839 718 1895 Multa
744 1844 973 1910 putans:
1006 1832 1098 1887 ubi
1129 1845 1271 1886 nunc
1302 1827 1456 1883 nobis
1480 1825 1625 1882 Deus
1655 1824 1749 1880 ille
1779 1820 2083 1894 magister?
2182 1815 2232 1876 B

553 1934 725 1999 Quem
750 1925 1066 1999 sequimur?
1087 1937 1266 1994 quove
1286 1922 1366 1975 ire
1381 1918 1579 1990 iubes?
1602 1916 1690 1973 ubi
1711 1931 1913 1988 ponere
1931 1910 2155 1970 sedem?

555 2026 602 2082 0
627 2023 804 2087 dolor,
832 1993 999 2090 atque
1026 1993 1196 2072 decus
1220 2022 1489 2068 tantarum
1517 2010 1691 2083 gloria
1721 2022 1905 2063 rerum
1931 2006 1944 2059 !
2360 2003 2589 2060 Foribus
2611 2002 2806 2058 clausis
2836 1999 3144 2073 apparuisse
3174 1996 3444 2053 Christum
3470 1993 3754 2067 discipulis.

552 2119 786 2190 Iamiam
816 2116 963 2171 “""a
991 2128 1144 2168 “‘0'”
1175 2118 1279 2175 θείη
1310 2115 1366 2162 θί
1386 2121 1487 2162 “05
1508 2118 1640 2176 rape
1662 2103 1715 2157 i"
1738 2100 1919 2157 omni“
1948 2108 2152 2166 “cum,
2261 2122 2405 2178 Ecce
2430 2129 2610 2176 autem
2643 2116 2803 2189 primi
2842 2115 3121 2173 volucrum
3154 2115 3256 2171 sub
3283 2112 3523 2170 culmine
3549 2118 3737 2168 cantus
3765 2126 3777 2163 :

558 2215 814 2277 Oramus,
844 2217 1004 2279 teque
1033 2213 1255 2277 aspectu
1288 2216 1355 2257 ne
1378 2197 1637 2256 subtrahe
1665 2209 1872 2252 nostro.

2266 2213 2576 2287 Ingreditur
2593 2254 2610 2282 ,
2641 2213 2895 2284 linquens
2917 2220 3137 2266 antrum
3158 2249 3171 2275 ,
3201 2207 3504 2280 spoliisque
3530 2203 3783 2276 superbus

735 2302 1045 2362 Sacerdotes
1074 2314 1189 2353 cum
1229 2294 1425 2369 papula
1464 2302 1647 2347 contra
1687 2289 1971 2344 Christum.

2260 2305 2380 2363 Ibat
2401 2322 2570 2361 ovans
2590 2347 2605 2374 ,
2636 2303 2902 2376 pulsuque
2926 2302 3126 2374 pedum
3156 2301 3345 2356 tremit
3371 2298 3550 2355 excita
3575 2296 3754 2360 tellus,

631 2402 907 2456 Oceanum
937 2394 1144 2451 interea
1174 2402 1404 2460 surgens
1431 2399 1627 2441 aurora
1658 2383 1913 2453 reliquit,

2263 2402 2612 2473 Vulneraque
2652 2401 2744 2456 illa
2765 2415 2961 2471 gerens
2987 2397 3193 2455 foribus
3220 2411 3345 2453 sese
3375 2396 3575 2468 ingerit
3605 2393 3779 2451 arctis.

553 2493 786 2563 Jamque
811 2486 1124 2546 sacerdotes
1157 2485 1266 2541 late
1291 2484 1408 2539 loca
1438 2479 1727 2552 questibus
1755 2477 2013 2549 implent,

2262 2499 2443 2567 Atque
2475 2496 2564 2553 hic
2593 2494 2866 2567 ingentem
2893 2492 3153 2550 comitum
3177 2489 3461 2548 alﬁuxisse
3484 2503 3737 2544 novorum

552 2586 688 2643 Cum
723 2581 924 2655 populo
954 2588 1009 2637 et
1032 2576 1303 2650 patribus,
1334 2575 1613 2646 ferturque
1634 2587 1733 2643 per
1764 2569 1980 2642 agmina
2011 2582 2159 2623 mur-
2263 2589 2478 2647 Invenit
2505 2588 2786 2646 admirans
2808 2603 3096 2645 numerum
3119 2629 3134 2653 ’
3165 2585 3491 2655 cuneusque
3519 2590 3737 2653 τενθηιε

1757 2664 1936 2739 [muri
2262 2683 2598 2753 Improvisus
2625 2682 2736 2737 ait:
2766 2680 2962 2738 Coram
2985 2695 3147 2752 quem
3166 2678 3412 2751 qurcritis
3440 2677 3631 2733 adsum
3661 2692 3675 2731 :

558 2773 714 2844 Quod
738 2787 907 2847 genus
931 2770 1036 2828 hoc
1066 2763 1385 2825 hominum?
1414 2775 1605 2836 qumve
1626 2760 1771 2816 hunc
1792 2766 1902 2812 tam
1926 2755 2160 2812 barbara
2264 2776 2411 2833 Vicit
2438 2777 2542 2833 uel.
2563 2776 2761 2832 dmum
2795 2775 2998 2847 picus,
3028 2782 3086 2831 et
3112 2771 3288 2829 vivida
3315 2770 3509 2827 vinus.

1707 2850 1938 2923 [morem
2265 2868 2582 2942 Praecipites
2608 2868 2849 2941 vigilate,
2874 2866 3012 2937 viri,
3045 2868 3208 2923 timor
3238 2866 3417 2922 omnis
3446 2865 3653 2922 abesto.

561 2963 837 3020 Permittit
865 2955 1077 3030 patria?
1109 2968 1300 3027 poenas
1321 2966 1443 3009 cum
1467 2947 1730 3020 sanguine
1753 2951 1986 3017 poscunt

561 3055 814 3126 Undique
842 3049 1080 3118 collecti,
1110 3057 1165 3103 et
1194 3060 1391 3117 magno
1421 3042 1660 3099 clamore
1682 3047 1987 3110 sequuntur

564 3150 862 3217 Insontem,
890 3145 1152 3217 saevitque
1181 3141 1377 3199 animis
1409 3138 1646 3213 ignobile
1671 3136 1886 3206 vulgus.

678 3267 915 3327 Christus
939 3265 1075 3320 hora
1097 3269 1246 3319 sexta
1271 3257 1569 3323 deducitur,
1597 3261 1653 3308 ut
1681 3249 2037 3321 cruciﬁgatur.

2792 2983 3019 3040 Instruit
3057 2982 3341 3056 apostolos.

2341 3106 2405 3162 Hi
2435 3104 2608 3162 nostri
2635 3102 2866 3168 reditus,
2891 3099 3305 3171 exspectatique
3335 3097 3619 3169 triumphi,

2188 3205 2235 3269 C
2269 3198 2396 3256 "me
2422 3214 2543 3255 mea
2561 3212 2755 3269 magna
2788 3195 2956 3264 ﬁdes;
2989 3210 3023 3251 o
3048 3203 3238 3266 terque
3267 3200 3568 3264 quaterque
3593 3190 3751 3255 beati,

2267 3294 2400 3363 Qure
2426 3292 2584 3349 vobis
2607 3335 2622 3360 ,
2651 3305 2775 3362 qua:
2806 3288 2967 3359 digna
2986 3328 3002 3352 ,
3037 3286 3140 3343 viri
3160 3328 3174 3352 ,
3206 3300 3305 3357 pro
3324 3284 3572 3341 laudibus
3594 3283 3707 3338 istis

631 3388 727 3447 Sol
763 3384 1005 3442 medium
1030 3379 1154 3438 caeli
1180 3374 1581 3436 conscenderat
1607 3372 1799 3443 igneus
1825 3368 2016 3424 orbem
2040 3405 2056 3431 ,
2267 3386 2500 3443 pmmia
2526 3398 2687 3456 posse
2718 3396 2842 3438 rem.
2865 3379 3039 3436 30M?
3065 3394 3189 3451 qum
3224 3377 3370 3434 dona
3398 3375 3618 3448 param

564 3481 717 3537 Tunc
739 3479 922 3535 subito
944 3475 1091 3529 hunc
1111 3470 1280 3526 acciri
1302 3481 1494 3523 omnes
1516 3462 1859 3535 populusque
1874 3467 2168 3530 patresque
2266 3476 2511 3547 Accipite
2534 3489 2664 3545 ergo
2691 3470 2889 3527 animis
2918 3487 2931 3524 ε
2962 3485 3085 3542 φη
3116 3483 3214 3526 vos
3242 3484 3271 3522 η
3301 3469 3472 3540 stirpe
3503 3473 3778 3538 parentum

571 3573 915 3642 Exposcunt,
948 3564 1153 3634 farique
1175 3560 1391 3632 iubent,
1422 3572 1530 3629 quo
1556 3555 1819 3626 sanguine
1839 3563 2055 3619 cretus,
2270 3569 2455 3626 prima
2489 3568 2612 3623 ιυιη
2634 3564 2796 3621 lenus
2818 3604 2835 3632 ’
2868 3561 3058 3619 eadem
3088 3575 3188 3618 vos
3209 3560 3381 3617 ubere
3407 3559 3535 3614 ιδειο

569 3664 781 3735 Quidve
802 3668 977 3734 petat,
1007 3657 1205 3730 quidve
1230 3656 1345 3727 ipse
1365 3653 1507 3710 ferat
1532 3669 1547 3709 :
1580 3650 1929 3723 prtedamque
1952 3654 2155 3704 tuentes

2269 3660 2543 3730 Accipiet.
2566 3664 2825 3714 revocate
2848 3657 3092 3711 animum
3123 3661 3488 3724 maestumque
3520 3652 3750 3707 timorem

568 3756 735 3815 Facta
764 3756 890 3825 viri,
922 3753 1114 3810 mistus
1138 3749 1299 3808 dolor
1317 3757 1374 3804 et
1396 3757 1587 3817 stupor
1613 3752 1771 3816 urget
1796 3743 2020 3799 inertes.
2272 3752 2502 3822 Μίιιίιε,
2523 3752 2637 3824 iam
2668 3759 2882 3808 vosmet
2910 3747 3073 3804 rebus
3096 3754 3317 3803 servate
3342 3745 3615 3803 secundis.

568 3852 764 3910 Nescia
786 3863 942 3906 mens
968 3844 1286 3902 hominum!
1318 3849 1531 3898 certant
1563 3837 1791 3895 illudere
1821 3843 2002 3906 capto.

569 3881 764 3910 μσδυιᾱ
787 3881 942 3906 ιιισιιδ
968 3881 1249 3902 ιΙυΙιιιιιιιιιι
1273 3881 1286 3899 δ
1319 3881 1401 3898 vv-
1418 3881 1531 3897 θυι-ι-
1563 3881 1791 3895 unua"...
1823 3881 2001 3906 νην---
2657 3887 2669 3900 ⁸
3045 3885 3057 3897 ⁸
3408 3884 3418 3895 .
3499 3881 3510 3892 ·

569 3943 710 4001 Tum
742 3955 879 3997 vero
908 3935 1080 4009 captis
1101 3941 1437 3992 concurrunt
1458 3930 1697 4001 undique
1725 3925 1879 3984 telis:
2056 3930 2061 3933 '
2350 4000 2383 4009 Α
2542 3886 2807 3943 Chmm'"
2832 3884 3083 3958 προδιοίιδ
3114 3900 3296 3956 Pacem
3321 3883 3611 3955 τειιιικιεειο

570 4033 805 4092 Tollitur
834 4032 888 4087 in
915 3992 1113 4087 eailum
1144 4027 1372 4093 clamor,
1404 3992 1695 4092 cunctique
1720 4022 1949 4089 repente
2100 4076 2105 4081 ,
2344 3999 2504 4068 Ωιιοά
2535 4006 2814 4071 superest,
2847 3998 2961 4054 Ῑωῑῖ
2990 3997 3129 4055 belle
3166 3997 3334 4070 gestis
3350 3995 3543 4053 ordine
3565 3992 3747 4058 rebus.

574 4125 908 4197 Corripuere
927 4135 1138 4179 sacram
1162 4116 1422 4189 efﬁgiem,
1449 4114 1808 4182 manibusque
1833 4105 2075 4165 cruentis
2273 4095 2469 4197 Pacem
2508 4104 2693 4166 optate
2723 4110 2885 4151 manu
2904 4135 2919 4159 ,
2954 4109 3144 4166 pacem
3170 4093 3387 4149 laudate
3406 4092 3654 4149 sedentes

573 4184 856 4292 Ingen-tem
880 4230 1142 4287 quercum
1173 4184 1375 4271 decisis
1405 4208 1644 4280 undique
1660 4204 1830 4262 ramis
2271 4185 2596 4292 {lagnanimi
2632 4204 2645 4240 :
2676 4187 2826 4258 pacis
2854 4188 3031 4243 solum
3056 4186 3369 4243 inviolabile
3397 4184 3612 4258 pignus.

571 4278 948 4377 Covnstituuu't,
975 4308 1258 4380 spinisque
1284 4305 1455 4375 ligant
1479 4278 1794 4373 ingentibus
1815 4297 1991 4354 illum.
2273 4278 2345 4380 ξι
2365 4279 2525 4336 Sim“!
2556 4280 2643 4336 his
2671 4280 2833 4338 άῖοιῖε
2854 4279 3048 4339 faelem
3070 4279 3396 4337 OSlendCDal
3414 4291 3467 4336 Cl
3496 4296 3589 4335 0N
3607 4321 3621 4346 ο

577 4371 972 4476 Τθηᾶεὺειίιιίθ
1002 4371 1218 4472 manus,
1250 4371 1476 4471 pedibus
1504 4371 1603 4468 per
1633 4403 1818 4451 mutua
1850 4391 2027 4457 nexis,

2272 4371 2377 4428 Ora
2403 4388 2707 4446 manusque
2734 4374 2952 4442 ambas,
2985 4374 3348 4447 populataque
3373 4385 3584 4446 pectora
3605 4373 3735 4429 ferro
3763 4386 3775 4422 :

580 4499 764 4558 Triste
792 4495 1189 4554 ministerium!
1222 4489 1470 4563 sequitur
1497 4466 1635 4561 quos
1662 4496 1861 4544 caetera
1893 4484 2064 4557 pubes
2082 4527 2096 4553 ,

2273 4466 2694 4538 lmmiseentque
2724 4482 2918 4523 manus
2943 4467 3226 4534 manibus,
3254 4468 3597 4540 gaudentque
3618 4469 3833 4524 tuentes,

581 4591 712 4647 Ausi
734 4603 925 4645 omnes
954 4588 1193 4642 immane
1218 4583 1392 4647 nefas,
1421 4595 1662 4651 ausoque
1680 4578 1863 4650 ροιίιί,
2083 4550 2089 4553 γ
2194 4603 2252 4666 .D
2275 4559 2387 4617 Nec
2423 4558 2630 4616 vidisse
2682 4558 2856 4615 semel
2903 4558 3035 4616 satis
3063 4567 3182 4630 est,
3216 4560 3371 4630 juvat
3428 4574 3596 4630 usque
3621 4550 3834 4617 morari,

581 4681 681 4738 Ille
708 4689 891 4737 autem
922 4675 1253 4749 impavidus,
1283 4676 1404 4741 Quo
1434 4649 1651 4728 vincula
1681 4649 1948 4727 nectitis?
1975 4668 2152 4742 inquit

2224 4649 2248 4666 ’
2283 4654 2349 4710 Et
2375 4654 2624 4711 conferre
2646 4652 2873 4724 gradum
2889 4693 2905 4722 ,
2929 4661 2984 4708 et
3003 4653 3209 4709 dextra:
3229 4654 3556 4725 conjungere
3597 4649 3833 4707 dextram.

581 4775 831 4831 Tantane
859 4785 955 4827 vos
981 4767 1197 4843 generis
1224 4766 1398 4823 tenuit
1421 4764 1614 4821 ﬁducia
1644 4762 1855 4820 vestri?

582 4867 716 4923 Post
743 4863 878 4922 mihi
909 4877 1017 4919 non
1043 4859 1205 4918 simili
1232 4873 1390 4930 paena
1414 4857 1705 4914 commissa
1734 4856 1915 4913 luetis.

583 4958 737 5017 Talia
767 4955 1047 5031 perstabat
1072 4966 1405 5020 memorans,
1437 4952 1683 5022 fixusque
1722 4949 1994 5006 manebat.

2749 4794 2827 4851 De
2854 4795 3164 4852 Ascensioue
3189 4786 3403 4853 Christi.

2355 4911 2450 4968 llis
2470 4911 2686 4969 demum
2711 4910 2918 4968 exactis
2935 4951 2951 4977 ,
2985 4911 3256 4981 spirantes
3278 4909 3523 4967 dimovet
3556 4920 3704 4963 auras

2283 5004 2425 5062 Aera
2456 5019 2553 5075 per
2573 5014 2820 5060 tenerum
2845 5043 2861 5071 ,
2890 5002 3138 5073 eteloque
3161 5002 3407 5059 invectus
3428 5009 3616 5072 aperto

864 5072 954 5129 Fit
981 5078 1328 5155 terminatus,
1375 5076 1423 5123 et
1451 5066 1533 5123 sol
1577 5066 1901 5121 osbcuratur.

2284 5095 2537 5152 Mortales
2560 5096 2712 5151 visus
2744 5094 2921 5151 medio
2949 5093 3002 5150 in
3032 5108 3284 5151 sermone
3306 5092 3544 5165 reliquit.

658 5170 875 5226 Interea
904 5179 1099 5261 magno
1125 5177 1344 5261 “se?”
1366 5176 1644 5261 "‘j‘mmm
1662 5162 1857 5261 COF‘M“
2279 5189 2523 5246 lnfertse
2543 5198 2730 5261 septus
2763 5189 2981 5256 nebula,
3016 5188 3265 5245 mirabile
3295 5162 3473 5244 dictu!

586 5263 812 5336 Incipit,
839 5270 897 5319 et
922 5259 1085 5316 rebus
1114 5272 1222 5354 nos
1245 5254 1469 5312 abstulit
1496 5265 1613 5312 atra
1649 5254 1891 5354 colorem
1909 5295 1925 5321 ,
2280 5283 2382 5341 Ast
2408 5282 2561 5340 illum
2585 5254 2727 5341 εδιίο
2752 5254 3023 5341 ειεηθηίεε
3049 5281 3218 5354 gloria
3247 5281 3373 5339 cm“

587 5356 868 5426 Impiaque
889 5362 1151 5448 “W93”
1178 5349 1475 5448 'i'f'uewm
1501 5349 1705 5448 “ecula
1723 5357 1961 5448 “me!”
2279 5377 2493 5447 Accipit
2516 5421 2530 5445 ,
2562 5385 2937 5448 aiternumque
2964 5349 3112 5434 tenet
3139 5391 3236 5447 per
3264 5374 3462 5433 saecula
3503 5385 3700 5432 nomen.

585 5447 754 5505 Terra
781 5445 987 5512 "emi"
1017 5444 1204 5541 "diem
1228 5444 1382 5541 ferie’
1416 5450 1473 5498 et
1493 5441 1741 5541 morm?“
1769 5441 1933 5499 corda
2283 5468 2362 5524 Ex
2389 5441 2484 5525 illo
2504 5441 2812 5525 celebratus
2843 5441 3017 5525 bonos
3036 5510 3053 5536 ,
3076 5441 3293 5541 lmtique
3317 5468 3551 5525 minores

579 5544 690 5601 Per
706 5554 897 5615 gentes
919 5538 1140 5597 humilis
1167 5536 1359 5595 stravit
1381 5553 1551 5609 pavor
1575 5557 1589 5593 :
1616 5538 1743 5596 inde
1771 5543 1997 5630 repente
2281 5510 3017 5630 δξτξαξθξξξῖἑξῖῖοῆξξ

580 5636 686 5694 Dat
706 5636 871 5694 tellus
893 5631 1152 5707 gemitum
1177 5676 1192 5703 ,
1230 5640 1286 5689 et
1312 5631 1509 5689 coelum
1537 5641 1688 5690 tonat
1709 5644 1873 5688 omne
1898 5627 2134 5698 fragore.
2279 5649 2322 5718 ι,
2345 5651 2546 5718 decus,
2574 5649 2612 5716 ί,
2637 5627 2913 5719 "omum;
2942 5660 3210 5707 tantarum
3234 5651 3406 5722 simia
3433 5662 3605 5706 rerum
3623 5686 3636 5711 ’

899 5746 1165 5805 Christum
1192 5746 1516 5806 descendisse
1537 5749 1606 5804 ad
1624 5748 1842 5820 inferos.
2277 5743 2504 5814 Semper
2515 5743 2712 5813 bonos,
2729 5759 3035 5817 nomenque
3056 5752 3227 5812 tuum,
3242 5745 3531 5815 laudesque
3545 5732 3810 5796 manebunt

643 5839 932 5916 Extemplo
959 5839 1194 5898 comites
1214 5839 1379 5902 Erebi
1408 5842 1476 5901 de
1505 5841 1726 5900 sedibus
1754 5835 1881 5896 imis
2275 5836 2345 5897 Et
2370 5852 2470 5897 nos
2488 5848 2544 5897 et
2576 5847 2665 5897 tua
2683 5879 2701 5910 ,
2723 5837 2936 5907 dexter,
2958 5837 3048 5895 adi
3071 5838 3211 5911 pede
3235 5850 3388 5896 sacra
3413 5830 3664 5897 secundo,
