4072 6306
564 312 674 368 823
1956 303 2134 362 DECII
2175 303 2456 363 AUSONH
3743 305 3834 368 824

561 420 2157 500 JosepbiScaligerilectionibusAusonianisGenev.1608,
2190 426 2242 489 Α
2337 420 2579 492 Denique
2608 419 3015 492 elegantissime
3058 421 3204 478 hunc
3248 421 3569 492 scriptorem
3615 419 3833 492 Lugduni

560 521 618 575 in
648 521 732 574 12.
765 517 1032 574 Conradus
1064 516 1461 584 Ritterslmsitts,
1488 530 1611 588 pag.
1642 516 1766 584 115,
1797 515 1864 570 ad
1894 514 2160 572 Cuntheri
2266 515 2385 571 Bal.
2418 514 2577 583 1671,
2606 514 2785 582 in-80,
2833 515 2885 571 in
2934 515 3111 571 lucem
3155 513 3339 572 emisit
3384 514 3613 570 Iacobus
3656 513 3836 573 Tollius

560 614 898 685 Ligurinum,
929 619 1196 669 memorat
1238 611 1659 668 exercitationes
1700 624 1826 667 suas
1876 609 1941 665 ad
1988 615 2162 666 Auso—
2263 623 2386 665 cum
2438 608 2586 664 notis
2630 608 2855 680 integris
2903 607 3188 681 Scaligeri,
3214 617 3271 665 et
3312 608 3470 680 cujus
3499 609 3553 665 in
3578 608 3833 667 Mosellam

560 707 737 774 nium,
767 706 820 762 in
850 705 1044 778 quibus
1073 705 1223 776 plura
1255 706 1375 761 loca
1402 705 1614 761 Nazarii
1643 712 1697 762 et
1724 704 1954 761 alierum
1988 704 2158 761 Pane-
2266 700 2630 757 Ausoniauam
2673 700 3093 757 commentarius
3137 698 3387 755 lleidelb.
3438 699 3598 769 1619,
3649 700 3833 771 in-iol.,

556 796 867 869 gyricorum
896 796 1287 854 emendaverit.
1321 796 1431 855 Sed
1470 812 1573 854 nec
1618 797 1741 867 illm,
1787 811 1886 853 nec
1917 796 2158 870 Casperis
2264 791 2566 866 prodierat,
2612 792 2920 864 Marquardi
2970 791 3216 860 Freheri,
3257 791 3585 865 selectisque
3620 794 3839 850 animad-

557 890 765 946 Barthii
790 891 1297 948 animadversiones
1334 891 1400 947 ad
1444 893 1767 956 Ausonium,
1813 901 1905 948 aut
1942 891 2161 947 Henrici
2265 887 2605 945 versionibus
2643 886 2891 945 Accursii
2938 888 3312 960 (quamquam
3362 888 3601 959 integras
3649 888 3836 957 titulus,

558 980 762 1037 Ernstii
792 994 935 1038 notae
960 993 1138 1053 atquae
1180 982 1346 1039 variae
1396 983 1658 1040 lectiones
1706 998 1958 1055 umquam
2005 982 2158 1040 vide—
2262 981 2359 1039 sed
2403 980 2540 1037 falso
2587 979 2903 1051 promittit),
2955 980 3149 1048 \‘incti,
3186 979 3416 1051 Barthii,
3444 979 3835 1048 Acidalii,J.F.

557 1084 689 1130 runt
715 1074 896 1131 lucem
925 1073 1067 1147 quod
1116 1075 1325 1130 sciam:
1378 1075 1504 1132 licet
1547 1083 1762 1131 exstent
1810 1074 2157 1130 Rittersltusii
2264 1073 2522 1132 Gronovii
2551 1082 2606 1130 et
2651 1072 2738 1130 Jo.
2786 1071 3000 1145 Georgii
3048 1071 3268 1129 Cranii.
3318 1072 3543 1130 Constat
3587 1072 3836 1131 Mosellam

557 1168 630 1224 ad
654 1168 1021 1241 Panegyricos
1045 1168 1451 1225 observationes
1477 1170 1749 1242 qmedam,
1777 1178 1835 1225 ut
1864 1183 2026 1241 supra
2057 1167 2152 1225 lib.
2263 1165 2494 1224 Ausnnii
2513 1180 2638 1221 cum
2665 1164 2886 1221 selectis
2908 1163 3110 1221 Tibulli
3134 1163 3512 1236 Propertiique
3533 1163 3711 1235 elegiis
3730 1164 3837 1220 illu-

558 1274 631 1329 ιι,
661 1276 780 1333 cap.
813 1262 904 1328 22,
939 1260 1123 1319 dicere
1154 1279 1241 1320 me
1270 1262 1512 1319 memini.
2261 1270 2489 1318 stratam
2509 1275 2723 1333 quoque
2744 1275 2775 1315 a
2800 1260 2964 1317 Paulo
2986 1259 3197 1330 Duizio,
3224 1259 3543 1333 Mussiponti
3565 1258 3698 1316 1615
3716 1261 3833 1317 in-8.

595 1396 3824 1425 ——--—-———————-————————————.—_—————_—.

1550 1505 2045 1621 υκαι
2101 1504 2879 1652 Ausona:

1762 1703 2006 1767 GALLI
2044 1660 2678 1768 BUl’tDIGALENSlS

817 1843 886 1890 "‘
1047 1862 1732 2014 OPERA
1828 1866 2316 2051 QUAE
2416 1864 3383 2017 EXSTANT.

1668 2211 2749 2303 PR/EFATIUNCUL/E.

634 2376 978 2435 Theodosius
1006 2378 1284 2448 Augustus
1311 2375 1554 2433 Ausonio
1587 2376 1798 2447 parenti
1830 2376 2082 2433 salutem.
2188 2381 2236 2443 Β
2261 2378 2341 2436 Ne
2374 2378 2514 2437 ferat
2534 2380 2819 2454 indignum
2849 2392 3054 2455 vatem,
3081 2394 3411 2459 centmnque
3432 2385 3639 2458 lituras,

632 2493 795 2546 Amor
822 2507 963 2546 meus
985 2490 1101 2544 inte
1116 2499 1213 2556 est,
1246 2500 1295 2545 et
1325 2489 1608 2545 admiratio
1636 2491 1836 2562 ingenii
1865 2499 2019 2562 atque
2043 2508 2163 2547 eru-
2336 2474 2617 2532 Mumndas
2642 2493 2859 2551 semper
2882 2480 3155 2537 ἀοῑθτίονθ
3186 2489 3335 2537 ηοω·

560 2569 775 2640 ἀὸιὶωίὶς
819 2593 940 2653 tute,
989 2598 1104 2653 qua:
1133 2584 1296 2637 multo
1335 2584 1568 2637 maxima
1614 2592 1763 2649 sunt,
1794 2583 1937 2656 fecit,
1975 2600 2161 2655 parens

2090 2601 2161 2640 ,ηε
2264 2566 2345 2624 Tu
2368 2569 2529 2625 modo
2555 2578 2607 2626 te
2633 2570 2888 2642 jussisse.
2922 2581 3076 2643 pater
3102 2573 3371 2644 Romane,
3400 2585 3698 2632 memento:

550 2678 963 2753 jucundissime,
993 2685 1046 2731 ut
1089 2693 1287 2731 morem
1327 2676 1656 2749 principibus
1686 2675 1807 2732 aliis
1836 2674 2046 2731 solitum
2075 2693 2159 2731 se-
2336 2661 2507 2735 ιιιιιιιθ
2534 2665 2673 2721 meis
2703 2666 2885 2738 cu‘Pis
2915 2665 2983 2722 da
3010 2667 3105 2723 ubi
3138 2677 3195 2723 ίυ
3227 2668 3460 2726 "cuiam.

554 2782 878 2843 questrarem
895 2789 915 2839 ;
946 2764 1667 2844 familiaremque'sermonem
1687 2771 2074 2844 autographum
2092 2771 2162 2825 ad

558 2874 609 2919 te
630 2866 1043 2932 transmitterem,
1067 2866 1337 2937 postulans
1358 2882 1453 2937 pro
1471 2867 1619 2937 jure,
1641 2882 1744 2920 non
1766 2865 1972 2937 quidem
1993 2866 2157 2940 regio,

558 2960 651 3014 sed
688 2960 830 3015 illius
854 2960 1075 3032 privata:
1113 2960 1250 3014 inter
1279 2976 1374 3014 nos
1399 2960 1696 3029 charilatis,
1724 2976 1786 3015 ne
1812 2960 2054 3031 fraudari
2078 2978 2161 3017 me
2276 3029 2294 3044 λ
2458 3028 2471 3043 ⁸
2687 2960 2944 3044 ξ”ωωῖξ

553 3054 871 3126 scriptorum
914 3062 1125 3108 tuorum
1169 3052 1393 3108 lectione
1422 3053 1667 3124 patiaris,
1712 3070 1829 3125 qua:
1877 3054 2001 3109 olim
2032 3055 2159 3110 mihi

2032 3055 2159 3110 mihi
2265 3029 2542 3085 Αηδοηῖυε
2576 3030 2791 3101 genitor
2820 3031 2996 3088 nobis.
3034 3031 3147 3104 Ego
3174 3034 3398 3091 nomine
3426 3034 3612 3090 eodem

556 3121 765 3220 cognita
808 3157 856 3203 et
887 3150 1004 3219 jam
1044 3165 1137 3219 per
1176 3158 1378 3221 tempus
1405 3121 1592 3214 oblita,
1638 3121 1848 3204 rursum
1873 3149 2114 3205 desidero
2137 3166 2158 3206 :

2027 3166 2114 3205 em
2137 3166 2158 3206 ε
2333 3121 2437 3191 Qui
2463 3122 2589 3194 sim,
2614 3138 2718 3196 qua
2748 3132 2920 3192 secta,
2950 3125 3145 3196 stirpe,
3182 3126 3321 3193 lare,
3356 3135 3414 3183 et
3445 3125 3634 3199 patria,

556 3261 661 3298 non
691 3244 861 3300 solum
888 3254 944 3299 ut
972 3260 1089 3316 qua!
1108 3256 1228 3297 sunt
1255 3254 1377 3298 nota
1399 3243 1725 3311 recolantur,
1752 3245 1844 3300 sed
1870 3256 1925 3300 ut
1953 3262 2015 3301 ea
2043 3261 2159 3315 qut:

2154 3262 2159 3291 ,
2262 3212 2533 3287 Ascripsi,
2561 3224 2619 3271 ut
2643 3230 2858 3284 nosses,
2888 3216 3031 3274 bone
3049 3219 3157 3281 vir.
3187 3220 3514 3292 quicumque
3539 3219 3762 3284 luissem,

557 3338 706 3406 [arua
731 3336 916 3391 celebri
947 3337 1156 3410 adjecta
1187 3346 1565 3403 memorantur,
1612 3336 1888 3405 accipiam.
1927 3336 2056 3405 Qua:
2102 3348 2157 3393 tu
2263 3307 2986 3418 ‘vfff?l9f'_‘_f'_‘e_'?f’t"'_n?
3014 3309 3457 3418 mle'iesf'fimo'
3510 3412 3520 3418 Δ
3558 3405 3571 3418 ο

556 3396 623 3483 de
656 3396 1031 3501 promptuario'
1055 3428 1369 3483 scriniorum
1408 3438 1636 3496 tuorum,
1663 3430 1753 3501 qui
1773 3446 1853 3484 me
1890 3447 2054 3498 antas,
2084 3432 2154 3485 li-
2263 3396 2700 3501 vafmesgpalriﬂ
2720 3409 2807 3501 95}
2834 3401 2974 3501 mm
3005 3418 3018 3454 ³
3042 3402 3572 3501 ?°"3.’E_"“"-‘“.""i.

557 3524 680 3575 bene
701 3522 1031 3593 impartiare,
1061 3532 1269 3576 secutus
1289 3520 1525 3593 exempla
1546 3531 1817 3577 auctorum
1839 3524 2154 3593 optimorum

557 3614 578 3659 Ι
596 3614 783 3659 auibus
809 3631 906 3659 amr
933 3631 1043 3659 esse
1062 3614 1298 3659 "seruisti
1321 3612 1340 3659 \
1369 3616 1459 3659 nui
1489 3614 1776 3659 nrlmrimm
1817 3617 2047 3659 Annium
2074 3634 2155 3659 η-

2020 3487 2154 3579 ,'mm
2334 3489 2409 3546 De
2430 3499 2587 3561 patre
2614 3508 2628 3545 :
2656 3487 2933 3549 Tarbellis
2962 3492 3057 3548 sed
3079 3492 3320 3565 genitrix
3350 3495 3420 3551 ab
3445 3496 3628 3567 Aquis.

2020 3634 2047 3659 η
2074 3634 2155 3659 η-
2258 3579 2381 3654 Ipse
2402 3597 2506 3654 ego
2527 3583 2831 3656 Burdigala:
2853 3586 3071 3656 genitus
3102 3604 3114 3641 :
3139 3586 3312 3643 divisa
3340 3602 3436 3659 per
3462 3588 3621 3644 urbes

2327 3679 2574 3746 Quatuor
2602 3680 2853 3752 antiquas
2876 3681 3066 3751 stirpis
3101 3682 3256 3755 origo
3286 3699 3444 3740 meae.

2182 3780 2229 3845 ο
2261 3770 2400 3827 llinc
2447 3771 2557 3827 late
2584 3769 2702 3828 fusa
2723 3782 2805 3829 est
2833 3773 3107 3844 cognatio,
3136 3776 3355 3831 nomina
3384 3776 3567 3832 multis

2336 3867 2411 3923 Ex
2442 3877 2653 3933 nostra,
2681 3876 2744 3923 ut
2768 3867 3050 3938 placitum,
3077 3869 3242 3925 ducta
3266 3870 3431 3927 domo
3460 3872 3687 3928 veniant.

2260 3959 2514 4017 Derivata
2544 3960 2663 4017 aliis
2691 3979 2704 4015 :
2731 3961 2888 4017 nobis
2909 3963 2979 4017 ab
3006 3970 3298 4020 stemmate
3319 3963 3497 4034 primo

2334 4052 2401 4107 Et
2432 4067 2538 4131 non
2566 4053 2805 4124 cognati,
2830 4053 2924 4110 sed
2951 4053 3187 4126 genitivo
3215 4055 3453 4126 placent.

2698 2918 2965 2973 Ausonius
2995 2916 3220 2991 Syagrio
3245 2936 3341 2975 suo
3371 2919 3434 2977 S.

555 3614 783 3685 (quibus
808 3631 906 3683 par
933 3631 1043 3670 esse
1062 3614 1298 3669 meruisti
1321 3612 1340 3686 )
1369 3616 1459 3687 qui
1489 3614 1776 3671 Octaviano
1812 3617 2047 3689 Augusto
2074 3634 2155 3672 re-

553 3721 674 3761 rum
701 3707 918 3779 potienti
947 3709 1183 3762 certatim
1212 3724 1308 3761 sua
1347 3725 1505 3778 opera
1544 3709 1842 3777 tradebant,
1873 3711 2017 3765 nullo
2049 3711 2153 3779 fine

555 3798 614 3852 in
634 3802 750 3872 ejus
768 3798 1016 3854 honorem
1032 3800 1201 3855 multa
1221 3801 1522 3857 candentes.
1550 3802 1649 3868 Qui
1673 3803 1791 3858 illos
1810 3803 1950 3858 haud
1971 3805 2157 3874 sciam,

555 3908 626 3946 an
662 3892 951 3964 tequaliter,
981 3910 1041 3948 ac
1065 3910 1161 3965 ego
1192 3903 1259 3962 te,
1301 3895 1590 3952 admiratus
1617 3899 1707 3962 sit,
1747 3906 1887 3953 certe
1917 3913 2019 3953 non
2046 3916 2159 3953 am-

557 3985 695 4054 plius
717 3984 985 4058 diligebat.
1021 3985 1174 4055 Vale,
1196 4003 1405 4060 parens.

921 4120 1209 4178 Theodosio
1241 4122 1477 4197 Augusto
1512 4124 1793 4179 Ausonius.
2258 4144 2367 4203 sed
2392 4128 2529 4203 [edet

2258 4144 2367 4203 Sed
2392 4128 2556 4203 redeo
2582 4120 2660 4202 ad
2671 4120 2866 4203 seriem
2896 4166 2908 4200 :
2933 4120 3153 4219 genitor
3181 4120 3394 4204 studuit
3417 4146 3703 4211 medicinm,

546 4235 859 4307 Agricolam
886 4236 932 4291 si
963 4236 1104 4294 ﬂava
1124 4238 1294 4294 Ceres
1323 4238 1456 4295 dare
1487 4240 1705 4296 semina
1742 4250 1933 4309 terrai,
2333 4241 2753 4312 Disciplinarum
2788 4257 2909 4311 quae
2940 4242 3090 4298 dedit
3121 4257 3228 4298 una
3261 4243 3455 4299 Deum.

614 4326 886 4383 Gradivus
905 4329 1094 4399 jubeat
1120 4330 1168 4387 si
1192 4345 1392 4403 capere
1415 4346 1566 4387 arma
1593 4334 1814 4402 ducem,
2255 4336 2365 4392 Nos
2390 4336 2455 4391 ad
2485 4336 2875 4409 grammaticen
2901 4335 3145 4393 studium
3167 4339 3553 4406 convertimus,
3583 4344 3630 4393 et
3660 4348 3785 4399 mox,
3992 4314 3993 4409 ξ

905 4384 922 4399 ,
1081 4384 1089 4386 ,
1126 4384 1161 4387 γ
1204 4384 1285 4403 ,Ἰ
1602 4384 1814 4402 -----__-,
2256 4384 2364 4392 _.-_
2390 4384 2455 4391 __
2485 4384 2875 4409 c-_.-..-.--.--.-
3169 4384 3553 4406 -v...-........-,
3585 4384 3630 4393 -.

550 4420 785 4479 Solvere
814 4423 883 4479 de
907 4434 1066 4493 portu
1087 4425 1319 4481 classem
1354 4425 1641 4499 Neptunus
1674 4428 1963 4497 inermem,
2328 4428 2648 4485 Rlietorices
2670 4428 2834 4484 etiam
2856 4428 3002 4500 quod
3026 4429 3159 4485 satis
3187 4429 3487 4500 attigimus.

624 4518 827 4575 Fidere
850 4528 957 4575 tam
987 4521 1068 4575 fas
1100 4531 1208 4589 est,
1248 4537 1408 4593 quam
1439 4523 1691 4580 dubitare
1719 4527 1871 4580 nefas
1897 4542 1911 4580 :
2256 4522 2364 4579 Nec
2392 4522 2507 4579 lora
2536 4539 2642 4579 non
2665 4516 2937 4579 celebrata
2963 4522 3097 4578 mihi
3125 4540 3140 4578 :
3166 4522 3260 4580 sed
3291 4540 3418 4579 cura
3450 4521 3669 4579 docendi

550 4610 808 4666 Insanum
837 4611 1094 4678 quamvis
1120 4611 1327 4668 hiemet
1357 4628 1531 4682 mare,
1568 4615 1848 4687 crudaque
1879 4616 2045 4673 tellus
2323 4615 2555 4682 Cultior,
2578 4625 2633 4672 et
2658 4630 2857 4671 nomen
2883 4614 3234 4672 Grammatici
3266 4616 3462 4671 merui.

621 4703 961 4771 Seminibus,
994 4703 1141 4760 bello
1171 4720 1274 4761 nec
1301 4708 1437 4762 satis
1459 4716 1583 4776 apta
1609 4722 1825 4765 manus.
2255 4708 2371 4765 Non
2398 4718 2503 4765 tam
2531 4708 2736 4781 grande
2765 4708 3020 4780 quidem,
3051 4724 3156 4779 quo
3182 4709 3357 4780 gloria
3390 4717 3571 4763 nostra
3603 4704 3783 4759 subiret

546 4797 636 4853 Nil
660 4797 879 4853 dubites
905 4807 1129 4853 auctore
1154 4799 1319 4854 bono.
1354 4798 1598 4856 Mortalia
1622 4812 1879 4872 quaerunt
2325 4800 2602 4858 Emilium
2625 4812 2718 4857 aut
2746 4800 3034 4869 Scaurum,
3067 4802 3461 4875 Berytiumque
3480 4801 3723 4857 Probum:

617 4890 939 4947 Consilium.
969 4890 1161 4947 Certus
1184 4892 1339 4961 jussa
1369 4906 1597 4964 capesse
1630 4894 1749 4952 Dei.
2254 4892 2362 4950 Sed
2386 4908 2493 4964 quo
2513 4901 2809 4961 nostrates,
2842 4893 3166 4964 Aquitanica
3197 4895 3439 4958 nomina,
3469 4893 3658 4949 multos

544 4985 801 5042 Scribere
823 5000 913 5041 me
933 4985 1211 5056 Augustus
1235 4984 1412 5055 jubet,
1438 4997 1491 5042 et
1523 5001 1645 5044 mea
1672 4989 1918 5045 carmina
1949 4990 2146 5061 poscit,
2324 4985 2591 5054 Collatus,
2624 5002 2733 5042 non
2772 4996 2828 5044 et
2851 4988 3125 5057 subditus,
3157 4988 3479 5059 aspicerem.

619 5078 765 5133 Pene
794 5091 1010 5149 rogans.
1048 5075 1256 5131 Blando
1285 5076 1366 5131 vis
1398 5077 1527 5134 latet
1555 5080 1810 5146 imperio.
2252 5077 2579 5149 Exactisque
2598 5079 2795 5136 dehinc
2821 5096 2922 5151 per
2950 5080 3088 5136 trina
3117 5081 3381 5138 decennia
3405 5079 3552 5137 lastis

542 5168 662 5225 Non
695 5170 874 5225 habeo
897 5167 1415 5240 ingenium;Caesar
1442 5170 1539 5226 sed
1561 5171 1724 5241 jussit
1759 5173 2031 5229 :habeho.
2169 5173 2224 5235 D
2320 5173 2543 5229 Asserui
2573 5173 2769 5229 doctor
2807 5174 3194 5245 municipalem
3234 5189 3472 5246 operam.

614 5260 725 5315 Cur
752 5275 838 5317 me
869 5274 1031 5332 posse
1054 5275 1269 5331 negem,
1300 5274 1462 5331 posse
1487 5262 1629 5332 quod
1660 5263 1752 5320 ille
1779 5266 1971 5335 putat?
2252 5268 2431 5323 Aurea
2452 5278 2507 5322 et
2536 5268 2758 5338 Augusti
2784 5268 2984 5339 palatia
3013 5268 3200 5340 jussus
3229 5270 3407 5337 adire,

542 5352 812 5408 lnvalidas
834 5354 979 5410 vires
1015 5356 1029 5409 i
1041 5370 1133 5424 pse
1160 5356 1367 5410 excitat
1394 5373 1404 5409 :
1431 5366 1489 5411 et
1516 5357 1671 5426 juvat
1701 5359 1870 5427 idem,
2323 5366 2615 5432 Augustam
2653 5362 2898 5418 sobolem
2926 5365 3315 5434 grammaticus
3345 5364 3502 5420 docui
3529 5381 3544 5417 :

610 5442 713 5510 Qui
734 5443 894 5514 jubet
927 5463 939 5497 :
971 5446 1293 5516 obsequium
1322 5444 1521 5501 sufﬁcit
1555 5464 1680 5505 esse
1723 5464 1922 5506 meum.
2245 5451 2363 5507 Mox
2396 5453 2560 5508 etiam
2590 5453 2812 5513 rhetor:
2840 5470 2941 5511 nec
2971 5457 3118 5511 enim
3143 5456 3339 5513 fiducia
3370 5456 3526 5513 nobis

539 5534 661 5590 Non
694 5543 871 5590 tutum
904 5539 1155 5594 renuisse
1180 5537 1307 5594 deo.
1338 5536 1578 5594 Laudata
1610 5542 1839 5611 pudoris
2316 5543 2486 5610 Vana,
2515 5554 2606 5600 aut
2631 5561 2737 5600 non
2762 5547 2926 5604 solidi
2954 5548 3126 5619 gloria
3153 5549 3364 5620 judicii.

602 5628 764 5699 Saape
794 5642 946 5684 mora
972 5639 1058 5687 est
1088 5630 1383 5701 :quotiens
1411 5643 1598 5688 contra
1631 5651 1821 5705 parem
1857 5636 2096 5694 dubites.
2240 5634 2390 5694 Cedo
2418 5646 2596 5693 tamen
2625 5640 2827 5695 iuerint
2857 5641 2996 5695 fama
3027 5644 3243 5712 potiore
3267 5640 3526 5714 magistri,

538 5720 683 5786 Quin
709 5720 875 5775 etiam
905 5735 1015 5777 non
1042 5723 1193 5794 jussa
1217 5732 1411 5793 parant
1431 5738 1719 5798 erumpere
1741 5728 1946 5784 dudum
2309 5730 2445 5786 Dum
2477 5733 2608 5788 nulli
2634 5732 2793 5790 fuerit
2824 5734 3120 5806 discipulus
3151 5737 3364 5792 melior.

598 5809 871 5867 Carmina.
921 5811 1056 5879 Quis
1084 5814 1228 5871 nolit
1251 5811 1485 5872 Cmsaris
1514 5832 1635 5878 esse
1663 5819 1844 5878 liber?
2238 5823 2459 5883 Alcides
2485 5823 2741 5900 Atlantis,
2769 5836 2825 5887 et
2849 5827 3102 5888 {Eacides
3125 5828 3401 5902 Chironis,
