4072 6306
279 302 386 359 se;
1665 301 2193 360 EPIGRAMMATA.
2690 323 2698 330 -
3150 262 3157 268 ’
3473 294 3578 352 seu

344 420 496 477 Pene
519 420 660 478 Jove
696 421 797 478 iste
824 430 994 486 satus,
1032 418 1169 475 filius
1203 418 1294 475 ille
1323 418 1494 485 lovis,
1905 423 1957 480 Α
1982 415 2316 472 Veronensis
2351 416 2427 472 ait
2457 425 2613 488 poeta
2643 417 2918 490 quondam
2949 435 2962 472 :

271 514 653 582 Thessaliam,
687 515 1014 588 Thebasque
1041 530 1169 571 suos
1196 514 1437 572 habuere
1463 524 1722 585 penates:
1991 509 2320 579 lnventoque
2345 509 2494 565 dedit
2523 511 2704 565 statim
2735 509 2950 580 Nepoti.

341 610 413 665 At
445 625 609 666 meus
637 610 730 666 hic
757 618 873 665 toto
905 620 1096 682 regnat
1125 609 1178 665 in
1211 609 1345 666 orbe
1372 623 1496 665 suo.
1985 601 2057 656 At
2078 599 2503 670 nos-illepidum,
2530 601 2726 658 rudem
2758 601 3023 668 libellum,

267 703 437 775 Cujus
471 719 579 776 ego
609 718 821 769 centes,
853 711 909 758 et
931 713 1190 774 quaestor,
1219 714 1273 759 et
1299 701 1517 757 culmen
1551 701 1822 756 honorum

1984 690 2207 757 Burras,
2247 691 2587 762 quisquilias,
2623 692 2984 764 ineptiasque,

337 799 652 857 Praefectus
692 799 884 864 Gallis,
915 809 971 855 et
999 798 1206 871 Libym,
1241 805 1296 853 et
1323 797 1479 852 Latio
1505 815 1519 852 :
1983 781 2280 840 Credelllus
2305 783 2511 854 gremio
2541 784 2625 840 cui
2655 783 2988 841 fovendum?

266 893 327 951 Et
357 893 516 966 prior
547 892 807 964 indeptus
841 893 1033 959 fasces,
1064 889 1386 962 Latiumque
1409 888 1680 956 curulem,

1982 875 2191 943 Inveni,
2227 876 2439 946 trepide
2465 875 2622 933 silete
2645 889 2840 946 nactrr,

331 986 563 1055 Consul,
594 986 809 1056 collega
843 986 1170 1056 posteriore,
1205 984 1301 1039 fui.
1981 971 2090 1027 Nec
2111 970 2324 1026 doctum
2349 971 2551 1040 minus,
2575 979 2630 1028 et
2659 973 2827 1042 magis
2853 972 3170 1043 benignum,

262 1081 358 1137 llic
381 1094 490 1151 ego
514 1079 803 1136 Ausonius
833 1097 845 1132 :
872 1079 968 1134 sed
996 1087 1052 1133 tu
1081 1093 1150 1134 ne
1181 1086 1388 1144 temne,
1412 1076 1556 1148 quod
1587 1077 1732 1132 ultro

1979 1065 2156 1134 Quam
2186 1082 2345 1136 quem
2377 1064 2550 1122 Callia
2584 1067 2814 1136 prtebuit
2839 1067 3072 1122 Catullo.

328 1173 638 1230 Patronum
665 1174 872 1230 nostris
901 1184 953 1229 te
977 1187 1109 1243 paro
1135 1171 1494 1228 carminibus.
1978 1159 2092 1215 “00
2117 1159 2298 1214 "unus
2325 1159 2458 1214 mihi
2488 1158 2705 1214 Cllarior
2726 1175 2998 1224 meorum;

267 1268 522 1324 Pectoris
553 1277 617 1323 ut
645 1267 819 1324 nostri
841 1267 1027 1322 sedem
1055 1266 1216 1333 colis,
1245 1265 1388 1321 alme
1409 1265 1624 1336 Syagri,

1975 1250 2144 1319 Quem
2177 1251 2353 1322 pluris
2374 1250 2578 1307 faciunt
2609 1266 2802 1308 novem
2827 1251 3075 1318 Sorores,

324 1365 814 1435 Communemque
833 1363 1068 1428 habitas,
1093 1362 1231 1418 alter
1255 1376 1377 1432 ego,
1409 1360 1713 1417 Ausonium
1743 1376 1757 1416 :

1971 1344 2143 1411 Quam
2165 1353 2389 1400 cunctos
2417 1345 2577 1410 alios,
2604 1344 2830 1401 Marone
2858 1345 3101 1416 dempto.

215 1475 218 1478 ·
255 1457 349 1513 Sic
371 1457 544 1513 etiam
576 1467 768 1513 nostro
791 1455 1046 1526 praefatus
1082 1453 1356 1510 habebere
1383 1452 1545 1522 libro,
1969 1438 2224 1494 Pacalum
2253 1437 2394 1494 haud
2424 1438 2619 1506 dubie.
2656 1440 2841 1507 Poeta,
2873 1440 3030 1495 dicis.

325 1549 563 1607 Differat
591 1559 652 1606 ut
671 1549 865 1616 nihilo,
894 1548 966 1605 sit
988 1555 1139 1614 tuus,
1172 1561 1316 1604 anne
1343 1560 1517 1602 meus.
1969 1533 2090 1604 Ipse
2111 1543 2214 1601 est,
2246 1534 2513 1605 intrepide
2545 1535 2727 1590 volate
2753 1549 2945 1590 versus
2972 1551 2985 1588 :

1968 1626 2036 1682 Et
2067 1627 2252 1682 nidum
2273 1627 2325 1682 in
2349 1628 2558 1698 gremio
2580 1627 2761 1684 fovete
2785 1636 2920 1682 tuto.

1966 1720 2065 1778 IIic
2087 1735 2184 1776 vos
2204 1721 2456 1792 diligere,
2493 1721 2582 1776 hic
2612 1721 2756 1777 volet
2779 1721 2942 1777 tueri.

432 1792 701 1848 Ausonius
738 1793 927 1848 Latino
964 1791 1163 1849 Pacato
1193 1791 1477 1863 Drepanio,
1511 1791 1674 1847 Filio.
1887 1829 1936 1890 Β
1965 1791 2500 1886 ιεηοεοεηααλεὲθι,
2539 1814 2765 1886 probam
2796 1813 2995 1881 "add,

315 1906 423 1964 Cui
453 1907 602 1964 dono
635 1907 878 1978 lepidum
916 1923 1115 1964 novum
1144 1907 1427 1964 libellum?
1963 1908 2094 1965 Post
2117 1907 2262 1964 hunc
2281 1907 2548 1979 judicium
2581 1908 2771 1964 timete
2792 1906 3020 1962 nullum.

1445 2096 2364 2186 EPIGRAMMATA.

850 2245 888 2300 I.
918 2243 998 2301 De
1023 2244 1276 2316 Augusto.
1960 2237 2120 2307 Quod
2150 2238 2194 2294 si
2223 2239 2342 2309 lege
2372 2239 2537 2296 maris
2570 2240 2777 2296 refluus
2805 2239 2936 2295 mihi
2968 2247 3214 2295 curreret
3245 2238 3458 2304 amnis,

322 2361 540 2419 Phoebe
573 2369 766 2432 potens
792 2360 1058 2427 numeris,
1090 2373 1295 2432 praeses
1323 2357 1569 2414 Tritonia
1600 2355 1779 2423 bellis,
2029 2332 2143 2389 “"0
2165 2347 2380 2404 Possem
2410 2335 2582 2389 νῖειοε
2609 2333 2733 2389 “Ide
2762 2333 2966 2390 fere?”
2993 2332 3220 2389 δ⁰ι¹¹⁰⁵ο

240 2455 320 2513 Tu
341 2472 570 2530 quoque
601 2457 672 2512 ab
697 2457 851 2513 aerio
878 2469 1091 2527 prmpes
1123 2453 1365 2510 Victoria
1389 2452 1566 2523 lapsu,
2313 2448 2401 2507 IV.
2435 2448 2585 2503 Idem
2605 2451 2842 2505 eunulem
2859 2449 3166 2521 alloquitur.

236 2551 408 2609 Come
435 2560 751 2608 serenatam
783 2550 988 2620 duplici
1028 2549 1337 2606 diademate
1372 2548 1632 2614 frontem,
1956 2546 2229 2603 Danubius
2259 2547 2458 2618 penitis
2486 2556 2649 2618 caput
2678 2547 2982 2603 occultatus
3011 2548 3066 2603 in
3095 2549 3231 2617 oris,

236 2643 394 2701 Serta
429 2643 634 2712 ferens,
662 2660 782 2715 qua:
809 2643 952 2699 dona
984 2653 1146 2713 togae,
1179 2657 1306 2714 quae
1337 2642 1557 2713 praemia
1593 2655 1815 2713 pugna}.
2019 2638 2189 2694 Totus
2212 2640 2314 2694 sub
2338 2650 2520 2695 vestra
2546 2640 2661 2709 jam
2687 2640 2896 2696 ditione
2925 2639 3056 2695 fluo.

235 2734 488 2791 Bellandi
529 2736 786 2806 fandique
819 2744 1013 2807 potens
1043 2734 1343 2807 Angustus,
1371 2734 1639 2791 honorem
1949 2733 2064 2801 Qua
2085 2731 2323 2804 gelidum
2348 2732 2553 2790 fontem
2590 2733 2783 2789 mediis
2817 2733 3037 2788 effando
3067 2733 3296 2803 Suevis,

234 2825 328 2882 Bis
353 2837 572 2884 meret:
599 2836 658 2883 ut
686 2828 931 2898 geminet
963 2828 1172 2894 titulos,
1206 2829 1294 2900 qui
1318 2827 1507 2900 przelia
1535 2827 1699 2883 Musis
2022 2827 2268 2898 Imperiis
2296 2827 2544 2898 gravidas
2581 2844 2687 2900 qua
2721 2843 2850 2884 seco
2887 2828 3215 2885 Pannonias.

232 2916 553 2990 Temperat,
585 2929 642 2976 et
675 2919 922 2976 Geticum
953 2922 1270 2975 moderatur
1298 2919 1556 2991 Apolline
1596 2919 1838 2976 Martem.
1948 2919 2015 2976 Et
2043 2936 2146 2989 qua
2168 2920 2320 2977 dives
2347 2923 2500 2993 aquis
2533 2921 2790 2995 Scythico
2821 2922 2978 2978 solvo
3010 2923 3148 2978 ostia
3179 2931 3384 2994 ponto:

231 3012 398 3068 Arma
430 3013 574 3070 inter
594 3013 924 3086 Chunosque
955 3024 1157 3083 truces,
1189 3015 1445 3086 furtoque
1472 3024 1734 3072 nocentes
2022 3014 2212 3069 Omnia
2243 3015 2344 3069 sub
2367 3024 2607 3069 vestrum
2642 3016 2862 3070 flumina
2897 3016 3053 3070 mitto
3078 3015 3289 3086 jugum.

228 3108 604 3179 Sauromatas,
640 3123 900 3183 quantum
929 3121 1111 3168 cessat
1137 3111 1207 3166 de
1239 3119 1486 3182 tempore
1518 3111 1647 3166 belli
1673 3155 1688 3179 ,
1944 3105 2188 3174 Augusto
2220 3105 2461 3175 dabitur,
2489 3106 2583 3161 sed
2617 3106 2860 3176 proxima
2886 3105 3082 3175 palma,
3120 3104 3357 3163 Valenti.

227 3199 481 3276 Indulget
506 3205 704 3261 Clariis
735 3214 944 3262 tantum
983 3207 1125 3262 inter
1147 3214 1328 3261 castra
1357 3205 1653 3262 Camoenis.
2013 3199 2258 3254 Inveniet
2282 3199 2457 3254 fontes
2491 3198 2575 3253 hic
2605 3213 2841 3269 quoque,
2866 3197 3004 3265 Nile,
3033 3207 3177 3254 tuos.

232 3295 325 3352 Vix
357 3297 544 3368 posuit
573 3297 828 3354 volucres
855 3299 1138 3354 stridentia
1168 3297 1272 3354 tela
1301 3301 1549 3366 sagittas,

2054 3312 2118 3367 V.
2153 3312 2265 3368 Sub
2300 3312 2653 3368 Valentiniani
2678 3311 2924 3367 Junioris
2949 3314 3098 3385 signa
3125 3327 3433 3366 marmoreo.

237 3387 515 3444 Musarum
547 3390 614 3446 ad
643 3391 886 3446 calamos
914 3390 1089 3447 fertur
1121 3407 1334 3460 manus,
1363 3394 1468 3448 otia
1498 3393 1689 3460 nescit,

227 3479 294 3536 Et
311 3491 650 3538 commutata
675 3485 970 3540 meditatur
993 3486 1262 3542 arundine
1297 3470 1546 3543 carmen.

226 3573 329 3629 Sed
361 3589 586 3631 carmen
612 3592 718 3632 non
749 3578 918 3633 molle
948 3579 1148 3647 modis,
1183 3579 1327 3634 bella
1358 3579 1579 3636 horrida
1612 3581 1797 3638 Martis
1860 3567 1906 3630 C

226 3665 468 3740 Odrysii,
501 3668 862 3741 Thressaeque
892 3671 1157 3740 viraginis
1187 3686 1337 3725 arma
1373 3682 1656 3728 retractat.

229 3757 486 3827 Exsulta,
528 3760 780 3830 Eaeide,
815 3763 1114 3820 celebraris
1145 3772 1266 3819 vate
1307 3765 1545 3832 superbo

226 3853 464 3915 Rursum
492 3879 504 3914 :
532 3860 918 3932 Romanusque
951 3862 1048 3918 tibi
1079 3862 1348 3935 contingit
1394 3864 1682 3920 llomerns.

1935 3426 2089 3485 Nunc
2117 3437 2168 3484 te
2192 3444 2556 3486 marmoreum
2589 3445 2684 3500 pro
2708 3437 2928 3500 sumptu
2952 3428 3218 3496 fecimus;
3259 3439 3312 3484 at
3342 3445 3464 3484 cum

2015 3523 2289 3594 Augustus
2311 3525 2477 3579 frater
2505 3523 2853 3590 remeaverit,
2877 3537 3082 3578 aureus
3103 3535 3243 3580 esto.

1939 3637 2028 3694 Vl.
2066 3638 2296 3695 Pictura:
2323 3640 2538 3707 subditi,
2571 3640 2810 3724 ubi.Lco
2865 3657 2967 3695 una
2995 3657 3026 3694 α
3057 3637 3312 3694 Gratiano
3343 3640 3535 3712 sagitta

2577 3722 2774 3767 οεεὶευδ
2800 3722 2895 3766 σει.

1933 3824 2087 3892 Quod
2121 3824 2207 3880 leo
2237 3835 2344 3880 tam
2377 3827 2524 3880 tenui
2556 3827 2759 3896 patitur
2785 3826 2886 3880 sub
2912 3826 3178 3882 arundine
3206 3825 3436 3893 lethum,

2003 3916 2120 3973 Non
2150 3919 2299 3973 vires
2330 3917 2479 3983 ferri,
2505 3917 2600 3971 sed
2628 3916 2872 3972 ferientis
2913 3926 3097 3986 agunt.

564 3972 630 4029 II.
667 3974 746 4031 De
774 3977 888 4049 [era
916 3994 948 4032 a
978 3976 1184 4032 Cwsare
1206 3978 1496 4050 interfecta.
2111 3972 2116 3973 ί
2251 3972 2256 3973 ί
2283 3972 2290 3973 ⁷
2397 3972 2486 4085 Vl'l
2533 4027 2612 4083 De
2631 4037 2795 4082 matre
2822 3972 3040 4097 Αυσξώ

224 4089 436 4149 Cedere
465 4107 587 4164 qua:
619 4093 728 4148 lato
757 4093 934 4150 nescit
965 4093 1081 4150 fera
1109 4096 1288 4151 saucia
1325 4095 1503 4163 ferro,

293 4184 617 4255 Armatique
647 4193 806 4256 urget
838 4185 942 4242 tela
991 4196 1213 4242 cruenta
1241 4187 1364 4251 viri.

221 4273 394 4344 Quam
424 4277 659 4346 grandes
693 4293 862 4348 parvo
896 4279 1099 4348 patitur
1127 4277 1236 4334 sub
1259 4279 1489 4335 vulnere
1522 4287 1749 4347 mortes,

293 4368 365 4425 Et
393 4370 566 4426 solam
593 4369 726 4426 lethi
760 4370 868 4426 vim
899 4372 1090 4441 probat
1115 4386 1238 4428 esse
1277 4375 1531 4428 manum!

1930 4145 2072 4200 Ante
2102 4159 2296 4201 omnes
2325 4143 2460 4199 alias
2491 4143 2622 4199 felix
2651 4153 2831 4198 tamen
2865 4143 2966 4198 hoe
3004 4157 3107 4213 ego
3137 4142 3288 4197 dicar
3323 4161 3335 4197 :

2000 4237 2132 4294 Sive
2162 4236 2325 4293 deum
2349 4235 2532 4306 peperi
2561 4234 2785 4300 femina,
2810 4234 2926 4288 sive
2957 4234 3154 4288 \‘IIIIIII.

2253 4349 2386 4406 VIII.
2413 4347 2724 4404 Exhortatio
2754 4347 2824 4402 ad
2849 4348 3174 4402 modestiam.

224 4459 491 4518 Miramur
517 4476 783 4533 casusque
808 4477 1002 4529 ηονοεν
1031 4463 1352 4534 subitasque
1376 4464 1562 4520 ruinas
1593 4482 1603 4518 ε
1931 4471 2096 4528 Fama
2124 4475 2209 4524 est
2233 4465 2485 4523 fictilibus
2513 4478 2759 4520 cmnassc
2788 4461 3118 4533 Agatlioclea
3147 4477 3353 4533 regem,

292 4556 590 4624 Quaeritur,
623 4566 674 4612 et
705 4555 842 4612 fallit
873 4557 1080 4612 lumina
1109 4557 1264 4628 plaga
1298 4572 1507 4614 recens.
1996 4568 2174 4634 Atque
2200 4561 2427 4617 abacum
2449 4558 2640 4616 Samio
2667 4571 2814 4628 smpe
2845 4571 3106 4611 onerasse
3138 4557 3276 4624 luto,

222 4646 330 4704 Nec
362 4656 619 4704 contenta
649 4648 787 4705 ictos
816 4649 1094 4706 lethaliter
1122 4649 1202 4706 ire
1231 4666 1328 4722 per
1358 4661 1528 4718 artus,
1925 4656 2156 4713 Fercula
2185 4653 2467 4726 gemmatis
2491 4666 2613 4706 cum
2645 4659 2874 4722 poneret
2905 4648 3122 4704 horrida
3145 4649 3321 4717 vasis;

289 4743 587 4812 Conjungit
611 4751 820 4799 mortes
851 4760 957 4799 una
991 4744 1187 4814 sagitta
1217 4745 1374 4800 duas.
2000 4749 2067 4802 Et
2105 4748 2359 4802 misceret
2391 4759 2524 4817 opes
2557 4743 2984 4816 pauperiemque
3013 4742 3200 4799 simul.

223 4831 459 4888 Plurima
485 4834 764 4892 communi
794 4845 1027 4907 pereunt
1058 4836 1105 4891 si
1137 4835 1382 4892 fulminis
1417 4838 1555 4904 ictu,
1923 4840 2199 4910 Quasrcnti
2225 4853 2444 4895 causam
2490 4835 2775 4908 respondit
2805 4853 2817 4891 :
2848 4835 2960 4891 Rex
2992 4851 3094 4907 ego
3116 4836 3206 4906 qni
3238 4850 3355 4890 sum

292 4927 421 4983 "ch
448 4942 663 5000 quoque
685 4927 753 4983 de
782 4929 925 4984 etelo
947 4929 1172 4985 vulnera
1197 4929 1365 4985 missa
1395 4941 1567 5000 putes.
1843 4965 1896 5026 Β
1992 4933 2245 5002 Sicani-ae,
2272 4933 2435 5005 figulo
2465 4947 2585 4987 sum
2615 4933 2866 5004 genitore
2907 4941 3077 4986 satus.

558 5041 643 5096 III.
682 5041 954 5098 Danubius
988 5043 1169 5099 Nilum
1193 5045 1493 5116 alloquitur.

1937 5030 2221 5087 Fortunam
2254 5037 2572 5084 reverenter
2608 5025 2770 5094 habe,
2795 5027 3123 5097 quicumque
3149 5031 3375 5093 repente

1994 5122 2160 5178 Dives
2181 5122 2249 5178 ab
2269 5121 2444 5178 exsilii
2474 5119 2820 5192 progrediere
2861 5119 3004 5173 loco.

221 5154 449 5228 Illyricis
490 5165 747 5227 regnator
775 5157 955 5225 aquis,
985 5157 1100 5223 tibi,
1130 5159 1273 5229 Nile,
1306 5162 1600 5229 secundus,
1996 5154 2160 5178 ""W
2181 5154 2249 5178 "”
2269 5154 2444 5178 °""""
2474 5154 2820 5192 V'U‘S'Ww'“
2862 5154 3004 5173 "'w'

294 5248 570 5300 Danubius
596 5248 782 5300 Ianum
808 5248 1031 5300 profero
1059 5251 1211 5300 fante
1243 5263 1429 5300 nam"-
2407 5232 2496 5288 ΙΧ-
2532 5231 2610 5287 De
2633 5233 2746 5287 διείε
2777 5231 3024 5300 Ροθηιατί⁸

294 5248 570 5304 Danubius
596 5248 782 5304 laitum
808 5248 1031 5319 profero
1059 5251 1211 5309 fonte
1243 5263 1430 5324 caput.

219 5340 443 5397 Salvere
468 5339 740 5410 Augustos
759 5337 948 5410 jubeo,
974 5352 1291 5415 natumque,
1316 5322 1664 5420 patremque,
1919 5329 2014 5386 Est
2029 5329 2184 5399 jocus
2215 5328 2272 5383 in
2305 5329 2524 5395 nostris,
2554 5336 2683 5384 sunt
2713 5326 2853 5420 seria
2884 5323 3094 5420 multa,_
3117 5322 3348 5384 libellis;

289 5431 574 5488 Armiferis
602 5430 710 5486 alui
736 5446 874 5501 quos
895 5447 997 5502 ego
1025 5433 1341 5495 Pannoniis,
1559 5417 1571 5420 ’
1987 5423 2200 5478 Stoicus
2231 5422 2327 5476 has
2358 5431 2562 5492 partes,
2591 5421 2687 5475 has
2718 5419 2984 5489 Epicurus
3014 5417 3143 5484 agit.

220 5524 450 5582 Nuntius
471 5524 679 5580 Euxino
696 5524 809 5594 jam
842 5541 987 5583 nunc
1028 5529 1151 5586 volo
1175 5546 1404 5591 currere
1429 5544 1628 5605 ponto,
1915 5515 2073 5571 Salva
2100 5517 2229 5571 mihi
2260 5526 2500 5572 veterum
2529 5521 2746 5605 maneat
2769 5512 2895 5605 dum
2929 5509 3110 5605 regula
3145 5524 3394 5574 morum;

290 5618 361 5676 Ut
386 5619 527 5675 sciat
557 5616 658 5670 hoc
686 5619 951 5687 Superum
975 5633 1103 5676 cura
1131 5626 1368 5680 secunda
1398 5603 1635 5694 valens;

1989 5607 2163 5664 Ludat
2193 5609 2471 5678 permistis
2497 5606 2675 5663 sobria
2701 5604 2846 5660 Musa
2869 5603 3028 5672 jocis.

218 5710 401 5776 Caede,
437 5710 584 5779 fuga,
614 5709 850 5763 flammis
873 5720 1077 5766 stratos
1099 5717 1326 5783 periisse
1351 5719 1586 5775 Suevos:

2272 5723 2342 5779 X.
2376 5701 2444 5779 In
2477 5721 2790 5792 Eumpinam
2821 5713 3141 5770 adulteram.

219 5802 325 5862 Nec
348 5803 597 5861 Rhenum
625 5800 796 5859 Gallis
823 5802 1006 5862 limitis
1033 5821 1154 5864 esse
1180 5809 1321 5869 loco.
1916 5814 2122 5872 Toxica
2145 5816 2396 5890 zelotypo
2420 5815 2572 5874 dedit
2594 5828 2732 5870 uxor
2763 5807 2971 5867 moecha
3002 5807 3237 5876 marito;
