  <div class='ocr_page' id='page_1' title='image "/cluster/home/n/w/nwhite01/storage/ocr_20150623/19/hvd.32044015471345/425.png"; bbox 0 0 4072 6306; ppageno 0'>
   <div class='ocr_carea' id='block_1_1' title="bbox 564 221 3820 325">
    <p class='ocr_par' dir='ltr' id='par_1_1' title="bbox 564 221 3820 325">
     <span class='ocr_line' id='line_1_1' title="bbox 564 221 3820 325; baseline 0.014 -50"><span class='ocrx_word' id='word_1_1' title='bbox 564 221 662 284; x_wconf 70' lang='lat'><strong>87,1</strong></span> <span class='ocrx_word' id='word_1_2' title='bbox 1950 234 2133 294; x_wconf 80' lang='lat' dir='ltr'><strong>DECII</strong></span> <span class='ocrx_word' id='word_1_3' title='bbox 2173 235 2454 296; x_wconf 83' lang='lat' dir='ltr'><strong>AUSONII</strong></span> <span class='ocrx_word' id='word_1_4' title='bbox 3745 263 3820 325; x_wconf 74' lang='lat'><strong>832</strong></span> 
     </span>
    </p>
   </div>
   <div class='ocr_carea' id='block_1_2' title="bbox 634 343 3759 447">
    <p class='ocr_par' dir='ltr' id='par_1_2' title="bbox 634 343 3759 447">
     <span class='ocr_line' id='line_1_2' title="bbox 634 343 3759 447; baseline 0.011 -47"><span class='ocrx_word' id='word_1_5' title='bbox 634 345 728 401; x_wconf 86' lang='lat' dir='ltr'><strong>Dic</strong></span> <span class='ocrx_word' id='word_1_6' title='bbox 754 343 917 416; x_wconf 91' lang='lat' dir='ltr'><strong>mihi,</strong></span> <span class='ocrx_word' id='word_1_7' title='bbox 942 345 1101 403; x_wconf 92' lang='lat' dir='ltr'><strong>Rufe.</strong></span> <span class='ocrx_word' id='word_1_8' title='bbox 1131 346 1323 402; x_wconf 84' lang='lat' dir='ltr'><strong>Taces.</strong></span> <span class='ocrx_word' id='word_1_9' title='bbox 1354 345 1438 402; x_wconf 87' lang='lat' dir='ltr'><strong>Nil</strong></span> <span class='ocrx_word' id='word_1_10' title='bbox 1471 347 1564 404; x_wconf 90' lang='lat' dir='ltr'><strong>tibi</strong></span> <span class='ocrx_word' id='word_1_11' title='bbox 1597 356 1704 405; x_wconf 89' lang='lat' dir='ltr'><strong>tam</strong></span> <span class='ocrx_word' id='word_1_12' title='bbox 1735 348 1913 408; x_wconf 89' lang='lat' dir='ltr'><strong>simile</strong></span> <span class='ocrx_word' id='word_1_13' title='bbox 1941 363 2048 409; x_wconf 90' lang='lat' dir='ltr'><strong>est.</strong></span> <span class='ocrx_word' id='word_1_14' title='bbox 2183 355 2238 415; x_wconf 77' lang='grc' dir='ltr'>Α</span> <span class='ocrx_word' id='word_1_15' title='bbox 2334 355 2546 414; x_wconf 87' lang='lat' dir='ltr'><strong>Taurus</strong></span> <span class='ocrx_word' id='word_1_16' title='bbox 2571 372 2784 417; x_wconf 91' lang='lat' dir='ltr'><strong>amans.</strong></span> <span class='ocrx_word' id='word_1_17' title='bbox 2817 359 3010 420; x_wconf 78' lang='lat' dir='ltr'><strong>Pastor</strong></span> <span class='ocrx_word' id='word_1_18' title='bbox 3037 378 3160 422; x_wconf 93' lang='lat' dir='ltr'><strong>cum</strong></span> <span class='ocrx_word' id='word_1_19' title='bbox 3191 382 3358 440; x_wconf 81' lang='lat' dir='ltr'><strong>grege</strong></span> <span class='ocrx_word' id='word_1_20' title='bbox 3387 371 3564 430; x_wconf 88' lang='lat' dir='ltr'><strong>mittet</strong></span> <span class='ocrx_word' id='word_1_21' title='bbox 3590 390 3759 447; x_wconf 89' lang='lat' dir='ltr'><strong>agens.</strong></span> 
     </span>
    </p>
   </div>
   <div class='ocr_carea' id='block_1_3' title="bbox 1019 461 3554 556">
    <p class='ocr_par' dir='ltr' id='par_1_3' title="bbox 1019 461 3554 556">
     <span class='ocr_line' id='line_1_3' title="bbox 1019 461 3554 556; baseline 0.01 -38"><span class='ocrx_word' id='word_1_22' title='bbox 1019 461 1180 518; x_wconf 80' lang='lat' dir='ltr'><strong>XLII.</strong></span> <span class='ocrx_word' id='word_1_23' title='bbox 1212 462 1290 518; x_wconf 83' lang='lat' dir='ltr'><strong>De</strong></span> <span class='ocrx_word' id='word_1_24' title='bbox 1315 463 1492 518; x_wconf 85' lang='lat' dir='ltr'><strong>eadem</strong></span> <span class='ocrx_word' id='word_1_25' title='bbox 1515 465 1710 524; x_wconf 84' lang='lat' dir='ltr'><strong>tabula.</strong></span> <span class='ocrx_word' id='word_1_26' title='bbox 2593 473 2726 532; x_wconf 89' lang='lat' dir='ltr'><strong>LIV.</strong></span> <span class='ocrx_word' id='word_1_27' title='bbox 2761 477 2839 534; x_wconf 82' lang='lat' dir='ltr'><strong>De</strong></span> <span class='ocrx_word' id='word_1_28' title='bbox 2865 481 3049 536; x_wconf 74' lang='lat' dir='ltr'><strong>cadent</strong></span> <span class='ocrx_word' id='word_1_29' title='bbox 3079 482 3318 556; x_wconf 76' lang='lat' dir='ltr'><strong>Myronis</strong></span> <span class='ocrx_word' id='word_1_30' title='bbox 3348 487 3554 544; x_wconf 83' lang='lat' dir='ltr'><strong>bucula.</strong></span> 
     </span>
    </p>
   </div>
   <div class='ocr_carea' id='block_1_4' title="bbox 562 576 3612 679">
    <p class='ocr_par' dir='ltr' id='par_1_4' title="bbox 562 576 3612 679">
     <span class='ocr_line' id='line_1_4' title="bbox 562 576 3612 679; baseline 0.01 -43"><span class='ocrx_word' id='word_1_31' title='bbox 562 576 725 636; x_wconf 68' lang='lat' dir='ltr'><strong>HAEC</strong></span> <span class='ocrx_word' id='word_1_32' title='bbox 749 578 868 634; x_wconf 86' lang='lat' dir='ltr'><strong>Rufi</strong></span> <span class='ocrx_word' id='word_1_33' title='bbox 899 579 1077 636; x_wconf 87' lang='lat' dir='ltr'><strong>tabula</strong></span> <span class='ocrx_word' id='word_1_34' title='bbox 1104 589 1209 637; x_wconf 91' lang='lat' dir='ltr'><strong>est.</strong></span> <span class='ocrx_word' id='word_1_35' title='bbox 1239 579 1325 637; x_wconf 85' lang='lat' dir='ltr'><strong>Nil</strong></span> <span class='ocrx_word' id='word_1_36' title='bbox 1353 583 1552 639; x_wconf 88' lang='lat' dir='ltr'><strong>verius.</strong></span> <span class='ocrx_word' id='word_1_37' title='bbox 1580 583 1702 655; x_wconf 85' lang='lat' dir='ltr'><strong>Ipse</strong></span> <span class='ocrx_word' id='word_1_38' title='bbox 1731 583 1821 640; x_wconf 92' lang='lat' dir='ltr'><strong>ubi</strong></span> <span class='ocrx_word' id='word_1_39' title='bbox 1849 583 2054 642; x_wconf 78' lang='lat' dir='ltr'><strong>Rufus?</strong></span> <span class='ocrx_word' id='word_1_40' title='bbox 2262 588 2432 647; x_wconf 64' lang='lat' dir='ltr'><strong>Erea</strong></span> <span class='ocrx_word' id='word_1_41' title='bbox 2459 593 2720 664; x_wconf 86' lang='lat' dir='ltr'><strong>mugitum</strong></span> <span class='ocrx_word' id='word_1_42' title='bbox 2746 591 2961 668; x_wconf 89' lang='lat' dir='ltr'><strong>poterat</strong></span> <span class='ocrx_word' id='word_1_43' title='bbox 2990 599 3121 657; x_wconf 91' lang='lat' dir='ltr'><strong>dare</strong></span> <span class='ocrx_word' id='word_1_44' title='bbox 3149 617 3311 660; x_wconf 82' lang='lat' dir='ltr'><strong>vacca</strong></span> <span class='ocrx_word' id='word_1_45' title='bbox 3341 606 3574 679; x_wconf 79' lang='lat' dir='ltr'><strong>Myronis</strong></span> <span class='ocrx_word' id='word_1_46' title='bbox 3599 628 3612 666; x_wconf 91' lang='lat'><strong>:</strong></span> 
     </span>
    </p>
   </div>
   <div class='ocr_carea' id='block_1_5' title="bbox 631 673 3474 768">
    <p class='ocr_par' dir='ltr' id='par_1_5' title="bbox 631 673 3474 768">
     <span class='ocr_line' id='line_1_5' title="bbox 631 673 3474 768; baseline 0.008 -38"><span class='ocrx_word' id='word_1_47' title='bbox 631 673 685 730; x_wconf 88' lang='lat' dir='ltr'><strong>In</strong></span> <span class='ocrx_word' id='word_1_48' title='bbox 711 673 990 732; x_wconf 83' lang='lat' dir='ltr'><strong>cathedra.</strong></span> <span class='ocrx_word' id='word_1_49' title='bbox 1023 673 1164 743; x_wconf 87' lang='lat' dir='ltr'><strong>Quid</strong></span> <span class='ocrx_word' id='word_1_50' title='bbox 1193 676 1340 748; x_wconf 85' lang='lat' dir='ltr'><strong>agit?</strong></span> <span class='ocrx_word' id='word_1_51' title='bbox 1374 677 1512 746; x_wconf 89' lang='lat' dir='ltr'><strong>lloc,</strong></span> <span class='ocrx_word' id='word_1_52' title='bbox 1542 679 1686 751; x_wconf 88' lang='lat' dir='ltr'><strong>quod</strong></span> <span class='ocrx_word' id='word_1_53' title='bbox 1717 688 1773 736; x_wconf 94' lang='lat' dir='ltr'><strong>et</strong></span> <span class='ocrx_word' id='word_1_54' title='bbox 1803 679 1857 737; x_wconf 93' lang='lat' dir='ltr'><strong>in</strong></span> <span class='ocrx_word' id='word_1_55' title='bbox 1891 680 2095 738; x_wconf 88' lang='lat' dir='ltr'><strong>tabula.</strong></span> <span class='ocrx_word' id='word_1_56' title='bbox 2335 683 2443 741; x_wconf 89' lang='lat' dir='ltr'><strong>Sed</strong></span> <span class='ocrx_word' id='word_1_57' title='bbox 2474 684 2627 743; x_wconf 87' lang='lat' dir='ltr'><strong>timet</strong></span> <span class='ocrx_word' id='word_1_58' title='bbox 2653 689 2874 747; x_wconf 89' lang='lat' dir='ltr'><strong>artificis</strong></span> <span class='ocrx_word' id='word_1_59' title='bbox 2905 689 3155 751; x_wconf 86' lang='lat' dir='ltr'><strong>deterere</strong></span> <span class='ocrx_word' id='word_1_60' title='bbox 3180 673 3474 768; x_wconf 79' lang='lat' dir='ltr'><strong>ingenium.</strong></span> 
     </span>
    </p>
   </div>
   <div class='ocr_carea' id='block_1_6' title="bbox 1009 775 3784 870">
    <p class='ocr_par' dir='ltr' id='par_1_6' title="bbox 1009 775 3784 870">
     <span class='ocr_line' id='line_1_6' title="bbox 1009 775 3784 870; baseline 0.008 -38"><span class='ocrx_word' id='word_1_61' title='bbox 1009 791 1196 849; x_wconf 67' lang='grc' dir='ltr'>χιιῃ,</span> <span class='ocrx_word' id='word_1_62' title='bbox 1231 793 1311 849; x_wconf 71' lang='grc' dir='ltr'><strong>οε</strong></span> <span class='ocrx_word' id='word_1_63' title='bbox 1336 797 1510 852; x_wconf 59' lang='lat' dir='ltr'><strong><em>eodem</em></strong></span> <span class='ocrx_word' id='word_1_64' title='bbox 1541 796 1706 870; x_wconf 50' lang='lat' dir='ltr'><strong><em>Rufo.</em></strong></span> <span class='ocrx_word' id='word_1_65' title='bbox 2261 775 2493 870; x_wconf 77' lang='lat' dir='ltr'><strong>Fingere</strong></span> <span class='ocrx_word' id='word_1_66' title='bbox 2517 794 2642 836; x_wconf 91' lang='lat' dir='ltr'><strong>nam</strong></span> <span class='ocrx_word' id='word_1_67' title='bbox 2670 779 2900 838; x_wconf 84' lang='lat' dir='ltr'><strong>similem</strong></span> <span class='ocrx_word' id='word_1_68' title='bbox 2932 784 3088 852; x_wconf 61' lang='lat' dir='ltr'><strong>vivae,</strong></span> <span class='ocrx_word' id='word_1_69' title='bbox 3121 803 3284 857; x_wconf 86' lang='lat' dir='ltr'><strong>quam</strong></span> <span class='ocrx_word' id='word_1_70' title='bbox 3317 791 3522 860; x_wconf 77' lang='lat' dir='ltr'><strong>vivere,</strong></span> <span class='ocrx_word' id='word_1_71' title='bbox 3553 793 3665 866; x_wconf 84' lang='lat' dir='ltr'><strong>plus</strong></span> <span class='ocrx_word' id='word_1_72' title='bbox 3691 806 3784 865; x_wconf 87' lang='lat' dir='ltr'><strong>est;</strong></span> 
     </span>
    </p>
   </div>
   <div class='ocr_carea' id='block_1_7' title="bbox 560 868 3465 966">
    <p class='ocr_par' dir='ltr' id='par_1_7' title="bbox 560 868 3465 966">
     <span class='ocr_line' id='line_1_7' title="bbox 560 868 3465 966; baseline -0.003 -4"><span class='ocrx_word' id='word_1_73' title='bbox 560 905 935 964; x_wconf 78' lang='lat' dir='ltr'><strong>REMINISCO</strong></span> <span class='ocrx_word' id='word_1_74' title='bbox 962 904 1134 964; x_wconf 81' lang='lat' dir='ltr'><strong>Rufus</strong></span> <span class='ocrx_word' id='word_1_75' title='bbox 1164 906 1302 964; x_wconf 80' lang='lat' dir='ltr'><strong>dixit</strong></span> <span class='ocrx_word' id='word_1_76' title='bbox 1331 908 1387 964; x_wconf 91' lang='lat' dir='ltr'><strong>in</strong></span> <span class='ocrx_word' id='word_1_77' title='bbox 1419 924 1577 965; x_wconf 90' lang='lat' dir='ltr'><strong>versu</strong></span> <span class='ocrx_word' id='word_1_78' title='bbox 1606 868 1745 966; x_wconf 78' lang='lat' dir='ltr'><strong>suo:</strong></span> <span class='ocrx_word' id='word_1_79' title='bbox 2329 868 2440 927; x_wconf 67' lang='lat' dir='ltr'><strong>Nec</strong></span> <span class='ocrx_word' id='word_1_80' title='bbox 2461 880 2587 928; x_wconf 71' lang='grc' dir='ltr'><strong>δυηι</strong></span> <span class='ocrx_word' id='word_1_81' title='bbox 2609 871 2746 929; x_wconf 52' lang='lat' dir='ltr'><strong>facta</strong></span> <span class='ocrx_word' id='word_1_82' title='bbox 2773 875 2860 931; x_wconf 64' lang='grc' dir='ltr'><strong>δαί</strong></span> <span class='ocrx_word' id='word_1_83' title='bbox 2892 877 3062 943; x_wconf 55' lang='lat' dir='ltr'><strong>mira.</strong></span> <span class='ocrx_word' id='word_1_84' title='bbox 3091 880 3192 936; x_wconf 77' lang='lat' dir='ltr'><strong>sed</strong></span> <span class='ocrx_word' id='word_1_85' title='bbox 3215 882 3465 940; x_wconf 74' lang='lat' dir='ltr'><strong>artiﬁcis.</strong></span> 
     </span>
    </p>
   </div>
   <div class='ocr_carea' id='block_1_8' title="bbox 556 987 3431 1072">
    <p class='ocr_par' dir='ltr' id='par_1_8' title="bbox 556 987 3431 1072">
     <span class='ocr_line' id='line_1_8' title="bbox 556 987 3431 1072; baseline 0.001 -17"><span class='ocrx_word' id='word_1_86' title='bbox 556 999 695 1056; x_wconf 89' lang='lat' dir='ltr'><strong>COR</strong></span> <span class='ocrx_word' id='word_1_87' title='bbox 723 1015 853 1072; x_wconf 90' lang='lat' dir='ltr'><strong>ergo</strong></span> <span class='ocrx_word' id='word_1_88' title='bbox 885 1015 1099 1070; x_wconf 89' lang='lat' dir='ltr'><strong>versus,</strong></span> <span class='ocrx_word' id='word_1_89' title='bbox 1127 1002 1234 1058; x_wconf 92' lang='lat' dir='ltr'><strong>imo</strong></span> <span class='ocrx_word' id='word_1_90' title='bbox 1261 1001 1434 1059; x_wconf 91' lang='lat' dir='ltr'><strong>Rufus</strong></span> <span class='ocrx_word' id='word_1_91' title='bbox 1465 1019 1575 1061; x_wconf 91' lang='lat' dir='ltr'><strong>non</strong></span> <span class='ocrx_word' id='word_1_92' title='bbox 1601 1004 1784 1062; x_wconf 82' lang='lat' dir='ltr'><strong>habet.</strong></span> <span class='ocrx_word' id='word_1_93' title='bbox 2617 992 2620 996; x_wconf 73' lang='grc'><strong>’</strong></span> <span class='ocrx_word' id='word_1_94' title='bbox 2686 987 2796 1043; x_wconf 80' lang='lat' dir='ltr'><strong>LV-</strong></span> <span class='ocrx_word' id='word_1_95' title='bbox 2828 988 3029 1046; x_wconf 67' lang='lat' dir='ltr'><strong>Eadem</strong></span> <span class='ocrx_word' id='word_1_96' title='bbox 3058 994 3247 1048; x_wconf 71' lang='lat' dir='ltr'><strong>bucula</strong></span> <span class='ocrx_word' id='word_1_97' title='bbox 3273 995 3336 1050; x_wconf 76' lang='lat' dir='ltr'><strong>de</strong></span> <span class='ocrx_word' id='word_1_98' title='bbox 3355 1013 3431 1051; x_wconf 71' lang='lat' dir='ltr'><strong>se.</strong></span> 
     </span>
    </p>
   </div>
   <div class='ocr_carea' id='block_1_9' title="bbox 1160 1097 3730 1183">
    <p class='ocr_par' dir='ltr' id='par_1_9' title="bbox 1160 1097 3730 1183">
     <span class='ocr_line' id='line_1_9' title="bbox 1160 1097 3730 1183; baseline 0.005 -26"><span class='ocrx_word' id='word_1_99' title='bbox 1160 1119 1346 1176; x_wconf 47' lang='lat' dir='ltr'><strong>xuv.</strong></span> <span class='ocrx_word' id='word_1_100' title='bbox 1381 1119 1548 1176; x_wconf 59' lang='lat' dir='ltr'><strong>Idem</strong></span> <span class='ocrx_word' id='word_1_101' title='bbox 2260 1097 2427 1155; x_wconf 62' lang='lat' dir='ltr'><strong>[Erea</strong></span> <span class='ocrx_word' id='word_1_102' title='bbox 2455 1100 2554 1156; x_wconf 90' lang='lat' dir='ltr'><strong>bos</strong></span> <span class='ocrx_word' id='word_1_103' title='bbox 2579 1111 2836 1160; x_wconf 83' lang='lat' dir='ltr'><strong>steteram</strong></span> <span class='ocrx_word' id='word_1_104' title='bbox 2862 1146 2878 1174; x_wconf 91' lang='lat'><strong>,</strong></span> <span class='ocrx_word' id='word_1_105' title='bbox 2911 1114 3147 1162; x_wconf 87' lang='lat' dir='ltr'><strong>mactata</strong></span> <span class='ocrx_word' id='word_1_106' title='bbox 3171 1119 3254 1165; x_wconf 88' lang='lat' dir='ltr'><strong>est</strong></span> <span class='ocrx_word' id='word_1_107' title='bbox 3281 1125 3442 1168; x_wconf 84' lang='lat' dir='ltr'><strong>vacca</strong></span> <span class='ocrx_word' id='word_1_108' title='bbox 3472 1112 3730 1183; x_wconf 71' lang='lat' dir='ltr'><strong>Minervio,</strong></span> 
     </span>
    </p>
   </div>
   <div class='ocr_carea' id='block_1_10' title="bbox 556 1192 3604 1310">
    <p class='ocr_par' dir='ltr' id='par_1_10' title="bbox 556 1192 3604 1310">
     <span class='ocr_line' id='line_1_10' title="bbox 556 1192 3604 1310; baseline 0.006 -18"><span class='ocrx_word' id='word_1_109' title='bbox 556 1235 660 1308; x_wconf 91' lang='lat' dir='ltr'><strong>Qui</strong></span> <span class='ocrx_word' id='word_1_110' title='bbox 690 1236 1060 1295; x_wconf 80' lang='lat' dir='ltr'><strong>REMINISCO</strong></span> <span class='ocrx_word' id='word_1_111' title='bbox 1088 1247 1244 1309; x_wconf 85' lang='lat' dir='ltr'><strong>putat</strong></span> <span class='ocrx_word' id='word_1_112' title='bbox 1270 1254 1330 1295; x_wconf 90' lang='lat' dir='ltr'><strong>se</strong></span> <span class='ocrx_word' id='word_1_113' title='bbox 1354 1238 1534 1295; x_wconf 89' lang='lat' dir='ltr'><strong>dicere</strong></span> <span class='ocrx_word' id='word_1_114' title='bbox 1557 1253 1716 1310; x_wconf 84' lang='lat' dir='ltr'><strong>posse</strong></span> <span class='ocrx_word' id='word_1_115' title='bbox 1745 1239 1966 1297; x_wconf 83' lang='lat' dir='ltr'><strong>Latine:</strong></span> <span class='ocrx_word' id='word_1_116' title='bbox 2262 1192 2888 1310; x_wconf 51' lang='grc' dir='ltr'><strong>ηδξίῖῗῗῗῗξθῗῗξῗῗῖ</strong></span> <span class='ocrx_word' id='word_1_117' title='bbox 2907 1201 3183 1256; x_wconf 69' lang='grc'><strong>¹⁹³¹¹⁵¹¹¹¹¹⁸</strong></span> <span class='ocrx_word' id='word_1_118' title='bbox 3212 1201 3321 1259; x_wconf 77' lang='grc'><strong>¹¹¹¹⁰</strong></span> <span class='ocrx_word' id='word_1_119' title='bbox 3350 1219 3604 1310; x_wconf 70' lang='grc' dir='ltr'><strong>³¹¹¹¹¹¹³¹¹ἷ¹⁶</strong></span> 
     </span>
    </p>
   </div>
   <div class='ocr_carea' id='block_1_11' title="bbox 2260 1283 3726 1367">
    <p class='ocr_par' dir='ltr' id='par_1_11' title="bbox 2260 1283 3726 1367">
     <span class='ocr_line' id='line_1_11' title="bbox 2260 1283 3726 1367; baseline 0.012 -27"><span class='ocrx_word' id='word_1_120' title='bbox 2260 1283 2324 1341; x_wconf 81' lang='lat' dir='ltr'><strong>Et</strong></span> <span class='ocrx_word' id='word_1_121' title='bbox 2351 1285 2515 1342; x_wconf 92' lang='lat' dir='ltr'><strong>modo</strong></span> <span class='ocrx_word' id='word_1_122' title='bbox 2543 1303 2662 1344; x_wconf 91' lang='lat' dir='ltr'><strong>sum</strong></span> <span class='ocrx_word' id='word_1_123' title='bbox 2691 1287 2890 1362; x_wconf 77' lang='lat' dir='ltr'><strong>duplex</strong></span> <span class='ocrx_word' id='word_1_124' title='bbox 2923 1310 2935 1344; x_wconf 92' lang='lat'><strong>:</strong></span> <span class='ocrx_word' id='word_1_125' title='bbox 2968 1309 3092 1364; x_wconf 89' lang='lat' dir='ltr'><strong>pars</strong></span> <span class='ocrx_word' id='word_1_126' title='bbox 3121 1310 3298 1364; x_wconf 68' lang='lat' dir='ltr'><strong>mrea,</strong></span> <span class='ocrx_word' id='word_1_127' title='bbox 3335 1311 3463 1367; x_wconf 88' lang='lat' dir='ltr'><strong>pars</strong></span> <span class='ocrx_word' id='word_1_128' title='bbox 3489 1297 3726 1358; x_wconf 87' lang='lat' dir='ltr'><strong>animata.</strong></span> 
     </span>
    </p>
   </div>
   <div class='ocr_carea' id='block_1_12' title="bbox 561 1332 3478 1457">
    <p class='ocr_par' dir='ltr' id='par_1_12' title="bbox 561 1332 3478 1457">
     <span class='ocr_line' id='line_1_12' title="bbox 561 1332 3478 1457; baseline 0.01 -69"><span class='ocrx_word' id='word_1_129' title='bbox 561 1332 690 1403; x_wconf 89' lang='lat' dir='ltr'><strong>IIic,</strong></span> <span class='ocrx_word' id='word_1_130' title='bbox 736 1333 828 1390; x_wconf 90' lang='lat' dir='ltr'><strong>ubi</strong></span> <span class='ocrx_word' id='word_1_131' title='bbox 878 1332 968 1390; x_wconf 91' lang='lat' dir='ltr'><strong>C0</strong></span> <span class='ocrx_word' id='word_1_132' title='bbox 1004 1336 1264 1405; x_wconf 82' lang='lat' dir='ltr'><strong>scriptum</strong></span> <span class='ocrx_word' id='word_1_133' title='bbox 1311 1343 1426 1402; x_wconf 87' lang='lat' dir='ltr'><strong>est,</strong></span> <span class='ocrx_word' id='word_1_134' title='bbox 1483 1334 1687 1404; x_wconf 90' lang='lat' dir='ltr'><strong>legeret</strong></span> <span class='ocrx_word' id='word_1_135' title='bbox 1731 1333 1901 1457; x_wconf 46' lang='grc' dir='ltr'><strong>(κιαι,</strong></span> <span class='ocrx_word' id='word_1_136' title='bbox 1959 1338 2004 1392; x_wconf 90' lang='lat' dir='ltr'><strong>si</strong></span> <span class='ocrx_word' id='word_1_137' title='bbox 2062 1353 2157 1396; x_wconf 88' lang='lat' dir='ltr'><strong>cor</strong></span> 
     </span>
     <span class='ocr_line' id='line_1_13' title="bbox 1781 1434 2022 1457; baseline 0 0"><span class='ocrx_word' id='word_1_138' title='bbox 1781 1434 1792 1457; x_wconf 78' lang='grc' dir='ltr'><strong>ι</strong></span> <span class='ocrx_word' id='word_1_139' title='bbox 1825 1447 1866 1457; x_wconf 75' lang='grc'><strong>.-</strong></span> <span class='ocrx_word' id='word_1_140' title='bbox 1893 1442 2022 1457; x_wconf 45' lang='grc' dir='ltr'><strong>ω--.</strong></span> 
     </span>
    </p>
   </div>
   <div class='ocr_carea' id='block_1_13' title="bbox 1029 1431 3544 1599">
    <p class='ocr_par' dir='ltr' id='par_1_13' title="bbox 1029 1431 3544 1599">
     <span class='ocr_line' id='line_1_14' title="bbox 1029 1431 3544 1599; baseline 0 -34"><span class='ocrx_word' id='word_1_141' title='bbox 1029 1526 1189 1584; x_wconf 45' lang='lat' dir='ltr'><strong>XLV.</strong></span> <span class='ocrx_word' id='word_1_142' title='bbox 1225 1526 1301 1582; x_wconf 65' lang='lat' dir='ltr'><strong>De</strong></span> <span class='ocrx_word' id='word_1_143' title='bbox 1325 1528 1504 1582; x_wconf 55' lang='lat' dir='ltr'><strong><em>eodem</em></strong></span> <span class='ocrx_word' id='word_1_144' title='bbox 1529 1529 1688 1599; x_wconf 48' lang='lat' dir='ltr'><strong>Rufo.</strong></span> <span class='ocrx_word' id='word_1_145' title='bbox 1780 1431 2044 1506; x_wconf 41' lang='lat' dir='ltr'><strong>[haberet</strong></span> <span class='ocrx_word' id='word_1_146' title='bbox 2585 1497 2721 1555; x_wconf 85' lang='lat' dir='ltr'><strong>LVI.</strong></span> <span class='ocrx_word' id='word_1_147' title='bbox 2755 1499 2835 1556; x_wconf 86' lang='lat' dir='ltr'><strong>De</strong></span> <span class='ocrx_word' id='word_1_148' title='bbox 2862 1504 3041 1559; x_wconf 84' lang='lat' dir='ltr'><strong>eadem</strong></span> <span class='ocrx_word' id='word_1_149' title='bbox 3071 1504 3313 1578; x_wconf 79' lang='lat' dir='ltr'><strong>Myronis</strong></span> <span class='ocrx_word' id='word_1_150' title='bbox 3339 1509 3544 1567; x_wconf 84' lang='lat' dir='ltr'><strong>bucula.</strong></span> 
     </span>
    </p>
   </div>
   <div class='ocr_carea' id='block_1_14' title="bbox 561 1609 2169 1720">
    <p class='ocr_par' dir='ltr' id='par_1_14' title="bbox 561 1641 1720 1715">
     <span class='ocr_line' id='line_1_15' title="bbox 561 1641 1720 1715; baseline 0.002 -18"><span class='ocrx_word' id='word_1_151' title='bbox 561 1641 734 1697; x_wconf 90' lang='lat' dir='ltr'><strong>Rufus</strong></span> <span class='ocrx_word' id='word_1_152' title='bbox 761 1650 983 1697; x_wconf 90' lang='lat' dir='ltr'><strong>vocatus</strong></span> <span class='ocrx_word' id='word_1_153' title='bbox 1012 1641 1198 1698; x_wconf 82' lang='lat' dir='ltr'><strong>rhetor</strong></span> <span class='ocrx_word' id='word_1_154' title='bbox 1227 1642 1358 1698; x_wconf 91' lang='lat' dir='ltr'><strong>olim</strong></span> <span class='ocrx_word' id='word_1_155' title='bbox 1386 1642 1453 1699; x_wconf 89' lang='lat' dir='ltr'><strong>ad</strong></span> <span class='ocrx_word' id='word_1_156' title='bbox 1482 1643 1720 1715; x_wconf 89' lang='lat' dir='ltr'><strong>nuptias,</strong></span> 
     </span>
    </p>
   </div>
   <div class='ocr_carea' id='block_1_15' title="bbox 1843 1609 3451 1720">
    <p class='ocr_par' dir='ltr' id='par_1_15' title="bbox 2258 1609 3451 1694">
     <span class='ocr_line' id='line_1_16' title="bbox 2258 1609 3451 1694; baseline 0.013 -29"><span class='ocrx_word' id='word_1_157' title='bbox 2258 1609 2495 1667; x_wconf 85' lang='lat' dir='ltr'><strong>Necdum</strong></span> <span class='ocrx_word' id='word_1_158' title='bbox 2527 1613 2733 1671; x_wconf 89' lang='lat' dir='ltr'><strong>caduco</strong></span> <span class='ocrx_word' id='word_1_159' title='bbox 2762 1617 2898 1685; x_wconf 90' lang='lat' dir='ltr'><strong>sole,</strong></span> <span class='ocrx_word' id='word_1_160' title='bbox 2929 1619 3041 1689; x_wconf 89' lang='lat' dir='ltr'><strong>jam</strong></span> <span class='ocrx_word' id='word_1_161' title='bbox 3071 1620 3177 1676; x_wconf 88' lang='lat' dir='ltr'><strong>sub</strong></span> <span class='ocrx_word' id='word_1_162' title='bbox 3203 1637 3451 1694; x_wconf 86' lang='lat' dir='ltr'><strong>vespere,</strong></span> 
     </span>
    </p>
   </div>
   <div class='ocr_carea' id='block_1_16' title="bbox 628 1707 3532 1822">
    <p class='ocr_par' dir='ltr' id='par_1_16' title="bbox 628 1707 3532 1822">
     <span class='ocr_line' id='line_1_17' title="bbox 628 1707 3532 1822; baseline -0 -35"><span class='ocrx_word' id='word_1_163' title='bbox 628 1732 841 1788; x_wconf 89' lang='lat' dir='ltr'><strong>Celehri</strong></span> <span class='ocrx_word' id='word_1_164' title='bbox 871 1733 954 1805; x_wconf 84' lang='lat' dir='ltr'><strong>(ut</strong></span> <span class='ocrx_word' id='word_1_165' title='bbox 983 1732 1062 1805; x_wconf 84' lang='lat' dir='ltr'><strong>Iit)</strong></span> <span class='ocrx_word' id='word_1_166' title='bbox 1097 1734 1369 1801; x_wconf 85' lang='lat' dir='ltr'><strong>convivio,</strong></span> <span class='ocrx_word' id='word_1_167' title='bbox 1557 1707 1571 1715; x_wconf 47' lang='lat'><em>-</em></span> <span class='ocrx_word' id='word_1_168' title='bbox 1705 1707 1714 1712; x_wconf 23' lang='grc' dir='ltr'>ν</span> <span class='ocrx_word' id='word_1_169' title='bbox 2183 1746 2232 1808; x_wconf 78' lang='grc' dir='ltr'><strong>Β</strong></span> <span class='ocrx_word' id='word_1_170' title='bbox 2260 1707 2746 1822; x_wconf 41' lang='grc' dir='ltr'><strong>ἓξῗῗέί-ξξξέθξίξθδ</strong></span> <span class='ocrx_word' id='word_1_171' title='bbox 2774 1728 2895 1768; x_wconf 73' lang='lat' dir='ltr'><strong>Cum</strong></span> <span class='ocrx_word' id='word_1_172' title='bbox 2929 1714 3358 1822; x_wconf 19' lang='lat' dir='ltr'><strong>dfmu‘mAPaSlOl‘</strong></span> <span class='ocrx_word' id='word_1_173' title='bbox 3386 1734 3532 1786; x_wconf 65' lang='grc' dir='ltr'><strong>διιθςο</strong></span> 
     </span>
    </p>
   </div>
   <div class='ocr_carea' id='block_1_17' title="bbox 558 1801 3496 1900">
    <p class='ocr_par' dir='ltr' id='par_1_17' title="bbox 558 1801 3496 1900">
     <span class='ocr_line' id='line_1_18' title="bbox 558 1801 3496 1900; baseline 0.007 -22"><span class='ocrx_word' id='word_1_174' title='bbox 558 1801 941 1881; x_wconf 64' lang='lat' dir='ltr'><strong>Grammaticas</strong></span> <span class='ocrx_word' id='word_1_175' title='bbox 969 1835 1026 1882; x_wconf 82' lang='grc' dir='ltr'><strong>ιιι</strong></span> <span class='ocrx_word' id='word_1_176' title='bbox 1044 1801 1185 1883; x_wconf 81' lang='lat' dir='ltr'><strong>artis</strong></span> <span class='ocrx_word' id='word_1_177' title='bbox 1210 1843 1269 1884; x_wconf 91' lang='lat' dir='ltr'><strong>se</strong></span> <span class='ocrx_word' id='word_1_178' title='bbox 1300 1830 1535 1900; x_wconf 90' lang='lat' dir='ltr'><strong>peritum</strong></span> <span class='ocrx_word' id='word_1_179' title='bbox 1567 1831 1917 1900; x_wconf 89' lang='lat' dir='ltr'><strong>ostenderet,</strong></span> <span class='ocrx_word' id='word_1_180' title='bbox 2259 1801 2424 1858; x_wconf 70' lang='lat' dir='ltr'><strong>suam</strong></span> <span class='ocrx_word' id='word_1_181' title='bbox 2451 1805 2782 1874; x_wconf 59' lang='lat' dir='ltr'><strong>rehm‘mm’</strong></span> <span class='ocrx_word' id='word_1_182' title='bbox 2815 1822 2903 1863; x_wconf 71' lang='lat' dir='ltr'><strong>me</strong></span> <span class='ocrx_word' id='word_1_183' title='bbox 2935 1810 3206 1878; x_wconf 60' lang='lat' dir='ltr'><strong>mmal’m’</strong></span> <span class='ocrx_word' id='word_1_184' title='bbox 3241 1819 3297 1867; x_wconf 64' lang='grc'>¹¹¹</span> <span class='ocrx_word' id='word_1_185' title='bbox 3324 1827 3496 1868; x_wconf 70' lang='grc'><strong>⁵¹¹³¹¹¹⁶</strong></span> 
     </span>
    </p>
   </div>
   <div class='ocr_carea' id='block_1_18' title="bbox 631 1916 3405 1991">
    <p class='ocr_par' dir='ltr' id='par_1_18' title="bbox 631 1916 3405 1991">
     <span class='ocr_line' id='line_1_19' title="bbox 631 1916 3405 1991; baseline 0.004 -20"><span class='ocrx_word' id='word_1_186' title='bbox 631 1916 758 1973; x_wconf 70' lang='lat' dir='ltr'><strong>Hice</strong></span> <span class='ocrx_word' id='word_1_187' title='bbox 780 1927 902 1975; x_wconf 86' lang='lat' dir='ltr'><strong>vota</strong></span> <span class='ocrx_word' id='word_1_188' title='bbox 927 1919 1064 1975; x_wconf 80' lang='lat' dir='ltr'><strong>dixit</strong></span> <span class='ocrx_word' id='word_1_189' title='bbox 1091 1922 1292 1991; x_wconf 86' lang='lat' dir='ltr'><strong>nuptiis</strong></span> <span class='ocrx_word' id='word_1_190' title='bbox 1317 1939 1333 1978; x_wconf 90' lang='lat'><strong>:</strong></span> <span class='ocrx_word' id='word_1_191' title='bbox 2701 1917 2860 1976; x_wconf 78' lang='lat' dir='ltr'><strong>LVII.</strong></span> <span class='ocrx_word' id='word_1_192' title='bbox 2896 1921 2976 1978; x_wconf 86' lang='lat' dir='ltr'><strong>De</strong></span> <span class='ocrx_word' id='word_1_193' title='bbox 2995 1923 3170 1979; x_wconf 79' lang='lat' dir='ltr'><strong>eadem</strong></span> <span class='ocrx_word' id='word_1_194' title='bbox 3195 1925 3405 1981; x_wconf 85' lang='lat' dir='ltr'><strong>bucula.</strong></span> 
     </span>
    </p>
   </div>
   <div class='ocr_carea' id='block_1_19' title="bbox 559 2009 3434 2108">
    <p class='ocr_par' dir='ltr' id='par_1_19' title="bbox 559 2009 3434 2108">
     <span class='ocr_line' id='line_1_20' title="bbox 559 2009 3434 2108; baseline 0.01 -43"><span class='ocrx_word' id='word_1_195' title='bbox 559 2009 628 2066; x_wconf 84' lang='lat' dir='ltr'><strong>Et</strong></span> <span class='ocrx_word' id='word_1_196' title='bbox 651 2011 970 2080; x_wconf 85' lang='lat' dir='ltr'><strong>masculini,</strong></span> <span class='ocrx_word' id='word_1_197' title='bbox 1004 2024 1058 2068; x_wconf 91' lang='lat' dir='ltr'><strong>et</strong></span> <span class='ocrx_word' id='word_1_198' title='bbox 1090 2012 1331 2070; x_wconf 89' lang='lat' dir='ltr'><strong>feminini</strong></span> <span class='ocrx_word' id='word_1_199' title='bbox 1359 2015 1586 2086; x_wconf 83' lang='lat' dir='ltr'><strong>gignite,</strong></span> <span class='ocrx_word' id='word_1_200' title='bbox 2256 2028 2430 2086; x_wconf 88' lang='lat' dir='ltr'><strong>Unam</strong></span> <span class='ocrx_word' id='word_1_201' title='bbox 2453 2030 2742 2100; x_wconf 90' lang='lat' dir='ltr'><strong>juvencam</strong></span> <span class='ocrx_word' id='word_1_202' title='bbox 2772 2045 2960 2105; x_wconf 88' lang='lat' dir='ltr'><strong>pastor</strong></span> <span class='ocrx_word' id='word_1_203' title='bbox 2986 2035 3128 2093; x_wconf 89' lang='lat' dir='ltr'><strong>forte</strong></span> <span class='ocrx_word' id='word_1_204' title='bbox 3157 2040 3434 2108; x_wconf 86' lang='lat' dir='ltr'><strong>amiserat,</strong></span> 
     </span>
    </p>
   </div>
   <div class='ocr_carea' id='block_1_20' title="bbox 631 2101 3225 2198">
    <p class='ocr_par' dir='ltr' id='par_1_20' title="bbox 631 2101 3225 2198">
     <span class='ocr_line' id='line_1_21' title="bbox 631 2101 3225 2198; baseline 0.011 -41"><span class='ocrx_word' id='word_1_205' title='bbox 631 2101 967 2174; x_wconf 84' lang='lat' dir='ltr'><strong>Generisque</strong></span> <span class='ocrx_word' id='word_1_206' title='bbox 993 2106 1170 2161; x_wconf 90' lang='lat' dir='ltr'><strong>neutri</strong></span> <span class='ocrx_word' id='word_1_207' title='bbox 1205 2105 1364 2163; x_wconf 82' lang='lat' dir='ltr'><strong>ﬁlios.</strong></span> <span class='ocrx_word' id='word_1_208' title='bbox 2327 2119 2735 2195; x_wconf 83' lang='lat' dir='ltr'><strong>Numerumque</strong></span> <span class='ocrx_word' id='word_1_209' title='bbox 2759 2101 2941 2195; x_wconf 75' lang='lat' dir='ltr'><strong>jussus</strong></span> <span class='ocrx_word' id='word_1_210' title='bbox 2970 2128 3225 2198; x_wconf 87' lang='lat' dir='ltr'><strong>reddere,</strong></span> 
     </span>
    </p>
   </div>
   <div class='ocr_carea' id='block_1_21' title="bbox 944 2215 3274 2296">
    <p class='ocr_par' dir='ltr' id='par_1_21' title="bbox 944 2215 3274 2296">
     <span class='ocr_line' id='line_1_22' title="bbox 944 2215 3274 2296; baseline 0.006 -29"><span class='ocrx_word' id='word_1_211' title='bbox 944 2217 1128 2274; x_wconf 80' lang='lat' dir='ltr'><strong>XLVI.</strong></span> <span class='ocrx_word' id='word_1_212' title='bbox 1157 2218 1338 2292; x_wconf 82' lang='lat' dir='ltr'><strong>Imago</strong></span> <span class='ocrx_word' id='word_1_213' title='bbox 1369 2221 1492 2292; x_wconf 67' lang='lat' dir='ltr'><strong>Ruﬁ</strong></span> <span class='ocrx_word' id='word_1_214' title='bbox 1520 2223 1761 2280; x_wconf 69' lang='lat' dir='ltr'><strong>rhetoris,</strong></span> <span class='ocrx_word' id='word_1_215' title='bbox 2257 2215 2342 2271; x_wconf 82' lang='lat' dir='ltr'><strong>Me</strong></span> <span class='ocrx_word' id='word_1_216' title='bbox 2373 2215 2608 2274; x_wconf 89' lang='lat' dir='ltr'><strong>defuisse</strong></span> <span class='ocrx_word' id='word_1_217' title='bbox 2635 2221 3091 2291; x_wconf 85' lang='lat' dir='ltr'><strong>conquerebatur,</strong></span> <span class='ocrx_word' id='word_1_218' title='bbox 3121 2225 3274 2296; x_wconf 83' lang='lat' dir='ltr'><strong>sequi</strong></span> 
     </span>
    </p>
   </div>
   <div class='ocr_carea' id='block_1_22' title="bbox 557 2311 3072 2407">
    <p class='ocr_par' dir='ltr' id='par_1_22' title="bbox 557 2311 3072 2407">
     <span class='ocr_line' id='line_1_23' title="bbox 557 2311 3072 2407; baseline 0.008 -24"><span class='ocrx_word' id='word_1_219' title='bbox 557 2327 696 2384; x_wconf 83' lang='lat' dir='ltr'><strong>ORE</strong></span> <span class='ocrx_word' id='word_1_220' title='bbox 724 2329 970 2399; x_wconf 86' lang='lat' dir='ltr'><strong>pulchro,</strong></span> <span class='ocrx_word' id='word_1_221' title='bbox 1005 2341 1060 2386; x_wconf 91' lang='lat' dir='ltr'><strong>et</strong></span> <span class='ocrx_word' id='word_1_222' title='bbox 1080 2346 1175 2388; x_wconf 90' lang='lat' dir='ltr'><strong>ore</strong></span> <span class='ocrx_word' id='word_1_223' title='bbox 1199 2342 1368 2388; x_wconf 91' lang='lat' dir='ltr'><strong>muto.</strong></span> <span class='ocrx_word' id='word_1_224' title='bbox 1401 2332 1552 2391; x_wconf 89' lang='lat' dir='ltr'><strong>Scire</strong></span> <span class='ocrx_word' id='word_1_225' title='bbox 1583 2337 1662 2393; x_wconf 87' lang='lat' dir='ltr'><strong>vis</strong></span> <span class='ocrx_word' id='word_1_226' title='bbox 1687 2351 1807 2407; x_wconf 76' lang='lat' dir='ltr'><strong>quin</strong></span> <span class='ocrx_word' id='word_1_227' title='bbox 1830 2337 1968 2393; x_wconf 85' lang='lat' dir='ltr'><strong>sim?</strong></span> <span class='ocrx_word' id='word_1_228' title='bbox 1998 2338 2153 2394; x_wconf 87' lang='lat' dir='ltr'><strong>Volo.</strong></span> <span class='ocrx_word' id='word_1_229' title='bbox 2333 2311 2464 2380; x_wconf 56' lang='lat' dir='ltr'><strong>Qum</strong></span> <span class='ocrx_word' id='word_1_230' title='bbox 2498 2313 2795 2371; x_wconf 58' lang='lat' dir='ltr'><strong>“luissem</strong></span> <span class='ocrx_word' id='word_1_231' title='bbox 2824 2328 3072 2374; x_wconf 52' lang='lat' dir='ltr'><strong>cm&#39;cras&#39;</strong></span> 
     </span>
    </p>
   </div>
   <div class='ocr_carea' id='block_1_23' title="bbox 629 2420 3477 2500">
    <p class='ocr_par' dir='ltr' id='par_1_23' title="bbox 629 2420 3477 2500">
     <span class='ocr_line' id='line_1_24' title="bbox 629 2420 3477 2500; baseline 0.006 -24"><span class='ocrx_word' id='word_1_232' title='bbox 629 2420 811 2492; x_wconf 85' lang='lat' dir='ltr'><strong>Imago</strong></span> <span class='ocrx_word' id='word_1_233' title='bbox 842 2421 962 2478; x_wconf 87' lang='lat' dir='ltr'><strong>Rufi</strong></span> <span class='ocrx_word' id='word_1_234' title='bbox 996 2424 1231 2480; x_wconf 87' lang='lat' dir='ltr'><strong>rhetoris</strong></span> <span class='ocrx_word' id='word_1_235' title='bbox 1258 2425 1534 2484; x_wconf 86' lang='lat' dir='ltr'><strong>Pictavici.</strong></span> <span class='ocrx_word' id='word_1_236' title='bbox 2623 2428 2802 2485; x_wconf 93' lang='lat' dir='ltr'><strong>LVIII.</strong></span> <span class='ocrx_word' id='word_1_237' title='bbox 2839 2431 2972 2500; x_wconf 75' lang='lat' dir='ltr'><strong>Qua:</strong></span> <span class='ocrx_word' id='word_1_238' title='bbox 2998 2449 3178 2489; x_wconf 73' lang='lat' dir='ltr'><strong>sexum</strong></span> <span class='ocrx_word' id='word_1_239' title='bbox 3209 2437 3477 2492; x_wconf 83' lang='lat' dir='ltr'><strong>mutarint.</strong></span> 
     </span>
    </p>
   </div>
   <div class='ocr_carea' id='block_1_24' title="bbox 558 2514 2166 2622">
    <p class='ocr_par' dir='ltr' id='par_1_24' title="bbox 558 2514 2150 2599">
     <span class='ocr_line' id='line_1_25' title="bbox 558 2514 2150 2599; baseline 0.008 -30"><span class='ocrx_word' id='word_1_240' title='bbox 558 2514 773 2571; x_wconf 88' lang='lat' dir='ltr'><strong>Diceret</strong></span> <span class='ocrx_word' id='word_1_241' title='bbox 795 2515 890 2572; x_wconf 89' lang='lat' dir='ltr'><strong>sed</strong></span> <span class='ocrx_word' id='word_1_242' title='bbox 916 2516 1050 2587; x_wconf 90' lang='lat' dir='ltr'><strong>ipse,</strong></span> <span class='ocrx_word' id='word_1_243' title='bbox 1081 2518 1274 2574; x_wconf 88' lang='lat' dir='ltr'><strong>vellem</strong></span> <span class='ocrx_word' id='word_1_244' title='bbox 1293 2564 1309 2590; x_wconf 92' lang='lat'><strong>,</strong></span> <span class='ocrx_word' id='word_1_245' title='bbox 1335 2519 1544 2576; x_wconf 89' lang='lat' dir='ltr'><strong>Rhetor</strong></span> <span class='ocrx_word' id='word_1_246' title='bbox 1569 2521 1674 2580; x_wconf 89' lang='lat' dir='ltr'><strong>hoc</strong></span> <span class='ocrx_word' id='word_1_247' title='bbox 1695 2523 1787 2580; x_wconf 92' lang='lat' dir='ltr'><strong>mi.</strong></span> <span class='ocrx_word' id='word_1_248' title='bbox 1816 2525 1931 2581; x_wconf 88' lang='lat' dir='ltr'><strong>Non</strong></span> <span class='ocrx_word' id='word_1_249' title='bbox 1955 2536 2150 2599; x_wconf 89' lang='lat' dir='ltr'><strong>potest.</strong></span> 
     </span>
    </p>
   </div>
   <div class='ocr_carea' id='block_1_25' title="bbox 2011 2514 3619 2622">
    <p class='ocr_par' dir='ltr' id='par_1_25' title="bbox 2011 2536 3619 2622">
     <span class='ocr_line' id='line_1_26' title="bbox 2011 2536 3619 2622; baseline 0.007 -31"><span class='ocrx_word' id='word_1_250' title='bbox 2011 2536 2150 2585; x_wconf 59' lang='grc' dir='ltr'><strong>ἤθει·</strong></span> <span class='ocrx_word' id='word_1_251' title='bbox 2258 2537 2569 2598; x_wconf 73' lang='lat' dir='ltr'><strong>Vallebanic</strong></span> <span class='ocrx_word' id='word_1_252' title='bbox 2605 2543 2767 2614; x_wconf 89' lang='lat' dir='ltr'><strong>(nova</strong></span> <span class='ocrx_word' id='word_1_253' title='bbox 2795 2559 2904 2613; x_wconf 86' lang='lat' dir='ltr'><strong>res,</strong></span> <span class='ocrx_word' id='word_1_254' title='bbox 2929 2556 2981 2601; x_wconf 90' lang='lat' dir='ltr'><strong>et</strong></span> <span class='ocrx_word' id='word_1_255' title='bbox 3009 2548 3100 2602; x_wconf 84' lang='lat' dir='ltr'><strong>vix</strong></span> <span class='ocrx_word' id='word_1_256' title='bbox 3122 2549 3392 2605; x_wconf 87' lang='lat' dir='ltr'><strong>credenda</strong></span> <span class='ocrx_word' id='word_1_257' title='bbox 3424 2551 3619 2622; x_wconf 91' lang='lat' dir='ltr'><strong>poetis:</strong></span> 
     </span>
    </p>
   </div>
   <div class='ocr_carea' id='block_1_26' title="bbox 625 2606 3416 2713">
    <p class='ocr_par' dir='ltr' id='par_1_26' title="bbox 625 2606 3416 2713">
     <span class='ocr_line' id='line_1_27' title="bbox 625 2606 3416 2713; baseline 0.01 -50"><span class='ocrx_word' id='word_1_258' title='bbox 625 2606 774 2664; x_wconf 85' lang='lat' dir='ltr'><strong>Cur?</strong></span> <span class='ocrx_word' id='word_1_259' title='bbox 800 2608 920 2680; x_wconf 80' lang='lat' dir='ltr'><strong>Ipse</strong></span> <span class='ocrx_word' id='word_1_260' title='bbox 949 2611 1140 2666; x_wconf 87' lang='lat' dir='ltr'><strong>rhetor</strong></span> <span class='ocrx_word' id='word_1_261' title='bbox 1165 2623 1247 2666; x_wconf 80' lang='lat' dir='ltr'><strong>eSt</strong></span> <span class='ocrx_word' id='word_1_262' title='bbox 1277 2612 1456 2683; x_wconf 87' lang='lat' dir='ltr'><strong>imago</strong></span> <span class='ocrx_word' id='word_1_263' title='bbox 1485 2614 1754 2686; x_wconf 85' lang='lat' dir='ltr'><strong>imaginis.</strong></span> <span class='ocrx_word' id='word_1_264' title='bbox 2329 2632 2436 2689; x_wconf 78' lang='lat' dir='ltr'><strong>sed</strong></span> <span class='ocrx_word' id='word_1_265' title='bbox 2467 2649 2588 2703; x_wconf 71' lang='lat' dir='ltr'><strong>quae</strong></span> <span class='ocrx_word' id='word_1_266' title='bbox 2613 2606 2683 2691; x_wconf 58' lang='lat' dir='ltr'><strong>he</strong></span> <span class='ocrx_word' id='word_1_267' title='bbox 2711 2652 2839 2692; x_wconf 73' lang='lat' dir='ltr'><strong>vera</strong></span> <span class='ocrx_word' id='word_1_268' title='bbox 2871 2606 3140 2708; x_wconf 68' lang='lat' dir='ltr'><strong>promitur</strong></span> <span class='ocrx_word' id='word_1_269' title='bbox 3166 2640 3416 2713; x_wconf 78' lang='lat' dir='ltr'><strong>historia)</strong></span> 
     </span>
    </p>
   </div>
   <div class='ocr_carea' id='block_1_27' title="bbox 888 2721 3687 2800">
    <p class='ocr_par' dir='ltr' id='par_1_27' title="bbox 888 2721 3687 2800">
     <span class='ocr_line' id='line_1_28' title="bbox 888 2721 3687 2800; baseline 0.004 -22"><span class='ocrx_word' id='word_1_270' title='bbox 888 2721 1094 2780; x_wconf 81' lang='lat' dir='ltr'><strong>XLVII.</strong></span> <span class='ocrx_word' id='word_1_271' title='bbox 1133 2723 1208 2779; x_wconf 87' lang='lat' dir='ltr'><strong>De</strong></span> <span class='ocrx_word' id='word_1_272' title='bbox 1234 2727 1415 2780; x_wconf 83' lang='lat' dir='ltr'><strong>eadem</strong></span> <span class='ocrx_word' id='word_1_273' title='bbox 1446 2728 1570 2800; x_wconf 78' lang='lat' dir='ltr'><strong>Ruﬁ</strong></span> <span class='ocrx_word' id='word_1_274' title='bbox 1601 2738 1794 2784; x_wconf 78' lang='lat' dir='ltr'><strong>statua.</strong></span> <span class='ocrx_word' id='word_1_275' title='bbox 2256 2724 2570 2782; x_wconf 90' lang='lat' dir='ltr'><strong>Femineam</strong></span> <span class='ocrx_word' id='word_1_276' title='bbox 2599 2728 2650 2783; x_wconf 91' lang='lat' dir='ltr'><strong>in</strong></span> <span class='ocrx_word' id='word_1_277' title='bbox 2681 2730 2917 2800; x_wconf 84' lang='lat' dir='ltr'><strong>speciem</strong></span> <span class='ocrx_word' id='word_1_278' title='bbox 2949 2733 3222 2788; x_wconf 90' lang='lat' dir='ltr'><strong>convertit</strong></span> <span class='ocrx_word' id='word_1_279' title='bbox 3251 2734 3523 2790; x_wconf 88' lang='lat' dir='ltr'><strong>masculus</strong></span> <span class='ocrx_word' id='word_1_280' title='bbox 3551 2736 3651 2791; x_wconf 87' lang='lat' dir='ltr'><strong>ales</strong></span> <span class='ocrx_word' id='word_1_281' title='bbox 3677 2753 3687 2789; x_wconf 92' lang='lat'><strong>:</strong></span> 
     </span>
    </p>
   </div>
   <div class='ocr_carea' id='block_1_28' title="bbox 555 2818 3502 2932">
    <p class='ocr_par' dir='ltr' id='par_1_28' title="bbox 555 2818 3502 2932">
     <span class='ocr_line' id='line_1_29' title="bbox 555 2818 3502 2932; baseline -0.003 -41"><span class='ocrx_word' id='word_1_282' title='bbox 555 2835 812 2894; x_wconf 88' lang='lat' dir='ltr'><strong>Rhetoris</strong></span> <span class='ocrx_word' id='word_1_283' title='bbox 841 2837 958 2895; x_wconf 67' lang='lat' dir='ltr'><strong>haec</strong></span> <span class='ocrx_word' id='word_1_284' title='bbox 986 2839 1105 2895; x_wconf 78' lang='lat' dir='ltr'><strong>Rufi</strong></span> <span class='ocrx_word' id='word_1_285' title='bbox 1133 2848 1307 2896; x_wconf 87' lang='lat' dir='ltr'><strong>statua</strong></span> <span class='ocrx_word' id='word_1_286' title='bbox 1343 2853 1445 2898; x_wconf 91' lang='lat' dir='ltr'><strong>est.</strong></span> <span class='ocrx_word' id='word_1_287' title='bbox 1481 2842 1537 2900; x_wconf 91' lang='lat' dir='ltr'><strong>Si</strong></span> <span class='ocrx_word' id='word_1_288' title='bbox 1570 2858 1760 2915; x_wconf 83' lang='lat' dir='ltr'><strong>saxea,</strong></span> <span class='ocrx_word' id='word_1_289' title='bbox 1791 2845 1937 2901; x_wconf 87' lang='lat' dir='ltr'><strong>Rufi.</strong></span> <span class='ocrx_word' id='word_1_290' title='bbox 2254 2911 2294 2932; x_wconf 53' lang='grc' dir='ltr'><em>Π</em></span> <span class='ocrx_word' id='word_1_291' title='bbox 2330 2818 2675 2932; x_wconf 43' lang='grc' dir='ltr'><strong>ίῖίδῖθξιιξθξίθ</strong></span> <span class='ocrx_word' id='word_1_292' title='bbox 2701 2837 2841 2932; x_wconf 56' lang='grc' dir='ltr'><strong>Ρξὶνο</strong></span> <span class='ocrx_word' id='word_1_293' title='bbox 2869 2826 3116 2932; x_wconf 68' lang='grc' dir='ltr'>εοηειῑιίι</span> <span class='ocrx_word' id='word_1_294' title='bbox 3139 2835 3265 2883; x_wconf 84' lang='lat' dir='ltr'><strong>ante</strong></span> <span class='ocrx_word' id='word_1_295' title='bbox 3295 2828 3502 2932; x_wconf 69' lang='lat' dir='ltr'><strong>oculos.</strong></span> 
     </span>
    </p>
   </div>
   <div class='ocr_carea' id='block_1_29' title="bbox 625 2911 3693 3007">
    <p class='ocr_par' dir='ltr' id='par_1_29' title="bbox 625 2911 3693 3007">
     <span class='ocr_line' id='line_1_30' title="bbox 625 2911 3693 3007; baseline 0.007 -54"><span class='ocrx_word' id='word_1_296' title='bbox 625 2931 734 2988; x_wconf 66' lang='lat' dir='ltr'><strong>cur</strong></span> <span class='ocrx_word' id='word_1_297' title='bbox 762 2931 815 2988; x_wconf 67' lang='lat' dir='ltr'><strong>id</strong></span> <span class='ocrx_word' id='word_1_298' title='bbox 841 2931 953 2986; x_wconf 66' lang='lat' dir='ltr'><strong>ais?</strong></span> <span class='ocrx_word' id='word_1_299' title='bbox 981 2948 1198 3004; x_wconf 65' lang='lat' dir='ltr'><strong>semper</strong></span> <span class='ocrx_word' id='word_1_300' title='bbox 1223 2950 1422 2992; x_wconf 52' lang='lat' dir='ltr'><strong>saxeus</strong></span> <span class='ocrx_word' id='word_1_301' title='bbox 1452 2937 1567 3007; x_wconf 68' lang='lat' dir='ltr'><strong>ipse</strong></span> <span class='ocrx_word' id='word_1_302' title='bbox 1590 2937 1710 2993; x_wconf 47' lang='lat' dir='ltr'><strong>tu&quot;.</strong></span> <span class='ocrx_word' id='word_1_303' title='bbox 1747 2911 1755 2915; x_wconf 87' lang='grc'><em>’</em></span> <span class='ocrx_word' id='word_1_304' title='bbox 2253 2911 2444 2968; x_wconf 86' lang='lat' dir='ltr'><strong>Cuncti</strong></span> <span class='ocrx_word' id='word_1_305' title='bbox 2477 2914 2817 2972; x_wconf 87' lang='lat' dir='ltr'><strong>admirantur</strong></span> <span class='ocrx_word' id='word_1_306' title='bbox 2847 2930 3146 2974; x_wconf 91' lang='lat' dir='ltr'><strong>monstrum</strong></span> <span class='ocrx_word' id='word_1_307' title='bbox 3176 2939 3186 2973; x_wconf 91' lang='lat'>:</span> <span class='ocrx_word' id='word_1_308' title='bbox 3222 2920 3317 2976; x_wconf 90' lang='lat' dir='ltr'><strong>sed</strong></span> <span class='ocrx_word' id='word_1_309' title='bbox 3343 2922 3552 2976; x_wconf 91' lang='lat' dir='ltr'><strong>mollior</strong></span> <span class='ocrx_word' id='word_1_310' title='bbox 3576 2935 3693 2990; x_wconf 84' lang='lat' dir='ltr'><strong>agna</strong></span> 
     </span>
    </p>
   </div>
   <div class='ocr_carea' id='block_1_30' title="bbox 2326 3007 3614 3086">
    <p class='ocr_par' dir='ltr' id='par_1_30' title="bbox 2326 3007 3614 3086">
     <span class='ocr_line' id='line_1_31' title="bbox 2326 3007 3614 3086; baseline 0.005 -25"><span class='ocrx_word' id='word_1_311' title='bbox 2326 3007 2552 3063; x_wconf 80' lang='lat' dir='ltr'><strong>Adstitit</strong></span> <span class='ocrx_word' id='word_1_312' title='bbox 2579 3009 2633 3064; x_wconf 93' lang='lat' dir='ltr'><strong>in</strong></span> <span class='ocrx_word' id='word_1_313' title='bbox 2661 3019 2906 3067; x_wconf 89' lang='lat' dir='ltr'><strong>tenerum</strong></span> <span class='ocrx_word' id='word_1_314' title='bbox 2933 3012 3001 3070; x_wconf 92' lang='lat' dir='ltr'><strong>de</strong></span> <span class='ocrx_word' id='word_1_315' title='bbox 3026 3030 3188 3086; x_wconf 83' lang='lat' dir='ltr'><strong>grege</strong></span> <span class='ocrx_word' id='word_1_316' title='bbox 3219 3030 3372 3071; x_wconf 90' lang='lat' dir='ltr'><strong>versa</strong></span> <span class='ocrx_word' id='word_1_317' title='bbox 3403 3031 3614 3070; x_wconf 90' lang='lat' dir='ltr'><strong>marem.</strong></span> 
     </span>
    </p>
   </div>
   <div class='ocr_carea' id='block_1_31' title="bbox 2177 3099 3662 3198">
    <p class='ocr_par' dir='ltr' id='par_1_31' title="bbox 2177 3099 3662 3198">
     <span class='ocr_line' id='line_1_32' title="bbox 2177 3099 3662 3198; baseline 0.003 -45"><span class='ocrx_word' id='word_1_318' title='bbox 2177 3133 2224 3198; x_wconf 66' lang='grc' dir='ltr'>Ο</span> <span class='ocrx_word' id='word_1_319' title='bbox 2253 3099 2392 3168; x_wconf 85' lang='lat' dir='ltr'><strong>Quid</strong></span> <span class='ocrx_word' id='word_1_320' title='bbox 2422 3101 2602 3157; x_wconf 87' lang='lat' dir='ltr'><strong>stolidi</strong></span> <span class='ocrx_word' id='word_1_321' title='bbox 2631 3103 2697 3157; x_wconf 88' lang='lat' dir='ltr'><strong>ad</strong></span> <span class='ocrx_word' id='word_1_322' title='bbox 2727 3105 2960 3176; x_wconf 89' lang='lat' dir='ltr'><strong>speciem</strong></span> <span class='ocrx_word' id='word_1_323' title='bbox 2991 3116 3131 3162; x_wconf 80' lang='lat' dir='ltr'><strong>nota:</strong></span> <span class='ocrx_word' id='word_1_324' title='bbox 3162 3108 3414 3163; x_wconf 86' lang='lat' dir='ltr'><strong>novitatis</strong></span> <span class='ocrx_word' id='word_1_325' title='bbox 3443 3106 3662 3163; x_wconf 83' lang='lat' dir='ltr'><strong>hebetis?</strong></span> 
     </span>
    </p>
   </div>
   <div class='ocr_carea' id='block_1_32' title="bbox 2323 3192 3440 3272">
    <p class='ocr_par' dir='ltr' id='par_1_32' title="bbox 2323 3192 3440 3272">
     <span class='ocr_line' id='line_1_33' title="bbox 2323 3192 3440 3272; baseline 0.006 -25"><span class='ocrx_word' id='word_1_326' title='bbox 2323 3192 2406 3248; x_wconf 86' lang='lat' dir='ltr'><strong>An</strong></span> <span class='ocrx_word' id='word_1_327' title='bbox 2437 3209 2535 3249; x_wconf 90' lang='lat' dir='ltr'><strong>vos</strong></span> <span class='ocrx_word' id='word_1_328' title='bbox 2565 3194 2795 3252; x_wconf 85' lang='lat' dir='ltr'><strong>Nasonis</strong></span> <span class='ocrx_word' id='word_1_329' title='bbox 2827 3199 3064 3253; x_wconf 79' lang='lat' dir='ltr'><strong>Carmina</strong></span> <span class='ocrx_word' id='word_1_330' title='bbox 3094 3216 3198 3254; x_wconf 90' lang='lat' dir='ltr'><strong>non</strong></span> <span class='ocrx_word' id='word_1_331' title='bbox 3228 3201 3440 3272; x_wconf 87' lang='lat' dir='ltr'><strong>legitis?</strong></span> 
     </span>
    </p>
   </div>
   <div class='ocr_carea' id='block_1_33' title="bbox 2251 3285 3535 3360">
    <p class='ocr_par' dir='ltr' id='par_1_33' title="bbox 2251 3285 3535 3360">
     <span class='ocr_line' id='line_1_34' title="bbox 2251 3285 3535 3360; baseline 0.006 -18"><span class='ocrx_word' id='word_1_332' title='bbox 2251 3285 2474 3342; x_wconf 71' lang='lat' dir='ltr'><strong>Carnida</strong></span> <span class='ocrx_word' id='word_1_333' title='bbox 2501 3290 2771 3345; x_wconf 86' lang='lat' dir='ltr'><strong>convertit</strong></span> <span class='ocrx_word' id='word_1_334' title='bbox 2804 3293 2985 3360; x_wconf 83' lang='lat' dir='ltr'><strong>proles</strong></span> <span class='ocrx_word' id='word_1_335' title='bbox 3011 3294 3262 3350; x_wconf 86' lang='lat' dir='ltr'><strong>Saturnia</strong></span> <span class='ocrx_word' id='word_1_336' title='bbox 3296 3297 3499 3352; x_wconf 80' lang='lat' dir='ltr'><strong>Consus</strong></span> <span class='ocrx_word' id='word_1_337' title='bbox 3523 3313 3535 3350; x_wconf 95' lang='lat'>:</span> 
     </span>
    </p>
   </div>
   <div class='ocr_carea' id='block_1_34' title="bbox 2321 3379 3367 3456">
    <p class='ocr_par' dir='ltr' id='par_1_34' title="bbox 2321 3379 3367 3456">
     <span class='ocr_line' id='line_1_35' title="bbox 2321 3379 3367 3456; baseline 0.01 -20"><span class='ocrx_word' id='word_1_338' title='bbox 2321 3379 2703 3451; x_wconf 81' lang='lat' dir='ltr'><strong>Ambiguoque</strong></span> <span class='ocrx_word' id='word_1_339' title='bbox 2733 3382 2828 3438; x_wconf 92' lang='lat' dir='ltr'><strong>fuit</strong></span> <span class='ocrx_word' id='word_1_340' title='bbox 2850 3399 3079 3456; x_wconf 90' lang='lat' dir='ltr'><strong>corpore</strong></span> <span class='ocrx_word' id='word_1_341' title='bbox 3109 3387 3367 3445; x_wconf 85' lang='lat' dir='ltr'><strong>Tiresias.</strong></span> 
     </span>
    </p>
   </div>
   <div class='ocr_carea' id='block_1_35' title="bbox 2253 3469 3709 3554">
    <p class='ocr_par' dir='ltr' id='par_1_35' title="bbox 2253 3469 3709 3554">
     <span class='ocr_line' id='line_1_36' title="bbox 2253 3469 3709 3554; baseline 0.005 -28"><span class='ocrx_word' id='word_1_342' title='bbox 2253 3469 2401 3527; x_wconf 83' lang='lat' dir='ltr'><strong>Vidit</strong></span> <span class='ocrx_word' id='word_1_343' title='bbox 2425 3473 2742 3530; x_wconf 87' lang='lat' dir='ltr'><strong>semivirum</strong></span> <span class='ocrx_word' id='word_1_344' title='bbox 2779 3475 2898 3531; x_wconf 88' lang='lat' dir='ltr'><strong>fons</strong></span> <span class='ocrx_word' id='word_1_345' title='bbox 2921 3481 3185 3536; x_wconf 79' lang='lat' dir='ltr'><strong>Salmacis</strong></span> <span class='ocrx_word' id='word_1_346' title='bbox 3211 3481 3709 3554; x_wconf 79' lang='lat' dir='ltr'><strong>Hermaphroditum.</strong></span> 
     </span>
    </p>
   </div>
   <div class='ocr_carea' id='block_1_36' title="bbox 2323 3563 3465 3647">
    <p class='ocr_par' dir='ltr' id='par_1_36' title="bbox 2323 3563 3465 3647">
     <span class='ocr_line' id='line_1_37' title="bbox 2323 3563 3465 3647; baseline 0.009 -27"><span class='ocrx_word' id='word_1_347' title='bbox 2323 3563 2470 3621; x_wconf 84' lang='lat' dir='ltr'><strong>Vidit</strong></span> <span class='ocrx_word' id='word_1_348' title='bbox 2497 3567 2788 3625; x_wconf 85' lang='lat' dir='ltr'><strong>nubentem</strong></span> <span class='ocrx_word' id='word_1_349' title='bbox 2821 3569 3028 3626; x_wconf 85' lang='lat' dir='ltr'><strong>Plinius</strong></span> <span class='ocrx_word' id='word_1_350' title='bbox 3059 3573 3465 3647; x_wconf 83' lang='lat' dir='ltr'><strong>Antlrogynum.</strong></span> 
     </span>
    </p>
   </div>
   <div class='ocr_carea' id='block_1_37' title="bbox 768 3045 1935 3124">
    <p class='ocr_par' dir='ltr' id='par_1_37' title="bbox 768 3045 1935 3124">
     <span class='ocr_line' id='line_1_38' title="bbox 768 3045 1935 3124; baseline 0.009 -22"><span class='ocrx_word' id='word_1_351' title='bbox 768 3045 996 3104; x_wconf 77' lang='lat' dir='ltr'><strong>XLVIII.</strong></span> <span class='ocrx_word' id='word_1_352' title='bbox 1027 3046 1106 3104; x_wconf 85' lang='lat' dir='ltr'><strong>De</strong></span> <span class='ocrx_word' id='word_1_353' title='bbox 1131 3048 1360 3122; x_wconf 86' lang='lat' dir='ltr'><strong>Diogene</strong></span> <span class='ocrx_word' id='word_1_354' title='bbox 1382 3050 1576 3122; x_wconf 81' lang='lat' dir='ltr'><strong>Cynico</strong></span> <span class='ocrx_word' id='word_1_355' title='bbox 1601 3054 1935 3124; x_wconf 77' lang='lat' dir='ltr'><strong>philosopho.</strong></span> 
     </span>
    </p>
   </div>
   <div class='ocr_carea' id='block_1_38' title="bbox 552 3158 2150 3239">
    <p class='ocr_par' dir='ltr' id='par_1_38' title="bbox 552 3158 2150 3239">
     <span class='ocr_line' id='line_1_39' title="bbox 552 3158 2150 3239; baseline 0.006 -23"><span class='ocrx_word' id='word_1_356' title='bbox 552 3158 688 3217; x_wconf 85' lang='lat' dir='ltr'><strong>Pera</strong></span> <span class='ocrx_word' id='word_1_357' title='bbox 711 3201 725 3226; x_wconf 92' lang='lat'><strong>,</strong></span> <span class='ocrx_word' id='word_1_358' title='bbox 769 3161 988 3231; x_wconf 84' lang='lat' dir='ltr'><strong>polenta</strong></span> <span class='ocrx_word' id='word_1_359' title='bbox 1009 3205 1023 3230; x_wconf 96' lang='lat'><strong>,</strong></span> <span class='ocrx_word' id='word_1_360' title='bbox 1060 3163 1270 3233; x_wconf 90' lang='lat' dir='ltr'><strong>tribon,</strong></span> <span class='ocrx_word' id='word_1_361' title='bbox 1305 3164 1553 3237; x_wconf 84' lang='lat' dir='ltr'><strong>baculus,</strong></span> <span class='ocrx_word' id='word_1_362' title='bbox 1580 3167 1846 3239; x_wconf 84' lang='lat' dir='ltr'><strong>scyphus,</strong></span> <span class='ocrx_word' id='word_1_363' title='bbox 1881 3179 2029 3224; x_wconf 90' lang='lat' dir='ltr'><strong>arcta</strong></span> <span class='ocrx_word' id='word_1_364' title='bbox 2060 3185 2150 3226; x_wconf 89' lang='lat' dir='ltr'><strong>su-</strong></span> 
     </span>
    </p>
   </div>
   <div class='ocr_carea' id='block_1_39' title="bbox 1831 3260 1966 3317">
    <p class='ocr_par' dir='ltr' id='par_1_39' title="bbox 1831 3260 1966 3317">
     <span class='ocr_line' id='line_1_40' title="bbox 1831 3260 1966 3317; baseline 0.007 -1"><span class='ocrx_word' id='word_1_365' title='bbox 1831 3260 1966 3317; x_wconf 84' lang='lat' dir='ltr'><strong>ellex</strong></span> 
     </span>
    </p>
   </div>
   <div class='ocr_carea' id='block_1_40' title="bbox 623 3261 1938 3419">
    <p class='ocr_par' dir='ltr' id='par_1_40' title="bbox 623 3261 1938 3419">
     <span class='ocr_line' id='line_1_41' title="bbox 1831 3261 1932 3317; baseline 0.01 -1"><span class='ocrx_word' id='word_1_366' title='bbox 1831 3261 1932 3317; x_wconf 90' lang='lat' dir='ltr'><strong>elle</strong></span> 
     </span>
     <span class='ocr_line' id='line_1_42' title="bbox 623 3261 1938 3419; baseline 0.006 -19"><span class='ocrx_word' id='word_1_367' title='bbox 623 3344 727 3400; x_wconf 78' lang='lat' dir='ltr'><strong>Ista</strong></span> <span class='ocrx_word' id='word_1_368' title='bbox 753 3346 851 3401; x_wconf 87' lang='lat' dir='ltr'><strong>fuit</strong></span> <span class='ocrx_word' id='word_1_369' title='bbox 881 3346 1065 3419; x_wconf 86' lang='lat' dir='ltr'><strong>Cynici</strong></span> <span class='ocrx_word' id='word_1_370' title='bbox 1092 3365 1105 3401; x_wconf 87' lang='lat'><strong>:</strong></span> <span class='ocrx_word' id='word_1_371' title='bbox 1133 3347 1228 3403; x_wconf 90' lang='lat' dir='ltr'><strong>sed</strong></span> <span class='ocrx_word' id='word_1_372' title='bbox 1263 3357 1412 3418; x_wconf 82' lang='lat' dir='ltr'><strong>putat</strong></span> <span class='ocrx_word' id='word_1_373' title='bbox 1444 3349 1583 3406; x_wconf 88' lang='lat' dir='ltr'><strong>hanc.</strong></span> <span class='ocrx_word' id='word_1_374' title='bbox 1615 3261 1860 3408; x_wconf 50' lang='lat' dir='ltr'><strong>nimiiir‘ii.</strong></span> <span class='ocrx_word' id='word_1_375' title='bbox 1933 3366 1938 3369; x_wconf 70' lang='lat'><strong><em>‘</em></strong></span> 
     </span>
    </p>
   </div>
   <div class='ocr_carea' id='block_1_41' title="bbox 550 3437 2074 3518">
    <p class='ocr_par' dir='ltr' id='par_1_41' title="bbox 550 3437 2074 3518">
     <span class='ocr_line' id='line_1_43' title="bbox 550 3437 2074 3518; baseline 0.007 -25"><span class='ocrx_word' id='word_1_376' title='bbox 550 3437 796 3508; x_wconf 79' lang='lat' dir='ltr'><strong>Namque</strong></span> <span class='ocrx_word' id='word_1_377' title='bbox 821 3443 968 3495; x_wconf 88' lang='lat' dir='ltr'><strong>cavis</strong></span> <span class='ocrx_word' id='word_1_378' title='bbox 997 3439 1249 3496; x_wconf 87' lang='lat' dir='ltr'><strong>manibus</strong></span> <span class='ocrx_word' id='word_1_379' title='bbox 1276 3456 1510 3498; x_wconf 85' lang='lat' dir='ltr'><strong>cernens</strong></span> <span class='ocrx_word' id='word_1_380' title='bbox 1534 3455 1722 3514; x_wconf 84' lang='lat' dir='ltr'><strong>potare</strong></span> <span class='ocrx_word' id='word_1_381' title='bbox 1752 3445 2041 3502; x_wconf 88' lang='lat' dir='ltr'><strong>bubulcum</strong></span> <span class='ocrx_word' id='word_1_382' title='bbox 2060 3493 2074 3518; x_wconf 96' lang='lat'><strong>,</strong></span> 
     </span>
    </p>
   </div>
   <div class='ocr_carea' id='block_1_42' title="bbox 624 3530 1971 3609">
    <p class='ocr_par' dir='ltr' id='par_1_42' title="bbox 624 3530 1971 3609">
     <span class='ocr_line' id='line_1_44' title="bbox 624 3530 1971 3609; baseline 0.01 -25"><span class='ocrx_word' id='word_1_383' title='bbox 624 3530 754 3599; x_wconf 91' lang='lat' dir='ltr'><strong>Cur,</strong></span> <span class='ocrx_word' id='word_1_384' title='bbox 784 3532 1012 3603; x_wconf 90' lang='lat' dir='ltr'><strong>scyphe,</strong></span> <span class='ocrx_word' id='word_1_385' title='bbox 1047 3543 1120 3598; x_wconf 91' lang='lat' dir='ltr'><strong>te,</strong></span> <span class='ocrx_word' id='word_1_386' title='bbox 1153 3531 1328 3603; x_wconf 90' lang='lat' dir='ltr'><strong>dixit,</strong></span> <span class='ocrx_word' id='word_1_387' title='bbox 1360 3547 1509 3606; x_wconf 79' lang='lat' dir='ltr'><strong>gesto</strong></span> <span class='ocrx_word' id='word_1_388' title='bbox 1541 3542 1971 3609; x_wconf 86' lang='lat' dir='ltr'><strong>supervacuum?</strong></span> 
     </span>
    </p>
   </div>
   <div class='ocr_carea' id='block_1_43' title="bbox 803 3641 3716 3737">
    <p class='ocr_par' dir='ltr' id='par_1_43' title="bbox 803 3641 3716 3737">
     <span class='ocr_line' id='line_1_45' title="bbox 803 3641 3716 3737; baseline 0.008 -41"><span class='ocrx_word' id='word_1_389' title='bbox 803 3641 992 3700; x_wconf 76' lang='lat' dir='ltr'><strong>XLIX.</strong></span> <span class='ocrx_word' id='word_1_390' title='bbox 1028 3642 1103 3699; x_wconf 85' lang='lat' dir='ltr'><strong>De</strong></span> <span class='ocrx_word' id='word_1_391' title='bbox 1133 3643 1330 3714; x_wconf 76' lang='lat' dir='ltr'><strong>Croeso,</strong></span> <span class='ocrx_word' id='word_1_392' title='bbox 1363 3658 1410 3703; x_wconf 88' lang='lat' dir='ltr'><strong>et</strong></span> <span class='ocrx_word' id='word_1_393' title='bbox 1435 3650 1609 3703; x_wconf 80' lang='lat' dir='ltr'><strong>eodem</strong></span> <span class='ocrx_word' id='word_1_394' title='bbox 1636 3648 1889 3724; x_wconf 76' lang='lat' dir='ltr'><strong>Diogene.</strong></span> <span class='ocrx_word' id='word_1_395' title='bbox 2250 3655 2358 3712; x_wconf 88' lang='lat' dir='ltr'><strong>Nec</strong></span> <span class='ocrx_word' id='word_1_396' title='bbox 2381 3661 2513 3715; x_wconf 86' lang='lat' dir='ltr'><strong>satis</strong></span> <span class='ocrx_word' id='word_1_397' title='bbox 2538 3662 2854 3733; x_wconf 86' lang='lat' dir='ltr'><strong>antiquum,</strong></span> <span class='ocrx_word' id='word_1_398' title='bbox 2889 3665 3032 3734; x_wconf 88' lang='lat' dir='ltr'><strong>quod</strong></span> <span class='ocrx_word' id='word_1_399' title='bbox 3065 3641 3334 3737; x_wconf 73' lang='lat' dir='ltr'><strong>Campana</strong></span> <span class='ocrx_word' id='word_1_400' title='bbox 3365 3668 3415 3724; x_wconf 90' lang='lat' dir='ltr'><strong>in</strong></span> <span class='ocrx_word' id='word_1_401' title='bbox 3442 3669 3716 3723; x_wconf 84' lang='lat' dir='ltr'><strong>Benevento</strong></span> 
     </span>
    </p>
   </div>
   <div class='ocr_carea' id='block_1_44' title="bbox 553 3750 3412 3838">
    <p class='ocr_par' dir='ltr' id='par_1_44' title="bbox 553 3750 3412 3838">
     <span class='ocr_line' id='line_1_46' title="bbox 553 3750 3412 3838; baseline 0.006 -27"><span class='ocrx_word' id='word_1_402' title='bbox 553 3754 798 3826; x_wconf 80' lang='lat' dir='ltr'><strong>Efﬁgiem</strong></span> <span class='ocrx_word' id='word_1_403' title='bbox 817 3797 832 3824; x_wconf 88' lang='lat'><strong>,</strong></span> <span class='ocrx_word' id='word_1_404' title='bbox 866 3772 962 3812; x_wconf 88' lang='lat' dir='ltr'><strong>rex</strong></span> <span class='ocrx_word' id='word_1_405' title='bbox 992 3756 1199 3824; x_wconf 74' lang='lat' dir='ltr'><strong>Crtese,</strong></span> <span class='ocrx_word' id='word_1_406' title='bbox 1233 3769 1377 3816; x_wconf 85' lang='lat' dir='ltr'><strong>tuam</strong></span> <span class='ocrx_word' id='word_1_407' title='bbox 1400 3803 1415 3830; x_wconf 91' lang='lat'><strong>,</strong></span> <span class='ocrx_word' id='word_1_408' title='bbox 1444 3762 1712 3820; x_wconf 86' lang='lat' dir='ltr'><strong>ditissime</strong></span> <span class='ocrx_word' id='word_1_409' title='bbox 1744 3781 1928 3838; x_wconf 82' lang='lat' dir='ltr'><strong>regum</strong></span> <span class='ocrx_word' id='word_1_410' title='bbox 1952 3810 1968 3836; x_wconf 92' lang='lat'><strong>,</strong></span> <span class='ocrx_word' id='word_1_411' title='bbox 2324 3750 2474 3806; x_wconf 65' lang='lat' dir='ltr'><strong>unus</strong></span> <span class='ocrx_word' id='word_1_412' title='bbox 2499 3752 2833 3822; x_wconf 66' lang='grc' dir='ltr'>θρίὶθδοιύηι</span> <span class='ocrx_word' id='word_1_413' title='bbox 2859 3756 3017 3825; x_wconf 56' lang='lat' dir='ltr'><strong>Virgil</strong></span> <span class='ocrx_word' id='word_1_414' title='bbox 3039 3767 3266 3828; x_wconf 69' lang='grc' dir='ltr'>ιέιιθυιο</span> <span class='ocrx_word' id='word_1_415' title='bbox 3293 3760 3412 3816; x_wconf 56' lang='lat' dir='ltr'><strong>{Uil-</strong></span> 
     </span>
    </p>
   </div>
   <div class='ocr_carea' id='block_1_45' title="bbox 623 3839 3662 3928">
    <p class='ocr_par' dir='ltr' id='par_1_45' title="bbox 623 3839 3662 3928">
     <span class='ocr_line' id='line_1_47' title="bbox 623 3839 3662 3928; baseline 0.008 -46"><span class='ocrx_word' id='word_1_416' title='bbox 623 3849 766 3905; x_wconf 64' lang='grc' dir='ltr'>νωιι</span> <span class='ocrx_word' id='word_1_417' title='bbox 794 3851 939 3922; x_wconf 64' lang='lat' dir='ltr'><strong>apud</strong></span> <span class='ocrx_word' id='word_1_418' title='bbox 973 3868 1160 3908; x_wconf 65' lang='lat' dir='ltr'><strong>manes</strong></span> <span class='ocrx_word' id='word_1_419' title='bbox 1190 3853 1461 3926; x_wconf 58' lang='lat' dir='ltr'><strong>Diogenes</strong></span> <span class='ocrx_word' id='word_1_420' title='bbox 1491 3855 1751 3928; x_wconf 52' lang='lat' dir='ltr'><strong>Cynicus.</strong></span> <span class='ocrx_word' id='word_1_421' title='bbox 2249 3839 2384 3897; x_wconf 83' lang='lat' dir='ltr'><strong>Nolo</strong></span> <span class='ocrx_word' id='word_1_422' title='bbox 2414 3851 2592 3899; x_wconf 89' lang='lat' dir='ltr'><strong>tamen</strong></span> <span class='ocrx_word' id='word_1_423' title='bbox 2625 3849 2826 3902; x_wconf 85' lang='lat' dir='ltr'><strong>veteris</strong></span> <span class='ocrx_word' id='word_1_424' title='bbox 2849 3848 3175 3906; x_wconf 89' lang='lat' dir='ltr'><strong>documenta</strong></span> <span class='ocrx_word' id='word_1_425' title='bbox 3205 3869 3478 3910; x_wconf 84' lang='lat' dir='ltr'><strong>arcessere</strong></span> <span class='ocrx_word' id='word_1_426' title='bbox 3509 3854 3662 3908; x_wconf 82' lang='lat' dir='ltr'><strong>latine.</strong></span> 
     </span>
    </p>
   </div>
   <div class='ocr_carea' id='block_1_46' title="bbox 551 3937 2159 4022">
    <p class='ocr_par' dir='ltr' id='par_1_46' title="bbox 551 3945 1968 4022">
     <span class='ocr_line' id='line_1_48' title="bbox 551 3945 1968 4022; baseline 0.007 -22"><span class='ocrx_word' id='word_1_427' title='bbox 551 3945 809 4000; x_wconf 86' lang='lat' dir='ltr'><strong>Constitit</strong></span> <span class='ocrx_word' id='word_1_428' title='bbox 838 3956 1003 4018; x_wconf 89' lang='lat' dir='ltr'><strong>utque</strong></span> <span class='ocrx_word' id='word_1_429' title='bbox 1032 3949 1256 4019; x_wconf 88' lang='lat' dir='ltr'><strong>procul,</strong></span> <span class='ocrx_word' id='word_1_430' title='bbox 1281 3951 1446 4006; x_wconf 89' lang='lat' dir='ltr'><strong>solito</strong></span> <span class='ocrx_word' id='word_1_431' title='bbox 1472 3954 1678 4022; x_wconf 87' lang='lat' dir='ltr'><strong>majore</strong></span> <span class='ocrx_word' id='word_1_432' title='bbox 1704 3953 1968 4010; x_wconf 87' lang='lat' dir='ltr'><strong>cachinno</strong></span> 
     </span>
    </p>
   </div>
   <div class='ocr_carea' id='block_1_47' title="bbox 1867 3937 3475 4022">
    <p class='ocr_par' dir='ltr' id='par_1_47' title="bbox 1867 3937 3475 4019">
     <span class='ocr_line' id='line_1_49' title="bbox 1867 3937 3475 4019; baseline 0.011 -33"><span class='ocrx_word' id='word_1_433' title='bbox 1867 3969 1968 4010; x_wconf 77' lang='grc' dir='ltr'><strong>ηηο</strong></span> <span class='ocrx_word' id='word_1_434' title='bbox 2324 3937 2463 3994; x_wconf 86' lang='lat' dir='ltr'><strong>Ecce</strong></span> <span class='ocrx_word' id='word_1_435' title='bbox 2489 3955 2590 4010; x_wconf 83' lang='lat' dir='ltr'><strong>ego</strong></span> <span class='ocrx_word' id='word_1_436' title='bbox 2617 3958 2739 3998; x_wconf 85' lang='lat' dir='ltr'><strong>sum</strong></span> <span class='ocrx_word' id='word_1_437' title='bbox 2771 3942 2944 3998; x_wconf 86' lang='lat' dir='ltr'><strong>factus</strong></span> <span class='ocrx_word' id='word_1_438' title='bbox 2973 3944 3167 4002; x_wconf 88' lang='lat' dir='ltr'><strong>femina</strong></span> <span class='ocrx_word' id='word_1_439' title='bbox 3201 3948 3268 4004; x_wconf 84' lang='lat' dir='ltr'><strong>tle</strong></span> <span class='ocrx_word' id='word_1_440' title='bbox 3295 3964 3475 4019; x_wconf 91' lang='lat' dir='ltr'><strong>puero.</strong></span> 
     </span>
    </p>
   </div>
   <div class='ocr_carea' id='block_1_48' title="bbox 619 4035 3634 4133">
    <p class='ocr_par' dir='ltr' id='par_1_48' title="bbox 619 4035 3634 4133">
     <span class='ocr_line' id='line_1_50' title="bbox 619 4035 3634 4133; baseline 0.008 -43"><span class='ocrx_word' id='word_1_441' title='bbox 619 4035 950 4107; x_wconf 87' lang='lat' dir='ltr'><strong>Coucussus,</strong></span> <span class='ocrx_word' id='word_1_442' title='bbox 981 4039 1120 4096; x_wconf 83' lang='lat' dir='ltr'><strong>dixit</strong></span> <span class='ocrx_word' id='word_1_443' title='bbox 1146 4059 1159 4095; x_wconf 89' lang='lat'><strong>:</strong></span> <span class='ocrx_word' id='word_1_444' title='bbox 1189 4041 1325 4111; x_wconf 87' lang='lat' dir='ltr'><strong>Quid</strong></span> <span class='ocrx_word' id='word_1_445' title='bbox 1357 4045 1448 4100; x_wconf 91' lang='lat' dir='ltr'><strong>tibi</strong></span> <span class='ocrx_word' id='word_1_446' title='bbox 1476 4045 1681 4102; x_wconf 69' lang='lat' dir='ltr'><strong>divitia:</strong></span> <span class='ocrx_word' id='word_1_447' title='bbox 2419 4054 2556 4110; x_wconf 83' lang='lat' dir='ltr'><strong>LIX.</strong></span> <span class='ocrx_word' id='word_1_448' title='bbox 2588 4057 2669 4111; x_wconf 86' lang='lat' dir='ltr'><strong>De</strong></span> <span class='ocrx_word' id='word_1_449' title='bbox 2697 4059 2929 4128; x_wconf 84' lang='lat' dir='ltr'><strong>Achilla,</strong></span> <span class='ocrx_word' id='word_1_450' title='bbox 2955 4063 3044 4133; x_wconf 80' lang='lat' dir='ltr'><strong>qui</strong></span> <span class='ocrx_word' id='word_1_451' title='bbox 3077 4062 3322 4118; x_wconf 81' lang='lat' dir='ltr'><strong>dissecuit</strong></span> <span class='ocrx_word' id='word_1_452' title='bbox 3361 4062 3634 4119; x_wconf 82' lang='lat' dir='ltr'><strong>calvariam.</strong></span> 
     </span>
    </p>
   </div>
   <div class='ocr_carea' id='block_1_49' title="bbox 543 4130 1956 4210">
    <p class='ocr_par' dir='ltr' id='par_1_49' title="bbox 543 4130 1956 4210">
     <span class='ocr_line' id='line_1_51' title="bbox 543 4130 1956 4210; baseline 0.011 -26"><span class='ocrx_word' id='word_1_453' title='bbox 543 4130 696 4186; x_wconf 87' lang='lat' dir='ltr'><strong>Nunc</strong></span> <span class='ocrx_word' id='word_1_454' title='bbox 725 4143 988 4202; x_wconf 89' lang='lat' dir='ltr'><strong>prosunt,</strong></span> <span class='ocrx_word' id='word_1_455' title='bbox 1014 4151 1202 4207; x_wconf 84' lang='lat' dir='ltr'><strong>regum</strong></span> <span class='ocrx_word' id='word_1_456' title='bbox 1230 4155 1322 4196; x_wconf 87' lang='lat' dir='ltr'><strong>rex</strong></span> <span class='ocrx_word' id='word_1_457' title='bbox 1356 4156 1388 4194; x_wconf 92' lang='grc' dir='ltr'><strong>ο</strong></span> <span class='ocrx_word' id='word_1_458' title='bbox 1418 4141 1704 4210; x_wconf 89' lang='lat' dir='ltr'><strong>ditissime,</strong></span> <span class='ocrx_word' id='word_1_459' title='bbox 1734 4159 1854 4199; x_wconf 93' lang='lat' dir='ltr'><strong>cum</strong></span> <span class='ocrx_word' id='word_1_460' title='bbox 1882 4145 1956 4200; x_wconf 89' lang='lat' dir='ltr'><strong>sis</strong></span> 
     </span>
    </p>
   </div>
   <div class='ocr_carea' id='block_1_50' title="bbox 614 4231 1805 4312">
    <p class='ocr_par' dir='ltr' id='par_1_50' title="bbox 614 4231 1805 4312">
     <span class='ocr_line' id='line_1_52' title="bbox 614 4231 1805 4312; baseline 0.008 -25"><span class='ocrx_word' id='word_1_461' title='bbox 614 4231 768 4287; x_wconf 89' lang='lat' dir='ltr'><strong>Sicut</strong></span> <span class='ocrx_word' id='word_1_462' title='bbox 797 4247 900 4303; x_wconf 87' lang='lat' dir='ltr'><strong>ego</strong></span> <span class='ocrx_word' id='word_1_463' title='bbox 924 4234 1093 4297; x_wconf 84' lang='lat' dir='ltr'><strong>solus.</strong></span> <span class='ocrx_word' id='word_1_464' title='bbox 1124 4251 1210 4292; x_wconf 91' lang='lat' dir='ltr'><strong>me</strong></span> <span class='ocrx_word' id='word_1_465' title='bbox 1236 4253 1453 4310; x_wconf 87' lang='lat' dir='ltr'><strong>quoque</strong></span> <span class='ocrx_word' id='word_1_466' title='bbox 1485 4242 1805 4312; x_wconf 85' lang='lat' dir='ltr'><strong>pauperior?</strong></span> 
     </span>
    </p>
   </div>
   <div class='ocr_carea' id='block_1_51' title="bbox 539 4322 2144 4407">
    <p class='ocr_par' dir='ltr' id='par_1_51' title="bbox 539 4322 2144 4407">
     <span class='ocr_line' id='line_1_53' title="bbox 539 4322 2144 4407; baseline 0.009 -30"><span class='ocrx_word' id='word_1_467' title='bbox 539 4322 672 4379; x_wconf 87' lang='lat' dir='ltr'><strong>Nam</strong></span> <span class='ocrx_word' id='word_1_468' title='bbox 695 4339 1051 4398; x_wconf 59' lang='lat' dir='ltr'><strong>qualicumque</strong></span> <span class='ocrx_word' id='word_1_469' title='bbox 1073 4326 1484 4396; x_wconf 86' lang='lat' dir='ltr'><strong>habui,meeum</strong></span> <span class='ocrx_word' id='word_1_470' title='bbox 1508 4332 1659 4388; x_wconf 88' lang='lat' dir='ltr'><strong>fero:</strong></span> <span class='ocrx_word' id='word_1_471' title='bbox 1695 4349 1819 4389; x_wconf 90' lang='lat' dir='ltr'><strong>cum</strong></span> <span class='ocrx_word' id='word_1_472' title='bbox 1858 4333 1992 4390; x_wconf 90' lang='lat' dir='ltr'><strong>nihil</strong></span> <span class='ocrx_word' id='word_1_473' title='bbox 2027 4335 2144 4407; x_wconf 88' lang='lat' dir='ltr'><strong>ipse</strong></span> 
     </span>
    </p>
   </div>
   <div class='ocr_carea' id='block_1_52' title="bbox 618 4417 1799 4496">
    <p class='ocr_par' dir='ltr' id='par_1_52' title="bbox 618 4417 1799 4496">
     <span class='ocr_line' id='line_1_54' title="bbox 618 4417 1799 4496; baseline 0.009 -24"><span class='ocrx_word' id='word_1_474' title='bbox 618 4417 694 4472; x_wconf 79' lang='lat' dir='ltr'><strong>Ex</strong></span> <span class='ocrx_word' id='word_1_475' title='bbox 729 4419 892 4473; x_wconf 89' lang='lat' dir='ltr'><strong>tantis</strong></span> <span class='ocrx_word' id='word_1_476' title='bbox 920 4427 1096 4474; x_wconf 88' lang='lat' dir='ltr'><strong>tecum</strong></span> <span class='ocrx_word' id='word_1_477' title='bbox 1123 4463 1137 4487; x_wconf 97' lang='lat'><strong>,</strong></span> <span class='ocrx_word' id='word_1_478' title='bbox 1167 4421 1377 4490; x_wconf 73' lang='lat' dir='ltr'><strong>Crmse,</strong></span> <span class='ocrx_word' id='word_1_479' title='bbox 1414 4423 1560 4481; x_wconf 85' lang='lat' dir='ltr'><strong>feras</strong></span> <span class='ocrx_word' id='word_1_480' title='bbox 1586 4429 1799 4496; x_wconf 88' lang='lat' dir='ltr'><strong>opibus.</strong></span> 
     </span>
    </p>
   </div>
   <div class='ocr_carea' id='block_1_53' title="bbox 2247 4171 3494 4252">
    <p class='ocr_par' dir='ltr' id='par_1_53' title="bbox 2247 4171 3494 4252">
     <span class='ocr_line' id='line_1_55' title="bbox 2247 4171 3494 4252; baseline 0.006 -26"><span class='ocrx_word' id='word_1_481' title='bbox 2247 4171 2475 4241; x_wconf 78' lang='lat' dir='ltr'><strong>Abiecta</strong></span> <span class='ocrx_word' id='word_1_482' title='bbox 2499 4173 2554 4228; x_wconf 90' lang='lat' dir='ltr'><strong>in</strong></span> <span class='ocrx_word' id='word_1_483' title='bbox 2578 4174 2752 4232; x_wconf 88' lang='lat' dir='ltr'><strong>triviis</strong></span> <span class='ocrx_word' id='word_1_484' title='bbox 2780 4176 3046 4234; x_wconf 89' lang='lat' dir='ltr'><strong>inhumati</strong></span> <span class='ocrx_word' id='word_1_485' title='bbox 3075 4181 3261 4250; x_wconf 81' lang='lat' dir='ltr'><strong>glabra</strong></span> <span class='ocrx_word' id='word_1_486' title='bbox 3288 4180 3494 4252; x_wconf 87' lang='lat' dir='ltr'><strong>jaeebat</strong></span> 
     </span>
    </p>
   </div>
   <div class='ocr_carea' id='block_1_54' title="bbox 2320 4265 3596 4342">
    <p class='ocr_par' dir='ltr' id='par_1_54' title="bbox 2320 4265 3596 4342">
     <span class='ocr_line' id='line_1_56' title="bbox 2320 4265 3596 4342; baseline 0.004 -23"><span class='ocrx_word' id='word_1_487' title='bbox 2320 4265 2484 4321; x_wconf 88' lang='lat' dir='ltr'><strong>Testa</strong></span> <span class='ocrx_word' id='word_1_488' title='bbox 2513 4267 2770 4335; x_wconf 88' lang='lat' dir='ltr'><strong>hominis,</strong></span> <span class='ocrx_word' id='word_1_489' title='bbox 2800 4271 3002 4325; x_wconf 88' lang='lat' dir='ltr'><strong>nudum</strong></span> <span class='ocrx_word' id='word_1_490' title='bbox 3035 4273 3147 4342; x_wconf 84' lang='lat' dir='ltr'><strong>jam</strong></span> <span class='ocrx_word' id='word_1_491' title='bbox 3179 4284 3301 4330; x_wconf 90' lang='lat' dir='ltr'><strong>cute</strong></span> <span class='ocrx_word' id='word_1_492' title='bbox 3324 4274 3596 4329; x_wconf 86' lang='lat' dir='ltr'><strong>calvitium.</strong></span> 
     </span>
    </p>
   </div>
   <div class='ocr_carea' id='block_1_55' title="bbox 2248 4355 3502 4432">
    <p class='ocr_par' dir='ltr' id='par_1_55' title="bbox 2248 4355 3502 4432">
     <span class='ocr_line' id='line_1_57' title="bbox 2248 4355 3502 4432; baseline 0.007 -23"><span class='ocrx_word' id='word_1_493' title='bbox 2248 4355 2538 4413; x_wconf 86' lang='lat' dir='ltr'><strong>Fleverunt</strong></span> <span class='ocrx_word' id='word_1_494' title='bbox 2565 4361 2655 4415; x_wconf 90' lang='lat' dir='ltr'><strong>alii</strong></span> <span class='ocrx_word' id='word_1_495' title='bbox 2685 4379 2695 4413; x_wconf 88' lang='lat'><strong>:</strong></span> <span class='ocrx_word' id='word_1_496' title='bbox 2728 4360 2859 4417; x_wconf 88' lang='lat' dir='ltr'><strong>ﬂetu</strong></span> <span class='ocrx_word' id='word_1_497' title='bbox 2889 4378 2995 4418; x_wconf 90' lang='lat' dir='ltr'><strong>non</strong></span> <span class='ocrx_word' id='word_1_498' title='bbox 3032 4378 3213 4420; x_wconf 83' lang='lat' dir='ltr'><strong>motus</strong></span> <span class='ocrx_word' id='word_1_499' title='bbox 3245 4367 3502 4432; x_wconf 83' lang='lat' dir='ltr'><strong>Achillas,</strong></span> 
     </span>
    </p>
   </div>
   <div class='ocr_carea' id='block_1_56' title="bbox 2318 4448 3375 4520">
    <p class='ocr_par' dir='ltr' id='par_1_56' title="bbox 2318 4448 3375 4520">
     <span class='ocr_line' id='line_1_58' title="bbox 2318 4448 3375 4520; baseline 0.012 -18"><span class='ocrx_word' id='word_1_500' title='bbox 2318 4448 2542 4520; x_wconf 86' lang='lat' dir='ltr'><strong>Insuper</strong></span> <span class='ocrx_word' id='word_1_501' title='bbox 2567 4463 2620 4506; x_wconf 91' lang='lat' dir='ltr'><strong>et</strong></span> <span class='ocrx_word' id='word_1_502' title='bbox 2642 4453 2810 4508; x_wconf 86' lang='lat' dir='ltr'><strong>silicis</strong></span> <span class='ocrx_word' id='word_1_503' title='bbox 2834 4457 3064 4513; x_wconf 88' lang='lat' dir='ltr'><strong>verbere</strong></span> <span class='ocrx_word' id='word_1_504' title='bbox 3094 4457 3375 4515; x_wconf 90' lang='lat' dir='ltr'><strong>dissecuit.</strong></span> 
     </span>
    </p>
   </div>
   <div class='ocr_carea' id='block_1_57' title="bbox 805 4531 3570 4618">
    <p class='ocr_par' dir='ltr' id='par_1_57' title="bbox 805 4531 3570 4618">
     <span class='ocr_line' id='line_1_59' title="bbox 805 4531 3570 4618; baseline 0.005 -31"><span class='ocrx_word' id='word_1_505' title='bbox 805 4531 867 4587; x_wconf 92' lang='lat' dir='ltr'><strong>L.</strong></span> <span class='ocrx_word' id='word_1_506' title='bbox 906 4532 986 4586; x_wconf 81' lang='lat' dir='ltr'><strong>Ad</strong></span> <span class='ocrx_word' id='word_1_507' title='bbox 1015 4533 1288 4590; x_wconf 73' lang='lat' dir='ltr'><strong>Daedalum</strong></span> <span class='ocrx_word' id='word_1_508' title='bbox 1316 4539 1378 4592; x_wconf 85' lang='lat' dir='ltr'><strong>de</strong></span> <span class='ocrx_word' id='word_1_509' title='bbox 1405 4539 1592 4593; x_wconf 76' lang='lat' dir='ltr'><strong>bucula</strong></span> <span class='ocrx_word' id='word_1_510' title='bbox 1631 4539 1886 4611; x_wconf 77' lang='lat' dir='ltr'><strong>Myronis.</strong></span> <span class='ocrx_word' id='word_1_511' title='bbox 2169 4532 2224 4593; x_wconf 88' lang='grc' dir='ltr'><strong>Ι)</strong></span> <span class='ocrx_word' id='word_1_512' title='bbox 2249 4539 2473 4595; x_wconf 86' lang='lat' dir='ltr'><strong>Eminus</strong></span> <span class='ocrx_word' id='word_1_513' title='bbox 2502 4558 2633 4612; x_wconf 84' lang='lat' dir='ltr'><strong>ergo</strong></span> <span class='ocrx_word' id='word_1_514' title='bbox 2660 4545 2769 4600; x_wconf 82' lang='lat' dir='ltr'><strong>icto</strong></span> <span class='ocrx_word' id='word_1_515' title='bbox 2793 4546 2955 4601; x_wconf 79' lang='lat' dir='ltr'><strong>rediit</strong></span> <span class='ocrx_word' id='word_1_516' title='bbox 2990 4548 3128 4618; x_wconf 86' lang='lat' dir='ltr'><strong>lapis</strong></span> <span class='ocrx_word' id='word_1_517' title='bbox 3157 4550 3300 4606; x_wconf 89' lang='lat' dir='ltr'><strong>ultor</strong></span> <span class='ocrx_word' id='word_1_518' title='bbox 3327 4551 3394 4605; x_wconf 88' lang='lat' dir='ltr'><strong>ah</strong></span> <span class='ocrx_word' id='word_1_519' title='bbox 3421 4563 3534 4605; x_wconf 84' lang='lat' dir='ltr'><strong>osse</strong></span> <span class='ocrx_word' id='word_1_520' title='bbox 3559 4564 3570 4600; x_wconf 77' lang='grc' dir='ltr'><strong>ε</strong></span> 
     </span>
    </p>
   </div>
   <div class='ocr_carea' id='block_1_58' title="bbox 545 4631 2153 4714">
    <p class='ocr_par' dir='ltr' id='par_1_58' title="bbox 545 4646 1928 4714">
     <span class='ocr_line' id='line_1_60' title="bbox 545 4646 1928 4714; baseline 0.008 -14"><span class='ocrx_word' id='word_1_521' title='bbox 545 4646 786 4714; x_wconf 66' lang='grc' dir='ltr'><strong>ῧίιὶάξὶιὲ,</strong></span> <span class='ocrx_word' id='word_1_522' title='bbox 818 4663 915 4703; x_wconf 90' lang='lat' dir='ltr'><strong>cur</strong></span> <span class='ocrx_word' id='word_1_523' title='bbox 948 4664 1082 4704; x_wconf 87' lang='lat' dir='ltr'><strong>vana</strong></span> <span class='ocrx_word' id='word_1_524' title='bbox 1110 4653 1389 4708; x_wconf 89' lang='lat' dir='ltr'><strong>consumis</strong></span> <span class='ocrx_word' id='word_1_525' title='bbox 1414 4653 1468 4708; x_wconf 89' lang='lat' dir='ltr'><strong>in</strong></span> <span class='ocrx_word' id='word_1_526' title='bbox 1495 4664 1612 4709; x_wconf 90' lang='lat' dir='ltr'><strong>arte</strong></span> <span class='ocrx_word' id='word_1_527' title='bbox 1646 4655 1928 4711; x_wconf 84' lang='lat' dir='ltr'><strong>laborem?</strong></span> 
     </span>
    </p>
   </div>
   <div class='ocr_carea' id='block_1_59' title="bbox 1940 4631 3548 4714">
    <p class='ocr_par' dir='ltr' id='par_1_59' title="bbox 2315 4631 3548 4714">
     <span class='ocr_line' id='line_1_61' title="bbox 2315 4631 3548 4714; baseline 0.005 -28"><span class='ocrx_word' id='word_1_528' title='bbox 2315 4631 2676 4706; x_wconf 85' lang='lat' dir='ltr'><strong>Auctorisque</strong></span> <span class='ocrx_word' id='word_1_529' title='bbox 2704 4637 2785 4691; x_wconf 92' lang='lat' dir='ltr'><strong>sui</strong></span> <span class='ocrx_word' id='word_1_530' title='bbox 2819 4639 3052 4696; x_wconf 89' lang='lat' dir='ltr'><strong>frontem</strong></span> <span class='ocrx_word' id='word_1_531' title='bbox 3083 4643 3378 4713; x_wconf 76' lang='lat' dir='ltr'><strong>OCUIOSqlle</strong></span> <span class='ocrx_word' id='word_1_532' title='bbox 3408 4642 3548 4714; x_wconf 88' lang='lat' dir='ltr'><strong>petit.</strong></span> 
     </span>
    </p>
   </div>
   <div class='ocr_carea' id='block_1_60' title="bbox 612 4726 3561 4816">
    <p class='ocr_par' dir='ltr' id='par_1_60' title="bbox 612 4726 3561 4816">
     <span class='ocr_line' id='line_1_62' title="bbox 612 4726 3561 4816; baseline 0.006 -48"><span class='ocrx_word' id='word_1_533' title='bbox 612 4738 692 4793; x_wconf 71' lang='lat' dir='ltr'><strong>Mc</strong></span> <span class='ocrx_word' id='word_1_534' title='bbox 722 4741 903 4810; x_wconf 56' lang='lat' dir='ltr'><strong>ponus</strong></span> <span class='ocrx_word' id='word_1_535' title='bbox 929 4740 1128 4800; x_wconf 52' lang='lat' dir='ltr'><strong>clausa,</strong></span> <span class='ocrx_word' id='word_1_536' title='bbox 1155 4744 1364 4815; x_wconf 56' lang='lat' dir='ltr'><strong>subiice</strong></span> <span class='ocrx_word' id='word_1_537' title='bbox 1397 4745 1700 4816; x_wconf 46' lang='grc' dir='ltr'><strong>ρθείριηηρ,</strong></span> <span class='ocrx_word' id='word_1_538' title='bbox 2241 4726 2332 4781; x_wconf 83' lang='lat' dir='ltr'><strong>Sic</strong></span> <span class='ocrx_word' id='word_1_539' title='bbox 2359 4726 2563 4782; x_wconf 90' lang='lat' dir='ltr'><strong>utinam</strong></span> <span class='ocrx_word' id='word_1_540' title='bbox 2591 4739 2772 4786; x_wconf 89' lang='lat' dir='ltr'><strong>certos</strong></span> <span class='ocrx_word' id='word_1_541' title='bbox 2793 4747 2983 4787; x_wconf 89' lang='lat' dir='ltr'><strong>manus</strong></span> <span class='ocrx_word' id='word_1_542' title='bbox 3012 4735 3173 4804; x_wconf 90' lang='lat' dir='ltr'><strong>impia</strong></span> <span class='ocrx_word' id='word_1_543' title='bbox 3196 4735 3390 4807; x_wconf 85' lang='lat' dir='ltr'><strong>dirigat</strong></span> <span class='ocrx_word' id='word_1_544' title='bbox 3415 4736 3561 4797; x_wconf 90' lang='lat' dir='ltr'><strong>ictus,</strong></span> 
     </span>
    </p>
   </div>
   <div class='ocr_carea' id='block_1_61' title="bbox 543 4820 2151 4910">
    <p class='ocr_par' dir='ltr' id='par_1_61' title="bbox 543 4830 1864 4910">
     <span class='ocr_line' id='line_1_63' title="bbox 543 4830 1864 4910; baseline 0.008 -25"><span class='ocrx_word' id='word_1_545' title='bbox 543 4830 830 4889; x_wconf 83' lang='lat' dir='ltr'><strong>lllecehras</strong></span> <span class='ocrx_word' id='word_1_546' title='bbox 861 4850 1003 4890; x_wconf 75' lang='lat' dir='ltr'><strong>vera:</strong></span> <span class='ocrx_word' id='word_1_547' title='bbox 1033 4838 1076 4892; x_wconf 90' lang='lat' dir='ltr'><strong>si</strong></span> <span class='ocrx_word' id='word_1_548' title='bbox 1103 4838 1182 4893; x_wconf 91' lang='lat' dir='ltr'><strong>vis</strong></span> <span class='ocrx_word' id='word_1_549' title='bbox 1209 4837 1365 4904; x_wconf 85' lang='lat' dir='ltr'><strong>dare,</strong></span> <span class='ocrx_word' id='word_1_550' title='bbox 1394 4837 1630 4906; x_wconf 72' lang='lat' dir='ltr'><strong>Dmdale,</strong></span> <span class='ocrx_word' id='word_1_551' title='bbox 1662 4855 1864 4910; x_wconf 63' lang='lat' dir='ltr'><strong>vacca},</strong></span> 
     </span>
    </p>
   </div>
   <div class='ocr_carea' id='block_1_62' title="bbox 1880 4820 3488 4910">
    <p class='ocr_par' dir='ltr' id='par_1_62' title="bbox 2317 4820 3488 4886">
     <span class='ocr_line' id='line_1_64' title="bbox 2317 4820 3488 4886; baseline 0.005 -10"><span class='ocrx_word' id='word_1_552' title='bbox 2317 4820 2610 4878; x_wconf 85' lang='lat' dir='ltr'><strong>Auctorem</strong></span> <span class='ocrx_word' id='word_1_553' title='bbox 2641 4835 2700 4879; x_wconf 89' lang='lat' dir='ltr'><strong>ut</strong></span> <span class='ocrx_word' id='word_1_554' title='bbox 2727 4825 2921 4882; x_wconf 83' lang='lat' dir='ltr'><strong>feriant</strong></span> <span class='ocrx_word' id='word_1_555' title='bbox 2954 4827 3056 4883; x_wconf 82' lang='lat' dir='ltr'><strong>tela</strong></span> <span class='ocrx_word' id='word_1_556' title='bbox 3090 4839 3299 4886; x_wconf 85' lang='lat' dir='ltr'><strong>retorta</strong></span> <span class='ocrx_word' id='word_1_557' title='bbox 3320 4845 3488 4886; x_wconf 83' lang='lat' dir='ltr'><strong>suum.</strong></span> 
     </span>
    </p>
   </div>
   <div class='ocr_carea' id='block_1_63' title="bbox 615 4926 3682 5012">
    <p class='ocr_par' dir='ltr' id='par_1_63' title="bbox 615 4926 3682 5012">
     <span class='ocr_line' id='line_1_65' title="bbox 615 4926 3682 5012; baseline 0.004 -31"><span class='ocrx_word' id='word_1_558' title='bbox 615 4926 747 4982; x_wconf 80' lang='lat' dir='ltr'><strong>Vivn</strong></span> <span class='ocrx_word' id='word_1_559' title='bbox 777 4928 870 4983; x_wconf 90' lang='lat' dir='ltr'><strong>tibi</strong></span> <span class='ocrx_word' id='word_1_560' title='bbox 903 4929 1114 4999; x_wconf 82' lang='lat' dir='ltr'><strong>Species</strong></span> <span class='ocrx_word' id='word_1_561' title='bbox 1143 4946 1302 4985; x_wconf 87' lang='lat' dir='ltr'><strong>vacca</strong></span> <span class='ocrx_word' id='word_1_562' title='bbox 1337 4931 1576 5003; x_wconf 84' lang='lat' dir='ltr'><strong>Myronis</strong></span> <span class='ocrx_word' id='word_1_563' title='bbox 1599 4933 1722 4986; x_wconf 85' lang='lat' dir='ltr'><strong>erit.</strong></span> <span class='ocrx_word' id='word_1_564' title='bbox 2351 4934 2464 4992; x_wconf 79' lang='lat' dir='ltr'><strong>LX.</strong></span> <span class='ocrx_word' id='word_1_565' title='bbox 2503 4935 2577 4992; x_wconf 89' lang='lat' dir='ltr'><strong>De</strong></span> <span class='ocrx_word' id='word_1_566' title='bbox 2603 4937 2798 4994; x_wconf 81' lang='lat' dir='ltr'><strong>Alcone</strong></span> <span class='ocrx_word' id='word_1_567' title='bbox 2824 4943 3046 5012; x_wconf 83' lang='lat' dir='ltr'><strong>medico,</strong></span> <span class='ocrx_word' id='word_1_568' title='bbox 3081 4953 3128 4998; x_wconf 85' lang='lat' dir='ltr'><strong>et</strong></span> <span class='ocrx_word' id='word_1_569' title='bbox 3170 4946 3398 5000; x_wconf 83' lang='lat' dir='ltr'><strong>Diodoro</strong></span> <span class='ocrx_word' id='word_1_570' title='bbox 3427 4937 3682 5009; x_wconf 74' lang='lat' dir='ltr'><strong>haruspire-</strong></span> 
     </span>
    </p>
   </div>
   <div class='ocr_carea' id='block_1_64' title="bbox 1089 5045 3530 5129">
    <p class='ocr_par' dir='ltr' id='par_1_64' title="bbox 1089 5045 3530 5129">
     <span class='ocr_line' id='line_1_66' title="bbox 1089 5045 3530 5129; baseline 0.004 -28"><span class='ocrx_word' id='word_1_571' title='bbox 1089 5045 1175 5102; x_wconf 85' lang='lat' dir='ltr'><strong>LI.</strong></span> <span class='ocrx_word' id='word_1_572' title='bbox 1204 5045 1402 5103; x_wconf 85' lang='lat' dir='ltr'><strong>Eadem</strong></span> <span class='ocrx_word' id='word_1_573' title='bbox 1426 5049 1492 5104; x_wconf 84' lang='lat' dir='ltr'><strong>de</strong></span> <span class='ocrx_word' id='word_1_574' title='bbox 1520 5065 1595 5103; x_wconf 76' lang='lat' dir='ltr'><strong>se.</strong></span> <span class='ocrx_word' id='word_1_575' title='bbox 2241 5048 2541 5122; x_wconf 84' lang='lat' dir='ltr'><strong>Langueuti</strong></span> <span class='ocrx_word' id='word_1_576' title='bbox 2573 5053 2752 5110; x_wconf 81' lang='lat' dir='ltr'><strong>Marco</strong></span> <span class='ocrx_word' id='word_1_577' title='bbox 2778 5057 2915 5111; x_wconf 85' lang='lat' dir='ltr'><strong>dixit</strong></span> <span class='ocrx_word' id='word_1_578' title='bbox 2949 5058 3218 5116; x_wconf 88' lang='lat' dir='ltr'><strong>Diodorus</strong></span> <span class='ocrx_word' id='word_1_579' title='bbox 3251 5061 3530 5129; x_wconf 58' lang='lat' dir='ltr'><strong>haruspex,</strong></span> 
     </span>
    </p>
   </div>
   <div class='ocr_carea' id='block_1_65' title="bbox 540 5147 3459 5235">
    <p class='ocr_par' dir='ltr' id='par_1_65' title="bbox 540 5147 3459 5235">
     <span class='ocr_line' id='line_1_67' title="bbox 540 5147 3459 5235; baseline 0.004 -19"><span class='ocrx_word' id='word_1_580' title='bbox 540 5160 745 5216; x_wconf 83' lang='lat' dir='ltr'><strong>ErraSti</strong></span> <span class='ocrx_word' id='word_1_581' title='bbox 769 5202 784 5227; x_wconf 94' lang='lat'><strong>,</strong></span> <span class='ocrx_word' id='word_1_582' title='bbox 816 5161 1107 5216; x_wconf 85' lang='lat' dir='ltr'><strong>attendens</strong></span> <span class='ocrx_word' id='word_1_583' title='bbox 1139 5163 1258 5218; x_wconf 71' lang='lat' dir='ltr'><strong>hiet:</strong></span> <span class='ocrx_word' id='word_1_584' title='bbox 1285 5163 1372 5218; x_wconf 87' lang='lat' dir='ltr'><strong>ilia</strong></span> <span class='ocrx_word' id='word_1_585' title='bbox 1408 5172 1592 5218; x_wconf 88' lang='lat' dir='ltr'><strong>nostra</strong></span> <span class='ocrx_word' id='word_1_586' title='bbox 1613 5204 1630 5231; x_wconf 91' lang='lat'><strong>,</strong></span> <span class='ocrx_word' id='word_1_587' title='bbox 1661 5164 1909 5235; x_wconf 82' lang='lat' dir='ltr'><strong>juveuce.</strong></span> <span class='ocrx_word' id='word_1_588' title='bbox 2313 5147 2392 5202; x_wconf 72' lang='lat' dir='ltr'><strong>Ad</strong></span> <span class='ocrx_word' id='word_1_589' title='bbox 2417 5148 2579 5202; x_wconf 52' lang='lat' dir='ltr'><strong>Vitam</strong></span> <span class='ocrx_word' id='word_1_590' title='bbox 2610 5166 2714 5204; x_wconf 78' lang='lat'><strong>&quot;0&quot;</strong></span> <span class='ocrx_word' id='word_1_591' title='bbox 2747 5149 2867 5221; x_wconf 65' lang='lat' dir='ltr'><strong>Plus</strong></span> <span class='ocrx_word' id='word_1_592' title='bbox 2889 5167 2987 5207; x_wconf 65' lang='lat' dir='ltr'><strong>50X</strong></span> <span class='ocrx_word' id='word_1_593' title='bbox 3017 5169 3304 5223; x_wconf 61' lang='lat' dir='ltr'><strong>superesse</strong></span> <span class='ocrx_word' id='word_1_594' title='bbox 3329 5155 3459 5209; x_wconf 69' lang='lat' dir='ltr'><strong>dies-</strong></span> 
     </span>
    </p>
   </div>
   <div class='ocr_carea' id='block_1_66' title="bbox 611 5239 3562 5317">
    <p class='ocr_par' dir='ltr' id='par_1_66' title="bbox 611 5239 3562 5317">
     <span class='ocr_line' id='line_1_68' title="bbox 611 5239 3562 5317; baseline 0.006 -36"><span class='ocrx_word' id='word_1_595' title='bbox 611 5249 730 5306; x_wconf 75' lang='grc' dir='ltr'><strong>Νοη</strong></span> <span class='ocrx_word' id='word_1_596' title='bbox 758 5267 951 5307; x_wconf 61' lang='lat' dir='ltr'><strong>manus</strong></span> <span class='ocrx_word' id='word_1_597' title='bbox 978 5252 1200 5308; x_wconf 53' lang='lat' dir='ltr'><strong>artiﬁcis</strong></span> <span class='ocrx_word' id='word_1_598' title='bbox 1229 5254 1310 5308; x_wconf 64' lang='lat' dir='ltr'><strong>[ac</strong></span> <span class='ocrx_word' id='word_1_599' title='bbox 1339 5254 1489 5310; x_wconf 53' lang='lat' dir='ltr'><strong>dedit</strong></span> <span class='ocrx_word' id='word_1_600' title='bbox 1518 5255 1794 5312; x_wconf 47' lang='lat' dir='ltr'><strong>uberibus.</strong></span> <span class='ocrx_word' id='word_1_601' title='bbox 2238 5239 2342 5294; x_wconf 83' lang='lat' dir='ltr'><strong>Sed</strong></span> <span class='ocrx_word' id='word_1_602' title='bbox 2367 5241 2607 5298; x_wconf 88' lang='lat' dir='ltr'><strong>medicus</strong></span> <span class='ocrx_word' id='word_1_603' title='bbox 2637 5244 2778 5298; x_wconf 88' lang='lat' dir='ltr'><strong>divis</strong></span> <span class='ocrx_word' id='word_1_604' title='bbox 2804 5247 3032 5317; x_wconf 78' lang='lat' dir='ltr'><strong>fatisque</strong></span> <span class='ocrx_word' id='word_1_605' title='bbox 3055 5248 3331 5317; x_wconf 84' lang='lat' dir='ltr'><strong>potentior</strong></span> <span class='ocrx_word' id='word_1_606' title='bbox 3359 5246 3518 5302; x_wconf 84' lang='lat' dir='ltr'><strong>Alcon</strong></span> <span class='ocrx_word' id='word_1_607' title='bbox 3553 5256 3562 5289; x_wconf 75' lang='grc' dir='ltr'><strong><em>τ</em></strong></span> 
     </span>
    </p>
   </div>
   <div class='ocr_carea' id='block_1_67' title="bbox 1159 5331 2767 5425">
    <p class='ocr_par' dir='ltr' id='par_1_67' title="bbox 1159 5331 2766 5425">
     <span class='ocr_line' id='line_1_69' title="bbox 1159 5331 2766 5425; baseline -0.012 -15"><span class='ocrx_word' id='word_1_608' title='bbox 1159 5368 1267 5425; x_wconf 66' lang='grc' dir='ltr'>ιιι,</span> <span class='ocrx_word' id='word_1_609' title='bbox 1300 5369 1520 5424; x_wconf 62' lang='grc' dir='ltr'><strong>ιεῖαιίεη,⁸</strong></span> <span class='ocrx_word' id='word_1_610' title='bbox 2249 5421 2288 5425; x_wconf 59' lang='lat'><strong><em>_</em></strong></span> <span class='ocrx_word' id='word_1_611' title='bbox 2313 5331 2528 5387; x_wconf 78' lang='lat' dir='ltr'><strong>Falsum</strong></span> <span class='ocrx_word' id='word_1_612' title='bbox 2559 5349 2659 5389; x_wconf 90' lang='lat' dir='ltr'><strong>con</strong></span> <span class='ocrx_word' id='word_1_613' title='bbox 2669 5337 2766 5392; x_wconf 89' lang='lat' dir='ltr'><strong>vici</strong></span> 
     </span>
    </p>
   </div>
   <div class='ocr_carea' id='block_1_68' title="bbox 1774 5331 3382 5425">
    <p class='ocr_par' dir='ltr' id='par_1_68' title="bbox 2313 5331 3382 5409">
     <span class='ocr_line' id='line_1_70' title="bbox 2313 5331 3382 5409; baseline 0.008 -24"><span class='ocrx_word' id='word_1_614' title='bbox 2313 5331 2528 5387; x_wconf 78' lang='lat' dir='ltr'><strong>Falsum</strong></span> <span class='ocrx_word' id='word_1_615' title='bbox 2559 5337 2797 5392; x_wconf 88' lang='lat' dir='ltr'><strong>convicit</strong></span> <span class='ocrx_word' id='word_1_616' title='bbox 2818 5338 2963 5392; x_wconf 90' lang='lat' dir='ltr'><strong>illico</strong></span> <span class='ocrx_word' id='word_1_617' title='bbox 2992 5339 3382 5409; x_wconf 73' lang='lat' dir='ltr'><strong>haruspicium,</strong></span> 
     </span>
    </p>
   </div>
   <div class='ocr_carea' id='block_1_69' title="bbox 2246 5421 3508 5501">
    <p class='ocr_par' dir='ltr' id='par_1_69' title="bbox 2246 5421 3508 5501">
     <span class='ocr_line' id='line_1_71' title="bbox 2246 5421 3508 5501; baseline 0.001 -25"><span class='ocrx_word' id='word_1_618' title='bbox 2246 5421 2634 5495; x_wconf 84' lang='lat' dir='ltr'><strong>Tractavitquc</strong></span> <span class='ocrx_word' id='word_1_619' title='bbox 2662 5443 2881 5484; x_wconf 88' lang='lat' dir='ltr'><strong>manum</strong></span> <span class='ocrx_word' id='word_1_620' title='bbox 2911 5431 3126 5496; x_wconf 85' lang='lat' dir='ltr'><strong>victuri,</strong></span> <span class='ocrx_word' id='word_1_621' title='bbox 3153 5433 3204 5486; x_wconf 84' lang='lat' dir='ltr'><strong>ui</strong></span> <span class='ocrx_word' id='word_1_622' title='bbox 3237 5431 3508 5501; x_wconf 70' lang='lat' dir='ltr'><strong>tetigisset.</strong></span> 
     </span>
    </p>
   </div>
   <div class='ocr_carea' id='block_1_70' title="bbox 538 5458 3310 5594">
    <p class='ocr_par' dir='ltr' id='par_1_70' title="bbox 538 5458 3310 5594">
     <span class='ocr_line' id='line_1_72' title="bbox 538 5458 3306 5541; baseline 0.009 -29"><span class='ocrx_word' id='word_1_623' title='bbox 538 5458 704 5514; x_wconf 83' lang='lat' dir='ltr'><strong>Pasce</strong></span> <span class='ocrx_word' id='word_1_624' title='bbox 722 5462 2135 5541; x_wconf 52' lang='lat' dir='ltr'><strong>gregesproculhinc,ne,qugeso,httltttlce,;Myr0itis</strong></span> <span class='ocrx_word' id='word_1_625' title='bbox 2261 5458 2634 5527; x_wconf 65' lang='grc' dir='ltr'><strong>“’“’“ἶ“””“¹“”</strong></span> <span class='ocrx_word' id='word_1_626' title='bbox 2662 5458 2881 5484; x_wconf 63' lang='lat' dir='ltr'><strong>&quot;mum&quot;</strong></span> <span class='ocrx_word' id='word_1_627' title='bbox 2913 5458 3126 5536; x_wconf 42' lang='lat' dir='ltr'><strong>Humi&quot;</strong></span> <span class='ocrx_word' id='word_1_628' title='bbox 3153 5458 3204 5486; x_wconf 63' lang='grc' dir='ltr'>ἠ</span> <span class='ocrx_word' id='word_1_629' title='bbox 3236 5458 3306 5536; x_wconf 46' lang='grc' dir='ltr'><strong>ξω</strong></span> 
     </span>
     <span class='ocr_line' id='line_1_73' title="bbox 615 5516 3310 5594; baseline 0.009 -39"><span class='ocrx_word' id='word_1_630' title='bbox 615 5551 702 5594; x_wconf 50' lang='lat' dir='ltr'><strong>me</strong></span> <span class='ocrx_word' id='word_1_631' title='bbox 761 5553 926 5594; x_wconf 48' lang='lat' dir='ltr'><strong>wh&quot;;</strong></span> <span class='ocrx_word' id='word_1_632' title='bbox 959 5554 1170 5594; x_wconf 44' lang='lat' dir='ltr'><strong>enim“</strong></span> <span class='ocrx_word' id='word_1_633' title='bbox 1225 5571 1348 5594; x_wconf 61' lang='lat' dir='ltr'><strong>mm</strong></span> <span class='ocrx_word' id='word_1_634' title='bbox 1379 5557 1553 5594; x_wconf 49' lang='lat' dir='ltr'><strong>ludum</strong></span> <span class='ocrx_word' id='word_1_635' title='bbox 1582 5559 1821 5594; x_wconf 43' lang='lat' dir='ltr'><strong>manu“</strong></span> <span class='ocrx_word' id='word_1_636' title='bbox 2316 5516 2462 5572; x_wconf 88' lang='lat' dir='ltr'><strong>llltco</strong></span> <span class='ocrx_word' id='word_1_637' title='bbox 2491 5532 2612 5572; x_wconf 85' lang='lat' dir='ltr'><strong>nam</strong></span> <span class='ocrx_word' id='word_1_638' title='bbox 2639 5519 2816 5575; x_wconf 85' lang='lat' dir='ltr'><strong>Marco</strong></span> <span class='ocrx_word' id='word_1_639' title='bbox 2841 5536 2935 5578; x_wconf 83' lang='lat' dir='ltr'><strong>sex</strong></span> <span class='ocrx_word' id='word_1_640' title='bbox 2963 5539 3174 5594; x_wconf 72' lang='lat' dir='ltr'><strong>pet-tere</strong></span> <span class='ocrx_word' id='word_1_641' title='bbox 3197 5525 3310 5580; x_wconf 87' lang='lat' dir='ltr'><strong>dies</strong></span> 
     </span>
    </p>
   </div>
   <div class='ocr_carea' id='block_1_71' title="bbox 610 5551 1846 5628">
    <p class='ocr_par' dir='ltr' id='par_1_71' title="bbox 610 5551 1846 5628">
     <span class='ocr_line' id='line_1_74' title="bbox 610 5551 1846 5628; baseline 0.007 -22"><span class='ocrx_word' id='word_1_642' title='bbox 610 5551 726 5619; x_wconf 65' lang='lat' dir='ltr'><strong>Ais,</strong></span> <span class='ocrx_word' id='word_1_643' title='bbox 761 5553 928 5608; x_wconf 89' lang='lat' dir='ltr'><strong>veluti</strong></span> <span class='ocrx_word' id='word_1_644' title='bbox 957 5554 1193 5626; x_wconf 88' lang='lat' dir='ltr'><strong>spirans,</strong></span> <span class='ocrx_word' id='word_1_645' title='bbox 1225 5571 1348 5611; x_wconf 90' lang='lat' dir='ltr'><strong>cum</strong></span> <span class='ocrx_word' id='word_1_646' title='bbox 1379 5557 1554 5612; x_wconf 89' lang='lat' dir='ltr'><strong>bubus</strong></span> <span class='ocrx_word' id='word_1_647' title='bbox 1582 5559 1846 5628; x_wconf 82' lang='lat' dir='ltr'><strong>exagitcs.</strong></span> 
     </span>
    </p>
   </div>
   <div class='ocr_carea' id='block_1_72' title="bbox 1141 5649 3582 5730">
    <p class='ocr_par' dir='ltr' id='par_1_72' title="bbox 1141 5649 3582 5730">
     <span class='ocr_line' id='line_1_75' title="bbox 1141 5649 3582 5730; baseline -0.005 -12"><span class='ocrx_word' id='word_1_648' title='bbox 1141 5671 1273 5726; x_wconf 76' lang='lat' dir='ltr'><strong>LIII,</strong></span> <span class='ocrx_word' id='word_1_649' title='bbox 1310 5673 1528 5730; x_wconf 70' lang='lat' dir='ltr'><strong>Eadem,</strong></span> <span class='ocrx_word' id='word_1_650' title='bbox 2445 5649 2582 5708; x_wconf 78' lang='lat' dir='ltr'><strong>LXI.</strong></span> <span class='ocrx_word' id='word_1_651' title='bbox 2620 5655 2694 5711; x_wconf 85' lang='lat' dir='ltr'><strong>De</strong></span> <span class='ocrx_word' id='word_1_652' title='bbox 2716 5658 2864 5730; x_wconf 85' lang='lat' dir='ltr'><strong>signo</strong></span> <span class='ocrx_word' id='word_1_653' title='bbox 2892 5658 3058 5728; x_wconf 73' lang='lat' dir='ltr'><strong>locis,</strong></span> <span class='ocrx_word' id='word_1_654' title='bbox 3091 5673 3137 5717; x_wconf 86' lang='lat' dir='ltr'><strong>et</strong></span> <span class='ocrx_word' id='word_1_655' title='bbox 3172 5662 3365 5718; x_wconf 69' lang='lat' dir='ltr'><strong>Alcone</strong></span> <span class='ocrx_word' id='word_1_656' title='bbox 3391 5655 3582 5716; x_wconf 70' lang='lat' dir='ltr'><strong>medim.</strong></span> 
     </span>
    </p>
   </div>
   <div class='ocr_carea' id='block_1_73' title="bbox 537 5754 3498 5853">
    <p class='ocr_par' dir='ltr' id='par_1_73' title="bbox 537 5754 3498 5853">
     <span class='ocr_line' id='line_1_76' title="bbox 537 5754 3498 5853; baseline 0.011 -44"><span class='ocrx_word' id='word_1_657' title='bbox 537 5754 622 5809; x_wconf 80' lang='lat' dir='ltr'><strong>Me</strong></span> <span class='ocrx_word' id='word_1_658' title='bbox 650 5755 849 5814; x_wconf 81' lang='lat' dir='ltr'><strong>vitulus</strong></span> <span class='ocrx_word' id='word_1_659' title='bbox 882 5772 1134 5831; x_wconf 79' lang='lat' dir='ltr'><strong>cernens,</strong></span> <span class='ocrx_word' id='word_1_660' title='bbox 1167 5763 1460 5836; x_wconf 84' lang='lat' dir='ltr'><strong>itmnugiet.</strong></span> <span class='ocrx_word' id='word_1_661' title='bbox 1498 5765 1674 5822; x_wconf 88' lang='lat' dir='ltr'><strong>lrruct</strong></span> <span class='ocrx_word' id='word_1_662' title='bbox 1705 5765 1756 5823; x_wconf 88' lang='lat' dir='ltr'><strong>in</strong></span> <span class='ocrx_word' id='word_1_663' title='bbox 1788 5783 1874 5824; x_wconf 92' lang='lat' dir='ltr'><strong>me</strong></span> <span class='ocrx_word' id='word_1_664' title='bbox 2241 5771 2406 5829; x_wconf 80' lang='lat' dir='ltr'><strong>Alcon</strong></span> <span class='ocrx_word' id='word_1_665' title='bbox 2441 5770 2698 5831; x_wconf 90' lang='lat' dir='ltr'><strong>hesterno</strong></span> <span class='ocrx_word' id='word_1_666' title='bbox 2745 5777 2954 5850; x_wconf 79' lang='lat' dir='ltr'><strong>signum</strong></span> <span class='ocrx_word' id='word_1_667' title='bbox 2988 5779 3136 5839; x_wconf 57' lang='lat' dir='ltr'><strong>Jovis;</strong></span> <span class='ocrx_word' id='word_1_668' title='bbox 3168 5783 3360 5853; x_wconf 79' lang='lat' dir='ltr'><strong>attigit.</strong></span> <span class='ocrx_word' id='word_1_669' title='bbox 3396 5778 3498 5842; x_wconf 64' lang='lat' dir='ltr'><strong>Ille.</strong></span> 
     </span>
    </p>
   </div>
  </div>
