4072 6306
521 319 625 378 8'55

980 423 1266 482 LXXXIV.
1303 422 1381 478 De
1405 422 1600 476 eodem.

524 546 694 602 Nemo
723 544 894 598 bonus
921 541 1071 595 Brito
1094 549 1174 595 est
1197 538 1269 592 :si
1299 535 1530 607 simplex
1561 533 1760 588 Silvius
1782 544 1901 586 esse

599 640 844 710 Incipiat,
871 637 1102 708 simplex
1129 635 1344 691 desinat
1374 646 1497 689 esse
1525 630 1731 685 Bonus.

1011 751 1250 809 LXXXV
1263 791 1275 806 .
1313 741 1392 806 De
1423 749 1620 805 eodem.

529 865 732 924 Silvius
765 865 854 922 hic
893 865 1073 920 Bonus
1102 874 1202 919 cst.
1237 863 1342 920 Sed
1376 861 1531 917 Brito
1574 868 1660 916 est
1708 857 1908 915 Silvius
1952 853 2117 909 idem.

602 958 914 1029 Simplicior
940 973 1028 1013 res
1057 967 1134 1011 est
1151 999 1166 1024 ,
1198 954 1431 1020 credite,
1455 954 1604 1008 Brito
1627 950 1820 1005 malus.

994 1071 1284 1130 LXXXVI.
1324 1072 1398 1126 De
1419 1071 1618 1125 eodem.

524 1191 662 1249 Silvi
683 1236 698 1260 ,
730 1192 901 1258 Brito,
940 1190 1126 1245 Bonus
1156 1206 1170 1255 ;
1205 1189 1456 1258 quamvis
1479 1188 1642 1242 homo
1673 1199 1779 1239 non
1812 1184 1981 1238 bonus
2000 1195 2123 1238 esse

598 1289 784 1346 Ferris
809 1307 820 1342 :
854 1301 956 1344 nec
983 1277 1044 1343 se
1065 1286 1184 1358 quit
1207 1285 1438 1356 iungere
1464 1282 1613 1337 Brito
1639 1280 1813 1336 Bono.

935 1399 1244 1457 LXXXVII.
1275 1398 1342 1454 In
1371 1396 1690 1470 Furippum.

525 1519 662 1574 I’ars
693 1525 745 1573 te
779 1516 1075 1587 Furippum
1108 1513 1332 1577 vocitat,
1365 1525 1490 1582 pars
1521 1525 1651 1565 vero
1683 1507 2011 1578 Furippum,

603 1610 790 1666 Altera
824 1608 1161 1680 producens,
1197 1606 1369 1661 altera
1395 1603 1724 1674 corripiens.

533 1702 686 1773 Elige
724 1711 904 1757 utrum
937 1701 1090 1755 malis
1123 1717 1133 1753 :
1175 1709 1268 1756 aut
1295 1697 1492 1764 tende,
1535 1706 1629 1752 aut
1657 1693 1870 1766 corripe
1899 1707 2119 1750 nomen.

598 1793 896 1850 Conveniet
923 1792 1283 1863 quodvis,fur
1315 1788 1537 1854 furiose,
1570 1786 1686 1843 tibi.

919 1930 1254 1988 LXXXVIII.
1295 1928 1509 2001 Epicuri
1529 1928 1726 1999 opinio.

528 2049 684 2116 Quod
716 2059 800 2107 est
824 2049 1065 2112 beatum,
1095 2056 1269 2100 morte
1289 2056 1343 2100 et
1366 2055 1628 2099 aeternum
1657 2055 1867 2105 carens,

526 2143 637 2201 Nec
665 2144 768 2200 sibi
795 2143 933 2213 parit
965 2141 1262 2212 negotium,
1289 2153 1390 2195 nec
1407 2138 1583 2194 alteri.

901 2273 1194 2335 LXXXIX.
1232 2275 1306 2331 De
1323 2273 1532 2329 homine
1555 2273 1725 2344 pigro.

527 2398 705 2455 Sanus
738 2395 891 2467 piger
923 2394 1186 2450 febriente
1210 2391 1380 2446 multo
1403 2399 1485 2445 est
1514 2385 1763 2458 nequior.

529 2490 688 2547 Putat
717 2487 963 2560 duplum,
998 2486 1274 2557 dapesque
1307 2481 1552 2553 duplices
1580 2479 1826 2535 devorat.

945 2625 1058 2684 XC.
1093 2624 1159 2682 In
1182 2623 1354 2682 Didas
1376 2624 1678 2695 imaginem.

524 2768 622 2824 Illo
649 2781 748 2838 ego
771 2781 889 2822 sum
920 2765 1054 2822 Dido
1074 2765 1245 2832 vultu,
1278 2779 1441 2836 quem
1464 2761 1760 2833 conspicis,
1789 2758 2014 2830 h05pes,

598 2859 911 2916 Assimilata
945 2858 1120 2912 modis
1145 2857 1482 2928 pulchraque
1515 2851 1786 2916 mirificis,

526 2951 673 3009 Talis
697 2967 846 3009 eram
882 2969 896 3007 :
930 2949 1023 3007 sed
1058 2966 1162 3006 non
1189 2991 1204 3018 ,
1232 2951 1382 3005 Maro
1418 2963 1578 3020 quam
1613 2945 1744 3003 mihi
1777 2944 1936 3001 finxit
1959 2985 1974 3010 ,
2005 2952 2123 2998 erat

1047 3056 1053 3061 '
1898 3037 2076 3111 [mens
2105 3052 2119 3089 :

599 3140 718 3196 Vita
749 3156 852 3197 uec
878 3141 1098 3196 incestis
1127 3141 1246 3195 laeta
1277 3136 1646 3208 cupidinibus.

526 3234 773 3306 Namque
796 3249 896 3292 nec
925 3234 1132 3290 AEneas
1165 3233 1297 3289 vidit
1330 3248 1416 3288 me
1442 3233 1636 3290 Troius
1664 3247 1938 3302 umquam,

601 3331 710 3386 Nec
741 3331 964 3402 Libyam
999 3329 1226 3384 advenit
1251 3327 1519 3385 classib‘us
1539 3326 1739 3382 Iliacis.

531 3424 639 3482 Sed
671 3424 836 3479 furias
861 3422 1074 3492 fugiens
1102 3433 1266 3492 atque
1295 3435 1445 3476 arma
1478 3419 1722 3490 procacis
1755 3419 1946 3484 Iarbae,

603 3515 848 3581 Servavi,
885 3516 1080 3581 fateor,
1109 3523 1286 3569 morte
1318 3512 1663 3582 pudicitiam,

532 3607 763 3663 Pectore
800 3605 1064 3660 transfixo
1100 3622 1114 3660 :
1144 3613 1326 3662 castus
1354 3605 1496 3675 quod
1525 3602 1757 3673 perculit
1780 3600 1945 3668 ensis,

606 3697 722 3753 Non
749 3696 919 3765 furor,
946 3705 1038 3752 aut
1060 3696 1193 3752 I:eso
1218 3695 1420 3752 crudus
1445 3710 1632 3750 amore
1662 3693 1842 3749 dolor.

535 3791 627 3848 Sic
649 3789 911 3846 cecidisse
937 3788 1088 3860 juvat
1113 3804 1126 3841 :
1148 3789 1256 3842 vixi
1288 3787 1407 3842 sine
1436 3786 1668 3841 vulnere
1699 3785 1876 3839 fantzc.

608 3884 727 3940 Ulta
758 3884 955 3950 virum,
992 3883 1186 3954 positis
1212 3881 1504 3945 moenibus,
1539 3879 1766 3950 oppetii.

535 3979 746 4045 Invida,
779 3994 878 4034 cur
909 3979 961 4034 iu
992 3993 1078 4033 me
1108 3975 1419 4042 stimulasti,
1452 3975 1623 4042 Musa,
1658 3974 1955 4037 Maronem,

608 4073 867 4143 Fingeret
897 4079 955 4127 ut
985 4079 1184 4126 nostra;
1206 4069 1406 4124 damna
1436 4067 1716 4138 pudicitia:
1748 4065 1771 4119 ‘I

534 4166 646 4223 Vos
677 4165 850 4237 magis
881 4165 1182 4231 historicis,
1218 4162 1471 4226 lectores,
1503 4159 1712 4215 credite
1743 4158 1814 4213 de
1841 4173 1951 4223 me,

604 4260 776 4329 Quam
805 4260 898 4330 qui
928 4257 1069 4314 furta
1092 4259 1258 4314 deum
1287 4255 1722 4324 concubitusque
1746 4260 1951 4308 canunt

534 4353 794 4412 Falsidici
821 4360 970 4408 vates
1006 4369 1020 4406 :
1055 4357 1330 4407 temerant
1357 4349 1448 4419 qui
1473 4348 1718 4403 carmine
1742 4361 1974 4402 verum:

607 4448 978 4517 Ilumanisque
998 4445 1132 4502 deos
1153 4444 1463 4502 assimilant
1491 4442 1664 4500 vitiis.

1920 294 2100 353 DECII

2220 283 2417 346 ISONII
3695 268 3791 330 856

2148 421 2188 476 Α
2221 405 2575 460 Cunctantem
2607 397 2736 450 saais
2757 401 2840 449 cst
2869 410 2882 458 ;
2908 405 3031 447 nam
3061 389 3221 460 digna
3253 393 3336 445 est
3361 384 3618 458 sanguine
3641 395 3794 441 mater

2295 497 2553 551 Natorum
2587 510 2599 556 ;
2631 499 2718 545 tua
2750 504 2856 544 non
2888 489 3134 550 dextera,
3166 481 3539 538 Timomache.

2750 600 2932 657 XCIII.
2969 598 3036 653 In
3061 601 3311 652 eamdem.

2151 732 2153 735 '
2225 725 2358 796 Quis
2383 733 2434 780 te
2465 724 2730 795 pictorum
2761 717 3055 780 simulavit,
3093 716 3324 788 pessima
3357 712 3598 778 Colchis,

2296 821 2356 876 In
2388 829 2545 875 natos
2566 816 2795 873 crudum
2828 815 3053 869 volvere
3081 821 3261 866 mente
3292 807 3448 863 nefas
3477 805 3500 859 ?

2224 914 2410 986 Usque
2439 913 2645 969 adeone
2668 910 2789 966 sitis
2816 921 3112 979 puerorum
3144 902 3363 958 haurire
3391 914 3672 965 cruorem,

2298 1009 2367 1066 Ut
2391 1024 2461 1064 ne
2493 1008 2636 1078 picta
2662 1003 2883 1076 quidem
2912 1015 3142 1073 parcere
3167 997 3321 1053 caede
3353 994 3486 1050 velis
3516 993 3540 1046 ?

2223 1103 2491 1160 Numnam
2520 1111 2574 1158 te
2603 1101 2780 1171 pellex
2812 1096 3058 1152 stimulat
3088 1094 3110 1148 ?
3140 1105 3342 1148 numne
3367 1089 3506 1145 alter
3532 1088 3703 1152 lason,

2296 1197 2483 1252 Altera
2506 1195 2593 1251 vel
2613 1193 2844 1259 Glauce,
2877 1199 3006 1247 sunt
3038 1188 3136 1243 tibi
3164 1201 3330 1242 causa
3360 1181 3551 1238 necis?

2225 1292 2368 1360 Quin
2394 1305 2462 1347 ne
2488 1291 2630 1361 picta
2661 1287 2883 1358 quidem
2927 1285 3004 1340 sis
3032 1283 3264 1339 barbara
3289 1279 3312 1332 ?
3343 1291 3576 1346 namque
3602 1273 3675 1329 tui
3711 1273 3802 1326 vim

2299 1387 2440 1443 Cera
2471 1395 2633 1442 tenax
2663 1383 2766 1438 zeli
2799 1379 3041 1450 concipit
3063 1374 3430 1432 immodicam.

2223 1485 2413 1541 Laudo
2455 1482 2869 1538 'I‘imomachum
2897 1519 2912 1546 ,
2947 1482 3181 1532 matrem
3224 1469 3366 1542 quod
3399 1466 3575 1538 pinxit
3610 1465 3662 1520 iu
3688 1476 3804 1520 ense

2293 1577 2678 1639 Cunctantem,
2710 1572 2882 1644 prolis
2911 1569 3180 1642 sanguine
3213 1581 3280 1622 ne
3310 1561 3572 1619 maculet.

2585 1713 2767 1771 XCIV.
2806 1711 2873 1766 In
2901 1726 3094 1766 cwcum
3122 1717 3168 1762 et
3195 1705 3464 1760 claudum.

2154 1813 2198 1874 θ
2226 1833 2472 1890 Insidens
2501 1845 2651 1887 caeco
2682 1827 2929 1898 graditur
2952 1823 3092 1896 pede
3117 1820 3347 1878 claudus
3377 1827 3633 1886 utroque.

2296 1927 2418 1997 Quo
2445 1933 2596 1981 caret
2627 1923 2910 1985 alteruter,
2942 1917 3110 1974 sumit
3139 1915 3207 1970 ah
3240 1914 3523 1968 alterutro.

2225 2021 2418 2077 Caecus
2461 2031 2694 2087 namque
2718 2011 2882 2085 pedes
2906 2009 3102 2066 claudo
3129 2015 3484 2080 gressumque
3508 1999 3768 2056 ministrat
3793 2014 3803 2052 :

2303 2115 2366 2170 At
2391 2111 2623 2169 claudus
2653 2122 2800 2165 caeco
2832 2105 3032 2162 lumina
3059 2118 3158 2175 pro
3184 2100 3431 2174 pedibus.

2838 2218 2998 2278 XCV.
3030 2216 3200 2274 Idem.

2229 2340 2485 2397 Ambulat
2516 2337 2761 2394 insidens
2789 2349 2956 2402 caeco,
2993 2331 3130 2403 pede
3153 2339 3344 2400 captus
3373 2337 3605 2396 utroque
3630 2341 3641 2376 :

2299 2436 2472 2503 Atque
2501 2431 2713 2486 alterna
2736 2427 2882 2484 subit
2910 2424 3090 2480 munia
3119 2421 3393 2477 debilitas.

2228 2525 2361 2580 Nam
2390 2537 2570 2580 cmcus
2600 2521 2791 2578 claudo
2815 2517 2956 2591 pede
2983 2514 3296 2575 commodat
3326 2531 3336 2564 :
3365 2512 3456 2567 ille
3477 2508 3710 2567 vicissim

2301 2619 2482 2674 Mutua
2513 2616 2607 2673 dat
2635 2628 2782 2671 czeco
2809 2611 3010 2668 lumina
3045 2623 3145 2681 pro
3177 2605 3426 2678 pedibus.

2625 2756 2810 2815 XCVI.
2843 2755 2921 2811 De
2941 2754 3100 2809 divite
3119 2763 3164 2808 et
3197 2766 3440 2823 paupere.

2228 2879 2343 2937 Non
2372 2887 2455 2935 est
2481 2877 2637 2932 dives
2666 2889 2827 2945 opum
2855 2872 3010 2928 dives
3044 2888 3059 2926 :
3091 2883 3190 2925 nec
3221 2882 3425 2938 pauper
3448 2865 3710 2934 inovsque

2297 2970 2490 3028 Infelix
2523 2988 2534 3023 :
2568 2968 2676 3023 alio
2707 2982 2808 3022 nec
2835 2963 3004 3035 magis
3035 2964 3174 3018 alter
3205 2971 3348 3032 eget.

2229 3067 2389 3124 Dives
2415 3075 2539 3136 eget
2564 3064 2818 3136 gemmis,
2851 3059 3055 3117 cereali
3087 3071 3312 3113 munere
3343 3069 3567 3126 pauper.

2297 3160 2404 3217 Sed
2437 3174 2562 3215 cum
2589 3165 2782 3229 egeant
2826 3151 3008 3218 ambo,
3046 3165 3248 3223 pauper
3276 3163 3442 3218 egens
3495 3147 3672 3200 minus
3711 3153 3802 3199 Cal.

2695 3291 2903 3348 XCVII.
2936 3291 3012 3345 De
3047 3288 3328 3357 Penelope.

2236 3413 2555 3468 lntemerata
2584 3409 2788 3480 procis,
2821 3416 2875 3462 et
2908 3413 2986 3460 tot
3011 3411 3232 3459 servata
3266 3413 3364 3470 per
3395 3407 3589 3462 annos,

2340 3505 2536 3562 Oscula
2569 3505 2654 3558 vix
2684 3500 2784 3573 ipsi
2813 3501 3028 3570 cognita
3057 3493 3416 3552 Telemacho.

2234 3599 2373 3654 Ilinc
2405 3611 2526 3652 mea
2557 3594 2844 3667 virginitas
2876 3591 3091 3646 facibus
3124 3587 3218 3643 tibi
3243 3583 3376 3641 luxit
3405 3582 3598 3639 adultis
3633 3597 3644 3633 :

2305 3691 2458 3747 Arsit
2485 3699 2538 3746 et
2560 3688 2761 3744 invidia
2792 3686 3040 3757 principe
3063 3696 3224 3739 verus
3243 3693 3422 3735 amor.

2232 3785 2390 3856 Saepe
2415 3798 2516 3854 ego
2545 3781 2786 3838 mentitis
2815 3776 3011 3834 tremui
3035 3791 3170 3834 nova
3201 3773 3402 3828 femina
3435 3768 3643 3826 somnis
3667 3784 3679 3819 :

2305 3877 2591 3948 Lapsaque
2619 3889 2730 3930 non
2762 3873 2957 3928 merito
2987 3880 3108 3924 sunt
3144 3865 3275 3922 mihi
3299 3865 3464 3920 verba
3495 3877 3628 3918 sono
3658 3877 3670 3913 :

2237 3970 2302 4024 Et
2331 3980 2510 4023 tamen
2538 3970 2751 4038 ignotos
2781 3965 2925 4020 sensi
2957 3969 3275 4034 experrecta
3307 3957 3550 4023 dolores,

2307 4061 2596 4129 Strataque
2620 4058 2820 4114 tentavi
2851 4057 2996 4112 sicca
3017 4063 3250 4126 pavente
3280 4063 3462 4104 manu.

2234 4157 2367 4213 Nam
2399 4154 2499 4211 tibi
2525 4152 2830 4221 anhelanti,
2858 4161 3226 4221 supremaque
3250 4143 3386 4200 bella
3420 4137 3676 4200 moventi,

2311 4251 2494 4306 Paruit
2520 4248 2810 4319 indulgens
2832 4255 2886 4301 et
2913 4243 3030 4299 sine
3055 4256 3188 4297 voce
3218 4238 3394 4304 dolor,

2243 4347 2414 4404 Dente
2444 4344 2581 4400 nihil
2608 4342 2816 4398 violare
2847 4342 2982 4406 fero,
3013 4336 3148 4392 nihil
3181 4332 3449 4403 unguibus
3478 4340 3622 4383 ausa:
3651 4342 3662 4379 :

2310 4438 2538 4495 Fmdera
2570 4451 2695 4492 nam
2729 4435 2886 4490 tacita
2921 4445 3055 4502 pace
3084 4429 3290 4502 peregit
3315 4439 3488 4481 amor.

2243 4533 2481 4604 Denique
2512 4545 2619 4586 non
2650 4528 2825 4584 aviam
2852 4523 3083 4581 tremqu
3107 4522 3347 4578 clamem
3378 4517 3566 4573 vocavi
3601 4532 3616 4568 :

533 4587 670 4644 XCI.
721 4587 788 4640 In
839 4583 1153 4640 Faustuium
1197 4592 1414 4640 staturae
1461 4583 1628 4639 brevis
1673 4581 1843 4637 Anicii
1887 4579 2128 4635 Probini.
2159 4596 2210 4677 δ
2243 4579 2881 4697 ’⁷1ξᾶ“ι;ι,ίξΐ”θῐὶὲᾶψίὸ
2905 4633 3062 4675 serva
3086 4615 3500 4672 cacumina“.

539 4719 828 4776 Faustulus
877 4718 1119 4773 insidens
1176 4718 1417 4775 formicae
1443 4759 1458 4786 ,
1496 4728 1555 4774 ut
1586 4734 1780 4791 magno
1812 4719 2127 4791 elephanto,

616 4811 850 4878 Decidit,
881 4820 936 4866 et
966 4821 1128 4867 terrm
1154 4820 1302 4882 terga
1332 4812 1524 4881 supina
1565 4811 1735 4867 dedit.

542 4910 773 4980 Moxque
796 4907 936 4962 idem
962 4906 1031 4962 ad
1055 4914 1288 4961 mortem
1310 4915 1396 4960 est
1421 4906 1712 4964 mueltatus
1735 4906 2129 4979 calcibtsejus,

614 5001 867 5059 Perditus
899 5013 953 5056 ut
983 5009 1168 5070 posset
1197 5000 1281 5054 vix
1313 5000 1547 5056 retinere
1581 4999 1838 5056 animam.

544 5096 645 5154 Vix
679 5107 856 5154 tamen
895 5109 977 5154 est
1010 5095 1154 5152 fatus
1189 5113 1198 5148 :
1233 5093 1374 5163 Quid
1405 5095 1544 5151 rides
1573 5138 1588 5160 ,
1634 5097 1882 5166 improbe
1927 5096 2092 5153 Livor
2117 5137 2132 5164 ,

616 5190 772 5259 Quod
800 5191 972 5247 cecidi
998 5191 1020 5244 *ἶ
1042 5189 1241 5247 cecidit
1271 5205 1379 5244 non
1409 5190 1568 5246 aliter
1597 5189 1861 5246 Phaeton.

911 5312 1068 5370 XCII.
1101 5311 1168 5368 In
1198 5311 1414 5368 Mediam
1435 5313 1740 5384 imaginem.

542 5407 802 5467 Med-aram
837 5409 999 5464 vellet
1021 5423 1148 5464 cum
1187 5405 1411 5480 pingere
1433 5405 1771 5462 Timomaclti
1800 5420 1954 5462 mens
1978 5451 1991 5476 ,

620 5503 938 5560 Voiveutem
969 5501 1024 5557 in
1050 5513 1207 5557 natos
1233 5498 1460 5556 crudum
1491 5501 1673 5554 animo
1697 5499 1924 5565 facinus,

543 5597 844 5656 Immanem
875 5597 1128 5654 exhausit
1156 5610 1335 5652 rerum
1367 5595 1418 5650 in
1448 5595 1662 5651 diversa
1693 5593 1961 5658 laborem,

617 5692 876 5762 Fingeret
905 5691 1158 5747 aﬂ'ectum
1188 5687 1380 5746 matris
1408 5698 1468 5746 ut
1494 5687 1832 5760 ambiguum.

547 5786 630 5845 Ira
663 5787 856 5843 subest
887 5785 1163 5859 lacrymis,
1192 5785 1470 5842 miseratio
1499 5799 1610 5842 non
1633 5793 1790 5842 caret
1818 5781 1922 5838 ira.

620 5877 959 5936 Alterutrum
989 5875 1194 5946 videas,
1227 5883 1286 5933 ut
1307 5875 1375 5934 sit
1403 5875 1454 5934 in
1477 5876 1764 5936 alterutro.

2242 4721 2361 4792 Ipsa
2391 4717 2702 4776 verecundo
2733 4715 2884 4786 tetigi
2917 4711 3124 4784 pallore
3155 4706 3366 4780 puellas
3385 4741 3402 4771 ,

2315 4815 2629 4888 Impositum
2658 4808 2832 4868 teneri
2854 4807 2995 4864 fassa
3027 4803 3254 4876 pudoris
3282 4813 3440 4871 opus.

2621 4945 2856 5004 XCVIII.
2881 4941 2947 4998 In
2971 4938 3399 4998 Grammaticum.

2247 5067 2395 5122 Felix
2422 5062 2807 5136 grammaticus
2839 5073 2946 5113 non
2972 5063 3057 5112 est
3099 5072 3111 5108 :
3138 5051 3235 5108 sed
3261 5063 3362 5105 nec
3407 5045 3506 5102 fuit
3536 5049 3807 5111 umquam:

2314 5157 2424 5213 Nec
2462 5156 2748 5228 quisquam
2775 5161 2858 5207 est
2890 5148 3020 5205 felix
3049 5144 3272 5202 nomine
3301 5137 3699 5212 grammaticus.

2246 5253 2318 5307 At
2341 5251 2386 5304 si
2407 5248 2527 5320 quis
2553 5246 2687 5303 felix
2712 5250 2917 5315 prteter
2942 5239 3112 5296 fatum
3143 5235 3360 5293 exstitit
3385 5245 3634 5300 umquam
3665 5246 3678 5284 ;

2315 5344 2367 5400 Is
2388 5343 2606 5399 demum
2637 5337 2875 5396 excessit
2907 5331 3296 5408 grammaticos
3323 5339 3578 5384 canones.

2399 5473 2583 5531 XCIX.
2618 5474 2691 5528 De
2716 5473 2944 5542 infausto
2972 5467 3306 5524 matrimonio
3337 5458 3685 5519 Grammatici.

2252 5595 2420 5651 Arma
2449 5593 2736 5658 virumque
2764 5585 2988 5653 docens,
3022 5592 3184 5654 atque
3209 5593 3359 5636 arma
3391 5575 3669 5644 virumque
3687 5563 3812 5638 peri-

3717 5660 3811 5732 [tus

2319 5777 2436 5834 Non
2462 5773 2602 5831 duxi
2627 5780 2878 5838 uxorem,
2908 5769 3005 5828 sed
3038 5768 3210 5841 magis
3229 5777 3380 5823 arma
3408 5761 3648 5818 domum.

2245 5870 2489 5944 Namque
2507 5868 2625 5928 dies
2651 5875 2817 5938 totos,
2847 5870 3098 5937 totasque
3118 5877 3186 5921 ex
3215 5855 3414 5917 ordine
3439 5855 3627 5912 noctes
