4072 6306
229 263 331 323 Il‘l
1615 269 2143 336 EPICRAHMA'I'A.

298 381 515 436 Litibus
546 392 823 453 oppugnat
854 396 1070 454 meque,
1103 398 1392 456 meumque
1424 387 1595 440 lara-m
1632 406 1643 441 :

233 478 404 548 Atque
426 488 484 532 ut
512 480 793 549 perpetuis
818 480 1002 535 dotata
1035 496 1063 535 a
1086 480 1256 539 Marte
1285 484 1502 553 duellis,

302 572 465 624 Arma
499 571 552 626 in
582 588 670 626 me
702 574 861 636 tollit,
897 590 996 630 nec
1018 573 1181 630 datur
1213 576 1324 633 ulla
1345 578 1517 648 quies.

235 660 460 733 Jamque
495 665 813 733 repugnanti
840 665 1034 722 dedam
1061 681 1179 733 me;
1213 675 1270 723 ut
1294 668 1532 739 denique
1558 672 1755 727 victum

300 751 492 825 .lurget
523 754 594 809 ob
618 755 722 811 hoc
745 756 943 826 solum,
975 757 1156 830 jnrgia
1184 759 1328 833 quod
1359 759 1586 832 fugiam.

635 874 698 928 C.
732 873 806 930 De
827 874 1040 931 Auxilio
1071 873 1447 934 Grammatico.

234 986 529 1043 Emendata
575 999 756 1061 potest
782 1007 1033 1063 quaenam
1053 1006 1156 1050 vox
1187 1009 1312 1051 esse
1341 996 1618 1068 magistri,

300 1078 514 1137 Nomen
538 1082 630 1154 qui
660 1082 940 1154 proprium
972 1099 1095 1141 cum
1123 1085 1260 1142 vitio
1282 1087 1562 1159 loquitur?

236 1172 509 1230 Auxilium
535 1184 589 1231 te
609 1190 807 1247 nempe
829 1191 1014 1247 vocas,
1042 1178 1234 1236 inscite
1260 1180 1542 1253 magister,

304 1264 378 1320 Da
404 1273 622 1324 rectum
648 1282 834 1326 casum
856 1287 870 1325 :
891 1269 1008 1341 jam
1034 1270 1357 1329 Solieismus
1376 1274 1508 1331 erit.

658 1382 743 1440 CI.
769 1383 848 1440 De
874 1385 1126 1459 fratribus
1156 1382 1433 1450 Thebanis.

234 1497 339 1556 Nec
363 1498 574 1574 Stygiis
601 1501 738 1560 lucis
768 1503 959 1565 ineunt
985 1520 1086 1565 sua
1114 1506 1319 1564 ltedera
1350 1508 1549 1569 fratres

301 1594 789 1669 (Edipodionidte,
814 1598 885 1656 de
905 1600 1107 1659 misero
1130 1603 1198 1658 ab
1230 1602 1436 1658 miseri.

233 1684 477 1758 Namque
505 1691 673 1747 etiam
703 1705 771 1751 ex
801 1705 910 1749 uno
938 1702 1224 1765 surgentes
1246 1709 1445 1769 aggere
1471 1696 1707 1759 ﬂamma:

302 1778 360 1836 In
383 1780 610 1838 diversa
640 1783 724 1841 sui
749 1782 1025 1843 dissiliunt
1053 1786 1277 1857 cineris.

237 1872 492 1933 lnfandos
515 1878 782 1949 juvenes!
815 1894 953 1952 quos
983 1896 1084 1939 nec
1106 1882 1379 1942 discordia
1400 1900 1586 1943 cassos

304 1967 474 2036 Luce,
505 1986 608 2027 nec
634 1972 688 2027 in
708 1984 881 2031 semet
911 1973 1108 2047 linquit
1127 1985 1284 2034 atrox
1308 1977 1543 2037 animus.

236 2062 409 2132 Atque
440 2062 647 2120 utinam
677 2074 733 2121 et
762 2064 977 2127 Thebas
1002 2068 1245 2139 quissent
1267 2072 1522 2141 partirier
1550 2074 1719 2144 ipsas,

303 2155 622 2229 Regnorum
653 2168 707 2217 et
734 2171 929 2232 metas,
957 2171 1016 2223 ut
1040 2164 1288 2223 cinerum
1316 2165 1577 2227 nebulas!

589 2273 699 2334 CII.
725 2277 804 2333 De
829 2279 1053 2353 ingratis
1078 2297 1142 2337 es
1166 2281 1485 2342 Menandro.

235 2383 319 2441 Nil
350 2386 577 2445 homine
607 2398 750 2448 terra
780 2392 940 2464 pejus
967 2393 1184 2466 ingrato
1202 2406 1371 2454 creat.

238 2477 485 2548 Vicinus,
517 2482 738 2556 hospes,
771 2495 952 2555 notus,
978 2488 1223 2561 ignotus,
1246 2491 1442 2561 cliens,

236 2571 302 2628 Et
327 2574 378 2629 si
406 2590 520 2647 qua
547 2591 755 2648 genera
778 2578 981 2636 civium
1011 2591 1138 2638 sunt
1167 2583 1219 2640 id
1251 2599 1444 2658 genus,

239 2663 296 2722 Si
324 2668 459 2739 quid
483 2670 691 2741 petenti
719 2682 1000 2745 promptus
1036 2676 1162 2747 opis
1192 2677 1503 2750 impertias,

242 2756 308 2816 Ut
324 2760 848 2838 misereare,'gratia
870 2777 1112 2825 actutum
1134 2771 1299 2842 perit.

720 2876 850 2936 CIII.
883 2879 962 2937 De
992 2879 1357 2942 Demosthene.

242 2987 467 3049 Discere
487 2993 533 3050 si
560 2995 735 3065 cupis,
762 3012 789 3049 a
819 2995 998 3053 ductis
1028 3013 1190 3071 quam
1215 2998 1382 3056 multa
1412 2999 1619 3059 licebit.

240 3083 371 3152 Quae
395 3083 567 3153 nosti,
592 3087 905 3151 meditando
933 3090 1068 3147 velis
1095 3089 1402 3150 inolescere
1432 3093 1621 3150 menti.

241 3176 375 3246 Quae
403 3178 642 3237 didicisti
666 3179 960 3254 hauddum,
995 3183 1256 3245 discendo
1287 3201 1571 3246 assumere
1618 3188 1834 3249 tendas.
1865 3202 1912 3270 ρ

642 3297 774 3354 CIV.
805 3298 882 3354 De
906 3301 1136 3371 {artuum
1163 3304 1434 3360 varietate.

242 3405 491 3466 Fortuna
514 3424 808 3482 numquam
832 3414 983 3470 sistit
1003 3415 1058 3471 in
1087 3416 1283 3473 eodem
1311 3424 1478 3476 statu.

244 3502 477 3575 Semper
501 3517 748 3562 movetur
782 3524 797 3562 :
831 3510 1026 3577 variat,
1057 3518 1114 3567 et
1140 3520 1317 3568 mutat
1338 3514 1523 3583 vices,

243 3597 311 3655 Et
333 3612 548 3655 summa
577 3601 633 3658 in
662 3600 828 3659 imum
860 3606 1044 3674 vertit,
1069 3620 1134 3662 ac
1154 3621 1313 3664 versa
1342 3608 1527 3681 erigit.

798 3716 911 3773 CV.
946 3716 1014 3775 In
1036 3718 1282 3789 Stellam.

247 3824 421 3884 Stella
450 3829 604 3898 prius
630 3831 843 3903 superis
868 3831 1134 3906 iulgebas,
1172 3832 1369 3893 lucifer
1399 3854 1412 3892 :
1447 3846 1501 3894 at
1525 3855 1672 3899 nunc

317 3920 657 3996 Exstinctus,
688 3926 856 3982 cassis
887 3925 1093 3985 lumine
1121 3944 1315 4000 vesper
1344 3928 1473 3988 eris.

730 4041 866 4102 CVI.
904 4044 988 4101 Ea:
1016 4045 1330 4104 Menandro.

245 4152 327 4211 Re
347 4153 552 4225 fruere,
582 4164 642 4213 ut
668 4168 828 4216 natus
858 4162 1136 4231 mortalis;
1165 4164 1335 4238 dilige
1361 4164 1458 4223 sed
1486 4179 1625 4235 rem,

244 4247 549 4320 Tamquam
578 4251 936 4323 immortalis,
968 4270 1091 4313 sors
1112 4269 1195 4314 est
1228 4256 1284 4313 in
1316 4268 1556 4331 utroque
1579 4260 1838 4321 verenda.

415 4381 573 4444 CVII.
599 4387 681 4443 Ad
703 4392 963 4445 notarium
987 4391 1302 4449 velocissime
1333 4394 1695 4470 excipientem.

537 4502 701 4573 Puer,
725 4514 978 4563 notarum
1011 4516 1317 4580 praepetum

534 4595 723 4653 Solers
745 4599 1021 4668 minister,
1048 4600 1268 4659 advola.

534 4688 787 4760 Bipatens
813 4692 1050 4763 pugillar
1071 4694 1290 4767 expedi,

532 4779 632 4838 Cui
654 4783 822 4840 multa
848 4784 993 4842 fandi
1017 4787 1197 4858 copia,

530 4872 753 4932 Punctis
779 4887 996 4947 peracta
1016 4879 1267 4951 singulis,

538 4967 605 5024 Ut
631 4983 734 5025 una
762 4983 868 5026 vox
898 4970 1225 5029 absolvitur.

534 5053 739 5112 Evolvo
764 5057 934 5115 libros
958 5061 1183 5128 uberes,

536 5147 815 5221 Instarque
840 5150 1025 5208 densae
1053 5151 1341 5225 grandinis

536 5240 744 5297 Torren
757 5251 810 5300 te
838 5241 1021 5313 lingua
1055 5253 1367 5318 perstrepo.

532 5336 650 5396 Tibi
684 5352 784 5394 nec
821 5353 986 5395 aures
1011 5338 1313 5415 ambigunt,

529 5430 641 5490 Nec
678 5441 980 5504 occupatur
1004 5436 1222 5507 pagina.

531 5525 600 5583 Et
626 5534 772 5583 mota
804 5540 966 5598 parce
993 5526 1220 5586 dextera

3422 281 3526 344 8M

2220 393 2375 448 Volat
2403 411 2498 464 per
2526 412 2712 465 mqunr
2737 410 2984 453 cereum.

2218 484 2349 540 Cum
2379 490 2611 544 maxime
2636 504 2776 544 nunc
2808 489 3103 559 proloquor

2221 572 2711 651 Circumloquentis
2736 580 2964 648 ambitu,

2217 666 2299 723 Tu
2331 684 2487 725 sensa
2517 673 2685 728 nostri
2714 674 2952 743 pectoris

2225 760 2295 817 Ut
2323 762 2469 820 dicta
2487 764 2600 834 jam
2627 767 2771 823 ceris
2803 777 2980 824 tenes.

2226 852 2443 909 Sentire
2472 863 2578 910 tam
2605 858 2763 913 velox
2795 858 2925 914 mihi

2232 944 2438 1002 Vellem
2467 947 2706 1006 dedisset
2728 966 2883 1007 mens
2909 967 3052 1020 mea,

2219 1039 2390 1108 Quam
2425 1043 2678 1115 prmpctis
2706 1045 2917 1100 dextrae
2946 1047 3066 1116 luga

2220 1132 2298 1188 Tu
2329 1150 2415 1189 me
2444 1135 2758 1206 loquentem
2794 1140 3085 1207 praevenis.

2215 1226 2371 1296 Quis,
2393 1244 2601 1300 qumso,
2632 1231 2751 1301 quis
2774 1246 2862 1287 me
2896 1231 3171 1302 prodidit?

2224 1318 2357 1388 Quis
2386 1319 2488 1376 ista
2513 1321 2628 1392 jam
2655 1321 2796 1378 dixit
2823 1324 2940 1393 tibi,

2220 1411 2353 1481 Quae
2382 1411 2681 1485 cogitabam
2710 1415 2940 1473 dicere?

2222 1505 2354 1575 Quae
2386 1505 2527 1561 furta
2558 1507 2725 1564 corde
2753 1508 2806 1564 in
2838 1509 3034 1565 intimo

2230 1595 2465 1654 Exercet
2486 1598 2599 1655 ales
2620 1597 2885 1656 dextera?

2218 1690 2323 1759 Qui
2343 1691 2480 1748 ordo
2506 1709 2688 1751 rerum
2719 1704 2824 1751 tam
2858 1712 3051 1765 novus,

2225 1785 2421 1844 Veniat
2451 1789 2506 1845 in
2535 1806 2694 1849 aures
2716 1803 2776 1850 ut
2805 1803 2944 1864 tuas,

2222 1879 2380 1949 Quod
2407 1882 2589 1954 lingua
2620 1885 2856 1942 nondum
2915 1888 3251 1946 absolverit?

2227 1973 2481 2031 Doctrina
2509 1993 2617 2033 non
2647 1977 2764 2034 haec
2787 1980 3069 2050 prmstitit:

2222 2066 2331 2122 Nec
2364 2067 2470 2124 ulla
2499 2079 2607 2125 tam
2638 2070 2802 2127 velox
2833 2088 3027 2129 manus

2218 2156 2559 2231 Celeripedis
2580 2164 2913 2233 compendii.

2220 2248 2424 2307 Natura
2449 2267 2647 2309 munus
2671 2254 2777 2312 hoc
2802 2256 2919 2326 tibi,
3478 2238 3505 2283 \

2228 2342 2480 2415 Deusque
2504 2346 2706 2403 donum
2740 2349 2997 2406 tradidit:
3410 2358 3411 2361 ‘

2226 2436 2358 2506 Quae
2384 2438 2664 2511 loquerer,
2689 2449 2749 2497 ut
2778 2442 2946 2500 scires
2972 2445 3149 2516 prius:

2226 2531 2483 2606 Idemque
2503 2535 2695 2603 velles,
2725 2536 2869 2610 quod
2897 2537 3043 2594 volo.

2152 2645 2334 2705 CVIII.
2366 2650 2634 2707 Ausonius
2663 2649 2920 2725 Hesperio
2942 2652 3056 2723 ﬁlio
3083 2653 3323 2711 salutem.

1938 2764 2131 2839 Ignota
2152 2774 2376 2824 aeterna:
2402 2781 2471 2823 ne
2497 2768 2609 2823 sint
2634 2768 2735 2824 tibi
2768 2778 3010 2840 tempora
3040 2769 3253 2839 Batnae,

2014 2859 2276 2933 Regibus,
2308 2870 2363 2917 et
2384 2869 2596 2933 patrum
2625 2862 2788 2918 ducta
2817 2863 2924 2920 sub
2953 2864 3218 2934 imperiis,

1942 2952 2153 3026 Digessi
2182 2953 2399 3021 Fastns,
2426 2963 2483 3011 et
2512 2956 2731 3011 nomin
2764 2956 3006 3027 perpetis
3038 2957 3138 3013 aevi
3166 2974 3179 3010 :

2014 3048 2214 3121 Sparsa
2233 3050 2418 3121 jacent
2440 3049 2650 3106 Latiam
2682 3052 2727 3107 si
2760 3064 2866 3124 qua
2898 3066 2995 3124 per
3018 3052 3325 3121 historiam,

1944 3141 2026 3202 Sit
2049 3153 2171 3200 tuus
2201 3143 2287 3201 hic
2307 3138 2537 3210 fructus,
2567 3145 2819 3217 vigilatas
2847 3146 3034 3217 accipe
3064 3158 3273 3203 noctes.

2018 3235 2345 3309 Obsequitur
2366 3238 2551 3295 studio
2580 3247 2767 3295 nostra
2794 3239 3018 3296 lucerna
3045 3248 3160 3295 tuo.

1947 3329 2029 3386 Tu
2059 3346 2274 3402 quoque
2301 3337 2563 3389 venturos
2591 3345 2689 3403 per
2714 3331 2933 3403 longum
2965 3347 3193 3389 consere
3211 3329 3401 3389 Janos.

2020 3422 2091 3480 Ut
2119 3440 2240 3482 mea
2271 3426 2548 3497 congessit
2575 3426 2769 3498 pagina
2794 3429 3121 3499 praeteritos.

1947 3519 2270 3591 Exemplum
2299 3520 2411 3592 jam
2446 3522 2620 3599 patris
2649 3521 2849 3579 babes:
2880 3534 2942 3579 ut
2980 3522 3232 3593 protinus
3260 3532 3312 3580 et
3334 3531 3386 3579 te

2018 3611 2290 3685 Aggreget
2321 3615 2578 3672 Ausoniis
2618 3630 2863 3687 purpura
2896 3614 3235 3673 consulibus.

1945 3727 2084 3786 CIX.
2098 3729 2415 3803 Supputatio
2435 3734 2499 3787 ab
2517 3731 2641 3787 urbe
2651 3733 2862 3788 condita
2876 3734 2933 3788 iu
2946 3733 3277 3789 consulatum
3293 3740 3545 3789 nostrum.

1947 3841 2117 3898 Annis
2149 3841 2409 3899 undecies
2431 3853 2651 3899 centum
2674 3845 2946 3916 coniunge
2970 3852 3294 3917 quaternos,

1947 3933 2215 3992 Undecies
2243 3952 2518 4008 unumque
2545 3951 2710 4007 super
2736 3936 3014 3993 trieterida
3042 3947 3205 3994 necte
3234 3955 3248 3992 :

1946 4026 2074 4084 Haec
2095 4027 2198 4084 erit
2226 4035 2445 4084 internae
2468 4029 2639 4086 series
2657 4029 2725 4084 ab
2751 4029 2961 4100 origine
2978 4028 3186 4085 Romae.

2335 4140 2447 4197 CX.
2474 4139 2553 4196 De
2577 4141 2755 4196 eodem
2776 4139 2846 4195 ad
2877 4139 3187 4196 Proculum.

1947 4258 2110 4317 Urbis
2139 4258 2208 4314 ab
2237 4266 2457 4315 aeternae
2488 4257 2778 4313 deductam
2803 4272 2929 4329 rege
2956 4256 3188 4326 Quirino

2018 4353 2297 4409 Annorum
2324 4350 2523 4408 seriem
2548 4364 2695 4418 cum,
2722 4348 2976 4414 Procnle,
3008 4347 3274 4419 accipies:

1947 4444 2095 4503 Mille
2121 4460 2295 4502 annos
2313 4454 2662 4515 centumque,
2692 4452 2750 4500 et
2768 4444 2848 4502 bis
2871 4442 3095 4500 ﬂuxisse
3125 4456 3371 4499 novenos

2019 4536 2271 4595 Consulis
2300 4534 2528 4593 Ausonii
2557 4551 2756 4592 nomen
2785 4534 3028 4608 adusque
3053 4534 3224 4607 leges.

1865 4601 1921 4663 Ῑ)
1944 4628 2084 4686 Fors
2106 4629 2237 4698 erit,
2258 4638 2320 4685 ut
2341 4630 2573 4686 lustrum
2596 4643 2719 4685 cum
2745 4644 2805 4687 se
2830 4628 3192 4686 cumulaverit
3220 4627 3362 4696 istis,

2015 4721 2335 4780 Confectam
2365 4720 2632 4779 Proculus
2658 4722 2840 4796 signet
2861 4718 3265 4796 Olympiadem.

2231 4836 2370 4897 CXI.
2420 4834 2487 4892 In
2510 4837 2612 4907 ﬁne
2640 4837 2874 4909 ejusdem
2901 4835 3018 4892 libri
3044 4835 3234 4893 additi.

1944 4953 2223 5011 Hactenus
2248 4951 2479 5022 ascripsi
2496 4949 2715 5007 Fastos.
2745 4950 2806 5010 Si
2826 4964 2948 5007 sors
2970 4948 3137 5018 volet,
3164 4948 3301 5004 ultra

2018 5046 2305 5119 Adjiciam.
2339 5047 2397 5102 Si
2429 5058 2563 5116 non,
2589 5046 2682 5117 qui
2712 5045 2870 5118 legis,
2898 5042 3147 5116 adficies.

1941 5140 2095 5199 Scire
2125 5142 2302 5212 cupis,
2327 5139 2418 5211 qui
2443 5138 2546 5195 sim
2569 5139 2593 5193 ἲ
2616 5139 2837 5195 titulum
2862 5137 2953 5210 qui
2985 5145 3217 5207 quartus
3241 5132 3312 5188 ab
3335 5133 3441 5187 imo
3468 5139 3552 5188 est

2014 5234 2239 5303 Quaere;
2270 5232 2419 5305 leges
2446 5246 2649 5290 nomen
2671 5231 2925 5289 Cottsulis
2946 5226 3199 5285 Ausonii.

2015 5347 2187 5405 Non.
2232 5346 2301 5404 In
2332 5347 2477 5404 hisce
2514 5348 2789 5423 postremis
2823 5352 3046 5413 quatuor
3089 5340 3550 5414 epigrammatibus

1944 5440 2289 5497 animadverti
2316 5450 2480 5512 potest
2509 5451 2770 5499 auctorem
2804 5439 3066 5510 fastorum
3085 5452 3118 5491 a
3138 5453 3191 5491 se
3227 5435 3551 5507 digestarum

1946 5534 2263 5592 meminisse.
2288 5533 2440 5603 Quod
2465 5544 2642 5592 autem
2667 5531 2978 5606 opusculum
3007 5526 3335 5600 deperditum
3359 5534 3453 5582 est.

1445 5756 2320 5810 εω--ε-π-
