4072 6306
543 294 649 352 859
1405 345 1408 349 ,
1937 272 2120 335 DECII

2229 267 2432 334 JSONII
3725 254 3826 316 8&0

1785 509 2009 592 EPH
2026 503 2463 588 EMERIS
2484 553 2508 595 9

2099 664 2151 704 ID
2173 663 2272 704 EST

1489 785 1904 860 TOTIUS
1990 780 2218 853 DIEI
2295 772 2899 851 NEGOTIUM.

2174 988 2222 1046 A
2251 983 2363 1039 Nec
2392 995 2545 1038 mens
2570 975 2856 1047 complecti
2891 970 3110 1043 poterit,
3143 982 3241 1024 nec
3268 966 3450 1034 lingua
3474 963 3701 1035 profari:

544 992 701 1049 Mane
721 990 833 1062 jam
864 990 1068 1046 clarum
1096 997 1306 1044 reserat
1330 989 1602 1043 fenestras
1626 1005 1640 1053 ;

544 1083 665 1141 Jam
696 1083 888 1153 strepit
911 1082 1054 1138 nidis
1083 1082 1280 1152 vigilax
1316 1080 1573 1136 hirundo.

544 1178 625 1236 Tu
649 1178 801 1236 velut
829 1179 1085 1248 primum,
1119 1177 1462 1247 mediamque
1486 1185 1720 1242 noctem,

759 1269 1050 1335 Parmeno,
1084 1268 1310 1324 dormis.

546 1362 834 1418 Dormiunt
856 1362 1021 1432 glires
1055 1359 1290 1415 hiemem
1313 1372 1630 1429 perennem,

546 1455 650 1513 Sed
673 1455 794 1512 cibo
824 1463 1070 1525 parcunt.
1100 1453 1218 1508 Tibi
1248 1467 1405 1505 causa
1438 1450 1635 1513 somni,

543 1549 707 1609 Multa
729 1549 873 1620 quod
906 1557 1090 1620 potas,
1127 1545 1402 1615 nimiaque
1434 1543 1610 1599 tendis

766 1643 906 1699 Mole
935 1641 1208 1713 saginam.

544 1737 675 1794 Inde
706 1751 806 1792 nec
833 1735 1008 1791 ﬂexas
1040 1749 1213 1790 sonus
1246 1733 1410 1786 intrat.
1442 1746 1636 1784 aures:

548 1830 617 1885 Et
645 1831 825 1886 locum
848 1826 1047 1883 mentis
1077 1840 1242 1895 sopor
1272 1824 1413 1878 altus
1445 1829 1622 1890 urget.

541 1921 656 1980 Nec
681 1920 1022 1978 coruscantis
1053 1918 1241 1974 oculos
1273 1917 1551 1972 lacessunt

758 2014 999 2084 Fulgura
1020 2013 1180 2068 lucis.

545 2108 796 2164 Annuam
820 2104 1092 2177 quondam
1116 2102 1306 2173 juveni
1333 2101 1595 2171 quietem,

546 2200 735 2260 Noctis
765 2209 821 2254 ct
845 2197 983 2252 lucis
1014 2195 1224 2251 vicibus
1255 2202 1588 2260 manentem,

547 2291 770 2349 Fabula:
801 2293 1028 2362 ﬁngunt,
1061 2290 1148 2345 cui
1182 2288 1331 2343 Luna
1355 2300 1576 2342 somnos

761 2384 1125 2442 Continuarit.

547 2479 747 2552 Surge,
779 2487 1028 2551 nugator,
1061 2473 1349 2531 lacerande
1371 2472 1560 2544 virgis.

544 2573 756 2645 Surge:
784 2586 851 2628 ne
879 2571 1071 2642 longus
1102 2568 1199 2624 tibi
1229 2583 1476 2630 somnus,
1508 2563 1652 2620 unde

546 2663 663 2722 Non
692 2664 874 2732 times,
902 2662 1079 2718 detur.
1109 2661 1259 2732 Rape
1289 2659 1531 2716 membra
1561 2657 1732 2723 molli,

764 2757 1056 2823 Parmeno,
1093 2755 1254 2810 lecto.

549 2852 686 2910 Fors
707 2861 757 2909 et
793 2852 912 2907 haec
938 2866 1192 2908 somnum
1216 2848 1313 2904 tibi
1341 2845 1613 2903 cantilena

549 2945 824 3018 Sapphico
852 2945 1046 3002 suadet
1067 2942 1345 3000 modulata
1367 2956 1548 2997 versu.

554 3038 768 3098 Lcsbiae
790 3039 1000 3110 depelle
1033 3038 1251 3094 modum
1284 3036 1504 3109 quietis,

762 3135 903 3194 Acer
929 3134 1131 3192 lambe.

1111 3245 1245 3301 Item
1273 3243 1599 3300 Parerbasir.

843 3361 1007 3428 Puer,
1035 3360 1143 3429 eia,
1178 3375 1339 3429 surge
1363 3377 1374 3411 :
1400 3367 1455 3412 et
1475 3357 1712 3425 calceos,

846 3457 914 3511 Et
938 3455 1162 3510 linteam
1190 3451 1258 3508 da
1289 3451 1597 3506 sindoncm.

849 3547 947 3613 Da,
977 3543 1243 3617 quidquid
1275 3552 1385 3612 est,
1415 3540 1660 3606 amictui,

845 3639 1000 3708 Quod
1021 3639 1132 3710 jam
1163 3637 1392 3709 parasti,
1418 3644 1477 3691 ut
1510 3635 1788 3707 prodeam.

840 3733 919 3788 Da
945 3747 1073 3789 rorc
1099 3730 1323 3788 fontano
1343 3730 1559 3786 abluam

843 3827 1053 3894 Manus,
1082 3834 1139 3882 et
1167 3841 1251 3894 os,
1279 3833 1333 3882 et
1363 3824 1585 3883 lumina.

841 3921 1159 3993 Pateatque,
1193 3920 1299 3985 fac,
1326 3918 1649 3984 sacrarium,

845 4015 1006 4071 Nullo
1035 4022 1224 4086 paratu
1250 4011 1611 4070 extrinsecus.

843 4109 936 4166 Pia
965 4108 1151 4175 verba,
1184 4117 1307 4163 vota
1338 4107 1579 4170 innoxia,

841 4204 941 4261 Rei
965 4204 1165 4260 divinm
1187 4203 1344 4274 copia
1375 4212 1476 4259 est.

848 4295 959 4353 Nec
995 4296 1118 4352 thus
1143 4294 1499 4351 cremandum
1533 4289 1774 4363 postulo,

844 4390 955 4448 Nec
983 4391 1091 4446 liba
1117 4389 1286 4446 crusti
1316 4387 1496 4443 mellei
1519 4405 1531 4438 :

851 4483 1224 4553 Foculumque
1251 4481 1360 4536 vivi
1384 4478 1607 4550 cespitis

844 4575 1015 4632 Vanis
1045 4575 1298 4646 relinquo
1330 4575 1612 4630 altaribus.

850 4673 995 4728 Deus
1016 4669 1320 4741 precandus
1342 4677 1428 4724 est
1455 4666 1611 4732 mibi,

853 4765 932 4818 Ac
951 4760 1122 4817 Filius
1150 4760 1347 4816 summi
1375 4759 1468 4814 Dei

846 4853 1098 4924 Majestas
1128 4851 1461 4918 uniusmodi,

848 4947 1064 5003 Sociata
1093 4960 1254 5001 sacro
1280 4943 1506 5015 Spiritu.

847 5041 916 5097 Et
934 5055 1064 5096 ecce
1085 5038 1196 5110 jam
1219 5044 1344 5093 vota
1366 5035 1583 5093 ordior:

845 5132 918 5189 Et
942 5130 1199 5204 cogitatio
1233 5127 1485 5186 Numinis

846 5224 1201 5282 Praesentiam
1231 5219 1399 5279 sentit
1429 5235 1651 5291 pavens.

843 5318 1081 5377 Pavetne
1109 5316 1404 5391 quidquam
1437 5327 1596 5385 spes,
1627 5313 1797 5371 ﬁdes?

1220 5477 1224 5481 ι
1245 5433 1453 5490 Oratio.

558 5551 942 5625 Omnipotens,
977 5553 1095 5610 solo
1121 5550 1320 5609 mentis
1345 5548 1478 5605 mihi
1500 5547 1717 5619 cognite
1747 5547 1914 5615 cultu,

558 5648 810 5722 Ignorate
832 5649 1014 5719 malis,
1043 5659 1098 5706 et
1127 5649 1261 5705 nulli
1293 5649 1475 5720 ignote
1503 5643 1740 5728 piorum,

559 5741 863 5813 Principio,
887 5752 1246 5816 extremoque
1266 5755 1492 5800 carens:
1517 5739 1788 5812 antiquior
1817 5754 1958 5806 :evo,

560 5837 717 5910 Quod
745 5837 882 5908 fuit,
911 5847 1005 5895 aut
1035 5839 1251 5896 veniet:
1281 5837 1442 5909 cujus
1462 5835 1800 5908 formamque
1827 5832 2158 5906 modumque

2250 1077 2491 1133 Cernere
2511 1087 2671 1144 quem
2704 1068 2853 1126 solus
2877 1078 3177 1133 coramque
3208 1060 3398 1114 audire
3418 1056 3722 1126 jubentem,

2250 1169 2355 1224 Fas
2380 1167 2559 1234 habet,
2587 1171 2642 1220 et
2670 1159 2900 1233 patriam
2927 1165 3154 1229 propter
3183 1151 3473 1208 oonsitlere
3498 1149 3770 1204 dextram:

2250 1263 2373 1334 Ipse
2398 1263 2587 1334 opifex
2618 1275 2830 1322 rerum,
2865 1255 3030 1312 rebus
3054 1265 3220 1309 causa
3246 1250 3358 1320 ipsa
3386 1243 3662 1309 creandis,

2251 1357 2371 1426 Ipse
2402 1355 2498 1412 Dei
2523 1353 2787 1416 Verbum,
2812 1347 3052 1404 Verbum
3077 1345 3246 1412 Deus,
3275 1340 3599 1410 anticipator

2252 1447 2463 1514 Mundi,
2509 1460 2670 1517 quem
2705 1445 2946 1497 facturus
2973 1446 3092 1494 erat
3123 1455 3134 1488 :
3165 1443 3459 1507 generatus
3490 1431 3545 1485 in
3576 1426 3668 1482 illo

2250 1541 2548 1610 Tempore,
2576 1551 2684 1608 quo
2709 1545 2925 1604 tempus
2954 1528 3194 1586 nondum
3217 1525 3351 1580 fuit:
3381 1523 3562 1579 editus
3584 1518 3750 1589 ante,’

2250 1635 2422 1703 Quam
2445 1633 2629 1704 jubar,
2657 1641 2711 1686 et
2730 1629 2926 1685 rutilus
2953 1625 3158 1683 malum
3191 1623 3478 1678 iiltlSll‘al‘el
3511 1619 3681 1674 Eous:

2249 1727 2369 1796 Quo
2391 1726 2512 1781 sine
2541 1725 2615 1779 nil
2652 1732 2863 1779 actum:
2890 1735 2987 1792 per
3014 1733 3178 1790 quem
3209 1718 3348 1770 facta
3379 1712 3594 1770 omnia:
3627 1707 3775 1779 cujus

2251 1821 2306 1876 ln
2330 1819 2469 1878 emlo
2491 1819 2686 1875 solium
2708 1839 2720 1871 :
2749 1816 2835 1873 cui
2857 1814 3068 1871 subdita
3101 1821 3242 1868 terra
3262 1807 3494 1875 sedenti,

2252 1913 2321 1968 Et
2341 1928 2513 1978 mare,
2550 1911 2873 1967 etobseuraa
2898 1907 3066 1963 chaos
3090 1902 3464 1976 insuperabile
3504 1899 3707 1957 noctis:

2252 2006 2544 2078 lrrcquics,
2575 2015 2771 2060 cuneta
2797 2004 2913 2074 ipse
2942 2015 3190 2067 movens,
3221 2004 3503 2068 vegetator
3531 1995 3758 2050 incrtum
3782 2005 3795 2021 ο

2251 2101 2366 2157 Non
2393 2099 2578 2172 genito
2606 2098 2856 2171 genitore
2878 2097 3042 2162 Deus,
3075 2093 3167 2164 qui
3201 2090 3394 2146 fraude
3419 2085 3642 2160 superbi

2253 2194 2511 2251 Offensus
2540 2191 2747 2263 populi,
2773 2197 2965 2262 gentes
2986 2190 3040 2243 in
3063 2201 3227 2258 regna
3257 2182 3494 2251 vocavit,

2255 2287 2450 2359 Stirpis
2486 2284 2759 2356 adoptiva:
2788 2281 3016 2339 meliore
3040 2292 3281 2351 propage
3310 2274 3601 2333 colendus:

2183 2376 2230 2436 B
2256 2381 2495 2438 Cernere
2517 2396 2677 2453 quem
2713 2377 2867 2434 licuit
2894 2375 3145 2447 proavis:
3171 2389 3277 2444 quo
3305 2370 3532 2427 numine
3559 2369 3698 2435 viso,

2257 2478 2325 2532 Et
2350 2488 2558 2548 patrem
2586 2473 2788 2530 vidisse
2804 2473 2988 2537 datum
3012 2489 3027 2524 :
3055 2468 3304 2537 contagia
3330 2472 3516 2521 nostra

2254 2572 2357 2638 Qui
2384 2571 2534 2626 tulit:
2569 2577 2625 2625 et
2657 2568 2758 2624 diri
2793 2579 2988 2637 passus
3015 2561 3248 2619 ludibria
3281 2560 3449 2626 lethi,

2251 2667 2392 2722 Esse
2423 2667 2526 2721 iter
2552 2674 2776 2720 atteram
2800 2660 2987 2717 docuit
3020 2656 3316 2714 remeabile
3345 2654 3500 2709 vitm:

2257 2761 2366 2816 Nec
2399 2760 2572 2816 solam
2603 2773 2854 2815 remeare
2877 2755 3134 2819 animam,
3164 2751 3261 2808 sed
3292 2763 3527 2820 corpore
3555 2755 3668 2804 toto

2255 2854 2524 2911 leestes
2551 2852 2756 2907 intrare
2777 2850 2982 2921 plagas,
3019 2856 3075 2902 et
3099 2845 3264 2900 inane
3285 2841 3523 2914 sepulcri

2258 2950 2530 3003 Arcanum
2557 2944 2740 3000 vacuis
2765 2941 3086 3010 adopertum
3136 2936 3382 3007 linquere
3424 2931 3606 2989 terris.

2329 3041 2466 3095 Nate
2497 3037 2673 3110 patris
2703 3032 2922 3099 summi,
2949 3041 3249 3099 nostroque
3273 3025 3520 3083 salutifer
3551 3038 3688 3090 aevo,

2263 3133 2504 3189 Virtutes
2533 3129 2736 3203 patrias
2761 3127 2976 3199 genitor
2999 3123 3083 3179 cui
3104 3119 3327 3177 tradidit
3357 3131 3572 3182 omnes,

2260 3227 2339 3284 Nil
2369 3242 2434 3285 ex
2478 3224 2678 3281 invidia
2712 3223 2972 3288 retinens,
3005 3217 3306 3290 plenusque
3338 3213 3612 3275 datorum,

2261 3321 2443 3377 Pande
2466 3319 2607 3374 viam
2628 3315 2905 3388 precibus,
2924 3311 3229 3384 patriasque
3244 3306 3362 3362 lucc
3384 3303 3568 3376 perfer
3589 3301 3656 3358 ad
3677 3316 3849 3357 aures.

2335 3414 2434 3480 Da,
2460 3413 2644 3478 Pater,
2668 3408 2923 3464 invictam
2943 3412 3132 3461 contra
3155 3402 3336 3456 omnia
3351 3396 3582 3454 crimina
3600 3402 3849 3464 mentem,

2266 3506 2667 3577 Vipereumque
2693 3499 2846 3556 nefas
2876 3493 3113 3553 nocituri
3139 3501 3324 3548 averte
3355 3487 3573 3545 veneni.

2261 3601 2348 3656 Sit
2373 3599 2527 3664 satis,
2558 3596 2836 3666 antiquam
2869 3603 3097 3659 serpens
3125 3585 3270 3658 quod
3303 3582 3541 3655 perdidit
3561 3580 3750 3647 Evam,

2264 3695 2669 3765 Deceptumque
2697 3687 2943 3758 adjunxit
2970 3684 3179 3740 Adam:
3209 3695 3310 3737 nos
3337 3693 3459 3736 sera
3486 3683 3741 3747 nepotum

2184 3778 2230 3841 C
2263 3786 2509 3856 Semina,
2545 3780 2802 3840 veridicis
2830 3789 2959 3835 mtas
2989 3775 3244 3846 praedicta
3278 3770 3582 3843 prophetis,

2263 3880 2507 3937 Vitemus
2539 3877 2794 3947 laqueos,
2823 3886 2958 3943 quos
2987 3867 3207 3926 lethifer
3237 3865 3483 3936 implicat
3512 3861 3719 3932 anguis.

2260 3971 2446 4028 Pande
2469 3971 2638 4036 viam,
2671 3981 2792 4040 qua:
2822 3981 2910 4021 me
2932 3972 3056 4036 post
3076 3959 3293 4016 vincula
3314 3955 3562 4028 corporis
3590 3950 3722 4024 aegri

2261 4068 2316 4122 ln
2341 4065 2576 4122 sublime
2607 4064 2772 4118 ferat:
2807 4060 2923 4130 puri
2941 4071 3043 4128 qua
3074 4056 3247 4111 lactea
3268 4050 3393 4108 (mli

2260 4159 2464 4216 Semita
2489 4165 2737 4213 ventosae
2759 4162 2984 4223 superat
3010 4163 3145 4220 vaga
3168 4143 3352 4202 nubila
3379 4143 3564 4199 Lunze.

2259 4254 2380 4322 Qua
2404 4266 2658 4323 proceres
2686 4248 2876 4305 abiere
2900 4244 2995 4316 pii,
3027 4256 3240 4315 quaque
3262 4239 3473 4309 integer
3495 4236 3627 4291 olim

2262 4347 2475 4419 Raptus
2496 4342 2819 4418 quadrijugo
2851 4345 3099 4413 penetrat
3120 4349 3282 4406 super
3307 4333 3511 4388 aethera
3543 4343 3708 4385 curru

2263 4438 2472 4507 llelias,
2503 4448 2555 4494 et
2585 4435 2763 4493 solido
2784 4449 2910 4491 cum
2936 4445 3167 4502 corpore
3199 4427 3434 4499 praevius
3461 4421 3670 4480 Enoch.

2264 4534 2362 4601 Da,
2387 4531 2573 4600 Pater,
2602 4527 2789 4586 mterni
2825 4534 3100 4598 speratam
3131 4519 3351 4577 luminis
3376 4533 3597 4575 auram:

2262 4627 2320 4684 Si
2354 4623 2561 4696 lapides
2577 4637 2683 4678 non
2709 4622 2838 4694 juro
2863 4621 3014 4685 deos,
3050 4628 3325 4686 unumque
3350 4609 3578 4669 verendi

2262 4716 2581 4788 Suspiciens
2603 4715 2773 4770 altare
2795 4710 2958 4776 sacri,
2991 4707 3251 4764 libamina
3274 4706 3398 4760 vitae

2263 4811 2595 4867 lntemerata
2624 4807 2768 4862 fero:
2811 4807 2856 4860 si
2889 4815 2940 4858 te
2964 4802 3313 4872 Dominique,
3347 4797 3576 4868 Deique,

2267 4901 2526 4974 Unigenze
2555 4913 2832 4972 cognosco
2862 4898 3102 4962 Patrem,
3129 4893 3467 4962 missumque
3490 4888 3743 4955 Duobus,-

2263 5000 2366 5067 Qui
2392 5012 2556 5070 super
2587 5009 2872 5069 aequoreas
2903 4987 3426 5060 volitabatSpiritus
3452 4984 3646 5042 undas.

2265 5091 2361 5157 Da,
2393 5089 2640 5158 Genitor,
2674 5088 2910 5152 veniam,
2937 5083 3283 5153 cruciataque
3311 5090 3536 5152 pectora
3563 5091 3731 5149 purga
3761 5090 3775 5129 :

2098 5222 2103 5228 ι
2185 5169 2238 5232 Ι)
2261 5181 2321 5239 Si
2353 5189 2407 5237 te
2430 5195 2538 5236 non
2567 5178 2835 5250 pecudum
2865 5176 3038 5243 fibris,
3068 5190 3175 5231 non
3205 5170 3470 5244 sanguine
3501 5169 3624 5225 fuso

2260 5274 2463 5344 Qumro
2493 5291 2507 5329 :
2541 5288 2643 5330 nee
2675 5271 2891 5329 arcanis
2921 5284 3120 5326 numen
3148 5266 3400 5338 conjecto
3434 5262 3536 5321 sub
3564 5261 3709 5320 extis
3741 5277 3754 5313 :

2259 5371 2318 5428 Si
2347 5369 2559 5427 scelere
2581 5368 2852 5436 abstineo,
2885 5363 3061 5422 errori
3089 5361 3363 5420 obnoxius
3394 5378 3406 5413 :
3435 5366 3494 5415 et
3525 5356 3573 5413 si

2259 5465 2400 5538 Opto
2427 5463 2624 5534 magis,
2651 5477 2814 5532 quam
2845 5460 2975 5528 fido,
3002 5459 3178 5514 bonus
3204 5468 3486 5529 purusque
3512 5449 3750 5524 probari.

2259 5558 2581 5616 Confessam
2608 5555 2834 5626 dignare
2859 5555 3096 5610 animam
3130 5570 3144 5607 :
3174 5551 3218 5606 si
3251 5547 3502 5606 membra
3530 5544 3730 5602 caduca

2264 5651 2561 5717 Exsecror,
2593 5657 2650 5704 et
2676 5649 2899 5704 tacitum
2937 5651 2980 5702 si
3014 5646 3279 5717 pmnitet:
3314 5641 3534 5711 altaque
3561 5649 3753 5694 sensus

2263 5743 2528 5804 Formido
2556 5744 2857 5811 excruciat,
2893 5749 3272 5811 tormentaque
3298 5751 3420 5793 sera
3451 5733 3724 5807 gehennae

2265 5837 2564 5910 Auticipat,
2600 5838 2915 5910 patiturque
2944 5848 3077 5893 suos
3105 5846 3265 5890 mens
3287 5828 3476 5888 saucia
3508 5837 3716 5885 manes.
