4072 6306
267 309 359 367 841
1662 304 1835 364 PARE

1945 305 2129 363 ΑΗΔ.

264 422 358 489 Da,
390 421 574 489 Pater,
609 421 730 481 hare
761 431 952 480 nostro
984 424 1108 481 fieri
1137 431 1259 480 rata
1287 433 1412 482 vola
1452 431 1698 495 precatu.

262 511 344 568 Nil
367 521 636 581 metuam,
669 516 1000 588 eupiamque
1029 515 1185 586 nihil,
1219 517 1353 574 satis
1380 516 1486 573 hoc
1511 531 1635 573 rear
1664 531 1806 584 esse,

261 607 409 676 Quod
436 609 572 666 satis
599 617 706 666 est.
737 611 828 667 Nil
858 620 1015 683 turpe
1042 612 1229 680 velim,
1261 628 1360 670 nec
1381 629 1548 670 causa
1581 613 1808 685 pudoris

262 703 370 760 Sim
399 704 558 762 mihi.
580 705 705 762 Non
733 707 926 764 faciam
948 708 1226 781 cuiquam,
1251 725 1371 781 quae
1396 718 1640 782 tempore
1661 708 1855 766 eodem

261 793 465 852 Nollem
497 795 641 853 facta
673 799 828 855 mihi.
855 798 967 855 Nec
997 815 1131 856 vero
1164 799 1396 858 crimine
1425 801 1612 870 laedar,

261 886 366 944 Nec
394 890 643 946 maculer
669 890 859 949 dubio.
890 892 1123 949 Paulum
1149 893 1355 950 distare
1384 891 1607 950 videtur

262 980 584 1051 Suspectus,
611 998 852 1055 vereque
879 1000 1030 1042 reus.
1065 985 1202 1044 Male
1231 1001 1398 1057 posse
1425 986 1659 1043 facultas

260 1072 418 1130 Nulla
461 1075 583 1131 sit:
617 1083 675 1132 at
717 1077 857 1134 bene
887 1092 1047 1150 posse
1089 1079 1235 1136 adsit
1265 1080 1556 1152 tranquilla
1588 1089 1853 1154 potestas.

258 1164 367 1222 Sim
399 1167 554 1224 tenui
584 1168 756 1238 victu,
788 1179 952 1242 atque
981 1171 1191 1228 habitu.
1222 1173 1336 1231 Sim
1361 1176 1561 1230 chartis
1587 1175 1801 1232 amicis.

260 1257 329 1315 Et
354 1275 577 1333 semper
594 1265 830 1335 genitor,
862 1265 982 1322 sine
1009 1267 1238 1324 vulnere
1266 1269 1506 1326 nominis
1539 1269 1724 1341 hujus,

259 1356 373 1414 Non
404 1358 592 1414 animo
622 1360 859 1429 doleam,
886 1377 992 1418 non
1019 1377 1249 1435 corpore
1282 1381 1294 1418 :
1326 1374 1522 1420 cuncta
1547 1365 1750 1435 quietis

262 1449 579 1522 Fungantur
607 1454 856 1511 membra
883 1454 1081 1512 officiis
1115 1473 1129 1510 :
1159 1471 1264 1512 nec
1290 1456 1510 1514 saucius
1534 1457 1661 1514 ullis

263 1542 512 1601 Partibus
532 1545 800 1603 amissum
829 1547 1126 1618 quidquam
1153 1547 1435 1605 desideret
1460 1563 1612 1606 usus.

261 1638 398 1696 Pace
426 1640 596 1696 fruar.
634 1639 879 1698 Securus
908 1656 1086 1713 agam.
1120 1641 1380 1698 Miracula
1411 1651 1574 1699 terra:

260 1730 414 1787 Nulla
443 1739 654 1803 putem.
685 1733 951 1804 Suprema
981 1734 1116 1790 mihi
1148 1751 1271 1790 eum
1304 1735 1514 1792 venerit
1541 1735 1698 1803 hora,

263 1821 369 1880 Nec
401 1824 591 1881 timeat
624 1835 856 1883 mortem
884 1825 1025 1884 bene
1046 1826 1266 1883 conscia
1297 1828 1424 1896 vita,
1455 1841 1556 1885 nec
1585 1837 1762 1901 optet.

263 1915 434 1973 Purus
461 1917 533 1973 ab
557 1919 790 1975 occultis
817 1934 942 1977 cum
968 1928 1019 1976 te
1049 1919 1366 1992 indulgente
1391 1921 1647 1991 videbor,

261 2008 452 2067 Omnia
473 2011 797 2085 despiciam,
830 2014 996 2071 fuerit
1018 2030 1140 2071 cum
1172 2015 1288 2071 sola
1320 2015 1571 2086 voluptas

261 2104 534 2162 Judicium
558 2119 784 2177 sperare
819 2117 988 2163 tuum.
1023 2107 1180 2176 Quod
1211 2109 1338 2164 dum
1369 2122 1468 2164 sua
1496 2108 1683 2166 differt

265 2194 558 2267 Tempora,
583 2206 981 2270 cunctaturque
1000 2198 1140 2269 dies,
1172 2199 1364 2271 procul
1393 2200 1551 2272 exige
1575 2215 1779 2258 saevum

264 2287 641 2347 insidiatorem
655 2291 880 2348 blandis
900 2293 1184 2350 erroribus
1211 2309 1470 2366 anguem.

266 2384 390 2442 Haec
419 2384 530 2456 pia,
564 2387 660 2443 sed
692 2396 888 2445 moesto
914 2389 1240 2460 trepidantia
1267 2399 1392 2448 vota
1421 2401 1602 2461 reatu,

265 2476 503 2546 Christe,
533 2481 676 2550 apud
705 2490 969 2538 aeternum
1003 2483 1286 2554 placabilis
1318 2499 1503 2542 assere
1548 2486 1786 2543 Patrem.

267 2569 539 2640 Salvator,
571 2572 735 2643 Deus,
759 2589 825 2630 ac
857 2575 1142 2645 Dominus,
1175 2591 1354 2646 mens,
1387 2577 1582 2648 gloria,
1609 2579 1861 2648 verbum,

265 2659 456 2731 Filius,
485 2679 554 2719 ex
582 2679 716 2721 vero
745 2681 933 2734 verus,
963 2667 1035 2724 de
1059 2668 1267 2725 lumine
1294 2669 1499 2738 lumen,

266 2755 498 2815 Auerno
523 2773 646 2815 cum
677 2759 836 2817 Patre
859 2777 1108 2828 manens,
1135 2761 1191 2818 in
1229 2765 1431 2821 saecula
1458 2779 1716 2838 regnans.

265 2847 514 2908 Consona
548 2867 710 2924 quem
741 2855 1030 2911 celebrant
1059 2855 1324 2913 modulati
1370 2859 1619 2915 carmina
1647 2857 1816 2915 David
1847 2873 1861 2912 :

267 2943 335 3001 Et
358 2949 710 3018 responsuris
735 2947 862 3007 ferit
883 2965 1011 3007 aera
1032 2951 1282 3021 vocibus,
1315 2952 1514 3010 Amen.

932 3089 1196 3162 Egrem'o.

479 3200 626 3259 Satis
652 3217 877 3273 precum
905 3204 1092 3262 datum
1116 3205 1254 3276 Deo,

480 3297 740 3365 Quamvis
773 3299 906 3355 satis
932 3316 1232 3371 numquam
1255 3302 1368 3360 reis

481 3391 603 3448 Fiat
625 3403 849 3464 precatu
878 3397 1138 3453 numinis.

482 3484 735 3542 llabitum
763 3486 1040 3545 forensem
1073 3489 1165 3557 da,
1192 3505 1360 3560 puer:

482 3575 782 3636 Dicendum
814 3582 1006 3639 amicis
1035 3591 1121 3638 est
1146 3583 1289 3650 Ave,

482 3669 726 3743 Valeque
752 3673 896 3744 quod
925 3674 988 3729 fit
1018 3681 1291 3731 mutuum.

482 3761 636 3831 Quod
664 3781 788 3822 cum
825 3781 926 3837 per
953 3766 1120 3823 horas
1145 3776 1503 3838 quatuor.....

484 3859 714 3920 lnclinet
739 3863 807 3920 ad
838 3865 1156 3933 meridiem,

485 3953 788 4014 Monendus
816 3967 906 4015 est
925 3958 1038 4030 jam
1061 3959 1267 4017 Sosias.

796 4091 967 4149 Locus
1002 4093 1338 4170 invitationis.

275 4203 509 4276 Tempus
531 4207 792 4265 vocandis
820 4225 1058 4282 namque
1088 4213 1280 4268 amicis
1309 4215 1552 4286 appetit;

273 4297 352 4355 Ne
381 4315 502 4369 nos,
532 4299 620 4358 vel
649 4300 748 4368 illi,
781 4302 1132 4361 demeremur
1158 4307 1448 4377 prandium
1475 4326 1488 4361 :

275 4391 513 4464 Propere
533 4411 633 4466 per
657 4396 805 4454 :edes
836 4413 997 4457 curre
1023 4401 1255 4470 vicinas,
1285 4417 1439 4473 puer.

273 4486 392 4543 Scis
420 4487 564 4559 ipse,
593 4490 685 4560 qui
711 4491 840 4547 sint.
871 4491 1126 4564 Jamque,
1157 4494 1287 4550 dum
1319 4495 1533 4567 loquor,
1563 4496 1699 4553 redi.

275 4578 529 4652 Quinque
557 4581 839 4639 advocavi.
865 4584 973 4642 Sex
995 4587 1142 4642 enim
1174 4586 1490 4643 convivium

272 4669 409 4728 Cum
435 4674 786 4746 regejustum
812 4695 824 4730 :
855 4677 902 4734 si
932 4693 1120 4750 super,
1153 4680 1460 4738 convicium
1481 4690 1586 4738 est.

275 4765 442 4837 Abiit,
469 4769 646 4826 relicti
677 4785 778 4829 nos
807 4787 997 4830 sumus
1026 4789 1149 4832 cum
1180 4775 1360 4832 Sosia.

736 4885 905 4944 Locus
933 4889 1214 4945 ordinandi
1237 4890 1410 4962 coqui.

3443 321 3552 381 842

1883 439 1937 500 Α
2034 423 2129 480 Sol
2160 423 2300 480 calet
2325 439 2338 478 :
2369 425 2436 482 ad
2465 426 2709 498 quintam
2739 428 2978 486 ﬂectitur
3007 429 3196 487 umbra
3235 438 3443 488 notam.

1958 513 2042 571 An
2067 505 2256 586 vegeto
2281 517 2533 574 madeant
2561 522 2778 578 condita
2810 522 3032 579 obsonia
3061 535 3248 595 gustu,

2032 607 2270 680 (Fallere
2292 625 2525 682 namque
2555 617 2782 687 solent),
2810 617 3150 688 experiundo
3181 619 3366 688 proba.

1958 699 2200 758 Concute
2226 702 2498 761 ferventes
2531 708 2723 777 palmis
2749 711 3098 768 volventibus
3127 713 3286 782 ollas,

2034 794 2205 866 Tinge
2233 796 2382 852 celer
2409 797 2606 869 digitos
2627 801 2752 870 jure
2781 804 2994 860 calente
3024 813 3144 861 tuos
3175 825 3186 858 :

1963 887 2212 944 Vibranti
2235 889 2440 946 lambat
2462 907 2599 963 quos
2629 893 2846 951 humida
2880 896 3063 968 lingua
3094 913 3335 955 recursu.

2518 1005 2744 1077 (Desunt
2775 1010 2984 1081 multa.)

1959 1095 2411 1168 Quadrupedum,
2433 1107 2488 1153 et
2511 1099 2816 1167 volnt-rum,
2835 1103 2922 1157 vel
2947 1117 3068 1158 cum
3092 1115 3308 1161 terrena
3335 1107 3560 1165 marinis

1962 1189 2204 1245 Monstra
2225 1189 2602 1248 admiscentur
2632 1212 2644 1246 :
2670 1193 2847 1250 donec
2878 1200 3232 1268 purgantibus
3256 1202 3416 1259 Euris

1961 1277 2190 1335 Difflatze
2224 1279 2489 1352 liquidum
2525 1292 2820 1340 tenuentur
2843 1287 2898 1340 in
2934 1303 3061 1343 aera
3093 1291 3282 1347 nubes.

1959 1371 2111 1428 Nunc
2138 1371 2277 1440 fora,
2308 1389 2456 1430 nunc
2490 1375 2634 1442 lites,
2668 1377 2779 1433 laeti
2812 1380 2974 1435 modo
3007 1397 3203 1454 pompa
3234 1388 3431 1441 theatri

1960 1464 2184 1520 Visitur.
2214 1466 2283 1521 Et
2307 1475 2513 1525 turmas
2540 1472 2804 1540 equitum,
2843 1475 3131 1545 credeSque
3159 1476 3432 1535 latronum

1960 1558 2245 1631 Perpetior
2279 1577 2293 1614 :
2328 1563 2532 1619 lacerat
2557 1576 2777 1621 nostros
2808 1565 2921 1623 fera
2951 1567 3128 1624 bellua
3156 1571 3338 1628 vultus
3367 1591 3379 1625 :

1961 1651 2069 1707 Aut
2099 1653 2151 1707 in
2184 1655 2478 1726 sanguinea
2518 1657 2700 1727 gladio
2731 1674 3049 1729 grassamur
3076 1677 3264 1718 arena.

1961 1747 2066 1804 Per
2105 1765 2259 1806 mare
2281 1751 2617 1823 navifragum
2655 1753 2877 1825 gradior
2909 1755 3072 1825 pedes
3104 1776 3114 1809 :
3143 1767 3198 1814 et
3231 1758 3366 1816 freta
3397 1775 3563 1817 cursu

1881 1844 1930 1907 Β
1958 1839 2255 1908 Transilio,
2286 1852 2341 1899 et
2371 1845 2569 1900 subitis
2604 1847 2781 1902 volito
2818 1863 2986 1919 super
3013 1864 3142 1905 aera
3173 1852 3376 1922 pinnis.

1960 1931 2214 1988 lnfandas
2243 1934 2406 1990 etiam
2442 1950 2694 2007 veneres,
2728 1939 3042 2010 incustaque
3071 1943 3249 1996 noctis

1968 2022 2268 2091 Dedecora,
2303 2034 2359 2081 et
2390 2028 2622 2098 tragicos
2663 2029 2898 2098 patimur
2930 2047 3025 2101 per
3051 2035 3262 2089 somnia
3291 2044 3483 2091 cmtus.

1967 2113 2280 2185 Perfugium
2315 2128 2493 2174 tamen
2528 2128 2632 2186 est,
2660 2122 2914 2192 quotiens
2942 2133 3195 2193 portenta
3229 2140 3489 2197 sopurum

1961 2206 2137 2263 Solvit
2165 2218 2326 2280 rupta
2353 2211 2563 2281 pudore
2588 2213 2766 2284 quies,
2797 2224 2852 2270 et
2880 2216 3115 2287 imagine
3138 2217 3278 2274 {teda

1962 2299 2160 2358 Libera
2189 2318 2346 2359 mens
2373 2305 2560 2376 vigilat
2596 2325 2607 2358 :
2638 2316 2808 2361 totum
2838 2309 2978 2364 bene
3008 2311 3232 2366 conscia
3268 2313 3469 2370 lectum

1961 2397 2265 2454 Pertractat
2290 2414 2481 2457 secura
2520 2417 2729 2459 manus.
2761 2404 3032 2462 Probrosa
3063 2408 3271 2463 recedit

1963 2488 2135 2559 Culpa
2168 2492 2298 2558 tori,
2323 2501 2379 2548 et
2411 2493 2623 2564 profugi
2654 2496 2988 2552 minuiscunt
3018 2499 3245 2553 crimina
3276 2503 3452 2556 somni
3479 2519 3492 2556 :

1962 2579 2161 2650 Cerno,
2194 2585 2597 2658 triumphantes
2628 2593 2793 2657 inter,
2823 2607 2912 2647 me
2934 2592 3236 2662 plaudere:
3267 2610 3481 2651 rursum

1965 2675 2118 2732 lnter
2146 2679 2396 2749 captivos
2430 2680 2618 2738 trahor
2639 2695 2954 2742 exarmatus
2976 2685 3203 2744 Alanos.
3373 2753 3380 2758 _

1967 2767 2192 2840 Templa
2220 2771 2380 2828 deum
2403 2818 2417 2843 ,
2445 2784 2772 2846 sanctasque
2802 2779 2966 2845 fores,
3001 2781 3310 2853 palatiaque
3338 2799 3502 2841 aurea

1966 2865 2192 2937 Specto,
2223 2878 2276 2925 et
2303 2869 2543 2928 Sarrano
2568 2875 2756 2931 videor
2782 2876 3128 2936 discumbere
3161 2881 3213 2936 in
3246 2893 3430 2940 ostro:

1969 2959 2035 3014 Et
2067 2975 2193 3016 mox
2224 2960 2450 3021 fumosis
2475 2966 2706 3022 conviva
2736 2971 3000 3028 accumbe
3024 2975 3262 3043 popinis.

2042 3054 2292 3111 Divinum
2315 3057 2610 3128 perhibent
2644 3071 2847 3129 vatem,
2881 3064 2986 3118 sub
3014 3065 3298 3123 frondibus
3330 3069 3465 3126 ulmi

1972 3144 2120 3200 Vana
2151 3147 2467 3219 ignavorum
2497 3153 2793 3210 simulacra
2825 3155 3037 3214 locasse
3075 3174 3361 3230 soporum,

1891 3229 1938 3294 C
1970 3238 2040 3294 Et
2066 3242 2315 3311 geminas
2345 3259 2576 3300 numero
2598 3257 2784 3316 portas
2815 3268 2827 3302 :
2858 3266 2979 3322 quae
3004 3229 3214 3310 fornice
3242 3255 3458 3312 eburno

1969 3332 2202 3406 Semper
2232 3336 2460 3395 fallaces
2489 3339 2761 3409 glomerat
2781 3357 2948 3415 super
2973 3360 3106 3401 aera
3139 3347 3346 3404 formas
3375 3369 3388 3402 :

1967 3426 2178 3494 Altera,
2211 3445 2334 3500 qua:
2361 3446 2523 3489 veros
2548 3437 2749 3490 emittit
2772 3449 2975 3492 cornea
3005 3438 3172 3496 visus.

1967 3523 2121 3591 Quod
2148 3525 2193 3580 si
2221 3524 2290 3582 de
2322 3526 2505 3584 dubiis
2525 3529 2852 3587 conceditur
2881 3533 3036 3602 optio
3059 3535 3220 3591 nobis
3247 3553 3258 3588 :

1972 3616 2174 3672 Deesse
2201 3617 2366 3674 fidem
2395 3620 2532 3677 laetis
2562 3623 2787 3693 melius,
2819 3641 2986 3695 quam
3011 3643 3148 3683 vana
3185 3629 3385 3686 timeri.

1969 3704 2113 3796 [Ecce
2136 3722 2238 3778 ego
2260 3709 2374 3779 jam
2404 3713 2592 3769 malim
2625 3715 2743 3770 falli
2774 3733 2786 3768 :
2818 3732 2967 3784 nam,
2998 3719 3299 3778 dummodo
3325 3739 3546 3796 semper

1969 3794 2173 3853 Tristia
2199 3812 2518 3868 vanescant,
2553 3805 2734 3873 potius
2772 3809 3016 3864 caruisse
3045 3810 3314 3881 fruendis,

1970 3887 2143 3956 Quam
2167 3891 2444 3961 trepidare
2467 3895 2645 3952 malis.
2669 3896 2814 3953 Satis
2835 3907 2918 3954 est
2939 3900 3103 3970 bene,
3135 3904 3182 3958 si
3206 3913 3384 3963 metus
3401 3909 3567 3966 absit.

1970 3979 2113 4036 Sunt
2141 3991 2197 4038 et
2222 3982 2312 4054 qui
2343 3983 2529 4052 fletus,
2561 3995 2618 4042 et
2644 3988 2845 4058 gaudia
2884 4001 3242 4052 controversa

1969 4074 2296 4146 Conjectent
2325 4094 2338 4130 :
2369 4079 2634 4151 varioque
2666 4082 2886 4138 trahant
2903 4094 3096 4141 eventa
3119 4089 3314 4144 relatu.

1972 4167 2051 4224 Ite
2074 4183 2171 4240 per
2193 4169 2446 4242 obliquos
2479 4172 2624 4239 cteli,
2655 4175 2797 4229 mala
2826 4177 3056 4245 somnia,
3095 4179 3346 4250 mundos,

1973 4259 2272 4332 lrrequieta
2297 4263 2420 4334 vagi
2448 4279 2554 4334 qua
2579 4263 2795 4321 difﬂant
2816 4267 2993 4324 nubila
3017 4270 3206 4326 nimbi.

1972 4349 2222 4409 Lunares
2251 4352 2491 4412 habitate
2517 4357 2692 4428 polos.
2727 4358 2866 4427 Quid
2896 4369 3082 4417 nostra
3111 4363 3308 4420 subitis
3403 4368 3422 4438 ζ

1972 4445 2208 4516 Limina,
2241 4457 2298 4505 et
2325 4450 2542 4521 angusti
2569 4452 2862 4509 tenebrosa
2894 4455 3094 4510 cubilia
3126 4457 3286 4513 lecti?

1973 4541 2056 4598 Me
2081 4541 2244 4600 sinite
2265 4542 2493 4614 ignavas
2520 4545 2790 4614 placidum
2817 4546 3105 4604 traducere
3135 4560 3346 4617 noctes,

1895 4603 1952 4667 Ῑ)
1974 4635 2112 4690 Dum
2143 4634 2332 4692 redeat
2358 4649 2518 4692 roseo
2550 4637 2682 4693 mihi
2706 4637 2930 4696 Lucifer
2969 4655 3168 4698 aureus
3197 4653 3340 4699 ortu.

1974 4728 2131 4796 Quod
2159 4730 2205 4786 si
2227 4744 2317 4786 me
2347 4729 2509 4787 nullis
2536 4740 2793 4788 vexatum
2822 4742 2986 4790 nocte
3019 4735 3206 4805 ﬁguris

1979 4822 2154 4878 Mollis
2185 4823 2483 4896 tranquillo
2513 4826 2858 4896 permulserit
2885 4842 3012 4884 aere
3041 4844 3296 4898 somnus;

1978 4914 2139 4972 l'lunc
2165 4916 2367 4983 lucum,
2397 4925 2588 4974 nostro
2613 4918 2804 4974 viridis
2830 4921 2921 4992 qui
2948 4921 3164 4978 frondet
3191 4923 3244 4976 in
3277 4937 3410 4992 agro

275 4993 456 5065 Sosia,
486 4997 865 5070 prandendum
893 5009 996 5058 est.
1017 5002 1276 5073 Quartam
1291 5001 1404 5074 jam
1431 5010 1575 5060 totus
1597 5003 1653 5060 in
1681 5002 1870 5060 horam
1981 5007 2230 5078 Ulmeus,
2251 5009 2498 5066 excubiis
2534 5011 2886 5071 habitandum
2910 5014 3104 5072 dedico
3134 5015 3352 5071 vestris.
3513 5032 3525 5065 δ
3568 5023 3573 5028 ·

279 5137 3216 5171 -——_——_____.—___.____________________

3220 5159 3556 5176 “*-

1535 5237 2317 5330 PARENTALIA.

669 5377 933 5453 Pra’fatio
962 5385 1194 5441 versibus
1224 5393 1494 5441 amtotata.

283 5469 515 5528 Nomina
539 5473 832 5530 cbarorum
852 5474 962 5545 jam
993 5477 1212 5533 condita
1244 5477 1436 5534 funere
1453 5477 1629 5549 justo,

351 5564 507 5622 Fleta
537 5567 691 5639 prius
719 5568 998 5640 lacnymis,
1035 5585 1181 5626 nunc
1211 5571 1526 5628 memorabo
1554 5571 1754 5639 modis,

282 5657 457 5727 Nuda,
484 5659 604 5717 sine
634 5671 855 5728 ornatu,
885 5662 1141 5733 fandique
1168 5665 1416 5721 carentia
1439 5666 1610 5723 cultu.

353 5751 580 5808 Sufficit.
597 5751 810 5810 inferiis
840 5755 1170 5826 exsequialis
1192 5753 1389 5812 honos.

281 5842 472 5902 Narnia
493 5843 738 5902 funereis
767 5845 902 5902 satis
925 5845 1168 5904 officiosa
1192 5849 1454 5921 querelis,

614 5939 894 6002 Parnon.
944 5939 1130 6003 XIX:

2059 5388 2252 5443 Annua
2280 5402 2349 5444 ne
2377 5389 2572 5446 tacitus
2595 5403 2821 5446 munera
2851 5396 3186 5460 praetereas:

1987 5479 2122 5549 Quae
2147 5479 2320 5536 Numa
2345 5484 2591 5552 cOgnatis
2619 5481 2888 5537 solemnia
2917 5480 3138 5540 dedicat
3163 5484 3375 5542 umbris
3407 5505 3419 5540 :

2064 5572 2130 5629 Ut
2159 5573 2359 5645 gradus
2387 5584 2481 5630 aut
2511 5575 2706 5630 mortis
2731 5574 2994 5643 postulat,
3026 5586 3120 5630 aut
3151 5579 3387 5648 generis.

1986 5667 2104 5724 Hoc
2128 5668 2262 5724 satis
2291 5679 2342 5725 et
2377 5669 2627 5737 tumulis,
2662 5666 2797 5722 satis
2834 5676 2889 5722 et
2923 5667 3134 5725 telluris
3162 5671 3366 5741 egenis.

2058 5759 2210 5818 Voce
2235 5761 2382 5818 ciere
2412 5762 2622 5817 animas
2647 5757 2860 5815 funeris
2888 5759 3062 5816 instar
3092 5763 3273 5819 habet.

1985 5854 2236 5914 Gaudent
2263 5854 2551 5928 compositi
2586 5852 2799 5909 cineres
2826 5866 2922 5910 sua
2946 5855 3167 5914 nomina
3209 5857 3338 5914 dici.

3032 5949 3112 6012 '27
