4072 6306
257 325 366 384 διδ

248 439 402 508 Haec,
434 439 562 511 quia
596 440 672 496 uti
704 449 875 497 mater
907 441 1128 498 monitis
1151 449 1206 498 et
1229 455 1413 498 amore
1445 441 1685 510 fovebas,

326 534 610 605 Supremis
642 534 811 591 reddo
839 535 983 592 ﬁlius
1011 537 1300 608 exsequiis.

361 644 477 701 VII.
519 646 602 702 Ct.
638 646 945 716 Contentus,
977 659 1023 703 et
1047 646 1221 704 Julius
1247 649 1506 722 Calippio,
1540 651 1736 722 patrui.

248 760 318 816 Et
349 771 577 830 patruos
608 761 799 832 Elegea
834 777 984 817 meos
1013 761 1362 820 reminiscere
1385 774 1577 829 cantu;

319 851 680 920 Contentum,
713 853 872 909 tellus
902 869 1063 924 quem
1094 853 1367 926 Rutupiua
1403 856 1554 928 tegit.

252 943 445 1016 Magna
475 945 566 1000 cui
596 955 650 1000 et
679 946 842 1000 varim
870 947 1094 1017 quaesita
1127 947 1352 1018 pecunia
1385 946 1568 1016 sortis,

322 1035 572 1092 [heredis
601 1037 751 1092 nullo
777 1038 995 1093 nomine
1027 1047 1134 1094 tuta
1166 1040 1324 1110 perit.

250 1131 459 1202 Itaptus
482 1131 628 1187 enim
662 1131 821 1198 laetis,
849 1140 905 1187 et
925 1130 1104 1188 adhuc
1137 1131 1457 1190 ﬂorentibus
1485 1134 1662 1202 annis,

321 1224 498 1280 Trans
531 1241 705 1293 mare,
733 1234 789 1282 et
817 1225 1018 1298 ignaris
1052 1225 1314 1283 fratribus
1339 1228 1587 1299 oppetiit.

251 1317 428 1374 Julius
457 1318 509 1372 in
540 1319 754 1390 longam
791 1319 1042 1389 produxit
1073 1317 1177 1374 fata
1209 1332 1509 1388 senectam,

322 1410 569 1467 Allectus
597 1409 812 1466 damnis
839 1411 1344 1469 innumerabilibus.

249 1505 354 1576 Qui
374 1505 577 1570 comis,
607 1504 970 1576 blandusque,
999 1511 1056 1562 et
1084 1519 1270 1562 mensa
1299 1505 1613 1563 commodus
1637 1515 1816 1577 uncta,

326 1599 584 1655 Hmredes
612 1598 730 1654 solo
759 1601 978 1654 nomine
1012 1615 1110 1655 nos
1144 1594 1349 1657 habuit.

252 1692 429 1748 Ambo
457 1693 554 1763 pii,
581 1692 732 1748 vultu
762 1691 991 1760 similes,
1019 1693 1140 1763 joca
1167 1693 1308 1750 seria
1341 1692 1521 1762 mixti,

325 1785 451 1843 Ᾱῑνὶ
483 1786 754 1842 furtunam
785 1797 896 1842 non
928 1785 1169 1843 habuere
1193 1797 1400 1856 parem.

256 1879 487 1935 Discreti
515 1891 842 1951 quamquam
873 1879 1116 1948 tumulis,
1142 1889 1195 1936 et
1217 1877 1427 1936 honore
1448 1877 1665 1951 iacetis:

326 1970 630 2027 Commune
661 1970 766 2028 hoc
787 1971 944 2028 verbi
972 1983 1168 2027 munus
1189 1970 1409 2040 habete,
1443 1970 1597 2029 Vale.

469 2085 608 2145 VIII.
651 2087 889 2145 Attusius
916 2087 1162 2146 Lucanus
1183 2083 1441 2160 Talisius,
1473 2108 1641 2146 socer.

253 2207 356 2276 Qui
391 2221 675 2279 proceres,
715 2216 1064 2278 veteremque
1091 2207 1237 2263 volet
1265 2207 1547 2263 celebrare
1575 2205 1854 2276 Senatum,

320 2301 593 2372 Claraque
623 2301 690 2356 ab
717 2311 908 2356 exortu
939 2308 1224 2356 stemmata
1257 2295 1578 2370 Burdigalae,

251 2393 460 2465 Teque,
492 2403 750 2466 tuumque
780 2409 949 2465 genus
977 2401 1264 2462 memoret,
1294 2394 1511 2451 Lucane
1539 2393 1706 2450 Talisi
1735 2412 1748 2448 :

323 2488 570 2544 Moribus
595 2489 801 2544 ornasti
831 2489 920 2559 qui
949 2496 1168 2544 veteres
1191 2503 1447 2555 proavos.

255 2581 496 2639 Pulcher
522 2582 734 2638 honore
764 2583 897 2650 oris,
925 2583 1222 2655 tranquillo
1250 2593 1492 2654 pectore,
1523 2585 1714 2651 comis,

324 2675 586 2732 Facundo
613 2675 746 2731 civis
773 2676 944 2747 major
965 2677 1034 2731 ab
1062 2675 1304 2748 ingenio.

255 2766 488 2834 Venatu,
519 2779 574 2824 et
602 2768 746 2824 ruris
771 2767 944 2837 cultu,
977 2770 1260 2839 victusque
1287 2767 1485 2832 nitore,

323 2862 499 2919 Omne
529 2875 702 2918 Mum
726 2873 991 2935 peragens
1016 2879 1031 2929 ;
1060 2862 1274 2933 publica
1301 2861 1628 2933 despiciens.

253 2953 417 3012 Nosci
446 2955 592 3012 inter
615 2954 826 3026 primos
851 2956 1101 3026 cupiens,
1125 2957 1282 3026 prior
1309 2970 1434 3012 esse
1463 2965 1746 3011 recusans.

321 3047 447 3119 Ipse
478 3056 570 3103 tuo
598 3047 786 3104 vivens
814 3061 1071 3119 segreges
1100 3045 1352 3103 arbitrio.

252 3143 488 3215 Optabas
515 3152 572 3198 tu
595 3158 691 3200 me
715 3155 976 3214 generum
1010 3143 1242 3199 florente
1267 3142 1514 3212 invenio.

323 3237 531 3310 Optare
562 3237 664 3293 hoc
689 3245 925 3302 tantum,
956 3251 1063 3291 non
1093 3243 1150 3291 et
1177 3234 1386 3291 habere
1409 3235 1622 3310 datum.

255 3331 392 3388 Vota
421 3332 656 3404 probant
683 3331 867 3402 supen'
893 3349 904 3384 :
929 3332 1255 3402 meritisque
1285 3330 1517 3385 faventia
1543 3329 1751 3385 sanctis

331 3425 562 3496 Implent
591 3424 720 3492 fato,
747 3425 857 3480 viri
885 3425 1028 3495 quod
1051 3425 1280 3480 voluere
1311 3423 1458 3480 boni.

260 3519 328 3575 Et
349 3534 501 3576 nune
521 3519 779 3590 aper-potui
805 3519 980 3575 sentis
1009 3518 1110 3574 sub
1137 3518 1347 3574 honore
1372 3516 1630 3587 sepulcri,

328 3612 502 3680 Quam
535 3627 796 3668 reverens
823 3621 987 3675 natm,
1009 3625 1290 3682 quamque
1307 3610 1394 3666 tui
1423 3621 1669 3666 maneam
1700 3629 1710 3662 :

260 3704 469 3760 Caelebs
497 3719 731 3776 namque
756 3719 928 3776 gener
943 3717 1097 3760 nunc
1119 3703 1243 3759 haec
1269 3703 1359 3774 pia
1381 3718 1613 3759 munero
1639 3701 1816 3758 solvo.

331 3795 467 3853 Nam
495 3807 550 3854 et
575 3799 774 3854 etclobs
795 3813 1090 3870 numquam
1113 3797 1327 3852 desinet
1351 3811 1474 3852 esse
1495 3810 1688 3866 gener.

545 3911 640 3968 IX.
681 3910 887 3966 Attusia
905 3909 1122 3964 Lucana
1149 3907 1368 3975 Sabina,
1397 3921 1553 3962 uxor.

264 4017 538 4074 Hactenus
563 4024 624 4072 ut
651 4011 866 4080 charos,
898 4013 970 4069 ita
995 4013 1142 4084 justo
1169 4013 1356 4068 iuuere
1384 4007 1540 4067 llctos

335 4108 543 4164 Functa
571 4106 673 4178 piis
699 4105 897 4163 cecinit
924 4105 1099 4161 omnia
1134 4113 1324 4161 nostra
1351 4101 1547 4159 modis.

267 4201 424 4258 Nunc
449 4200 626 4268 dolor,
650 4209 812 4271 atque
837 4213 1048 4266 cruces,
1083 4213 1183 4255 nec
1211 4193 1602 4254 contrectabile
1628 4192 1857 4264 fulmen,

335 4294 598 4366 Coniugis
619 4303 822 4365 erepta:
849 4309 996 4350 mors
1025 4292 1377 4350 memoranda
1409 4291 1562 4347 mihi.

266 4387 471 4444 Nobilis
499 4403 531 4444 a
557 4388 795 4458 proavis,
829 4397 884 4442 et
909 4387 1120 4457 origine
1150 4385 1294 4442 clara
1318 4393 1562 4451 senatus,

337 4476 574 4537 Moribus
600 4495 770 4551 usque
795 4480 953 4536 bonis
981 4479 1129 4535 clara
1161 4477 1364 4535 Sabina
1394 4475 1584 4548 magis.

267 4574 347 4631 Te
370 4574 588 4644 juvenis
614 4576 819 4644 primus
853 4573 960 4628 luxi
993 4572 1250 4642 deceptus
1283 4573 1335 4625 in
1368 4571 1546 4635 annis,

339 4667 553 4738 Perque
578 4681 771 4722 novem
798 4665 999 4722 caelebs
1029 4675 1080 4720 te
1103 4663 1209 4719 ﬂeo
1236 4661 1594 4736 olympiadas.

271 4762 382 4821 Nec
411 4763 541 4819 licet
565 4759 859 4818 obductum
891 4761 1044 4817 senio
1073 4759 1254 4830 sopire
1279 4757 1547 4814 dolorem.

339 4861 573 4930 Semper
601 4856 875 4913 crudescit
902 4870 1025 4910 nam
1055 4854 1183 4909 milii
1215 4867 1374 4924 pceua
1407 4866 1618 4909 recens.

271 4950 579 5008 Admittunt
603 4948 696 5005 alii
718 4949 913 5004 solatia
946 4946 1206 5018 temporis
1233 4945 1386 5016 aegri.

339 5039 470 5100 lla-e
488 5044 746 5114 graviora
776 5041 902 5097 facit
929 5041 1155 5096 vulnera
1182 5039 1338 5110 longa
1355 5037 1506 5096 dies.

271 5135 525 5208 Torqueo
546 5136 804 5206 deceptos
831 5149 932 5206 ego
947 5133 1064 5188 vita
1091 5131 1282 5188 caelibe
1305 5145 1506 5189 canos:

341 5229 571 5299 Qquue
600 5227 770 5300 magis
793 5227 968 5295 solos,
1003 5227 1104 5282 hoc
1130 5239 1283 5297 mage
1313 5233 1540 5282 mmstus
1559 5238 1686 5294 ago.

275 5319 484 5379 Vulnus
507 5322 625 5390 alit,
653 5319 800 5391 quod
823 5328 970 5375 muta
997 5319 1190 5376 domus
1218 5318 1364 5389 silet,
1396 5327 1452 5373 et
1477 5318 1676 5373 titul-us
1695 5313 1867 5386 alget:

342 5416 498 5487 Quod
527 5415 668 5473 mala
695 5429 804 5470 non
827 5416 1114 5486 cuiquam,
1142 5429 1249 5471 non
1278 5413 1425 5468 bona
1451 5411 1740 5486 participe.

275 5510 498 5577 Maneo,
527 5509 573 5564 si
604 5508 808 5578 eouqu
830 5506 922 5560 alii
954 5507 1093 5562 bona
1117 5524 1131 5562 :
1159 5520 1370 5562 marco
1387 5515 1600 5572 contra,

346 5605 404 5661 Si
435 5603 575 5659 mala
603 5621 615 5654 :
645 5599 718 5657 ad
742 5598 1049 5670 exemplum
1076 5609 1134 5654 tu
1159 5599 1296 5654 mihi
1323 5595 1544 5669 semper
1567 5596 1719 5654 ades.

276 5697 358 5754 Tu
376 5695 507 5752 mihi
529 5711 661 5752 crux
679 5694 753 5750 ab
771 5702 1002 5764 utraque
1022 5692 1202 5747 venis:
1227 5691 1348 5746 sive
1363 5686 1790 5761 estmla,quod
1815 5695 1867 5741 tu

348 5787 642 5846 Dissimilis
663 5785 875 5842 fueris:
905 5796 1003 5840 seu
1028 5783 1189 5852 bona,
1217 5782 1362 5852 quod
1390 5783 1608 5838 similis.

277 5881 396 5940 Non
417 5895 520 5953 ego
550 5894 682 5951 opes
704 5891 912 5957 cassos,
941 5886 994 5932 et
1023 5874 1202 5934 inania
1227 5873 1423 5946 gaudia
1451 5875 1648 5947 plango
1677 5893 1688 5929 :

1691 326 2014 386 PARENTA
2023 328 2134 388 LIA
2145 371 2158 388 .

1881 443 1934 504 Α
2034 444 2139 500 Sed
2159 445 2374 516 juvenis
2394 451 2577 519 juveni
2607 451 2754 521 quod
2783 451 2914 509 mihi
2944 460 3096 524 rapta
3126 455 3267 511 viro.

1882 4629 1942 4699 ⁵1)

3453 340 3560 400 816

1963 535 2130 601 Lecta.
2164 539 2375 608 pudica,
2405 543 2606 612 gravis,
2632 559 2803 614 genus
2835 544 3034 617 inclyta
3057 554 3112 602 et
3137 546 3335 619 inclyta
3359 546 3554 615 forma,

2037 629 2098 684 Iit
2125 630 2303 697 dolor,
2333 642 2495 703 atque
2522 635 2690 691 decus
2721 637 2971 709 conjugis
3001 639 3244 694 Ausonii.

1959 723 2089 790 Quae
2123 724 2288 780 modo
2317 735 2576 797 septenos
2605 739 2797 799 quater
2821 731 3109 802 impletura
3141 732 3492 798 Decembres,

2035 816 2260 888 LiquiSIi
2295 830 2467 882 natos,
2507 821 2730 892 pignora
2765 831 2972 889 nostra,
3004 821 3160 880 duos.

1964 908 2058 964 Illa
2088 909 2271 966 favore
2295 909 2412 978 Dei,
2439 911 2578 968 sicut
2607 923 2698 970 tua
2727 925 2850 970 vota
2880 915 3119 984 fuerunt,

2035 1000 2278 1070 Floreat,
2311 1005 2512 1074 Optrttis
2541 1006 2878 1062 accumulata
2911 1007 3087 1063 bonis.

1962 1093 2026 1149 Et
2057 1109 2250 1164 precor
2278 1104 2335 1149 ut
2367 1095 2621 1166 vigeant:
2653 1097 2978 1166 tandemque
3009 1101 3304 1171 superstite
3327 1109 3557 1173 utroque

2031 1183 2252 1242 Nuntiet
2286 1187 2385 1243 hoc
2413 1188 2584 1244 cineri
2616 1199 2797 1245 nostra
2823 1189 3006 1246 favilla
3037 1201 3145 1248 tuo.

2319 1303 2387 1359 Χ.
2431 1306 2692 1362 Ausonius
2720 1305 3007 1378 Parvulas,
3036 1309 3202 1379 ﬁlius.

1959 1417 2078 1474 Non
2109 1434 2208 1490 ego
2239 1429 2289 1476 te
2313 1420 2563 1478 nili-etum
2593 1423 2827 1480 memori
2858 1424 3126 1482 fraudabo
3150 1429 3394 1498 querela,

2033 1513 2251 1570 Primus
2280 1524 2407 1572 uate
2437 1532 2561 1573 meo
2589 1519 2813 1575 nomine
2840 1519 3006 1589 dicte,
3044 1535 3201 1592 puer.

1962 1605 2238 1663 Murmura
2263 1623 2423 1680 quem
2447 1611 2642 1680 primis
2663 1612 3020 1670 meditantem
3045 1614 3332 1672 absolvere
3355 1614 3558 1682 verbis,

2035 1699 2237 1756 Indolis
2259 1711 2319 1756 ut
2345 1703 2542 1772 plenis,
2576 1703 2893 1775 planximus
2920 1708 3218 1777 exsequiis.

1964 1790 2044 1847 Tu
2069 1794 2274 1863 gremio
2307 1795 2358 1848 in
2388 1795 2575 1864 proavi
2599 1794 2768 1852 funus
2793 1812 3084 1854 commune
3111 1799 3341 1866 Iocatus,

2039 1885 2300 1942 Invidiam
2334 1889 2528 1944 tumuli
2557 1905 2628 1946 ne
2659 1902 2911 1960 paterere
2939 1895 3035 1948 tui.

2358 2001 2449 2056 XI.
2497 2001 2709 2071 Pastor,
2751 2020 2909 2074 nepos
2939 2021 3004 2060 ea:
3032 2005 3165 2074 ﬁlio.

1965 2113 2044 2170 Tu
2067 2130 2283 2186 quoque
2302 2124 2572 2186 maturos,
2601 2131 2740 2187 puer
2765 2118 3079 2186 immature,
3107 2119 3329 2175 dolores

2035 2208 2300 2281 Irrumpis
2325 2209 2508 2266 minati
2536 2211 2716 2266 luctus
2741 2211 2976 2266 acerbus
3003 2213 3112 2274 avi,

1964 2299 2179 2371 Pastor,
2210 2301 2378 2357 chare
2409 2317 2604 2373 nepos,
2636 2317 2761 2374 spes
2782 2304 2937 2375 cujus
2965 2313 3113 2360 certa
3137 2303 3240 2360 fuit
3266 2320 3376 2371 res,

2038 2395 2278 2466 Hesperii
2309 2395 2478 2466 patris
2507 2396 2668 2452 tertia
2699 2397 3015 2468 progenies.

1963 2489 2217 2556 Nomine,
2245 2489 2387 2558 quod
2407 2503 2571 2544 casus
2593 2488 2820 2546 dederat
2845 2507 2857 2542 :
2891 2490 3020 2559 quia
3045 2489 3223 2545 ﬁstula
3256 2489 3488 2560 primum

2035 2582 2314 2638 Pastorale
2343 2583 2518 2639 melos
2541 2583 2820 2639 Concinuit
2845 2583 3052 2653 genito.

1961 2675 2098 2732 Sero
2122 2675 2460 2732 intellectum
2491 2677 2620 2733 vita:
2641 2677 2826 2734 brevis
2852 2687 3235 2749 argumentum
3261 2696 3275 2733 :

2035 2767 2272 2838 Spiritus
2299 2767 2496 2825 amatis
2523 2769 2667 2841 quod
2689 2769 2834 2841 .fogit
2859 2783 2890 2825 e
2917 2770 3162 2827 calamis.

1961 2860 2180 2916 Occidis
2212 2862 2424 2917 etnisste
2451 2875 2746 2932 percussus
2772 2861 3014 2933 pondere
3042 2872 3195 2918 testae
3222 2880 3236 2917 :

2031 2952 2246 3022 Abjeeit
2274 2961 2420 3008 tecto
2445 2968 2607 3025 quam
2633 2969 2828 3010 manus
2849 2953 3100 3011 artiﬁcis.

1963 3045 2077 3101 Non
2107 3046 2210 3101 fttit
2229 3045 2456 3102 artiﬁcis
2481 3062 2680 3102 manus
2708 3045 2866 3116 haec;
2897 3063 3089 3102 manus
3119 3047 3210 3103 illa
3241 3050 3454 3106 cruenti

2032 3138 2195 3196 Certa
2227 3139 2327 3196 fuit
2348 3139 2468 3209 lati,
2497 3142 2849 3212 suppositum
2874 3157 3052 3197 reum.

1887 3228 1934 3300 ρ
1967 3233 2112 3289 Ileu!
2143 3248 2264 3304 quae
2291 3241 2416 3288 vota
2439 3234 2616 3288 mihi!
2649 3249 2770 3306 quae
2802 3235 3010 3306 rumpis
3036 3235 3256 3306 gaudia,
3293 3235 3520 3294 Pastor!

2033 3325 2128 3381 Illa
2155 3341 2339 3382 meum
2369 3327 2522 3397 petiit
2549 3327 2732 3398 tegula
2761 3327 2928 3383 missa
2953 3337 3140 3399 caput.

1962 3417 2185 3492 Dignior
2215 3434 2270 3484 ο,
2304 3429 2502 3477 nostra:
2531 3435 2778 3492 gemeres
2806 3422 2896 3493 qui
2929 3422 3036 3478 fata
3064 3431 3299 3478 senecta:
3327 3441 3339 3477 :

2033 3513 2102 3570 Et
2131 3530 2422 3586 quererere
2445 3530 2594 3572 meas
2623 3524 2849 3572 moestus
2875 3515 2943 3572 ad
2969 3516 3277 3588 exsequias.

2356 3630 2474 3686 XII.
2511 3629 2662 3686 Julia
2684 3630 2946 3703 Dryadia.
2971 3647 3146 3688 soror.

1962 3743 2020 3800 Si
2047 3758 2154 3814 qua
2182 3744 2285 3800 fuit
2316 3745 2510 3811 virtus,
2537 3757 2765 3816 cuperet
2788 3761 2950 3817 quam
2973 3746 3182 3802 femina
3211 3748 3454 3818 prudens

2033 3837 2172 3893 Esse
2187 3849 2374 3904 suain,
2402 3851 2562 3893 soror
2592 3838 2949 3910 liae-Dryadia
2975 3840 3194 3895 enituit.

1963 3930 2103 3999 Quin
2134 3930 2298 3986 etiam
2325 3931 2526 3986 multas
2549 3930 2762 3996 habuit,
2791 3947 2930 4002 quas
2954 3946 3120 3988 sexus
3142 3933 3347 3990 habere

2036 4026 2252 4082 Fortior
2288 4033 2526 4096 opturet,
2559 4024 2923 4096 nobilitasque
2951 4026 3150 4081 virum.

1965 4121 2132 4177 Docta
2164 4119 2298 4175 satis
2323 4118 2775 4190 vitamque-colo,
2806 4117 3115 4189 famamque
3145 4120 3286 4176 tueri
3313 4135 3326 4175 :

2036 4214 2206 4270 Docta
2237 4213 2412 4268 bonos
2437 4225 2619 4266 mones
2645 4213 2782 4282 ipso,
2813 4225 3053 4280 suosque
3075 4210 3306 4267 doceas.

1966 4307 2030 4363 Et
2056 4322 2243 4362 verum
2276 4306 2383 4361 vita
2409 4304 2498 4360 cui
2525 4303 2785 4360 charius:
2822 4319 3040 4374 unaque
3071 4319 3232 4370 cura,

2036 4399 2207 4456 Nosse
2237 4398 2430 4464 Deum,
2461 4406 2518 4454 et
2548 4397 2766 4452 fratrem
2793 4397 3022 4469 diligere
3041 4406 3180 4454 ante
3211 4397 3374 4454 alios.

1963 4492 2207 4565 Conjuge
2237 4492 2418 4549 adhuc
2439 4492 2653 4564 juvenis
2677 4493 2890 4548 caruit:
2923 4491 3024 4547 sed
3049 4493 3195 4548 seria
3221 4493 3391 4549 vitam

2039 4587 2276 4643 Moribus
2307 4595 2553 4642 austeras
2583 4583 2937 4656 requiparavit
2963 4599 3124 4641 anus.

1967 4680 2227 4738 Produxit
2255 4681 2498 4738 colerem
2531 4695 2628 4750 per
2655 4694 2785 4737 sena
2811 4679 3080 4736 decennis
3110 4681 3298 4748 vitam,

2038 4771 2206 4843 Inque
2229 4771 2418 4840 donis,
2438 4785 2513 4828 ac
2538 4779 2710 4839 tecto,
2741 4787 2852 4844 quo
2879 4782 3055 4844 pater,
3091 4773 3343 4844 oppetiit.

2397 4909 2538 4968 XIII.
2581 4911 2888 4977 Avitianus,
2935 4916 3118 4984 frater.

2116 5026 2446 5094 Avitianum,
2465 5021 2646 5094 Musa,
2663 5042 2994 5098 germanum
3024 5041 3205 5081 meum

2185 5122 2334 5176 Dona
2362 5119 2593 5192 querela
2611 5119 2836 5178 Tuuebri
2863 5138 2878 5175 :

2117 5213 2292 5271 Minor
2311 5214 2424 5271 iste
2453 5223 2584 5270 natu
2611 5229 2718 5282 me,
2751 5215 2845 5270 sed
2874 5211 3092 5283 ingenio
3111 5211 3267 5282 prior

2187 5309 2347 5364 Artes
2370 5315 2623 5378 paternas
2649 5307 2888 5362 imbibit.

2121 5399 2325 5457 Verum
2349 5401 2589 5472 iuuenta:
2618 5400 2754 5456 flore
2783 5401 2910 5456 laeto
2939 5396 3169 5469 perfrui,

2190 5495 2423 5568 Aivique
2451 5511 2613 5569 supra
2645 5495 2866 5567 puberis

2122 5589 2284 5648 Exire
2316 5601 2510 5661 metas,
2540 5593 2712 5647 vetuit
2743 5589 2939 5644 infesta
2966 5588 3226 5658 Atropos.

2195 5684 2310 5740 lIcu
2339 5687 2352 5739 ε
2393 5695 2608 5757 quanta
2635 5684 2761 5762 vita:
2793 5683 2991 5738 decora
3018 5682 3032 5734 !

2125 5776 2298 5845 Quem
2328 5779 2532 5834 cultum
2559 5778 2700 5849 spei,
2721 5791 2889 5847 quem
2921 5775 3170 5834 dolorem
3201 5779 3404 5836 sauciis

2055 5859 2060 5862 ’
2206 5867 2476 5928 Germane
2505 5869 2676 5942 pubes
2704 5867 2912 5926 deseris
2937 5868 2954 5920 l
