  <div class='ocr_page' id='page_1' title='image "/cluster/home/n/w/nwhite01/storage/ocr_20150623/19/hvd.32044015471345/433.png"; bbox 0 0 4072 6306; ppageno 0'>
   <div class='ocr_carea' id='block_1_1' title="bbox 525 296 3806 378">
    <p class='ocr_par' dir='ltr' id='par_1_1' title="bbox 525 296 3806 378">
     <span class='ocr_line' id='line_1_1' title="bbox 525 296 3806 378; baseline -0.003 -13"><span class='ocrx_word' id='word_1_1' title='bbox 525 318 633 378; x_wconf 64' lang='lat' dir='ltr'><strong><em>an</em></strong></span> <span class='ocrx_word' id='word_1_2' title='bbox 1927 298 2110 362; x_wconf 82' lang='lat' dir='ltr'><strong>DECII</strong></span> <span class='ocrx_word' id='word_1_3' title='bbox 2144 297 2419 362; x_wconf 80' lang='lat' dir='ltr'><strong>AUSONII</strong></span> <span class='ocrx_word' id='word_1_4' title='bbox 3713 296 3806 356; x_wconf 65' lang='grc' dir='ltr'><strong>εδδ</strong></span> 
     </span>
    </p>
   </div>
   <div class='ocr_carea' id='block_1_2' title="bbox 530 416 3160 506">
    <p class='ocr_par' dir='ltr' id='par_1_2' title="bbox 530 416 3160 506">
     <span class='ocr_line' id='line_1_2' title="bbox 530 416 3160 506; baseline -0.007 -15"><span class='ocrx_word' id='word_1_5' title='bbox 530 457 575 506; x_wconf 54' lang='grc' dir='ltr'><strong>ι,</strong></span> <span class='ocrx_word' id='word_1_6' title='bbox 680 431 950 490; x_wconf 77' lang='lat' dir='ltr'><strong>Germane</strong></span> <span class='ocrx_word' id='word_1_7' title='bbox 969 425 1150 486; x_wconf 87' lang='lat' dir='ltr'><strong>carnis</strong></span> <span class='ocrx_word' id='word_1_8' title='bbox 1177 426 1298 498; x_wconf 88' lang='lat' dir='ltr'><strong>lege</strong></span> <span class='ocrx_word' id='word_1_9' title='bbox 1321 433 1377 482; x_wconf 88' lang='lat' dir='ltr'><strong>et</strong></span> <span class='ocrx_word' id='word_1_10' title='bbox 1402 431 1523 481; x_wconf 90' lang='lat' dir='ltr'><strong>ortu</strong></span> <span class='ocrx_word' id='word_1_11' title='bbox 1550 417 1852 493; x_wconf 80' lang='lat' dir='ltr'><strong>sanguinis,</strong></span> <span class='ocrx_word' id='word_1_12' title='bbox 2151 417 2208 480; x_wconf 76' lang='grc' dir='ltr'><strong>Α</strong></span> <span class='ocrx_word' id='word_1_13' title='bbox 2443 416 2503 474; x_wconf 93' lang='lat' dir='ltr'><strong>In</strong></span> <span class='ocrx_word' id='word_1_14' title='bbox 2529 426 2776 490; x_wconf 89' lang='lat' dir='ltr'><strong>tempore</strong></span> <span class='ocrx_word' id='word_1_15' title='bbox 2803 416 3025 490; x_wconf 82' lang='lat' dir='ltr'><strong>puberis</strong></span> <span class='ocrx_word' id='word_1_16' title='bbox 3052 416 3160 472; x_wconf 77' lang='lat' dir='ltr'><strong>tcvi</strong></span> 
     </span>
    </p>
   </div>
   <div class='ocr_carea' id='block_1_3' title="bbox 748 507 3154 593">
    <p class='ocr_par' dir='ltr' id='par_1_3' title="bbox 748 507 3154 593">
     <span class='ocr_line' id='line_1_3' title="bbox 748 507 3154 593; baseline -0.008 -13"><span class='ocrx_word' id='word_1_17' title='bbox 748 527 947 580; x_wconf 85' lang='lat' dir='ltr'><strong>Amore</strong></span> <span class='ocrx_word' id='word_1_18' title='bbox 979 535 1117 593; x_wconf 89' lang='lat' dir='ltr'><strong>pene</strong></span> <span class='ocrx_word' id='word_1_19' title='bbox 1141 520 1305 576; x_wconf 90' lang='lat' dir='ltr'><strong>ﬁlius.</strong></span> <span class='ocrx_word' id='word_1_20' title='bbox 1361 527 1377 582; x_wconf 71' lang='grc' dir='ltr'><strong><em>ι</em></strong></span> <span class='ocrx_word' id='word_1_21' title='bbox 2451 509 2546 565; x_wconf 80' lang='lat' dir='ltr'><strong>Vis</strong></span> <span class='ocrx_word' id='word_1_22' title='bbox 2572 508 2805 580; x_wconf 79' lang='lat' dir='ltr'><strong>perculit</strong></span> <span class='ocrx_word' id='word_1_23' title='bbox 2828 508 3008 565; x_wconf 88' lang='lat' dir='ltr'><strong>invida</strong></span> <span class='ocrx_word' id='word_1_24' title='bbox 3037 507 3154 563; x_wconf 84' lang='lat' dir='ltr'><strong>fati.</strong></span> 
     </span>
    </p>
   </div>
   <div class='ocr_carea' id='block_1_4' title="bbox 748 600 2078 702">
    <p class='ocr_par' dir='ltr' id='par_1_4' title="bbox 748 629 1852 702">
     <span class='ocr_line' id='line_1_4' title="bbox 748 629 1852 702; baseline -0.008 -11"><span class='ocrx_word' id='word_1_25' title='bbox 748 634 889 691; x_wconf 79' lang='lat' dir='ltr'><strong>XIV.</strong></span> <span class='ocrx_word' id='word_1_26' title='bbox 938 633 1063 690; x_wconf 83' lang='lat' dir='ltr'><strong>Val.</strong></span> <span class='ocrx_word' id='word_1_27' title='bbox 1097 632 1316 688; x_wconf 75' lang='lat' dir='ltr'><strong>Latinus</strong></span> <span class='ocrx_word' id='word_1_28' title='bbox 1345 629 1646 702; x_wconf 86' lang='lat' dir='ltr'><strong>Euronius,</strong></span> <span class='ocrx_word' id='word_1_29' title='bbox 1679 643 1852 701; x_wconf 86' lang='lat' dir='ltr'><strong>gener.</strong></span> 
     </span>
    </p>
   </div>
   <div class='ocr_carea' id='block_1_5' title="bbox 2236 600 3405 702">
    <p class='ocr_par' dir='ltr' id='par_1_5' title="bbox 2445 600 3405 673">
     <span class='ocr_line' id='line_1_5' title="bbox 2445 600 3405 673; baseline -0.001 -16"><span class='ocrx_word' id='word_1_30' title='bbox 2445 601 2596 658; x_wconf 88' lang='lat' dir='ltr'><strong>IIehe</strong></span> <span class='ocrx_word' id='word_1_31' title='bbox 2626 617 2808 673; x_wconf 86' lang='lat' dir='ltr'><strong>quem,</strong></span> <span class='ocrx_word' id='word_1_32' title='bbox 2842 601 3100 668; x_wconf 83' lang='lat' dir='ltr'><strong>Maxime,</strong></span> <span class='ocrx_word' id='word_1_33' title='bbox 3127 600 3405 656; x_wconf 85' lang='lat' dir='ltr'><strong>fructum?</strong></span> 
     </span>
    </p>
   </div>
   <div class='ocr_carea' id='block_1_6' title="bbox 2447 693 3316 762">
    <p class='ocr_par' dir='ltr' id='par_1_6' title="bbox 2447 693 3316 762">
     <span class='ocr_line' id='line_1_6' title="bbox 2447 693 3316 762; baseline -0.005 -12"><span class='ocrx_word' id='word_1_34' title='bbox 2447 693 2723 760; x_wconf 81' lang='lat' dir='ltr'><strong>Facundo,</strong></span> <span class='ocrx_word' id='word_1_35' title='bbox 2754 703 2808 749; x_wconf 88' lang='lat' dir='ltr'><strong>et</strong></span> <span class='ocrx_word' id='word_1_36' title='bbox 2831 695 3059 762; x_wconf 84' lang='lat' dir='ltr'><strong>musice,</strong></span> <span class='ocrx_word' id='word_1_37' title='bbox 3087 701 3143 750; x_wconf 85' lang='lat' dir='ltr'><strong>et</strong></span> <span class='ocrx_word' id='word_1_38' title='bbox 3167 708 3316 761; x_wconf 86' lang='lat' dir='ltr'><strong>acer,</strong></span> 
     </span>
    </p>
   </div>
   <div class='ocr_carea' id='block_1_7' title="bbox 2453 788 3407 860">
    <p class='ocr_par' dir='ltr' id='par_1_7' title="bbox 2453 788 3407 860">
     <span class='ocr_line' id='line_1_7' title="bbox 2453 788 3407 860; baseline -0.004 -14"><span class='ocrx_word' id='word_1_39' title='bbox 2453 790 2689 846; x_wconf 79' lang='lat' dir='ltr'><strong>Mentem</strong></span> <span class='ocrx_word' id='word_1_40' title='bbox 2717 790 2916 856; x_wconf 88' lang='lat' dir='ltr'><strong>bonus,</strong></span> <span class='ocrx_word' id='word_1_41' title='bbox 2950 788 3168 860; x_wconf 90' lang='lat' dir='ltr'><strong>ingenio</strong></span> <span class='ocrx_word' id='word_1_42' title='bbox 3197 789 3407 860; x_wconf 86' lang='lat' dir='ltr'><strong>ingens,</strong></span> 
     </span>
    </p>
   </div>
   <div class='ocr_carea' id='block_1_8' title="bbox 2455 883 3405 955">
    <p class='ocr_par' dir='ltr' id='par_1_8' title="bbox 2455 883 3405 955">
     <span class='ocr_line' id='line_1_8' title="bbox 2455 883 3405 955; baseline -0.001 -17"><span class='ocrx_word' id='word_1_43' title='bbox 2455 883 2690 941; x_wconf 86' lang='lat' dir='ltr'><strong>Volucer</strong></span> <span class='ocrx_word' id='word_1_44' title='bbox 2710 885 2871 955; x_wconf 89' lang='lat' dir='ltr'><strong>pede,</strong></span> <span class='ocrx_word' id='word_1_45' title='bbox 2896 898 3130 954; x_wconf 89' lang='lat' dir='ltr'><strong>corpore</strong></span> <span class='ocrx_word' id='word_1_46' title='bbox 3161 883 3405 953; x_wconf 90' lang='lat' dir='ltr'><strong>pulcher,</strong></span> 
     </span>
    </p>
   </div>
   <div class='ocr_carea' id='block_1_9' title="bbox 2446 975 3271 1048">
    <p class='ocr_par' dir='ltr' id='par_1_9' title="bbox 2446 975 3271 1048">
     <span class='ocr_line' id='line_1_9' title="bbox 2446 975 3271 1048; baseline -0.001 -17"><span class='ocrx_word' id='word_1_47' title='bbox 2446 975 2650 1048; x_wconf 88' lang='lat' dir='ltr'><strong>Lingua</strong></span> <span class='ocrx_word' id='word_1_48' title='bbox 2677 986 2858 1044; x_wconf 90' lang='lat' dir='ltr'><strong>catus,</strong></span> <span class='ocrx_word' id='word_1_49' title='bbox 2892 991 2989 1033; x_wconf 89' lang='lat' dir='ltr'><strong>ore</strong></span> <span class='ocrx_word' id='word_1_50' title='bbox 3018 989 3271 1040; x_wconf 89' lang='lat' dir='ltr'><strong>canorus,</strong></span> 
     </span>
    </p>
   </div>
   <div class='ocr_carea' id='block_1_10' title="bbox 2449 1068 3367 1140">
    <p class='ocr_par' dir='ltr' id='par_1_10' title="bbox 2449 1068 3367 1140">
     <span class='ocr_line' id='line_1_10' title="bbox 2449 1068 3367 1140; baseline -0.002 -16"><span class='ocrx_word' id='word_1_51' title='bbox 2449 1068 2597 1140; x_wconf 87' lang='lat' dir='ltr'><strong>Cape</strong></span> <span class='ocrx_word' id='word_1_52' title='bbox 2625 1084 2825 1125; x_wconf 89' lang='lat' dir='ltr'><strong>munus</strong></span> <span class='ocrx_word' id='word_1_53' title='bbox 2854 1070 3008 1126; x_wconf 89' lang='lat' dir='ltr'><strong>triste</strong></span> <span class='ocrx_word' id='word_1_54' title='bbox 3039 1076 3330 1140; x_wconf 88' lang='lat' dir='ltr'><strong>parentum</strong></span> <span class='ocrx_word' id='word_1_55' title='bbox 3351 1109 3367 1135; x_wconf 96' lang='lat'><strong>,</strong></span> 
     </span>
    </p>
   </div>
   <div class='ocr_carea' id='block_1_11' title="bbox 2448 1162 3285 1236">
    <p class='ocr_par' dir='ltr' id='par_1_11' title="bbox 2448 1162 3285 1236">
     <span class='ocr_line' id='line_1_11' title="bbox 2448 1162 3285 1236; baseline 0.001 -18"><span class='ocrx_word' id='word_1_56' title='bbox 2448 1162 2846 1236; x_wconf 83' lang='lat' dir='ltr'><strong>Lacrymabilis</strong></span> <span class='ocrx_word' id='word_1_57' title='bbox 2875 1179 2996 1220; x_wconf 81' lang='lat' dir='ltr'><strong>orsa</strong></span> <span class='ocrx_word' id='word_1_58' title='bbox 3026 1163 3285 1236; x_wconf 67' lang='lat' dir='ltr'><strong>querelae,</strong></span> 
     </span>
    </p>
   </div>
   <div class='ocr_carea' id='block_1_12' title="bbox 2454 1255 3231 1322">
    <p class='ocr_par' dir='ltr' id='par_1_12' title="bbox 2454 1255 3231 1322">
     <span class='ocr_line' id='line_1_12' title="bbox 2454 1255 3231 1322; baseline 0 -12"><span class='ocrx_word' id='word_1_59' title='bbox 2454 1256 2585 1322; x_wconf 66' lang='lat' dir='ltr'><strong>Quae</strong></span> <span class='ocrx_word' id='word_1_60' title='bbox 2611 1255 2892 1312; x_wconf 82' lang='lat' dir='ltr'><strong>funereum</strong></span> <span class='ocrx_word' id='word_1_61' title='bbox 2921 1255 3231 1311; x_wconf 89' lang='lat' dir='ltr'><strong>modulatus</strong></span> 
     </span>
    </p>
   </div>
   <div class='ocr_carea' id='block_1_13' title="bbox 2450 1346 3360 1406">
    <p class='ocr_par' dir='ltr' id='par_1_13' title="bbox 2450 1346 3360 1406">
     <span class='ocr_line' id='line_1_13' title="bbox 2450 1346 3360 1406; baseline -0.003 -2"><span class='ocrx_word' id='word_1_62' title='bbox 2450 1348 2570 1406; x_wconf 88' lang='lat' dir='ltr'><strong>Tibi</strong></span> <span class='ocrx_word' id='word_1_63' title='bbox 2598 1357 2826 1406; x_wconf 56' lang='lat' dir='ltr'><strong>maestus</strong></span> <span class='ocrx_word' id='word_1_64' title='bbox 2853 1349 3151 1405; x_wconf 86' lang='lat' dir='ltr'><strong>avunculus</strong></span> <span class='ocrx_word' id='word_1_65' title='bbox 3180 1346 3360 1405; x_wconf 77' lang='lat' dir='ltr'><strong>offert.</strong></span> 
     </span>
    </p>
   </div>
   <div class='ocr_carea' id='block_1_14' title="bbox 531 746 1919 825">
    <p class='ocr_par' dir='ltr' id='par_1_14' title="bbox 531 746 1919 825">
     <span class='ocr_line' id='line_1_14' title="bbox 531 746 1919 825; baseline -0.008 -14"><span class='ocrx_word' id='word_1_66' title='bbox 531 755 577 811; x_wconf 96' lang='lat' dir='ltr'><strong>O</strong></span> <span class='ocrx_word' id='word_1_67' title='bbox 600 752 817 825; x_wconf 81' lang='lat' dir='ltr'><strong>generis</strong></span> <span class='ocrx_word' id='word_1_68' title='bbox 843 752 976 808; x_wconf 89' lang='lat' dir='ltr'><strong>clari</strong></span> <span class='ocrx_word' id='word_1_69' title='bbox 1003 751 1192 819; x_wconf 85' lang='lat' dir='ltr'><strong>decus,</strong></span> <span class='ocrx_word' id='word_1_70' title='bbox 1221 765 1255 808; x_wconf 95' lang='lat' dir='ltr'><strong>o</strong></span> <span class='ocrx_word' id='word_1_71' title='bbox 1283 750 1417 806; x_wconf 87' lang='lat' dir='ltr'><strong>mihi</strong></span> <span class='ocrx_word' id='word_1_72' title='bbox 1450 749 1613 805; x_wconf 93' lang='lat' dir='ltr'><strong>funus</strong></span> <span class='ocrx_word' id='word_1_73' title='bbox 1641 746 1919 811; x_wconf 88' lang='lat' dir='ltr'><strong>acerbum,</strong></span> 
     </span>
    </p>
   </div>
   <div class='ocr_carea' id='block_1_15' title="bbox 605 843 1837 918">
    <p class='ocr_par' dir='ltr' id='par_1_15' title="bbox 605 843 1837 918">
     <span class='ocr_line' id='line_1_15' title="bbox 605 843 1837 918; baseline -0.005 -16"><span class='ocrx_word' id='word_1_74' title='bbox 605 846 832 917; x_wconf 80' lang='lat' dir='ltr'><strong>Euroni,</strong></span> <span class='ocrx_word' id='word_1_75' title='bbox 866 862 898 904; x_wconf 91' lang='lat' dir='ltr'><strong>e</strong></span> <span class='ocrx_word' id='word_1_76' title='bbox 923 846 1194 918; x_wconf 90' lang='lat' dir='ltr'><strong>juvenum</strong></span> <span class='ocrx_word' id='word_1_77' title='bbox 1226 846 1364 902; x_wconf 87' lang='lat' dir='ltr'><strong>lecte</strong></span> <span class='ocrx_word' id='word_1_78' title='bbox 1389 843 1616 900; x_wconf 84' lang='lat' dir='ltr'><strong>cohorte</strong></span> <span class='ocrx_word' id='word_1_79' title='bbox 1645 856 1837 913; x_wconf 86' lang='lat' dir='ltr'><strong>gener,</strong></span> 
     </span>
    </p>
   </div>
   <div class='ocr_carea' id='block_1_16' title="bbox 530 935 1893 1011">
    <p class='ocr_par' dir='ltr' id='par_1_16' title="bbox 530 935 1893 1011">
     <span class='ocr_line' id='line_1_16' title="bbox 530 935 1893 1011; baseline -0.007 -14"><span class='ocrx_word' id='word_1_80' title='bbox 530 939 748 997; x_wconf 85' lang='lat' dir='ltr'><strong>Occidis</strong></span> <span class='ocrx_word' id='word_1_81' title='bbox 777 940 828 996; x_wconf 91' lang='lat' dir='ltr'><strong>in</strong></span> <span class='ocrx_word' id='word_1_82' title='bbox 859 940 1050 1011; x_wconf 71' lang='lat' dir='ltr'><strong>prima:</strong></span> <span class='ocrx_word' id='word_1_83' title='bbox 1082 949 1268 1010; x_wconf 91' lang='lat' dir='ltr'><strong>raptus</strong></span> <span class='ocrx_word' id='word_1_84' title='bbox 1298 937 1434 994; x_wconf 89' lang='lat' dir='ltr'><strong>mihi</strong></span> <span class='ocrx_word' id='word_1_85' title='bbox 1464 937 1602 993; x_wconf 86' lang='lat' dir='ltr'><strong>ﬂore</strong></span> <span class='ocrx_word' id='word_1_86' title='bbox 1629 935 1893 1007; x_wconf 62' lang='lat' dir='ltr'><strong>juventae,</strong></span> 
     </span>
    </p>
   </div>
   <div class='ocr_carea' id='block_1_17' title="bbox 602 1032 1674 1102">
    <p class='ocr_par' dir='ltr' id='par_1_17' title="bbox 602 1032 1674 1102">
     <span class='ocr_line' id='line_1_17' title="bbox 602 1032 1674 1102; baseline -0.003 -14"><span class='ocrx_word' id='word_1_87' title='bbox 602 1033 883 1090; x_wconf 86' lang='lat' dir='ltr'><strong>Lactantis</strong></span> <span class='ocrx_word' id='word_1_88' title='bbox 913 1032 1024 1089; x_wconf 89' lang='lat' dir='ltr'><strong>nati</strong></span> <span class='ocrx_word' id='word_1_89' title='bbox 1048 1033 1139 1089; x_wconf 83' lang='lat' dir='ltr'><strong>vix</strong></span> <span class='ocrx_word' id='word_1_90' title='bbox 1172 1033 1308 1089; x_wconf 89' lang='lat' dir='ltr'><strong>bene</strong></span> <span class='ocrx_word' id='word_1_91' title='bbox 1338 1041 1469 1088; x_wconf 89' lang='lat' dir='ltr'><strong>note</strong></span> <span class='ocrx_word' id='word_1_92' title='bbox 1500 1041 1674 1102; x_wconf 86' lang='lat' dir='ltr'><strong>pater.</strong></span> 
     </span>
    </p>
   </div>
   <div class='ocr_carea' id='block_1_18' title="bbox 531 1119 2056 1197">
    <p class='ocr_par' dir='ltr' id='par_1_18' title="bbox 531 1119 2056 1197">
     <span class='ocr_line' id='line_1_18' title="bbox 531 1119 2056 1197; baseline -0.007 -14"><span class='ocrx_word' id='word_1_93' title='bbox 531 1124 614 1183; x_wconf 87' lang='lat' dir='ltr'><strong>Tu</strong></span> <span class='ocrx_word' id='word_1_94' title='bbox 636 1140 922 1197; x_wconf 89' lang='lat' dir='ltr'><strong>procerum</strong></span> <span class='ocrx_word' id='word_1_95' title='bbox 949 1125 1020 1182; x_wconf 91' lang='lat' dir='ltr'><strong>de</strong></span> <span class='ocrx_word' id='word_1_96' title='bbox 1044 1125 1217 1195; x_wconf 88' lang='lat' dir='ltr'><strong>stirpe</strong></span> <span class='ocrx_word' id='word_1_97' title='bbox 1247 1133 1420 1191; x_wconf 89' lang='lat' dir='ltr'><strong>satus,</strong></span> <span class='ocrx_word' id='word_1_98' title='bbox 1451 1135 1788 1196; x_wconf 84' lang='lat' dir='ltr'><strong>praegressus</strong></span> <span class='ocrx_word' id='word_1_99' title='bbox 1811 1127 1867 1177; x_wconf 89' lang='lat' dir='ltr'><strong>et</strong></span> <span class='ocrx_word' id='word_1_100' title='bbox 1886 1119 2056 1190; x_wconf 90' lang='lat' dir='ltr'><strong>ipsos,</strong></span> 
     </span>
    </p>
   </div>
   <div class='ocr_carea' id='block_1_19' title="bbox 608 1216 1641 1290">
    <p class='ocr_par' dir='ltr' id='par_1_19' title="bbox 608 1216 1641 1290">
     <span class='ocr_line' id='line_1_19' title="bbox 608 1216 1641 1290; baseline -0.006 -16"><span class='ocrx_word' id='word_1_101' title='bbox 608 1217 766 1274; x_wconf 86' lang='lat' dir='ltr'><strong>Unde</strong></span> <span class='ocrx_word' id='word_1_102' title='bbox 794 1231 964 1290; x_wconf 90' lang='lat' dir='ltr'><strong>genus</strong></span> <span class='ocrx_word' id='word_1_103' title='bbox 989 1218 1154 1274; x_wconf 78' lang='lat' dir='ltr'><strong>clara:</strong></span> <span class='ocrx_word' id='word_1_104' title='bbox 1184 1216 1482 1272; x_wconf 79' lang='lat' dir='ltr'><strong>nobilitatis</strong></span> <span class='ocrx_word' id='word_1_105' title='bbox 1506 1224 1641 1272; x_wconf 89' lang='lat' dir='ltr'><strong>erat.</strong></span> 
     </span>
    </p>
   </div>
   <div class='ocr_carea' id='block_1_20' title="bbox 530 1305 1949 1383">
    <p class='ocr_par' dir='ltr' id='par_1_20' title="bbox 530 1305 1949 1383">
     <span class='ocr_line' id='line_1_20' title="bbox 530 1305 1949 1383; baseline -0.006 -14"><span class='ocrx_word' id='word_1_106' title='bbox 530 1313 642 1369; x_wconf 88' lang='lat' dir='ltr'><strong>Ore</strong></span> <span class='ocrx_word' id='word_1_107' title='bbox 669 1311 891 1379; x_wconf 87' lang='lat' dir='ltr'><strong>decens,</strong></span> <span class='ocrx_word' id='word_1_108' title='bbox 925 1312 1102 1368; x_wconf 90' lang='lat' dir='ltr'><strong>bonus</strong></span> <span class='ocrx_word' id='word_1_109' title='bbox 1132 1311 1374 1383; x_wconf 86' lang='lat' dir='ltr'><strong>ingenio,</strong></span> <span class='ocrx_word' id='word_1_110' title='bbox 1403 1308 1693 1374; x_wconf 80' lang='lat' dir='ltr'><strong>facundus,</strong></span> <span class='ocrx_word' id='word_1_111' title='bbox 1724 1314 1780 1362; x_wconf 86' lang='lat' dir='ltr'><strong>et</strong></span> <span class='ocrx_word' id='word_1_112' title='bbox 1801 1305 1949 1362; x_wconf 88' lang='lat' dir='ltr'><strong>omni</strong></span> 
     </span>
    </p>
   </div>
   <div class='ocr_carea' id='block_1_21' title="bbox 604 1398 1785 1475">
    <p class='ocr_par' dir='ltr' id='par_1_21' title="bbox 604 1398 1785 1475">
     <span class='ocr_line' id='line_1_21' title="bbox 604 1398 1785 1475; baseline -0.003 -16"><span class='ocrx_word' id='word_1_113' title='bbox 604 1404 942 1461; x_wconf 86' lang='lat' dir='ltr'><strong>Dexteritate</strong></span> <span class='ocrx_word' id='word_1_114' title='bbox 967 1403 1176 1475; x_wconf 86' lang='lat' dir='ltr'><strong>vigens,</strong></span> <span class='ocrx_word' id='word_1_115' title='bbox 1210 1403 1624 1474; x_wconf 75' lang='lat' dir='ltr'><strong>praecipuusque</strong></span> <span class='ocrx_word' id='word_1_116' title='bbox 1656 1398 1785 1456; x_wconf 90' lang='lat' dir='ltr'><strong>ﬁde.</strong></span> 
     </span>
    </p>
   </div>
   <div class='ocr_carea' id='block_1_22' title="bbox 531 1497 1686 1569">
    <p class='ocr_par' dir='ltr' id='par_1_22' title="bbox 531 1497 1686 1569">
     <span class='ocr_line' id='line_1_22' title="bbox 531 1497 1686 1569; baseline -0.003 -15"><span class='ocrx_word' id='word_1_117' title='bbox 531 1497 648 1554; x_wconf 90' lang='lat' dir='ltr'><strong>Iloc</strong></span> <span class='ocrx_word' id='word_1_118' title='bbox 670 1500 1010 1569; x_wconf 67' lang='lat' dir='ltr'><strong>praefecturae</strong></span> <span class='ocrx_word' id='word_1_119' title='bbox 1041 1498 1222 1564; x_wconf 89' lang='lat' dir='ltr'><strong>sedes,</strong></span> <span class='ocrx_word' id='word_1_120' title='bbox 1253 1498 1355 1552; x_wconf 89' lang='lat' dir='ltr'><strong>hoc</strong></span> <span class='ocrx_word' id='word_1_121' title='bbox 1383 1497 1560 1568; x_wconf 89' lang='lat' dir='ltr'><strong>Illyris</strong></span> <span class='ocrx_word' id='word_1_122' title='bbox 1591 1510 1686 1551; x_wconf 90' lang='lat' dir='ltr'><strong>ora</strong></span> 
     </span>
    </p>
   </div>
   <div class='ocr_carea' id='block_1_23' title="bbox 602 1587 1946 1662">
    <p class='ocr_par' dir='ltr' id='par_1_23' title="bbox 602 1587 1946 1662">
     <span class='ocr_line' id='line_1_23' title="bbox 602 1587 1946 1662; baseline -0.003 -16"><span class='ocrx_word' id='word_1_123' title='bbox 602 1591 846 1647; x_wconf 67' lang='lat' dir='ltr'><strong>Pratside</strong></span> <span class='ocrx_word' id='word_1_124' title='bbox 875 1600 926 1646; x_wconf 90' lang='lat' dir='ltr'><strong>te</strong></span> <span class='ocrx_word' id='word_1_125' title='bbox 953 1599 1175 1662; x_wconf 84' lang='lat' dir='ltr'><strong>experta</strong></span> <span class='ocrx_word' id='word_1_126' title='bbox 1206 1599 1311 1656; x_wconf 86' lang='lat' dir='ltr'><strong>est,</strong></span> <span class='ocrx_word' id='word_1_127' title='bbox 1344 1591 1510 1645; x_wconf 91' lang='lat' dir='ltr'><strong>ﬁscus</strong></span> <span class='ocrx_word' id='word_1_128' title='bbox 1531 1596 1588 1644; x_wconf 85' lang='lat' dir='ltr'><strong>et</strong></span> <span class='ocrx_word' id='word_1_129' title='bbox 1611 1589 1728 1660; x_wconf 90' lang='lat' dir='ltr'><strong>ipse</strong></span> <span class='ocrx_word' id='word_1_130' title='bbox 1752 1587 1946 1643; x_wconf 90' lang='lat' dir='ltr'><strong>cliens.</strong></span> 
     </span>
    </p>
   </div>
   <div class='ocr_carea' id='block_1_24' title="bbox 529 1681 1950 1752">
    <p class='ocr_par' dir='ltr' id='par_1_24' title="bbox 529 1681 1950 1752">
     <span class='ocr_line' id='line_1_24' title="bbox 529 1681 1950 1752; baseline -0.003 -12"><span class='ocrx_word' id='word_1_131' title='bbox 529 1682 614 1740; x_wconf 86' lang='lat' dir='ltr'><strong>Nil</strong></span> <span class='ocrx_word' id='word_1_132' title='bbox 643 1683 748 1740; x_wconf 78' lang='lat' dir='ltr'><strong>aevi</strong></span> <span class='ocrx_word' id='word_1_133' title='bbox 780 1682 1045 1739; x_wconf 84' lang='lat' dir='ltr'><strong>brevitate</strong></span> <span class='ocrx_word' id='word_1_134' title='bbox 1069 1691 1250 1739; x_wconf 85' lang='lat' dir='ltr'><strong>tamen</strong></span> <span class='ocrx_word' id='word_1_135' title='bbox 1284 1681 1378 1738; x_wconf 90' lang='lat' dir='ltr'><strong>tibi</strong></span> <span class='ocrx_word' id='word_1_136' title='bbox 1410 1681 1586 1737; x_wconf 85' lang='lat' dir='ltr'><strong>laudis</strong></span> <span class='ocrx_word' id='word_1_137' title='bbox 1613 1681 1950 1752; x_wconf 87' lang='lat' dir='ltr'><strong>ademptum.</strong></span> 
     </span>
    </p>
   </div>
   <div class='ocr_carea' id='block_1_25' title="bbox 601 1773 1734 1846">
    <p class='ocr_par' dir='ltr' id='par_1_25' title="bbox 601 1773 1734 1846">
     <span class='ocr_line' id='line_1_25' title="bbox 601 1773 1734 1846; baseline -0.006 -11"><span class='ocrx_word' id='word_1_138' title='bbox 601 1777 789 1835; x_wconf 89' lang='lat' dir='ltr'><strong>Indole</strong></span> <span class='ocrx_word' id='word_1_139' title='bbox 816 1786 1082 1846; x_wconf 86' lang='lat' dir='ltr'><strong>maturus,</strong></span> <span class='ocrx_word' id='word_1_140' title='bbox 1113 1776 1303 1832; x_wconf 84' lang='lat' dir='ltr'><strong>funere</strong></span> <span class='ocrx_word' id='word_1_141' title='bbox 1333 1774 1564 1831; x_wconf 89' lang='lat' dir='ltr'><strong>acerbus</strong></span> <span class='ocrx_word' id='word_1_142' title='bbox 1595 1773 1734 1829; x_wconf 89' lang='lat' dir='ltr'><strong>obis.</strong></span> 
     </span>
    </p>
   </div>
   <div class='ocr_carea' id='block_1_26' title="bbox 2236 1459 3809 1532">
    <p class='ocr_par' dir='ltr' id='par_1_26' title="bbox 2236 1459 3809 1532">
     <span class='ocr_line' id='line_1_26' title="bbox 2236 1459 3809 1532; baseline -0.002 -14"><span class='ocrx_word' id='word_1_143' title='bbox 2236 1461 2423 1520; x_wconf 84' lang='lat' dir='ltr'><strong>XVIII.</strong></span> <span class='ocrx_word' id='word_1_144' title='bbox 2468 1461 2518 1517; x_wconf 61' lang='grc' dir='ltr'><em>ιτ</em></span> <span class='ocrx_word' id='word_1_145' title='bbox 2520 1462 2561 1519; x_wconf 85' lang='grc' dir='ltr'><strong>ι.</strong></span> <span class='ocrx_word' id='word_1_146' title='bbox 2596 1461 2822 1519; x_wconf 84' lang='lat' dir='ltr'><strong>Sanctus</strong></span> <span class='ocrx_word' id='word_1_147' title='bbox 2842 1503 2857 1528; x_wconf 95' lang='lat'><strong>,</strong></span> <span class='ocrx_word' id='word_1_148' title='bbox 2899 1461 3128 1517; x_wconf 78' lang='lat' dir='ltr'><strong>Maritus</strong></span> <span class='ocrx_word' id='word_1_149' title='bbox 3158 1459 3480 1516; x_wconf 67' lang='lat' dir='ltr'><strong>Pudentillae</strong></span> <span class='ocrx_word' id='word_1_150' title='bbox 3501 1505 3515 1531; x_wconf 86' lang='lat'><strong>,</strong></span> <span class='ocrx_word' id='word_1_151' title='bbox 3544 1477 3656 1532; x_wconf 77' lang='lat' dir='ltr'><strong>qua:</strong></span> <span class='ocrx_word' id='word_1_152' title='bbox 3681 1476 3809 1516; x_wconf 87' lang='lat' dir='ltr'><strong>soror</strong></span> 
     </span>
    </p>
   </div>
   <div class='ocr_carea' id='block_1_27' title="bbox 2837 1534 3229 1591">
    <p class='ocr_par' dir='ltr' id='par_1_27' title="bbox 2837 1534 3229 1591">
     <span class='ocr_line' id='line_1_27' title="bbox 2837 1534 3229 1591; baseline -0.008 -1"><span class='ocrx_word' id='word_1_153' title='bbox 2837 1534 3052 1591; x_wconf 81' lang='lat' dir='ltr'><strong>Sabina:</strong></span> <span class='ocrx_word' id='word_1_154' title='bbox 3083 1550 3229 1588; x_wconf 70' lang='lat' dir='ltr'><strong>mere.</strong></span> 
     </span>
    </p>
   </div>
   <div class='ocr_carea' id='block_1_28' title="bbox 2233 1647 3651 1722">
    <p class='ocr_par' dir='ltr' id='par_1_28' title="bbox 2233 1647 3651 1722">
     <span class='ocr_line' id='line_1_28' title="bbox 2233 1647 3651 1722; baseline -0.003 -16"><span class='ocrx_word' id='word_1_155' title='bbox 2233 1652 2334 1720; x_wconf 84' lang='lat' dir='ltr'><strong>Qui</strong></span> <span class='ocrx_word' id='word_1_156' title='bbox 2357 1652 2477 1722; x_wconf 87' lang='lat' dir='ltr'><strong>juca</strong></span> <span class='ocrx_word' id='word_1_157' title='bbox 2508 1651 2862 1721; x_wconf 84' lang='lat' dir='ltr'><strong>laetitiamque</strong></span> <span class='ocrx_word' id='word_1_158' title='bbox 2882 1650 3042 1719; x_wconf 87' lang='lat' dir='ltr'><strong>colis,</strong></span> <span class='ocrx_word' id='word_1_159' title='bbox 3069 1648 3160 1720; x_wconf 88' lang='lat' dir='ltr'><strong>qui</strong></span> <span class='ocrx_word' id='word_1_160' title='bbox 3188 1647 3363 1705; x_wconf 85' lang='lat' dir='ltr'><strong>tristia</strong></span> <span class='ocrx_word' id='word_1_161' title='bbox 3392 1647 3651 1711; x_wconf 83' lang='lat' dir='ltr'><strong>damnas,</strong></span> 
     </span>
    </p>
   </div>
   <div class='ocr_carea' id='block_1_29' title="bbox 2305 1740 3692 1814">
    <p class='ocr_par' dir='ltr' id='par_1_29' title="bbox 2305 1740 3692 1814">
     <span class='ocr_line' id='line_1_29' title="bbox 2305 1740 3692 1814; baseline -0.005 -15"><span class='ocrx_word' id='word_1_162' title='bbox 2305 1743 2414 1800; x_wconf 88' lang='lat' dir='ltr'><strong>Nec</strong></span> <span class='ocrx_word' id='word_1_163' title='bbox 2442 1743 2642 1800; x_wconf 88' lang='lat' dir='ltr'><strong>metuis</strong></span> <span class='ocrx_word' id='word_1_164' title='bbox 2669 1757 3021 1814; x_wconf 88' lang='lat' dir='ltr'><strong>quemquam,</strong></span> <span class='ocrx_word' id='word_1_165' title='bbox 3053 1757 3154 1798; x_wconf 88' lang='lat' dir='ltr'><strong>nec</strong></span> <span class='ocrx_word' id='word_1_166' title='bbox 3183 1740 3512 1797; x_wconf 88' lang='lat' dir='ltr'><strong>metuendus</strong></span> <span class='ocrx_word' id='word_1_167' title='bbox 3541 1740 3655 1812; x_wconf 88' lang='lat' dir='ltr'><strong>agis</strong></span> <span class='ocrx_word' id='word_1_168' title='bbox 3681 1757 3692 1792; x_wconf 85' lang='lat'><strong>:</strong></span> 
     </span>
    </p>
   </div>
   <div class='ocr_carea' id='block_1_30' title="bbox 2159 1815 3578 1907">
    <p class='ocr_par' dir='ltr' id='par_1_30' title="bbox 2159 1815 3578 1907">
     <span class='ocr_line' id='line_1_30' title="bbox 2159 1815 3578 1907; baseline -0.003 -13"><span class='ocrx_word' id='word_1_169' title='bbox 2159 1815 2209 1876; x_wconf 79' lang='grc' dir='ltr'><strong>Β</strong></span> <span class='ocrx_word' id='word_1_170' title='bbox 2233 1838 2334 1907; x_wconf 80' lang='lat' dir='ltr'><strong>Qui</strong></span> <span class='ocrx_word' id='word_1_171' title='bbox 2365 1839 2572 1893; x_wconf 91' lang='lat' dir='ltr'><strong>nullum</strong></span> <span class='ocrx_word' id='word_1_172' title='bbox 2602 1836 2816 1893; x_wconf 89' lang='lat' dir='ltr'><strong>insidiis</strong></span> <span class='ocrx_word' id='word_1_173' title='bbox 2846 1846 3055 1907; x_wconf 91' lang='lat' dir='ltr'><strong>captas,</strong></span> <span class='ocrx_word' id='word_1_174' title='bbox 3086 1851 3187 1892; x_wconf 90' lang='lat' dir='ltr'><strong>nec</strong></span> <span class='ocrx_word' id='word_1_175' title='bbox 3215 1836 3307 1892; x_wconf 89' lang='lat' dir='ltr'><strong>lite</strong></span> <span class='ocrx_word' id='word_1_176' title='bbox 3331 1837 3578 1902; x_wconf 89' lang='lat' dir='ltr'><strong>lacessis,</strong></span> 
     </span>
    </p>
   </div>
   <div class='ocr_carea' id='block_1_31' title="bbox 807 1887 3714 2000">
    <p class='ocr_par' dir='ltr' id='par_1_31' title="bbox 807 1887 3714 2000">
     <span class='ocr_line' id='line_1_31' title="bbox 807 1887 3714 2000; baseline -0.004 -8"><span class='ocrx_word' id='word_1_177' title='bbox 807 1888 923 1946; x_wconf 69' lang='lat' dir='ltr'><strong>xv&#39;</strong></span> <span class='ocrx_word' id='word_1_178' title='bbox 967 1888 1294 1960; x_wconf 39' lang='lat' dir='ltr'><strong>Pomponius</strong></span> <span class='ocrx_word' id='word_1_179' title='bbox 1327 1887 1627 1955; x_wconf 53' lang='lat' dir='ltr'><strong>Nummus’</strong></span> <span class='ocrx_word' id='word_1_180' title='bbox 1663 1887 1865 1958; x_wconf 54' lang='lat' dir='ltr'><strong>&quot;mms&#39;</strong></span> <span class='ocrx_word' id='word_1_181' title='bbox 2239 1887 2274 1907; x_wconf 49' lang='grc' dir='ltr'><strong>κ</strong></span> <span class='ocrx_word' id='word_1_182' title='bbox 2301 1930 2407 1988; x_wconf 87' lang='lat' dir='ltr'><strong>Sed</strong></span> <span class='ocrx_word' id='word_1_183' title='bbox 2431 1929 2632 2000; x_wconf 86' lang='lat' dir='ltr'><strong>justam</strong></span> <span class='ocrx_word' id='word_1_184' title='bbox 2660 1920 2714 1986; x_wconf 88' lang='lat' dir='ltr'><strong>et</strong></span> <span class='ocrx_word' id='word_1_185' title='bbox 2742 1887 2983 1985; x_wconf 59' lang='lat' dir='ltr'><strong>clemeits</strong></span> <span class='ocrx_word' id='word_1_186' title='bbox 3009 1887 3177 1984; x_wconf 70' lang='lat' dir='ltr'><strong>vitam</strong></span> <span class='ocrx_word' id='word_1_187' title='bbox 3205 1929 3345 2000; x_wconf 84' lang='lat' dir='ltr'><strong>agis,</strong></span> <span class='ocrx_word' id='word_1_188' title='bbox 3373 1938 3432 1984; x_wconf 91' lang='lat' dir='ltr'><strong>et</strong></span> <span class='ocrx_word' id='word_1_189' title='bbox 3459 1927 3676 1998; x_wconf 89' lang='lat' dir='ltr'><strong>sapiens</strong></span> <span class='ocrx_word' id='word_1_190' title='bbox 3702 1946 3714 1980; x_wconf 88' lang='lat'>:</span> 
     </span>
    </p>
   </div>
   <div class='ocr_carea' id='block_1_32' title="bbox 530 2001 2078 2094">
    <p class='ocr_par' dir='ltr' id='par_1_32' title="bbox 530 2001 2033 2077">
     <span class='ocr_line' id='line_1_32' title="bbox 530 2001 2033 2077; baseline -0.005 -13"><span class='ocrx_word' id='word_1_191' title='bbox 530 2008 602 2064; x_wconf 86' lang='lat' dir='ltr'><strong>Et</strong></span> <span class='ocrx_word' id='word_1_192' title='bbox 627 2016 681 2065; x_wconf 85' lang='lat' dir='ltr'><strong>te</strong></span> <span class='ocrx_word' id='word_1_193' title='bbox 706 2020 1054 2077; x_wconf 87' lang='lat' dir='ltr'><strong>germanum,</strong></span> <span class='ocrx_word' id='word_1_194' title='bbox 1083 2019 1191 2059; x_wconf 90' lang='lat' dir='ltr'><strong>non</strong></span> <span class='ocrx_word' id='word_1_195' title='bbox 1225 2004 1516 2075; x_wconf 87' lang='lat' dir='ltr'><strong>sanguine,</strong></span> <span class='ocrx_word' id='word_1_196' title='bbox 1549 2003 1645 2060; x_wconf 90' lang='lat' dir='ltr'><strong>sed</strong></span> <span class='ocrx_word' id='word_1_197' title='bbox 1674 2003 1795 2058; x_wconf 83' lang='lat' dir='ltr'><strong>vice</strong></span> <span class='ocrx_word' id='word_1_198' title='bbox 1826 2001 2033 2068; x_wconf 79' lang='lat' dir='ltr'><strong>fratris,</strong></span> 
     </span>
    </p>
   </div>
   <div class='ocr_carea' id='block_1_33' title="bbox 2236 2001 3615 2094">
    <p class='ocr_par' dir='ltr' id='par_1_33' title="bbox 2236 2021 3615 2094">
     <span class='ocr_line' id='line_1_33' title="bbox 2236 2021 3615 2094; baseline -0.002 -15"><span class='ocrx_word' id='word_1_199' title='bbox 2236 2023 2588 2094; x_wconf 90' lang='lat' dir='ltr'><strong>Tranquillos</strong></span> <span class='ocrx_word' id='word_1_200' title='bbox 2614 2023 2822 2093; x_wconf 88' lang='lat' dir='ltr'><strong>Manes,</strong></span> <span class='ocrx_word' id='word_1_201' title='bbox 2855 2037 3218 2094; x_wconf 90' lang='lat' dir='ltr'><strong>supremaque</strong></span> <span class='ocrx_word' id='word_1_202' title='bbox 3245 2023 3396 2077; x_wconf 90' lang='lat' dir='ltr'><strong>mitia</strong></span> <span class='ocrx_word' id='word_1_203' title='bbox 3429 2021 3615 2078; x_wconf 88' lang='lat' dir='ltr'><strong>Sancti</strong></span> 
     </span>
    </p>
   </div>
   <div class='ocr_carea' id='block_1_34' title="bbox 600 2096 3434 2188">
    <p class='ocr_par' dir='ltr' id='par_1_34' title="bbox 600 2096 3434 2188">
     <span class='ocr_line' id='line_1_34' title="bbox 600 2096 3434 2188; baseline -0.008 -32"><span class='ocrx_word' id='word_1_204' title='bbox 600 2099 856 2166; x_wconf 79' lang='lat' dir='ltr'><strong>Maxime,</strong></span> <span class='ocrx_word' id='word_1_205' title='bbox 888 2097 1203 2154; x_wconf 88' lang='lat' dir='ltr'><strong>devinctum</strong></span> <span class='ocrx_word' id='word_1_206' title='bbox 1236 2096 1410 2152; x_wconf 81' lang='lat' dir='ltr'><strong>menia</strong></span> <span class='ocrx_word' id='word_1_207' title='bbox 1441 2105 1627 2152; x_wconf 88' lang='lat' dir='ltr'><strong>nostra</strong></span> <span class='ocrx_word' id='word_1_208' title='bbox 1659 2103 1840 2152; x_wconf 88' lang='lat' dir='ltr'><strong>canet.</strong></span> <span class='ocrx_word' id='word_1_209' title='bbox 2301 2117 2410 2173; x_wconf 63' lang='lat' dir='ltr'><strong>ore</strong></span> <span class='ocrx_word' id='word_1_210' title='bbox 2438 2118 2548 2188; x_wconf 51' lang='lat' dir='ltr'><strong>pio,</strong></span> <span class='ocrx_word' id='word_1_211' title='bbox 2577 2126 2633 2174; x_wconf 52' lang='lat' dir='ltr'><strong>et</strong></span> <span class='ocrx_word' id='word_1_212' title='bbox 2661 2117 2846 2174; x_wconf 61' lang='lat' dir='ltr'><strong>verbis</strong></span> <span class='ocrx_word' id='word_1_213' title='bbox 2871 2117 3211 2175; x_wconf 60' lang='lat' dir='ltr'><strong>adveneram</strong></span> <span class='ocrx_word' id='word_1_214' title='bbox 3234 2116 3434 2173; x_wconf 54' lang='lat' dir='ltr'><strong>bonis:</strong></span> 
     </span>
    </p>
   </div>
   <div class='ocr_carea' id='block_1_35' title="bbox 529 2189 2078 2285">
    <p class='ocr_par' dir='ltr' id='par_1_35' title="bbox 529 2189 1794 2262">
     <span class='ocr_line' id='line_1_35' title="bbox 529 2189 1794 2262; baseline -0.002 -15"><span class='ocrx_word' id='word_1_215' title='bbox 529 2193 743 2262; x_wconf 86' lang='lat' dir='ltr'><strong>Conjux</strong></span> <span class='ocrx_word' id='word_1_216' title='bbox 771 2205 1004 2262; x_wconf 88' lang='lat' dir='ltr'><strong>namque</strong></span> <span class='ocrx_word' id='word_1_217' title='bbox 1026 2206 1162 2246; x_wconf 72' lang='lat' dir='ltr'><strong>mea:</strong></span> <span class='ocrx_word' id='word_1_218' title='bbox 1191 2199 1244 2245; x_wconf 89' lang='lat' dir='ltr'><strong>lu</strong></span> <span class='ocrx_word' id='word_1_219' title='bbox 1270 2190 1591 2246; x_wconf 82' lang='lat' dir='ltr'><strong>consociato</strong></span> <span class='ocrx_word' id='word_1_220' title='bbox 1618 2189 1794 2244; x_wconf 86' lang='lat' dir='ltr'><strong>sorori</strong></span> 
     </span>
    </p>
   </div>
   <div class='ocr_carea' id='block_1_36' title="bbox 2236 2189 3448 2285">
    <p class='ocr_par' dir='ltr' id='par_1_36' title="bbox 2236 2211 3448 2285">
     <span class='ocr_line' id='line_1_36' title="bbox 2236 2211 3448 2285; baseline -0.004 -16"><span class='ocrx_word' id='word_1_221' title='bbox 2236 2211 2480 2269; x_wconf 81' lang='lat' dir='ltr'><strong>Militiam</strong></span> <span class='ocrx_word' id='word_1_222' title='bbox 2505 2213 2658 2269; x_wconf 92' lang='lat' dir='ltr'><strong>nullo</strong></span> <span class='ocrx_word' id='word_1_223' title='bbox 2686 2213 2778 2285; x_wconf 90' lang='lat' dir='ltr'><strong>qui</strong></span> <span class='ocrx_word' id='word_1_224' title='bbox 2807 2212 3025 2269; x_wconf 90' lang='lat' dir='ltr'><strong>turbine</strong></span> <span class='ocrx_word' id='word_1_225' title='bbox 3051 2211 3271 2269; x_wconf 87' lang='lat' dir='ltr'><strong>sedulus</strong></span> <span class='ocrx_word' id='word_1_226' title='bbox 3296 2211 3448 2283; x_wconf 88' lang='lat' dir='ltr'><strong>egit:</strong></span> 
     </span>
    </p>
   </div>
   <div class='ocr_carea' id='block_1_37' title="bbox 602 2280 1570 2354">
    <p class='ocr_par' dir='ltr' id='par_1_37' title="bbox 602 2280 1570 2354">
     <span class='ocr_line' id='line_1_37' title="bbox 602 2280 1570 2354; baseline -0.006 -13"><span class='ocrx_word' id='word_1_227' title='bbox 602 2283 730 2341; x_wconf 60' lang='grc' dir='ltr'><strong>ΙΕνί</strong></span> <span class='ocrx_word' id='word_1_228' title='bbox 760 2282 912 2354; x_wconf 80' lang='lat' dir='ltr'><strong>fruge</strong></span> <span class='ocrx_word' id='word_1_229' title='bbox 943 2283 1023 2338; x_wconf 91' lang='lat' dir='ltr'><strong>tui</strong></span> <span class='ocrx_word' id='word_1_230' title='bbox 1043 2281 1298 2338; x_wconf 83' lang='lat' dir='ltr'><strong>destituis</strong></span> <span class='ocrx_word' id='word_1_231' title='bbox 1330 2280 1570 2338; x_wconf 87' lang='lat' dir='ltr'><strong>viduam.</strong></span> 
     </span>
    </p>
   </div>
   <div class='ocr_carea' id='block_1_38' title="bbox 2305 2306 3424 2378">
    <p class='ocr_par' dir='ltr' id='par_1_38' title="bbox 2305 2306 3424 2378">
     <span class='ocr_line' id='line_1_38' title="bbox 2305 2306 3424 2378; baseline -0.004 -15"><span class='ocrx_word' id='word_1_232' title='bbox 2305 2307 2544 2364; x_wconf 69' lang='lat' dir='ltr'><strong>Praeside</strong></span> <span class='ocrx_word' id='word_1_233' title='bbox 2568 2307 2782 2363; x_wconf 68' lang='lat' dir='ltr'><strong>lmtatus</strong></span> <span class='ocrx_word' id='word_1_234' title='bbox 2805 2322 2914 2378; x_wconf 91' lang='lat' dir='ltr'><strong>quo</strong></span> <span class='ocrx_word' id='word_1_235' title='bbox 2941 2306 3251 2378; x_wconf 76' lang='lat' dir='ltr'><strong>Rutupiuus</strong></span> <span class='ocrx_word' id='word_1_236' title='bbox 3273 2322 3424 2378; x_wconf 88' lang='lat' dir='ltr'><strong>ager.</strong></span> 
     </span>
    </p>
   </div>
   <div class='ocr_carea' id='block_1_39' title="bbox 535 2374 2095 2441">
    <p class='ocr_par' dir='ltr' id='par_1_39' title="bbox 535 2374 2095 2441">
     <span class='ocr_line' id='line_1_39' title="bbox 535 2374 2095 2441; baseline -0.003 -7"><span class='ocrx_word' id='word_1_237' title='bbox 535 2376 654 2434; x_wconf 82' lang='lat' dir='ltr'><strong>Non</strong></span> <span class='ocrx_word' id='word_1_238' title='bbox 680 2375 876 2434; x_wconf 90' lang='lat' dir='ltr'><strong>domus</strong></span> <span class='ocrx_word' id='word_1_239' title='bbox 903 2375 1008 2433; x_wconf 93' lang='lat' dir='ltr'><strong>hoc</strong></span> <span class='ocrx_word' id='word_1_240' title='bbox 1040 2385 1248 2431; x_wconf 87' lang='lat' dir='ltr'><strong>tantum</strong></span> <span class='ocrx_word' id='word_1_241' title='bbox 1279 2376 1453 2431; x_wconf 88' lang='lat' dir='ltr'><strong>sensit</strong></span> <span class='ocrx_word' id='word_1_242' title='bbox 1484 2385 1600 2441; x_wconf 89' lang='lat' dir='ltr'><strong>tua;</strong></span> <span class='ocrx_word' id='word_1_243' title='bbox 1634 2374 1812 2431; x_wconf 86' lang='lat' dir='ltr'><strong>sensit</strong></span> <span class='ocrx_word' id='word_1_244' title='bbox 1837 2374 2095 2431; x_wconf 86' lang='lat' dir='ltr'><strong>acerbum</strong></span> 
     </span>
    </p>
   </div>
   <div class='ocr_carea' id='block_1_40' title="bbox 2233 2400 3513 2474">
    <p class='ocr_par' dir='ltr' id='par_1_40' title="bbox 2233 2400 3513 2474">
     <span class='ocr_line' id='line_1_40' title="bbox 2233 2400 3513 2474; baseline -0.002 -15"><span class='ocrx_word' id='word_1_245' title='bbox 2233 2401 2519 2474; x_wconf 85' lang='lat' dir='ltr'><strong>Octoginta</strong></span> <span class='ocrx_word' id='word_1_246' title='bbox 2551 2415 2724 2458; x_wconf 87' lang='lat' dir='ltr'><strong>annos</strong></span> <span class='ocrx_word' id='word_1_247' title='bbox 2747 2401 2904 2472; x_wconf 89' lang='lat' dir='ltr'><strong>cujus</strong></span> <span class='ocrx_word' id='word_1_248' title='bbox 2931 2400 3223 2472; x_wconf 88' lang='lat' dir='ltr'><strong>tranquilla</strong></span> <span class='ocrx_word' id='word_1_249' title='bbox 3255 2406 3513 2457; x_wconf 86' lang='lat' dir='ltr'><strong>senectus</strong></span> 
     </span>
    </p>
   </div>
   <div class='ocr_carea' id='block_1_41' title="bbox 608 2470 3167 2554">
    <p class='ocr_par' dir='ltr' id='par_1_41' title="bbox 608 2470 3167 2554">
     <span class='ocr_line' id='line_1_41' title="bbox 608 2470 3167 2554; baseline -0.002 -25"><span class='ocrx_word' id='word_1_250' title='bbox 608 2471 833 2529; x_wconf 84' lang='lat' dir='ltr'><strong>Saucia!</strong></span> <span class='ocrx_word' id='word_1_251' title='bbox 870 2471 1032 2542; x_wconf 88' lang='lat' dir='ltr'><strong>proh,</strong></span> <span class='ocrx_word' id='word_1_252' title='bbox 1061 2487 1248 2527; x_wconf 85' lang='lat' dir='ltr'><strong>casum</strong></span> <span class='ocrx_word' id='word_1_253' title='bbox 1279 2472 1427 2527; x_wconf 91' lang='lat' dir='ltr'><strong>curia</strong></span> <span class='ocrx_word' id='word_1_254' title='bbox 1455 2470 1782 2542; x_wconf 68' lang='lat' dir='ltr'><strong>Burdigalae,</strong></span> <span class='ocrx_word' id='word_1_255' title='bbox 2307 2470 2467 2554; x_wconf 69' lang='lat' dir='ltr'><strong>Nu&#39;uo</strong></span> <span class='ocrx_word' id='word_1_256' title='bbox 2494 2495 2726 2552; x_wconf 48' lang='lat' dir='ltr'><strong>mutavi,</strong></span> <span class='ocrx_word' id='word_1_257' title='bbox 2753 2470 3028 2552; x_wconf 57' lang='lat' dir='ltr'><strong>de&#39;mriore</strong></span> <span class='ocrx_word' id='word_1_258' title='bbox 3057 2470 3167 2551; x_wconf 47' lang='lat' dir='ltr'><strong>die.</strong></span> 
     </span>
    </p>
   </div>
   <div class='ocr_carea' id='block_1_42' title="bbox 531 2567 3684 2665">
    <p class='ocr_par' dir='ltr' id='par_1_42' title="bbox 531 2567 3684 2665">
     <span class='ocr_line' id='line_1_42' title="bbox 531 2567 3684 2665; baseline -0.004 -12"><span class='ocrx_word' id='word_1_259' title='bbox 531 2568 629 2665; x_wconf 70' lang='lat' dir='ltr'><strong>T°_</strong></span> <span class='ocrx_word' id='word_1_260' title='bbox 643 2569 1121 2665; x_wconf 50' lang='grc' dir='ltr'><strong>ΡτίητίῖἷθῙίεξθηεν</strong></span> <span class='ocrx_word' id='word_1_261' title='bbox 1152 2576 1206 2624; x_wconf 64' lang='grc' dir='ltr'>ιθ</span> <span class='ocrx_word' id='word_1_262' title='bbox 1232 2567 1528 2665; x_wconf 46' lang='grc' dir='ltr'><strong>ἀθίίθξθηίθ</strong></span> <span class='ocrx_word' id='word_1_263' title='bbox 1559 2567 1815 2665; x_wconf 65' lang='grc' dir='ltr'><strong>τθίξώθηδ</strong></span> <span class='ocrx_word' id='word_1_264' title='bbox 1841 2585 1852 2620; x_wconf 74' lang='grc'><strong><em>³</em></strong></span> <span class='ocrx_word' id='word_1_265' title='bbox 2235 2593 2378 2665; x_wconf 89' lang='lat' dir='ltr'><strong>Ergo</strong></span> <span class='ocrx_word' id='word_1_266' title='bbox 2407 2607 2632 2664; x_wconf 89' lang='lat' dir='ltr'><strong>precare</strong></span> <span class='ocrx_word' id='word_1_267' title='bbox 2658 2589 2846 2647; x_wconf 85' lang='lat' dir='ltr'><strong>favens</strong></span> <span class='ocrx_word' id='word_1_268' title='bbox 2875 2606 2887 2643; x_wconf 90' lang='lat'>:</span> <span class='ocrx_word' id='word_1_269' title='bbox 2919 2596 3002 2658; x_wconf 90' lang='lat' dir='ltr'><strong>ut,</strong></span> <span class='ocrx_word' id='word_1_270' title='bbox 3029 2589 3213 2660; x_wconf 84' lang='lat' dir='ltr'><strong>qualia</strong></span> <span class='ocrx_word' id='word_1_271' title='bbox 3237 2594 3488 2660; x_wconf 88' lang='lat' dir='ltr'><strong>tempora</strong></span> <span class='ocrx_word' id='word_1_272' title='bbox 3522 2585 3647 2642; x_wconf 73' lang='lat' dir='ltr'><strong>vitae</strong></span> <span class='ocrx_word' id='word_1_273' title='bbox 3668 2626 3684 2654; x_wconf 94' lang='lat'><strong>,</strong></span> 
     </span>
    </p>
   </div>
   <div class='ocr_carea' id='block_1_43' title="bbox 607 2659 3438 2754">
    <p class='ocr_par' dir='ltr' id='par_1_43' title="bbox 607 2659 3438 2754">
     <span class='ocr_line' id='line_1_43' title="bbox 607 2659 3438 2754; baseline 0.007 -37"><span class='ocrx_word' id='word_1_274' title='bbox 607 2662 776 2735; x_wconf 85' lang='lat' dir='ltr'><strong>Inque</strong></span> <span class='ocrx_word' id='word_1_275' title='bbox 803 2661 1152 2719; x_wconf 84' lang='lat' dir='ltr'><strong>Valentinum</strong></span> <span class='ocrx_word' id='word_1_276' title='bbox 1181 2669 1235 2717; x_wconf 89' lang='lat' dir='ltr'><strong>te</strong></span> <span class='ocrx_word' id='word_1_277' title='bbox 1264 2661 1533 2754; x_wconf 77' lang='lat' dir='ltr'><strong>moriente</strong></span> <span class='ocrx_word' id='word_1_278' title='bbox 1557 2659 1782 2716; x_wconf 83' lang='lat' dir='ltr'><strong>cadens.</strong></span> <span class='ocrx_word' id='word_1_279' title='bbox 2307 2659 2458 2742; x_wconf 53' lang='lat' dir='ltr'><strong>iulia</strong></span> <span class='ocrx_word' id='word_1_280' title='bbox 2487 2693 2544 2742; x_wconf 69' lang='grc' dir='ltr'><strong>οι</strong></span> <span class='ocrx_word' id='word_1_281' title='bbox 2571 2684 2641 2742; x_wconf 68' lang='lat' dir='ltr'><strong>ad</strong></span> <span class='ocrx_word' id='word_1_282' title='bbox 2669 2699 2859 2742; x_wconf 73' lang='lat' dir='ltr'><strong>manes</strong></span> <span class='ocrx_word' id='word_1_283' title='bbox 2887 2683 3000 2740; x_wconf 75' lang='lat' dir='ltr'><strong>otia</strong></span> <span class='ocrx_word' id='word_1_284' title='bbox 3025 2683 3258 2741; x_wconf 83' lang='lat' dir='ltr'><strong>Sanctus</strong></span> <span class='ocrx_word' id='word_1_285' title='bbox 3289 2659 3438 2754; x_wconf 82' lang='lat' dir='ltr'><strong>agat.</strong></span> 
     </span>
    </p>
   </div>
   <div class='ocr_carea' id='block_1_44' title="bbox 527 2753 1900 2827">
    <p class='ocr_par' dir='ltr' id='par_1_44' title="bbox 527 2753 1900 2827">
     <span class='ocr_line' id='line_1_44' title="bbox 527 2753 1900 2827; baseline -0.002 -15"><span class='ocrx_word' id='word_1_286' title='bbox 527 2753 681 2812; x_wconf 80' lang='lat' dir='ltr'><strong>Heu!</strong></span> <span class='ocrx_word' id='word_1_287' title='bbox 713 2771 880 2827; x_wconf 89' lang='lat' dir='ltr'><strong>quare</strong></span> <span class='ocrx_word' id='word_1_288' title='bbox 907 2765 1060 2822; x_wconf 91' lang='lat' dir='ltr'><strong>nato,</strong></span> <span class='ocrx_word' id='word_1_289' title='bbox 1091 2771 1189 2812; x_wconf 92' lang='lat' dir='ltr'><strong>cur</strong></span> <span class='ocrx_word' id='word_1_290' title='bbox 1215 2754 1366 2826; x_wconf 88' lang='lat' dir='ltr'><strong>fruge</strong></span> <span class='ocrx_word' id='word_1_291' title='bbox 1393 2763 1448 2810; x_wconf 89' lang='lat' dir='ltr'><strong>et</strong></span> <span class='ocrx_word' id='word_1_292' title='bbox 1473 2753 1609 2810; x_wconf 87' lang='lat' dir='ltr'><strong>ﬁore</strong></span> <span class='ocrx_word' id='word_1_293' title='bbox 1639 2763 1900 2824; x_wconf 89' lang='lat' dir='ltr'><strong>nepotum</strong></span> 
     </span>
    </p>
   </div>
   <div class='ocr_carea' id='block_1_45' title="bbox 601 2817 2078 2921">
    <p class='ocr_par' dir='ltr' id='par_1_45' title="bbox 601 2817 1736 2921">
     <span class='ocr_line' id='line_1_45' title="bbox 601 2817 1736 2921; baseline -0.003 -16"><span class='ocrx_word' id='word_1_294' title='bbox 601 2817 837 2921; x_wconf 81' lang='lat' dir='ltr'><strong>Ereptus</strong></span> <span class='ocrx_word' id='word_1_295' title='bbox 863 2817 1329 2917; x_wconf 35' lang='lat' dir='ltr'><strong>nobis,&#39;Maxime:</strong></span> <span class='ocrx_word' id='word_1_296' title='bbox 1359 2864 1467 2903; x_wconf 92' lang='lat' dir='ltr'><strong>non</strong></span> <span class='ocrx_word' id='word_1_297' title='bbox 1499 2817 1736 2904; x_wconf 41' lang='lat' dir='ltr'><strong>fruerisi.l</strong></span> 
     </span>
    </p>
   </div>
   <div class='ocr_carea' id='block_1_46' title="bbox 2236 2817 3522 2921">
    <p class='ocr_par' dir='ltr' id='par_1_46' title="bbox 2542 2817 3522 2890">
     <span class='ocr_line' id='line_1_46' title="bbox 2542 2817 3522 2890; baseline -0.005 -13"><span class='ocrx_word' id='word_1_298' title='bbox 2542 2820 2688 2877; x_wconf 85' lang='lat' dir='ltr'><strong>XIX.</strong></span> <span class='ocrx_word' id='word_1_299' title='bbox 2731 2819 2928 2876; x_wconf 84' lang='lat' dir='ltr'><strong>Nann&#39;a</strong></span> <span class='ocrx_word' id='word_1_300' title='bbox 2960 2817 3287 2887; x_wconf 82' lang='lat' dir='ltr'><strong>Pudentilla,</strong></span> <span class='ocrx_word' id='word_1_301' title='bbox 3318 2819 3522 2890; x_wconf 77' lang='lat' dir='ltr'><strong>afﬁnis.</strong></span> 
     </span>
    </p>
   </div>
   <div class='ocr_carea' id='block_1_47' title="bbox 535 2931 3577 3011">
    <p class='ocr_par' dir='ltr' id='par_1_47' title="bbox 535 2931 3577 3011">
     <span class='ocr_line' id='line_1_47' title="bbox 535 2931 3577 3011; baseline -0.005 -11"><span class='ocrx_word' id='word_1_302' title='bbox 535 2941 643 3000; x_wconf 88' lang='lat' dir='ltr'><strong>Sed</strong></span> <span class='ocrx_word' id='word_1_303' title='bbox 673 2943 868 2999; x_wconf 86' lang='lat' dir='ltr'><strong>frueris</strong></span> <span class='ocrx_word' id='word_1_304' title='bbox 895 2961 906 2995; x_wconf 90' lang='lat'><strong>:</strong></span> <span class='ocrx_word' id='word_1_305' title='bbox 943 2941 1125 2998; x_wconf 87' lang='lat' dir='ltr'><strong>divina</strong></span> <span class='ocrx_word' id='word_1_306' title='bbox 1159 2940 1367 2996; x_wconf 87' lang='lat' dir='ltr'><strong>habitat</strong></span> <span class='ocrx_word' id='word_1_307' title='bbox 1398 2941 1443 2996; x_wconf 91' lang='lat' dir='ltr'><strong>si</strong></span> <span class='ocrx_word' id='word_1_308' title='bbox 1476 2941 1656 3011; x_wconf 86' lang='lat' dir='ltr'><strong>portio</strong></span> <span class='ocrx_word' id='word_1_309' title='bbox 1683 2940 1901 2996; x_wconf 86' lang='lat' dir='ltr'><strong>Manes:</strong></span> <span class='ocrx_word' id='word_1_310' title='bbox 2239 2936 2428 3007; x_wconf 85' lang='lat' dir='ltr'><strong>Tuque</strong></span> <span class='ocrx_word' id='word_1_311' title='bbox 2451 2933 2824 2991; x_wconf 87' lang='lat' dir='ltr'><strong>Pudentillam</strong></span> <span class='ocrx_word' id='word_1_312' title='bbox 2855 2933 3043 2989; x_wconf 87' lang='lat' dir='ltr'><strong>verbis</strong></span> <span class='ocrx_word' id='word_1_313' title='bbox 3071 2931 3238 2988; x_wconf 73' lang='lat' dir='ltr'><strong>aﬁare</strong></span> <span class='ocrx_word' id='word_1_314' title='bbox 3267 2931 3538 3004; x_wconf 85' lang='lat' dir='ltr'><strong>supremis</strong></span> <span class='ocrx_word' id='word_1_315' title='bbox 3562 2972 3577 2997; x_wconf 97' lang='lat'><strong>,</strong></span> 
     </span>
    </p>
   </div>
   <div class='ocr_carea' id='block_1_48' title="bbox 605 3024 3552 3106">
    <p class='ocr_par' dir='ltr' id='par_1_48' title="bbox 605 3024 3552 3106">
     <span class='ocr_line' id='line_1_48' title="bbox 605 3024 3552 3106; baseline -0.005 -14"><span class='ocrx_word' id='word_1_316' title='bbox 605 3036 845 3106; x_wconf 59' lang='lat' dir='ltr'><strong>Quaeque</strong></span> <span class='ocrx_word' id='word_1_317' title='bbox 871 3035 1060 3090; x_wconf 89' lang='lat' dir='ltr'><strong>futura</strong></span> <span class='ocrx_word' id='word_1_318' title='bbox 1089 3034 1220 3089; x_wconf 92' lang='lat' dir='ltr'><strong>olim</strong></span> <span class='ocrx_word' id='word_1_319' title='bbox 1251 3033 1469 3104; x_wconf 86' lang='lat' dir='ltr'><strong>gaudia,</strong></span> <span class='ocrx_word' id='word_1_320' title='bbox 1497 3048 1663 3090; x_wconf 89' lang='lat' dir='ltr'><strong>nosse</strong></span> <span class='ocrx_word' id='word_1_321' title='bbox 1689 3033 1870 3089; x_wconf 87' lang='lat' dir='ltr'><strong>datur.</strong></span> <span class='ocrx_word' id='word_1_322' title='bbox 2311 3029 2442 3098; x_wconf 64' lang='lat' dir='ltr'><strong>Quae</strong></span> <span class='ocrx_word' id='word_1_323' title='bbox 2469 3030 2626 3084; x_wconf 74' lang='lat' dir='ltr'><strong>fama:</strong></span> <span class='ocrx_word' id='word_1_324' title='bbox 2650 3043 2860 3094; x_wconf 91' lang='lat' dir='ltr'><strong>curam,</strong></span> <span class='ocrx_word' id='word_1_325' title='bbox 2890 3041 3011 3099; x_wconf 75' lang='lat' dir='ltr'><strong>quae</strong></span> <span class='ocrx_word' id='word_1_326' title='bbox 3043 3025 3333 3096; x_wconf 87' lang='lat' dir='ltr'><strong>probitatis</strong></span> <span class='ocrx_word' id='word_1_327' title='bbox 3361 3024 3552 3080; x_wconf 87' lang='lat' dir='ltr'><strong>habes.</strong></span> 
     </span>
    </p>
   </div>
   <div class='ocr_carea' id='block_1_49' title="bbox 532 3116 3708 3203">
    <p class='ocr_par' dir='ltr' id='par_1_49' title="bbox 532 3116 3708 3203">
     <span class='ocr_line' id='line_1_49' title="bbox 532 3116 3708 3203; baseline -0.006 -15"><span class='ocrx_word' id='word_1_328' title='bbox 532 3130 774 3203; x_wconf 87' lang='lat' dir='ltr'><strong>Longior</strong></span> <span class='ocrx_word' id='word_1_329' title='bbox 801 3130 890 3186; x_wconf 85' lang='lat' dir='ltr'><strong>hic</strong></span> <span class='ocrx_word' id='word_1_330' title='bbox 919 3130 1086 3186; x_wconf 88' lang='lat' dir='ltr'><strong>etiam</strong></span> <span class='ocrx_word' id='word_1_331' title='bbox 1116 3130 1364 3185; x_wconf 60' lang='lat' dir='ltr'><strong>laetorum</strong></span> <span class='ocrx_word' id='word_1_332' title='bbox 1397 3128 1605 3185; x_wconf 86' lang='lat' dir='ltr'><strong>fructus</strong></span> <span class='ocrx_word' id='word_1_333' title='bbox 1630 3129 1885 3196; x_wconf 88' lang='lat' dir='ltr'><strong>habetur,</strong></span> <span class='ocrx_word' id='word_1_334' title='bbox 2242 3123 2451 3180; x_wconf 81' lang='lat' dir='ltr'><strong>Nobilis</strong></span> <span class='ocrx_word' id='word_1_335' title='bbox 2478 3123 2618 3194; x_wconf 65' lang='lat' dir='ltr'><strong>haec,</strong></span> <span class='ocrx_word' id='word_1_336' title='bbox 2651 3122 2816 3195; x_wconf 80' lang='lat' dir='ltr'><strong>frugi,</strong></span> <span class='ocrx_word' id='word_1_337' title='bbox 2851 3121 3042 3192; x_wconf 87' lang='lat' dir='ltr'><strong>proba,</strong></span> <span class='ocrx_word' id='word_1_338' title='bbox 3068 3120 3218 3190; x_wconf 87' lang='lat' dir='ltr'><strong>laeta,</strong></span> <span class='ocrx_word' id='word_1_339' title='bbox 3255 3117 3470 3190; x_wconf 88' lang='lat' dir='ltr'><strong>pudica,</strong></span> <span class='ocrx_word' id='word_1_340' title='bbox 3493 3116 3708 3182; x_wconf 88' lang='lat' dir='ltr'><strong>decora,</strong></span> 
     </span>
    </p>
   </div>
   <div class='ocr_carea' id='block_1_50' title="bbox 603 3206 3458 3294">
    <p class='ocr_par' dir='ltr' id='par_1_50' title="bbox 603 3206 3458 3294">
     <span class='ocr_line' id='line_1_50' title="bbox 603 3206 3458 3294; baseline -0.004 -15"><span class='ocrx_word' id='word_1_341' title='bbox 603 3223 952 3294; x_wconf 88' lang='lat' dir='ltr'><strong>Anticipasse</strong></span> <span class='ocrx_word' id='word_1_342' title='bbox 981 3221 1098 3292; x_wconf 91' lang='lat' dir='ltr'><strong>diu,</strong></span> <span class='ocrx_word' id='word_1_343' title='bbox 1129 3237 1252 3293; x_wconf 81' lang='lat' dir='ltr'><strong>quae</strong></span> <span class='ocrx_word' id='word_1_344' title='bbox 1283 3221 1448 3277; x_wconf 90' lang='lat' dir='ltr'><strong>modo</strong></span> <span class='ocrx_word' id='word_1_345' title='bbox 1472 3220 1786 3292; x_wconf 84' lang='lat' dir='ltr'><strong>participas.</strong></span> <span class='ocrx_word' id='word_1_346' title='bbox 2162 3206 2210 3272; x_wconf 91' lang='lat' dir='ltr'><strong>C</strong></span> <span class='ocrx_word' id='word_1_347' title='bbox 2310 3218 2638 3290; x_wconf 91' lang='lat' dir='ltr'><strong>Conjugium</strong></span> <span class='ocrx_word' id='word_1_348' title='bbox 2664 3215 2852 3273; x_wconf 88' lang='lat' dir='ltr'><strong>Sancti</strong></span> <span class='ocrx_word' id='word_1_349' title='bbox 2877 3217 3083 3288; x_wconf 91' lang='lat' dir='ltr'><strong>jugiter</strong></span> <span class='ocrx_word' id='word_1_350' title='bbox 3104 3215 3222 3271; x_wconf 76' lang='lat' dir='ltr'><strong>haec</strong></span> <span class='ocrx_word' id='word_1_351' title='bbox 3249 3213 3458 3270; x_wconf 87' lang='lat' dir='ltr'><strong>habuit.</strong></span> 
     </span>
    </p>
   </div>
   <div class='ocr_carea' id='block_1_51' title="bbox 637 3309 2078 3406">
    <p class='ocr_par' dir='ltr' id='par_1_51' title="bbox 637 3335 2028 3406">
     <span class='ocr_line' id='line_1_51' title="bbox 637 3335 2028 3406; baseline -0.003 -12"><span class='ocrx_word' id='word_1_352' title='bbox 637 3338 781 3397; x_wconf 78' lang='lat' dir='ltr'><strong>XVI.</strong></span> <span class='ocrx_word' id='word_1_353' title='bbox 835 3337 990 3393; x_wconf 78' lang='lat' dir='ltr'><strong>Varia</strong></span> <span class='ocrx_word' id='word_1_354' title='bbox 1020 3336 1252 3406; x_wconf 86' lang='lat' dir='ltr'><strong>Liccria,</strong></span> <span class='ocrx_word' id='word_1_355' title='bbox 1286 3352 1422 3392; x_wconf 76' lang='lat' dir='ltr'><strong>uxor</strong></span> <span class='ocrx_word' id='word_1_356' title='bbox 1450 3336 1660 3391; x_wconf 82' lang='lat' dir='ltr'><strong>Arborii</strong></span> <span class='ocrx_word' id='word_1_357' title='bbox 1687 3337 1880 3391; x_wconf 77' lang='lat' dir='ltr'><strong>sororis</strong></span> <span class='ocrx_word' id='word_1_358' title='bbox 1908 3335 2028 3406; x_wconf 81' lang='lat' dir='ltr'><strong>ﬁlii.</strong></span> 
     </span>
    </p>
   </div>
   <div class='ocr_carea' id='block_1_52' title="bbox 2236 3309 3368 3406">
    <p class='ocr_par' dir='ltr' id='par_1_52' title="bbox 2241 3309 3368 3379">
     <span class='ocr_line' id='line_1_52' title="bbox 2241 3309 3368 3379; baseline -0.004 -13"><span class='ocrx_word' id='word_1_359' title='bbox 2241 3311 2504 3367; x_wconf 88' lang='lat' dir='ltr'><strong>Inviolata</strong></span> <span class='ocrx_word' id='word_1_360' title='bbox 2537 3319 2697 3366; x_wconf 90' lang='lat' dir='ltr'><strong>tuens</strong></span> <span class='ocrx_word' id='word_1_361' title='bbox 2722 3318 2885 3366; x_wconf 75' lang='lat' dir='ltr'><strong>castze</strong></span> <span class='ocrx_word' id='word_1_362' title='bbox 2913 3310 3189 3379; x_wconf 65' lang='lat' dir='ltr'><strong>praeconia</strong></span> <span class='ocrx_word' id='word_1_363' title='bbox 3219 3309 3368 3374; x_wconf 67' lang='lat' dir='ltr'><strong>vitae,</strong></span> 
     </span>
    </p>
   </div>
   <div class='ocr_carea' id='block_1_53' title="bbox 2311 3399 3474 3473">
    <p class='ocr_par' dir='ltr' id='par_1_53' title="bbox 2311 3399 3474 3473">
     <span class='ocr_line' id='line_1_53' title="bbox 2311 3399 3474 3473; baseline -0.005 -13"><span class='ocrx_word' id='word_1_364' title='bbox 2311 3404 2478 3460; x_wconf 82' lang='lat' dir='ltr'><strong>Rexit</strong></span> <span class='ocrx_word' id='word_1_365' title='bbox 2508 3417 2641 3473; x_wconf 84' lang='lat' dir='ltr'><strong>Opes</strong></span> <span class='ocrx_word' id='word_1_366' title='bbox 2669 3402 2938 3472; x_wconf 87' lang='lat' dir='ltr'><strong>proprias,</strong></span> <span class='ocrx_word' id='word_1_367' title='bbox 2977 3400 3088 3457; x_wconf 87' lang='lat' dir='ltr'><strong>otia</strong></span> <span class='ocrx_word' id='word_1_368' title='bbox 3112 3409 3309 3473; x_wconf 86' lang='lat' dir='ltr'><strong>agente</strong></span> <span class='ocrx_word' id='word_1_369' title='bbox 3335 3399 3474 3455; x_wconf 92' lang='lat' dir='ltr'><strong>viro.</strong></span> 
     </span>
    </p>
   </div>
   <div class='ocr_carea' id='block_1_54' title="bbox 2243 3490 3756 3565">
    <p class='ocr_par' dir='ltr' id='par_1_54' title="bbox 2243 3490 3756 3565">
     <span class='ocr_line' id='line_1_54' title="bbox 2243 3490 3756 3565; baseline -0.006 -12"><span class='ocrx_word' id='word_1_370' title='bbox 2243 3496 2364 3552; x_wconf 86' lang='lat' dir='ltr'><strong>Non</strong></span> <span class='ocrx_word' id='word_1_371' title='bbox 2395 3495 2518 3552; x_wconf 92' lang='lat' dir='ltr'><strong>ideo</strong></span> <span class='ocrx_word' id='word_1_372' title='bbox 2539 3494 2904 3565; x_wconf 80' lang='lat' dir='ltr'><strong>exprobrans,</strong></span> <span class='ocrx_word' id='word_1_373' title='bbox 2935 3501 3030 3549; x_wconf 92' lang='lat' dir='ltr'><strong>aut</strong></span> <span class='ocrx_word' id='word_1_374' title='bbox 3057 3493 3237 3548; x_wconf 90' lang='lat' dir='ltr'><strong>fronte</strong></span> <span class='ocrx_word' id='word_1_375' title='bbox 3265 3491 3522 3557; x_wconf 91' lang='lat' dir='ltr'><strong>obducta,</strong></span> <span class='ocrx_word' id='word_1_376' title='bbox 3549 3490 3756 3555; x_wconf 87' lang='lat' dir='ltr'><strong>marito,</strong></span> 
     </span>
    </p>
   </div>
   <div class='ocr_carea' id='block_1_55' title="bbox 2315 3585 3558 3660">
    <p class='ocr_par' dir='ltr' id='par_1_55' title="bbox 2315 3585 3558 3660">
     <span class='ocr_line' id='line_1_55' title="bbox 2315 3585 3558 3660; baseline -0.004 -14"><span class='ocrx_word' id='word_1_377' title='bbox 2315 3588 2474 3659; x_wconf 85' lang='lat' dir='ltr'><strong>Quod</strong></span> <span class='ocrx_word' id='word_1_378' title='bbox 2501 3597 2717 3660; x_wconf 87' lang='lat' dir='ltr'><strong>gereret</strong></span> <span class='ocrx_word' id='word_1_379' title='bbox 2745 3597 2915 3644; x_wconf 79' lang='lat' dir='ltr'><strong>tatam</strong></span> <span class='ocrx_word' id='word_1_380' title='bbox 2945 3585 3146 3643; x_wconf 89' lang='lat' dir='ltr'><strong>femina</strong></span> <span class='ocrx_word' id='word_1_381' title='bbox 3167 3585 3285 3643; x_wconf 90' lang='lat' dir='ltr'><strong>sola</strong></span> <span class='ocrx_word' id='word_1_382' title='bbox 3308 3585 3558 3642; x_wconf 91' lang='lat' dir='ltr'><strong>domum.</strong></span> 
     </span>
    </p>
   </div>
   <div class='ocr_carea' id='block_1_56' title="bbox 2245 3679 3726 3751">
    <p class='ocr_par' dir='ltr' id='par_1_56' title="bbox 2245 3679 3726 3751">
     <span class='ocr_line' id='line_1_56' title="bbox 2245 3679 3726 3751; baseline -0.005 -12"><span class='ocrx_word' id='word_1_383' title='bbox 2245 3680 2397 3739; x_wconf 88' lang='lat' dir='ltr'><strong>Heul</strong></span> <span class='ocrx_word' id='word_1_384' title='bbox 2430 3681 2656 3737; x_wconf 89' lang='lat' dir='ltr'><strong>nimium</strong></span> <span class='ocrx_word' id='word_1_385' title='bbox 2681 3680 2926 3751; x_wconf 83' lang='lat' dir='ltr'><strong>juvenis,</strong></span> <span class='ocrx_word' id='word_1_386' title='bbox 2963 3679 3060 3736; x_wconf 90' lang='lat' dir='ltr'><strong>sed</strong></span> <span class='ocrx_word' id='word_1_387' title='bbox 3093 3679 3214 3735; x_wconf 66' lang='lat' dir='ltr'><strong>laeta</strong></span> <span class='ocrx_word' id='word_1_388' title='bbox 3245 3679 3539 3750; x_wconf 88' lang='lat' dir='ltr'><strong>superstite</strong></span> <span class='ocrx_word' id='word_1_389' title='bbox 3568 3685 3690 3734; x_wconf 91' lang='lat' dir='ltr'><strong>nato</strong></span> <span class='ocrx_word' id='word_1_390' title='bbox 3711 3717 3726 3744; x_wconf 91' lang='lat'><strong>,</strong></span> 
     </span>
    </p>
   </div>
   <div class='ocr_carea' id='block_1_57' title="bbox 2318 3770 3526 3846">
    <p class='ocr_par' dir='ltr' id='par_1_57' title="bbox 2318 3770 3526 3846">
     <span class='ocr_line' id='line_1_57' title="bbox 2318 3770 3526 3846; baseline -0.003 -16"><span class='ocrx_word' id='word_1_391' title='bbox 2318 3774 2496 3846; x_wconf 84' lang='lat' dir='ltr'><strong>Atque</strong></span> <span class='ocrx_word' id='word_1_392' title='bbox 2524 3775 2669 3843; x_wconf 77' lang='lat' dir='ltr'><strong>viro,</strong></span> <span class='ocrx_word' id='word_1_393' title='bbox 2702 3774 2915 3845; x_wconf 91' lang='lat' dir='ltr'><strong>patiens</strong></span> <span class='ocrx_word' id='word_1_394' title='bbox 2941 3773 3052 3828; x_wconf 87' lang='lat' dir='ltr'><strong>fata</strong></span> <span class='ocrx_word' id='word_1_395' title='bbox 3084 3787 3340 3844; x_wconf 89' lang='lat' dir='ltr'><strong>suprema</strong></span> <span class='ocrx_word' id='word_1_396' title='bbox 3367 3770 3526 3827; x_wconf 91' lang='lat' dir='ltr'><strong>obiit.</strong></span> 
     </span>
    </p>
   </div>
   <div class='ocr_carea' id='block_1_58' title="bbox 2249 3865 3706 3938">
    <p class='ocr_par' dir='ltr' id='par_1_58' title="bbox 2249 3865 3706 3938">
     <span class='ocr_line' id='line_1_58' title="bbox 2249 3865 3706 3938; baseline -0.003 -14"><span class='ocrx_word' id='word_1_397' title='bbox 2249 3866 2538 3924; x_wconf 79' lang='lat' dir='ltr'><strong>[inanimis</strong></span> <span class='ocrx_word' id='word_1_398' title='bbox 2561 3874 2770 3930; x_wconf 68' lang='lat' dir='ltr'><strong>nostrae</strong></span> <span class='ocrx_word' id='word_1_399' title='bbox 2797 3875 2855 3922; x_wconf 89' lang='lat' dir='ltr'><strong>et</strong></span> <span class='ocrx_word' id='word_1_400' title='bbox 2883 3865 3158 3938; x_wconf 89' lang='lat' dir='ltr'><strong>quondam</strong></span> <span class='ocrx_word' id='word_1_401' title='bbox 3183 3880 3442 3938; x_wconf 88' lang='lat' dir='ltr'><strong>germana</strong></span> <span class='ocrx_word' id='word_1_402' title='bbox 3471 3865 3706 3930; x_wconf 74' lang='lat' dir='ltr'><strong>Sabinaz,</strong></span> 
     </span>
    </p>
   </div>
   <div class='ocr_carea' id='block_1_59' title="bbox 2323 3958 3492 4016">
    <p class='ocr_par' dir='ltr' id='par_1_59' title="bbox 2323 3958 3492 4016">
     <span class='ocr_line' id='line_1_59' title="bbox 2323 3958 3492 4016; baseline -0.002 -1"><span class='ocrx_word' id='word_1_403' title='bbox 2323 3959 2394 4015; x_wconf 88' lang='lat' dir='ltr'><strong>Et</strong></span> <span class='ocrx_word' id='word_1_404' title='bbox 2423 3959 2557 4016; x_wconf 87' lang='lat' dir='ltr'><strong>mihi</strong></span> <span class='ocrx_word' id='word_1_405' title='bbox 2586 3958 2857 4016; x_wconf 86' lang='lat' dir='ltr'><strong>inoffenso</strong></span> <span class='ocrx_word' id='word_1_406' title='bbox 2885 3960 3109 4016; x_wconf 91' lang='lat' dir='ltr'><strong>nomine</strong></span> <span class='ocrx_word' id='word_1_407' title='bbox 3135 3959 3282 4015; x_wconf 89' lang='lat' dir='ltr'><strong>dicta</strong></span> <span class='ocrx_word' id='word_1_408' title='bbox 3309 3974 3492 4016; x_wconf 90' lang='lat' dir='ltr'><strong>soror.</strong></span> 
     </span>
    </p>
   </div>
   <div class='ocr_carea' id='block_1_60' title="bbox 2249 4051 3668 4124">
    <p class='ocr_par' dir='ltr' id='par_1_60' title="bbox 2249 4051 3668 4124">
     <span class='ocr_line' id='line_1_60' title="bbox 2249 4051 3668 4124; baseline 0.001 -14"><span class='ocrx_word' id='word_1_409' title='bbox 2249 4052 2405 4110; x_wconf 85' lang='lat' dir='ltr'><strong>Nunc</strong></span> <span class='ocrx_word' id='word_1_410' title='bbox 2431 4053 2595 4110; x_wconf 87' lang='lat' dir='ltr'><strong>etiam</strong></span> <span class='ocrx_word' id='word_1_411' title='bbox 2620 4051 2806 4110; x_wconf 88' lang='lat' dir='ltr'><strong>Manes</strong></span> <span class='ocrx_word' id='word_1_412' title='bbox 2836 4052 3076 4124; x_wconf 88' lang='lat' dir='ltr'><strong>placidos</strong></span> <span class='ocrx_word' id='word_1_413' title='bbox 3105 4054 3190 4124; x_wconf 92' lang='lat' dir='ltr'><strong>pia</strong></span> <span class='ocrx_word' id='word_1_414' title='bbox 3213 4068 3345 4110; x_wconf 86' lang='lat' dir='ltr'><strong>cura</strong></span> <span class='ocrx_word' id='word_1_415' title='bbox 3369 4061 3668 4111; x_wconf 86' lang='lat' dir='ltr'><strong>retractat:</strong></span> 
     </span>
    </p>
   </div>
   <div class='ocr_carea' id='block_1_61' title="bbox 2324 4145 3488 4218">
    <p class='ocr_par' dir='ltr' id='par_1_61' title="bbox 2324 4145 3488 4218">
     <span class='ocr_line' id='line_1_61' title="bbox 2324 4145 3488 4218; baseline -0.001 -15"><span class='ocrx_word' id='word_1_416' title='bbox 2324 4150 2501 4218; x_wconf 73' lang='lat' dir='ltr'><strong>Atque</strong></span> <span class='ocrx_word' id='word_1_417' title='bbox 2520 4145 2886 4203; x_wconf 89' lang='lat' dir='ltr'><strong>Pudentillam</strong></span> <span class='ocrx_word' id='word_1_418' title='bbox 2913 4145 3078 4202; x_wconf 88' lang='lat' dir='ltr'><strong>fantis</strong></span> <span class='ocrx_word' id='word_1_419' title='bbox 3100 4145 3309 4204; x_wconf 83' lang='lat' dir='ltr'><strong>honore</strong></span> <span class='ocrx_word' id='word_1_420' title='bbox 3335 4147 3488 4203; x_wconf 92' lang='lat' dir='ltr'><strong>colit.</strong></span> 
     </span>
    </p>
   </div>
   <div class='ocr_carea' id='block_1_62' title="bbox 534 3453 2068 3530">
    <p class='ocr_par' dir='ltr' id='par_1_62' title="bbox 534 3453 2068 3530">
     <span class='ocr_line' id='line_1_62' title="bbox 534 3453 2068 3530; baseline -0.003 -16"><span class='ocrx_word' id='word_1_421' title='bbox 534 3457 616 3513; x_wconf 84' lang='lat' dir='ltr'><strong>Tu</strong></span> <span class='ocrx_word' id='word_1_422' title='bbox 638 3472 854 3530; x_wconf 89' lang='lat' dir='ltr'><strong>quoque</strong></span> <span class='ocrx_word' id='word_1_423' title='bbox 880 3455 971 3511; x_wconf 89' lang='lat' dir='ltr'><strong>vel</strong></span> <span class='ocrx_word' id='word_1_424' title='bbox 1003 3456 1194 3510; x_wconf 88' lang='lat' dir='ltr'><strong>nuruis</strong></span> <span class='ocrx_word' id='word_1_425' title='bbox 1224 3453 1355 3509; x_wconf 89' lang='lat' dir='ltr'><strong>mihi</strong></span> <span class='ocrx_word' id='word_1_426' title='bbox 1386 3454 1634 3518; x_wconf 85' lang='lat' dir='ltr'><strong>nomine,</strong></span> <span class='ocrx_word' id='word_1_427' title='bbox 1665 3454 1752 3510; x_wconf 89' lang='lat' dir='ltr'><strong>vel</strong></span> <span class='ocrx_word' id='word_1_428' title='bbox 1779 3455 1900 3510; x_wconf 88' lang='lat' dir='ltr'><strong>vice</strong></span> <span class='ocrx_word' id='word_1_429' title='bbox 1928 3461 2068 3510; x_wconf 69' lang='lat' dir='ltr'><strong>natos</strong></span> 
     </span>
    </p>
   </div>
   <div class='ocr_carea' id='block_1_63' title="bbox 611 3545 1746 3618">
    <p class='ocr_par' dir='ltr' id='par_1_63' title="bbox 611 3545 1746 3618">
     <span class='ocr_line' id='line_1_63' title="bbox 611 3545 1746 3618; baseline -0.004 -15"><span class='ocrx_word' id='word_1_430' title='bbox 611 3549 769 3606; x_wconf 78' lang='lat' dir='ltr'><strong>Veria</strong></span> <span class='ocrx_word' id='word_1_431' title='bbox 800 3546 1046 3618; x_wconf 87' lang='lat' dir='ltr'><strong>supremi</strong></span> <span class='ocrx_word' id='word_1_432' title='bbox 1077 3561 1298 3602; x_wconf 90' lang='lat' dir='ltr'><strong>carmen</strong></span> <span class='ocrx_word' id='word_1_433' title='bbox 1332 3545 1557 3602; x_wconf 88' lang='lat' dir='ltr'><strong>honoris</strong></span> <span class='ocrx_word' id='word_1_434' title='bbox 1587 3546 1746 3602; x_wconf 89' lang='lat' dir='ltr'><strong>habe.</strong></span> 
     </span>
    </p>
   </div>
   <div class='ocr_carea' id='block_1_64' title="bbox 537 3641 1919 3715">
    <p class='ocr_par' dir='ltr' id='par_1_64' title="bbox 537 3641 1919 3715">
     <span class='ocr_line' id='line_1_64' title="bbox 537 3641 1919 3715; baseline 0.001 -17"><span class='ocrx_word' id='word_1_435' title='bbox 537 3641 709 3712; x_wconf 89' lang='lat' dir='ltr'><strong>Cujus</strong></span> <span class='ocrx_word' id='word_1_436' title='bbox 734 3642 779 3697; x_wconf 90' lang='lat' dir='ltr'><strong>si</strong></span> <span class='ocrx_word' id='word_1_437' title='bbox 808 3641 1077 3712; x_wconf 88' lang='lat' dir='ltr'><strong>probitas,</strong></span> <span class='ocrx_word' id='word_1_438' title='bbox 1112 3641 1156 3696; x_wconf 92' lang='lat' dir='ltr'><strong>si</strong></span> <span class='ocrx_word' id='word_1_439' title='bbox 1188 3641 1357 3697; x_wconf 90' lang='lat' dir='ltr'><strong>forma</strong></span> <span class='ocrx_word' id='word_1_440' title='bbox 1387 3650 1444 3698; x_wconf 90' lang='lat' dir='ltr'><strong>et</strong></span> <span class='ocrx_word' id='word_1_441' title='bbox 1473 3641 1639 3710; x_wconf 86' lang='lat' dir='ltr'><strong>fama,</strong></span> <span class='ocrx_word' id='word_1_442' title='bbox 1675 3642 1919 3715; x_wconf 90' lang='lat' dir='ltr'><strong>ﬁdesque</strong></span> 
     </span>
    </p>
   </div>
   <div class='ocr_carea' id='block_1_65' title="bbox 610 3733 1753 3804">
    <p class='ocr_par' dir='ltr' id='par_1_65' title="bbox 610 3733 1753 3804">
     <span class='ocr_line' id='line_1_65' title="bbox 610 3733 1753 3804; baseline 0.001 -15"><span class='ocrx_word' id='word_1_443' title='bbox 610 3733 895 3804; x_wconf 67' lang='lat' dir='ltr'><strong>Morigerae</strong></span> <span class='ocrx_word' id='word_1_444' title='bbox 927 3734 1137 3800; x_wconf 89' lang='lat' dir='ltr'><strong>uxoris,</strong></span> <span class='ocrx_word' id='word_1_445' title='bbox 1171 3733 1511 3804; x_wconf 76' lang='lat' dir='ltr'><strong>laniﬁczeque</strong></span> <span class='ocrx_word' id='word_1_446' title='bbox 1540 3750 1753 3804; x_wconf 90' lang='lat' dir='ltr'><strong>manus,</strong></span> 
     </span>
    </p>
   </div>
   <div class='ocr_carea' id='block_1_66' title="bbox 542 3825 2072 3896">
    <p class='ocr_par' dir='ltr' id='par_1_66' title="bbox 542 3825 2072 3896">
     <span class='ocr_line' id='line_1_66' title="bbox 542 3825 2072 3896; baseline 0.003 -15"><span class='ocrx_word' id='word_1_447' title='bbox 542 3825 699 3883; x_wconf 86' lang='lat' dir='ltr'><strong>Nunc</strong></span> <span class='ocrx_word' id='word_1_448' title='bbox 721 3825 993 3882; x_wconf 83' lang='lat' dir='ltr'><strong>laudanda</strong></span> <span class='ocrx_word' id='word_1_449' title='bbox 1025 3826 1204 3882; x_wconf 87' lang='lat' dir='ltr'><strong>forent</strong></span> <span class='ocrx_word' id='word_1_450' title='bbox 1230 3845 1242 3879; x_wconf 92' lang='lat'><strong>:</strong></span> <span class='ocrx_word' id='word_1_451' title='bbox 1280 3828 1466 3896; x_wconf 91' lang='lat' dir='ltr'><strong>procul</strong></span> <span class='ocrx_word' id='word_1_452' title='bbox 1491 3835 1548 3884; x_wconf 89' lang='lat' dir='ltr'><strong>et</strong></span> <span class='ocrx_word' id='word_1_453' title='bbox 1570 3827 1641 3884; x_wconf 92' lang='lat' dir='ltr'><strong>de</strong></span> <span class='ocrx_word' id='word_1_454' title='bbox 1667 3828 1919 3885; x_wconf 89' lang='lat' dir='ltr'><strong>manibus</strong></span> <span class='ocrx_word' id='word_1_455' title='bbox 1951 3829 2072 3885; x_wconf 90' lang='lat' dir='ltr'><strong>imis</strong></span> 
     </span>
    </p>
   </div>
   <div class='ocr_carea' id='block_1_67' title="bbox 612 3918 1760 3990">
    <p class='ocr_par' dir='ltr' id='par_1_67' title="bbox 612 3918 1760 3990">
     <span class='ocr_line' id='line_1_67' title="bbox 612 3918 1760 3990; baseline 0.003 -18"><span class='ocrx_word' id='word_1_456' title='bbox 612 3918 953 3974; x_wconf 80' lang='lat' dir='ltr'><strong>Arcessenda</strong></span> <span class='ocrx_word' id='word_1_457' title='bbox 984 3925 1135 3975; x_wconf 87' lang='lat' dir='ltr'><strong>esset</strong></span> <span class='ocrx_word' id='word_1_458' title='bbox 1162 3933 1265 3974; x_wconf 84' lang='lat' dir='ltr'><strong>vox</strong></span> <span class='ocrx_word' id='word_1_459' title='bbox 1298 3919 1485 3990; x_wconf 87' lang='lat' dir='ltr'><strong>proavi</strong></span> <span class='ocrx_word' id='word_1_460' title='bbox 1515 3920 1760 3977; x_wconf 87' lang='lat' dir='ltr'><strong>Eusebii.</strong></span> 
     </span>
    </p>
   </div>
   <div class='ocr_carea' id='block_1_68' title="bbox 541 4010 1974 4086">
    <p class='ocr_par' dir='ltr' id='par_1_68' title="bbox 541 4010 1974 4086">
     <span class='ocr_line' id='line_1_68' title="bbox 541 4010 1974 4086; baseline 0.004 -20"><span class='ocrx_word' id='word_1_461' title='bbox 541 4010 646 4080; x_wconf 79' lang='lat' dir='ltr'><strong>Qui</strong></span> <span class='ocrx_word' id='word_1_462' title='bbox 671 4010 934 4082; x_wconf 90' lang='lat' dir='ltr'><strong>quoniam</strong></span> <span class='ocrx_word' id='word_1_463' title='bbox 959 4011 1148 4068; x_wconf 85' lang='lat' dir='ltr'><strong>Iuncto</strong></span> <span class='ocrx_word' id='word_1_464' title='bbox 1173 4012 1285 4082; x_wconf 91' lang='lat' dir='ltr'><strong>jam</strong></span> <span class='ocrx_word' id='word_1_465' title='bbox 1317 4012 1528 4083; x_wconf 87' lang='lat' dir='ltr'><strong>pridem</strong></span> <span class='ocrx_word' id='word_1_466' title='bbox 1563 4013 1816 4071; x_wconf 89' lang='lat' dir='ltr'><strong>conditus</strong></span> <span class='ocrx_word' id='word_1_467' title='bbox 1836 4029 1974 4086; x_wconf 70' lang='lat' dir='ltr'><strong>aevo,</strong></span> 
     </span>
    </p>
   </div>
   <div class='ocr_carea' id='block_1_69' title="bbox 617 4105 1830 4178">
    <p class='ocr_par' dir='ltr' id='par_1_69' title="bbox 617 4105 1830 4178">
     <span class='ocr_line' id='line_1_69' title="bbox 617 4105 1830 4178; baseline 0 -16"><span class='ocrx_word' id='word_1_468' title='bbox 617 4105 982 4178; x_wconf 85' lang='lat' dir='ltr'><strong>Transcripsit</strong></span> <span class='ocrx_word' id='word_1_469' title='bbox 1014 4116 1196 4177; x_wconf 89' lang='lat' dir='ltr'><strong>partes</strong></span> <span class='ocrx_word' id='word_1_470' title='bbox 1230 4107 1284 4160; x_wconf 95' lang='lat' dir='ltr'><strong>in</strong></span> <span class='ocrx_word' id='word_1_471' title='bbox 1317 4121 1436 4162; x_wconf 88' lang='lat' dir='ltr'><strong>mea</strong></span> <span class='ocrx_word' id='word_1_472' title='bbox 1466 4107 1635 4162; x_wconf 86' lang='lat' dir='ltr'><strong>verba</strong></span> <span class='ocrx_word' id='word_1_473' title='bbox 1666 4121 1790 4164; x_wconf 86' lang='lat' dir='ltr'><strong>suas</strong></span> <span class='ocrx_word' id='word_1_474' title='bbox 1817 4126 1830 4162; x_wconf 85' lang='lat'><strong>:</strong></span> 
     </span>
    </p>
   </div>
   <div class='ocr_carea' id='block_1_70' title="bbox 545 4199 1788 4272">
    <p class='ocr_par' dir='ltr' id='par_1_70' title="bbox 545 4199 1788 4272">
     <span class='ocr_line' id='line_1_70' title="bbox 545 4199 1788 4272; baseline 0 -16"><span class='ocrx_word' id='word_1_475' title='bbox 545 4199 755 4272; x_wconf 82' lang='lat' dir='ltr'><strong>Accipe</strong></span> <span class='ocrx_word' id='word_1_476' title='bbox 779 4199 1033 4256; x_wconf 88' lang='lat' dir='ltr'><strong>funereas</strong></span> <span class='ocrx_word' id='word_1_477' title='bbox 1060 4201 1238 4270; x_wconf 88' lang='lat' dir='ltr'><strong>neptis</strong></span> <span class='ocrx_word' id='word_1_478' title='bbox 1265 4199 1470 4256; x_wconf 86' lang='lat' dir='ltr'><strong>deﬂeta</strong></span> <span class='ocrx_word' id='word_1_479' title='bbox 1500 4200 1788 4271; x_wconf 89' lang='lat' dir='ltr'><strong>querelas;</strong></span> 
     </span>
    </p>
   </div>
   <div class='ocr_carea' id='block_1_71' title="bbox 618 4283 3613 4365">
    <p class='ocr_par' dir='ltr' id='par_1_71' title="bbox 618 4283 3613 4365">
     <span class='ocr_line' id='line_1_71' title="bbox 618 4283 3613 4365; baseline -0.003 -16"><span class='ocrx_word' id='word_1_480' title='bbox 618 4293 832 4365; x_wconf 78' lang='lat' dir='ltr'><strong>Coniux</strong></span> <span class='ocrx_word' id='word_1_481' title='bbox 859 4292 1078 4351; x_wconf 85' lang='lat' dir='ltr'><strong>Arborii</strong></span> <span class='ocrx_word' id='word_1_482' title='bbox 1106 4294 1592 4351; x_wconf 83' lang='lat' dir='ltr'><strong>commemoranda</strong></span> <span class='ocrx_word' id='word_1_483' title='bbox 1625 4295 1754 4352; x_wconf 79' lang='lat' dir='ltr'><strong>mei.</strong></span> <span class='ocrx_word' id='word_1_484' title='bbox 2486 4284 2606 4342; x_wconf 87' lang='lat' dir='ltr'><strong>XX.</strong></span> <span class='ocrx_word' id='word_1_485' title='bbox 2649 4283 2890 4341; x_wconf 83' lang='lat' dir='ltr'><strong>Lucanus</strong></span> <span class='ocrx_word' id='word_1_486' title='bbox 2919 4283 3148 4342; x_wconf 82' lang='lat' dir='ltr'><strong>Talisius</strong></span> <span class='ocrx_word' id='word_1_487' title='bbox 3283 4285 3476 4341; x_wconf 84' lang='lat' dir='ltr'><strong>Curam</strong></span> <span class='ocrx_word' id='word_1_488' title='bbox 3497 4287 3613 4356; x_wconf 79' lang='lat' dir='ltr'><strong>ﬁlii.</strong></span> 
     </span>
    </p>
   </div>
   <div class='ocr_carea' id='block_1_72' title="bbox 549 4385 3647 4472">
    <p class='ocr_par' dir='ltr' id='par_1_72' title="bbox 549 4385 3647 4472">
     <span class='ocr_line' id='line_1_72' title="bbox 549 4385 3647 4472; baseline -0.001 -15"><span class='ocrx_word' id='word_1_489' title='bbox 549 4385 647 4443; x_wconf 65' lang='lat' dir='ltr'><strong>CUI</strong></span> <span class='ocrx_word' id='word_1_490' title='bbox 671 4401 834 4457; x_wconf 67' lang='lat' dir='ltr'><strong>Pal‘Va</strong></span> <span class='ocrx_word' id='word_1_491' title='bbox 857 4387 1098 4460; x_wconf 72' lang='grc' dir='ltr'><strong>ῑηεθηιίε</strong></span> <span class='ocrx_word' id='word_1_492' title='bbox 1131 4387 1310 4443; x_wconf 63' lang='lat' dir='ltr'><strong>limuls</strong></span> <span class='ocrx_word' id='word_1_493' title='bbox 1339 4387 1537 4444; x_wconf 65' lang='grc' dir='ltr'><strong>εοιθιίίι</strong></span> <span class='ocrx_word' id='word_1_494' title='bbox 1565 4388 1821 4460; x_wconf 64' lang='lat' dir='ltr'><strong>linquens</strong></span> <span class='ocrx_word' id='word_1_495' title='bbox 2256 4399 2367 4457; x_wconf 87' lang='lat' dir='ltr'><strong>Nec</strong></span> <span class='ocrx_word' id='word_1_496' title='bbox 2392 4407 2602 4455; x_wconf 88' lang='lat' dir='ltr'><strong>tantum</strong></span> <span class='ocrx_word' id='word_1_497' title='bbox 2631 4397 2820 4455; x_wconf 89' lang='lat' dir='ltr'><strong>matris</strong></span> <span class='ocrx_word' id='word_1_498' title='bbox 2849 4414 2974 4470; x_wconf 90' lang='lat' dir='ltr'><strong>spes</strong></span> <span class='ocrx_word' id='word_1_499' title='bbox 3005 4399 3194 4469; x_wconf 91' lang='lat' dir='ltr'><strong>unica,</strong></span> <span class='ocrx_word' id='word_1_500' title='bbox 3226 4399 3441 4472; x_wconf 89' lang='lat' dir='ltr'><strong>ephebe</strong></span> <span class='ocrx_word' id='word_1_501' title='bbox 3465 4399 3647 4467; x_wconf 87' lang='lat' dir='ltr'><strong>&#39;I‘alisi,</strong></span> 
     </span>
    </p>
   </div>
   <div class='ocr_carea' id='block_1_73' title="bbox 624 4478 3459 4565">
    <p class='ocr_par' dir='ltr' id='par_1_73' title="bbox 624 4478 3459 4565">
     <span class='ocr_line' id='line_1_73' title="bbox 624 4478 3459 4565; baseline 0.005 -31"><span class='ocrx_word' id='word_1_502' title='bbox 624 4478 884 4537; x_wconf 90' lang='lat' dir='ltr'><strong>Destituis</strong></span> <span class='ocrx_word' id='word_1_503' title='bbox 907 4488 1091 4536; x_wconf 90' lang='lat' dir='ltr'><strong>natum</strong></span> <span class='ocrx_word' id='word_1_504' title='bbox 1120 4498 1131 4534; x_wconf 91' lang='lat'>:</span> <span class='ocrx_word' id='word_1_505' title='bbox 1165 4495 1274 4551; x_wconf 92' lang='lat' dir='ltr'><strong>quo</strong></span> <span class='ocrx_word' id='word_1_506' title='bbox 1303 4484 1474 4565; x_wconf 78' lang='lat' dir='ltr'><strong>magis</strong></span> <span class='ocrx_word' id='word_1_507' title='bbox 1500 4484 1806 4540; x_wconf 89' lang='lat' dir='ltr'><strong>excrucias.</strong></span> <span class='ocrx_word' id='word_1_508' title='bbox 2326 4491 2691 4559; x_wconf 79' lang='lat' dir='ltr'><strong>Consobrine,</strong></span> <span class='ocrx_word' id='word_1_509' title='bbox 2724 4492 2860 4549; x_wconf 83' lang='lat' dir='ltr'><strong>meis</strong></span> <span class='ocrx_word' id='word_1_510' title='bbox 2889 4493 3300 4551; x_wconf 86' lang='lat' dir='ltr'><strong>immemoratus</strong></span> <span class='ocrx_word' id='word_1_511' title='bbox 3325 4495 3459 4551; x_wconf 90' lang='lat' dir='ltr'><strong>eris.</strong></span> 
     </span>
    </p>
   </div>
   <div class='ocr_carea' id='block_1_74' title="bbox 552 4568 3464 4666">
    <p class='ocr_par' dir='ltr' id='par_1_74' title="bbox 552 4568 3464 4666">
     <span class='ocr_line' id='line_1_74' title="bbox 552 4568 3464 4666; baseline 0.007 -40"><span class='ocrx_word' id='word_1_512' title='bbox 552 4568 745 4666; x_wconf 26' lang='lat' dir='ltr'><strong>At‘tibi</strong></span> <span class='ocrx_word' id='word_1_513' title='bbox 767 4569 953 4666; x_wconf 75' lang='lat' dir='ltr'><strong>dilecti</strong></span> <span class='ocrx_word' id='word_1_514' title='bbox 982 4586 1052 4666; x_wconf 82' lang='lat' dir='ltr'><strong>ne</strong></span> <span class='ocrx_word' id='word_1_515' title='bbox 1081 4571 1222 4666; x_wconf 79' lang='lat' dir='ltr'><strong>desit</strong></span> <span class='ocrx_word' id='word_1_516' title='bbox 1246 4587 1375 4628; x_wconf 88' lang='lat' dir='ltr'><strong>cura</strong></span> <span class='ocrx_word' id='word_1_517' title='bbox 1402 4574 1610 4639; x_wconf 88' lang='lat' dir='ltr'><strong>mariti,</strong></span> <span class='ocrx_word' id='word_1_518' title='bbox 2177 4605 2233 4666; x_wconf 78' lang='grc' dir='ltr'><strong>ι)</strong></span> <span class='ocrx_word' id='word_1_519' title='bbox 2260 4584 2495 4657; x_wconf 86' lang='lat' dir='ltr'><strong>Ereptus</strong></span> <span class='ocrx_word' id='word_1_520' title='bbox 2521 4585 2711 4656; x_wconf 92' lang='lat' dir='ltr'><strong>primis</strong></span> <span class='ocrx_word' id='word_1_521' title='bbox 2739 4587 2844 4642; x_wconf 67' lang='lat' dir='ltr'><strong>aevi</strong></span> <span class='ocrx_word' id='word_1_522' title='bbox 2879 4585 3130 4644; x_wconf 85' lang='lat' dir='ltr'><strong>ﬂorentis</strong></span> <span class='ocrx_word' id='word_1_523' title='bbox 3168 4589 3222 4644; x_wconf 93' lang='lat' dir='ltr'><strong>in</strong></span> <span class='ocrx_word' id='word_1_524' title='bbox 3254 4589 3419 4645; x_wconf 88' lang='lat' dir='ltr'><strong>annis</strong></span> <span class='ocrx_word' id='word_1_525' title='bbox 3444 4605 3464 4655; x_wconf 88' lang='lat'><strong><em>;</em></strong></span> 
     </span>
    </p>
   </div>
   <div class='ocr_carea' id='block_1_75' title="bbox 629 4661 3694 4753">
    <p class='ocr_par' dir='ltr' id='par_1_75' title="bbox 629 4661 3694 4753">
     <span class='ocr_line' id='line_1_75' title="bbox 629 4661 3694 4753; baseline 0.007 -35"><span class='ocrx_word' id='word_1_526' title='bbox 629 4662 826 4719; x_wconf 69' lang='lat' dir='ltr'><strong>iuncta</strong></span> <span class='ocrx_word' id='word_1_527' title='bbox 851 4661 989 4718; x_wconf 91' lang='lat' dir='ltr'><strong>colis</strong></span> <span class='ocrx_word' id='word_1_528' title='bbox 1017 4662 1257 4720; x_wconf 85' lang='lat' dir='ltr'><strong>thalamo</strong></span> <span class='ocrx_word' id='word_1_529' title='bbox 1284 4680 1429 4721; x_wconf 89' lang='lat' dir='ltr'><strong>nunc</strong></span> <span class='ocrx_word' id='word_1_530' title='bbox 1455 4677 1811 4726; x_wconf 89' lang='lat' dir='ltr'><strong>monumenta</strong></span> <span class='ocrx_word' id='word_1_531' title='bbox 1839 4680 1952 4728; x_wconf 92' lang='lat' dir='ltr'><strong>tuo.</strong></span> <span class='ocrx_word' id='word_1_532' title='bbox 2183 4661 2218 4666; x_wconf 49' lang='lat'>_</span> <span class='ocrx_word' id='word_1_533' title='bbox 2327 4677 2447 4734; x_wconf 81' lang='lat' dir='ltr'><strong>Jam</strong></span> <span class='ocrx_word' id='word_1_534' title='bbox 2477 4686 2658 4735; x_wconf 88' lang='lat' dir='ltr'><strong>tamen</strong></span> <span class='ocrx_word' id='word_1_535' title='bbox 2688 4686 2746 4736; x_wconf 91' lang='lat' dir='ltr'><strong>et</strong></span> <span class='ocrx_word' id='word_1_536' title='bbox 2767 4678 3030 4751; x_wconf 84' lang='lat' dir='ltr'><strong>conjunx,</strong></span> <span class='ocrx_word' id='word_1_537' title='bbox 3043 4681 3159 4752; x_wconf 90' lang='lat' dir='ltr'><strong>jam</strong></span> <span class='ocrx_word' id='word_1_538' title='bbox 3187 4693 3506 4753; x_wconf 88' lang='lat' dir='ltr'><strong>properate,</strong></span> <span class='ocrx_word' id='word_1_539' title='bbox 3533 4690 3694 4752; x_wconf 87' lang='lat' dir='ltr'><strong>pater.</strong></span> 
     </span>
    </p>
   </div>
   <div class='ocr_carea' id='block_1_76' title="bbox 556 4754 3568 4845">
    <p class='ocr_par' dir='ltr' id='par_1_76' title="bbox 556 4754 3568 4845">
     <span class='ocr_line' id='line_1_76' title="bbox 556 4754 3568 4845; baseline 0.001 -32"><span class='ocrx_word' id='word_1_540' title='bbox 556 4755 682 4823; x_wconf 84' lang='lat' dir='ltr'><strong>IIic,</strong></span> <span class='ocrx_word' id='word_1_541' title='bbox 707 4755 800 4811; x_wconf 92' lang='lat' dir='ltr'><strong>ubi</strong></span> <span class='ocrx_word' id='word_1_542' title='bbox 827 4754 1035 4826; x_wconf 91' lang='lat' dir='ltr'><strong>primus</strong></span> <span class='ocrx_word' id='word_1_543' title='bbox 1064 4756 1289 4827; x_wconf 84' lang='lat' dir='ltr'><strong>hymen,</strong></span> <span class='ocrx_word' id='word_1_544' title='bbox 1317 4757 1476 4814; x_wconf 89' lang='lat' dir='ltr'><strong>sedes</strong></span> <span class='ocrx_word' id='word_1_545' title='bbox 1501 4760 1575 4815; x_wconf 90' lang='lat' dir='ltr'><strong>ibi</strong></span> <span class='ocrx_word' id='word_1_546' title='bbox 1605 4773 1796 4820; x_wconf 67' lang='lat' dir='ltr'><strong>moesta</strong></span> <span class='ocrx_word' id='word_1_547' title='bbox 1823 4765 2083 4837; x_wconf 89' lang='lat' dir='ltr'><strong>sepulcri.</strong></span> <span class='ocrx_word' id='word_1_548' title='bbox 2258 4772 2575 4831; x_wconf 69' lang='lat' dir='ltr'><strong>Festinasse</strong></span> <span class='ocrx_word' id='word_1_549' title='bbox 2600 4781 2758 4845; x_wconf 63' lang='lat' dir='ltr'><strong>putes</strong></span> <span class='ocrx_word' id='word_1_550' title='bbox 2785 4773 2954 4830; x_wconf 60' lang='lat' dir='ltr'><strong>fatum</strong></span> <span class='ocrx_word' id='word_1_551' title='bbox 2981 4792 2992 4827; x_wconf 73' lang='grc' dir='ltr'>ε</span> <span class='ocrx_word' id='word_1_552' title='bbox 3028 4789 3097 4831; x_wconf 74' lang='lat' dir='ltr'><strong>ne</strong></span> <span class='ocrx_word' id='word_1_553' title='bbox 3121 4773 3285 4832; x_wconf 71' lang='lat' dir='ltr'><strong>{unus</strong></span> <span class='ocrx_word' id='word_1_554' title='bbox 3309 4775 3568 4832; x_wconf 65' lang='lat' dir='ltr'><strong>acerbum</strong></span> 
     </span>
    </p>
   </div>
   <div class='ocr_carea' id='block_1_77' title="bbox 628 4846 3614 4940">
    <p class='ocr_par' dir='ltr' id='par_1_77' title="bbox 628 4846 3614 4940">
     <span class='ocr_line' id='line_1_77' title="bbox 628 4846 3614 4940; baseline 0 -19"><span class='ocrx_word' id='word_1_555' title='bbox 628 4849 805 4921; x_wconf 64' lang='grc' dir='ltr'><strong>Νυριδ</strong></span> <span class='ocrx_word' id='word_1_556' title='bbox 830 4847 1004 4920; x_wconf 75' lang='grc' dir='ltr'><strong>ω³8ί⁸</strong></span> <span class='ocrx_word' id='word_1_557' title='bbox 1031 4846 1160 4915; x_wconf 69' lang='grc' dir='ltr'><strong>δῖοί»</strong></span> <span class='ocrx_word' id='word_1_558' title='bbox 1191 4864 1352 4919; x_wconf 65' lang='grc' dir='ltr'><strong>(πυτίαι</strong></span> <span class='ocrx_word' id='word_1_559' title='bbox 1381 4852 1644 4908; x_wconf 64' lang='grc' dir='ltr'><strong>ῑυπιυιδῑθ</strong></span> <span class='ocrx_word' id='word_1_560' title='bbox 1672 4865 1850 4926; x_wconf 72' lang='grc' dir='ltr'><strong>Ροιεεο</strong></span> <span class='ocrx_word' id='word_1_561' title='bbox 2331 4868 2570 4926; x_wconf 89' lang='lat' dir='ltr'><strong>Duceret</strong></span> <span class='ocrx_word' id='word_1_562' title='bbox 2597 4866 2704 4926; x_wconf 89' lang='lat' dir='ltr'><strong>hoc</strong></span> <span class='ocrx_word' id='word_1_563' title='bbox 2729 4868 2964 4940; x_wconf 86' lang='lat' dir='ltr'><strong>genitor,</strong></span> <span class='ocrx_word' id='word_1_564' title='bbox 2998 4877 3106 4924; x_wconf 89' lang='lat' dir='ltr'><strong>tam</strong></span> <span class='ocrx_word' id='word_1_565' title='bbox 3136 4869 3246 4926; x_wconf 92' lang='lat' dir='ltr'><strong>cito</strong></span> <span class='ocrx_word' id='word_1_566' title='bbox 3271 4869 3446 4926; x_wconf 89' lang='lat' dir='ltr'><strong>factus</strong></span> <span class='ocrx_word' id='word_1_567' title='bbox 3464 4883 3614 4926; x_wconf 85' lang='lat' dir='ltr'><strong>avus.</strong></span> 
     </span>
    </p>
   </div>
   <div class='ocr_carea' id='block_1_78' title="bbox 738 4960 3820 5080">
    <p class='ocr_par' dir='ltr' id='par_1_78' title="bbox 738 4960 3820 5080">
     <span class='ocr_line' id='line_1_78' title="bbox 738 4960 3820 5080; baseline 0.009 -38"><span class='ocrx_word' id='word_1_568' title='bbox 738 4961 906 5020; x_wconf 68' lang='grc' dir='ltr'><strong>ΧἯῘ·</strong></span> <span class='ocrx_word' id='word_1_569' title='bbox 947 4960 1569 5080; x_wconf 45' lang='grc' dir='ltr'><strong>Ρ⁰¹⁷¹Ρ⁰Ἴὶ²ί³ἔ⁰ξξξηαδ</strong></span> <span class='ocrx_word' id='word_1_570' title='bbox 1603 4970 1958 5045; x_wconf 64' lang='grc' dir='ltr'><strong>Ηθνωίαπων</strong></span> <span class='ocrx_word' id='word_1_571' title='bbox 2262 5007 2407 5065; x_wconf 86' lang='lat' dir='ltr'><strong>XXI.</strong></span> <span class='ocrx_word' id='word_1_572' title='bbox 2447 5009 2657 5066; x_wconf 75' lang='lat' dir='ltr'><strong>Attusia</strong></span> <span class='ocrx_word' id='word_1_573' title='bbox 2697 5008 2916 5065; x_wconf 84' lang='lat' dir='ltr'><strong>Lucana</strong></span> <span class='ocrx_word' id='word_1_574' title='bbox 2952 5008 3180 5064; x_wconf 86' lang='lat' dir='ltr'><strong>Talisia.</strong></span> <span class='ocrx_word' id='word_1_575' title='bbox 3219 5007 3563 5068; x_wconf 81' lang='lat' dir='ltr'><strong>Erminiscius</strong></span> <span class='ocrx_word' id='word_1_576' title='bbox 3596 5002 3820 5080; x_wconf 57' lang='lat' dir='ltr'><strong>Regulum</strong></span> 
     </span>
    </p>
   </div>
   <div class='ocr_carea' id='block_1_79' title="bbox 1167 5060 3169 5152">
    <p class='ocr_par' dir='ltr' id='par_1_79' title="bbox 1167 5060 3169 5152">
     <span class='ocr_line' id='line_1_79' title="bbox 1167 5060 3169 5152; baseline 0.013 -41"><span class='ocrx_word' id='word_1_577' title='bbox 1167 5060 1361 5114; x_wconf 80' lang='lat' dir='ltr'><strong>sororis</strong></span> <span class='ocrx_word' id='word_1_578' title='bbox 1393 5060 1552 5131; x_wconf 80' lang='lat' dir='ltr'><strong>ﬁlius.</strong></span> <span class='ocrx_word' id='word_1_579' title='bbox 2262 5060 2406 5065; x_wconf 47' lang='lat' dir='ltr'><strong>mm</strong></span> <span class='ocrx_word' id='word_1_580' title='bbox 2953 5060 3169 5152; x_wconf 51' lang='lat' dir='ltr'><strong>hisiis.</strong></span> 
     </span>
    </p>
   </div>
   <div class='ocr_carea' id='block_1_80' title="bbox 771 5171 3369 5284">
    <p class='ocr_par' dir='ltr' id='par_1_80' title="bbox 771 5171 3369 5284">
     <span class='ocr_line' id='line_1_80' title="bbox 771 5171 3369 5284; baseline 0.001 -28"><span class='ocrx_word' id='word_1_581' title='bbox 771 5171 1274 5284; x_wconf 46' lang='grc' dir='ltr'><strong>Ξέξῖξέτθξῆῆηυφ</strong></span> <span class='ocrx_word' id='word_1_582' title='bbox 1298 5178 1537 5284; x_wconf 59' lang='grc' dir='ltr'><strong>βθξτίξυξη</strong></span> <span class='ocrx_word' id='word_1_583' title='bbox 1564 5196 1822 5254; x_wconf 73' lang='lat' dir='ltr'><strong>Bermana</strong></span> <span class='ocrx_word' id='word_1_584' title='bbox 1853 5203 1972 5246; x_wconf 89' lang='lat' dir='ltr'><strong>mea</strong></span> <span class='ocrx_word' id='word_1_585' title='bbox 2263 5199 2464 5258; x_wconf 84' lang='lat' dir='ltr'><strong>Notitia</strong></span> <span class='ocrx_word' id='word_1_586' title='bbox 2493 5201 2653 5259; x_wconf 86' lang='lat' dir='ltr'><strong>exilis</strong></span> <span class='ocrx_word' id='word_1_587' title='bbox 2683 5201 2867 5269; x_wconf 91' lang='lat' dir='ltr'><strong>nobis,</strong></span> <span class='ocrx_word' id='word_1_588' title='bbox 2894 5200 3131 5268; x_wconf 81' lang='lat' dir='ltr'><strong>Attusia,</strong></span> <span class='ocrx_word' id='word_1_589' title='bbox 3164 5207 3369 5270; x_wconf 87' lang='lat' dir='ltr'><strong>tecum,</strong></span> 
     </span>
    </p>
   </div>
   <div class='ocr_carea' id='block_1_81' title="bbox 775 5263 3486 5372">
    <p class='ocr_par' dir='ltr' id='par_1_81' title="bbox 775 5263 3486 5372">
     <span class='ocr_line' id='line_1_81' title="bbox 775 5263 3486 5372; baseline 0.011 -55"><span class='ocrx_word' id='word_1_590' title='bbox 775 5263 1146 5372; x_wconf 62' lang='lat' dir='ltr'><strong>Modulamine</strong></span> <span class='ocrx_word' id='word_1_591' title='bbox 1174 5267 1350 5372; x_wconf 61' lang='lat' dir='ltr'><strong>naenia</strong></span> <span class='ocrx_word' id='word_1_592' title='bbox 1372 5271 1540 5372; x_wconf 48' lang='lat' dir='ltr'><strong>tristi“</strong></span> <span class='ocrx_word' id='word_1_593' title='bbox 2335 5295 2578 5368; x_wconf 89' lang='lat' dir='ltr'><strong>Cumque</strong></span> <span class='ocrx_word' id='word_1_594' title='bbox 2607 5304 2702 5352; x_wconf 90' lang='lat' dir='ltr'><strong>tuo</strong></span> <span class='ocrx_word' id='word_1_595' title='bbox 2731 5263 2892 5367; x_wconf 80' lang='lat' dir='ltr'><strong>plane</strong></span> <span class='ocrx_word' id='word_1_596' title='bbox 2917 5263 3150 5366; x_wconf 81' lang='lat' dir='ltr'><strong>conjuge</strong></span> <span class='ocrx_word' id='word_1_597' title='bbox 3182 5294 3332 5350; x_wconf 91' lang='lat' dir='ltr'><strong>nulla</strong></span> <span class='ocrx_word' id='word_1_598' title='bbox 3353 5263 3486 5349; x_wconf 78' lang='lat' dir='ltr'><strong>fuit.</strong></span> 
     </span>
    </p>
   </div>
   <div class='ocr_carea' id='block_1_82' title="bbox 775 5356 3607 5457">
    <p class='ocr_par' dir='ltr' id='par_1_82' title="bbox 775 5356 3607 5457">
     <span class='ocr_line' id='line_1_82' title="bbox 775 5356 3607 5457; baseline 0.002 -27"><span class='ocrx_word' id='word_1_599' title='bbox 775 5356 1026 5457; x_wconf 57' lang='grc' dir='ltr'><strong>Τθείιυξη</strong></span> <span class='ocrx_word' id='word_1_600' title='bbox 1057 5359 1179 5457; x_wconf 58' lang='grc' dir='ltr'><strong>ξίξιθ</strong></span> <span class='ocrx_word' id='word_1_601' title='bbox 1205 5360 1414 5457; x_wconf 62' lang='grc' dir='ltr'><strong>ιιίξηοτθ</strong></span> <span class='ocrx_word' id='word_1_602' title='bbox 1441 5365 1750 5439; x_wconf 61' lang='lat' dir='ltr'><strong>relinquat;</strong></span> <span class='ocrx_word' id='word_1_603' title='bbox 2263 5385 2469 5445; x_wconf 78' lang='lat' dir='ltr'><strong>Verum</strong></span> <span class='ocrx_word' id='word_1_604' title='bbox 2489 5356 2556 5444; x_wconf 55' lang='grc' dir='ltr'><strong>ἰιι</strong></span> <span class='ocrx_word' id='word_1_605' title='bbox 2585 5356 2788 5443; x_wconf 61' lang='lat' dir='ltr'><strong>nostrae</strong></span> <span class='ocrx_word' id='word_1_606' title='bbox 2813 5400 2972 5444; x_wconf 89' lang='lat' dir='ltr'><strong>soror</strong></span> <span class='ocrx_word' id='word_1_607' title='bbox 2995 5356 3056 5443; x_wconf 80' lang='lat' dir='ltr'><strong>es</strong></span> <span class='ocrx_word' id='word_1_608' title='bbox 3084 5356 3345 5457; x_wconf 69' lang='lat' dir='ltr'><strong>germana</strong></span> <span class='ocrx_word' id='word_1_609' title='bbox 3373 5383 3607 5442; x_wconf 63' lang='lat' dir='ltr'><strong>Sabinae.</strong></span> 
     </span>
    </p>
   </div>
   <div class='ocr_carea' id='block_1_83' title="bbox 775 5449 1554 5526">
    <p class='ocr_par' dir='ltr' id='par_1_83' title="bbox 775 5449 1554 5526">
     <span class='ocr_line' id='line_1_83' title="bbox 775 5449 1554 5526; baseline 0.009 -20"><span class='ocrx_word' id='word_1_610' title='bbox 775 5449 952 5522; x_wconf 86' lang='lat' dir='ltr'><strong>Super</strong></span> <span class='ocrx_word' id='word_1_611' title='bbox 981 5451 1166 5510; x_wconf 89' lang='lat' dir='ltr'><strong>indole</strong></span> <span class='ocrx_word' id='word_1_612' title='bbox 1195 5455 1354 5526; x_wconf 90' lang='lat' dir='ltr'><strong>cujus</strong></span> <span class='ocrx_word' id='word_1_613' title='bbox 1382 5457 1554 5514; x_wconf 85' lang='lat' dir='ltr'><strong>adulti</strong></span> 
     </span>
    </p>
   </div>
   <div class='ocr_carea' id='block_1_84' title="bbox 776 5543 1575 5619">
    <p class='ocr_par' dir='ltr' id='par_1_84' title="bbox 776 5543 1575 5619">
     <span class='ocr_line' id='line_1_84' title="bbox 776 5543 1575 5619; baseline 0.01 -21"><span class='ocrx_word' id='word_1_614' title='bbox 776 5543 984 5613; x_wconf 68' lang='lat' dir='ltr'><strong>Magum</strong></span> <span class='ocrx_word' id='word_1_615' title='bbox 1013 5545 1159 5601; x_wconf 91' lang='lat' dir='ltr'><strong>bona</strong></span> <span class='ocrx_word' id='word_1_616' title='bbox 1187 5547 1347 5619; x_wconf 90' lang='lat' dir='ltr'><strong>copia</strong></span> <span class='ocrx_word' id='word_1_617' title='bbox 1374 5549 1575 5608; x_wconf 90' lang='lat' dir='ltr'><strong>laudis.</strong></span> 
     </span>
    </p>
   </div>
   <div class='ocr_carea' id='block_1_85' title="bbox 777 5635 1728 5718">
    <p class='ocr_par' dir='ltr' id='par_1_85' title="bbox 777 5635 1728 5718">
     <span class='ocr_line' id='line_1_85' title="bbox 777 5635 1728 5718; baseline 0.013 -26"><span class='ocrx_word' id='word_1_618' title='bbox 777 5635 981 5693; x_wconf 80' lang='lat' dir='ltr'><strong>Verum</strong></span> <span class='ocrx_word' id='word_1_619' title='bbox 1012 5652 1318 5697; x_wconf 89' lang='lat' dir='ltr'><strong>memorare</strong></span> <span class='ocrx_word' id='word_1_620' title='bbox 1345 5645 1536 5716; x_wconf 91' lang='lat' dir='ltr'><strong>magis,</strong></span> <span class='ocrx_word' id='word_1_621' title='bbox 1568 5661 1728 5718; x_wconf 91' lang='lat' dir='ltr'><strong>quam</strong></span> 
     </span>
    </p>
   </div>
   <div class='ocr_carea' id='block_1_86' title="bbox 779 5725 1566 5794">
    <p class='ocr_par' dir='ltr' id='par_1_86' title="bbox 779 5725 1566 5794">
     <span class='ocr_line' id='line_1_86' title="bbox 779 5725 1566 5794; baseline 0.013 -12"><span class='ocrx_word' id='word_1_622' title='bbox 779 5725 1050 5785; x_wconf 86' lang='lat' dir='ltr'><strong>Functum</strong></span> <span class='ocrx_word' id='word_1_623' title='bbox 1076 5729 1300 5791; x_wconf 90' lang='lat' dir='ltr'><strong>laudare</strong></span> <span class='ocrx_word' id='word_1_624' title='bbox 1329 5737 1566 5794; x_wconf 86' lang='lat' dir='ltr'><strong>decebit.</strong></span> 
     </span>
    </p>
   </div>
   <div class='ocr_carea' id='block_1_87' title="bbox 776 5820 1801 5910">
    <p class='ocr_par' dir='ltr' id='par_1_87' title="bbox 776 5820 1801 5910">
     <span class='ocr_line' id='line_1_87' title="bbox 776 5820 1801 5910; baseline 0.017 -32"><span class='ocrx_word' id='word_1_625' title='bbox 776 5820 954 5880; x_wconf 87' lang='lat' dir='ltr'><strong>Decus</strong></span> <span class='ocrx_word' id='word_1_626' title='bbox 979 5822 1085 5882; x_wconf 88' lang='lat' dir='ltr'><strong>hoc</strong></span> <span class='ocrx_word' id='word_1_627' title='bbox 1112 5828 1435 5902; x_wconf 89' lang='lat' dir='ltr'><strong>matrisque,</strong></span> <span class='ocrx_word' id='word_1_628' title='bbox 1468 5847 1761 5909; x_wconf 90' lang='lat' dir='ltr'><strong>meumque</strong></span> <span class='ocrx_word' id='word_1_629' title='bbox 1786 5882 1801 5910; x_wconf 91' lang='lat'><strong>,</strong></span> 
     </span>
    </p>
   </div>
   <div class='ocr_carea' id='block_1_88' title="bbox 2338 5477 3627 5554">
    <p class='ocr_par' dir='ltr' id='par_1_88' title="bbox 2338 5477 3627 5554">
     <span class='ocr_line' id='line_1_88' title="bbox 2338 5477 3627 5554; baseline -0.005 -16"><span class='ocrx_word' id='word_1_630' title='bbox 2338 5481 2533 5538; x_wconf 81' lang='lat' dir='ltr'><strong>Affinis</strong></span> <span class='ocrx_word' id='word_1_631' title='bbox 2562 5497 2782 5554; x_wconf 90' lang='lat' dir='ltr'><strong>quoque</strong></span> <span class='ocrx_word' id='word_1_632' title='bbox 2808 5488 2869 5538; x_wconf 85' lang='lat' dir='ltr'><strong>tu</strong></span> <span class='ocrx_word' id='word_1_633' title='bbox 2891 5523 2907 5550; x_wconf 92' lang='lat'><strong>,</strong></span> <span class='ocrx_word' id='word_1_634' title='bbox 2939 5480 3182 5552; x_wconf 83' lang='lat' dir='ltr'><strong>Regule,</strong></span> <span class='ocrx_word' id='word_1_635' title='bbox 3214 5494 3415 5536; x_wconf 89' lang='lat' dir='ltr'><strong>nomen</strong></span> <span class='ocrx_word' id='word_1_636' title='bbox 3442 5477 3627 5535; x_wconf 88' lang='lat' dir='ltr'><strong>habes.</strong></span> 
     </span>
    </p>
   </div>
   <div class='ocr_carea' id='block_1_89' title="bbox 2264 5572 3535 5646">
    <p class='ocr_par' dir='ltr' id='par_1_89' title="bbox 2264 5572 3535 5646">
     <span class='ocr_line' id='line_1_89' title="bbox 2264 5572 3535 5646; baseline -0.002 -15"><span class='ocrx_word' id='word_1_637' title='bbox 2264 5573 2500 5632; x_wconf 87' lang='lat' dir='ltr'><strong>Sortitos</strong></span> <span class='ocrx_word' id='word_1_638' title='bbox 2532 5574 2700 5646; x_wconf 90' lang='lat' dir='ltr'><strong>igitur</strong></span> <span class='ocrx_word' id='word_1_639' title='bbox 2727 5574 2837 5631; x_wconf 80' lang='lat' dir='ltr'><strong>ta&#39;m</strong></span> <span class='ocrx_word' id='word_1_640' title='bbox 2866 5572 3032 5630; x_wconf 88' lang='lat' dir='ltr'><strong>chara</strong></span> <span class='ocrx_word' id='word_1_641' title='bbox 3057 5573 3324 5631; x_wconf 87' lang='lat' dir='ltr'><strong>vocabula</strong></span> <span class='ocrx_word' id='word_1_642' title='bbox 3352 5572 3535 5642; x_wconf 89' lang='lat' dir='ltr'><strong>nobis,</strong></span> 
     </span>
    </p>
   </div>
   <div class='ocr_carea' id='block_1_90' title="bbox 2338 5666 3497 5738">
    <p class='ocr_par' dir='ltr' id='par_1_90' title="bbox 2338 5666 3497 5738">
     <span class='ocr_line' id='line_1_90' title="bbox 2338 5666 3497 5738; baseline -0.002 -16"><span class='ocrx_word' id='word_1_643' title='bbox 2338 5666 2682 5738; x_wconf 87' lang='lat' dir='ltr'><strong>Stringamus</strong></span> <span class='ocrx_word' id='word_1_644' title='bbox 2708 5667 2890 5724; x_wconf 89' lang='lat' dir='ltr'><strong>moesti</strong></span> <span class='ocrx_word' id='word_1_645' title='bbox 2922 5667 3183 5724; x_wconf 86' lang='lat' dir='ltr'><strong>carminis</strong></span> <span class='ocrx_word' id='word_1_646' title='bbox 3211 5667 3497 5738; x_wconf 89' lang='lat' dir='ltr'><strong>obsequio.</strong></span> 
     </span>
    </p>
   </div>
   <div class='ocr_carea' id='block_1_91' title="bbox 2264 5743 3645 5831">
    <p class='ocr_par' dir='ltr' id='par_1_91' title="bbox 2264 5743 3645 5831">
     <span class='ocr_line' id='line_1_91' title="bbox 2264 5743 3645 5831; baseline -0.002 -17"><span class='ocrx_word' id='word_1_647' title='bbox 2264 5757 2527 5826; x_wconf 85' lang='lat' dir='ltr'><strong>Quamvis</strong></span> <span class='ocrx_word' id='word_1_648' title='bbox 2553 5743 2850 5816; x_wconf 78' lang='lat' dir='ltr'><strong>Santonica</strong></span> <span class='ocrx_word' id='word_1_649' title='bbox 2882 5759 3072 5831; x_wconf 89' lang='lat' dir='ltr'><strong>procul</strong></span> <span class='ocrx_word' id='word_1_650' title='bbox 3103 5760 3158 5815; x_wconf 89' lang='lat' dir='ltr'><strong>in</strong></span> <span class='ocrx_word' id='word_1_651' title='bbox 3192 5759 3386 5816; x_wconf 84' lang='lat' dir='ltr'><strong>tellure</strong></span> <span class='ocrx_word' id='word_1_652' title='bbox 3408 5758 3645 5828; x_wconf 82' lang='lat' dir='ltr'><strong>jacentes</strong></span> 
     </span>
    </p>
   </div>
   <div class='ocr_carea' id='block_1_92' title="bbox 2336 5853 3494 5927">
    <p class='ocr_par' dir='ltr' id='par_1_92' title="bbox 2336 5853 3494 5927">
     <span class='ocr_line' id='line_1_92' title="bbox 2336 5853 3494 5927; baseline -0.003 -15"><span class='ocrx_word' id='word_1_653' title='bbox 2336 5853 2601 5913; x_wconf 88' lang='lat' dir='ltr'><strong>Pervenit</strong></span> <span class='ocrx_word' id='word_1_654' title='bbox 2631 5855 2703 5913; x_wconf 90' lang='lat' dir='ltr'><strong>ad</strong></span> <span class='ocrx_word' id='word_1_655' title='bbox 2733 5855 2916 5914; x_wconf 85' lang='lat' dir='ltr'><strong>Manes</strong></span> <span class='ocrx_word' id='word_1_656' title='bbox 2941 5853 3274 5927; x_wconf 89' lang='lat' dir='ltr'><strong>exsequialis</strong></span> <span class='ocrx_word' id='word_1_657' title='bbox 3299 5853 3494 5912; x_wconf 87' lang='lat' dir='ltr'><strong>honos.</strong></span> 
     </span>
    </p>
   </div>
  </div>
