4072 6306
287 302 382 364 849
1703 283 2166 343 PARENTALIA.
3469 273 3576 336 850

419 419 591 478 XXII.
642 419 864 476 Severus
903 416 1098 472 Censor
1127 413 1409 480 Julianus,
1454 421 1724 466 consocer.

287 515 547 584 Desinite,
579 530 614 572 ο
645 522 886 579 veteres,
915 509 1210 581 Calpurnia
1242 507 1487 573 nomina,
1520 499 1727 572 Frugi,

351 609 420 667 Ut
451 607 736 681 proprium
769 606 872 662 hoc
903 613 1098 660 vestra:
1126 601 1302 673 gentis
1333 598 1538 655 habere
1564 594 1756 650 decus.

285 704 388 762 Nec
415 701 567 760 solus
591 715 812 772 semper
832 695 1039 753 Censor
1060 695 1216 762 Cato,
1247 706 1346 748 nec
1376 688 1485 746 sibi
1512 685 1661 743 solus

349 796 536 852 Justus
568 791 837 850 Aristides
865 789 950 845 bis
977 788 1227 860 placeant
1252 783 1445 840 titulis.

283 891 411 950 Nam
442 891 664 962 sapiens
687 887 1012 960 quicumque
1041 882 1173 948 fuit,
1204 890 1505 950 verumque
1529 873 1805 944 ﬁdemque

349 984 450 1053 Qui
477 983 673 1048 coluit,
704 981 960 1037 comitem
985 992 1047 1034 se
1076 977 1196 1044 tibi,
1226 975 1460 1040 Censor,
1487 980 1634 1042 agat.

284 1078 359 1136 Tu
387 1077 575 1150 gravis
599 1087 655 1133 et
685 1075 880 1143 comis,
909 1087 1032 1129 cum
1058 1071 1384 1143 iustitiaque
1416 1066 1708 1133 remissus,

350 1170 603 1227 Austeris
634 1168 832 1225 doctus
855 1166 1089 1238 iungere
1117 1163 1463 1234 temperiem.

281 1262 360 1322 Tu
391 1276 502 1318 non
529 1259 747 1317 adscito
771 1258 868 1314 tibi
892 1272 1001 1326 me,
1033 1270 1138 1312 nec
1162 1253 1425 1327 sanguine
1450 1251 1671 1324 iuncto,

349 1354 563 1427 Optasti
593 1360 814 1410 nostras
844 1350 1168 1407 consociare
1188 1348 1405 1405 domos.

290 1447 493 1519 Nempe
522 1445 706 1517 aliqua
739 1444 792 1500 in
820 1442 976 1499 nobis
1007 1456 1220 1498 morum
1254 1439 1548 1496 simulacra
1577 1445 1793 1494 tuorum

351 1540 574 1613 Efﬁgies
603 1538 780 1596 nostri
815 1535 1046 1608 praebuit
1073 1535 1300 1607 ingenii.

283 1635 389 1692 Aut
411 1633 528 1704 iam
563 1631 797 1687 fortuna;
825 1630 904 1686 sic
933 1645 996 1686 se
1025 1629 1236 1699 vertigo
1259 1626 1494 1692 rotabat,

358 1726 428 1784 Ut
454 1727 674 1799 pondus
699 1725 826 1780 fatis
859 1734 966 1780 tam
994 1723 1136 1780 bona
1166 1730 1290 1778 vota
1315 1721 1530 1778 darent.

290 1819 346 1877 Si
371 1795 502 1890 quid
527 1816 676 1890 apud
708 1816 894 1872 Manes
923 1813 1126 1882 sentis,
1161 1813 1310 1870 fovet
1337 1813 1442 1869 hoc
1471 1811 1570 1868 tibi
1599 1816 1874 1876 mentem;
1905 1795 1955 1858 B

353 1911 511 1983 Quod
536 1911 656 1968 ﬁeri
681 1919 924 1982 optaras,
959 1908 1012 1965 id
1043 1909 1285 1967 voluisse
1309 1909 1506 1966 Deum.

354 2028 544 2086 XXIII.
593 2027 853 2085 Paulinus
893 2037 943 2084 et
981 2026 1262 2100 Dryadia,
1312 2029 1412 2098 filii
1461 2027 1713 2095 Paulini,
1762 2037 1811 2083 et

740 2100 1047 2174 Megentira:
1067 2102 1262 2156 sororis
1289 2101 1437 2172 ﬁlim.

286 2221 384 2290 Qui
417 2235 618 2276 nomen
648 2219 970 2290 vultumque
999 2219 1189 2291 patris,
1222 2220 1471 2290 Pauline,
1497 2221 1751 2293 gerebas,

360 2312 563 2370 Amissi
590 2311 872 2384 specimen
904 2314 996 2384 qui
1023 2313 1290 2384 genitoris
1316 2327 1439 2369 eras
1467 2331 1482 2369 :

285 2405 518 2476 Propter
543 2420 704 2477 quem
733 2407 910 2461 luctus
942 2405 1159 2461 miserae
1186 2404 1454 2462 decedere
1482 2406 1674 2462 matris

355 2498 635 2570 Coeperat,
667 2498 894 2556 offerret
915 2515 1037 2555 cum
1068 2508 1156 2555 tua
1187 2498 1363 2556 forma
1395 2509 1608 2571 patrem
1634 2520 1648 2556 :

287 2591 566 2648 Redderet
596 2600 656 2649 et
683 2607 885 2660 mores,
914 2602 967 2648 et
998 2593 1242 2650 moribus
1271 2593 1498 2650 adderet
1523 2595 1676 2663 illud,

355 2685 619 2743 Paulinus
650 2688 829 2743 caruit
860 2702 968 2758 quo
998 2696 1172 2758 pater,
1204 2690 1510 2760 eloquium.

290 2783 534 2856 Eriperis
563 2785 722 2853 lastis,
756 2793 811 2840 ct
842 2785 1263 2855 pubescentibus
1291 2785 1447 2841 annis
1479 2802 1492 2839 ;

357 2879 649 2950 Crudaque
680 2877 859 2936 adhuc
889 2878 1078 2935 matris
1113 2887 1333 2951 pectora
1364 2879 1646 2936 sollicitas.

292 2973 512 3030 Flemus
542 2973 688 3029 enim
719 2984 931 3043 raptam
964 2972 1186 3030 thalami
1215 2973 1284 3030 de
1314 2974 1445 3031 sede
1468 2989 1738 3044 sororem,

363 3065 520 3121 lleu!
553 3080 659 3121 non
692 3074 906 3122 maturo
931 3064 1146 3134 funere,
1181 3067 1496 3139 Dryadiam.

293 3157 512 3215 Flemus
540 3177 552 3212 :
577 3173 683 3229 ego
703 3159 756 3214 in
780 3158 998 3229 primis,
1028 3161 1120 3230 qui
1151 3161 1343 3216 matris
1365 3162 1690 3232 avunculus,
1715 3171 1770 3218 et
1790 3176 1888 3219 vos
1917 3185 1963 3250 ο

363 3251 630 3310 Natorum
663 3263 935 3325 tamquam
966 3255 1135 3328 diligo
1166 3257 1505 3328 progeniem.

297 3345 391 3404 Illa
418 3363 611 3404 manus
643 3348 784 3405 inter
809 3350 1112 3421 genitricis,
1144 3361 1200 3407 et
1229 3351 1415 3408 oscula
1444 3352 1616 3424 patris

367 3442 600 3511 Occidit,
633 3442 873 3515 Hispana
904 3452 1015 3502 tum
1045 3447 1268 3518 regione
1299 3449 1512 3519 procul.

297 3535 468 3605 Quam
501 3545 679 3606 tener,
709 3548 764 3595 et
787 3539 984 3608 primo,
1012 3555 1154 3596 nove
1175 3541 1299 3609 flos,
1331 3543 1649 3614 decerperis
1677 3559 1826 3612 aevo,

370 3631 621 3689 Nondum
651 3650 955 3706 purpureas
985 3636 1196 3692 cinctus
1217 3636 1427 3707 ephebe
1451 3653 1619 3709 genas
1645 3641 1658 3693 ε

301 3723 547 3793 Quatuor
572 3725 818 3783 ediderat
840 3741 984 3782 nunc
1015 3726 1155 3782 facta
1185 3742 1456 3798 puerpera
1488 3737 1676 3798 partus
1707 3748 1718 3782 :

375 3817 592 3873 Funera
624 3817 718 3874 sed
749 3819 971 3874 tumulis
997 3819 1110 3889 iam
1142 3821 1414 3891 geminata
1437 3820 1608 3877 dedit.

305 3908 386 3966 Sit
416 3911 550 3966 satis
581 3911 684 3967 hoc
705 3957 719 3982 ,
746 3911 975 3970 Pauline
1004 3923 1179 3986 pater,
1213 3914 1409 3972 divisio
1439 3914 1578 3972 facta
1609 3928 1712 3974 est.

378 4010 620 4068 Debetur
645 4013 810 4068 matri
835 4022 1036 4069 caetera
1068 4015 1378 4086 progenies.

618 4127 810 4186 XXIV.
848 4130 1141 4209 Paulinus,
1182 4133 1380 4187 sororis
1416 4151 1592 4207 gener.

314 4220 414 4289 Qui
444 4221 627 4277 laetum
653 4222 956 4294 ingenium,
989 4239 1172 4281 mores
1203 4224 1294 4296 qui
1321 4225 1499 4298 diligit
1523 4242 1731 4300 aequos,

382 4315 600 4386 Quique
626 4317 788 4373 ﬁdem
821 4327 1008 4374 sancta
1037 4333 1158 4374 cum
1190 4320 1390 4390 pietate
1410 4321 1542 4377 colit
1576 4341 1588 4375 :

319 4407 531 4464 Paulini
559 4425 748 4465 manes
779 4425 990 4466 mecum
1022 4423 1337 4478 veneratus,
1364 4414 1555 4469 amicis

392 4503 606 4559 lnroret
637 4503 916 4576 Iacrymis,
948 4520 1126 4560 annua
1159 4505 1263 4560 liba
1294 4505 1495 4562 ferens.

320 4594 638 4665 rEquzevus,
668 4595 915 4663 Pauline,
950 4597 1105 4665 mihi,
1133 4605 1426 4668 natamque
1453 4599 1662 4655 sororis

394 4690 651 4761 lndeptus
683 4691 922 4746 thalamo
956 4711 967 4746 :
996 4692 1076 4748 sic
1101 4693 1234 4748 mihi
1261 4707 1401 4764 pene
1429 4709 1620 4765 gener.

323 4783 521 4854 Stirpis
551 4781 836 4850 Aquilam!)
865 4793 1040 4841 mater
1069 4786 1188 4852 tibi,
1219 4801 1343 4841 nam
1375 4786 1613 4857 genitori

397 4877 593 4934 Cossio
621 4878 900 4947 Vasatum,
935 4883 1264 4952 municipale
1293 4897 1486 4952 genus.

326 4969 538 5028 Scrinia
571 4971 811 5041 praefecti
844 4974 1092 5042 meritus,
1123 4973 1429 5030 rationibus
1457 4975 1585 5031 inde

404 5064 734 5135 PPJZPOSIIUS
761 5065 1002 5138 Libycis,
1039 5065 1263 5135 praemia
1284 5066 1461 5134 Opima
1495 5067 1666 5136 capis.

334 5156 468 5213 Nam
497 5156 840 5214 Correcturae
871 5159 966 5213 tibi
1004 5158 1246 5217 Tarraco
1279 5157 1474 5214 llibera
1507 5159 1745 5215 tribunal

409 5250 685 5319 Praebuit,
718 5249 980 5306 affectans
1011 5265 1137 5308 esse
1165 5250 1366 5307 clienta
1400 5251 1520 5306 tibi.

338 5343 419 5399 Tu
443 5357 664 5400 socrum
695 5358 793 5414 pro
815 5353 994 5398 matre
1023 5344 1243 5410 colens,
1274 5341 1454 5400 afﬁnis
1483 5343 1672 5401 haberi

409 5436 527 5494 Non
557 5447 799 5508 poteras,
828 5437 939 5490 nati
969 5451 1091 5493 cum
1118 5437 1368 5493 fruerere
1393 5437 1536 5494 loco.

342 5528 490 5586 Inter
510 5528 811 5586 concordes
834 5527 1017 5583 vixisti
1045 5528 1185 5584 ﬁdus
1208 5529 1434 5595 amicos,

423 5623 808 5694 Duodeviginti
831 5620 1047 5676 functus
1076 5621 1448 5693 Olympiadas.

628 5739 799 5796 XXV.
824 5736 896 5792 [Ε
903 5738 1049 5793 milia
1084 5739 1346 5810 Dryadia,
1371 5748 1668 5795 matertera.

429 5833 508 5890 Te
539 5846 754 5904 quoque
783 5827 1070 5899 Dryadiam
1105 5837 1478 5899 materteram,

1899 402 1950 464 Α
2120 401 2421 462 Flebilibus
2447 406 2707 475 modulis,

2046 494 2322 553 Germana
2349 499 2586 570 genitus,
2618 516 2788 574 prope
2820 501 2963 557 ﬁlius
2983 545 2998 570 ,

2119 589 2226 647 Ore
2254 593 2344 662 pio
2373 608 2630 651 veneror.

2045 682 2217 753 Quam
2251 683 2513 754 thalamo,
2550 686 2812 758 tradisque
2837 685 3116 758 iugalibus

2121 773 2314 830 Invida
2343 791 2495 832 mors
2525 779 2706 849 rapuit
2731 798 2742 832 :

2049 867 2383 939 Mutavitque
2413 864 2631 925 thorum
2656 870 2842 927 feretri
2871 871 2990 926 vice

2123 961 2470 1033 Exsequialis
2498 961 2695 1018 honor.

2051 1054 2313 1112 Discebas
2336 1056 2390 1110 iu
2423 1071 2531 1124 me,
2560 1064 2856 1113 matertera
2873 1097 2890 1124 ,

2119 1148 2291 1205 Mater
2318 1149 2397 1206 uti
2426 1147 2614 1206 ﬁeres.

2050 1242 2206 1301 Unde
2236 1242 2400 1299 modo
2431 1243 2538 1300 hoc
2566 1251 2822 1300 moestum
2858 1240 2953 1298 tibi
2977 1241 3168 1298 defero

2123 1334 2301 1392 Filius
2326 1335 2592 1392 ofﬁcium.

2273 1451 2464 1509 XXVI.
2495 1452 2643 1508 Julia
2669 1450 3032 1524 Catapltronia
3053 1493 3068 1519 ,
3102 1449 3287 1504 amita.

1980 1568 2120 1638 Quin
2147 1577 2199 1625 et
2229 1567 2469 1624 funereis
2498 1567 2720 1622 amitam
2753 1565 3039 1637 impertire
3068 1563 3314 1637 querelis

2051 1664 2200 1721 Musa
2230 1661 2677 1734 Cataphroniam.

1980 1757 2189 1815 Innuba
2215 1755 2430 1813 devota:
2458 1771 2579 1827 qua:
2607 1753 2934 1826 virginitatis
2959 1765 3224 1820 amorem,

2053 1850 2334 1920 Parcaque
2365 1863 2501 1904 anus
2532 1847 2723 1903 coluit.

1984 1945 2055 2002 Et
2085 1944 2219 2002 mihi
2246 1943 2391 2016 quod
2423 1943 2620 2014 potuit,
2646 1937 2897 2012 quamvis
2926 1937 2994 1994 de
3024 1951 3263 2009 paupere
3286 1950 3500 1994 summa
3524 1980 3540 2007 ,
3575 1934 3582 1943 ’

2055 2041 2229 2097 Mater
2253 2038 2354 2106 uti,
2387 2036 2660 2093 attribuit.

1986 2136 2131 2207 Ergo
2161 2140 2615 2200 commemorata,
2647 2132 2762 2186 Ave
2793 2148 2805 2182 :
2841 2136 3204 2198 maestumque
3235 2135 3453 2194 vocata,

2057 2228 2167 2284 Pro
2194 2226 2482 2300 genitrice,
2515 2224 2669 2281 Vale.

2325 2344 2544 2431 XXVII.
2573 2342 2725 2399 Julia
2761 2343 2984 2399 Veneria
3005 2386 3019 2412 ,
3046 2342 3228 2398 amita.

2059 2460 2130 2517 At
2160 2458 2324 2514 amita
2355 2457 2589 2514 Veneria
2625 2455 2936 2528 properiter
2956 2454 3111 2511 obiit.

2058 2555 2157 2612 Cui
2183 2554 2366 2610 brevia
2396 2553 2540 2609 mela
2568 2550 2817 2606 modiﬁca
2848 2547 3059 2604 recino.

2059 2649 2214 2705 Cinis
2239 2647 2316 2703 uti
2347 2645 2620 2718 placidula
2650 2658 2848 2714 supera
2871 2641 3071 2713 vigeat,

2058 2744 2341 2816 Celeripes
2367 2751 2423 2799 et
2449 2741 2612 2798 adeat
2635 2741 2753 2796 loca
2777 2739 2939 2794 tacita
2970 2736 3156 2793 Erebi.

2256 2858 2502 2916 XXVIII.
2531 2856 2680 2913 Julia
2706 2855 2920 2920 Idalia,
2950 2850 3289 2908 consobrina.

2209 2974 2382 3030 Parva
2409 2973 2571 3030 etiam
2597 2969 2698 3026 fuit
2726 2967 2918 3033 Idalia,

2209 3067 2438 3125 Nomine
2467 3063 2694 3136 praedita
2721 3076 2841 3131 qua:
2866 3057 3119 3128 Paphiae,

2208 3163 2275 3218 Et
2299 3160 2539 3233 speciem
2573 3155 2775 3214 meruit
2798 3153 3054 3210 Veneris.

2212 3256 2346 3326 Quae
2375 3253 2562 3326 genita
2588 3259 2674 3308 est
2698 3247 2834 3305 mihi
2859 3262 3000 3319 pene
3028 3259 3208 3302 soror.

2209 3352 2350 3409 Filia
2380 3364 2502 3405 nam
2533 3346 2636 3402 luit
2657 3345 2774 3400 haec
2801 3342 3006 3408 amitae,

2209 3449 2384 3516 Quam
2410 3444 2654 3501 celebrat
2680 3440 2781 3496 sub
2809 3440 3020 3494 honore
3037 3435 3144 3507 ipio

2211 3541 2420 3610 Naeuia,
2447 3537 2695 3595 carmine
2722 3533 2973 3591 funereo.

2305 3651 2504 3709 XXIX.
2535 3650 2764 3708 Emilia
2796 3646 3054 3712 Melania,
3085 3658 3256 3700 soror.

2001 3773 2248 3838 IEmilia,
2275 3771 2399 3837 bos,
2424 3767 2513 3822 vix
2536 3775 2664 3822 nota
2687 3763 2824 3820 mihi
2854 3776 3032 3827 soror,
3061 3757 3247 3828 accipe
3270 3760 3514 3826 questus,

2074 3867 2284 3922 Debent
2311 3844 2448 3935 quos
2475 3859 2644 3917 cineri
2671 3867 2865 3914 moesta
2895 3856 3096 3926 Elegea
3120 3863 3234 3909 tuo.

2001 3956 2296 4028 Coniunin
2322 3962 2536 4010 nostras
2557 3965 2794 4018 aequaeva
2823 3946 3047 4003 infantia
3075 3959 3247 4000 cunas
3275 3961 3289 3996 :

2076 4049 2198 4108 Uno
2228 4045 2479 4118 quamvis
2509 4051 2562 4098 tu
2595 4041 2821 4098 consule
2848 4038 3024 4108 major
3054 4050 3199 4092 eras.

2006 4142 2190 4199 Invida
2219 4138 2315 4196 sed
2347 4135 2570 4193 nimium
2600 4131 2858 4189 Lachesis
2891 4136 3180 4199 properata
3208 4125 3420 4197 peregit

2078 4234 2348 4304 Tempora
2375 4247 2388 4284 :
2415 4237 2472 4284 et
2498 4227 2564 4282 ad
2597 4226 2782 4282 Manes
2809 4221 2996 4276 funera
3023 4218 3219 4274 acerba
3249 4216 3418 4272 dedit.

2013 4329 2300 4388 Prmmissa
2329 4340 2460 4396 ergo
2485 4321 2608 4378 vale
2636 4339 2648 4373 :
2681 4319 2975 4386 Manesque
3002 4327 3196 4370 verere
3227 4318 3535 4383 parentum,

2083 4421 2186 4490 Qui
2220 4417 2425 4488 majore
2452 4428 2588 4481 aevo,
2618 4411 2821 4483 quique
2850 4406 3059 4463 minore
3090 4403 3260 4459 venit.
3553 4462 3581 4478 κ

2053 4535 2224 4594 XXX.
2260 4529 2552 4603 Pomponia
2595 4525 2822 4583 Urbica.
2859 4535 3170 4606 consecras,
3202 4532 3336 4573 uxor
3363 4513 3571 4570 Juliani

1940 4584 1996 4647 Ῑ)
2689 4596 2949 4652 Censoris.

2733 4610 2949 4651 εηεοηε.

2023 4703 2091 4764 Ut
2113 4700 2330 4776 generis
2354 4697 2506 4765 clari,
2539 4701 2785 4751 veterum
2811 4690 2890 4745 sic
2920 4686 3117 4743 femina
3143 4697 3356 4739 morum

2099 4795 2322 4861 Urbica,
2353 4786 2611 4847 Censoris
2640 4783 2922 4842 nobilitata
2952 4780 3133 4844 thoro,

2026 4888 2284 4962 lngenitis
2315 4885 2522 4958 pollens
2551 4877 2864 4943 virtutibus,
2900 4882 3171 4942 auctaque
3198 4877 3254 4924 et
3276 4867 3406 4932 illis,

2100 4959 2247 5052 Quas
2272 4979 2459 5036 docuit
2486 4975 2708 5046 coniux,
2739 4987 2873 5044 quas
2899 4980 3076 5042 pater,
3105 4977 3162 5022 et
3185 4959 3419 5036 genitrix
3455 4975 3468 5010 :

2049 5077 2196 5146 Quas
2227 5071 2415 5130 habuit
2441 5066 2730 5139 Tanaquil,
2763 5078 2899 5136 quas
2925 5061 3258 5133 Pythagorea
3285 5052 3531 5146 Theano,

2106 5169 2348 5238 Quaeque
2378 5165 2496 5220 sine
2524 5159 2778 5230 exemplo
2804 5166 2888 5213 est
2919 5155 2971 5210 in
3003 5165 3135 5206 nece
3161 5147 3346 5202 functa
3373 5143 3496 5200 viri.

2037 5261 2105 5317 Et
2134 5261 2228 5316 tibi
2251 5257 2298 5312 si
2321 5255 2488 5312 fatum
2518 5253 2596 5308 sic
2626 5257 2933 5322 permutare
2962 5241 3226 5305 dedisset,

2117 5355 2333 5412 Viveret
2359 5351 2466 5406 hoc
2493 5355 2685 5404 nostro
2717 5354 2964 5412 tempore
2987 5337 3200 5392 Censor
3225 5330 3422 5385 adhuc.

2040 5449 2154 5508 Sed
2180 5461 2356 5518 neque
2385 5453 2439 5499 tu
2471 5442 2631 5497 viduo
2658 5439 2876 5506 longum
2908 5427 3143 5486 cruciata
3168 5423 3269 5481 sub
3299 5415 3439 5490 aivo,

2118 5543 2377 5599 Protinus
2408 5545 2597 5608 optato
2623 5533 2727 5587 ﬁne
2754 5533 2942 5583 secuta
2971 5521 3169 5577 virum.

2048 5637 2244 5694 Annua
2275 5646 2422 5690 nunc
2447 5628 2659 5686 mmstis
2692 5620 2918 5677 ferimus
2945 5614 3042 5671 tibi
3067 5614 3212 5685 iusta
3239 5609 3500 5682 querelis,

2121 5729 2253 5786 Cum
2285 5725 2486 5799 geriero
2513 5732 2567 5777 ct
2596 5716 2739 5776 natis
2767 5725 3032 5770 consocer
3068 5705 3360 5765 Ausonius.
