4072 6306
309 258 428 318 353
1039 225 1600 295 COMMEMORATIO
1639 225 2150 288 PROFESSORUM
2188 221 2830 286 BURDIGALENSIUM.
3173 159 3201 165 il
3526 213 3634 274 854

420 370 508 427 Tu
540 363 845 437 Bajocassis
869 359 1041 429 stirpe
1064 353 1402 415 Druidarum
1427 355 1601 417 satus,
1953 345 2008 408 Α
2461 343 2575 399 Nec
2600 350 2749 398 certa
2773 347 2878 395 tuae

537 457 596 513 Si
615 433 771 509 fama
799 467 907 506 non
931 447 1071 503 fallit
1097 444 1280 512 fidem,
2458 435 2591 490 Data
2620 448 2708 490 res
2729 433 2950 504 patrm;

425 549 620 609 Beleni
650 554 921 603 sacratum
947 540 1103 596 ducis
1131 553 1164 598 e
1193 535 1401 610 templo
1424 547 1597 606 genus
1626 549 1639 588 :
2459 527 2578 582 Non
2603 525 2874 581 mansuris

540 644 611 700 Et
638 641 765 698 inde
795 638 957 694 vobis
983 632 1211 690 nomina
1236 647 1249 686 :
2459 619 2666 675 Omale
2695 617 2851 674 bonis
2877 636 2887 670 ε

429 737 552 795 Tibi
577 737 789 791 Paterna
820 749 831 784 :
862 731 940 786 sic
965 726 1247 784 ministros
1276 727 1592 793 nuncupant
2468 712 2807 780 Ostentatus,

538 823 879 898 Apollinaris
900 817 1140 891 mystici.
2466 805 2781 876 Raptusque
2803 805 2985 872 simul,

435 921 641 987 Fratri,
676 919 926 990 patrique
961 927 1162 969 nomen
1193 924 1224 966 a
1246 907 1454 965 Phoebo
1483 905 1668 964 datum
1700 923 1711 960 :
2472 897 2784 955 Solstitialis

541 989 789 1082 Nataque
817 1010 886 1066 de
913 1005 1141 1079 Delphis
1174 1013 1290 1058 tuo.
2472 989 2638 1046 Velut
2666 989 2835 1045 herba
2867 989 3028 1056 solet,

436 1107 697 1165 Doctrina
728 1103 864 1160 nulli
891 1110 1038 1157 tanta
1068 1099 1124 1155 in
1154 1097 1250 1154 illo
1273 1104 1542 1168 tempore,
2468 1085 2679 1142 Rhetor
2706 1083 2906 1140 Alethi.

546 1197 861 1268 Cursusque
891 1203 969 1250 tot
994 1190 1148 1248 fandi
1174 1199 1230 1247 et
1258 1196 1413 1246 rotae.

437 1293 670 1360 Memor,
704 1290 970 1357 disertus,
1001 1284 1183 1341 lucida
1209 1280 1462 1338 facundia
1484 1321 1499 1347 ,

556 1389 792 1455 Canore,
821 1387 970 1444 cultu
993 1383 1256 1456 prmditus
1277 1422 1294 1448 ,

442 1482 664 1540 Salibus
693 1479 974 1536 modestus
1004 1475 1129 1534 felle
1153 1472 1302 1531 nullo
1325 1468 1578 1543 perlitis,

552 1575 696 1642 Vini,
727 1574 943 1644 cibique
963 1569 1288 1634 abstemius,

438 1670 650 1735 Lmtus,
683 1667 933 1739 pudicus,
961 1663 1216 1734 pulcher;
1251 1659 1304 1714 in
1335 1656 1492 1714 senio
1519 1668 1758 1728 quoque,
1790 1658 1851 1706 ut

553 1761 768 1833 Aquilae
792 1764 1066 1824 senectus,
1096 1763 1192 1811 aut
1215 1753 1363 1826 equi.

629 1875 692 1930 V.
731 1873 903 1929 Attius
931 1870 1058 1926 Tiro
1085 1867 1426 1941 Delphidius,
1455 1864 1652 1920 rhetor.

442 1989 744 2059 Facunde,
777 1988 959 2057 docte,
992 1985 1175 2054 lingua
1202 1991 1258 2039 et
1281 1980 1504 2052 ingenio
1533 1978 1699 2046 celer,

555 2085 705 2142 Jocis
733 2096 971 2150 ammne,
1005 2077 1263 2150 Delphidi
1286 2119 1300 2144 ,

444 2181 749 2238 Subtextus
775 2185 894 2234 esto
916 2173 1086 2231 flebili
1112 2173 1314 2228 threno
1340 2169 1513 2239 patris
1535 2210 1551 2237 ,

559 2273 732 2329 Laudi
763 2281 820 2327 ut
848 2269 1072 2325 subibas
1096 2264 1350 2322 aemulus.

451 2370 538 2426 Tu
571 2382 707 2439 pene
735 2365 804 2421 ab
827 2363 963 2434 ipsis
989 2375 1150 2418 orsus
1178 2354 1529 2415 incunabulis

559 2459 658 2514 Dei
689 2464 849 2529 poeta
873 2452 1074 2510 nobilis
1100 2497 1115 2521 ,

449 2554 677 2611 Sertum
704 2565 922 2608 coronae
955 2546 1260 2619 praferens
1283 2541 1549 2615 Olympiae
1573 2582 1589 2609 ,

568 2645 710 2701 Puer
739 2641 1033 2700 celebrasti
1058 2639 1269 2696 Jovem.

453 2742 584 2797 Mox
617 2737 742 2794 inde
769 2735 970 2792 cursim
995 2747 1146 2789 more
1175 2727 1437 2787 torrentis
1463 2726 1586 2783 freti
1609 2767 1624 2794 ,

567 2834 710 2903 Epos
741 2831 921 2901 ligasti
953 2826 1234 2884 metricum
1261 2840 1275 2879 :

459 2927 530 2983 Ut
564 2925 743 2980 nullus
767 2937 921 2992 aque
949 2921 1072 2991 lege
1094 2917 1236 2974 iiber
1256 2913 1564 2971 carminum

566 3018 884 3076 Orationem
913 3020 1147 3071 tereret.

456 3114 745 3172 Celebrata
773 3111 924 3169 varie
945 3109 1104 3179 cujus
1133 3103 1447 3177 eloquentia

576 3208 735 3264 Domi
756 3207 996 3276 forisque
1022 3200 1258 3258 claruit:

463 3303 570 3359 Seu
603 3308 658 3357 tu
684 3297 928 3356 cohortis
963 3293 1263 3352 Praesulem
1289 3289 1562 3362 prtetorim
1582 3332 1598 3356 ,

577 3393 986 3450 Provinciarum
1012 3397 1108 3444 aut
1137 3385 1351 3457 iudices

465 3488 713 3558 Coleres,
743 3486 960 3544 tuendis
986 3482 1234 3538 addictus
1258 3479 1524 3545 clientiis,

575 3581 778 3646 Famae,
807 3589 862 3636 et
888 3576 1081 3634 salutis
1106 3573 1328 3630 sauciis.

470 3674 648 3741 Felix,
681 3672 879 3745 quietis
909 3670 955 3727 si
981 3680 1236 3724 maneres
1264 3662 1494 3727 litteris,

583 3765 730 3837 Opus
755 3765 1116 3821 Camenarum
1143 3757 1371 3814 colens:

473 3858 585 3915 Nec
614 3857 738 3914 odia
767 3855 982 3926 magnis
1011 3850 1284 3908 concitata
1317 3844 1503 3902 litibus

587 3951 840 4006 Armaret
872 3948 1014 4002 ultor
1043 3945 1279 4013 impetus
1305 3957 1318 3994 :

473 4048 587 4106 Nec
611 4046 855 4118 inquieto
895 4040 1160 4112 temporis
1195 4033 1463 4110 tyrannici

593 4141 802 4198 Palatio
833 4147 888 4195 te
917 4137 1220 4194 attolleres.

479 4237 617 4291 Dum
648 4249 800 4306 spem
825 4239 1092 4289 remotam
1121 4239 1338 4297 semper
1363 4219 1602 4292 arcessis
1630 4217 1751 4286 tibi,

595 4325 954 4382 Fastidiosius
977 4321 1150 4378 obviae
1170 4360 1188 4388 ,

481 4418 764 4489 Tuumque
791 4416 963 4472 mavis
993 4427 1136 4480 esse,
1170 4423 1336 4482 quam
1367 4406 1459 4462 fati
1487 4406 1712 4470 bonum,

589 4507 920 4565 Desiderasti
947 4504 1209 4576 plurima;

486 4601 665 4674 Vagus
698 4616 795 4672 per
815 4613 1004 4654 omnes
1031 4595 1356 4667 dignitatum
1388 4589 1676 4656 formulas,

601 4695 938 4766 Meritusque
961 4692 1113 4764 plura
1129 4733 1144 4757 ,
1178 4702 1340 4760 quam
1365 4698 1582 4757 gerens.

495 4788 646 4845 Unde
676 4788 923 4843 insecuto
951 4781 1239 4839 criminum
1269 4786 1419 4834 motu
1450 4774 1625 4846 gravi,

603 4881 842 4936 Donatus
867 4875 1126 4933 aerumnis
1155 4870 1324 4944 patris
1351 4889 1363 4923 :

494 4974 615 5030 Mox
645 4973 774 5030 inde
799 4973 1029 5036 Rhetor,
1058 4984 1160 5025 nec
1188 4963 1417 5022 docendi
1444 4961 1689 5035 pertinax
1714 5003 1727 5027 ,

2465 1181 2548 1237 Tu
2570 1178 2879 1250 Burdigala:

2465 1275 2648 1332 Laetus
2671 1271 2862 1344 patriae

2464 1366 2622 1424 Clara
2644 1365 2892 1421 cohortis

2467 1460 2682 1518 Vexilla
2708 1475 2902 1534 regens

2471 1556 2684 1616 Pubere
2713 1554 2767 1609 in
2790 1568 2933 1610 aevo.

2474 1742 2710 1810 Postque
2733 1737 2966 1804 Paterae,

2475 1832 2644 1903 Major
2671 1839 2905 1901 utroque
2932 1849 2946 1884 :

2477 1926 2562 1982 Tu
2587 1922 2860 1996 primaevis

2482 2023 2684 2077 Doctor
2710 2019 2766 2074 in
2793 2017 2972 2084 annis,

2483 2117 2555 2172 Et
2583 2120 2908 2185 praeceptor,

2483 2208 2761 2275 Tempore
2789 2219 2896 2274 quo
2929 2212 2983 2258 te

2483 2299 2704 2354 Discere
2735 2294 2982 2350 adultum

2479 2392 2596 2448 Non
2624 2400 2782 2460 turpe
2808 2387 2968 2454 foret,

2482 2490 2688 2545 Cuncta
2720 2481 2958 2540 habuisti

2482 2575 2780 2636 Commoda
2810 2573 2930 2631 fati.

2487 2674 2820 2729 Praetextate

2481 2765 2603 2822 Jam
2630 2759 2864 2834 genitori

2483 2859 2745 2915 Conlatus
2771 2868 2919 2910 eras.

2486 2953 2582 3009 Ille
2608 2947 2859 3019 superbae

2491 3044 2687 3104 Moenia
2717 3041 2936 3107 Romae,

2487 3140 2650 3196 Fama
2683 3143 2738 3192 et
2761 3131 2973 3190 meritis
2996 3173 3012 3198 ,

2491 3235 2611 3291 Non
2645 3232 2765 3287 sine
2789 3241 2977 3283 morsu

2495 3325 2688 3384 Gravis
2708 3320 2946 3386 invidia,

2492 3419 2737 3490 lnclytus
2765 3413 2936 3470 auxit.

2491 3513 2680 3572 Floris
2707 3507 2880 3566 adulti

2494 3607 2634 3664 Vota
2657 3613 2898 3669 tuorum,

2495 3705 2566 3760 Et
2594 3698 2947 3757 Rhetoricam

2497 3798 2677 3867 Fruge
2705 3799 2983 3848 carentem
3005 3831 3020 3856 ,

2500 3889 2566 3943 Et
2596 3881 2930 3942 connubium

2497 3978 2691 4036 Nobile
2719 3974 2918 4040 soceri,

2506 4073 2636 4130 Sine
2664 4082 2795 4138 pace
2821 4065 3023 4138 patris:

2501 4167 2573 4220 Et
2599 4159 2816 4218 divitias

2508 4256 2806 4324 Utriusque
2824 4292 2840 4319 ,
2879 4248 2998 4304 siue

2510 4345 2741 4405 Hazrede
2766 4357 2867 4399 suo

2505 4435 2826 4498 Deseruisti.

2514 4533 2710 4592 Omnia
2734 4542 2956 4600 praecox

2517 4627 2761 4682 Fortuna
2795 4620 2892 4676 tibi

2516 4720 2696 4787 Dedit,
2727 4726 2783 4774 et
2803 4717 3000 4788 rapuit.

2516 4816 2690 4885 Quam
2726 4811 2987 4881 fatiloquo

2515 4909 2670 4964 Dicte
2698 4903 2913 4976 profatu

2523 5006 2729 5061 Versus
2761 4999 2967 5056 Horatii
2997 5016 3009 5050 :

603 5068 797 5124 Curam
827 5065 1066 5124 fefellisti
1092 5073 1332 5135 patrum,
2524 5097 2566 5135 Ν

603 5083 797 5124 curam
827 5083 1066 5124 lelelllStl
1092 5083 1332 5135 patrum,
2554 5098 2566 5121 ἲ

499 5162 672 5218 Minus
699 5162 962 5218 malorum
995 5171 1220 5212 munere
1247 5161 1504 5224 expertus
1529 5150 1622 5204 Dei
1646 5191 1661 5213 ,
2524 5083 3198 5244 3?!“

606 5256 783 5314 Medio
812 5253 956 5326 quod
987 5253 1085 5307 mvi
1117 5258 1303 5320 raptus
1332 5263 1412 5304 es.

502 5349 702 5406 Errore
728 5348 875 5420 quod
907 5361 1014 5400 non
1047 5343 1312 5399 deviantis
1343 5341 1490 5405 ﬁlim,

616 5441 891 5511 Poenaque
914 5439 1078 5492 laesus
1109 5434 1374 5504 conjugis.

659 5569 747 5624 Vl.
791 5565 996 5622 Alethio
1028 5562 1318 5629 Minervio,
1349 5561 1458 5632 ﬁlio
1480 5602 1495 5628 ,
1527 5555 1745 5612 rhetori.

830 5681 874 5736 0
904 5679 1008 5732 ﬂos
1034 5677 1314 5746 juvenum,
2249 5665 2503 5720 Annuum
2531 5660 2700 5717 functi
2731 5667 2974 5711 memora
3007 5648 3222 5708 Leontii

827 5772 963 5841 Spes
993 5768 1114 5822 laeta
1141 5765 1350 5837 patris:
2533 5752 2763 5808 Nomine
2784 5747 3058 5804 threnum.

2151 5335 2265 5394 VII.
2307 5331 2556 5388 Leontius
2584 5327 2978 5404 grammaticus,
3011 5323 3350 5392 cognomento
3377 5313 3636 5370 Lascivus.

2245 5477 2348 5546 Qui
2374 5475 2510 5531 colis
2541 5476 2721 5540 lmtos,
2756 5471 3076 5538 hilaresque
3103 5474 3304 5526 mores,

2247 5569 2348 5639 Qui
2377 5566 2498 5623 dies
2525 5567 2712 5632 festos,
2739 5564 2888 5634 joca,
2918 5567 3064 5621 vota,
3097 5553 3307 5620 ludum,
