  <div class='ocr_page' id='page_1' title='image "/cluster/home/n/w/nwhite01/storage/ocr_20150623/19/hvd.32044015471345/438.png"; bbox 0 0 4072 6306; ppageno 0'>
   <div class='ocr_carea' id='block_1_1' title="bbox 223 285 332 343">
    <p class='ocr_par' dir='ltr' id='par_1_1' title="bbox 223 285 332 343">
     <span class='ocr_line' id='line_1_1' title="bbox 223 285 332 343; baseline 0.009 -1"><span class='ocrx_word' id='word_1_1' title='bbox 223 285 332 343; x_wconf 81' lang='lat'><strong>857</strong></span> 
     </span>
    </p>
   </div>
   <div class='ocr_carea' id='block_1_2' title="bbox 295 400 1345 474">
    <p class='ocr_par' dir='ltr' id='par_1_2' title="bbox 295 400 1345 474">
     <span class='ocr_line' id='line_1_2' title="bbox 295 400 1345 474; baseline -0.005 -14"><span class='ocrx_word' id='word_1_2' title='bbox 295 402 463 460; x_wconf 64' lang='lat' dir='ltr'><strong>Etas</strong></span> <span class='ocrx_word' id='word_1_3' title='bbox 497 401 570 460; x_wconf 93' lang='lat' dir='ltr'><strong>nil</strong></span> <span class='ocrx_word' id='word_1_4' title='bbox 600 401 668 458; x_wconf 90' lang='lat' dir='ltr'><strong>de</strong></span> <span class='ocrx_word' id='word_1_5' title='bbox 696 409 750 458; x_wconf 94' lang='lat' dir='ltr'><strong>te</strong></span> <span class='ocrx_word' id='word_1_6' title='bbox 777 402 1049 474; x_wconf 87' lang='lat' dir='ltr'><strong>posterior</strong></span> <span class='ocrx_word' id='word_1_7' title='bbox 1080 400 1345 457; x_wconf 78' lang='lat' dir='ltr'><strong>celebrat.</strong></span> 
     </span>
    </p>
   </div>
   <div class='ocr_carea' id='block_1_3' title="bbox 222 490 1726 565">
    <p class='ocr_par' dir='ltr' id='par_1_3' title="bbox 222 490 1726 565">
     <span class='ocr_line' id='line_1_3' title="bbox 222 490 1726 565; baseline -0.005 -12"><span class='ocrx_word' id='word_1_8' title='bbox 222 495 669 553; x_wconf 87' lang='lat' dir='ltr'><strong>Grammaticum</strong></span> <span class='ocrx_word' id='word_1_9' title='bbox 689 495 952 565; x_wconf 81' lang='lat' dir='ltr'><strong>juvenem</strong></span> <span class='ocrx_word' id='word_1_10' title='bbox 984 501 1193 548; x_wconf 86' lang='lat' dir='ltr'><strong>tantum</strong></span> <span class='ocrx_word' id='word_1_11' title='bbox 1226 501 1278 548; x_wconf 92' lang='lat' dir='ltr'><strong>tc</strong></span> <span class='ocrx_word' id='word_1_12' title='bbox 1305 492 1446 548; x_wconf 88' lang='lat' dir='ltr'><strong>fama</strong></span> <span class='ocrx_word' id='word_1_13' title='bbox 1483 490 1726 556; x_wconf 88' lang='lat' dir='ltr'><strong>ferebat,</strong></span> 
     </span>
    </p>
   </div>
   <div class='ocr_carea' id='block_1_4' title="bbox 296 587 1833 661">
    <p class='ocr_par' dir='ltr' id='par_1_4' title="bbox 296 587 1833 661">
     <span class='ocr_line' id='line_1_4' title="bbox 296 587 1833 661; baseline -0.003 -16"><span class='ocrx_word' id='word_1_14' title='bbox 296 591 444 646; x_wconf 86' lang='lat' dir='ltr'><strong>Tum</strong></span> <span class='ocrx_word' id='word_1_15' title='bbox 469 604 686 661; x_wconf 90' lang='lat' dir='ltr'><strong>quoque</strong></span> <span class='ocrx_word' id='word_1_16' title='bbox 708 600 815 644; x_wconf 91' lang='lat' dir='ltr'><strong>tam</strong></span> <span class='ocrx_word' id='word_1_17' title='bbox 844 589 1049 654; x_wconf 89' lang='lat' dir='ltr'><strong>tenuis,</strong></span> <span class='ocrx_word' id='word_1_18' title='bbox 1081 603 1243 659; x_wconf 90' lang='lat' dir='ltr'><strong>quam</strong></span> <span class='ocrx_word' id='word_1_19' title='bbox 1267 588 1431 643; x_wconf 90' lang='lat' dir='ltr'><strong>modo</strong></span> <span class='ocrx_word' id='word_1_20' title='bbox 1459 587 1608 643; x_wconf 90' lang='lat' dir='ltr'><strong>nulla</strong></span> <span class='ocrx_word' id='word_1_21' title='bbox 1631 594 1833 642; x_wconf 89' lang='lat' dir='ltr'><strong>manet.</strong></span> 
     </span>
    </p>
   </div>
   <div class='ocr_carea' id='block_1_5' title="bbox 227 681 1768 755">
    <p class='ocr_par' dir='ltr' id='par_1_5' title="bbox 227 681 1768 755">
     <span class='ocr_line' id='line_1_5' title="bbox 227 681 1768 755; baseline -0.002 -15"><span class='ocrx_word' id='word_1_22' title='bbox 227 684 338 740; x_wconf 86' lang='lat' dir='ltr'><strong>Sed</strong></span> <span class='ocrx_word' id='word_1_23' title='bbox 377 683 716 755; x_wconf 87' lang='lat' dir='ltr'><strong>quicumque</strong></span> <span class='ocrx_word' id='word_1_24' title='bbox 739 692 923 739; x_wconf 91' lang='lat' dir='ltr'><strong>tamen</strong></span> <span class='ocrx_word' id='word_1_25' title='bbox 943 725 958 751; x_wconf 94' lang='lat'><strong>,</strong></span> <span class='ocrx_word' id='word_1_26' title='bbox 990 690 1180 738; x_wconf 92' lang='lat' dir='ltr'><strong>nostro</strong></span> <span class='ocrx_word' id='word_1_27' title='bbox 1206 681 1328 752; x_wconf 88' lang='lat' dir='ltr'><strong>quia</strong></span> <span class='ocrx_word' id='word_1_28' title='bbox 1356 681 1548 738; x_wconf 91' lang='lat' dir='ltr'><strong>doctor</strong></span> <span class='ocrx_word' id='word_1_29' title='bbox 1572 681 1628 736; x_wconf 90' lang='lat' dir='ltr'><strong>in</strong></span> <span class='ocrx_word' id='word_1_30' title='bbox 1651 694 1768 737; x_wconf 67' lang='lat' dir='ltr'><strong>aevo</strong></span> 
     </span>
    </p>
   </div>
   <div class='ocr_carea' id='block_1_6' title="bbox 305 773 1622 844">
    <p class='ocr_par' dir='ltr' id='par_1_6' title="bbox 305 773 1622 844">
     <span class='ocr_line' id='line_1_6' title="bbox 305 773 1622 844; baseline 0 -14"><span class='ocrx_word' id='word_1_31' title='bbox 305 777 533 844; x_wconf 78' lang='lat' dir='ltr'><strong>Vixisti,</strong></span> <span class='ocrx_word' id='word_1_32' title='bbox 566 778 672 833; x_wconf 91' lang='lat' dir='ltr'><strong>hoc</strong></span> <span class='ocrx_word' id='word_1_33' title='bbox 703 784 954 833; x_wconf 84' lang='lat' dir='ltr'><strong>nostrum</strong></span> <span class='ocrx_word' id='word_1_34' title='bbox 986 790 1185 831; x_wconf 88' lang='lat' dir='ltr'><strong>munus</strong></span> <span class='ocrx_word' id='word_1_35' title='bbox 1213 774 1437 841; x_wconf 85' lang='lat' dir='ltr'><strong>habeto,</strong></span> <span class='ocrx_word' id='word_1_36' title='bbox 1469 773 1622 830; x_wconf 90' lang='lat' dir='ltr'><strong>Vale.</strong></span> 
     </span>
    </p>
   </div>
   <div class='ocr_carea' id='block_1_7' title="bbox 335 913 1717 987">
    <p class='ocr_par' dir='ltr' id='par_1_7' title="bbox 335 913 1717 987">
     <span class='ocr_line' id='line_1_7' title="bbox 335 913 1717 987; baseline -0.002 -16"><span class='ocrx_word' id='word_1_37' title='bbox 335 914 492 972; x_wconf 81' lang='lat' dir='ltr'><strong>XIlI.</strong></span> <span class='ocrx_word' id='word_1_38' title='bbox 531 915 725 971; x_wconf 80' lang='lat' dir='ltr'><strong>Citario</strong></span> <span class='ocrx_word' id='word_1_39' title='bbox 747 914 939 987; x_wconf 74' lang='lat' dir='ltr'><strong>§icala</strong></span> <span class='ocrx_word' id='word_1_40' title='bbox 985 913 1347 987; x_wconf 72' lang='lat' dir='ltr'><strong>Syracusano,</strong></span> <span class='ocrx_word' id='word_1_41' title='bbox 1378 914 1717 987; x_wconf 76' lang='lat' dir='ltr'><strong>grammatico</strong></span> 
     </span>
    </p>
   </div>
   <div class='ocr_carea' id='block_1_8' title="bbox 737 984 1336 1058">
    <p class='ocr_par' dir='ltr' id='par_1_8' title="bbox 737 984 1336 1058">
     <span class='ocr_line' id='line_1_8' title="bbox 737 984 1336 1058; baseline 0.002 -18"><span class='ocrx_word' id='word_1_42' title='bbox 737 984 1107 1058; x_wconf 83' lang='lat' dir='ltr'><strong>Burdigalensi</strong></span> <span class='ocrx_word' id='word_1_43' title='bbox 1133 985 1336 1042; x_wconf 77' lang='lat' dir='ltr'><strong>erco.</strong></span> 
     </span>
    </p>
   </div>
   <div class='ocr_carea' id='block_1_9' title="bbox 227 1099 1586 1173">
    <p class='ocr_par' dir='ltr' id='par_1_9' title="bbox 227 1099 1586 1173">
     <span class='ocr_line' id='line_1_9' title="bbox 227 1099 1586 1173; baseline 0.001 -16"><span class='ocrx_word' id='word_1_44' title='bbox 227 1102 290 1158; x_wconf 79' lang='lat' dir='ltr'><strong>Et</strong></span> <span class='ocrx_word' id='word_1_45' title='bbox 319 1101 521 1168; x_wconf 85' lang='lat' dir='ltr'><strong>Citari,</strong></span> <span class='ocrx_word' id='word_1_46' title='bbox 551 1100 754 1157; x_wconf 80' lang='lat' dir='ltr'><strong>dilecte</strong></span> <span class='ocrx_word' id='word_1_47' title='bbox 780 1099 932 1167; x_wconf 91' lang='lat' dir='ltr'><strong>mihi,</strong></span> <span class='ocrx_word' id='word_1_48' title='bbox 961 1100 1357 1167; x_wconf 85' lang='lat' dir='ltr'><strong>memorabere,</strong></span> <span class='ocrx_word' id='word_1_49' title='bbox 1389 1101 1586 1173; x_wconf 88' lang='lat' dir='ltr'><strong>dignus</strong></span> 
     </span>
    </p>
   </div>
   <div class='ocr_carea' id='block_1_10' title="bbox 296 1193 1514 1264">
    <p class='ocr_par' dir='ltr' id='par_1_10' title="bbox 296 1193 1514 1264">
     <span class='ocr_line' id='line_1_10' title="bbox 296 1193 1514 1264; baseline 0 -13"><span class='ocrx_word' id='word_1_50' title='bbox 296 1193 710 1251; x_wconf 88' lang='lat' dir='ltr'><strong>Grammaticos</strong></span> <span class='ocrx_word' id='word_1_51' title='bbox 738 1195 885 1250; x_wconf 91' lang='lat' dir='ltr'><strong>inter</strong></span> <span class='ocrx_word' id='word_1_52' title='bbox 913 1194 1004 1264; x_wconf 88' lang='lat' dir='ltr'><strong>qui</strong></span> <span class='ocrx_word' id='word_1_53' title='bbox 1021 1193 1302 1251; x_wconf 88' lang='lat' dir='ltr'><strong>celebrere</strong></span> <span class='ocrx_word' id='word_1_54' title='bbox 1324 1195 1514 1252; x_wconf 91' lang='lat' dir='ltr'><strong>bonos.</strong></span> 
     </span>
    </p>
   </div>
   <div class='ocr_carea' id='block_1_11' title="bbox 227 1285 1481 1361">
    <p class='ocr_par' dir='ltr' id='par_1_11' title="bbox 227 1285 1481 1361">
     <span class='ocr_line' id='line_1_11' title="bbox 227 1285 1481 1361; baseline 0 -15"><span class='ocrx_word' id='word_1_55' title='bbox 227 1288 399 1346; x_wconf 83' lang='lat' dir='ltr'><strong>Esset</strong></span> <span class='ocrx_word' id='word_1_56' title='bbox 429 1287 730 1343; x_wconf 88' lang='lat' dir='ltr'><strong>Aristarchi</strong></span> <span class='ocrx_word' id='word_1_57' title='bbox 763 1285 861 1342; x_wconf 90' lang='lat' dir='ltr'><strong>tibi</strong></span> <span class='ocrx_word' id='word_1_58' title='bbox 889 1287 1082 1359; x_wconf 81' lang='lat' dir='ltr'><strong>gloria,</strong></span> <span class='ocrx_word' id='word_1_59' title='bbox 1112 1288 1481 1361; x_wconf 87' lang='lat' dir='ltr'><strong>Zenodotique</strong></span> 
     </span>
    </p>
   </div>
   <div class='ocr_carea' id='block_1_12' title="bbox 296 1380 1538 1451">
    <p class='ocr_par' dir='ltr' id='par_1_12' title="bbox 296 1380 1538 1451">
     <span class='ocr_line' id='line_1_12' title="bbox 296 1380 1538 1451; baseline 0 -15"><span class='ocrx_word' id='word_1_60' title='bbox 296 1381 618 1446; x_wconf 86' lang='lat' dir='ltr'><strong>Graiorum,</strong></span> <span class='ocrx_word' id='word_1_61' title='bbox 645 1380 897 1451; x_wconf 90' lang='lat' dir='ltr'><strong>antiquus</strong></span> <span class='ocrx_word' id='word_1_62' title='bbox 919 1380 963 1434; x_wconf 92' lang='lat' dir='ltr'><strong>si</strong></span> <span class='ocrx_word' id='word_1_63' title='bbox 992 1389 1311 1451; x_wconf 84' lang='lat' dir='ltr'><strong>sequeretur</strong></span> <span class='ocrx_word' id='word_1_64' title='bbox 1341 1381 1538 1438; x_wconf 88' lang='lat' dir='ltr'><strong>honos.</strong></span> 
     </span>
    </p>
   </div>
   <div class='ocr_carea' id='block_1_13' title="bbox 230 1471 1838 1542">
    <p class='ocr_par' dir='ltr' id='par_1_13' title="bbox 230 1471 1838 1542">
     <span class='ocr_line' id='line_1_13' title="bbox 230 1471 1838 1542; baseline 0.002 -14"><span class='ocrx_word' id='word_1_65' title='bbox 230 1471 610 1539; x_wconf 87' lang='lat' dir='ltr'><strong>Carminibus,</strong></span> <span class='ocrx_word' id='word_1_66' title='bbox 641 1487 763 1542; x_wconf 68' lang='lat' dir='ltr'><strong>qua:</strong></span> <span class='ocrx_word' id='word_1_67' title='bbox 804 1472 979 1541; x_wconf 89' lang='lat' dir='ltr'><strong>prima</strong></span> <span class='ocrx_word' id='word_1_68' title='bbox 1013 1471 1122 1528; x_wconf 91' lang='lat' dir='ltr'><strong>tuis</strong></span> <span class='ocrx_word' id='word_1_69' title='bbox 1152 1482 1281 1528; x_wconf 90' lang='lat' dir='ltr'><strong>sunt</strong></span> <span class='ocrx_word' id='word_1_70' title='bbox 1314 1474 1534 1531; x_wconf 85' lang='lat' dir='ltr'><strong>condita</strong></span> <span class='ocrx_word' id='word_1_71' title='bbox 1564 1475 1617 1532; x_wconf 93' lang='lat' dir='ltr'><strong>in</strong></span> <span class='ocrx_word' id='word_1_72' title='bbox 1659 1476 1838 1542; x_wconf 88' lang='lat' dir='ltr'><strong>annis,</strong></span> 
     </span>
    </p>
   </div>
   <div class='ocr_carea' id='block_1_14' title="bbox 303 1564 1229 1623">
    <p class='ocr_par' dir='ltr' id='par_1_14' title="bbox 303 1564 1229 1623">
     <span class='ocr_line' id='line_1_14' title="bbox 303 1564 1229 1623; baseline -0.002 0"><span class='ocrx_word' id='word_1_73' title='bbox 303 1565 575 1623; x_wconf 91' lang='lat' dir='ltr'><strong>Concedit</strong></span> <span class='ocrx_word' id='word_1_74' title='bbox 607 1564 703 1621; x_wconf 91' lang='lat' dir='ltr'><strong>Cei</strong></span> <span class='ocrx_word' id='word_1_75' title='bbox 727 1565 876 1621; x_wconf 85' lang='lat' dir='ltr'><strong>Musa</strong></span> <span class='ocrx_word' id='word_1_76' title='bbox 909 1565 1229 1623; x_wconf 89' lang='lat' dir='ltr'><strong>Simonidei.</strong></span> 
     </span>
    </p>
   </div>
   <div class='ocr_carea' id='block_1_15' title="bbox 235 1659 1662 1734">
    <p class='ocr_par' dir='ltr' id='par_1_15' title="bbox 235 1659 1662 1734">
     <span class='ocr_line' id='line_1_15' title="bbox 235 1659 1662 1734; baseline 0.003 -18"><span class='ocrx_word' id='word_1_77' title='bbox 235 1659 386 1716; x_wconf 88' lang='lat' dir='ltr'><strong>Urbe</strong></span> <span class='ocrx_word' id='word_1_78' title='bbox 413 1669 567 1716; x_wconf 88' lang='lat' dir='ltr'><strong>satus</strong></span> <span class='ocrx_word' id='word_1_79' title='bbox 594 1660 799 1728; x_wconf 90' lang='lat' dir='ltr'><strong>Sicula,</strong></span> <span class='ocrx_word' id='word_1_80' title='bbox 836 1671 1077 1717; x_wconf 90' lang='lat' dir='ltr'><strong>nostram</strong></span> <span class='ocrx_word' id='word_1_81' title='bbox 1109 1663 1432 1734; x_wconf 84' lang='lat' dir='ltr'><strong>peregrinus</strong></span> <span class='ocrx_word' id='word_1_82' title='bbox 1460 1663 1620 1720; x_wconf 88' lang='lat' dir='ltr'><strong>adisti</strong></span> <span class='ocrx_word' id='word_1_83' title='bbox 1645 1680 1662 1720; x_wconf 88' lang='lat'><strong>:</strong></span> 
     </span>
    </p>
   </div>
   <div class='ocr_carea' id='block_1_16' title="bbox 304 1754 1599 1827">
    <p class='ocr_par' dir='ltr' id='par_1_16' title="bbox 304 1754 1599 1827">
     <span class='ocr_line' id='line_1_16' title="bbox 304 1754 1599 1827; baseline 0 -17"><span class='ocrx_word' id='word_1_84' title='bbox 304 1754 601 1810; x_wconf 87' lang='lat' dir='ltr'><strong>Excultam</strong></span> <span class='ocrx_word' id='word_1_85' title='bbox 637 1754 831 1810; x_wconf 87' lang='lat' dir='ltr'><strong>studiis</strong></span> <span class='ocrx_word' id='word_1_86' title='bbox 859 1770 1019 1826; x_wconf 90' lang='lat' dir='ltr'><strong>quam</strong></span> <span class='ocrx_word' id='word_1_87' title='bbox 1058 1770 1228 1827; x_wconf 88' lang='lat' dir='ltr'><strong>prope</strong></span> <span class='ocrx_word' id='word_1_88' title='bbox 1257 1756 1599 1812; x_wconf 82' lang='lat' dir='ltr'><strong>reddideras.</strong></span> 
     </span>
    </p>
   </div>
   <div class='ocr_carea' id='block_1_17' title="bbox 227 1846 1584 1920">
    <p class='ocr_par' dir='ltr' id='par_1_17' title="bbox 227 1846 1584 1920">
     <span class='ocr_line' id='line_1_17' title="bbox 227 1846 1584 1920; baseline 0.003 -18"><span class='ocrx_word' id='word_1_89' title='bbox 227 1846 559 1918; x_wconf 85' lang='lat' dir='ltr'><strong>Conjugium</strong></span> <span class='ocrx_word' id='word_1_90' title='bbox 590 1856 781 1904; x_wconf 88' lang='lat' dir='ltr'><strong>nactus</strong></span> <span class='ocrx_word' id='word_1_91' title='bbox 804 1850 916 1904; x_wconf 88' lang='lat' dir='ltr'><strong>cito</strong></span> <span class='ocrx_word' id='word_1_92' title='bbox 943 1848 1162 1916; x_wconf 90' lang='lat' dir='ltr'><strong>nobilis,</strong></span> <span class='ocrx_word' id='word_1_93' title='bbox 1192 1857 1247 1904; x_wconf 89' lang='lat' dir='ltr'><strong>et</strong></span> <span class='ocrx_word' id='word_1_94' title='bbox 1275 1849 1584 1920; x_wconf 83' lang='lat' dir='ltr'><strong>locupletis,</strong></span> 
     </span>
    </p>
   </div>
   <div class='ocr_carea' id='block_1_18' title="bbox 304 1938 1294 2012">
    <p class='ocr_par' dir='ltr' id='par_1_18' title="bbox 304 1938 1294 2012">
     <span class='ocr_line' id='line_1_18' title="bbox 304 1938 1294 2012; baseline 0.001 -18"><span class='ocrx_word' id='word_1_95' title='bbox 304 1938 520 1994; x_wconf 89' lang='lat' dir='ltr'><strong>Invidia</strong></span> <span class='ocrx_word' id='word_1_96' title='bbox 545 1939 640 1995; x_wconf 89' lang='lat' dir='ltr'><strong>fati</strong></span> <span class='ocrx_word' id='word_1_97' title='bbox 664 1956 772 1995; x_wconf 92' lang='lat' dir='ltr'><strong>nun</strong></span> <span class='ocrx_word' id='word_1_98' title='bbox 802 1941 1014 2012; x_wconf 82' lang='lat' dir='ltr'><strong>genitor</strong></span> <span class='ocrx_word' id='word_1_99' title='bbox 1044 1941 1294 1997; x_wconf 84' lang='lat' dir='ltr'><strong>moreris.</strong></span> 
     </span>
    </p>
   </div>
   <div class='ocr_carea' id='block_1_19' title="bbox 233 2031 1673 2092">
    <p class='ocr_par' dir='ltr' id='par_1_19' title="bbox 233 2031 1673 2092">
     <span class='ocr_line' id='line_1_19' title="bbox 233 2031 1673 2092; baseline 0.001 -5"><span class='ocrx_word' id='word_1_100' title='bbox 233 2031 305 2087; x_wconf 82' lang='lat' dir='ltr'><strong>At</strong></span> <span class='ocrx_word' id='word_1_101' title='bbox 326 2047 432 2088; x_wconf 88' lang='lat' dir='ltr'><strong>nos</strong></span> <span class='ocrx_word' id='word_1_102' title='bbox 454 2033 772 2090; x_wconf 88' lang='lat' dir='ltr'><strong>defunctum</strong></span> <span class='ocrx_word' id='word_1_103' title='bbox 801 2034 1028 2090; x_wconf 91' lang='lat' dir='ltr'><strong>memori</strong></span> <span class='ocrx_word' id='word_1_104' title='bbox 1051 2033 1390 2092; x_wconf 84' lang='lat' dir='ltr'><strong>celebramus</strong></span> <span class='ocrx_word' id='word_1_105' title='bbox 1420 2035 1628 2092; x_wconf 90' lang='lat' dir='ltr'><strong>honore</strong></span> <span class='ocrx_word' id='word_1_106' title='bbox 1663 2055 1673 2089; x_wconf 93' lang='lat'><strong>:</strong></span> 
     </span>
    </p>
   </div>
   <div class='ocr_carea' id='block_1_20' title="bbox 302 2123 1408 2183">
    <p class='ocr_par' dir='ltr' id='par_1_20' title="bbox 302 2123 1408 2183">
     <span class='ocr_line' id='line_1_20' title="bbox 302 2123 1408 2183; baseline 0.004 -5"><span class='ocrx_word' id='word_1_107' title='bbox 302 2123 568 2181; x_wconf 88' lang='lat' dir='ltr'><strong>Fovimus</strong></span> <span class='ocrx_word' id='word_1_108' title='bbox 589 2134 649 2181; x_wconf 91' lang='lat' dir='ltr'><strong>ut</strong></span> <span class='ocrx_word' id='word_1_109' title='bbox 678 2126 857 2181; x_wconf 87' lang='lat' dir='ltr'><strong>vivum</strong></span> <span class='ocrx_word' id='word_1_110' title='bbox 880 2142 1106 2182; x_wconf 90' lang='lat' dir='ltr'><strong>munere</strong></span> <span class='ocrx_word' id='word_1_111' title='bbox 1132 2128 1408 2183; x_wconf 67' lang='lat' dir='ltr'><strong>amicitiae.</strong></span> 
     </span>
    </p>
   </div>
   <div class='ocr_carea' id='block_1_21' title="bbox 462 2238 1614 2315">
    <p class='ocr_par' dir='ltr' id='par_1_21' title="bbox 462 2238 1614 2315">
     <span class='ocr_line' id='line_1_21' title="bbox 462 2238 1614 2315; baseline 0.003 -21"><span class='ocrx_word' id='word_1_112' title='bbox 462 2238 603 2298; x_wconf 84' lang='lat' dir='ltr'><strong>XIV.</strong></span> <span class='ocrx_word' id='word_1_113' title='bbox 636 2241 882 2297; x_wconf 82' lang='lat' dir='ltr'><strong>Censorio</strong></span> <span class='ocrx_word' id='word_1_114' title='bbox 915 2241 1081 2297; x_wconf 81' lang='lat' dir='ltr'><strong>Attico</strong></span> <span class='ocrx_word' id='word_1_115' title='bbox 1112 2243 1340 2315; x_wconf 87' lang='lat' dir='ltr'><strong>Agricio,</strong></span> <span class='ocrx_word' id='word_1_116' title='bbox 1372 2242 1614 2298; x_wconf 85' lang='lat' dir='ltr'><strong>Rhetori.</strong></span> 
     </span>
    </p>
   </div>
   <div class='ocr_carea' id='block_1_22' title="bbox 233 2354 1370 2427">
    <p class='ocr_par' dir='ltr' id='par_1_22' title="bbox 233 2354 1370 2427">
     <span class='ocr_line' id='line_1_22' title="bbox 233 2354 1370 2427; baseline -0.002 -15"><span class='ocrx_word' id='word_1_117' title='bbox 233 2354 451 2424; x_wconf 87' lang='lat' dir='ltr'><strong>Eloquii</strong></span> <span class='ocrx_word' id='word_1_118' title='bbox 475 2356 670 2412; x_wconf 92' lang='lat' dir='ltr'><strong>merito</strong></span> <span class='ocrx_word' id='word_1_119' title='bbox 691 2355 882 2425; x_wconf 87' lang='lat' dir='ltr'><strong>primis</strong></span> <span class='ocrx_word' id='word_1_120' title='bbox 905 2355 1189 2427; x_wconf 67' lang='lat' dir='ltr'><strong>asquandc,</strong></span> <span class='ocrx_word' id='word_1_121' title='bbox 1222 2355 1370 2410; x_wconf 81' lang='lat' dir='ltr'><strong>fuisti</strong></span> 
     </span>
    </p>
   </div>
   <div class='ocr_carea' id='block_1_23' title="bbox 307 2447 1374 2519">
    <p class='ocr_par' dir='ltr' id='par_1_23' title="bbox 307 2447 1374 2519">
     <span class='ocr_line' id='line_1_23' title="bbox 307 2447 1374 2519; baseline 0 -15"><span class='ocrx_word' id='word_1_122' title='bbox 307 2447 496 2519; x_wconf 86' lang='lat' dir='ltr'><strong>Agrici</strong></span> <span class='ocrx_word' id='word_1_123' title='bbox 530 2447 618 2504; x_wconf 91' lang='lat' dir='ltr'><strong>hic</strong></span> <span class='ocrx_word' id='word_1_124' title='bbox 641 2449 850 2518; x_wconf 88' lang='lat' dir='ltr'><strong>positus</strong></span> <span class='ocrx_word' id='word_1_125' title='bbox 879 2449 1186 2519; x_wconf 89' lang='lat' dir='ltr'><strong>posteriore</strong></span> <span class='ocrx_word' id='word_1_126' title='bbox 1212 2449 1331 2506; x_wconf 92' lang='lat' dir='ltr'><strong>loco</strong></span> <span class='ocrx_word' id='word_1_127' title='bbox 1360 2465 1374 2504; x_wconf 92' lang='lat'><strong>:</strong></span> 
     </span>
    </p>
   </div>
   <div class='ocr_carea' id='block_1_24' title="bbox 232 2540 1626 2614">
    <p class='ocr_par' dir='ltr' id='par_1_24' title="bbox 232 2540 1626 2614">
     <span class='ocr_line' id='line_1_24' title="bbox 232 2540 1626 2614; baseline 0.003 -18"><span class='ocrx_word' id='word_1_128' title='bbox 232 2540 374 2597; x_wconf 57' lang='grc' dir='ltr'><strong>[Ενο</strong></span> <span class='ocrx_word' id='word_1_129' title='bbox 404 2543 496 2613; x_wconf 88' lang='lat' dir='ltr'><strong>qui</strong></span> <span class='ocrx_word' id='word_1_130' title='bbox 519 2542 772 2612; x_wconf 91' lang='lat' dir='ltr'><strong>quoniam</strong></span> <span class='ocrx_word' id='word_1_131' title='bbox 801 2546 1015 2612; x_wconf 89' lang='lat' dir='ltr'><strong>genitus</strong></span> <span class='ocrx_word' id='word_1_132' title='bbox 1040 2542 1366 2614; x_wconf 89' lang='lat' dir='ltr'><strong>functusque</strong></span> <span class='ocrx_word' id='word_1_133' title='bbox 1399 2545 1626 2613; x_wconf 88' lang='lat' dir='ltr'><strong>recenti,</strong></span> 
     </span>
    </p>
   </div>
   <div class='ocr_carea' id='block_1_25' title="bbox 305 2634 1370 2700">
    <p class='ocr_par' dir='ltr' id='par_1_25' title="bbox 305 2634 1370 2700">
     <span class='ocr_line' id='line_1_25' title="bbox 305 2634 1370 2700; baseline 0.001 -12"><span class='ocrx_word' id='word_1_134' title='bbox 305 2635 521 2690; x_wconf 89' lang='lat' dir='ltr'><strong>Dilatus</strong></span> <span class='ocrx_word' id='word_1_135' title='bbox 547 2634 724 2700; x_wconf 89' lang='lat' dir='ltr'><strong>nobis,</strong></span> <span class='ocrx_word' id='word_1_136' title='bbox 752 2651 857 2689; x_wconf 93' lang='lat' dir='ltr'><strong>non</strong></span> <span class='ocrx_word' id='word_1_137' title='bbox 881 2643 936 2690; x_wconf 94' lang='lat' dir='ltr'><strong>et</strong></span> <span class='ocrx_word' id='word_1_138' title='bbox 961 2635 1197 2691; x_wconf 88' lang='lat' dir='ltr'><strong>omissus</strong></span> <span class='ocrx_word' id='word_1_139' title='bbox 1227 2650 1370 2690; x_wconf 88' lang='lat' dir='ltr'><strong>eras.</strong></span> 
     </span>
    </p>
   </div>
   <div class='ocr_carea' id='block_1_26' title="bbox 234 2729 1836 2798">
    <p class='ocr_par' dir='ltr' id='par_1_26' title="bbox 234 2729 1836 2798">
     <span class='ocr_line' id='line_1_26' title="bbox 234 2729 1836 2798; baseline 0.001 -13"><span class='ocrx_word' id='word_1_140' title='bbox 234 2729 593 2798; x_wconf 87' lang='lat' dir='ltr'><strong>Quocumque</strong></span> <span class='ocrx_word' id='word_1_141' title='bbox 631 2729 688 2784; x_wconf 90' lang='lat' dir='ltr'><strong>in</strong></span> <span class='ocrx_word' id='word_1_142' title='bbox 731 2745 979 2796; x_wconf 91' lang='lat' dir='ltr'><strong>numero,</strong></span> <span class='ocrx_word' id='word_1_143' title='bbox 1013 2730 1157 2785; x_wconf 85' lang='lat' dir='ltr'><strong>tristi</strong></span> <span class='ocrx_word' id='word_1_144' title='bbox 1194 2730 1573 2787; x_wconf 82' lang='lat' dir='ltr'><strong>memorabere</strong></span> <span class='ocrx_word' id='word_1_145' title='bbox 1621 2732 1836 2787; x_wconf 91' lang='lat' dir='ltr'><strong>threno.</strong></span> 
     </span>
    </p>
   </div>
   <div class='ocr_carea' id='block_1_27' title="bbox 309 2820 1533 2888">
    <p class='ocr_par' dir='ltr' id='par_1_27' title="bbox 309 2820 1533 2888">
     <span class='ocr_line' id='line_1_27' title="bbox 309 2820 1533 2888; baseline -0.001 -12"><span class='ocrx_word' id='word_1_146' title='bbox 309 2821 460 2876; x_wconf 85' lang='lat' dir='ltr'><strong>Unus</strong></span> <span class='ocrx_word' id='word_1_147' title='bbox 488 2820 662 2876; x_wconf 90' lang='lat' dir='ltr'><strong>bonos</strong></span> <span class='ocrx_word' id='word_1_148' title='bbox 689 2822 882 2876; x_wconf 90' lang='lat' dir='ltr'><strong>tumuli</strong></span> <span class='ocrx_word' id='word_1_149' title='bbox 913 2836 1093 2888; x_wconf 90' lang='lat' dir='ltr'><strong>serus,</strong></span> <span class='ocrx_word' id='word_1_150' title='bbox 1115 2830 1173 2878; x_wconf 88' lang='lat' dir='ltr'><strong>et</strong></span> <span class='ocrx_word' id='word_1_151' title='bbox 1201 2833 1326 2878; x_wconf 83' lang='lat' dir='ltr'><strong>ante</strong></span> <span class='ocrx_word' id='word_1_152' title='bbox 1353 2823 1533 2879; x_wconf 88' lang='lat' dir='ltr'><strong>datus.</strong></span> 
     </span>
    </p>
   </div>
   <div class='ocr_carea' id='block_1_28' title="bbox 237 2913 1746 2988">
    <p class='ocr_par' dir='ltr' id='par_1_28' title="bbox 237 2913 1746 2988">
     <span class='ocr_line' id='line_1_28' title="bbox 237 2913 1746 2988; baseline 0.001 -20"><span class='ocrx_word' id='word_1_153' title='bbox 237 2913 369 2970; x_wconf 89' lang='lat' dir='ltr'><strong>Tam</strong></span> <span class='ocrx_word' id='word_1_154' title='bbox 403 2915 623 2985; x_wconf 83' lang='lat' dir='ltr'><strong>generis</strong></span> <span class='ocrx_word' id='word_1_155' title='bbox 655 2915 750 2970; x_wconf 90' lang='lat' dir='ltr'><strong>tibi</strong></span> <span class='ocrx_word' id='word_1_156' title='bbox 777 2915 956 2972; x_wconf 88' lang='lat' dir='ltr'><strong>celsus</strong></span> <span class='ocrx_word' id='word_1_157' title='bbox 989 2930 1152 2984; x_wconf 83' lang='lat' dir='ltr'><strong>apex,</strong></span> <span class='ocrx_word' id='word_1_158' title='bbox 1182 2931 1342 2986; x_wconf 90' lang='lat' dir='ltr'><strong>quam</strong></span> <span class='ocrx_word' id='word_1_159' title='bbox 1370 2917 1544 2988; x_wconf 81' lang='lat' dir='ltr'><strong>gloria</strong></span> <span class='ocrx_word' id='word_1_160' title='bbox 1575 2915 1746 2972; x_wconf 88' lang='lat' dir='ltr'><strong>fandi.</strong></span> 
     </span>
    </p>
   </div>
   <div class='ocr_carea' id='block_1_29' title="bbox 306 3006 1338 3077">
    <p class='ocr_par' dir='ltr' id='par_1_29' title="bbox 306 3006 1338 3077">
     <span class='ocr_line' id='line_1_29' title="bbox 306 3006 1338 3077; baseline 0.001 -15"><span class='ocrx_word' id='word_1_161' title='bbox 306 3006 494 3062; x_wconf 87' lang='lat' dir='ltr'><strong>Gloria</strong></span> <span class='ocrx_word' id='word_1_162' title='bbox 527 3007 776 3064; x_wconf 81' lang='lat' dir='ltr'><strong>Athenaei</strong></span> <span class='ocrx_word' id='word_1_163' title='bbox 805 3008 1018 3077; x_wconf 85' lang='lat' dir='ltr'><strong>cognita</strong></span> <span class='ocrx_word' id='word_1_164' title='bbox 1043 3007 1176 3063; x_wconf 88' lang='lat' dir='ltr'><strong>sede</strong></span> <span class='ocrx_word' id='word_1_165' title='bbox 1203 3008 1338 3075; x_wconf 89' lang='lat' dir='ltr'><strong>loci;</strong></span> 
     </span>
    </p>
   </div>
   <div class='ocr_carea' id='block_1_30' title="bbox 235 3099 1513 3173">
    <p class='ocr_par' dir='ltr' id='par_1_30' title="bbox 235 3099 1513 3173">
     <span class='ocr_line' id='line_1_30' title="bbox 235 3099 1513 3173; baseline 0.001 -18"><span class='ocrx_word' id='word_1_166' title='bbox 235 3099 490 3167; x_wconf 84' lang='lat' dir='ltr'><strong>Nazario,</strong></span> <span class='ocrx_word' id='word_1_167' title='bbox 517 3111 572 3156; x_wconf 91' lang='lat' dir='ltr'><strong>et</strong></span> <span class='ocrx_word' id='word_1_168' title='bbox 599 3101 749 3156; x_wconf 89' lang='lat' dir='ltr'><strong>claro</strong></span> <span class='ocrx_word' id='word_1_169' title='bbox 779 3102 1050 3173; x_wconf 88' lang='lat' dir='ltr'><strong>quondam</strong></span> <span class='ocrx_word' id='word_1_170' title='bbox 1076 3101 1254 3158; x_wconf 88' lang='lat' dir='ltr'><strong>delata</strong></span> <span class='ocrx_word' id='word_1_171' title='bbox 1286 3102 1513 3171; x_wconf 67' lang='lat' dir='ltr'><strong>Paterre,</strong></span> 
     </span>
    </p>
   </div>
   <div class='ocr_carea' id='block_1_31' title="bbox 307 3193 1318 3266">
    <p class='ocr_par' dir='ltr' id='par_1_31' title="bbox 307 3193 1318 3266">
     <span class='ocr_line' id='line_1_31' title="bbox 307 3193 1318 3266; baseline 0.001 -18"><span class='ocrx_word' id='word_1_172' title='bbox 307 3194 541 3266; x_wconf 80' lang='lat' dir='ltr'><strong>Egregie</strong></span> <span class='ocrx_word' id='word_1_173' title='bbox 569 3195 770 3250; x_wconf 90' lang='lat' dir='ltr'><strong>multos</strong></span> <span class='ocrx_word' id='word_1_174' title='bbox 800 3194 1040 3250; x_wconf 82' lang='lat' dir='ltr'><strong>excoluit</strong></span> <span class='ocrx_word' id='word_1_175' title='bbox 1063 3193 1318 3265; x_wconf 84' lang='lat' dir='ltr'><strong>juvenes.</strong></span> 
     </span>
    </p>
   </div>
   <div class='ocr_carea' id='block_1_32' title="bbox 235 3283 1763 3360">
    <p class='ocr_par' dir='ltr' id='par_1_32' title="bbox 235 3283 1763 3360">
     <span class='ocr_line' id='line_1_32' title="bbox 235 3283 1763 3360; baseline 0.003 -20"><span class='ocrx_word' id='word_1_176' title='bbox 235 3283 478 3357; x_wconf 88' lang='lat' dir='ltr'><strong>Conjngc</strong></span> <span class='ocrx_word' id='word_1_177' title='bbox 507 3303 674 3355; x_wconf 90' lang='lat' dir='ltr'><strong>nunc,</strong></span> <span class='ocrx_word' id='word_1_178' title='bbox 711 3289 959 3357; x_wconf 88' lang='lat' dir='ltr'><strong>natisque</strong></span> <span class='ocrx_word' id='word_1_179' title='bbox 990 3287 1410 3360; x_wconf 67' lang='lat' dir='ltr'><strong>superstitibus,</strong></span> <span class='ocrx_word' id='word_1_180' title='bbox 1432 3303 1763 3360; x_wconf 86' lang='lat' dir='ltr'><strong>generoque,</strong></span> 
     </span>
    </p>
   </div>
   <div class='ocr_carea' id='block_1_33' title="bbox 307 3380 1456 3450">
    <p class='ocr_par' dir='ltr' id='par_1_33' title="bbox 307 3380 1456 3450">
     <span class='ocr_line' id='line_1_33' title="bbox 307 3380 1456 3450; baseline -0.001 -13"><span class='ocrx_word' id='word_1_181' title='bbox 307 3380 577 3450; x_wconf 77' lang='lat' dir='ltr'><strong>Majornm</strong></span> <span class='ocrx_word' id='word_1_182' title='bbox 607 3380 790 3437; x_wconf 84' lang='lat' dir='ltr'><strong>Manes</strong></span> <span class='ocrx_word' id='word_1_183' title='bbox 817 3393 872 3437; x_wconf 90' lang='lat' dir='ltr'><strong>et</strong></span> <span class='ocrx_word' id='word_1_184' title='bbox 899 3390 1252 3438; x_wconf 90' lang='lat' dir='ltr'><strong>monumenta</strong></span> <span class='ocrx_word' id='word_1_185' title='bbox 1280 3381 1456 3438; x_wconf 84' lang='lat' dir='ltr'><strong>foves.</strong></span> 
     </span>
    </p>
   </div>
   <div class='ocr_carea' id='block_1_34' title="bbox 381 3497 1690 3572">
    <p class='ocr_par' dir='ltr' id='par_1_34' title="bbox 381 3497 1690 3572">
     <span class='ocr_line' id='line_1_34' title="bbox 381 3497 1690 3572; baseline 0 -18"><span class='ocrx_word' id='word_1_186' title='bbox 381 3497 499 3554; x_wconf 78' lang='lat' dir='ltr'><strong>XV.</strong></span> <span class='ocrx_word' id='word_1_187' title='bbox 522 3498 844 3570; x_wconf 83' lang='lat' dir='ltr'><strong>Nepotiano,</strong></span> <span class='ocrx_word' id='word_1_188' title='bbox 872 3500 1228 3572; x_wconf 84' lang='lat' dir='ltr'><strong>grammatico,</strong></span> <span class='ocrx_word' id='word_1_189' title='bbox 1254 3499 1420 3553; x_wconf 87' lang='lat' dir='ltr'><strong>eidem</strong></span> <span class='ocrx_word' id='word_1_190' title='bbox 1451 3498 1690 3555; x_wconf 84' lang='lat' dir='ltr'><strong>Rhetori.</strong></span> 
     </span>
    </p>
   </div>
   <div class='ocr_carea' id='block_1_35' title="bbox 307 3613 1436 3685">
    <p class='ocr_par' dir='ltr' id='par_1_35' title="bbox 307 3613 1436 3685">
     <span class='ocr_line' id='line_1_35' title="bbox 307 3613 1436 3685; baseline -0.001 -14"><span class='ocrx_word' id='word_1_191' title='bbox 307 3613 529 3682; x_wconf 88' lang='lat' dir='ltr'><strong>Facete,</strong></span> <span class='ocrx_word' id='word_1_192' title='bbox 558 3615 752 3685; x_wconf 90' lang='lat' dir='ltr'><strong>comis,</strong></span> <span class='ocrx_word' id='word_1_193' title='bbox 782 3616 966 3671; x_wconf 92' lang='lat' dir='ltr'><strong>animo</strong></span> <span class='ocrx_word' id='word_1_194' title='bbox 992 3614 1222 3684; x_wconf 87' lang='lat' dir='ltr'><strong>juvenili</strong></span> <span class='ocrx_word' id='word_1_195' title='bbox 1250 3629 1436 3682; x_wconf 84' lang='lat' dir='ltr'><strong>senex,</strong></span> 
     </span>
    </p>
   </div>
   <div class='ocr_carea' id='block_1_36' title="bbox 303 3710 1606 3777">
    <p class='ocr_par' dir='ltr' id='par_1_36' title="bbox 303 3710 1606 3777">
     <span class='ocr_line' id='line_1_36' title="bbox 303 3710 1606 3777; baseline -0.002 -10"><span class='ocrx_word' id='word_1_196' title='bbox 303 3710 408 3767; x_wconf 88' lang='lat' dir='ltr'><strong>Cui</strong></span> <span class='ocrx_word' id='word_1_197' title='bbox 437 3711 561 3766; x_wconf 82' lang='lat' dir='ltr'><strong>felle</strong></span> <span class='ocrx_word' id='word_1_198' title='bbox 588 3711 758 3777; x_wconf 87' lang='lat' dir='ltr'><strong>nullo,</strong></span> <span class='ocrx_word' id='word_1_199' title='bbox 786 3711 949 3766; x_wconf 90' lang='lat' dir='ltr'><strong>melle</strong></span> <span class='ocrx_word' id='word_1_200' title='bbox 972 3710 1145 3764; x_wconf 87' lang='lat' dir='ltr'><strong>multo</strong></span> <span class='ocrx_word' id='word_1_201' title='bbox 1174 3724 1329 3765; x_wconf 90' lang='lat' dir='ltr'><strong>mens</strong></span> <span class='ocrx_word' id='word_1_202' title='bbox 1360 3710 1606 3776; x_wconf 88' lang='lat' dir='ltr'><strong>madens,</strong></span> 
     </span>
    </p>
   </div>
   <div class='ocr_carea' id='block_1_37' title="bbox 310 3801 1468 3876">
    <p class='ocr_par' dir='ltr' id='par_1_37' title="bbox 310 3801 1468 3876">
     <span class='ocr_line' id='line_1_37' title="bbox 310 3801 1468 3876; baseline -0.002 -18"><span class='ocrx_word' id='word_1_203' title='bbox 310 3801 509 3859; x_wconf 66' lang='lat' dir='ltr'><strong>Aivum</strong></span> <span class='ocrx_word' id='word_1_204' title='bbox 533 3819 632 3876; x_wconf 85' lang='lat' dir='ltr'><strong>per</strong></span> <span class='ocrx_word' id='word_1_205' title='bbox 653 3819 816 3859; x_wconf 91' lang='lat' dir='ltr'><strong>omne</strong></span> <span class='ocrx_word' id='word_1_206' title='bbox 843 3803 916 3858; x_wconf 91' lang='lat' dir='ltr'><strong>nil</strong></span> <span class='ocrx_word' id='word_1_207' title='bbox 940 3818 1184 3858; x_wconf 88' lang='lat' dir='ltr'><strong>amarum</strong></span> <span class='ocrx_word' id='word_1_208' title='bbox 1208 3803 1426 3858; x_wconf 89' lang='lat' dir='ltr'><strong>miscuit</strong></span> <span class='ocrx_word' id='word_1_209' title='bbox 1457 3821 1468 3856; x_wconf 88' lang='lat'>:</span> 
     </span>
    </p>
   </div>
   <div class='ocr_carea' id='block_1_38' title="bbox 306 3895 1382 3966">
    <p class='ocr_par' dir='ltr' id='par_1_38' title="bbox 306 3895 1382 3966">
     <span class='ocr_line' id='line_1_38' title="bbox 306 3895 1382 3966; baseline -0.001 -16"><span class='ocrx_word' id='word_1_210' title='bbox 306 3895 491 3951; x_wconf 81' lang='lat' dir='ltr'><strong>Nostri</strong></span> <span class='ocrx_word' id='word_1_211' title='bbox 512 3895 742 3964; x_wconf 86' lang='lat' dir='ltr'><strong>medela,</strong></span> <span class='ocrx_word' id='word_1_212' title='bbox 769 3895 1096 3966; x_wconf 73' lang='lat' dir='ltr'><strong>Nepotiane,</strong></span> <span class='ocrx_word' id='word_1_213' title='bbox 1124 3896 1382 3966; x_wconf 90' lang='lat' dir='ltr'><strong>pectoris,</strong></span> 
     </span>
    </p>
   </div>
   <div class='ocr_carea' id='block_1_39' title="bbox 307 3987 1523 4060">
    <p class='ocr_par' dir='ltr' id='par_1_39' title="bbox 307 3987 1523 4060">
     <span class='ocr_line' id='line_1_39' title="bbox 307 3987 1523 4060; baseline 0.002 -19"><span class='ocrx_word' id='word_1_214' title='bbox 307 3987 441 4042; x_wconf 87' lang='lat' dir='ltr'><strong>Tam</strong></span> <span class='ocrx_word' id='word_1_215' title='bbox 468 3989 738 4044; x_wconf 91' lang='lat' dir='ltr'><strong>seriorum</strong></span> <span class='ocrx_word' id='word_1_216' title='bbox 772 4005 930 4058; x_wconf 89' lang='lat' dir='ltr'><strong>quam</strong></span> <span class='ocrx_word' id='word_1_217' title='bbox 950 3989 1199 4060; x_wconf 88' lang='lat' dir='ltr'><strong>jocornm</strong></span> <span class='ocrx_word' id='word_1_218' title='bbox 1232 3987 1523 4060; x_wconf 82' lang='lat' dir='ltr'><strong>particeps,</strong></span> 
     </span>
    </p>
   </div>
   <div class='ocr_carea' id='block_1_40' title="bbox 306 4080 1512 4154">
    <p class='ocr_par' dir='ltr' id='par_1_40' title="bbox 306 4080 1512 4154">
     <span class='ocr_line' id='line_1_40' title="bbox 306 4080 1512 4154; baseline 0 -18"><span class='ocrx_word' id='word_1_219' title='bbox 306 4080 628 4148; x_wconf 88' lang='lat' dir='ltr'><strong>Taciturne,</strong></span> <span class='ocrx_word' id='word_1_220' title='bbox 668 4082 918 4154; x_wconf 80' lang='lat' dir='ltr'><strong>Amyclas</strong></span> <span class='ocrx_word' id='word_1_221' title='bbox 946 4083 1034 4153; x_wconf 91' lang='lat' dir='ltr'><strong>qui</strong></span> <span class='ocrx_word' id='word_1_222' title='bbox 1061 4082 1271 4137; x_wconf 91' lang='lat' dir='ltr'><strong>silendo</strong></span> <span class='ocrx_word' id='word_1_223' title='bbox 1293 4081 1512 4137; x_wconf 89' lang='lat' dir='ltr'><strong>viceris.</strong></span> 
     </span>
    </p>
   </div>
   <div class='ocr_carea' id='block_1_41' title="bbox 309 4173 1433 4246">
    <p class='ocr_par' dir='ltr' id='par_1_41' title="bbox 309 4173 1433 4246">
     <span class='ocr_line' id='line_1_41' title="bbox 309 4173 1433 4246; baseline -0.001 -16"><span class='ocrx_word' id='word_1_224' title='bbox 309 4174 388 4230; x_wconf 88' lang='lat' dir='ltr'><strong>Te</strong></span> <span class='ocrx_word' id='word_1_225' title='bbox 417 4173 748 4230; x_wconf 85' lang='lat' dir='ltr'><strong>fabulantem</strong></span> <span class='ocrx_word' id='word_1_226' title='bbox 781 4191 886 4230; x_wconf 92' lang='lat' dir='ltr'><strong>non</strong></span> <span class='ocrx_word' id='word_1_227' title='bbox 921 4175 1107 4230; x_wconf 82' lang='lat' dir='ltr'><strong>Ulixes</strong></span> <span class='ocrx_word' id='word_1_228' title='bbox 1139 4175 1433 4246; x_wconf 87' lang='lat' dir='ltr'><strong>linqueret,</strong></span> 
     </span>
    </p>
   </div>
   <div class='ocr_carea' id='block_1_42' title="bbox 309 4268 1478 4341">
    <p class='ocr_par' dir='ltr' id='par_1_42' title="bbox 309 4268 1478 4341">
     <span class='ocr_line' id='line_1_42' title="bbox 309 4268 1478 4341; baseline -0.003 -16"><span class='ocrx_word' id='word_1_229' title='bbox 309 4270 527 4341; x_wconf 84' lang='lat' dir='ltr'><strong>Linquit</strong></span> <span class='ocrx_word' id='word_1_230' title='bbox 553 4277 812 4326; x_wconf 87' lang='lat' dir='ltr'><strong>canentes</strong></span> <span class='ocrx_word' id='word_1_231' title='bbox 835 4271 924 4341; x_wconf 90' lang='lat' dir='ltr'><strong>qui</strong></span> <span class='ocrx_word' id='word_1_232' title='bbox 957 4268 1198 4326; x_wconf 89' lang='lat' dir='ltr'><strong>melodas</strong></span> <span class='ocrx_word' id='word_1_233' title='bbox 1221 4270 1478 4340; x_wconf 84' lang='lat' dir='ltr'><strong>virgines.</strong></span> 
     </span>
    </p>
   </div>
   <div class='ocr_carea' id='block_1_43' title="bbox 309 4363 1560 4435">
    <p class='ocr_par' dir='ltr' id='par_1_43' title="bbox 309 4363 1560 4435">
     <span class='ocr_line' id='line_1_43' title="bbox 309 4363 1560 4435; baseline -0.001 -15"><span class='ocrx_word' id='word_1_234' title='bbox 309 4364 510 4431; x_wconf 82' lang='lat' dir='ltr'><strong>Probe,</strong></span> <span class='ocrx_word' id='word_1_235' title='bbox 543 4372 597 4419; x_wconf 91' lang='lat' dir='ltr'><strong>et</strong></span> <span class='ocrx_word' id='word_1_236' title='bbox 625 4363 841 4435; x_wconf 89' lang='lat' dir='ltr'><strong>pudice,</strong></span> <span class='ocrx_word' id='word_1_237' title='bbox 876 4379 1055 4434; x_wconf 84' lang='lat' dir='ltr'><strong>parce,</strong></span> <span class='ocrx_word' id='word_1_238' title='bbox 1084 4364 1244 4435; x_wconf 81' lang='lat' dir='ltr'><strong>frugi,</strong></span> <span class='ocrx_word' id='word_1_239' title='bbox 1270 4364 1560 4429; x_wconf 87' lang='lat' dir='ltr'><strong>abstemie,</strong></span> 
     </span>
    </p>
   </div>
   <div class='ocr_carea' id='block_1_44' title="bbox 309 4458 1512 4531">
    <p class='ocr_par' dir='ltr' id='par_1_44' title="bbox 309 4458 1512 4531">
     <span class='ocr_line' id='line_1_44' title="bbox 309 4458 1512 4531; baseline -0.001 -16"><span class='ocrx_word' id='word_1_240' title='bbox 309 4458 587 4527; x_wconf 86' lang='lat' dir='ltr'><strong>Facunde,</strong></span> <span class='ocrx_word' id='word_1_241' title='bbox 625 4459 757 4514; x_wconf 91' lang='lat' dir='ltr'><strong>nulli</strong></span> <span class='ocrx_word' id='word_1_242' title='bbox 789 4459 1092 4516; x_wconf 77' lang='lat' dir='ltr'><strong>Rhetornm</strong></span> <span class='ocrx_word' id='word_1_243' title='bbox 1121 4459 1323 4515; x_wconf 84' lang='lat' dir='ltr'><strong>cedens</strong></span> <span class='ocrx_word' id='word_1_244' title='bbox 1347 4459 1512 4531; x_wconf 82' lang='lat' dir='ltr'><strong>stylo,</strong></span> 
     </span>
    </p>
   </div>
   <div class='ocr_carea' id='block_1_45' title="bbox 311 4550 1435 4623">
    <p class='ocr_par' dir='ltr' id='par_1_45' title="bbox 311 4550 1435 4623">
     <span class='ocr_line' id='line_1_45' title="bbox 311 4550 1435 4623; baseline -0.001 -16"><span class='ocrx_word' id='word_1_245' title='bbox 311 4551 380 4607; x_wconf 82' lang='lat' dir='ltr'><strong>Et</strong></span> <span class='ocrx_word' id='word_1_246' title='bbox 405 4551 714 4623; x_wconf 85' lang='lat' dir='ltr'><strong>disputator</strong></span> <span class='ocrx_word' id='word_1_247' title='bbox 743 4556 809 4608; x_wconf 91' lang='lat' dir='ltr'><strong>ad</strong></span> <span class='ocrx_word' id='word_1_248' title='bbox 835 4550 1138 4607; x_wconf 88' lang='lat' dir='ltr'><strong>Cleanthen</strong></span> <span class='ocrx_word' id='word_1_249' title='bbox 1165 4552 1387 4608; x_wconf 91' lang='lat' dir='ltr'><strong>Stoicon</strong></span> <span class='ocrx_word' id='word_1_250' title='bbox 1421 4570 1435 4606; x_wconf 92' lang='lat'>:</span> 
     </span>
    </p>
   </div>
   <div class='ocr_carea' id='block_1_46' title="bbox 310 4633 1632 4717">
    <p class='ocr_par' dir='ltr' id='par_1_46' title="bbox 310 4633 1632 4717">
     <span class='ocr_line' id='line_1_46' title="bbox 310 4633 1632 4717; baseline -0.002 -16"><span class='ocrx_word' id='word_1_251' title='bbox 310 4645 571 4701; x_wconf 89' lang='lat' dir='ltr'><strong>Scaurum</strong></span> <span class='ocrx_word' id='word_1_252' title='bbox 603 4645 949 4717; x_wconf 88' lang='lat' dir='ltr'><strong>Probnmquc</strong></span> <span class='ocrx_word' id='word_1_253' title='bbox 971 4633 1136 4701; x_wconf 83' lang='lat' dir='ltr'><strong>corde</strong></span> <span class='ocrx_word' id='word_1_254' title='bbox 1166 4646 1372 4701; x_wconf 84' lang='lat' dir='ltr'><strong>callens</strong></span> <span class='ocrx_word' id='word_1_255' title='bbox 1397 4646 1585 4702; x_wconf 90' lang='lat' dir='ltr'><strong>intimo</strong></span> <span class='ocrx_word' id='word_1_256' title='bbox 1622 4666 1632 4699; x_wconf 91' lang='lat'><strong>:</strong></span> 
     </span>
    </p>
   </div>
   <div class='ocr_carea' id='block_1_47' title="bbox 309 4737 1283 4810">
    <p class='ocr_par' dir='ltr' id='par_1_47' title="bbox 309 4737 1283 4810">
     <span class='ocr_line' id='line_1_47' title="bbox 309 4737 1283 4810; baseline 0 -17"><span class='ocrx_word' id='word_1_257' title='bbox 309 4737 376 4793; x_wconf 86' lang='lat' dir='ltr'><strong>Et</strong></span> <span class='ocrx_word' id='word_1_258' title='bbox 405 4737 629 4809; x_wconf 86' lang='lat' dir='ltr'><strong>Epirote</strong></span> <span class='ocrx_word' id='word_1_259' title='bbox 655 4740 821 4794; x_wconf 82' lang='lat' dir='ltr'><strong>Cinea</strong></span> <span class='ocrx_word' id='word_1_260' title='bbox 849 4755 1059 4794; x_wconf 89' lang='lat' dir='ltr'><strong>memor</strong></span> <span class='ocrx_word' id='word_1_261' title='bbox 1089 4739 1283 4810; x_wconf 60' lang='grc' dir='ltr'><strong>πνεῖς.</strong></span> 
     </span>
    </p>
   </div>
   <div class='ocr_carea' id='block_1_48' title="bbox 309 4833 1448 4905">
    <p class='ocr_par' dir='ltr' id='par_1_48' title="bbox 309 4833 1448 4905">
     <span class='ocr_line' id='line_1_48' title="bbox 309 4833 1448 4905; baseline -0.003 -15"><span class='ocrx_word' id='word_1_262' title='bbox 309 4833 549 4901; x_wconf 90' lang='lat' dir='ltr'><strong>Sodalis,</strong></span> <span class='ocrx_word' id='word_1_263' title='bbox 578 4844 632 4890; x_wconf 89' lang='lat' dir='ltr'><strong>et</strong></span> <span class='ocrx_word' id='word_1_264' title='bbox 663 4835 962 4898; x_wconf 89' lang='lat' dir='ltr'><strong>convictor,</strong></span> <span class='ocrx_word' id='word_1_265' title='bbox 989 4833 1191 4905; x_wconf 88' lang='lat' dir='ltr'><strong>hospes</strong></span> <span class='ocrx_word' id='word_1_266' title='bbox 1202 4834 1408 4904; x_wconf 89' lang='lat' dir='ltr'><strong>jngiter</strong></span> <span class='ocrx_word' id='word_1_267' title='bbox 1437 4853 1448 4887; x_wconf 90' lang='lat'>:</span> 
     </span>
    </p>
   </div>
   <div class='ocr_carea' id='block_1_49' title="bbox 316 4925 1616 4997">
    <p class='ocr_par' dir='ltr' id='par_1_49' title="bbox 316 4925 1616 4997">
     <span class='ocr_line' id='line_1_49' title="bbox 316 4925 1616 4997; baseline 0 -16"><span class='ocrx_word' id='word_1_268' title='bbox 316 4925 507 4981; x_wconf 86' lang='lat' dir='ltr'><strong>Parum</strong></span> <span class='ocrx_word' id='word_1_269' title='bbox 541 4926 682 4996; x_wconf 90' lang='lat' dir='ltr'><strong>quod</strong></span> <span class='ocrx_word' id='word_1_270' title='bbox 719 4928 939 4997; x_wconf 86' lang='lat' dir='ltr'><strong>hospes;</strong></span> <span class='ocrx_word' id='word_1_271' title='bbox 975 4927 1173 4982; x_wconf 87' lang='lat' dir='ltr'><strong>mentis</strong></span> <span class='ocrx_word' id='word_1_272' title='bbox 1203 4925 1437 4997; x_wconf 89' lang='lat' dir='ltr'><strong>agitator</strong></span> <span class='ocrx_word' id='word_1_273' title='bbox 1460 4941 1616 4983; x_wconf 71' lang='lat' dir='ltr'><strong>meae.</strong></span> 
     </span>
    </p>
   </div>
   <div class='ocr_carea' id='block_1_50' title="bbox 307 5018 1462 5089">
    <p class='ocr_par' dir='ltr' id='par_1_50' title="bbox 307 5018 1462 5089">
     <span class='ocr_line' id='line_1_50' title="bbox 307 5018 1462 5089; baseline 0 -17"><span class='ocrx_word' id='word_1_274' title='bbox 307 5019 546 5074; x_wconf 87' lang='lat' dir='ltr'><strong>Consilia</strong></span> <span class='ocrx_word' id='word_1_275' title='bbox 577 5020 758 5074; x_wconf 90' lang='lat' dir='ltr'><strong>nullus</strong></span> <span class='ocrx_word' id='word_1_276' title='bbox 789 5029 971 5075; x_wconf 89' lang='lat' dir='ltr'><strong>mente</strong></span> <span class='ocrx_word' id='word_1_277' title='bbox 995 5030 1102 5088; x_wconf 80' lang='lat' dir='ltr'><strong>tam</strong></span> <span class='ocrx_word' id='word_1_278' title='bbox 1129 5033 1265 5089; x_wconf 87' lang='lat' dir='ltr'><strong>pura</strong></span> <span class='ocrx_word' id='word_1_279' title='bbox 1291 5018 1462 5085; x_wconf 86' lang='lat' dir='ltr'><strong>dedit,</strong></span> 
     </span>
    </p>
   </div>
   <div class='ocr_carea' id='block_1_51' title="bbox 311 5111 1218 5168">
    <p class='ocr_par' dir='ltr' id='par_1_51' title="bbox 311 5111 1218 5168">
     <span class='ocr_line' id='line_1_51' title="bbox 311 5111 1218 5168; baseline -0.001 -1"><span class='ocrx_word' id='word_1_280' title='bbox 311 5111 408 5168; x_wconf 90' lang='lat' dir='ltr'><strong>Vel</strong></span> <span class='ocrx_word' id='word_1_281' title='bbox 437 5113 632 5168; x_wconf 87' lang='lat' dir='ltr'><strong>altiore</strong></span> <span class='ocrx_word' id='word_1_282' title='bbox 662 5112 883 5167; x_wconf 87' lang='lat' dir='ltr'><strong>conditu</strong></span> <span class='ocrx_word' id='word_1_283' title='bbox 907 5111 1043 5167; x_wconf 80' lang='lat' dir='ltr'><strong>texit</strong></span> <span class='ocrx_word' id='word_1_284' title='bbox 1073 5113 1218 5166; x_wconf 89' lang='lat' dir='ltr'><strong>data.</strong></span> 
     </span>
    </p>
   </div>
   <div class='ocr_carea' id='block_1_52' title="bbox 309 5206 1320 5278">
    <p class='ocr_par' dir='ltr' id='par_1_52' title="bbox 309 5206 1320 5278">
     <span class='ocr_line' id='line_1_52' title="bbox 309 5206 1320 5278; baseline 0.001 -18"><span class='ocrx_word' id='word_1_285' title='bbox 309 5206 526 5262; x_wconf 90' lang='lat' dir='ltr'><strong>llonore</strong></span> <span class='ocrx_word' id='word_1_286' title='bbox 551 5206 692 5278; x_wconf 81' lang='lat' dir='ltr'><strong>gesti</strong></span> <span class='ocrx_word' id='word_1_287' title='bbox 724 5207 1040 5274; x_wconf 70' lang='lat' dir='ltr'><strong>prmsidatus</strong></span> <span class='ocrx_word' id='word_1_288' title='bbox 1064 5206 1320 5278; x_wconf 83' lang='lat' dir='ltr'><strong>inclytus,</strong></span> 
     </span>
    </p>
   </div>
   <div class='ocr_carea' id='block_1_53' title="bbox 310 5301 1572 5370">
    <p class='ocr_par' dir='ltr' id='par_1_53' title="bbox 310 5301 1572 5370">
     <span class='ocr_line' id='line_1_53' title="bbox 310 5301 1572 5370; baseline -0.002 -11"><span class='ocrx_word' id='word_1_289' title='bbox 310 5303 503 5360; x_wconf 87' lang='lat' dir='ltr'><strong>Decies</strong></span> <span class='ocrx_word' id='word_1_290' title='bbox 535 5317 774 5358; x_wconf 81' lang='lat' dir='ltr'><strong>novenas</strong></span> <span class='ocrx_word' id='word_1_291' title='bbox 803 5302 1020 5358; x_wconf 86' lang='lat' dir='ltr'><strong>functus</strong></span> <span class='ocrx_word' id='word_1_292' title='bbox 1044 5317 1312 5358; x_wconf 90' lang='lat' dir='ltr'><strong>annorum</strong></span> <span class='ocrx_word' id='word_1_293' title='bbox 1337 5301 1509 5370; x_wconf 88' lang='lat' dir='ltr'><strong>vices,</strong></span> <span class='ocrx_word' id='word_1_294' title='bbox 1569 5353 1572 5356; x_wconf 83' lang='lat'><strong>.</strong></span> 
     </span>
    </p>
   </div>
   <div class='ocr_carea' id='block_1_54' title="bbox 306 5395 1574 5468">
    <p class='ocr_par' dir='ltr' id='par_1_54' title="bbox 306 5395 1574 5468">
     <span class='ocr_line' id='line_1_54' title="bbox 306 5395 1574 5468; baseline -0.002 -16"><span class='ocrx_word' id='word_1_295' title='bbox 306 5397 450 5455; x_wconf 92' lang='lat' dir='ltr'><strong>Duos</strong></span> <span class='ocrx_word' id='word_1_296' title='bbox 472 5397 790 5468; x_wconf 88' lang='lat' dir='ltr'><strong>relinquens</strong></span> <span class='ocrx_word' id='word_1_297' title='bbox 817 5397 1044 5461; x_wconf 91' lang='lat' dir='ltr'><strong>liberos,</strong></span> <span class='ocrx_word' id='word_1_298' title='bbox 1073 5403 1304 5452; x_wconf 92' lang='lat' dir='ltr'><strong>mortem</strong></span> <span class='ocrx_word' id='word_1_299' title='bbox 1335 5395 1574 5466; x_wconf 85' lang='lat' dir='ltr'><strong>oppetis,</strong></span> 
     </span>
    </p>
   </div>
   <div class='ocr_carea' id='block_1_55' title="bbox 306 5491 1507 5560">
    <p class='ocr_par' dir='ltr' id='par_1_55' title="bbox 306 5491 1507 5560">
     <span class='ocr_line' id='line_1_55' title="bbox 306 5491 1507 5560; baseline -0.003 -12"><span class='ocrx_word' id='word_1_300' title='bbox 306 5493 506 5550; x_wconf 88' lang='lat' dir='ltr'><strong>Dolore</strong></span> <span class='ocrx_word' id='word_1_301' title='bbox 536 5491 733 5560; x_wconf 91' lang='lat' dir='ltr'><strong>multo,</strong></span> <span class='ocrx_word' id='word_1_302' title='bbox 767 5498 876 5545; x_wconf 88' lang='lat' dir='ltr'><strong>tam</strong></span> <span class='ocrx_word' id='word_1_303' title='bbox 909 5500 1146 5556; x_wconf 88' lang='lat' dir='ltr'><strong>tuorum,</strong></span> <span class='ocrx_word' id='word_1_304' title='bbox 1176 5505 1336 5559; x_wconf 89' lang='lat' dir='ltr'><strong>quam</strong></span> <span class='ocrx_word' id='word_1_305' title='bbox 1366 5504 1507 5544; x_wconf 91' lang='lat' dir='ltr'><strong>meo.</strong></span> 
     </span>
    </p>
   </div>
   <div class='ocr_carea' id='block_1_56' title="bbox 306 5624 1756 5698">
    <p class='ocr_par' dir='ltr' id='par_1_56' title="bbox 306 5624 1756 5698">
     <span class='ocr_line' id='line_1_56' title="bbox 306 5624 1756 5698; baseline -0.001 -14"><span class='ocrx_word' id='word_1_306' title='bbox 306 5628 446 5686; x_wconf 84' lang='lat' dir='ltr'><strong>XVI.</strong></span> <span class='ocrx_word' id='word_1_307' title='bbox 481 5626 740 5682; x_wconf 77' lang='lat' dir='ltr'><strong>/Emilius</strong></span> <span class='ocrx_word' id='word_1_308' title='bbox 762 5626 989 5698; x_wconf 83' lang='lat' dir='ltr'><strong>Magnus</strong></span> <span class='ocrx_word' id='word_1_309' title='bbox 1021 5624 1295 5692; x_wconf 82' lang='lat' dir='ltr'><strong>Arborius,</strong></span> <span class='ocrx_word' id='word_1_310' title='bbox 1327 5625 1502 5679; x_wconf 78' lang='lat' dir='ltr'><strong>rhetor</strong></span> <span class='ocrx_word' id='word_1_311' title='bbox 1529 5624 1756 5682; x_wconf 65' lang='lat' dir='ltr'><strong>Tolosre.</strong></span> 
     </span>
    </p>
   </div>
   <div class='ocr_carea' id='block_1_57' title="bbox 234 5738 1566 5814">
    <p class='ocr_par' dir='ltr' id='par_1_57' title="bbox 234 5738 1566 5814">
     <span class='ocr_line' id='line_1_57' title="bbox 234 5738 1566 5814; baseline -0.008 -11"><span class='ocrx_word' id='word_1_312' title='bbox 234 5744 376 5802; x_wconf 90' lang='lat' dir='ltr'><strong>Inter</strong></span> <span class='ocrx_word' id='word_1_313' title='bbox 403 5752 667 5814; x_wconf 84' lang='lat' dir='ltr'><strong>cognatos</strong></span> <span class='ocrx_word' id='word_1_314' title='bbox 695 5743 804 5810; x_wconf 87' lang='lat' dir='ltr'><strong>jam</strong></span> <span class='ocrx_word' id='word_1_315' title='bbox 836 5741 1015 5805; x_wconf 84' lang='lat' dir='ltr'><strong>fletus,</strong></span> <span class='ocrx_word' id='word_1_316' title='bbox 1046 5738 1329 5802; x_wconf 88' lang='lat' dir='ltr'><strong>avuncnle,</strong></span> <span class='ocrx_word' id='word_1_317' title='bbox 1361 5738 1566 5803; x_wconf 84' lang='lat' dir='ltr'><strong>Manes,</strong></span> 
     </span>
    </p>
   </div>
   <div class='ocr_carea' id='block_1_58' title="bbox 302 5829 1544 5895">
    <p class='ocr_par' dir='ltr' id='par_1_58' title="bbox 302 5829 1544 5895">
     <span class='ocr_line' id='line_1_58' title="bbox 302 5829 1544 5895; baseline -0.009 0"><span class='ocrx_word' id='word_1_318' title='bbox 302 5837 450 5895; x_wconf 87' lang='lat' dir='ltr'><strong>Inter</strong></span> <span class='ocrx_word' id='word_1_319' title='bbox 478 5834 803 5893; x_wconf 77' lang='lat' dir='ltr'><strong>llhetoricos</strong></span> <span class='ocrx_word' id='word_1_320' title='bbox 828 5844 971 5889; x_wconf 91' lang='lat' dir='ltr'><strong>nunc</strong></span> <span class='ocrx_word' id='word_1_321' title='bbox 997 5829 1382 5886; x_wconf 82' lang='lat' dir='ltr'><strong>memorandus</strong></span> <span class='ocrx_word' id='word_1_322' title='bbox 1413 5831 1544 5886; x_wconf 79' lang='lat' dir='ltr'><strong>eris.</strong></span> 
     </span>
    </p>
   </div>
   <div class='ocr_carea' id='block_1_59' title="bbox 1027 278 2809 348">
    <p class='ocr_par' dir='ltr' id='par_1_59' title="bbox 1027 278 2809 348">
     <span class='ocr_line' id='line_1_59' title="bbox 1027 278 2809 348; baseline 0.004 -9"><span class='ocrx_word' id='word_1_323' title='bbox 1027 280 1582 343; x_wconf 79' lang='lat' dir='ltr'><strong>COMMEMORATIO</strong></span> <span class='ocrx_word' id='word_1_324' title='bbox 1620 278 2133 343; x_wconf 77' lang='lat' dir='ltr'><strong>PROFESSORUM</strong></span> <span class='ocrx_word' id='word_1_325' title='bbox 2170 285 2809 348; x_wconf 81' lang='lat' dir='ltr'><strong>BURDIGALENSIUM.</strong></span> 
     </span>
    </p>
   </div>
   <div class='ocr_carea' id='block_1_60' title="bbox 3432 290 3539 349">
    <p class='ocr_par' dir='ltr' id='par_1_60' title="bbox 3432 290 3539 349">
     <span class='ocr_line' id='line_1_60' title="bbox 3432 290 3539 349; baseline 0.019 -3"><span class='ocrx_word' id='word_1_326' title='bbox 3432 290 3539 349; x_wconf 80' lang='lat'><strong>858</strong></span> 
     </span>
    </p>
   </div>
   <div class='ocr_carea' id='block_1_61' title="bbox 1859 397 3233 473">
    <p class='ocr_par' dir='ltr' id='par_1_61' title="bbox 1859 397 3233 473">
     <span class='ocr_line' id='line_1_61' title="bbox 1859 397 3233 473; baseline 0.009 -20"><span class='ocrx_word' id='word_1_327' title='bbox 1859 401 1913 460; x_wconf 78' lang='grc' dir='ltr'>Α</span> <span class='ocrx_word' id='word_1_328' title='bbox 1940 397 2080 455; x_wconf 92' lang='lat' dir='ltr'><strong>Illnd</strong></span> <span class='ocrx_word' id='word_1_329' title='bbox 2110 414 2248 472; x_wconf 91' lang='lat' dir='ltr'><strong>opus</strong></span> <span class='ocrx_word' id='word_1_330' title='bbox 2268 403 2463 473; x_wconf 85' lang='lat' dir='ltr'><strong>pietas,</strong></span> <span class='ocrx_word' id='word_1_331' title='bbox 2491 405 2640 461; x_wconf 89' lang='lat' dir='ltr'><strong>istud</strong></span> <span class='ocrx_word' id='word_1_332' title='bbox 2663 405 2966 464; x_wconf 90' lang='lat' dir='ltr'><strong>reverenda</strong></span> <span class='ocrx_word' id='word_1_333' title='bbox 2993 408 3233 465; x_wconf 88' lang='lat' dir='ltr'><strong>virorum</strong></span> 
     </span>
    </p>
   </div>
   <div class='ocr_carea' id='block_1_62' title="bbox 2014 490 3185 568">
    <p class='ocr_par' dir='ltr' id='par_1_62' title="bbox 2014 490 3185 568">
     <span class='ocr_line' id='line_1_62' title="bbox 2014 490 3185 568; baseline 0.009 -23"><span class='ocrx_word' id='word_1_334' title='bbox 2014 490 2241 547; x_wconf 90' lang='lat' dir='ltr'><strong>Nomina</strong></span> <span class='ocrx_word' id='word_1_335' title='bbox 2268 508 2366 565; x_wconf 89' lang='lat' dir='ltr'><strong>pro</strong></span> <span class='ocrx_word' id='word_1_336' title='bbox 2393 497 2590 566; x_wconf 76' lang='lat' dir='ltr'><strong>patriar.</strong></span> <span class='ocrx_word' id='word_1_337' title='bbox 2612 496 2895 568; x_wconf 90' lang='lat' dir='ltr'><strong>relligione</strong></span> <span class='ocrx_word' id='word_1_338' title='bbox 2925 498 3185 557; x_wconf 89' lang='lat' dir='ltr'><strong>habeant.</strong></span> 
     </span>
    </p>
   </div>
   <div class='ocr_carea' id='block_1_63' title="bbox 1940 582 3463 662">
    <p class='ocr_par' dir='ltr' id='par_1_63' title="bbox 1940 582 3463 662">
     <span class='ocr_line' id='line_1_63' title="bbox 1940 582 3463 662; baseline 0.005 -24"><span class='ocrx_word' id='word_1_339' title='bbox 1940 582 2032 638; x_wconf 88' lang='lat' dir='ltr'><strong>Bis</strong></span> <span class='ocrx_word' id='word_1_340' title='bbox 2067 584 2318 640; x_wconf 89' lang='lat' dir='ltr'><strong>meritum</strong></span> <span class='ocrx_word' id='word_1_341' title='bbox 2349 586 2550 658; x_wconf 91' lang='lat' dir='ltr'><strong>duplici</strong></span> <span class='ocrx_word' id='word_1_342' title='bbox 2576 588 2918 647; x_wconf 91' lang='lat' dir='ltr'><strong>celebremus</strong></span> <span class='ocrx_word' id='word_1_343' title='bbox 2947 591 3157 648; x_wconf 91' lang='lat' dir='ltr'><strong>honore</strong></span> <span class='ocrx_word' id='word_1_344' title='bbox 3181 599 3463 662; x_wconf 87' lang='lat' dir='ltr'><strong>parentem</strong></span> 
     </span>
    </p>
   </div>
   <div class='ocr_carea' id='block_1_64' title="bbox 2014 677 3279 757">
    <p class='ocr_par' dir='ltr' id='par_1_64' title="bbox 2014 677 3279 757">
     <span class='ocr_line' id='line_1_64' title="bbox 2014 677 3279 757; baseline 0.006 -24"><span class='ocrx_word' id='word_1_345' title='bbox 2014 677 2325 746; x_wconf 87' lang='lat' dir='ltr'><strong>Arborium,</strong></span> <span class='ocrx_word' id='word_1_346' title='bbox 2358 680 2592 737; x_wconf 82' lang='lat' dir='ltr'><strong>Arborio</strong></span> <span class='ocrx_word' id='word_1_347' title='bbox 2623 691 2795 754; x_wconf 89' lang='lat' dir='ltr'><strong>patre,</strong></span> <span class='ocrx_word' id='word_1_348' title='bbox 2821 691 2878 739; x_wconf 93' lang='lat' dir='ltr'><strong>et</strong></span> <span class='ocrx_word' id='word_1_349' title='bbox 2904 699 3007 740; x_wconf 91' lang='lat' dir='ltr'><strong>avo</strong></span> <span class='ocrx_word' id='word_1_350' title='bbox 3042 683 3279 757; x_wconf 81' lang='lat' dir='ltr'><strong>Argicio.</strong></span> 
     </span>
    </p>
   </div>
   <div class='ocr_carea' id='block_1_65' title="bbox 1943 773 3366 846">
    <p class='ocr_par' dir='ltr' id='par_1_65' title="bbox 1943 773 3366 846">
     <span class='ocr_line' id='line_1_65' title="bbox 1943 773 3366 846; baseline 0.003 -14"><span class='ocrx_word' id='word_1_351' title='bbox 1943 773 2187 833; x_wconf 90' lang='lat' dir='ltr'><strong>Stemma</strong></span> <span class='ocrx_word' id='word_1_352' title='bbox 2213 775 2306 831; x_wconf 90' lang='lat' dir='ltr'><strong>tibi</strong></span> <span class='ocrx_word' id='word_1_353' title='bbox 2332 777 2498 846; x_wconf 88' lang='lat' dir='ltr'><strong>patris</strong></span> <span class='ocrx_word' id='word_1_354' title='bbox 2525 777 2742 834; x_wconf 63' lang='lat' dir='ltr'><strong>Ednici</strong></span> <span class='ocrx_word' id='word_1_355' title='bbox 2779 797 2790 832; x_wconf 89' lang='lat'><strong>:</strong></span> <span class='ocrx_word' id='word_1_356' title='bbox 2825 778 3133 836; x_wconf 90' lang='lat' dir='ltr'><strong>Tarbellica</strong></span> <span class='ocrx_word' id='word_1_357' title='bbox 3163 779 3366 836; x_wconf 72' lang='lat' dir='ltr'><strong>Maura:</strong></span> 
     </span>
    </p>
   </div>
   <div class='ocr_carea' id='block_1_66' title="bbox 2013 865 3243 942">
    <p class='ocr_par' dir='ltr' id='par_1_66' title="bbox 2013 865 3243 942">
     <span class='ocr_line' id='line_1_66' title="bbox 2013 865 3243 942; baseline 0.004 -21"><span class='ocrx_word' id='word_1_358' title='bbox 2013 866 2198 922; x_wconf 86' lang='lat' dir='ltr'><strong>Matris</strong></span> <span class='ocrx_word' id='word_1_359' title='bbox 2225 868 2378 938; x_wconf 88' lang='lat' dir='ltr'><strong>origo</strong></span> <span class='ocrx_word' id='word_1_360' title='bbox 2400 865 2523 938; x_wconf 88' lang='lat' dir='ltr'><strong>fuit,</strong></span> <span class='ocrx_word' id='word_1_361' title='bbox 2559 869 2718 924; x_wconf 89' lang='lat' dir='ltr'><strong>ambo</strong></span> <span class='ocrx_word' id='word_1_362' title='bbox 2739 886 2912 940; x_wconf 89' lang='lat' dir='ltr'><strong>genus</strong></span> <span class='ocrx_word' id='word_1_363' title='bbox 2939 886 3243 942; x_wconf 91' lang='lat' dir='ltr'><strong>procerum.</strong></span> 
     </span>
    </p>
   </div>
   <div class='ocr_carea' id='block_1_67' title="bbox 1941 958 3372 1032">
    <p class='ocr_par' dir='ltr' id='par_1_67' title="bbox 1941 958 3372 1032">
     <span class='ocr_line' id='line_1_67' title="bbox 1941 958 3372 1032; baseline 0.001 -16"><span class='ocrx_word' id='word_1_364' title='bbox 1941 958 2149 1016; x_wconf 83' lang='lat' dir='ltr'><strong>Nobilis</strong></span> <span class='ocrx_word' id='word_1_365' title='bbox 2177 969 2231 1016; x_wconf 92' lang='lat' dir='ltr'><strong>et</strong></span> <span class='ocrx_word' id='word_1_366' title='bbox 2262 960 2447 1017; x_wconf 87' lang='lat' dir='ltr'><strong>dotata</strong></span> <span class='ocrx_word' id='word_1_367' title='bbox 2470 975 2625 1030; x_wconf 82' lang='lat' dir='ltr'><strong>uxor,</strong></span> <span class='ocrx_word' id='word_1_368' title='bbox 2653 962 2867 1032; x_wconf 91' lang='lat' dir='ltr'><strong>domus,</strong></span> <span class='ocrx_word' id='word_1_369' title='bbox 2892 973 2948 1019; x_wconf 92' lang='lat' dir='ltr'><strong>et</strong></span> <span class='ocrx_word' id='word_1_370' title='bbox 2973 964 3182 1030; x_wconf 87' lang='lat' dir='ltr'><strong>schola,</strong></span> <span class='ocrx_word' id='word_1_371' title='bbox 3212 962 3372 1019; x_wconf 67' lang='lat' dir='ltr'><strong>cultae</strong></span> 
     </span>
    </p>
   </div>
   <div class='ocr_carea' id='block_1_68' title="bbox 2012 1054 3217 1127">
    <p class='ocr_par' dir='ltr' id='par_1_68' title="bbox 2012 1054 3217 1127">
     <span class='ocr_line' id='line_1_68' title="bbox 2012 1054 3217 1127; baseline 0.001 -17"><span class='ocrx_word' id='word_1_372' title='bbox 2012 1054 2323 1127; x_wconf 87' lang='lat' dir='ltr'><strong>Principum</strong></span> <span class='ocrx_word' id='word_1_373' title='bbox 2351 1054 2607 1111; x_wconf 72' lang='lat' dir='ltr'><strong>amicitia:</strong></span> <span class='ocrx_word' id='word_1_374' title='bbox 2635 1057 2980 1127; x_wconf 91' lang='lat' dir='ltr'><strong>contigerunt</strong></span> <span class='ocrx_word' id='word_1_375' title='bbox 3005 1057 3217 1127; x_wconf 89' lang='lat' dir='ltr'><strong>juveni.</strong></span> 
     </span>
    </p>
   </div>
   <div class='ocr_carea' id='block_1_69' title="bbox 1943 1147 3180 1220">
    <p class='ocr_par' dir='ltr' id='par_1_69' title="bbox 1943 1147 3180 1220">
     <span class='ocr_line' id='line_1_69' title="bbox 1943 1147 3180 1220; baseline -0.002 -14"><span class='ocrx_word' id='word_1_376' title='bbox 1943 1150 2081 1206; x_wconf 89' lang='lat' dir='ltr'><strong>Dum</strong></span> <span class='ocrx_word' id='word_1_377' title='bbox 2111 1148 2453 1205; x_wconf 88' lang='lat' dir='ltr'><strong>Constantini</strong></span> <span class='ocrx_word' id='word_1_378' title='bbox 2484 1147 2679 1204; x_wconf 81' lang='lat' dir='ltr'><strong>fratres</strong></span> <span class='ocrx_word' id='word_1_379' title='bbox 2701 1149 2958 1220; x_wconf 88' lang='lat' dir='ltr'><strong>opulenta</strong></span> <span class='ocrx_word' id='word_1_380' title='bbox 2985 1149 3180 1206; x_wconf 90' lang='lat' dir='ltr'><strong>Tolosa</strong></span> 
     </span>
    </p>
   </div>
   <div class='ocr_carea' id='block_1_70' title="bbox 2014 1243 3001 1316">
    <p class='ocr_par' dir='ltr' id='par_1_70' title="bbox 2014 1243 3001 1316">
     <span class='ocr_line' id='line_1_70' title="bbox 2014 1243 3001 1316; baseline -0.001 -17"><span class='ocrx_word' id='word_1_381' title='bbox 2014 1243 2206 1300; x_wconf 79' lang='lat' dir='ltr'><strong>Exsilii</strong></span> <span class='ocrx_word' id='word_1_382' title='bbox 2229 1243 2410 1315; x_wconf 89' lang='lat' dir='ltr'><strong>specie</strong></span> <span class='ocrx_word' id='word_1_383' title='bbox 2437 1243 2708 1316; x_wconf 91' lang='lat' dir='ltr'><strong>sepositos</strong></span> <span class='ocrx_word' id='word_1_384' title='bbox 2737 1243 2959 1301; x_wconf 87' lang='lat' dir='ltr'><strong>cohibet</strong></span> <span class='ocrx_word' id='word_1_385' title='bbox 2988 1263 3001 1298; x_wconf 87' lang='lat'><strong>:</strong></span> 
     </span>
    </p>
   </div>
   <div class='ocr_carea' id='block_1_71' title="bbox 1941 1337 3536 1413">
    <p class='ocr_par' dir='ltr' id='par_1_71' title="bbox 1941 1337 3536 1413">
     <span class='ocr_line' id='line_1_71' title="bbox 1941 1337 3536 1413; baseline -0.001 -18"><span class='ocrx_word' id='word_1_386' title='bbox 1941 1340 2168 1413; x_wconf 84' lang='lat' dir='ltr'><strong>Byzanti</strong></span> <span class='ocrx_word' id='word_1_387' title='bbox 2200 1339 2328 1395; x_wconf 92' lang='lat' dir='ltr'><strong>inde</strong></span> <span class='ocrx_word' id='word_1_388' title='bbox 2353 1354 2558 1406; x_wconf 89' lang='lat' dir='ltr'><strong>arcem,</strong></span> <span class='ocrx_word' id='word_1_389' title='bbox 2585 1339 2949 1410; x_wconf 75' lang='lat' dir='ltr'><strong>Thressaeque</strong></span> <span class='ocrx_word' id='word_1_390' title='bbox 2977 1337 3326 1409; x_wconf 88' lang='lat' dir='ltr'><strong>Propontidis</strong></span> <span class='ocrx_word' id='word_1_391' title='bbox 3347 1337 3536 1395; x_wconf 90' lang='lat' dir='ltr'><strong>urbem</strong></span> 
     </span>
    </p>
   </div>
   <div class='ocr_carea' id='block_1_72' title="bbox 2012 1432 3074 1505">
    <p class='ocr_par' dir='ltr' id='par_1_72' title="bbox 2012 1432 3074 1505">
     <span class='ocr_line' id='line_1_72' title="bbox 2012 1432 3074 1505; baseline -0.005 -15"><span class='ocrx_word' id='word_1_392' title='bbox 2012 1433 2537 1505; x_wconf 89' lang='lat' dir='ltr'><strong>Constantinopolim</strong></span> <span class='ocrx_word' id='word_1_393' title='bbox 2565 1432 2707 1488; x_wconf 92' lang='lat' dir='ltr'><strong>fama</strong></span> <span class='ocrx_word' id='word_1_394' title='bbox 2737 1433 2813 1488; x_wconf 90' lang='lat' dir='ltr'><strong>tui</strong></span> <span class='ocrx_word' id='word_1_395' title='bbox 2847 1432 3074 1503; x_wconf 88' lang='lat' dir='ltr'><strong>pepulit.</strong></span> 
     </span>
    </p>
   </div>
   <div class='ocr_carea' id='block_1_73' title="bbox 1943 1525 3360 1598">
    <p class='ocr_par' dir='ltr' id='par_1_73' title="bbox 1943 1525 3360 1598">
     <span class='ocr_line' id='line_1_73' title="bbox 1943 1525 3360 1598; baseline -0.001 -16"><span class='ocrx_word' id='word_1_396' title='bbox 1943 1527 2063 1583; x_wconf 92' lang='lat' dir='ltr'><strong>Illic</strong></span> <span class='ocrx_word' id='word_1_397' title='bbox 2086 1526 2242 1582; x_wconf 85' lang='lat' dir='ltr'><strong>dives</strong></span> <span class='ocrx_word' id='word_1_398' title='bbox 2273 1541 2460 1597; x_wconf 91' lang='lat' dir='ltr'><strong>opum,</strong></span> <span class='ocrx_word' id='word_1_399' title='bbox 2490 1527 2761 1598; x_wconf 92' lang='lat' dir='ltr'><strong>doctoque</strong></span> <span class='ocrx_word' id='word_1_400' title='bbox 2780 1526 2852 1582; x_wconf 92' lang='lat' dir='ltr'><strong>ibi</strong></span> <span class='ocrx_word' id='word_1_401' title='bbox 2875 1525 3090 1582; x_wconf 78' lang='lat' dir='ltr'><strong>Caesare</strong></span> <span class='ocrx_word' id='word_1_402' title='bbox 3118 1526 3360 1583; x_wconf 89' lang='lat' dir='ltr'><strong>honorus</strong></span> 
     </span>
    </p>
   </div>
   <div class='ocr_carea' id='block_1_74' title="bbox 2013 1620 3246 1693">
    <p class='ocr_par' dir='ltr' id='par_1_74' title="bbox 2013 1620 3246 1693">
     <span class='ocr_line' id='line_1_74' title="bbox 2013 1620 3246 1693; baseline -0.003 -15"><span class='ocrx_word' id='word_1_403' title='bbox 2013 1620 2325 1689; x_wconf 89' lang='lat' dir='ltr'><strong>Occnmbis,</strong></span> <span class='ocrx_word' id='word_1_404' title='bbox 2349 1621 2594 1692; x_wconf 91' lang='lat' dir='ltr'><strong>patribus</strong></span> <span class='ocrx_word' id='word_1_405' title='bbox 2623 1620 2813 1693; x_wconf 81' lang='lat' dir='ltr'><strong>Magne</strong></span> <span class='ocrx_word' id='word_1_406' title='bbox 2836 1620 3246 1692; x_wconf 86' lang='lat' dir='ltr'><strong>superstitibus.</strong></span> 
     </span>
    </p>
   </div>
   <div class='ocr_carea' id='block_1_75' title="bbox 1946 1713 3455 1784">
    <p class='ocr_par' dir='ltr' id='par_1_75' title="bbox 1946 1713 3455 1784">
     <span class='ocr_line' id='line_1_75' title="bbox 1946 1713 3455 1784; baseline -0.001 -16"><span class='ocrx_word' id='word_1_407' title='bbox 1946 1714 2002 1770; x_wconf 92' lang='lat' dir='ltr'><strong>In</strong></span> <span class='ocrx_word' id='word_1_408' title='bbox 2031 1714 2262 1784; x_wconf 88' lang='lat' dir='ltr'><strong>patriam</strong></span> <span class='ocrx_word' id='word_1_409' title='bbox 2293 1713 2390 1768; x_wconf 92' lang='lat' dir='ltr'><strong>sed</strong></span> <span class='ocrx_word' id='word_1_410' title='bbox 2418 1723 2469 1768; x_wconf 91' lang='lat' dir='ltr'><strong>te</strong></span> <span class='ocrx_word' id='word_1_411' title='bbox 2493 1713 2702 1780; x_wconf 88' lang='lat' dir='ltr'><strong>sedem,</strong></span> <span class='ocrx_word' id='word_1_412' title='bbox 2727 1727 2793 1768; x_wconf 90' lang='lat' dir='ltr'><strong>ac</strong></span> <span class='ocrx_word' id='word_1_413' title='bbox 2821 1721 3178 1768; x_wconf 87' lang='lat' dir='ltr'><strong>monumenta</strong></span> <span class='ocrx_word' id='word_1_414' title='bbox 3215 1721 3455 1776; x_wconf 89' lang='lat' dir='ltr'><strong>tuorum,</strong></span> 
     </span>
    </p>
   </div>
   <div class='ocr_carea' id='block_1_76' title="bbox 1870 1791 3030 1877">
    <p class='ocr_par' dir='ltr' id='par_1_76' title="bbox 1870 1791 3030 1877">
     <span class='ocr_line' id='line_1_76' title="bbox 1870 1791 3030 1877; baseline -0.001 -15"><span class='ocrx_word' id='word_1_415' title='bbox 1870 1791 1918 1852; x_wconf 86' lang='grc' dir='ltr'><strong>Β</strong></span> <span class='ocrx_word' id='word_1_416' title='bbox 2016 1806 2286 1876; x_wconf 86' lang='lat' dir='ltr'><strong>Principis</strong></span> <span class='ocrx_word' id='word_1_417' title='bbox 2310 1806 2536 1877; x_wconf 83' lang='lat' dir='ltr'><strong>Augusti</strong></span> <span class='ocrx_word' id='word_1_418' title='bbox 2565 1805 2806 1861; x_wconf 88' lang='lat' dir='ltr'><strong>restituit</strong></span> <span class='ocrx_word' id='word_1_419' title='bbox 2834 1806 3030 1875; x_wconf 88' lang='lat' dir='ltr'><strong>pietas.</strong></span> 
     </span>
    </p>
   </div>
   <div class='ocr_carea' id='block_1_77' title="bbox 1943 1898 3430 1970">
    <p class='ocr_par' dir='ltr' id='par_1_77' title="bbox 1943 1898 3430 1970">
     <span class='ocr_line' id='line_1_77' title="bbox 1943 1898 3430 1970; baseline -0.003 -14"><span class='ocrx_word' id='word_1_420' title='bbox 1943 1898 2079 1956; x_wconf 83' lang='lat' dir='ltr'><strong>Hinc</strong></span> <span class='ocrx_word' id='word_1_421' title='bbox 2106 1907 2333 1955; x_wconf 89' lang='lat' dir='ltr'><strong>renovat</strong></span> <span class='ocrx_word' id='word_1_422' title='bbox 2362 1913 2582 1954; x_wconf 89' lang='lat' dir='ltr'><strong>causam</strong></span> <span class='ocrx_word' id='word_1_423' title='bbox 2614 1898 2962 1970; x_wconf 86' lang='lat' dir='ltr'><strong>lacrymis,et</strong></span> <span class='ocrx_word' id='word_1_424' title='bbox 2987 1898 3171 1955; x_wconf 85' lang='lat' dir='ltr'><strong>ﬂebile</strong></span> <span class='ocrx_word' id='word_1_425' title='bbox 3210 1913 3430 1966; x_wconf 86' lang='lat' dir='ltr'><strong>munus,</strong></span> 
     </span>
    </p>
   </div>
   <div class='ocr_carea' id='block_1_78' title="bbox 2014 1991 2963 2064">
    <p class='ocr_par' dir='ltr' id='par_1_78' title="bbox 2014 1991 2963 2064">
     <span class='ocr_line' id='line_1_78' title="bbox 2014 1991 2963 2064; baseline -0.001 -15"><span class='ocrx_word' id='word_1_426' title='bbox 2014 1993 2240 2050; x_wconf 86' lang='lat' dir='ltr'><strong>Annuus</strong></span> <span class='ocrx_word' id='word_1_427' title='bbox 2269 1993 2479 2064; x_wconf 85' lang='lat' dir='ltr'><strong>ingrata</strong></span> <span class='ocrx_word' id='word_1_428' title='bbox 2512 1991 2797 2064; x_wconf 90' lang='lat' dir='ltr'><strong>relligione</strong></span> <span class='ocrx_word' id='word_1_429' title='bbox 2823 1991 2963 2049; x_wconf 92' lang='lat' dir='ltr'><strong>dies.</strong></span> 
     </span>
    </p>
   </div>
   <div class='ocr_carea' id='block_1_79' title="bbox 2247 2126 3221 2202">
    <p class='ocr_par' dir='ltr' id='par_1_79' title="bbox 2247 2126 3221 2202">
     <span class='ocr_line' id='line_1_79' title="bbox 2247 2126 3221 2202; baseline -0.006 -15"><span class='ocrx_word' id='word_1_430' title='bbox 2247 2130 2412 2187; x_wconf 79' lang='lat' dir='ltr'><strong>XVII.</strong></span> <span class='ocrx_word' id='word_1_431' title='bbox 2433 2129 2759 2202; x_wconf 74' lang='lat' dir='ltr'><strong>Exuperius,</strong></span> <span class='ocrx_word' id='word_1_432' title='bbox 2786 2130 2965 2185; x_wconf 83' lang='lat' dir='ltr'><strong>rhetor</strong></span> <span class='ocrx_word' id='word_1_433' title='bbox 2997 2126 3221 2184; x_wconf 65' lang='lat' dir='ltr'><strong>Tolosae.</strong></span> 
     </span>
    </p>
   </div>
   <div class='ocr_carea' id='block_1_80' title="bbox 1941 2243 3316 2318">
    <p class='ocr_par' dir='ltr' id='par_1_80' title="bbox 1941 2243 3316 2318">
     <span class='ocr_line' id='line_1_80' title="bbox 1941 2243 3316 2318; baseline -0.007 -14"><span class='ocrx_word' id='word_1_434' title='bbox 1941 2246 2176 2318; x_wconf 87' lang='lat' dir='ltr'><strong>Exnperi</strong></span> <span class='ocrx_word' id='word_1_435' title='bbox 2207 2244 2562 2302; x_wconf 91' lang='lat' dir='ltr'><strong>memorande</strong></span> <span class='ocrx_word' id='word_1_436' title='bbox 2588 2245 2743 2312; x_wconf 89' lang='lat' dir='ltr'><strong>mihi,</strong></span> <span class='ocrx_word' id='word_1_437' title='bbox 2777 2243 3005 2300; x_wconf 86' lang='lat' dir='ltr'><strong>facunde</strong></span> <span class='ocrx_word' id='word_1_438' title='bbox 3031 2243 3148 2298; x_wconf 89' lang='lat' dir='ltr'><strong>sine</strong></span> <span class='ocrx_word' id='word_1_439' title='bbox 3178 2251 3316 2309; x_wconf 87' lang='lat' dir='ltr'><strong>arte,</strong></span> 
     </span>
    </p>
   </div>
   <div class='ocr_carea' id='block_1_81' title="bbox 1939 2338 3160 2411">
    <p class='ocr_par' dir='ltr' id='par_1_81' title="bbox 1939 2338 3160 2411">
     <span class='ocr_line' id='line_1_81' title="bbox 1939 2338 3160 2411; baseline -0.006 -13"><span class='ocrx_word' id='word_1_440' title='bbox 1939 2341 2158 2398; x_wconf 88' lang='lat' dir='ltr'><strong>Incessu</strong></span> <span class='ocrx_word' id='word_1_441' title='bbox 2187 2341 2372 2411; x_wconf 88' lang='lat' dir='ltr'><strong>gravis</strong></span> <span class='ocrx_word' id='word_1_442' title='bbox 2402 2347 2457 2395; x_wconf 92' lang='lat' dir='ltr'><strong>et</strong></span> <span class='ocrx_word' id='word_1_443' title='bbox 2483 2339 2666 2394; x_wconf 90' lang='lat' dir='ltr'><strong>verbis</strong></span> <span class='ocrx_word' id='word_1_444' title='bbox 2700 2338 3034 2410; x_wconf 84' lang='lat' dir='ltr'><strong>ingentibus,</strong></span> <span class='ocrx_word' id='word_1_445' title='bbox 3061 2351 3160 2392; x_wconf 94' lang='lat' dir='ltr'><strong>ore</strong></span> 
     </span>
    </p>
   </div>
   <div class='ocr_carea' id='block_1_82' title="bbox 1941 2429 3540 2501">
    <p class='ocr_par' dir='ltr' id='par_1_82' title="bbox 1941 2429 3540 2501">
     <span class='ocr_line' id='line_1_82' title="bbox 1941 2429 3540 2501; baseline -0.006 -11"><span class='ocrx_word' id='word_1_446' title='bbox 1941 2433 2271 2500; x_wconf 90' lang='lat' dir='ltr'><strong>Pulcher,et</strong></span> <span class='ocrx_word' id='word_1_447' title='bbox 2288 2432 2354 2486; x_wconf 92' lang='lat' dir='ltr'><strong>ad</strong></span> <span class='ocrx_word' id='word_1_448' title='bbox 2373 2447 2665 2500; x_wconf 89' lang='lat' dir='ltr'><strong>summam,</strong></span> <span class='ocrx_word' id='word_1_449' title='bbox 2685 2437 2945 2501; x_wconf 87' lang='lat' dir='ltr'><strong>motuque</strong></span> <span class='ocrx_word' id='word_1_450' title='bbox 2967 2429 3267 2500; x_wconf 88' lang='lat' dir='ltr'><strong>habituque</strong></span> <span class='ocrx_word' id='word_1_451' title='bbox 3287 2434 3540 2493; x_wconf 91' lang='lat' dir='ltr'><strong>venusto,</strong></span> 
     </span>
    </p>
   </div>
   <div class='ocr_carea' id='block_1_83' title="bbox 1939 2520 3290 2599">
    <p class='ocr_par' dir='ltr' id='par_1_83' title="bbox 1939 2520 3290 2599">
     <span class='ocr_line' id='line_1_83' title="bbox 1939 2520 3290 2599; baseline -0.004 -17"><span class='ocrx_word' id='word_1_452' title='bbox 1939 2525 2111 2599; x_wconf 88' lang='lat' dir='ltr'><strong>Copia</strong></span> <span class='ocrx_word' id='word_1_453' title='bbox 2139 2526 2224 2582; x_wconf 85' lang='lat' dir='ltr'><strong>cui</strong></span> <span class='ocrx_word' id='word_1_454' title='bbox 2255 2524 2404 2580; x_wconf 91' lang='lat' dir='ltr'><strong>fandi</strong></span> <span class='ocrx_word' id='word_1_455' title='bbox 2437 2525 2598 2595; x_wconf 83' lang='lat' dir='ltr'><strong>longe</strong></span> <span class='ocrx_word' id='word_1_456' title='bbox 2623 2522 3021 2594; x_wconf 86' lang='lat' dir='ltr'><strong>pulcherrima;</strong></span> <span class='ocrx_word' id='word_1_457' title='bbox 3054 2535 3215 2592; x_wconf 91' lang='lat' dir='ltr'><strong>quam</strong></span> <span class='ocrx_word' id='word_1_458' title='bbox 3243 2520 3290 2576; x_wconf 91' lang='lat' dir='ltr'><strong>si</strong></span> 
     </span>
    </p>
   </div>
   <div class='ocr_carea' id='block_1_84' title="bbox 1940 2615 3177 2688">
    <p class='ocr_par' dir='ltr' id='par_1_84' title="bbox 1940 2615 3177 2688">
     <span class='ocr_line' id='line_1_84' title="bbox 1940 2615 3177 2688; baseline -0.006 -13"><span class='ocrx_word' id='word_1_459' title='bbox 1940 2619 2140 2676; x_wconf 88' lang='lat' dir='ltr'><strong>Auditu</strong></span> <span class='ocrx_word' id='word_1_460' title='bbox 2158 2629 2320 2674; x_wconf 86' lang='lat' dir='ltr'><strong>tenus</strong></span> <span class='ocrx_word' id='word_1_461' title='bbox 2342 2617 2642 2688; x_wconf 88' lang='lat' dir='ltr'><strong>acciperes,</strong></span> <span class='ocrx_word' id='word_1_462' title='bbox 2669 2615 2864 2671; x_wconf 85' lang='lat' dir='ltr'><strong>deﬂata</strong></span> <span class='ocrx_word' id='word_1_463' title='bbox 2892 2616 3134 2686; x_wconf 84' lang='lat' dir='ltr'><strong>placeret</strong></span> <span class='ocrx_word' id='word_1_464' title='bbox 3159 2629 3177 2667; x_wconf 67' lang='lat'><strong>.-</strong></span> 
     </span>
    </p>
   </div>
   <div class='ocr_carea' id='block_1_85' title="bbox 1941 2710 3244 2771">
    <p class='ocr_par' dir='ltr' id='par_1_85' title="bbox 1941 2710 3244 2771">
     <span class='ocr_line' id='line_1_85' title="bbox 1941 2710 3244 2771; baseline -0.007 0"><span class='ocrx_word' id='word_1_465' title='bbox 1941 2715 2255 2771; x_wconf 89' lang='lat' dir='ltr'><strong>Discussam</strong></span> <span class='ocrx_word' id='word_1_466' title='bbox 2287 2714 2456 2770; x_wconf 90' lang='lat' dir='ltr'><strong>scires</strong></span> <span class='ocrx_word' id='word_1_467' title='bbox 2482 2712 2644 2769; x_wconf 92' lang='lat' dir='ltr'><strong>solidi</strong></span> <span class='ocrx_word' id='word_1_468' title='bbox 2669 2711 2804 2767; x_wconf 90' lang='lat' dir='ltr'><strong>nihil</strong></span> <span class='ocrx_word' id='word_1_469' title='bbox 2832 2710 2999 2766; x_wconf 89' lang='lat' dir='ltr'><strong>edere</strong></span> <span class='ocrx_word' id='word_1_470' title='bbox 3029 2723 3244 2765; x_wconf 88' lang='lat' dir='ltr'><strong>sensus.</strong></span> 
     </span>
    </p>
   </div>
   <div class='ocr_carea' id='block_1_86' title="bbox 1940 2803 3243 2879">
    <p class='ocr_par' dir='ltr' id='par_1_86' title="bbox 1940 2803 3243 2879">
     <span class='ocr_line' id='line_1_86' title="bbox 1940 2803 3243 2879; baseline -0.007 -14"><span class='ocrx_word' id='word_1_471' title='bbox 1940 2808 2200 2865; x_wconf 67' lang='lat' dir='ltr'><strong>Palladiae</strong></span> <span class='ocrx_word' id='word_1_472' title='bbox 2221 2808 2457 2879; x_wconf 91' lang='lat' dir='ltr'><strong>primum</strong></span> <span class='ocrx_word' id='word_1_473' title='bbox 2483 2816 2606 2878; x_wconf 83' lang='lat' dir='ltr'><strong>toga</strong></span> <span class='ocrx_word' id='word_1_474' title='bbox 2637 2815 2690 2862; x_wconf 89' lang='lat' dir='ltr'><strong>te</strong></span> <span class='ocrx_word' id='word_1_475' title='bbox 2718 2813 2976 2860; x_wconf 87' lang='lat' dir='ltr'><strong>venerata</strong></span> <span class='ocrx_word' id='word_1_476' title='bbox 3006 2803 3243 2868; x_wconf 70' lang='lat' dir='ltr'><strong>Tolosae,</strong></span> 
     </span>
    </p>
   </div>
   <div class='ocr_carea' id='block_1_87' title="bbox 1942 2891 3352 2972">
    <p class='ocr_par' dir='ltr' id='par_1_87' title="bbox 1942 2891 3352 2972">
     <span class='ocr_line' id='line_1_87' title="bbox 1942 2891 3352 2972; baseline -0.009 -14"><span class='ocrx_word' id='word_1_477' title='bbox 1942 2903 2065 2958; x_wconf 84' lang='lat' dir='ltr'><strong>Mox</strong></span> <span class='ocrx_word' id='word_1_478' title='bbox 2100 2901 2307 2972; x_wconf 90' lang='lat' dir='ltr'><strong>pepulit</strong></span> <span class='ocrx_word' id='word_1_479' title='bbox 2339 2899 2562 2956; x_wconf 90' lang='lat' dir='ltr'><strong>levitate</strong></span> <span class='ocrx_word' id='word_1_480' title='bbox 2591 2899 2732 2969; x_wconf 88' lang='lat' dir='ltr'><strong>pari.</strong></span> <span class='ocrx_word' id='word_1_481' title='bbox 2757 2896 2937 2952; x_wconf 90' lang='lat' dir='ltr'><strong>Narbo</strong></span> <span class='ocrx_word' id='word_1_482' title='bbox 2969 2895 3097 2952; x_wconf 89' lang='lat' dir='ltr'><strong>inde</strong></span> <span class='ocrx_word' id='word_1_483' title='bbox 3123 2891 3352 2964; x_wconf 87' lang='lat' dir='ltr'><strong>recepit.</strong></span> 
     </span>
    </p>
   </div>
   <div class='ocr_carea' id='block_1_88' title="bbox 1942 2990 3048 3064">
    <p class='ocr_par' dir='ltr' id='par_1_88' title="bbox 1942 2990 3048 3064">
     <span class='ocr_line' id='line_1_88' title="bbox 1942 2990 3048 3064; baseline -0.008 -14"><span class='ocrx_word' id='word_1_484' title='bbox 1942 2994 2058 3051; x_wconf 91' lang='lat' dir='ltr'><strong>Illic</strong></span> <span class='ocrx_word' id='word_1_485' title='bbox 2088 2993 2354 3050; x_wconf 85' lang='lat' dir='ltr'><strong>Dalmatio</strong></span> <span class='ocrx_word' id='word_1_486' title='bbox 2383 2993 2617 3064; x_wconf 85' lang='lat' dir='ltr'><strong>genitos,</strong></span> <span class='ocrx_word' id='word_1_487' title='bbox 2651 2990 2832 3046; x_wconf 88' lang='lat' dir='ltr'><strong>fatalia</strong></span> <span class='ocrx_word' id='word_1_488' title='bbox 2857 3003 3048 3060; x_wconf 86' lang='lat' dir='ltr'><strong>regum</strong></span> 
     </span>
    </p>
   </div>
   <div class='ocr_carea' id='block_1_89' title="bbox 1942 3078 3329 3157">
    <p class='ocr_par' dir='ltr' id='par_1_89' title="bbox 1942 3078 3329 3157">
     <span class='ocr_line' id='line_1_89' title="bbox 1942 3078 3329 3157; baseline -0.006 -14"><span class='ocrx_word' id='word_1_489' title='bbox 1942 3088 2197 3156; x_wconf 88' lang='lat' dir='ltr'><strong>Nomina,</strong></span> <span class='ocrx_word' id='word_1_490' title='bbox 2226 3096 2338 3142; x_wconf 90' lang='lat' dir='ltr'><strong>tum</strong></span> <span class='ocrx_word' id='word_1_491' title='bbox 2369 3099 2570 3156; x_wconf 89' lang='lat' dir='ltr'><strong>pueros</strong></span> <span class='ocrx_word' id='word_1_492' title='bbox 2592 3084 2784 3157; x_wconf 88' lang='lat' dir='ltr'><strong>grandi</strong></span> <span class='ocrx_word' id='word_1_493' title='bbox 2817 3081 3072 3138; x_wconf 91' lang='lat' dir='ltr'><strong>mercede</strong></span> <span class='ocrx_word' id='word_1_494' title='bbox 3097 3078 3329 3136; x_wconf 89' lang='lat' dir='ltr'><strong>docendi</strong></span> 
     </span>
    </p>
   </div>
   <div class='ocr_carea' id='block_1_90' title="bbox 1867 3168 3324 3253">
    <p class='ocr_par' dir='ltr' id='par_1_90' title="bbox 1867 3168 3324 3253">
     <span class='ocr_line' id='line_1_90' title="bbox 1867 3168 3324 3253; baseline -0.008 -18"><span class='ocrx_word' id='word_1_495' title='bbox 1867 3189 1913 3253; x_wconf 74' lang='grc' dir='ltr'><strong>ρ</strong></span> <span class='ocrx_word' id='word_1_496' title='bbox 1944 3177 2242 3242; x_wconf 90' lang='lat' dir='ltr'><strong>Formasti,</strong></span> <span class='ocrx_word' id='word_1_497' title='bbox 2268 3177 2498 3240; x_wconf 82' lang='lat' dir='ltr'><strong>Rhetor,</strong></span> <span class='ocrx_word' id='word_1_498' title='bbox 2522 3184 2722 3232; x_wconf 91' lang='lat' dir='ltr'><strong>metam</strong></span> <span class='ocrx_word' id='word_1_499' title='bbox 2753 3188 2923 3245; x_wconf 87' lang='lat' dir='ltr'><strong>pr0pe</strong></span> <span class='ocrx_word' id='word_1_500' title='bbox 2949 3171 3174 3244; x_wconf 90' lang='lat' dir='ltr'><strong>puberis</strong></span> <span class='ocrx_word' id='word_1_501' title='bbox 3199 3168 3324 3226; x_wconf 65' lang='lat' dir='ltr'><strong>aevi.</strong></span> 
     </span>
    </p>
   </div>
   <div class='ocr_carea' id='block_1_91' title="bbox 1942 3266 3280 3344">
    <p class='ocr_par' dir='ltr' id='par_1_91' title="bbox 1942 3266 3280 3344">
     <span class='ocr_line' id='line_1_91' title="bbox 1942 3266 3280 3344; baseline -0.008 -15"><span class='ocrx_word' id='word_1_502' title='bbox 1942 3277 2249 3331; x_wconf 70' lang='lat' dir='ltr'><strong>Caesareum</strong></span> <span class='ocrx_word' id='word_1_503' title='bbox 2278 3273 2372 3344; x_wconf 91' lang='lat' dir='ltr'><strong>qni</strong></span> <span class='ocrx_word' id='word_1_504' title='bbox 2392 3287 2516 3328; x_wconf 87' lang='lat' dir='ltr'><strong>mox</strong></span> <span class='ocrx_word' id='word_1_505' title='bbox 2549 3270 2753 3340; x_wconf 90' lang='lat' dir='ltr'><strong>indepti</strong></span> <span class='ocrx_word' id='word_1_506' title='bbox 2778 3282 3000 3335; x_wconf 92' lang='lat' dir='ltr'><strong>nomen,</strong></span> <span class='ocrx_word' id='word_1_507' title='bbox 3018 3266 3280 3321; x_wconf 90' lang='lat' dir='ltr'><strong>honorem</strong></span> 
     </span>
    </p>
   </div>
   <div class='ocr_carea' id='block_1_92' title="bbox 1942 3357 3344 3439">
    <p class='ocr_par' dir='ltr' id='par_1_92' title="bbox 1942 3357 3344 3439">
     <span class='ocr_line' id='line_1_92' title="bbox 1942 3357 3344 3439; baseline -0.01 -13"><span class='ocrx_word' id='word_1_508' title='bbox 1942 3368 2226 3436; x_wconf 74' lang='lat' dir='ltr'><strong>Praesidis,</strong></span> <span class='ocrx_word' id='word_1_509' title='bbox 2255 3366 2664 3439; x_wconf 84' lang='lat' dir='ltr'><strong>Hispanumque</strong></span> <span class='ocrx_word' id='word_1_510' title='bbox 2686 3363 2783 3418; x_wconf 90' lang='lat' dir='ltr'><strong>tibi</strong></span> <span class='ocrx_word' id='word_1_511' title='bbox 2810 3361 3051 3417; x_wconf 89' lang='lat' dir='ltr'><strong>tribuere</strong></span> <span class='ocrx_word' id='word_1_512' title='bbox 3083 3357 3344 3414; x_wconf 90' lang='lat' dir='ltr'><strong>tribunal.</strong></span> 
     </span>
    </p>
   </div>
   <div class='ocr_carea' id='block_1_93' title="bbox 1941 3451 3346 3534">
    <p class='ocr_par' dir='ltr' id='par_1_93' title="bbox 1941 3451 3346 3534">
     <span class='ocr_line' id='line_1_93' title="bbox 1941 3451 3346 3534; baseline -0.011 -13"><span class='ocrx_word' id='word_1_513' title='bbox 1941 3465 2246 3531; x_wconf 90' lang='lat' dir='ltr'><strong>Decedens,</strong></span> <span class='ocrx_word' id='word_1_514' title='bbox 2277 3460 2521 3534; x_wconf 86' lang='lat' dir='ltr'><strong>placidos</strong></span> <span class='ocrx_word' id='word_1_515' title='bbox 2553 3472 2758 3524; x_wconf 89' lang='lat' dir='ltr'><strong>mores,</strong></span> <span class='ocrx_word' id='word_1_516' title='bbox 2789 3455 3190 3527; x_wconf 89' lang='lat' dir='ltr'><strong>tranquillaque</strong></span> <span class='ocrx_word' id='word_1_517' title='bbox 3219 3451 3346 3508; x_wconf 68' lang='lat' dir='ltr'><strong>vitae</strong></span> 
     </span>
    </p>
   </div>
   <div class='ocr_carea' id='block_1_94' title="bbox 1941 3547 3144 3628">
    <p class='ocr_par' dir='ltr' id='par_1_94' title="bbox 1941 3547 3144 3628">
     <span class='ocr_line' id='line_1_94' title="bbox 1941 3547 3144 3628; baseline -0.009 -15"><span class='ocrx_word' id='word_1_518' title='bbox 1941 3557 2209 3628; x_wconf 87' lang='lat' dir='ltr'><strong>Tempora</strong></span> <span class='ocrx_word' id='word_1_519' title='bbox 2234 3553 2498 3626; x_wconf 79' lang='lat' dir='ltr'><strong>praedives</strong></span> <span class='ocrx_word' id='word_1_520' title='bbox 2522 3551 2690 3607; x_wconf 86' lang='lat' dir='ltr'><strong>finisti</strong></span> <span class='ocrx_word' id='word_1_521' title='bbox 2721 3549 2852 3606; x_wconf 88' lang='lat' dir='ltr'><strong>sede</strong></span> <span class='ocrx_word' id='word_1_522' title='bbox 2880 3547 3144 3605; x_wconf 88' lang='lat' dir='ltr'><strong>Cadurca.</strong></span> 
     </span>
    </p>
   </div>
   <div class='ocr_carea' id='block_1_95' title="bbox 1939 3641 3349 3720">
    <p class='ocr_par' dir='ltr' id='par_1_95' title="bbox 1939 3641 3349 3720">
     <span class='ocr_line' id='line_1_95' title="bbox 1939 3641 3349 3720; baseline -0.011 -14"><span class='ocrx_word' id='word_1_523' title='bbox 1939 3649 2048 3706; x_wconf 90' lang='lat' dir='ltr'><strong>Sed</strong></span> <span class='ocrx_word' id='word_1_524' title='bbox 2073 3648 2263 3720; x_wconf 72' lang='lat' dir='ltr'><strong>patria:</strong></span> <span class='ocrx_word' id='word_1_525' title='bbox 2287 3655 2339 3702; x_wconf 91' lang='lat' dir='ltr'><strong>te</strong></span> <span class='ocrx_word' id='word_1_526' title='bbox 2367 3647 2490 3718; x_wconf 85' lang='lat' dir='ltr'><strong>jura</strong></span> <span class='ocrx_word' id='word_1_527' title='bbox 2517 3653 2739 3711; x_wconf 91' lang='lat' dir='ltr'><strong>vocant,</strong></span> <span class='ocrx_word' id='word_1_528' title='bbox 2768 3651 2825 3698; x_wconf 91' lang='lat' dir='ltr'><strong>ct</strong></span> <span class='ocrx_word' id='word_1_529' title='bbox 2853 3641 3007 3714; x_wconf 88' lang='lat' dir='ltr'><strong>origo</strong></span> <span class='ocrx_word' id='word_1_530' title='bbox 3035 3645 3349 3711; x_wconf 89' lang='lat' dir='ltr'><strong>parentum,</strong></span> 
     </span>
    </p>
   </div>
   <div class='ocr_carea' id='block_1_96' title="bbox 1939 3729 3429 3814">
    <p class='ocr_par' dir='ltr' id='par_1_96' title="bbox 1939 3729 3429 3814">
     <span class='ocr_line' id='line_1_96' title="bbox 1939 3729 3429 3814; baseline -0.01 -15"><span class='ocrx_word' id='word_1_531' title='bbox 1939 3743 2245 3814; x_wconf 73' lang='lat' dir='ltr'><strong>Burdigalae</strong></span> <span class='ocrx_word' id='word_1_532' title='bbox 2274 3750 2334 3796; x_wconf 92' lang='lat' dir='ltr'><strong>ut</strong></span> <span class='ocrx_word' id='word_1_533' title='bbox 2363 3755 2581 3795; x_wconf 86' lang='lat' dir='ltr'><strong>rursum</strong></span> <span class='ocrx_word' id='word_1_534' title='bbox 2609 3752 2811 3794; x_wconf 90' lang='lat' dir='ltr'><strong>nomen</strong></span> <span class='ocrx_word' id='word_1_535' title='bbox 2834 3736 2902 3792; x_wconf 89' lang='lat' dir='ltr'><strong>de</strong></span> <span class='ocrx_word' id='word_1_536' title='bbox 2942 3734 3188 3790; x_wconf 79' lang='lat' dir='ltr'><strong>Rhetore</strong></span> <span class='ocrx_word' id='word_1_537' title='bbox 3208 3729 3429 3788; x_wconf 85' lang='lat' dir='ltr'><strong>reddas.</strong></span> 
     </span>
    </p>
   </div>
   <div class='ocr_carea' id='block_1_97' title="bbox 1939 3867 3539 3945">
    <p class='ocr_par' dir='ltr' id='par_1_97' title="bbox 1939 3867 3539 3945">
     <span class='ocr_line' id='line_1_97' title="bbox 1939 3867 3539 3945; baseline -0.008 -11"><span class='ocrx_word' id='word_1_538' title='bbox 1939 3877 2128 3934; x_wconf 79' lang='lat' dir='ltr'><strong>XVIII.</strong></span> <span class='ocrx_word' id='word_1_539' title='bbox 2147 3875 2401 3931; x_wconf 80' lang='lat' dir='ltr'><strong>Marcello</strong></span> <span class='ocrx_word' id='word_1_540' title='bbox 2419 3874 2659 3929; x_wconf 82' lang='lat' dir='ltr'><strong>Marcelli</strong></span> <span class='ocrx_word' id='word_1_541' title='bbox 2678 3873 2793 3942; x_wconf 82' lang='lat' dir='ltr'><strong>ﬁlio</strong></span> <span class='ocrx_word' id='word_1_542' title='bbox 2814 3872 3154 3945; x_wconf 87' lang='lat' dir='ltr'><strong>grammatico</strong></span> <span class='ocrx_word' id='word_1_543' title='bbox 3186 3867 3539 3924; x_wconf 80' lang='lat' dir='ltr'><strong>Narbonensi.</strong></span> 
     </span>
    </p>
   </div>
   <div class='ocr_carea' id='block_1_98' title="bbox 1938 3982 3270 4059">
    <p class='ocr_par' dir='ltr' id='par_1_98' title="bbox 1938 3982 3270 4059">
     <span class='ocr_line' id='line_1_98' title="bbox 1938 3982 3270 4059; baseline -0.01 -12"><span class='ocrx_word' id='word_1_544' title='bbox 1938 3990 2052 4048; x_wconf 90' lang='lat' dir='ltr'><strong>Nec</strong></span> <span class='ocrx_word' id='word_1_545' title='bbox 2081 3999 2134 4045; x_wconf 92' lang='lat' dir='ltr'><strong>te</strong></span> <span class='ocrx_word' id='word_1_546' title='bbox 2162 3989 2418 4045; x_wconf 85' lang='lat' dir='ltr'><strong>Marcello</strong></span> <span class='ocrx_word' id='word_1_547' title='bbox 2443 3987 2710 4059; x_wconf 88' lang='lat' dir='ltr'><strong>genitum,</strong></span> <span class='ocrx_word' id='word_1_548' title='bbox 2742 3983 3024 4052; x_wconf 80' lang='lat' dir='ltr'><strong>Marcelle,</strong></span> <span class='ocrx_word' id='word_1_549' title='bbox 3049 3982 3223 4036; x_wconf 91' lang='lat' dir='ltr'><strong>silebo</strong></span> <span class='ocrx_word' id='word_1_550' title='bbox 3257 3999 3270 4033; x_wconf 94' lang='lat'>:</span> 
     </span>
    </p>
   </div>
   <div class='ocr_carea' id='block_1_99' title="bbox 2011 4072 3317 4156">
    <p class='ocr_par' dir='ltr' id='par_1_99' title="bbox 2011 4072 3317 4156">
     <span class='ocr_line' id='line_1_99' title="bbox 2011 4072 3317 4156; baseline -0.011 -16"><span class='ocrx_word' id='word_1_551' title='bbox 2011 4086 2223 4156; x_wconf 79' lang='lat' dir='ltr'><strong>ASpera</strong></span> <span class='ocrx_word' id='word_1_552' title='bbox 2245 4098 2409 4154; x_wconf 88' lang='lat' dir='ltr'><strong>quem</strong></span> <span class='ocrx_word' id='word_1_553' title='bbox 2440 4079 2678 4152; x_wconf 78' lang='lat' dir='ltr'><strong>genitrix</strong></span> <span class='ocrx_word' id='word_1_554' title='bbox 2700 4078 2860 4146; x_wconf 89' lang='lat' dir='ltr'><strong>urbe,</strong></span> <span class='ocrx_word' id='word_1_555' title='bbox 2894 4077 3058 4132; x_wconf 93' lang='lat' dir='ltr'><strong>domo</strong></span> <span class='ocrx_word' id='word_1_556' title='bbox 3088 4072 3317 4145; x_wconf 88' lang='lat' dir='ltr'><strong>pepulit.</strong></span> 
     </span>
    </p>
   </div>
   <div class='ocr_carea' id='block_1_100' title="bbox 1939 4165 3449 4246">
    <p class='ocr_par' dir='ltr' id='par_1_100' title="bbox 1939 4165 3449 4246">
     <span class='ocr_line' id='line_1_100' title="bbox 1939 4165 3449 4246; baseline -0.011 -11"><span class='ocrx_word' id='word_1_557' title='bbox 1939 4177 2050 4235; x_wconf 89' lang='lat' dir='ltr'><strong>Sed</strong></span> <span class='ocrx_word' id='word_1_558' title='bbox 2073 4177 2286 4232; x_wconf 86' lang='lat' dir='ltr'><strong>fortuna</strong></span> <span class='ocrx_word' id='word_1_559' title='bbox 2320 4184 2518 4246; x_wconf 90' lang='lat' dir='ltr'><strong>potens</strong></span> <span class='ocrx_word' id='word_1_560' title='bbox 2548 4173 2660 4228; x_wconf 93' lang='lat' dir='ltr'><strong>cito</strong></span> <span class='ocrx_word' id='word_1_561' title='bbox 2689 4170 2935 4228; x_wconf 86' lang='lat' dir='ltr'><strong>reddidit</strong></span> <span class='ocrx_word' id='word_1_562' title='bbox 2958 4168 3162 4235; x_wconf 89' lang='lat' dir='ltr'><strong>omnia,</strong></span> <span class='ocrx_word' id='word_1_563' title='bbox 3197 4174 3252 4222; x_wconf 87' lang='lat' dir='ltr'><strong>et</strong></span> <span class='ocrx_word' id='word_1_564' title='bbox 3272 4165 3449 4219; x_wconf 87' lang='lat' dir='ltr'><strong>anxit.</strong></span> 
     </span>
    </p>
   </div>
   <div class='ocr_carea' id='block_1_101' title="bbox 2015 4260 3209 4338">
    <p class='ocr_par' dir='ltr' id='par_1_101' title="bbox 2015 4260 3209 4338">
     <span class='ocr_line' id='line_1_101' title="bbox 2015 4260 3209 4338; baseline -0.012 -13"><span class='ocrx_word' id='word_1_565' title='bbox 2015 4269 2282 4325; x_wconf 85' lang='lat' dir='ltr'><strong>Amissam</strong></span> <span class='ocrx_word' id='word_1_566' title='bbox 2311 4267 2546 4338; x_wconf 90' lang='lat' dir='ltr'><strong>primum</strong></span> <span class='ocrx_word' id='word_1_567' title='bbox 2573 4263 2754 4319; x_wconf 84' lang='lat' dir='ltr'><strong>Narbo</strong></span> <span class='ocrx_word' id='word_1_568' title='bbox 2776 4262 2926 4318; x_wconf 88' lang='lat' dir='ltr'><strong>dedit</strong></span> <span class='ocrx_word' id='word_1_569' title='bbox 2956 4260 3209 4331; x_wconf 87' lang='lat' dir='ltr'><strong>patriam.</strong></span> 
     </span>
    </p>
   </div>
   <div class='ocr_carea' id='block_1_102' title="bbox 1938 4353 3260 4428">
    <p class='ocr_par' dir='ltr' id='par_1_102' title="bbox 1938 4353 3260 4428">
     <span class='ocr_line' id='line_1_102' title="bbox 1938 4353 3260 4428; baseline -0.009 -11"><span class='ocrx_word' id='word_1_570' title='bbox 1938 4358 2147 4417; x_wconf 91' lang='lat' dir='ltr'><strong>Nobilis</strong></span> <span class='ocrx_word' id='word_1_571' title='bbox 2169 4357 2257 4413; x_wconf 89' lang='lat' dir='ltr'><strong>hic</strong></span> <span class='ocrx_word' id='word_1_572' title='bbox 2286 4359 2487 4428; x_wconf 85' lang='lat' dir='ltr'><strong>hospes</strong></span> <span class='ocrx_word' id='word_1_573' title='bbox 2512 4353 2819 4411; x_wconf 89' lang='lat' dir='ltr'><strong>Clarentius</strong></span> <span class='ocrx_word' id='word_1_574' title='bbox 2845 4353 3030 4408; x_wconf 90' lang='lat' dir='ltr'><strong>indole</strong></span> <span class='ocrx_word' id='word_1_575' title='bbox 3059 4360 3260 4420; x_wconf 88' lang='lat' dir='ltr'><strong>motus,</strong></span> 
     </span>
    </p>
   </div>
   <div class='ocr_carea' id='block_1_103' title="bbox 2013 4445 3102 4524">
    <p class='ocr_par' dir='ltr' id='par_1_103' title="bbox 2013 4445 3102 4524">
     <span class='ocr_line' id='line_1_103' title="bbox 2013 4445 3102 4524; baseline -0.008 -15"><span class='ocrx_word' id='word_1_576' title='bbox 2013 4451 2302 4524; x_wconf 86' lang='lat' dir='ltr'><strong>Egregiam</strong></span> <span class='ocrx_word' id='word_1_577' title='bbox 2332 4458 2516 4505; x_wconf 87' lang='lat' dir='ltr'><strong>natam</strong></span> <span class='ocrx_word' id='word_1_578' title='bbox 2545 4448 2803 4519; x_wconf 88' lang='lat' dir='ltr'><strong>conjugio</strong></span> <span class='ocrx_word' id='word_1_579' title='bbox 2831 4445 3102 4502; x_wconf 89' lang='lat' dir='ltr'><strong>attribuit.</strong></span> 
     </span>
    </p>
   </div>
   <div class='ocr_carea' id='block_1_104' title="bbox 1861 4535 3531 4642">
    <p class='ocr_par' dir='ltr' id='par_1_104' title="bbox 1861 4535 3531 4642">
     <span class='ocr_line' id='line_1_104' title="bbox 1861 4535 3531 4642; baseline -0.009 -38"><span class='ocrx_word' id='word_1_580' title='bbox 1861 4582 1917 4642; x_wconf 67' lang='grc' dir='ltr'><strong><em>Β</em></strong></span> <span class='ocrx_word' id='word_1_581' title='bbox 1941 4547 2061 4603; x_wconf 78' lang='lat' dir='ltr'><strong>Mox</strong></span> <span class='ocrx_word' id='word_1_582' title='bbox 2105 4545 2314 4613; x_wconf 90' lang='lat' dir='ltr'><strong>schola,</strong></span> <span class='ocrx_word' id='word_1_583' title='bbox 2355 4555 2408 4599; x_wconf 90' lang='lat' dir='ltr'><strong>et</strong></span> <span class='ocrx_word' id='word_1_584' title='bbox 2436 4543 2652 4598; x_wconf 90' lang='lat' dir='ltr'><strong>auditor</strong></span> <span class='ocrx_word' id='word_1_585' title='bbox 2683 4542 2908 4611; x_wconf 87' lang='lat' dir='ltr'><strong>multus,</strong></span> <span class='ocrx_word' id='word_1_586' title='bbox 2940 4548 3315 4611; x_wconf 61' lang='lat' dir='ltr'><strong>praetextaque</strong></span> <span class='ocrx_word' id='word_1_587' title='bbox 3339 4535 3531 4609; x_wconf 88' lang='lat' dir='ltr'><strong>puhes,</strong></span> 
     </span>
    </p>
   </div>
   <div class='ocr_carea' id='block_1_105' title="bbox 2013 4635 3174 4706">
    <p class='ocr_par' dir='ltr' id='par_1_105' title="bbox 2013 4635 3174 4706">
     <span class='ocr_line' id='line_1_105' title="bbox 2013 4635 3174 4706; baseline -0.008 -9"><span class='ocrx_word' id='word_1_588' title='bbox 2013 4640 2364 4698; x_wconf 86' lang='lat' dir='ltr'><strong>Grammatici</strong></span> <span class='ocrx_word' id='word_1_589' title='bbox 2395 4653 2613 4704; x_wconf 88' lang='lat' dir='ltr'><strong>nomen,</strong></span> <span class='ocrx_word' id='word_1_590' title='bbox 2646 4637 2973 4706; x_wconf 84' lang='lat' dir='ltr'><strong>divitiasque</strong></span> <span class='ocrx_word' id='word_1_591' title='bbox 3004 4635 3174 4692; x_wconf 89' lang='lat' dir='ltr'><strong>dedit.</strong></span> 
     </span>
    </p>
   </div>
   <div class='ocr_carea' id='block_1_106' title="bbox 1941 4726 3391 4804">
    <p class='ocr_par' dir='ltr' id='par_1_106' title="bbox 1941 4726 3391 4804">
     <span class='ocr_line' id='line_1_106' title="bbox 1941 4726 3391 4804; baseline -0.008 -11"><span class='ocrx_word' id='word_1_592' title='bbox 1941 4736 2048 4793; x_wconf 89' lang='lat' dir='ltr'><strong>Sed</strong></span> <span class='ocrx_word' id='word_1_593' title='bbox 2082 4749 2371 4804; x_wconf 89' lang='lat' dir='ltr'><strong>numquam</strong></span> <span class='ocrx_word' id='word_1_594' title='bbox 2401 4733 2583 4804; x_wconf 86' lang='lat' dir='ltr'><strong>jugem</strong></span> <span class='ocrx_word' id='word_1_595' title='bbox 2611 4746 2830 4787; x_wconf 87' lang='lat' dir='ltr'><strong>cursum</strong></span> <span class='ocrx_word' id='word_1_596' title='bbox 2859 4731 3076 4786; x_wconf 88' lang='lat' dir='ltr'><strong>fortuna</strong></span> <span class='ocrx_word' id='word_1_597' title='bbox 3106 4726 3391 4793; x_wconf 90' lang='lat' dir='ltr'><strong>secundat,</strong></span> 
     </span>
    </p>
   </div>
   <div class='ocr_carea' id='block_1_107' title="bbox 2012 4821 3138 4897">
    <p class='ocr_par' dir='ltr' id='par_1_107' title="bbox 2012 4821 3138 4897">
     <span class='ocr_line' id='line_1_107' title="bbox 2012 4821 3138 4897; baseline -0.008 -12"><span class='ocrx_word' id='word_1_598' title='bbox 2012 4826 2319 4885; x_wconf 71' lang='lat' dir='ltr'><strong>Praesertim</strong></span> <span class='ocrx_word' id='word_1_599' title='bbox 2345 4825 2497 4897; x_wconf 88' lang='lat' dir='ltr'><strong>pravi</strong></span> <span class='ocrx_word' id='word_1_600' title='bbox 2520 4833 2676 4880; x_wconf 90' lang='lat' dir='ltr'><strong>nacta</strong></span> <span class='ocrx_word' id='word_1_601' title='bbox 2707 4824 2883 4879; x_wconf 90' lang='lat' dir='ltr'><strong>virum</strong></span> <span class='ocrx_word' id='word_1_602' title='bbox 2912 4821 3138 4893; x_wconf 83' lang='lat' dir='ltr'><strong>ingenii.</strong></span> 
     </span>
    </p>
   </div>
   <div class='ocr_carea' id='block_1_108' title="bbox 1944 4909 3539 4980">
    <p class='ocr_par' dir='ltr' id='par_1_108' title="bbox 1944 4909 3539 4980">
     <span class='ocr_line' id='line_1_108' title="bbox 1944 4909 3539 4980; baseline -0.011 0"><span class='ocrx_word' id='word_1_603' title='bbox 1944 4923 2149 4980; x_wconf 82' lang='lat' dir='ltr'><strong>Verum</strong></span> <span class='ocrx_word' id='word_1_604' title='bbox 2178 4919 2456 4978; x_wconf 90' lang='lat' dir='ltr'><strong>oneranda</strong></span> <span class='ocrx_word' id='word_1_605' title='bbox 2481 4917 2616 4974; x_wconf 90' lang='lat' dir='ltr'><strong>mihi</strong></span> <span class='ocrx_word' id='word_1_606' title='bbox 2639 4933 2746 4974; x_wconf 92' lang='lat' dir='ltr'><strong>non</strong></span> <span class='ocrx_word' id='word_1_607' title='bbox 2777 4927 2904 4974; x_wconf 86' lang='lat' dir='ltr'><strong>sunt</strong></span> <span class='ocrx_word' id='word_1_608' title='bbox 2930 4935 2943 4971; x_wconf 87' lang='lat'>:</span> <span class='ocrx_word' id='word_1_609' title='bbox 2975 4913 3329 4973; x_wconf 86' lang='lat' dir='ltr'><strong>memoranda</strong></span> <span class='ocrx_word' id='word_1_610' title='bbox 3354 4909 3539 4980; x_wconf 89' lang='lat' dir='ltr'><strong>recepi</strong></span> 
     </span>
    </p>
   </div>
   <div class='ocr_carea' id='block_1_109' title="bbox 2014 5007 3341 5083">
    <p class='ocr_par' dir='ltr' id='par_1_109' title="bbox 2014 5007 3341 5083">
     <span class='ocr_line' id='line_1_109' title="bbox 2014 5007 3341 5083; baseline -0.01 -10"><span class='ocrx_word' id='word_1_611' title='bbox 2014 5018 2180 5082; x_wconf 83' lang='lat' dir='ltr'><strong>Fata;</strong></span> <span class='ocrx_word' id='word_1_612' title='bbox 2212 5023 2295 5071; x_wconf 88' lang='lat' dir='ltr'><strong>sat</strong></span> <span class='ocrx_word' id='word_1_613' title='bbox 2323 5024 2408 5071; x_wconf 90' lang='lat' dir='ltr'><strong>est</strong></span> <span class='ocrx_word' id='word_1_614' title='bbox 2434 5014 2664 5081; x_wconf 87' lang='lat' dir='ltr'><strong>dictum,</strong></span> <span class='ocrx_word' id='word_1_615' title='bbox 2695 5023 2887 5070; x_wconf 88' lang='lat' dir='ltr'><strong>cuncta</strong></span> <span class='ocrx_word' id='word_1_616' title='bbox 2921 5012 3129 5083; x_wconf 82' lang='lat' dir='ltr'><strong>perisse</strong></span> <span class='ocrx_word' id='word_1_617' title='bbox 3162 5007 3341 5063; x_wconf 83' lang='lat' dir='ltr'><strong>simul.</strong></span> 
     </span>
    </p>
   </div>
   <div class='ocr_carea' id='block_1_110' title="bbox 1939 5100 3536 5176">
    <p class='ocr_par' dir='ltr' id='par_1_110' title="bbox 1939 5100 3536 5176">
     <span class='ocr_line' id='line_1_110' title="bbox 1939 5100 3536 5176; baseline -0.011 -11"><span class='ocrx_word' id='word_1_618' title='bbox 1939 5109 2059 5165; x_wconf 89' lang='lat' dir='ltr'><strong>Non</strong></span> <span class='ocrx_word' id='word_1_619' title='bbox 2091 5118 2273 5164; x_wconf 91' lang='lat' dir='ltr'><strong>tamen</strong></span> <span class='ocrx_word' id='word_1_620' title='bbox 2310 5115 2367 5163; x_wconf 91' lang='lat' dir='ltr'><strong>et</strong></span> <span class='ocrx_word' id='word_1_621' title='bbox 2395 5119 2615 5174; x_wconf 91' lang='lat' dir='ltr'><strong>nomen,</strong></span> <span class='ocrx_word' id='word_1_622' title='bbox 2645 5120 2750 5176; x_wconf 92' lang='lat' dir='ltr'><strong>quo</strong></span> <span class='ocrx_word' id='word_1_623' title='bbox 2789 5117 2841 5161; x_wconf 92' lang='lat' dir='ltr'><strong>te</strong></span> <span class='ocrx_word' id='word_1_624' title='bbox 2870 5119 2975 5160; x_wconf 91' lang='lat' dir='ltr'><strong>non</strong></span> <span class='ocrx_word' id='word_1_625' title='bbox 3009 5100 3226 5169; x_wconf 88' lang='lat' dir='ltr'><strong>fraudo,</strong></span> <span class='ocrx_word' id='word_1_626' title='bbox 3253 5103 3536 5168; x_wconf 88' lang='lat' dir='ltr'><strong>receptum</strong></span> 
     </span>
    </p>
   </div>
   <div class='ocr_carea' id='block_1_111' title="bbox 2011 5195 3133 5271">
    <p class='ocr_par' dir='ltr' id='par_1_111' title="bbox 2011 5195 3133 5271">
     <span class='ocr_line' id='line_1_111' title="bbox 2011 5195 3133 5271; baseline -0.009 -13"><span class='ocrx_word' id='word_1_627' title='bbox 2011 5203 2158 5258; x_wconf 92' lang='lat' dir='ltr'><strong>Inter</strong></span> <span class='ocrx_word' id='word_1_628' title='bbox 2179 5201 2576 5256; x_wconf 89' lang='lat' dir='ltr'><strong>Grammaticos</strong></span> <span class='ocrx_word' id='word_1_629' title='bbox 2601 5201 2898 5271; x_wconf 80' lang='lat' dir='ltr'><strong>praetenuis</strong></span> <span class='ocrx_word' id='word_1_630' title='bbox 2929 5195 3133 5252; x_wconf 83' lang='lat' dir='ltr'><strong>meriti.</strong></span> 
     </span>
    </p>
   </div>
   <div class='ocr_carea' id='block_1_112' title="bbox 2249 5329 3226 5401">
    <p class='ocr_par' dir='ltr' id='par_1_112' title="bbox 2249 5329 3226 5401">
     <span class='ocr_line' id='line_1_112' title="bbox 2249 5329 3226 5401; baseline -0.011 -10"><span class='ocrx_word' id='word_1_631' title='bbox 2249 5335 2392 5390; x_wconf 78' lang='lat' dir='ltr'><strong>XIX.</strong></span> <span class='ocrx_word' id='word_1_632' title='bbox 2423 5335 2676 5401; x_wconf 83' lang='lat' dir='ltr'><strong>Sedatus,</strong></span> <span class='ocrx_word' id='word_1_633' title='bbox 2707 5335 2884 5389; x_wconf 81' lang='lat' dir='ltr'><strong>rhetor</strong></span> <span class='ocrx_word' id='word_1_634' title='bbox 2913 5329 3226 5386; x_wconf 81' lang='lat' dir='ltr'><strong>Tolosanus.</strong></span> 
     </span>
    </p>
   </div>
   <div class='ocr_carea' id='block_1_113' title="bbox 1937 5443 3320 5525">
    <p class='ocr_par' dir='ltr' id='par_1_113' title="bbox 1937 5443 3320 5525">
     <span class='ocr_line' id='line_1_113' title="bbox 1937 5443 3320 5525; baseline -0.011 -15"><span class='ocrx_word' id='word_1_635' title='bbox 1937 5453 2172 5525; x_wconf 83' lang='lat' dir='ltr'><strong>Relligio</strong></span> <span class='ocrx_word' id='word_1_636' title='bbox 2192 5460 2300 5520; x_wconf 88' lang='lat' dir='ltr'><strong>est,</strong></span> <span class='ocrx_word' id='word_1_637' title='bbox 2325 5454 2546 5508; x_wconf 86' lang='lat' dir='ltr'><strong>tacitum</strong></span> <span class='ocrx_word' id='word_1_638' title='bbox 2576 5451 2619 5507; x_wconf 93' lang='lat' dir='ltr'><strong>si</strong></span> <span class='ocrx_word' id='word_1_639' title='bbox 2650 5448 2958 5519; x_wconf 89' lang='lat' dir='ltr'><strong>te,Sedate,</strong></span> <span class='ocrx_word' id='word_1_640' title='bbox 2993 5443 3320 5514; x_wconf 91' lang='lat' dir='ltr'><strong>relinquam,</strong></span> 
     </span>
    </p>
   </div>
   <div class='ocr_carea' id='block_1_114' title="bbox 2010 5533 3274 5614">
    <p class='ocr_par' dir='ltr' id='par_1_114' title="bbox 2010 5533 3274 5614">
     <span class='ocr_line' id='line_1_114' title="bbox 2010 5533 3274 5614; baseline -0.011 -12"><span class='ocrx_word' id='word_1_641' title='bbox 2010 5545 2269 5614; x_wconf 87' lang='lat' dir='ltr'><strong>Quamvis</strong></span> <span class='ocrx_word' id='word_1_642' title='bbox 2299 5544 2531 5602; x_wconf 90' lang='lat' dir='ltr'><strong>docendi</strong></span> <span class='ocrx_word' id='word_1_643' title='bbox 2557 5557 2753 5599; x_wconf 92' lang='lat' dir='ltr'><strong>munus</strong></span> <span class='ocrx_word' id='word_1_644' title='bbox 2776 5538 2995 5607; x_wconf 90' lang='lat' dir='ltr'><strong>indepte</strong></span> <span class='ocrx_word' id='word_1_645' title='bbox 3025 5551 3085 5592; x_wconf 93' lang='lat' dir='ltr'><strong>es</strong></span> <span class='ocrx_word' id='word_1_646' title='bbox 3118 5533 3274 5590; x_wconf 89' lang='lat' dir='ltr'><strong>foris.</strong></span> 
     </span>
    </p>
   </div>
   <div class='ocr_carea' id='block_1_115' title="bbox 1937 5629 3422 5710">
    <p class='ocr_par' dir='ltr' id='par_1_115' title="bbox 1937 5629 3422 5710">
     <span class='ocr_line' id='line_1_115' title="bbox 1937 5629 3422 5710; baseline -0.009 -14"><span class='ocrx_word' id='word_1_647' title='bbox 1937 5640 2255 5696; x_wconf 90' lang='lat' dir='ltr'><strong>Communis</strong></span> <span class='ocrx_word' id='word_1_648' title='bbox 2285 5639 2458 5710; x_wconf 90' lang='lat' dir='ltr'><strong>patria</strong></span> <span class='ocrx_word' id='word_1_649' title='bbox 2489 5647 2773 5693; x_wconf 91' lang='lat' dir='ltr'><strong>esttecum</strong></span> <span class='ocrx_word' id='word_1_650' title='bbox 2807 5633 2936 5687; x_wconf 93' lang='lat' dir='ltr'><strong>mihi</strong></span> <span class='ocrx_word' id='word_1_651' title='bbox 2967 5650 2979 5684; x_wconf 92' lang='lat'>:</span> <span class='ocrx_word' id='word_1_652' title='bbox 3008 5632 3148 5686; x_wconf 91' lang='lat' dir='ltr'><strong>forte</strong></span> <span class='ocrx_word' id='word_1_653' title='bbox 3176 5629 3422 5701; x_wconf 88' lang='lat' dir='ltr'><strong>potentis</strong></span> 
     </span>
    </p>
   </div>
   <div class='ocr_carea' id='block_1_116' title="bbox 2009 5725 3198 5789">
    <p class='ocr_par' dir='ltr' id='par_1_116' title="bbox 2009 5725 3198 5789">
     <span class='ocr_line' id='line_1_116' title="bbox 2009 5725 3198 5789; baseline -0.007 0"><span class='ocrx_word' id='word_1_654' title='bbox 2009 5734 2134 5789; x_wconf 88' lang='lat' dir='ltr'><strong>Fati</strong></span> <span class='ocrx_word' id='word_1_655' title='bbox 2163 5734 2419 5789; x_wconf 88' lang='lat' dir='ltr'><strong>Tolosam</strong></span> <span class='ocrx_word' id='word_1_656' title='bbox 2455 5743 2644 5788; x_wconf 90' lang='lat' dir='ltr'><strong>nactus</strong></span> <span class='ocrx_word' id='word_1_657' title='bbox 2671 5745 2732 5786; x_wconf 93' lang='lat' dir='ltr'><strong>es</strong></span> <span class='ocrx_word' id='word_1_658' title='bbox 2754 5729 2940 5783; x_wconf 84' lang='lat' dir='ltr'><strong>sedem</strong></span> <span class='ocrx_word' id='word_1_659' title='bbox 2972 5725 3198 5781; x_wconf 84' lang='lat' dir='ltr'><strong>scholae.</strong></span> 
     </span>
    </p>
   </div>
   <div class='ocr_carea' id='block_1_117' title="bbox 1939 5821 3372 5900">
    <p class='ocr_par' dir='ltr' id='par_1_117' title="bbox 1939 5821 3372 5900">
     <span class='ocr_line' id='line_1_117' title="bbox 1939 5821 3372 5900; baseline -0.006 -18"><span class='ocrx_word' id='word_1_660' title='bbox 1939 5827 2054 5885; x_wconf 90' lang='lat' dir='ltr'><strong>Illic</strong></span> <span class='ocrx_word' id='word_1_661' title='bbox 2081 5827 2416 5900; x_wconf 85' lang='lat' dir='ltr'><strong>conjugium,</strong></span> <span class='ocrx_word' id='word_1_662' title='bbox 2444 5828 2685 5898; x_wconf 90' lang='lat' dir='ltr'><strong>natique,</strong></span> <span class='ocrx_word' id='word_1_663' title='bbox 2730 5821 3068 5895; x_wconf 83' lang='lat' dir='ltr'><strong>opulcnSquc</strong></span> <span class='ocrx_word' id='word_1_664' title='bbox 3099 5827 3372 5886; x_wconf 74' lang='lat' dir='ltr'><strong>senectus,</strong></span> 
     </span>
    </p>
   </div>
  </div>
