4072 6306
542 251 652 312 859
1924 239 2146 302 DECIL

2250 234 2412 297 EDNII
3697 241 3812 302 .860

614 366 685 424 Et
706 364 876 434 fama,
901 374 1098 434 magno
1115 358 1296 432 qualis
1312 362 1398 414 est
1424 370 1520 429 par
1563 354 1816 413 Rhetori.
2158 353 2215 418 Α
2240 349 2445 407 Exesas
2482 347 2667 415 tineis,
2711 345 3010 419 opicasque
3032 347 3289 407 evolvere
3315 348 3554 421 chartas,

546 459 807 530 Quamvis
836 465 1060 514 externa
1087 462 1268 511 tamen
1299 467 1330 506 a
1354 449 1580 522 regione
1607 448 1821 506 reducit
2312 443 2483 512 Maior
2510 456 2673 513 quam
2703 443 2966 512 promptis
2996 455 3126 498 cura
3156 442 3257 499 tibi
3288 444 3342 500 in
3371 445 3583 502 studiis.

615 559 694 617 'l‘e
722 558 916 630 patria,
951 565 1009 612 et
1034 554 1211 611 civem
1239 549 1416 608 mbrte
1438 549 1588 606 obita
1616 547 1836 620 repetit.
2240 535 2397 616 Quod
2414 535 2502 608 ius
2519 533 2868 602 Pontificum,
2887 549 3009 606 qua:
3032 533 3266 605 foedera,
3282 545 3513 594 stemma
3544 540 3685 614 quod
3701 543 3814 601 olim

546 652 794 722 Cumque
819 656 1100 720 vagantem
1128 659 1352 716 operam
1376 642 1572 700 divisa:
1620 637 1955 712 impenderis
1991 635 2136 707 urbi,
2314 636 2455 696 Ante
2483 632 2720 696 Numam
2741 631 2919 690 fuerat
2941 633 3212 690 sacrificis
3239 632 3474 692 Curibus
3505 653 3519 693 :

614 743 916 800 Arbitrium
939 741 1010 797 de
1039 749 1092 796 te
1121 738 1291 796 sum-it
1319 737 1475 808 origo
1497 751 1679 793 suum.
2242 727 2396 797 Quod
2419 725 2612 783 Castor
2637 726 2849 783 cunctis
2870 724 2940 782 de
2964 726 3186 797 regibus
3218 728 3512 800 ambiguis,
3541 731 3678 803 quod

546 839 646 896 Est
677 847 765 894 tua
797 850 940 892 nunc
968 834 1218 901 suboles,
1248 846 1570 903 moremque
1594 840 1784 888 secuta
1807 825 2066 901 parentis,
2314 817 2573 891 Conjugis
2594 834 2626 874 e
2647 817 2801 873 libris
2823 816 3073 873 ediderat
3093 817 3361 891 RhodOpo
3397 838 3410 874 :

620 929 954 995 Narbonem,
987 942 1053 984 ac
1072 926 1309 983 Romam
1334 924 1588 982 nobilitat
1609 923 1824 982 studiis.
2243 915 2398 984 Quod
2425 918 2512 985 jus
2545 913 2892 979 Pontiﬁcum,
2930 920 3182 968 veterum
3211 927 3333 984 quae
3367 915 3504 971 scita
3541 915 3814 986 Quiritum,

552 1065 567 1080 .
661 1065 675 1078 .
757 1063 772 1078 .
850 1063 866 1078 .
944 1059 963 1075 .
1043 1063 1058 1078 .
1140 1060 1156 1076 .
1238 1057 1254 1073 .
1337 1057 1352 1073 .
1431 1057 1448 1073 .
1528 1058 1544 1074 .
1627 1057 1641 1071 .
1720 1055 1736 1072 .
1816 1054 1831 1070 .
1910 1049 1928 1070 .
2020 1054 2035 1068 .
2121 1048 2142 1070 .
2315 1011 2448 1080 Quae
2486 1005 3182 1078 consulta?patrum;quid
3211 1007 3408 1076 Draco,
3441 1009 3637 1080 quidve
3667 1009 3815 1067 Solon

621 1117 787 1176 Fama
815 1116 946 1176 velit
972 1114 1130 1183 nolit,
1152 1111 1503 1186 Burdigalam
1532 1109 1757 1168 referet.
2243 1101 2526 1168 Sanxerit;
2554 1111 2608 1157 et
2635 1100 2823 1156 Locris
2845 1099 3058 1154 dederit
3088 1113 3209 1170 qum
3226 1098 3347 1170 jura
3379 1100 3677 1169 Zaleucus;

2319 1195 2432 1253 Sub
2455 1195 2598 1251 Jove
2621 1207 2745 1265 qua:
2771 1192 2968 1258 Minos,
2989 1191 3120 1263 quid
3144 1191 3365 1249 Themis
3392 1204 3524 1250 ante
3541 1194 3753 1262 Jovem;

2245 1288 2379 1346 Nota
2405 1287 2504 1343 tibi
2537 1285 2736 1358 potius,
2765 1300 2926 1358 quam
2951 1283 3162 1341 Tullius
3191 1294 3244 1341 et
3273 1285 3428 1342 Maro
3453 1289 3641 1357 nostri,

2319 1383 2388 1438 Et
2408 1380 2667 1453 quidquid
2689 1379 2841 1436 Latia
2861 1379 3114 1435 conditur
3131 1380 3382 1435 historia.

2247 1474 2386 1532 Fors
2407 1475 2542 1531 istos
2571 1474 2738 1530 etiam
2771 1472 2863 1528 tibi
2886 1471 3052 1528 lectio
3078 1471 3238 1543 longa
3267 1471 3509 1529 dedisset
3540 1491 3552 1526 :

2319 1572 2648 1642 Supremum
2679 1569 2941 1626 Lachesis
2967 1568 3023 1623 ni
3045 1567 3343 1624 celerasset
3370 1569 3491 1624 iter.

1328 1662 1501 1733 σ’ςιξιυ
1526 1662 2109 1733 ι“Ῠ’ζ“ξ⁸νΪίξ’Ϊξ’ῗζμ-μ
2249 1667 2398 1722 Exili
2431 1674 2636 1722 nostrae
2657 1663 2872 1720 fucatus
2901 1662 3116 1718 honore
3138 1662 3436 1729 cathedrae,

554 1725 636 1781 Τυ
667 1722 801 1780 ¹¹¹¹¹¹ί
823 1722 964 1794 qm“
991 1721 1224 1818 ﬁeri",
1247 1719 1390 1818 ⁴ἔ¹¹⁰ί¹
1422 1717 1908 1818 ³Ἵ¹¹¹Ρ¹¹¹ιὲ³²¹¹¹¹¹¹³
1931 1719 2146 1818 ¹¹¹ῗ⁰¹¹¹’
2174 1747 2224 1811 Β
2251 1717 2972 1818 Ἰὲὸξζιξὶξτῖυὲέιοωίηε
2993 1757 3376 1814 Grammatici.

554 1842 556 1844 τ
628 1817 784 1872 Alter
813 1825 871 1872 ut
901 1815 1195 1880 Ausonius,
1223 1813 1362 1869 alter
1393 1821 1450 1868 ut
1479 1810 1769 1868 Arborius.
1994 1807 2144 1880 [que.

553 1909 922 1966 Grammatice
954 1906 1024 1964 ad
1060 1906 1347 1973 Scaurum,
1371 1913 1534 1977 atque
1557 1903 1814 1969 Probum,
1848 1901 2147 1974 promptis-

1708 1997 1869 2069 [sime
1894 1996 2122 2064 Rhetor,

628 2095 930 2152 Historiam
953 2093 1162 2150 callens
1186 2093 1328 2149 Livii
1354 2105 1411 2150 et
1441 2091 1723 2149 Herodoti.

556 2189 744 2244 Omnis
777 2189 1038 2244 doctrina:
1063 2188 1202 2242 ratio
1227 2187 1323 2243 tibi
1345 2187 1560 2258 cognita
1594 2205 1604 2239 :
1630 2193 1890 2257 quantam

628 2281 828 2337 Condit
850 2281 1121 2336 sexcentis
1142 2279 1318 2336 Varro
1339 2279 1727 2336 voluminibus.

2253 2250 2446 2308 XXIII.
2461 2248 2746 2322 Dynamio,
2759 2247 3146 2374 Burdiga‘letlt’si;
3162 2250 3251 2318 qui
3270 2250 3326 2304 in
3351 2247 3610 2321 Hispania
3636 2249 3815 2316 docuit,

2957 2338 2983 2374 e
3025 2337 3054 2374 0
3090 2339 3123 2374 ιι
3149 2359 3168 2374 .

2255 2414 2364 2473 Sed
2396 2429 2571 2486 neque
2599 2422 2655 2470 te
2681 2422 2898 2481 moesta,
2934 2412 3188 2484 Dynami,
3222 2411 3490 2468 fraudabo
3510 2412 3744 2484 querela.

2330 2511 2655 2582 Municipem
2686 2509 2878 2581 patriae
2909 2507 3356 2578 causidicumque
3379 2522 3538 2564 mete.

2257 2603 2501 2662 Crimine
2522 2604 2780 2660 adulterii
2808 2617 2968 2673 quem
2997 2603 3182 2658 saucia
3209 2601 3352 2657 fama
3379 2601 3616 2674 fugavit;

2332 2697 2566 2756 Parvula
2591 2712 2754 2769 quem
2783 2695 3010 2752 latebris
3039 2694 3171 2751 fovit
3199 2695 3370 2751 Ilerda
3403 2697 3540 2752 suis.

557 2785 699 2842 XXI.
733 2785 950 2856 Crispus
979 2794 1028 2841 et
1074 2784 1314 2854 Urbicus,
1338 2795 1615 2858 grammat.
1649 2786 1828 2844 Latini
1863 2796 1918 2844 et
1955 2786 2148 2843 ὡσεὶ.
2258 2792 2429 2861 Quem
2455 2791 2804 2862 locupletavit
2826 2789 3026 2860 coniux
3049 2789 3290 2860 llispana
3316 2789 3608 2859 latentem;

769 1232 891 1288 XX.
925 1229 1262 1302 Staphylius,
1293 1229 1491 1297 rhetor,
1517 1227 1650 1284 ciris
1671 1227 1910 1282 Atracia“.

551 1350 830 1408 Hactenus
852 1347 1138 1405 observata
1161 1345 1296 1402 mihi
1327 1345 1414 1401 lex
1441 1340 1906 1400 commemorandi

625 1445 809 1513 Cives,
839 1443 952 1498 sive
977 1441 1146 1507 domi,
1170 1454 1264 1495 seu
1294 1438 1534 1495 docuere
1557 1435 1716 1491 foris.

557 1539 862 1594 Externum
893 1534 992 1591 sed
1016 1534 1098 1589 fas
1124 1532 1460 1603 conjungere
1485 1529 1697 1585 civibus
1721 1539 1886 1585 unum

626 1631 726 1701 Te,
757 1629 1025 1702 Staphyli,
1056 1627 1298 1700 genitum
1328 1626 1501 1696 stirpe
1526 1622 1972 1694 Novempopulis.

2252 1856 2586 1929 Longinquis
2616 1852 2847 1926 posthac
2869 1853 3060 1908 Romae
3089 1852 3381 1910 defunctus
3411 1853 3466 1910 in
3491 1853 3602 1910 oris
3627 1871 3637 1907 :

2322 1949 2404 2006 Ad
2432 1965 2564 2020 quas
2583 1948 2654 2005 de
2683 1947 2867 2005 Sicqu
2887 1947 3071 2002 littore
3099 1947 3417 2014 transieras,

2251 2041 2360 2099 Sed
2391 2039 2555 2096 modo
2582 2037 2842 2095 nobilium
2887 2046 3222 2094 memoratus
3261 2039 3313 2094 in
3344 2039 3584 2110 agmine,
3607 2037 3767 2110 gaude
3806 2055 3820 2095 :

2325 2132 2582 2191 Pervenit
2606 2132 2673 2188 ad
2699 2131 2886 2188 Manes
2914 2131 2958 2186 si
2986 2131 3075 2203 pia
3103 2145 3234 2187 cura
3263 2140 3408 2187 tuos.

556 2371 734 2433 Aurea
762 2387 938 2439 mens,
969 2387 1075 2427 vox
1108 2371 1276 2428 suada
1304 2370 1421 2438 tibi,
1454 2383 1569 2426 tum
1594 2386 1778 2429 sermo
1810 2368 2048 2444 quietus.

626 2465 739 2522 Nec
759 2471 1041 2520 cunctator
1070 2479 1215 2530 eras,
1248 2479 1349 2520 nec
1380 2474 1709 2534 properante
1736 2480 1895 2520 sono.

558 2558 792 2616 Pulchra
820 2565 1061 2628 senecta,
1079 2557 1257 2613 nitens
1276 2554 1516 2625 habitus,
1534 2556 1719 2629 procul
1741 2558 1841 2627 ira,
1858 2555 2148 2629 dolusque,

629 2654 700 2707 At
731 2651 958 2722 placida:
1000 2650 1130 2706 vitm
1153 2665 1390 2722 congrua
1419 2659 1564 2707 meta
1597 2649 1716 2707 fuit.

560 2899 639 2955 Τιι
669 2913 881 2972 quoque
907 2900 958 2955 εη
989 2914 1186 2969 mum,
1209 2901 1421 2973 ωηερε,
1449 2901 1688 2960 {murum
2331 2883 2576 2955 Namque
2607 2882 2678 2940 ibi
2707 2890 2916 2938 mutato
2938 2881 3182 2950 nomine,
3208 2881 3416 2939 Rhetor
3436 2897 3583 2940 eras.

630 2992 804 3049 Μωειί
835 2994 1020 3050 venies
1041 3003 1507 3052 commemorat“;
2259 2975 2468 3032 Rhetor
2493 2974 2722 3031 Flavinii
2753 2974 3078 3046 cognomine
3103 2973 3499 3044 dissimulatus,

839 3085 1062 3144 Munere
1094 3087 1294 3144 mrem,
2329 3067 2409 3125 Ne
2439 3077 2625 3139 posset
2650 3068 2940 3139 profugum
2968 3065 3206 3137 prodere
3233 3069 3393 3139 culpa
3423 3085 3605 3125 suum.

557 3179 659 3247 Qui
682 3181 992 3252 primanos,
1028 3179 1284 3252 fandique
1314 3181 1506 3250 mdes,
2181 3153 2228 3220 C
2258 3160 2592 3219 Reddiderat
2621 3161 2870 3233 quamvis
2893 3159 3086 3230 patria:
3116 3168 3170 3215 te
3193 3176 3314 3216 sera
3340 3161 3611 3232 voluptas,

632 3275 1047 3332 Elementorum
1079 3276 1249 3346 prima
1283 3276 1519 3334 docebas
2329 3255 2454 3313 Mox
2487 3254 2721 3312 residem
2751 3269 2970 3310 rursum
2999 3253 3352 3310 traxitIlerda
3380 3255 3600 3312 domus.

849 3367 1015 3439 Signa
1038 3381 1325 3424 novorum.
2257 3347 2686 3419 Qualiscumque
2716 3357 2822 3404 tute
2855 3347 3022 3404 fuerit
3047 3347 3191 3418 fuga,
3226 3346 3482 3420 famaque
3512 3347 3661 3416 vitae,

558 3461 814 3519 creditus
833 3463 964 3519 011m
997 3463 1211 3520 {ervere
1243 3477 1413 3532 mem,
2329 3442 2588 3514 Jungeris
2615 3443 2834 3513 antiqua
2877 3451 2934 3496 tu
2960 3441 3092 3496 mihi
3130 3442 3388 3498 amicitia.

633 3556 704 3612 υι
734 3556 942 3629 Virgilii
972 3555 1260 3629 Flaccique
1283 3554 1417 3615 locis
2258 3534 2620 3606 Officiumque
2650 3549 2853 3603 meum,
2886 3548 3082 3590 sensus
3106 3533 3151 3590 si
3175 3535 3424 3592 manibus
3451 3535 3615 3604 ullus,

849 3649 1072 3707 Emula
1097 3650 1290 3709 ferres,
2260 3637 2294 3685 ἐι
2330 3632 2532 3703 Accipe
2550 3632 2662 3703 jam
2686 3645 2849 3687 verus
2878 3638 3056 3686 morte
3084 3630 3233 3686 obita
3261 3631 3511 3703 Dynami.

566 3741 632 3797 Et
654 3741 776 3806 ubi,
808 3733 975 3799 Latiis
1002 3741 1316 3815 posthabita
1337 3744 1480 3803 orsis
1605 3745 1607 3747 ί
2262 3725 2502 3781 Diversis
2527 3725 2775 3795 quamvis
2797 3721 2982 3794 jaceas
3011 3720 3301 3778 defunctus
3329 3723 3382 3777 in
3411 3723 3524 3781 oris
3557 3741 3573 3779 :

636 3832 858 3902 Urbice,
884 3834 1066 3892 Graiis
1088 3837 1348 3905 celebris,
1375 3853 1602 3898 came“
2329 3819 2738 3876 Commemorat
2766 3817 2976 3874 maestis
3006 3823 3058 3874 te
3083 3817 3167 3888 pia
3196 3831 3328 3873 cura
3358 3817 3569 3891 elegis.”

849 3928 939 3984 Sic
980 3930 1206 3986 ἐλελίσω.
2333 3932 2524 3989 XXIV.
2544 3933 2710 3989 Acilio
2739 3932 3028 4000 Glabrioni,
3050 3937 3388 4004 grammatico
3405 3934 3442 3989 J
3447 3953 3532 3991 un.
3559 3934 3762 4006 Burdig.

563 4019 696 4076 Nam
727 4029 782 4076 tu
808 4020 1003 4094 Crispo
1029 4024 1320 4096 coniuncte
1350 4036 1442 4083 tuo

633 4113 802 4171 Prosa
833 4115 1074 4184 solebas,
1101 4127 1156 4173 et
1181 4133 1346 4175 versu
1377 4119 1528 4194 loqui

851 4208 1060 4282 Impete'
1085 4212 1313 4279 eodem;

561 4301 782 4358 Priscos
803 4313 860 4358 ut
882 4313 937 4360 et
961 4304 1168 4361 Ileroes
1196 4307 1327 4362 olim

631 4394 888 4454 Carmine
911 4399 1132 4456 'domeri
1159 4412 1622 4460 commemoratos

853 4494 1040 4551 Fando
1059 4496 1297 4552 referres
1322 4514 1335 4552 :

563 4584 786 4642 Dulcem
810 4587 863 4641 in
889 4589 1074 4656 paucis
1097 4598 1156 4644 ut
1184 4587 1576 4660 Plistheniden,

633 4677 702 4732 Et
733 4678 986 4734 torrentis
1012 4693 1110 4734 ceu
1142 4679 1372 4736 Dulichii

845 4769 1107 4840 Ninguida
1139 4772 1304 4842 dicta,

561 4865 628 4920 Et
653 4861 872 4919 mellita:
904 4873 1125 4918 nectare
1146 4865 1299 4920 vocis

635 4956 823 5013 Dulcia
852 4957 964 5012 fatu
995 4958 1160 5013 verba
1190 4967 1476 5018 canentem

842 5051 1070 5108 Nestora
1093 5067 1300 5125 regem.

559 5142 736 5199 Ambo
765 5145 911 5215 loqui
945 5143 1158 5212 faciles,
1186 5145 1345 5201 ambo
1377 5151 1560 5206 omnia
1588 5153 1830 5210 carmina
1856 5155 2027 5227 docti,

629 5239 904 5295 Callentes
930 5240 1162 5311 mythwn
1190 5241 1478 5311 plasmata,
1505 5254 1560 5299 et
1591 5248 1897 5306 historiam.

556 5331 737 5386 Liberi
762 5342 817 5388 et
842 5333 1004 5389 ambo
1025 5348 1197 5403 genus
1231 5353 1242 5387 :
1273 5334 1370 5390 sed
1409 5351 1546 5405 quos
1573 5343 1842 5398 meruisse
1860 5343 2080 5401 deceret

627 5424 900 5496 Nancisci,
929 5435 990 5483 ut
1017 5427 1270 5484 cluerent
1301 5428 1547 5500 patribus
1571 5433 1846 5504 ingenuis.

2262 4049 2562 4117 Doctrina,
2586 4050 2817 4122 vitaeque
2841 4049 2956 4122 pari
2979 4050 3250 4108 brevitate
3278 4051 3564 4120 caducum,

2332 4140 2558 4208 Glabro,
2581 4151 2634 4198 te
2662 4141 2876 4198 moestis
2897 4147 3342 4200 commemorabo
3371 4144 3558 4216 elegis.

2262 4235 2566 4292 Stemmate
2597 4236 2861 4294 nobilium
2883 4235 3177 4292 deductum
3201 4251 3400 4294 nomen
3431 4252 3669 4306 avorum,

2332 4329 2553 4386 Glabrio
2579 4328 2820 4402 Aquilini
2851 4330 3100 4387 Dardana
3130 4332 3440 4403 progenies.

2261 4425 2343 4482 'I‘u
2366 4425 2638 4497 quondam
2664 4440 2832 4497 puero
2859 4441 3086 4498 compar
3112 4427 3249 4482 mihi
3271 4426 3542 4498 discipqu
3575 4443 3587 4478 :
3620 4438 3734 4482 mox

2183 4555 2240 4622 ι)
2335 4520 2420 4577 Me
2446 4519 2645 4576 dehinc
2675 4520 2820 4576 facto
2869 4519 3135 4588 Rhetore,
3165 4519 3585 4577 Grammaticus.

2264 4613 2431 4686 Inque
2451 4612 2571 4669 foro
2602 4614 2769 4669 tutela
2795 4613 2930 4680 reis,
2952 4623 3010 4669 et
3035 4613 3216 4670 cultor
3245 4614 3298 4671 in
3320 4615 3488 4686 agris,

2332 4707 2520 4778 Digne,
2555 4706 2646 4761 diu
2675 4705 2846 4776 partis
2875 4705 2966 4777 qui
3000 4705 3246 4763 fruerere
3266 4707 3442 4763 bonis.

2243 4799 2581 4867 'Commode,
2599 4800 2751 4867 lane,
2775 4800 3030 4870 benigne,
3052 4799 3340 4868 abstemie,
3358 4811 3464 4856 tam
3490 4801 3626 4857 boue
3656 4793 3824 4855 dandis

2331 4895 2563 4965 Semper
2593 4894 2856 4960 consiliis,
2884 4908 3048 4965 quam
3090 4894 3354 4951 taciturne
3380 4893 3538 4951 datis.

2258 4987 2390 5044 't‘am
2405 4987 2574 5043 decus
2589 5001 2752 5042 omne
2772 4985 2898 5053 tuis,
2914 5001 3078 5056 quam
3099 5001 3229 5042 mox
3257 4986 3436 5054 dolor,
3455 4985 3631 5042 omnia
3648 4979 3821 5039 acerbo

2328 5080 2543 5136 Funere
2571 5087 2898 5150 praereptus,
2927 5078 3172 5146 Glabrio,
3210 5079 3499 5135 destituis:

2256 5175 2440 5232 Uxore
2459 5184 2517 5230 et
2543 5174 2704 5241 natis,
2735 5174 2986 5244 genitore
3011 5182 3066 5230 et
3096 5181 3271 5229 matre
3294 5173 3519 5233 relictis,

2328 5270 2481 5325 Eheu
2508 5270 2521 5323 ε
2551 5284 2714 5340 quam
2745 5257 2929 5324 multis
2953 5268 3160 5337 perdite
3182 5269 3515 5325 nominibus!

2257 5361 2410 5418 Flete
2440 5362 2532 5417 ditt
2559 5361 2738 5428 nobis,
2773 5377 3063 5432 numquam
3092 5361 3247 5425 satis,
3277 5361 3462 5431 accipe
3489 5356 3728 5414 acerbum

2331 5455 2550 5512 Glabrio
2582 5457 2636 5512 in
2663 5465 2931 5512 teternum
2949 5463 3391 5523 commemorate,
3418 5451 3613 5510 VALE.

702 5562 868 5618 XXII.
906 5561 1152 5633 Victoria,
1182 5564 1520 5634 Subdoctori,
1550 5567 1655 5623 sive
1691 5567 2002 5632 Proscholo.
2939 5574 3176 5631 Coronis.

572 5678 776 5737 Victori
807 5678 1078 5748 studiose,
1106 5696 1338 5752 memor,
1361 5683 1534 5751 celer,
1565 5682 1827 5755 ignoratis
2265 5690 2412 5759 Quos
2433 5690 2565 5761 legis
2590 5705 2621 5747 a
2651 5691 2822 5763 prima
2845 5690 3105 5748 deductos
3128 5693 3343 5749 menide
3369 5691 3509 5758 libri,

650 5771 881 5836 Assidue
904 5771 957 5830 in
988 5772 1160 5842 libris,
1194 5790 1291 5834 nec
1321 5777 1423 5832 nisi
1450 5784 1641 5852 Operta
1659 5777 1874 5850 legens;
2340 5786 2607 5844 Bootores
2634 5787 2826 5859 patriae
2855 5789 2988 5845 scito
3011 5786 3178 5846 fuisse
3199 5803 3351 5846 meae.
