  <div class='ocr_page' id='page_1' title='image "/cluster/home/n/w/nwhite01/storage/ocr_20150623/19/hvd.32044015471345/440.png"; bbox 0 0 4072 6306; ppageno 0'>
   <div class='ocr_carea' id='block_1_1' title="bbox 185 291 3523 360">
    <p class='ocr_par' dir='ltr' id='par_1_1' title="bbox 185 291 3523 360">
     <span class='ocr_line' id='line_1_1' title="bbox 185 291 3523 360; baseline -0.003 0"><span class='ocrx_word' id='word_1_1' title='bbox 185 301 288 360; x_wconf 77' lang='lat'><strong>86!</strong></span> <span class='ocrx_word' id='word_1_2' title='bbox 1463 291 1834 352; x_wconf 72' lang='lat' dir='ltr'><strong>EPITAPIIIA</strong></span> <span class='ocrx_word' id='word_1_3' title='bbox 1872 292 2186 352; x_wconf 69' lang='lat' dir='ltr'><strong>HEROIIM.</strong></span> <span class='ocrx_word' id='word_1_4' title='bbox 3413 291 3523 350; x_wconf 73' lang='grc'><strong>862</strong></span> 
     </span>
    </p>
   </div>
   <div class='ocr_carea' id='block_1_2' title="bbox 193 409 2982 488">
    <p class='ocr_par' dir='ltr' id='par_1_2' title="bbox 193 409 2982 488">
     <span class='ocr_line' id='line_1_2' title="bbox 193 409 2982 488; baseline -0.004 -12"><span class='ocrx_word' id='word_1_5' title='bbox 193 418 573 476; x_wconf 85' lang='lat' dir='ltr'><strong>Grammatici</strong></span> <span class='ocrx_word' id='word_1_6' title='bbox 600 418 657 475; x_wconf 88' lang='lat' dir='ltr'><strong>in</strong></span> <span class='ocrx_word' id='word_1_7' title='bbox 691 417 894 488; x_wconf 84' lang='lat' dir='ltr'><strong>studio,</strong></span> <span class='ocrx_word' id='word_1_8' title='bbox 918 417 1006 474; x_wconf 87' lang='lat' dir='ltr'><strong>vel</strong></span> <span class='ocrx_word' id='word_1_9' title='bbox 1029 413 1312 485; x_wconf 76' lang='lat' dir='ltr'><strong>Ritetoris,</strong></span> <span class='ocrx_word' id='word_1_10' title='bbox 1342 421 1438 470; x_wconf 77' lang='lat' dir='ltr'><strong>aut</strong></span> <span class='ocrx_word' id='word_1_11' title='bbox 1466 413 1520 468; x_wconf 81' lang='lat' dir='ltr'><strong>in</strong></span> <span class='ocrx_word' id='word_1_12' title='bbox 1551 420 1806 484; x_wconf 67' lang='lat' dir='ltr'><strong>utroque,</strong></span> <span class='ocrx_word' id='word_1_13' title='bbox 1835 415 1889 475; x_wconf 74' lang='grc' dir='ltr'>Α</span> <span class='ocrx_word' id='word_1_14' title='bbox 1915 411 2149 468; x_wconf 75' lang='lat' dir='ltr'><strong>Historia</strong></span> <span class='ocrx_word' id='word_1_15' title='bbox 2172 411 2219 467; x_wconf 90' lang='lat' dir='ltr'><strong>si</strong></span> <span class='ocrx_word' id='word_1_16' title='bbox 2238 425 2396 482; x_wconf 80' lang='lat' dir='ltr'><strong>quos,</strong></span> <span class='ocrx_word' id='word_1_17' title='bbox 2420 411 2508 468; x_wconf 87' lang='lat' dir='ltr'><strong>vel</strong></span> <span class='ocrx_word' id='word_1_18' title='bbox 2528 411 2776 483; x_wconf 82' lang='lat' dir='ltr'><strong>poeticus</strong></span> <span class='ocrx_word' id='word_1_19' title='bbox 2800 409 2982 476; x_wconf 78' lang='lat' dir='ltr'><strong>stilus.</strong></span> 
     </span>
    </p>
   </div>
   <div class='ocr_carea' id='block_1_3' title="bbox 259 509 1697 583">
    <p class='ocr_par' dir='ltr' id='par_1_3' title="bbox 259 509 1697 583">
     <span class='ocr_line' id='line_1_3' title="bbox 259 509 1697 583; baseline -0.006 -14"><span class='ocrx_word' id='word_1_20' title='bbox 259 514 420 583; x_wconf 85' lang='lat' dir='ltr'><strong>Quos</strong></span> <span class='ocrx_word' id='word_1_21' title='bbox 457 526 798 572; x_wconf 76' lang='lat' dir='ltr'><strong>memorasse</strong></span> <span class='ocrx_word' id='word_1_22' title='bbox 836 512 990 580; x_wconf 83' lang='lat' dir='ltr'><strong>mihi,</strong></span> <span class='ocrx_word' id='word_1_23' title='bbox 1021 520 1198 567; x_wconf 84' lang='lat' dir='ltr'><strong>morte</strong></span> <span class='ocrx_word' id='word_1_24' title='bbox 1234 510 1403 577; x_wconf 84' lang='lat' dir='ltr'><strong>obita,</strong></span> <span class='ocrx_word' id='word_1_25' title='bbox 1428 509 1565 564; x_wconf 84' lang='lat' dir='ltr'><strong>satis</strong></span> <span class='ocrx_word' id='word_1_26' title='bbox 1593 515 1697 563; x_wconf 88' lang='lat' dir='ltr'><strong>est.</strong></span> 
     </span>
    </p>
   </div>
   <div class='ocr_carea' id='block_1_4' title="bbox 191 607 1681 674">
    <p class='ocr_par' dir='ltr' id='par_1_4' title="bbox 191 607 1681 674">
     <span class='ocr_line' id='line_1_4' title="bbox 191 607 1681 674; baseline -0.005 -7"><span class='ocrx_word' id='word_1_27' title='bbox 191 613 498 669; x_wconf 87' lang='lat' dir='ltr'><strong>Viventum</strong></span> <span class='ocrx_word' id='word_1_28' title='bbox 524 611 786 668; x_wconf 88' lang='lat' dir='ltr'><strong>illecebra</strong></span> <span class='ocrx_word' id='word_1_29' title='bbox 813 620 897 666; x_wconf 90' lang='lat' dir='ltr'><strong>est</strong></span> <span class='ocrx_word' id='word_1_30' title='bbox 919 608 1198 674; x_wconf 86' lang='lat' dir='ltr'><strong>laudatio;</strong></span> <span class='ocrx_word' id='word_1_31' title='bbox 1225 607 1446 663; x_wconf 85' lang='lat' dir='ltr'><strong>nomina</strong></span> <span class='ocrx_word' id='word_1_32' title='bbox 1472 615 1681 661; x_wconf 89' lang='lat' dir='ltr'><strong>tantum</strong></span> 
     </span>
    </p>
   </div>
   <div class='ocr_carea' id='block_1_5' title="bbox 263 700 1305 774">
    <p class='ocr_par' dir='ltr' id='par_1_5' title="bbox 263 700 1305 774">
     <span class='ocr_line' id='line_1_5' title="bbox 263 700 1305 774; baseline -0.008 -12"><span class='ocrx_word' id='word_1_33' title='bbox 263 706 425 763; x_wconf 86' lang='lat' dir='ltr'><strong>Voce</strong></span> <span class='ocrx_word' id='word_1_34' title='bbox 448 706 622 774; x_wconf 81' lang='lat' dir='ltr'><strong>ciere,</strong></span> <span class='ocrx_word' id='word_1_35' title='bbox 651 705 770 761; x_wconf 81' lang='lat' dir='ltr'><strong>suis</strong></span> <span class='ocrx_word' id='word_1_36' title='bbox 795 702 1031 759; x_wconf 73' lang='lat' dir='ltr'><strong>sufﬁciet</strong></span> <span class='ocrx_word' id='word_1_37' title='bbox 1060 700 1305 756; x_wconf 85' lang='lat' dir='ltr'><strong>tumulis.</strong></span> 
     </span>
    </p>
   </div>
   <div class='ocr_carea' id='block_1_6' title="bbox 192 794 1464 871">
    <p class='ocr_par' dir='ltr' id='par_1_6' title="bbox 192 794 1464 871">
     <span class='ocr_line' id='line_1_6' title="bbox 192 794 1464 871; baseline -0.006 -15"><span class='ocrx_word' id='word_1_38' title='bbox 192 801 342 871; x_wconf 77' lang='lat' dir='ltr'><strong>Ergo</strong></span> <span class='ocrx_word' id='word_1_39' title='bbox 371 800 474 870; x_wconf 83' lang='lat' dir='ltr'><strong>qui</strong></span> <span class='ocrx_word' id='word_1_40' title='bbox 502 808 707 856; x_wconf 62' lang='lat' dir='ltr'><strong>nostra</strong></span> <span class='ocrx_word' id='word_1_41' title='bbox 737 797 876 870; x_wconf 76' lang='lat' dir='ltr'><strong>legis</strong></span> <span class='ocrx_word' id='word_1_42' title='bbox 905 795 1014 864; x_wconf 66' lang='lat' dir='ltr'><strong>etis</strong></span> <span class='ocrx_word' id='word_1_43' title='bbox 1033 795 1206 851; x_wconf 87' lang='lat' dir='ltr'><strong>tristia</strong></span> <span class='ocrx_word' id='word_1_44' title='bbox 1233 794 1464 861; x_wconf 59' lang='lat' dir='ltr'><strong>charta,</strong></span> 
     </span>
    </p>
   </div>
   <div class='ocr_carea' id='block_1_7' title="bbox 265 886 1422 964">
    <p class='ocr_par' dir='ltr' id='par_1_7' title="bbox 265 886 1422 964">
     <span class='ocr_line' id='line_1_7' title="bbox 265 886 1422 964; baseline -0.006 -17"><span class='ocrx_word' id='word_1_45' title='bbox 265 892 570 964; x_wconf 86' lang='lat' dir='ltr'><strong>Eloquium</strong></span> <span class='ocrx_word' id='word_1_46' title='bbox 601 901 654 946; x_wconf 89' lang='lat' dir='ltr'><strong>tu</strong></span> <span class='ocrx_word' id='word_1_47' title='bbox 688 907 758 948; x_wconf 88' lang='lat' dir='ltr'><strong>ne</strong></span> <span class='ocrx_word' id='word_1_48' title='bbox 787 905 996 961; x_wconf 63' lang='lat' dir='ltr'><strong>quaere,</strong></span> <span class='ocrx_word' id='word_1_49' title='bbox 1026 887 1123 944; x_wconf 90' lang='lat' dir='ltr'><strong>sed</strong></span> <span class='ocrx_word' id='word_1_50' title='bbox 1147 886 1422 954; x_wconf 77' lang='lat' dir='ltr'><strong>ofﬁcium,</strong></span> 
     </span>
    </p>
   </div>
   <div class='ocr_carea' id='block_1_8' title="bbox 189 983 1550 1058">
    <p class='ocr_par' dir='ltr' id='par_1_8' title="bbox 189 983 1550 1058">
     <span class='ocr_line' id='line_1_8' title="bbox 189 983 1550 1058; baseline -0.007 -16"><span class='ocrx_word' id='word_1_51' title='bbox 189 987 309 1056; x_wconf 87' lang='lat' dir='ltr'><strong>Quo</strong></span> <span class='ocrx_word' id='word_1_52' title='bbox 340 987 516 1042; x_wconf 89' lang='lat' dir='ltr'><strong>claris</strong></span> <span class='ocrx_word' id='word_1_53' title='bbox 543 986 830 1058; x_wconf 70' lang='lat' dir='ltr'><strong>doctisque</strong></span> <span class='ocrx_word' id='word_1_54' title='bbox 855 985 989 1040; x_wconf 85' lang='lat' dir='ltr'><strong>viris</strong></span> <span class='ocrx_word' id='word_1_55' title='bbox 1012 983 1098 1054; x_wconf 90' lang='lat' dir='ltr'><strong>pia</strong></span> <span class='ocrx_word' id='word_1_56' title='bbox 1120 997 1251 1038; x_wconf 90' lang='lat' dir='ltr'><strong>cura</strong></span> <span class='ocrx_word' id='word_1_57' title='bbox 1275 989 1550 1052; x_wconf 83' lang='lat' dir='ltr'><strong>parentat:</strong></span> 
     </span>
    </p>
   </div>
   <div class='ocr_carea' id='block_1_9' title="bbox 266 1072 1540 1151">
    <p class='ocr_par' dir='ltr' id='par_1_9' title="bbox 266 1072 1540 1151">
     <span class='ocr_line' id='line_1_9' title="bbox 266 1072 1540 1151; baseline -0.006 -17"><span class='ocrx_word' id='word_1_58' title='bbox 266 1080 410 1135; x_wconf 87' lang='lat' dir='ltr'><strong>Dum</strong></span> <span class='ocrx_word' id='word_1_59' title='bbox 443 1079 642 1137; x_wconf 89' lang='lat' dir='ltr'><strong>decora</strong></span> <span class='ocrx_word' id='word_1_60' title='bbox 667 1078 902 1151; x_wconf 74' lang='lat' dir='ltr'><strong>egregia.-</strong></span> <span class='ocrx_word' id='word_1_61' title='bbox 923 1074 1302 1134; x_wconf 89' lang='lat' dir='ltr'><strong>commeminit</strong></span> <span class='ocrx_word' id='word_1_62' title='bbox 1327 1072 1540 1145; x_wconf 66' lang='lat' dir='ltr'><strong>patria}.</strong></span> 
     </span>
    </p>
   </div>
   <div class='ocr_carea' id='block_1_10' title="bbox 929 1224 1128 1268">
    <p class='ocr_par' dir='ltr' id='par_1_10' title="bbox 929 1224 1128 1268">
     <span class='ocr_line' id='line_1_10' title="bbox 929 1224 1128 1268; baseline 0 0"><span class='ocrx_word' id='word_1_63' title='bbox 929 1224 1128 1268; x_wconf 68' lang='lat' dir='ltr'><strong>POETA.</strong></span> 
     </span>
    </p>
   </div>
   <div class='ocr_carea' id='block_1_11' title="bbox 191 1347 1362 1424">
    <p class='ocr_par' dir='ltr' id='par_1_11' title="bbox 191 1347 1362 1424">
     <span class='ocr_line' id='line_1_11' title="bbox 191 1347 1362 1424; baseline -0.007 -13"><span class='ocrx_word' id='word_1_64' title='bbox 191 1354 390 1411; x_wconf 83' lang='lat' dir='ltr'><strong>Valete</strong></span> <span class='ocrx_word' id='word_1_65' title='bbox 411 1399 428 1424; x_wconf 92' lang='lat'><strong>,</strong></span> <span class='ocrx_word' id='word_1_66' title='bbox 457 1367 653 1410; x_wconf 91' lang='lat' dir='ltr'><strong>manes</strong></span> <span class='ocrx_word' id='word_1_67' title='bbox 680 1351 1008 1424; x_wconf 87' lang='lat' dir='ltr'><strong>inciytorum</strong></span> <span class='ocrx_word' id='word_1_68' title='bbox 1031 1347 1362 1406; x_wconf 84' lang='lat' dir='ltr'><strong>Rhetorum:</strong></span> 
     </span>
    </p>
   </div>
   <div class='ocr_carea' id='block_1_12' title="bbox 261 1443 975 1518">
    <p class='ocr_par' dir='ltr' id='par_1_12' title="bbox 261 1443 975 1518">
     <span class='ocr_line' id='line_1_12' title="bbox 261 1443 975 1518; baseline -0.006 -14"><span class='ocrx_word' id='word_1_69' title='bbox 261 1448 491 1514; x_wconf 80' lang='lat' dir='ltr'><strong>Valete,</strong></span> <span class='ocrx_word' id='word_1_70' title='bbox 521 1447 778 1503; x_wconf 90' lang='lat' dir='ltr'><strong>doctores</strong></span> <span class='ocrx_word' id='word_1_71' title='bbox 801 1443 975 1518; x_wconf 85' lang='lat' dir='ltr'><strong>probi.</strong></span> 
     </span>
    </p>
   </div>
   <div class='ocr_carea' id='block_1_13' title="bbox 1988 503 2696 561">
    <p class='ocr_par' dir='ltr' id='par_1_13' title="bbox 1988 503 2696 561">
     <span class='ocr_line' id='line_1_13' title="bbox 1988 503 2696 561; baseline -0.001 -2"><span class='ocrx_word' id='word_1_72' title='bbox 1988 503 2263 559; x_wconf 89' lang='lat' dir='ltr'><strong>Forumve</strong></span> <span class='ocrx_word' id='word_1_73' title='bbox 2283 503 2412 561; x_wconf 77' lang='lat' dir='ltr'><strong>fecit</strong></span> <span class='ocrx_word' id='word_1_74' title='bbox 2441 504 2650 561; x_wconf 81' lang='lat' dir='ltr'><strong>nobiles</strong></span> <span class='ocrx_word' id='word_1_75' title='bbox 2682 523 2696 558; x_wconf 84' lang='lat'><strong>:</strong></span> 
     </span>
    </p>
   </div>
   <div class='ocr_carea' id='block_1_14' title="bbox 1915 596 3135 670">
    <p class='ocr_par' dir='ltr' id='par_1_14' title="bbox 1915 596 3135 670">
     <span class='ocr_line' id='line_1_14' title="bbox 1915 596 3135 670; baseline 0 -17"><span class='ocrx_word' id='word_1_76' title='bbox 1915 596 2138 653; x_wconf 63' lang='lat' dir='ltr'><strong>Medicae</strong></span> <span class='ocrx_word' id='word_1_77' title='bbox 2166 597 2250 652; x_wconf 88' lang='lat' dir='ltr'><strong>vel</strong></span> <span class='ocrx_word' id='word_1_78' title='bbox 2278 597 2437 666; x_wconf 91' lang='lat' dir='ltr'><strong>artis,</strong></span> <span class='ocrx_word' id='word_1_79' title='bbox 2463 598 2660 670; x_wconf 75' lang='lat' dir='ltr'><strong>dogma</strong></span> <span class='ocrx_word' id='word_1_80' title='bbox 2689 599 2774 657; x_wconf 86' lang='lat' dir='ltr'><strong>vel</strong></span> <span class='ocrx_word' id='word_1_81' title='bbox 2796 598 3135 658; x_wconf 81' lang='lat' dir='ltr'><strong>Platonicum</strong></span> 
     </span>
    </p>
   </div>
   <div class='ocr_carea' id='block_1_15' title="bbox 1991 688 3120 760">
    <p class='ocr_par' dir='ltr' id='par_1_15' title="bbox 1991 688 3120 760">
     <span class='ocr_line' id='line_1_15' title="bbox 1991 688 3120 760; baseline 0 -16"><span class='ocrx_word' id='word_1_82' title='bbox 1991 688 2148 745; x_wconf 84' lang='lat' dir='ltr'><strong>Dedit</strong></span> <span class='ocrx_word' id='word_1_83' title='bbox 2168 691 2392 760; x_wconf 84' lang='lat' dir='ltr'><strong>perenni</strong></span> <span class='ocrx_word' id='word_1_84' title='bbox 2422 690 2611 760; x_wconf 79' lang='lat' dir='ltr'><strong>gloriae</strong></span> <span class='ocrx_word' id='word_1_85' title='bbox 2636 710 2648 744; x_wconf 90' lang='lat'>:</span> <span class='ocrx_word' id='word_1_86' title='bbox 3117 745 3120 752; x_wconf 70' lang='grc'>,</span> 
     </span>
    </p>
   </div>
   <div class='ocr_carea' id='block_1_16' title="bbox 1913 780 3099 854">
    <p class='ocr_par' dir='ltr' id='par_1_16' title="bbox 1913 780 3099 854">
     <span class='ocr_line' id='line_1_16' title="bbox 1913 780 3099 854; baseline 0.002 -18"><span class='ocrx_word' id='word_1_87' title='bbox 1913 780 1984 836; x_wconf 88' lang='grc' dir='ltr'>Ει</span> <span class='ocrx_word' id='word_1_88' title='bbox 2008 781 2054 836; x_wconf 87' lang='lat' dir='ltr'><strong>si</strong></span> <span class='ocrx_word' id='word_1_89' title='bbox 2075 795 2177 851; x_wconf 88' lang='lat' dir='ltr'><strong>qua</strong></span> <span class='ocrx_word' id='word_1_90' title='bbox 2199 780 2412 836; x_wconf 88' lang='lat' dir='ltr'><strong>cunctis</strong></span> <span class='ocrx_word' id='word_1_91' title='bbox 2434 794 2564 836; x_wconf 91' lang='lat' dir='ltr'><strong>cura</strong></span> <span class='ocrx_word' id='word_1_92' title='bbox 2590 780 2863 838; x_wconf 88' lang='lat' dir='ltr'><strong>viventum</strong></span> <span class='ocrx_word' id='word_1_93' title='bbox 2889 783 3099 854; x_wconf 87' lang='lat' dir='ltr'><strong>placet:</strong></span> 
     </span>
    </p>
   </div>
   <div class='ocr_carea' id='block_1_17' title="bbox 1986 870 2878 943">
    <p class='ocr_par' dir='ltr' id='par_1_17' title="bbox 1986 870 2878 943">
     <span class='ocr_line' id='line_1_17' title="bbox 1986 870 2878 943; baseline 0.001 -14"><span class='ocrx_word' id='word_1_94' title='bbox 1986 873 2254 942; x_wconf 85' lang='lat' dir='ltr'><strong>Juvatque</strong></span> <span class='ocrx_word' id='word_1_95' title='bbox 2285 870 2458 928; x_wconf 84' lang='lat' dir='ltr'><strong>honor</strong></span> <span class='ocrx_word' id='word_1_96' title='bbox 2486 873 2838 943; x_wconf 82' lang='lat' dir='ltr'><strong>superstitum</strong></span> <span class='ocrx_word' id='word_1_97' title='bbox 2865 891 2878 929; x_wconf 92' lang='lat'>:</span> 
     </span>
    </p>
   </div>
   <div class='ocr_carea' id='block_1_18' title="bbox 1911 965 3118 1039">
    <p class='ocr_par' dir='ltr' id='par_1_18' title="bbox 1911 965 3118 1039">
     <span class='ocr_line' id='line_1_18' title="bbox 1911 965 3118 1039; baseline 0.003 -19"><span class='ocrx_word' id='word_1_98' title='bbox 1911 965 2154 1036; x_wconf 88' lang='lat' dir='ltr'><strong>Accipite</strong></span> <span class='ocrx_word' id='word_1_99' title='bbox 2183 973 2436 1022; x_wconf 86' lang='lat' dir='ltr'><strong>moestum</strong></span> <span class='ocrx_word' id='word_1_100' title='bbox 2470 966 2728 1023; x_wconf 89' lang='lat' dir='ltr'><strong>carminis</strong></span> <span class='ocrx_word' id='word_1_101' title='bbox 2757 967 2960 1025; x_wconf 90' lang='lat' dir='ltr'><strong>cultum</strong></span> <span class='ocrx_word' id='word_1_102' title='bbox 2989 969 3118 1039; x_wconf 90' lang='lat' dir='ltr'><strong>mei,</strong></span> 
     </span>
    </p>
   </div>
   <div class='ocr_carea' id='block_1_19' title="bbox 1984 1056 2679 1129">
    <p class='ocr_par' dir='ltr' id='par_1_19' title="bbox 1984 1056 2679 1129">
     <span class='ocr_line' id='line_1_19' title="bbox 1984 1056 2679 1129; baseline -0.001 -15"><span class='ocrx_word' id='word_1_103' title='bbox 1984 1057 2214 1114; x_wconf 81' lang='lat' dir='ltr'><strong>Textum</strong></span> <span class='ocrx_word' id='word_1_104' title='bbox 2243 1056 2467 1129; x_wconf 84' lang='lat' dir='ltr'><strong>querela</strong></span> <span class='ocrx_word' id='word_1_105' title='bbox 2491 1057 2679 1127; x_wconf 89' lang='lat' dir='ltr'><strong>llebili,</strong></span> 
     </span>
    </p>
   </div>
   <div class='ocr_carea' id='block_1_20' title="bbox 1913 1151 3087 1224">
    <p class='ocr_par' dir='ltr' id='par_1_20' title="bbox 1913 1151 3087 1224">
     <span class='ocr_line' id='line_1_20' title="bbox 1913 1151 3087 1224; baseline 0.004 -16"><span class='ocrx_word' id='word_1_106' title='bbox 1913 1151 2112 1208; x_wconf 90' lang='lat' dir='ltr'><strong>Sedem</strong></span> <span class='ocrx_word' id='word_1_107' title='bbox 2139 1153 2410 1224; x_wconf 82' lang='lat' dir='ltr'><strong>sepulcris</strong></span> <span class='ocrx_word' id='word_1_108' title='bbox 2437 1162 2617 1209; x_wconf 78' lang='lat' dir='ltr'><strong>servet</strong></span> <span class='ocrx_word' id='word_1_109' title='bbox 2638 1153 2896 1211; x_wconf 79' lang='lat' dir='ltr'><strong>irnmotus</strong></span> <span class='ocrx_word' id='word_1_110' title='bbox 2927 1155 3087 1213; x_wconf 84' lang='lat' dir='ltr'><strong>cinis.</strong></span> 
     </span>
    </p>
   </div>
   <div class='ocr_carea' id='block_1_21' title="bbox 1985 1243 2766 1304">
    <p class='ocr_par' dir='ltr' id='par_1_21' title="bbox 1985 1243 2766 1304">
     <span class='ocr_line' id='line_1_21' title="bbox 1985 1243 2766 1304; baseline 0.003 -3"><span class='ocrx_word' id='word_1_111' title='bbox 1985 1243 2245 1302; x_wconf 67' lang='lat' dir='ltr'><strong>Memoria</strong></span> <span class='ocrx_word' id='word_1_112' title='bbox 2272 1245 2420 1301; x_wconf 85' lang='lat' dir='ltr'><strong>vivat</strong></span> <span class='ocrx_word' id='word_1_113' title='bbox 2447 1246 2766 1304; x_wconf 76' lang='lat' dir='ltr'><strong>nominum:</strong></span> 
     </span>
    </p>
   </div>
   <div class='ocr_carea' id='block_1_22' title="bbox 1913 1339 3034 1412">
    <p class='ocr_par' dir='ltr' id='par_1_22' title="bbox 1913 1339 3034 1412">
     <span class='ocr_line' id='line_1_22' title="bbox 1913 1339 3034 1412; baseline 0.006 -18"><span class='ocrx_word' id='word_1_114' title='bbox 1913 1339 2049 1395; x_wconf 87' lang='lat' dir='ltr'><strong>Dum</strong></span> <span class='ocrx_word' id='word_1_115' title='bbox 2080 1348 2288 1396; x_wconf 87' lang='lat' dir='ltr'><strong>remeat</strong></span> <span class='ocrx_word' id='word_1_116' title='bbox 2314 1339 2476 1407; x_wconf 88' lang='lat' dir='ltr'><strong>illud,</strong></span> <span class='ocrx_word' id='word_1_117' title='bbox 2503 1340 2705 1412; x_wconf 76' lang='lat' dir='ltr'><strong>judicia</strong></span> <span class='ocrx_word' id='word_1_118' title='bbox 2730 1340 2878 1398; x_wconf 79' lang='lat' dir='ltr'><strong>dono</strong></span> <span class='ocrx_word' id='word_1_119' title='bbox 2909 1341 3034 1408; x_wconf 78' lang='lat' dir='ltr'><strong>Dei,</strong></span> 
     </span>
    </p>
   </div>
   <div class='ocr_carea' id='block_1_23' title="bbox 1986 1435 2862 1494">
    <p class='ocr_par' dir='ltr' id='par_1_23' title="bbox 1986 1435 2862 1494">
     <span class='ocr_line' id='line_1_23' title="bbox 1986 1435 2862 1494; baseline 0 -2"><span class='ocrx_word' id='word_1_120' title='bbox 1986 1435 2289 1492; x_wconf 89' lang='lat' dir='ltr'><strong>Commune</strong></span> <span class='ocrx_word' id='word_1_121' title='bbox 2309 1451 2433 1491; x_wconf 91' lang='lat' dir='ltr'><strong>cum</strong></span> <span class='ocrx_word' id='word_1_122' title='bbox 2459 1435 2549 1492; x_wconf 86' lang='lat' dir='ltr'><strong>dis</strong></span> <span class='ocrx_word' id='word_1_123' title='bbox 2576 1436 2862 1494; x_wconf 70' lang='lat' dir='ltr'><strong>saeculum</strong></span> 
     </span>
    </p>
   </div>
   <div class='ocr_carea' id='block_1_24' title="bbox 1211 1693 2477 1785">
    <p class='ocr_par' dir='ltr' id='par_1_24' title="bbox 1211 1693 2477 1785">
     <span class='ocr_line' id='line_1_24' title="bbox 1211 1693 2477 1785; baseline -0.007 0"><span class='ocrx_word' id='word_1_124' title='bbox 1211 1696 1846 1785; x_wconf 85' lang='lat' dir='ltr'><strong>EPITAPHIA</strong></span> <span class='ocrx_word' id='word_1_125' title='bbox 1918 1693 2477 1781; x_wconf 81' lang='lat' dir='ltr'><strong>HEROUM.</strong></span> 
     </span>
    </p>
   </div>
   <div class='ocr_carea' id='block_1_25' title="bbox 263 1832 1885 1914">
    <p class='ocr_par' dir='ltr' id='par_1_25' title="bbox 263 1832 1885 1914">
     <span class='ocr_line' id='line_1_25' title="bbox 263 1832 1885 1914; baseline 0 -12"><span class='ocrx_word' id='word_1_126' title='bbox 263 1844 654 1904; x_wconf 78' lang='lat' dir='ltr'><strong>EPITAPHIA</strong></span> <span class='ocrx_word' id='word_1_127' title='bbox 704 1843 996 1901; x_wconf 81' lang='lat' dir='ltr'><strong>llEROUM</strong></span> <span class='ocrx_word' id='word_1_128' title='bbox 1048 1842 1168 1914; x_wconf 86' lang='lat' dir='ltr'><strong>QUI</strong></span> <span class='ocrx_word' id='word_1_129' title='bbox 1220 1840 1444 1898; x_wconf 85' lang='lat' dir='ltr'><strong>BELLO</strong></span> <span class='ocrx_word' id='word_1_130' title='bbox 1483 1836 1736 1897; x_wconf 73' lang='lat' dir='ltr'><strong>mutuo</strong></span> <span class='ocrx_word' id='word_1_131' title='bbox 1837 1832 1885 1902; x_wconf 78' lang='grc' dir='ltr'><strong>Β</strong></span> 
     </span>
    </p>
   </div>
   <div class='ocr_carea' id='block_1_26' title="bbox 735 1935 1300 1995">
    <p class='ocr_par' dir='ltr' id='par_1_26' title="bbox 735 1935 1300 1995">
     <span class='ocr_line' id='line_1_26' title="bbox 735 1935 1300 1995; baseline -0.002 -1"><span class='ocrx_word' id='word_1_132' title='bbox 735 1935 1300 1995; x_wconf 80' lang='lat' dir='ltr'><strong>INTERFUERUNT.</strong></span> 
     </span>
    </p>
   </div>
   <div class='ocr_carea' id='block_1_27' title="bbox 777 2052 1280 2128">
    <p class='ocr_par' dir='ltr' id='par_1_27' title="bbox 777 2052 1280 2128">
     <span class='ocr_line' id='line_1_27' title="bbox 777 2052 1280 2128; baseline 0 -20"><span class='ocrx_word' id='word_1_133' title='bbox 777 2052 820 2109; x_wconf 89' lang='lat' dir='ltr'><strong>l.</strong></span> <span class='ocrx_word' id='word_1_134' title='bbox 853 2054 1250 2128; x_wconf 75' lang='lat' dir='ltr'><strong>Agamemnoni.</strong></span> <span class='ocrx_word' id='word_1_135' title='bbox 1276 2058 1280 2063; x_wconf 88' lang='lat'><strong><em>&#39;</em></strong></span> 
     </span>
    </p>
   </div>
   <div class='ocr_carea' id='block_1_28' title="bbox 201 2164 1606 2241">
    <p class='ocr_par' dir='ltr' id='par_1_28' title="bbox 201 2164 1606 2241">
     <span class='ocr_line' id='line_1_28' title="bbox 201 2164 1606 2241; baseline -0.004 -16"><span class='ocrx_word' id='word_1_136' title='bbox 201 2170 316 2227; x_wconf 76' lang='lat' dir='ltr'><strong>Rex</strong></span> <span class='ocrx_word' id='word_1_137' title='bbox 353 2183 573 2241; x_wconf 67' lang='lat' dir='ltr'><strong>regum,</strong></span> <span class='ocrx_word' id='word_1_138' title='bbox 603 2167 844 2236; x_wconf 78' lang='lat' dir='ltr'><strong>Atrides,</strong></span> <span class='ocrx_word' id='word_1_139' title='bbox 878 2167 1134 2224; x_wconf 65' lang='lat' dir='ltr'><strong>fraternae</strong></span> <span class='ocrx_word' id='word_1_140' title='bbox 1163 2164 1411 2238; x_wconf 75' lang='lat' dir='ltr'><strong>conjugis</strong></span> <span class='ocrx_word' id='word_1_141' title='bbox 1436 2165 1606 2232; x_wconf 83' lang='lat' dir='ltr'><strong>ultor,</strong></span> 
     </span>
    </p>
   </div>
   <div class='ocr_carea' id='block_1_29' title="bbox 265 2260 1390 2334">
    <p class='ocr_par' dir='ltr' id='par_1_29' title="bbox 265 2260 1390 2334">
     <span class='ocr_line' id='line_1_29' title="bbox 265 2260 1390 2334; baseline -0.005 -16"><span class='ocrx_word' id='word_1_142' title='bbox 265 2262 495 2334; x_wconf 90' lang='lat' dir='ltr'><strong>Oppetii</strong></span> <span class='ocrx_word' id='word_1_143' title='bbox 529 2261 780 2317; x_wconf 62' lang='lat' dir='ltr'><strong>&quot;iambus</strong></span> <span class='ocrx_word' id='word_1_144' title='bbox 809 2261 1055 2332; x_wconf 73' lang='lat' dir='ltr'><strong>conjugis</strong></span> <span class='ocrx_word' id='word_1_145' title='bbox 1083 2260 1200 2331; x_wconf 87' lang='lat' dir='ltr'><strong>ipse</strong></span> <span class='ocrx_word' id='word_1_146' title='bbox 1229 2274 1390 2315; x_wconf 73' lang='lat' dir='ltr'><strong>mete.</strong></span> 
     </span>
    </p>
   </div>
   <div class='ocr_carea' id='block_1_30' title="bbox 193 2353 1692 2427">
    <p class='ocr_par' dir='ltr' id='par_1_30' title="bbox 193 2353 1692 2427">
     <span class='ocr_line' id='line_1_30' title="bbox 193 2353 1692 2427; baseline -0.002 -15"><span class='ocrx_word' id='word_1_147' title='bbox 193 2357 334 2426; x_wconf 93' lang='lat' dir='ltr'><strong>Quid</strong></span> <span class='ocrx_word' id='word_1_148' title='bbox 367 2356 596 2427; x_wconf 79' lang='lat' dir='ltr'><strong>prodest</strong></span> <span class='ocrx_word' id='word_1_149' title='bbox 625 2355 859 2412; x_wconf 71' lang='lat' dir='ltr'><strong>Helenae</strong></span> <span class='ocrx_word' id='word_1_150' title='bbox 887 2364 1104 2426; x_wconf 86' lang='lat' dir='ltr'><strong>raptum</strong></span> <span class='ocrx_word' id='word_1_151' title='bbox 1134 2354 1362 2426; x_wconf 85' lang='lat' dir='ltr'><strong>punisse</strong></span> <span class='ocrx_word' id='word_1_152' title='bbox 1389 2353 1692 2419; x_wconf 80' lang='lat' dir='ltr'><strong>dolentem,</strong></span> 
     </span>
    </p>
   </div>
   <div class='ocr_carea' id='block_1_31' title="bbox 268 2448 1642 2522">
    <p class='ocr_par' dir='ltr' id='par_1_31' title="bbox 268 2448 1642 2522">
     <span class='ocr_line' id='line_1_31' title="bbox 268 2448 1642 2522; baseline -0.004 -14"><span class='ocrx_word' id='word_1_153' title='bbox 268 2451 560 2508; x_wconf 85' lang='lat' dir='ltr'><strong>Vindicem</strong></span> <span class='ocrx_word' id='word_1_154' title='bbox 587 2450 840 2507; x_wconf 87' lang='lat' dir='ltr'><strong>adulterii</strong></span> <span class='ocrx_word' id='word_1_155' title='bbox 867 2465 991 2506; x_wconf 83' lang='lat' dir='ltr'><strong>cum</strong></span> <span class='ocrx_word' id='word_1_156' title='bbox 1020 2450 1419 2522; x_wconf 83' lang='lat' dir='ltr'><strong>Clytemnestra</strong></span> <span class='ocrx_word' id='word_1_157' title='bbox 1447 2448 1642 2506; x_wconf 76' lang='lat' dir='ltr'><strong>necet?</strong></span> 
     </span>
    </p>
   </div>
   <div class='ocr_carea' id='block_1_32' title="bbox 808 2563 1188 2620">
    <p class='ocr_par' dir='ltr' id='par_1_32' title="bbox 808 2563 1188 2620">
     <span class='ocr_line' id='line_1_32' title="bbox 808 2563 1188 2620; baseline -0.003 0"><span class='ocrx_word' id='word_1_158' title='bbox 808 2564 877 2620; x_wconf 90' lang='lat' dir='ltr'><strong>Il.</strong></span> <span class='ocrx_word' id='word_1_159' title='bbox 919 2563 1188 2619; x_wconf 71' lang='lat' dir='ltr'><strong>Menelao.</strong></span> 
     </span>
    </p>
   </div>
   <div class='ocr_carea' id='block_1_33' title="bbox 199 2659 1483 2728">
    <p class='ocr_par' dir='ltr' id='par_1_33' title="bbox 199 2659 1483 2728">
     <span class='ocr_line' id='line_1_33' title="bbox 199 2659 1483 2728; baseline -0.001 -11"><span class='ocrx_word' id='word_1_160' title='bbox 199 2663 354 2720; x_wconf 83' lang='lat' dir='ltr'><strong>Felix</strong></span> <span class='ocrx_word' id='word_1_161' title='bbox 388 2677 422 2719; x_wconf 87' lang='grc' dir='ltr'><strong>ο</strong></span> <span class='ocrx_word' id='word_1_162' title='bbox 448 2662 723 2728; x_wconf 73' lang='lat' dir='ltr'><strong>Menelae,</strong></span> <span class='ocrx_word' id='word_1_163' title='bbox 755 2660 919 2718; x_wconf 82' lang='lat' dir='ltr'><strong>deum</strong></span> <span class='ocrx_word' id='word_1_164' title='bbox 949 2661 1037 2717; x_wconf 92' lang='lat' dir='ltr'><strong>cui</strong></span> <span class='ocrx_word' id='word_1_165' title='bbox 1069 2661 1251 2716; x_wconf 85' lang='lat' dir='ltr'><strong>debita</strong></span> <span class='ocrx_word' id='word_1_166' title='bbox 1277 2659 1440 2716; x_wconf 84' lang='lat' dir='ltr'><strong>sedes</strong></span> <span class='ocrx_word' id='word_1_167' title='bbox 1467 2700 1483 2727; x_wconf 88' lang='lat'><strong>,</strong></span> 
     </span>
    </p>
   </div>
   <div class='ocr_carea' id='block_1_34' title="bbox 270 2751 1381 2825">
    <p class='ocr_par' dir='ltr' id='par_1_34' title="bbox 270 2751 1381 2825">
     <span class='ocr_line' id='line_1_34' title="bbox 270 2751 1381 2825; baseline -0.003 -15"><span class='ocrx_word' id='word_1_168' title='bbox 270 2755 678 2825; x_wconf 88' lang='lat' dir='ltr'><strong>Decretumque</strong></span> <span class='ocrx_word' id='word_1_169' title='bbox 710 2754 814 2825; x_wconf 87' lang='lat' dir='ltr'><strong>piis</strong></span> <span class='ocrx_word' id='word_1_170' title='bbox 838 2753 1088 2810; x_wconf 78' lang='lat' dir='ltr'><strong>Manibus</strong></span> <span class='ocrx_word' id='word_1_171' title='bbox 1113 2751 1381 2825; x_wconf 78' lang='lat' dir='ltr'><strong>Elysium.</strong></span> 
     </span>
    </p>
   </div>
   <div class='ocr_carea' id='block_1_35' title="bbox 197 2845 1472 2921">
    <p class='ocr_par' dir='ltr' id='par_1_35' title="bbox 197 2845 1472 2921">
     <span class='ocr_line' id='line_1_35' title="bbox 197 2845 1472 2921; baseline -0.005 -16"><span class='ocrx_word' id='word_1_172' title='bbox 197 2847 497 2921; x_wconf 83' lang='lat' dir='ltr'><strong>Tyndareo</strong></span> <span class='ocrx_word' id='word_1_173' title='bbox 526 2846 726 2902; x_wconf 89' lang='lat' dir='ltr'><strong>dilecte</strong></span> <span class='ocrx_word' id='word_1_174' title='bbox 749 2860 940 2918; x_wconf 72' lang='lat' dir='ltr'><strong>gener,</strong></span> <span class='ocrx_word' id='word_1_175' title='bbox 971 2845 1171 2901; x_wconf 89' lang='lat' dir='ltr'><strong>dilecte</strong></span> <span class='ocrx_word' id='word_1_176' title='bbox 1199 2845 1472 2902; x_wconf 83' lang='lat' dir='ltr'><strong>Tonanti:</strong></span> 
     </span>
    </p>
   </div>
   <div class='ocr_carea' id='block_1_36' title="bbox 268 2937 1276 3011">
    <p class='ocr_par' dir='ltr' id='par_1_36' title="bbox 268 2937 1276 3011">
     <span class='ocr_line' id='line_1_36' title="bbox 268 2937 1276 3011; baseline -0.005 -15"><span class='ocrx_word' id='word_1_177' title='bbox 268 2939 527 3011; x_wconf 71' lang='lat' dir='ltr'><strong>Coniugii</strong></span> <span class='ocrx_word' id='word_1_178' title='bbox 557 2939 779 3006; x_wconf 85' lang='lat' dir='ltr'><strong>vindex,</strong></span> <span class='ocrx_word' id='word_1_179' title='bbox 809 2939 957 2994; x_wconf 87' lang='lat' dir='ltr'><strong>ultor</strong></span> <span class='ocrx_word' id='word_1_180' title='bbox 985 2937 1239 2994; x_wconf 85' lang='lat' dir='ltr'><strong>adulterii</strong></span> <span class='ocrx_word' id='word_1_181' title='bbox 1264 2957 1276 2991; x_wconf 91' lang='lat'>:</span> 
     </span>
    </p>
   </div>
   <div class='ocr_carea' id='block_1_37' title="bbox 202 3028 1488 3102">
    <p class='ocr_par' dir='ltr' id='par_1_37' title="bbox 202 3028 1488 3102">
     <span class='ocr_line' id='line_1_37' title="bbox 202 3028 1488 3102; baseline -0.004 -14"><span class='ocrx_word' id='word_1_182' title='bbox 202 3031 441 3088; x_wconf 68' lang='lat' dir='ltr'><strong>Eterno</strong></span> <span class='ocrx_word' id='word_1_183' title='bbox 476 3031 695 3102; x_wconf 87' lang='lat' dir='ltr'><strong>pollens</strong></span> <span class='ocrx_word' id='word_1_184' title='bbox 723 3045 862 3098; x_wconf 59' lang='lat' dir='ltr'><strong>aevo,</strong></span> <span class='ocrx_word' id='word_1_185' title='bbox 896 3038 1210 3101; x_wconf 71' lang='lat' dir='ltr'><strong>aeternaque</strong></span> <span class='ocrx_word' id='word_1_186' title='bbox 1233 3028 1488 3099; x_wconf 85' lang='lat' dir='ltr'><strong>juventa,</strong></span> 
     </span>
    </p>
   </div>
   <div class='ocr_carea' id='block_1_38' title="bbox 272 3123 1359 3196">
    <p class='ocr_par' dir='ltr' id='par_1_38' title="bbox 272 3123 1359 3196">
     <span class='ocr_line' id='line_1_38' title="bbox 272 3123 1359 3196; baseline -0.005 -15"><span class='ocrx_word' id='word_1_187' title='bbox 272 3126 387 3183; x_wconf 84' lang='lat' dir='ltr'><strong>Nec</strong></span> <span class='ocrx_word' id='word_1_188' title='bbox 418 3126 512 3182; x_wconf 90' lang='lat' dir='ltr'><strong>leti</strong></span> <span class='ocrx_word' id='word_1_189' title='bbox 547 3139 737 3196; x_wconf 88' lang='lat' dir='ltr'><strong>passus</strong></span> <span class='ocrx_word' id='word_1_190' title='bbox 772 3134 1038 3194; x_wconf 87' lang='lat' dir='ltr'><strong>tempora,</strong></span> <span class='ocrx_word' id='word_1_191' title='bbox 1073 3137 1175 3180; x_wconf 91' lang='lat' dir='ltr'><strong>nec</strong></span> <span class='ocrx_word' id='word_1_192' title='bbox 1201 3123 1359 3178; x_wconf 90' lang='lat' dir='ltr'><strong>senii.</strong></span> 
     </span>
    </p>
   </div>
   <div class='ocr_carea' id='block_1_39' title="bbox 858 3239 1164 3314">
    <p class='ocr_par' dir='ltr' id='par_1_39' title="bbox 858 3239 1164 3314">
     <span class='ocr_line' id='line_1_39' title="bbox 858 3239 1164 3314; baseline 0 -20"><span class='ocrx_word' id='word_1_193' title='bbox 858 3239 950 3296; x_wconf 87' lang='grc' dir='ltr'>ιιι.</span> <span class='ocrx_word' id='word_1_194' title='bbox 991 3239 1164 3314; x_wconf 63' lang='grc' dir='ltr'><strong>Αλασῑ.</strong></span> 
     </span>
    </p>
   </div>
   <div class='ocr_carea' id='block_1_40' title="bbox 202 3335 1518 3413">
    <p class='ocr_par' dir='ltr' id='par_1_40' title="bbox 202 3335 1518 3413">
     <span class='ocr_line' id='line_1_40' title="bbox 202 3335 1518 3413; baseline -0.003 -17"><span class='ocrx_word' id='word_1_195' title='bbox 202 3341 392 3413; x_wconf 86' lang='lat' dir='ltr'><strong>Ajacis</strong></span> <span class='ocrx_word' id='word_1_196' title='bbox 420 3339 633 3395; x_wconf 89' lang='lat' dir='ltr'><strong>tumulo</strong></span> <span class='ocrx_word' id='word_1_197' title='bbox 664 3337 869 3410; x_wconf 90' lang='lat' dir='ltr'><strong>pariter</strong></span> <span class='ocrx_word' id='word_1_198' title='bbox 899 3350 1051 3409; x_wconf 81' lang='lat' dir='ltr'><strong>tegor</strong></span> <span class='ocrx_word' id='word_1_199' title='bbox 1075 3338 1269 3395; x_wconf 89' lang='lat' dir='ltr'><strong>obruta</strong></span> <span class='ocrx_word' id='word_1_200' title='bbox 1296 3335 1518 3403; x_wconf 86' lang='lat' dir='ltr'><strong>Virtus,</strong></span> 
     </span>
    </p>
   </div>
   <div class='ocr_carea' id='block_1_41' title="bbox 277 3427 1419 3504">
    <p class='ocr_par' dir='ltr' id='par_1_41' title="bbox 277 3427 1419 3504">
     <span class='ocr_line' id='line_1_41' title="bbox 277 3427 1419 3504; baseline -0.006 -15"><span class='ocrx_word' id='word_1_201' title='bbox 277 3435 640 3504; x_wconf 85' lang='lat' dir='ltr'><strong>lllacrymans</strong></span> <span class='ocrx_word' id='word_1_202' title='bbox 669 3429 841 3486; x_wconf 89' lang='lat' dir='ltr'><strong>bustis</strong></span> <span class='ocrx_word' id='word_1_203' title='bbox 874 3427 1081 3486; x_wconf 84' lang='lat' dir='ltr'><strong>funeris</strong></span> <span class='ocrx_word' id='word_1_204' title='bbox 1113 3430 1234 3502; x_wconf 92' lang='lat' dir='ltr'><strong>ipsa</strong></span> <span class='ocrx_word' id='word_1_205' title='bbox 1274 3427 1419 3485; x_wconf 89' lang='lat' dir='ltr'><strong>mei:</strong></span> 
     </span>
    </p>
   </div>
   <div class='ocr_carea' id='block_1_42' title="bbox 205 3521 1664 3598">
    <p class='ocr_par' dir='ltr' id='par_1_42' title="bbox 205 3521 1664 3598">
     <span class='ocr_line' id='line_1_42' title="bbox 205 3521 1664 3598; baseline -0.003 -17"><span class='ocrx_word' id='word_1_206' title='bbox 205 3528 525 3598; x_wconf 75' lang='lat' dir='ltr'><strong>lnoomptas</strong></span> <span class='ocrx_word' id='word_1_207' title='bbox 557 3527 792 3581; x_wconf 86' lang='lat' dir='ltr'><strong>lacerata</strong></span> <span class='ocrx_word' id='word_1_208' title='bbox 819 3539 1030 3590; x_wconf 86' lang='lat' dir='ltr'><strong>comas,</strong></span> <span class='ocrx_word' id='word_1_209' title='bbox 1055 3521 1200 3594; x_wconf 88' lang='lat' dir='ltr'><strong>quod</strong></span> <span class='ocrx_word' id='word_1_210' title='bbox 1222 3537 1421 3594; x_wconf 90' lang='lat' dir='ltr'><strong>pravus</strong></span> <span class='ocrx_word' id='word_1_211' title='bbox 1447 3522 1664 3579; x_wconf 86' lang='lat' dir='ltr'><strong>Atrides</strong></span> 
     </span>
    </p>
   </div>
   <div class='ocr_carea' id='block_1_43' title="bbox 273 3615 1428 3686">
    <p class='ocr_par' dir='ltr' id='par_1_43' title="bbox 273 3615 1428 3686">
     <span class='ocr_line' id='line_1_43' title="bbox 273 3615 1428 3686; baseline -0.005 -9"><span class='ocrx_word' id='word_1_212' title='bbox 273 3621 489 3677; x_wconf 85' lang='lat' dir='ltr'><strong>Cedere</strong></span> <span class='ocrx_word' id='word_1_213' title='bbox 519 3634 610 3674; x_wconf 90' lang='lat' dir='ltr'><strong>me</strong></span> <span class='ocrx_word' id='word_1_214' title='bbox 641 3617 866 3674; x_wconf 81' lang='lat' dir='ltr'><strong>structis</strong></span> <span class='ocrx_word' id='word_1_215' title='bbox 897 3616 1162 3686; x_wconf 84' lang='lat' dir='ltr'><strong>compulit</strong></span> <span class='ocrx_word' id='word_1_216' title='bbox 1191 3615 1428 3671; x_wconf 80' lang='lat' dir='ltr'><strong>insidiis.</strong></span> 
     </span>
    </p>
   </div>
   <div class='ocr_carea' id='block_1_44' title="bbox 207 3707 1677 3782">
    <p class='ocr_par' dir='ltr' id='par_1_44' title="bbox 207 3707 1677 3782">
     <span class='ocr_line' id='line_1_44' title="bbox 207 3707 1677 3782; baseline -0.005 -12"><span class='ocrx_word' id='word_1_217' title='bbox 207 3714 326 3770; x_wconf 79' lang='lat' dir='ltr'><strong>lam</strong></span> <span class='ocrx_word' id='word_1_218' title='bbox 355 3712 499 3768; x_wconf 87' lang='lat' dir='ltr'><strong>dabo</strong></span> <span class='ocrx_word' id='word_1_219' title='bbox 523 3724 860 3782; x_wconf 84' lang='lat' dir='ltr'><strong>purpureum</strong></span> <span class='ocrx_word' id='word_1_220' title='bbox 891 3709 1046 3765; x_wconf 88' lang='lat' dir='ltr'><strong>claro</strong></span> <span class='ocrx_word' id='word_1_221' title='bbox 1070 3708 1140 3764; x_wconf 87' lang='lat' dir='ltr'><strong>de</strong></span> <span class='ocrx_word' id='word_1_222' title='bbox 1165 3709 1430 3778; x_wconf 67' lang='lat' dir='ltr'><strong>sanguine</strong></span> <span class='ocrx_word' id='word_1_223' title='bbox 1457 3707 1677 3776; x_wconf 75' lang='lat' dir='ltr'><strong>florem,</strong></span> 
     </span>
    </p>
   </div>
   <div class='ocr_carea' id='block_1_45' title="bbox 276 3802 1336 3878">
    <p class='ocr_par' dir='ltr' id='par_1_45' title="bbox 276 3802 1336 3878">
     <span class='ocr_line' id='line_1_45' title="bbox 276 3802 1336 3878; baseline -0.009 -12"><span class='ocrx_word' id='word_1_224' title='bbox 276 3809 598 3866; x_wconf 83' lang='lat' dir='ltr'><strong>Testantem</strong></span> <span class='ocrx_word' id='word_1_225' title='bbox 627 3805 831 3878; x_wconf 79' lang='lat' dir='ltr'><strong>gemitu</strong></span> <span class='ocrx_word' id='word_1_226' title='bbox 864 3803 1094 3858; x_wconf 88' lang='lat' dir='ltr'><strong>crimina</strong></span> <span class='ocrx_word' id='word_1_227' title='bbox 1120 3802 1336 3873; x_wconf 82' lang='lat' dir='ltr'><strong>judicii.</strong></span> 
     </span>
    </p>
   </div>
   <div class='ocr_carea' id='block_1_46' title="bbox 821 3913 1173 3971">
    <p class='ocr_par' dir='ltr' id='par_1_46' title="bbox 821 3913 1173 3971">
     <span class='ocr_line' id='line_1_46' title="bbox 821 3913 1173 3971; baseline -0.006 -1"><span class='ocrx_word' id='word_1_228' title='bbox 821 3913 912 3971; x_wconf 85' lang='lat' dir='ltr'><strong>IV.</strong></span> <span class='ocrx_word' id='word_1_229' title='bbox 956 3915 1173 3969; x_wconf 68' lang='lat' dir='ltr'><strong>Achilli.</strong></span> 
     </span>
    </p>
   </div>
   <div class='ocr_carea' id='block_1_47' title="bbox 207 4008 1638 4079">
    <p class='ocr_par' dir='ltr' id='par_1_47' title="bbox 207 4008 1638 4079">
     <span class='ocr_line' id='line_1_47' title="bbox 207 4008 1638 4079; baseline -0.005 -10"><span class='ocrx_word' id='word_1_230' title='bbox 207 4011 328 4069; x_wconf 76' lang='lat' dir='ltr'><strong>Non</strong></span> <span class='ocrx_word' id='word_1_231' title='bbox 356 4026 463 4068; x_wconf 77' lang='lat' dir='ltr'><strong>una</strong></span> <span class='ocrx_word' id='word_1_232' title='bbox 496 4008 780 4067; x_wconf 66' lang='lat' dir='ltr'><strong>discidere</strong></span> <span class='ocrx_word' id='word_1_233' title='bbox 810 4008 974 4065; x_wconf 88' lang='lat' dir='ltr'><strong>tellus</strong></span> <span class='ocrx_word' id='word_1_234' title='bbox 999 4009 1186 4076; x_wconf 79' lang='lat' dir='ltr'><strong>habet,</strong></span> <span class='ocrx_word' id='word_1_235' title='bbox 1217 4022 1344 4064; x_wconf 83' lang='lat' dir='ltr'><strong>ossa</strong></span> <span class='ocrx_word' id='word_1_236' title='bbox 1374 4015 1638 4079; x_wconf 74' lang='lat' dir='ltr'><strong>teguntur</strong></span> 
     </span>
    </p>
   </div>
   <div class='ocr_carea' id='block_1_48' title="bbox 208 4100 1452 4174">
    <p class='ocr_par' dir='ltr' id='par_1_48' title="bbox 208 4100 1452 4174">
     <span class='ocr_line' id='line_1_48' title="bbox 208 4100 1452 4174; baseline -0.002 -14"><span class='ocrx_word' id='word_1_237' title='bbox 208 4104 422 4160; x_wconf 84' lang='lat' dir='ltr'><strong>Littore</strong></span> <span class='ocrx_word' id='word_1_238' title='bbox 451 4103 639 4174; x_wconf 80' lang='lat' dir='ltr'><strong>Sigeo,</strong></span> <span class='ocrx_word' id='word_1_239' title='bbox 669 4101 879 4159; x_wconf 80' lang='lat' dir='ltr'><strong>crinem</strong></span> <span class='ocrx_word' id='word_1_240' title='bbox 908 4100 1130 4158; x_wconf 77' lang='lat' dir='ltr'><strong>Larissa</strong></span> <span class='ocrx_word' id='word_1_241' title='bbox 1161 4101 1452 4159; x_wconf 80' lang='lat' dir='ltr'><strong>cremavit.</strong></span> 
     </span>
    </p>
   </div>
   <div class='ocr_carea' id='block_1_49' title="bbox 210 4195 1714 4254">
    <p class='ocr_par' dir='ltr' id='par_1_49' title="bbox 210 4195 1714 4254">
     <span class='ocr_line' id='line_1_49' title="bbox 210 4195 1714 4254; baseline 0 -2"><span class='ocrx_word' id='word_1_242' title='bbox 210 4195 1714 4254; x_wconf 87' lang='lat' dir='ltr'><strong>Parstumuli.............</strong></span> 
     </span>
    </p>
   </div>
   <div class='ocr_carea' id='block_1_50' title="bbox 211 4287 1136 4346">
    <p class='ocr_par' dir='ltr' id='par_1_50' title="bbox 211 4287 1136 4346">
     <span class='ocr_line' id='line_1_50' title="bbox 211 4287 1136 4346; baseline 0.002 -4"><span class='ocrx_word' id='word_1_243' title='bbox 211 4287 356 4346; x_wconf 88' lang='lat' dir='ltr'><strong>Orbe</strong></span> <span class='ocrx_word' id='word_1_244' title='bbox 382 4288 482 4346; x_wconf 89' lang='lat' dir='ltr'><strong>sed</strong></span> <span class='ocrx_word' id='word_1_245' title='bbox 512 4288 568 4344; x_wconf 90' lang='lat' dir='ltr'><strong>in</strong></span> <span class='ocrx_word' id='word_1_246' title='bbox 599 4295 736 4345; x_wconf 82' lang='lat' dir='ltr'><strong>toto.</strong></span> <span class='ocrx_word' id='word_1_247' title='bbox 833 4325 847 4343; x_wconf 91' lang='lat'><strong>.</strong></span> <span class='ocrx_word' id='word_1_248' title='bbox 929 4325 946 4342; x_wconf 93' lang='lat'><strong>.</strong></span> <span class='ocrx_word' id='word_1_249' title='bbox 1026 4327 1041 4342; x_wconf 95' lang='lat'><strong>.</strong></span> <span class='ocrx_word' id='word_1_250' title='bbox 1120 4327 1136 4344; x_wconf 94' lang='lat'><strong>.</strong></span> 
     </span>
    </p>
   </div>
   <div class='ocr_carea' id='block_1_51' title="bbox 879 4401 1163 4460">
    <p class='ocr_par' dir='ltr' id='par_1_51' title="bbox 879 4401 1163 4460">
     <span class='ocr_line' id='line_1_51' title="bbox 879 4401 1163 4460; baseline 0.004 -1"><span class='ocrx_word' id='word_1_251' title='bbox 879 4403 946 4459; x_wconf 71' lang='grc' dir='ltr'><strong>ν.</strong></span> <span class='ocrx_word' id='word_1_252' title='bbox 989 4401 1163 4460; x_wconf 77' lang='lat' dir='ltr'><strong>Ulixi.</strong></span> 
     </span>
    </p>
   </div>
   <div class='ocr_carea' id='block_1_52' title="bbox 217 4513 1508 4578">
    <p class='ocr_par' dir='ltr' id='par_1_52' title="bbox 217 4513 1508 4578">
     <span class='ocr_line' id='line_1_52' title="bbox 217 4513 1508 4578; baseline -0.003 0"><span class='ocrx_word' id='word_1_253' title='bbox 217 4520 485 4578; x_wconf 88' lang='lat' dir='ltr'><strong>Conditur</strong></span> <span class='ocrx_word' id='word_1_254' title='bbox 513 4519 617 4576; x_wconf 91' lang='lat' dir='ltr'><strong>hoc</strong></span> <span class='ocrx_word' id='word_1_255' title='bbox 643 4517 856 4576; x_wconf 87' lang='lat' dir='ltr'><strong>tumulo</strong></span> <span class='ocrx_word' id='word_1_256' title='bbox 883 4518 1081 4575; x_wconf 83' lang='lat' dir='ltr'><strong>Laerta</strong></span> <span class='ocrx_word' id='word_1_257' title='bbox 1110 4527 1271 4574; x_wconf 90' lang='lat' dir='ltr'><strong>natus</strong></span> <span class='ocrx_word' id='word_1_258' title='bbox 1294 4513 1508 4574; x_wconf 81' lang='lat' dir='ltr'><strong>Ulixes.</strong></span> 
     </span>
    </p>
   </div>
   <div class='ocr_carea' id='block_1_53' title="bbox 284 4616 1510 4690">
    <p class='ocr_par' dir='ltr' id='par_1_53' title="bbox 284 4616 1510 4690">
     <span class='ocr_line' id='line_1_53' title="bbox 284 4616 1510 4690; baseline -0.002 -17"><span class='ocrx_word' id='word_1_259' title='bbox 284 4619 517 4690; x_wconf 74' lang='lat' dir='ltr'><strong>Perlege</strong></span> <span class='ocrx_word' id='word_1_260' title='bbox 539 4616 850 4690; x_wconf 82' lang='lat' dir='ltr'><strong>Odyssean,</strong></span> <span class='ocrx_word' id='word_1_261' title='bbox 881 4618 1069 4673; x_wconf 86' lang='lat' dir='ltr'><strong>omnia</strong></span> <span class='ocrx_word' id='word_1_262' title='bbox 1103 4631 1268 4674; x_wconf 89' lang='lat' dir='ltr'><strong>nosse</strong></span> <span class='ocrx_word' id='word_1_263' title='bbox 1298 4617 1510 4674; x_wconf 85' lang='lat' dir='ltr'><strong>volens.</strong></span> 
     </span>
    </p>
   </div>
   <div class='ocr_carea' id='block_1_54' title="bbox 810 4711 1222 4768">
    <p class='ocr_par' dir='ltr' id='par_1_54' title="bbox 810 4711 1222 4768">
     <span class='ocr_line' id='line_1_54' title="bbox 810 4711 1222 4768; baseline -0.005 0"><span class='ocrx_word' id='word_1_264' title='bbox 810 4711 900 4768; x_wconf 88' lang='lat' dir='ltr'><strong>VI.</strong></span> <span class='ocrx_word' id='word_1_265' title='bbox 955 4711 1222 4768; x_wconf 83' lang='lat' dir='ltr'><strong>Diomedi.</strong></span> 
     </span>
    </p>
   </div>
   <div class='ocr_carea' id='block_1_55' title="bbox 217 4803 1629 4878">
    <p class='ocr_par' dir='ltr' id='par_1_55' title="bbox 217 4803 1629 4878">
     <span class='ocr_line' id='line_1_55' title="bbox 217 4803 1629 4878; baseline -0.005 -12"><span class='ocrx_word' id='word_1_266' title='bbox 217 4808 494 4866; x_wconf 90' lang='lat' dir='ltr'><strong>Conditur</strong></span> <span class='ocrx_word' id='word_1_267' title='bbox 517 4806 606 4862; x_wconf 93' lang='lat' dir='ltr'><strong>hic</strong></span> <span class='ocrx_word' id='word_1_268' title='bbox 631 4807 883 4878; x_wconf 70' lang='lat' dir='ltr'><strong>genitore</strong></span> <span class='ocrx_word' id='word_1_269' title='bbox 913 4807 1058 4863; x_wconf 91' lang='lat' dir='ltr'><strong>bono</strong></span> <span class='ocrx_word' id='word_1_270' title='bbox 1089 4807 1286 4862; x_wconf 89' lang='lat' dir='ltr'><strong>melior</strong></span> <span class='ocrx_word' id='word_1_271' title='bbox 1308 4803 1629 4862; x_wconf 89' lang='lat' dir='ltr'><strong>Diomedes:</strong></span> 
     </span>
    </p>
   </div>
   <div class='ocr_carea' id='block_1_56' title="bbox 217 4898 1490 4970">
    <p class='ocr_par' dir='ltr' id='par_1_56' title="bbox 217 4898 1490 4970">
     <span class='ocr_line' id='line_1_56' title="bbox 217 4898 1490 4970; baseline -0.003 -14"><span class='ocrx_word' id='word_1_272' title='bbox 217 4901 440 4957; x_wconf 88' lang='lat' dir='ltr'><strong>Crimen</strong></span> <span class='ocrx_word' id='word_1_273' title='bbox 473 4901 544 4957; x_wconf 91' lang='lat' dir='ltr'><strong>ob</strong></span> <span class='ocrx_word' id='word_1_274' title='bbox 574 4898 771 4954; x_wconf 78' lang='lat' dir='ltr'><strong>uxoris</strong></span> <span class='ocrx_word' id='word_1_275' title='bbox 798 4899 989 4970; x_wconf 89' lang='lat' dir='ltr'><strong>pulsus</strong></span> <span class='ocrx_word' id='word_1_276' title='bbox 1018 4898 1294 4954; x_wconf 87' lang='lat' dir='ltr'><strong>dotalibus</strong></span> <span class='ocrx_word' id='word_1_277' title='bbox 1321 4898 1490 4968; x_wconf 68' lang='lat' dir='ltr'><strong>agris.</strong></span> 
     </span>
    </p>
   </div>
   <div class='ocr_carea' id='block_1_57' title="bbox 219 4991 1712 5067">
    <p class='ocr_par' dir='ltr' id='par_1_57' title="bbox 219 4991 1712 5067">
     <span class='ocr_line' id='line_1_57' title="bbox 219 4991 1712 5067; baseline -0.003 -17"><span class='ocrx_word' id='word_1_278' title='bbox 219 4995 548 5067; x_wconf 77' lang='lat' dir='ltr'><strong>Argyripam</strong></span> <span class='ocrx_word' id='word_1_279' title='bbox 570 5033 588 5059; x_wconf 87' lang='lat'><strong>,</strong></span> <span class='ocrx_word' id='word_1_280' title='bbox 614 4993 903 5064; x_wconf 89' lang='lat' dir='ltr'><strong>clarosque</strong></span> <span class='ocrx_word' id='word_1_281' title='bbox 930 4993 1062 5048; x_wconf 91' lang='lat' dir='ltr'><strong>viris</strong></span> <span class='ocrx_word' id='word_1_282' title='bbox 1093 4996 1182 5064; x_wconf 83' lang='lat' dir='ltr'><strong>qui</strong></span> <span class='ocrx_word' id='word_1_283' title='bbox 1216 4991 1460 5048; x_wconf 88' lang='lat' dir='ltr'><strong>condidit</strong></span> <span class='ocrx_word' id='word_1_284' title='bbox 1484 4991 1672 5062; x_wconf 84' lang='lat' dir='ltr'><strong>Arpos</strong></span> <span class='ocrx_word' id='word_1_285' title='bbox 1697 5007 1712 5046; x_wconf 88' lang='lat'><strong>:</strong></span> 
     </span>
    </p>
   </div>
   <div class='ocr_carea' id='block_1_58' title="bbox 218 5086 1640 5158">
    <p class='ocr_par' dir='ltr' id='par_1_58' title="bbox 218 5086 1640 5158">
     <span class='ocr_line' id='line_1_58' title="bbox 218 5086 1640 5158; baseline -0.001 -14"><span class='ocrx_word' id='word_1_286' title='bbox 218 5089 439 5145; x_wconf 85' lang='lat' dir='ltr'><strong>Clarior</strong></span> <span class='ocrx_word' id='word_1_287' title='bbox 471 5088 609 5143; x_wconf 85' lang='lat' dir='ltr'><strong>urbe</strong></span> <span class='ocrx_word' id='word_1_288' title='bbox 635 5101 798 5152; x_wconf 88' lang='lat' dir='ltr'><strong>nova,</strong></span> <span class='ocrx_word' id='word_1_289' title='bbox 834 5088 1029 5158; x_wconf 78' lang='lat' dir='ltr'><strong>patriae</strong></span> <span class='ocrx_word' id='word_1_290' title='bbox 1056 5102 1218 5157; x_wconf 88' lang='lat' dir='ltr'><strong>quam</strong></span> <span class='ocrx_word' id='word_1_291' title='bbox 1244 5086 1376 5144; x_wconf 88' lang='lat' dir='ltr'><strong>sede</strong></span> <span class='ocrx_word' id='word_1_292' title='bbox 1405 5094 1640 5144; x_wconf 86' lang='lat' dir='ltr'><strong>vetusta.</strong></span> 
     </span>
    </p>
   </div>
   <div class='ocr_carea' id='block_1_59' title="bbox 790 5199 1245 5258">
    <p class='ocr_par' dir='ltr' id='par_1_59' title="bbox 790 5199 1245 5258">
     <span class='ocr_line' id='line_1_59' title="bbox 790 5199 1245 5258; baseline 0.002 -4"><span class='ocrx_word' id='word_1_293' title='bbox 790 5199 906 5258; x_wconf 88' lang='lat' dir='ltr'><strong>VII.</strong></span> <span class='ocrx_word' id='word_1_294' title='bbox 949 5199 1245 5256; x_wconf 80' lang='lat' dir='ltr'><strong>Antilocho.</strong></span> 
     </span>
    </p>
   </div>
   <div class='ocr_carea' id='block_1_60' title="bbox 223 5292 1692 5366">
    <p class='ocr_par' dir='ltr' id='par_1_60' title="bbox 223 5292 1692 5366">
     <span class='ocr_line' id='line_1_60' title="bbox 223 5292 1692 5366; baseline -0.002 -14"><span class='ocrx_word' id='word_1_295' title='bbox 223 5294 511 5361; x_wconf 89' lang='lat' dir='ltr'><strong>Consiliis,</strong></span> <span class='ocrx_word' id='word_1_296' title='bbox 543 5292 802 5362; x_wconf 89' lang='lat' dir='ltr'><strong>belloque</strong></span> <span class='ocrx_word' id='word_1_297' title='bbox 832 5292 1031 5358; x_wconf 90' lang='lat' dir='ltr'><strong>bonus,</strong></span> <span class='ocrx_word' id='word_1_298' title='bbox 1059 5309 1180 5364; x_wconf 63' lang='lat' dir='ltr'><strong>qum</strong></span> <span class='ocrx_word' id='word_1_299' title='bbox 1208 5295 1404 5366; x_wconf 89' lang='lat' dir='ltr'><strong>copula</strong></span> <span class='ocrx_word' id='word_1_300' title='bbox 1435 5309 1557 5357; x_wconf 88' lang='lat' dir='ltr'><strong>rara</strong></span> <span class='ocrx_word' id='word_1_301' title='bbox 1585 5302 1692 5361; x_wconf 89' lang='lat' dir='ltr'><strong>est,</strong></span> 
     </span>
    </p>
   </div>
   <div class='ocr_carea' id='block_1_61' title="bbox 291 5383 1460 5450">
    <p class='ocr_par' dir='ltr' id='par_1_61' title="bbox 291 5383 1460 5450">
     <span class='ocr_line' id='line_1_61' title="bbox 291 5383 1460 5450; baseline 0 -8"><span class='ocrx_word' id='word_1_302' title='bbox 291 5387 504 5443; x_wconf 90' lang='lat' dir='ltr'><strong>Charus</strong></span> <span class='ocrx_word' id='word_1_303' title='bbox 533 5391 588 5440; x_wconf 90' lang='lat' dir='ltr'><strong>et</strong></span> <span class='ocrx_word' id='word_1_304' title='bbox 616 5383 844 5450; x_wconf 81' lang='lat' dir='ltr'><strong>Atridis,</strong></span> <span class='ocrx_word' id='word_1_305' title='bbox 876 5384 1074 5440; x_wconf 90' lang='lat' dir='ltr'><strong>charus</strong></span> <span class='ocrx_word' id='word_1_306' title='bbox 1102 5397 1157 5442; x_wconf 91' lang='lat' dir='ltr'><strong>et</strong></span> <span class='ocrx_word' id='word_1_307' title='bbox 1183 5387 1424 5444; x_wconf 64' lang='lat' dir='ltr'><strong>Eacidis</strong></span> <span class='ocrx_word' id='word_1_308' title='bbox 1449 5409 1460 5442; x_wconf 91' lang='lat'>:</span> 
     </span>
    </p>
   </div>
   <div class='ocr_carea' id='block_1_62' title="bbox 219 5475 1510 5551">
    <p class='ocr_par' dir='ltr' id='par_1_62' title="bbox 219 5475 1510 5551">
     <span class='ocr_line' id='line_1_62' title="bbox 219 5475 1510 5551; baseline 0.002 -16"><span class='ocrx_word' id='word_1_309' title='bbox 219 5479 452 5535; x_wconf 73' lang='lat' dir='ltr'><strong>Przemia</strong></span> <span class='ocrx_word' id='word_1_310' title='bbox 485 5476 711 5533; x_wconf 86' lang='lat' dir='ltr'><strong>virtutis</strong></span> <span class='ocrx_word' id='word_1_311' title='bbox 739 5475 900 5531; x_wconf 89' lang='lat' dir='ltr'><strong>simul</strong></span> <span class='ocrx_word' id='word_1_312' title='bbox 927 5486 982 5533; x_wconf 89' lang='lat' dir='ltr'><strong>et</strong></span> <span class='ocrx_word' id='word_1_313' title='bbox 1008 5477 1230 5547; x_wconf 85' lang='lat' dir='ltr'><strong>pietatis</strong></span> <span class='ocrx_word' id='word_1_314' title='bbox 1250 5479 1510 5551; x_wconf 85' lang='lat' dir='ltr'><strong>adeptus,</strong></span> 
     </span>
    </p>
   </div>
   <div class='ocr_carea' id='block_1_63' title="bbox 290 5566 1505 5641">
    <p class='ocr_par' dir='ltr' id='par_1_63' title="bbox 290 5566 1505 5641">
     <span class='ocr_line' id='line_1_63' title="bbox 290 5566 1505 5641; baseline -0.002 -12"><span class='ocrx_word' id='word_1_315' title='bbox 290 5573 524 5630; x_wconf 87' lang='lat' dir='ltr'><strong>Servato</strong></span> <span class='ocrx_word' id='word_1_316' title='bbox 552 5566 882 5624; x_wconf 85' lang='lat' dir='ltr'><strong>Antilocbus</strong></span> <span class='ocrx_word' id='word_1_317' title='bbox 902 5567 1134 5625; x_wconf 83' lang='lat' dir='ltr'><strong>Nestore</strong></span> <span class='ocrx_word' id='word_1_318' title='bbox 1160 5580 1339 5641; x_wconf 87' lang='lat' dir='ltr'><strong>patre,</strong></span> <span class='ocrx_word' id='word_1_319' title='bbox 1371 5572 1505 5629; x_wconf 88' lang='lat' dir='ltr'><strong>obii.</strong></span> 
     </span>
    </p>
   </div>
   <div class='ocr_carea' id='block_1_64' title="bbox 216 5659 1602 5735">
    <p class='ocr_par' dir='ltr' id='par_1_64' title="bbox 216 5659 1602 5735">
     <span class='ocr_line' id='line_1_64' title="bbox 216 5659 1602 5735; baseline 0 -13"><span class='ocrx_word' id='word_1_320' title='bbox 216 5665 336 5722; x_wconf 86' lang='lat' dir='ltr'><strong>Non</strong></span> <span class='ocrx_word' id='word_1_321' title='bbox 369 5663 462 5719; x_wconf 92' lang='lat' dir='ltr'><strong>hic</strong></span> <span class='ocrx_word' id='word_1_322' title='bbox 490 5662 628 5717; x_wconf 89' lang='lat' dir='ltr'><strong>ordo</strong></span> <span class='ocrx_word' id='word_1_323' title='bbox 652 5659 756 5715; x_wconf 82' lang='lat' dir='ltr'><strong>fuit</strong></span> <span class='ocrx_word' id='word_1_324' title='bbox 781 5676 792 5712; x_wconf 93' lang='lat'><strong>:</strong></span> <span class='ocrx_word' id='word_1_325' title='bbox 818 5659 918 5715; x_wconf 84' lang='lat' dir='ltr'><strong>sed</strong></span> <span class='ocrx_word' id='word_1_326' title='bbox 941 5660 1146 5730; x_wconf 80' lang='lat' dir='ltr'><strong>justius</strong></span> <span class='ocrx_word' id='word_1_327' title='bbox 1178 5662 1271 5718; x_wconf 89' lang='lat' dir='ltr'><strong>ille</strong></span> <span class='ocrx_word' id='word_1_328' title='bbox 1298 5673 1602 5735; x_wconf 83' lang='lat' dir='ltr'><strong>superstes,</strong></span> 
     </span>
    </p>
   </div>
   <div class='ocr_carea' id='block_1_65' title="bbox 300 5751 1531 5829">
    <p class='ocr_par' dir='ltr' id='par_1_65' title="bbox 300 5751 1531 5829">
     <span class='ocr_line' id='line_1_65' title="bbox 300 5751 1531 5829; baseline 0 -14"><span class='ocrx_word' id='word_1_329' title='bbox 300 5756 472 5826; x_wconf 83' lang='lat' dir='ltr'><strong>Troja</strong></span> <span class='ocrx_word' id='word_1_330' title='bbox 495 5753 618 5826; x_wconf 90' lang='lat' dir='ltr'><strong>capi</strong></span> <span class='ocrx_word' id='word_1_331' title='bbox 648 5753 771 5810; x_wconf 85' lang='lat' dir='ltr'><strong>sine</strong></span> <span class='ocrx_word' id='word_1_332' title='bbox 799 5765 906 5824; x_wconf 88' lang='lat' dir='ltr'><strong>quo</strong></span> <span class='ocrx_word' id='word_1_333' title='bbox 931 5751 1137 5825; x_wconf 77' lang='lat' dir='ltr'><strong>perﬁda</strong></span> <span class='ocrx_word' id='word_1_334' title='bbox 1160 5768 1272 5811; x_wconf 89' lang='lat' dir='ltr'><strong>non</strong></span> <span class='ocrx_word' id='word_1_335' title='bbox 1297 5764 1531 5829; x_wconf 85' lang='lat' dir='ltr'><strong>poterat.</strong></span> 
     </span>
    </p>
   </div>
   <div class='ocr_carea' id='block_1_66' title="bbox 1213 4287 1716 4346">
    <p class='ocr_par' dir='ltr' id='par_1_66' title="bbox 1213 4287 1716 4346">
     <span class='ocr_line' id='line_1_66' title="bbox 1213 4287 1716 4346; baseline -0.002 -3"><span class='ocrx_word' id='word_1_336' title='bbox 1213 4287 1436 4346; x_wconf 86' lang='lat' dir='ltr'><strong>Homer.</strong></span> <span class='ocrx_word' id='word_1_337' title='bbox 1509 4326 1527 4345; x_wconf 92' lang='lat'><strong>.</strong></span> <span class='ocrx_word' id='word_1_338' title='bbox 1605 4325 1622 4342; x_wconf 92' lang='lat'><strong>.</strong></span> <span class='ocrx_word' id='word_1_339' title='bbox 1699 4327 1716 4343; x_wconf 94' lang='lat'><strong>.</strong></span> 
     </span>
    </p>
   </div>
   <div class='ocr_carea' id='block_1_67' title="bbox 2502 1833 2922 1894">
    <p class='ocr_par' dir='ltr' id='par_1_67' title="bbox 2502 1833 2922 1894">
     <span class='ocr_line' id='line_1_67' title="bbox 2502 1833 2922 1894; baseline 0 -2"><span class='ocrx_word' id='word_1_340' title='bbox 2502 1833 2639 1892; x_wconf 89' lang='lat' dir='ltr'><strong>Vlll.</strong></span> <span class='ocrx_word' id='word_1_341' title='bbox 2684 1835 2922 1894; x_wconf 75' lang='lat' dir='ltr'><strong>Nestori.</strong></span> 
     </span>
    </p>
   </div>
   <div class='ocr_carea' id='block_1_68' title="bbox 1916 1952 3316 2025">
    <p class='ocr_par' dir='ltr' id='par_1_68' title="bbox 1916 1952 3316 2025">
     <span class='ocr_line' id='line_1_68' title="bbox 1916 1952 3316 2025; baseline 0 -17"><span class='ocrx_word' id='word_1_342' title='bbox 1916 1952 2031 2008; x_wconf 87' lang='lat' dir='ltr'><strong>Hoc</strong></span> <span class='ocrx_word' id='word_1_343' title='bbox 2062 1961 2214 2024; x_wconf 83' lang='lat' dir='ltr'><strong>tegor</strong></span> <span class='ocrx_word' id='word_1_344' title='bbox 2245 1953 2297 2008; x_wconf 92' lang='lat' dir='ltr'><strong>in</strong></span> <span class='ocrx_word' id='word_1_345' title='bbox 2330 1953 2542 2010; x_wconf 90' lang='lat' dir='ltr'><strong>tumulo</strong></span> <span class='ocrx_word' id='word_1_346' title='bbox 2569 1954 2751 2025; x_wconf 86' lang='lat' dir='ltr'><strong>quarti</strong></span> <span class='ocrx_word' id='word_1_347' title='bbox 2776 1953 2894 2024; x_wconf 82' lang='lat' dir='ltr'><strong>jam</strong></span> <span class='ocrx_word' id='word_1_348' title='bbox 2921 1952 3184 2025; x_wconf 78' lang='lat' dir='ltr'><strong>prodigus</strong></span> <span class='ocrx_word' id='word_1_349' title='bbox 3215 1954 3316 2010; x_wconf 62' lang='grc' dir='ltr'><strong>τρνί</strong></span> 
     </span>
    </p>
   </div>
   <div class='ocr_carea' id='block_1_69' title="bbox 1986 2047 3062 2120">
    <p class='ocr_par' dir='ltr' id='par_1_69' title="bbox 1986 2047 3062 2120">
     <span class='ocr_line' id='line_1_69' title="bbox 1986 2047 3062 2120; baseline 0 -16"><span class='ocrx_word' id='word_1_350' title='bbox 1986 2047 2206 2118; x_wconf 88' lang='lat' dir='ltr'><strong>Nestor,</strong></span> <span class='ocrx_word' id='word_1_351' title='bbox 2233 2048 2467 2104; x_wconf 91' lang='lat' dir='ltr'><strong>consilio</strong></span> <span class='ocrx_word' id='word_1_352' title='bbox 2497 2048 2706 2116; x_wconf 86' lang='lat' dir='ltr'><strong>clarus,</strong></span> <span class='ocrx_word' id='word_1_353' title='bbox 2736 2056 2792 2104; x_wconf 89' lang='lat' dir='ltr'><strong>et</strong></span> <span class='ocrx_word' id='word_1_354' title='bbox 2821 2047 3062 2120; x_wconf 88' lang='lat' dir='ltr'><strong>eloquio,</strong></span> 
     </span>
    </p>
   </div>
   <div class='ocr_carea' id='block_1_70' title="bbox 1915 2142 3144 2216">
    <p class='ocr_par' dir='ltr' id='par_1_70' title="bbox 1915 2142 3144 2216">
     <span class='ocr_line' id='line_1_70' title="bbox 1915 2142 3144 2216; baseline 0.002 -18"><span class='ocrx_word' id='word_1_355' title='bbox 1915 2142 2126 2214; x_wconf 86' lang='lat' dir='ltr'><strong>Objecit</strong></span> <span class='ocrx_word' id='word_1_356' title='bbox 2153 2158 2276 2200; x_wconf 91' lang='lat' dir='ltr'><strong>sese</strong></span> <span class='ocrx_word' id='word_1_357' title='bbox 2302 2144 2457 2214; x_wconf 86' lang='lat' dir='ltr'><strong>cujus</strong></span> <span class='ocrx_word' id='word_1_358' title='bbox 2489 2158 2588 2215; x_wconf 88' lang='lat' dir='ltr'><strong>pro</strong></span> <span class='ocrx_word' id='word_1_359' title='bbox 2614 2151 2792 2200; x_wconf 88' lang='lat' dir='ltr'><strong>morte</strong></span> <span class='ocrx_word' id='word_1_360' title='bbox 2825 2153 3144 2216; x_wconf 88' lang='lat' dir='ltr'><strong>peremptus</strong></span> 
     </span>
    </p>
   </div>
   <div class='ocr_carea' id='block_1_71' title="bbox 1987 2235 3022 2310">
    <p class='ocr_par' dir='ltr' id='par_1_71' title="bbox 1987 2235 3022 2310">
     <span class='ocr_line' id='line_1_71' title="bbox 1987 2235 3022 2310; baseline 0.002 -20"><span class='ocrx_word' id='word_1_361' title='bbox 1987 2235 2178 2304; x_wconf 86' lang='lat' dir='ltr'><strong>Filius,</strong></span> <span class='ocrx_word' id='word_1_362' title='bbox 2220 2245 2276 2292; x_wconf 91' lang='lat' dir='ltr'><strong>et</strong></span> <span class='ocrx_word' id='word_1_363' title='bbox 2302 2238 2414 2292; x_wconf 90' lang='lat' dir='ltr'><strong>nati</strong></span> <span class='ocrx_word' id='word_1_364' title='bbox 2445 2237 2670 2293; x_wconf 88' lang='lat' dir='ltr'><strong>vulnere</strong></span> <span class='ocrx_word' id='word_1_365' title='bbox 2698 2237 2824 2293; x_wconf 85' lang='lat' dir='ltr'><strong>vivo</strong></span> <span class='ocrx_word' id='word_1_366' title='bbox 2852 2248 3022 2310; x_wconf 88' lang='lat' dir='ltr'><strong>pater.</strong></span> 
     </span>
    </p>
   </div>
   <div class='ocr_carea' id='block_1_72' title="bbox 1916 2329 3258 2402">
    <p class='ocr_par' dir='ltr' id='par_1_72' title="bbox 1916 2329 3258 2402">
     <span class='ocr_line' id='line_1_72' title="bbox 1916 2329 3258 2402; baseline 0 -16"><span class='ocrx_word' id='word_1_367' title='bbox 1916 2330 2105 2386; x_wconf 86' lang='lat' dir='ltr'><strong>Eheu!</strong></span> <span class='ocrx_word' id='word_1_368' title='bbox 2134 2346 2232 2386; x_wconf 84' lang='lat' dir='ltr'><strong>cur</strong></span> <span class='ocrx_word' id='word_1_369' title='bbox 2265 2329 2387 2386; x_wconf 86' lang='lat' dir='ltr'><strong>fatis</strong></span> <span class='ocrx_word' id='word_1_370' title='bbox 2416 2329 2714 2401; x_wconf 88' lang='lat' dir='ltr'><strong>disponere</strong></span> <span class='ocrx_word' id='word_1_371' title='bbox 2744 2331 2824 2386; x_wconf 92' lang='lat' dir='ltr'><strong>sic</strong></span> <span class='ocrx_word' id='word_1_372' title='bbox 2854 2331 3032 2402; x_wconf 89' lang='lat' dir='ltr'><strong>placet</strong></span> <span class='ocrx_word' id='word_1_373' title='bbox 3059 2345 3258 2397; x_wconf 68' lang='lat' dir='ltr'><strong>aevum,</strong></span> 
     </span>
    </p>
   </div>
   <div class='ocr_carea' id='block_1_73' title="bbox 1985 2422 3478 2498">
    <p class='ocr_par' dir='ltr' id='par_1_73' title="bbox 1985 2422 3478 2498">
     <span class='ocr_line' id='line_1_73' title="bbox 1985 2422 3478 2498; baseline -0.003 -16"><span class='ocrx_word' id='word_1_374' title='bbox 1985 2426 2119 2482; x_wconf 89' lang='lat' dir='ltr'><strong>Tam</strong></span> <span class='ocrx_word' id='word_1_375' title='bbox 2147 2425 2370 2498; x_wconf 78' lang='lat' dir='ltr'><strong>longum</strong></span> <span class='ocrx_word' id='word_1_376' title='bbox 2400 2433 2460 2482; x_wconf 84' lang='lat' dir='ltr'><strong>ut</strong></span> <span class='ocrx_word' id='word_1_377' title='bbox 2491 2425 2650 2482; x_wconf 89' lang='lat' dir='ltr'><strong>nobis</strong></span> <span class='ocrx_word' id='word_1_378' title='bbox 2675 2444 2690 2480; x_wconf 75' lang='grc' dir='ltr'>ε</span> <span class='ocrx_word' id='word_1_379' title='bbox 2718 2433 2826 2482; x_wconf 91' lang='lat' dir='ltr'><strong>tam</strong></span> <span class='ocrx_word' id='word_1_380' title='bbox 2859 2425 3033 2482; x_wconf 87' lang='lat' dir='ltr'><strong>breve</strong></span> <span class='ocrx_word' id='word_1_381' title='bbox 3065 2435 3123 2482; x_wconf 92' lang='lat' dir='ltr'><strong>ut</strong></span> <span class='ocrx_word' id='word_1_382' title='bbox 3149 2422 3478 2483; x_wconf 81' lang='lat' dir='ltr'><strong>Antilocho?</strong></span> 
     </span>
    </p>
   </div>
   <div class='ocr_carea' id='block_1_74' title="bbox 2519 2517 2878 2590">
    <p class='ocr_par' dir='ltr' id='par_1_74' title="bbox 2519 2517 2878 2590">
     <span class='ocr_line' id='line_1_74' title="bbox 2519 2517 2878 2590; baseline -0.003 -17"><span class='ocrx_word' id='word_1_383' title='bbox 2519 2517 2612 2574; x_wconf 79' lang='lat' dir='ltr'><strong>IX.</strong></span> <span class='ocrx_word' id='word_1_384' title='bbox 2647 2517 2878 2590; x_wconf 78' lang='lat' dir='ltr'><strong>Pyrrho.</strong></span> 
     </span>
    </p>
   </div>
   <div class='ocr_carea' id='block_1_75' title="bbox 1912 2610 3184 2683">
    <p class='ocr_par' dir='ltr' id='par_1_75' title="bbox 1912 2610 3184 2683">
     <span class='ocr_line' id='line_1_75' title="bbox 1912 2610 3184 2683; baseline -0.002 -14"><span class='ocrx_word' id='word_1_385' title='bbox 1912 2611 2058 2669; x_wconf 89' lang='lat' dir='ltr'><strong>Orbe</strong></span> <span class='ocrx_word' id='word_1_386' title='bbox 2083 2621 2234 2683; x_wconf 83' lang='lat' dir='ltr'><strong>legor</strong></span> <span class='ocrx_word' id='word_1_387' title='bbox 2260 2611 2464 2680; x_wconf 91' lang='lat' dir='ltr'><strong>medio,</strong></span> <span class='ocrx_word' id='word_1_388' title='bbox 2495 2610 2671 2683; x_wconf 84' lang='lat' dir='ltr'><strong>major</strong></span> <span class='ocrx_word' id='word_1_389' title='bbox 2696 2611 2896 2666; x_wconf 90' lang='lat' dir='ltr'><strong>virtute</strong></span> <span class='ocrx_word' id='word_1_390' title='bbox 2935 2620 3184 2681; x_wconf 86' lang='lat' dir='ltr'><strong>paterna,</strong></span> 
     </span>
    </p>
   </div>
   <div class='ocr_carea' id='block_1_76' title="bbox 1984 2701 3216 2777">
    <p class='ocr_par' dir='ltr' id='par_1_76' title="bbox 1984 2701 3216 2777">
     <span class='ocr_line' id='line_1_76' title="bbox 1984 2701 3216 2777; baseline -0.001 -17"><span class='ocrx_word' id='word_1_391' title='bbox 1984 2705 2140 2774; x_wconf 87' lang='lat' dir='ltr'><strong>Quod</strong></span> <span class='ocrx_word' id='word_1_392' title='bbox 2168 2720 2323 2776; x_wconf 86' lang='lat' dir='ltr'><strong>puer,</strong></span> <span class='ocrx_word' id='word_1_393' title='bbox 2352 2715 2407 2761; x_wconf 88' lang='lat' dir='ltr'><strong>et</strong></span> <span class='ocrx_word' id='word_1_394' title='bbox 2433 2703 2577 2775; x_wconf 82' lang='lat' dir='ltr'><strong>regis</strong></span> <span class='ocrx_word' id='word_1_395' title='bbox 2607 2701 2851 2777; x_wconf 84' lang='lat' dir='ltr'><strong>Pyrrhus</strong></span> <span class='ocrx_word' id='word_1_396' title='bbox 2879 2705 3061 2774; x_wconf 83' lang='lat' dir='ltr'><strong>Opima</strong></span> <span class='ocrx_word' id='word_1_397' title='bbox 3093 2704 3216 2760; x_wconf 90' lang='lat' dir='ltr'><strong>tuli.</strong></span> 
     </span>
    </p>
   </div>
   <div class='ocr_carea' id='block_1_77' title="bbox 1915 2795 3362 2868">
    <p class='ocr_par' dir='ltr' id='par_1_77' title="bbox 1915 2795 3362 2868">
     <span class='ocr_line' id='line_1_77' title="bbox 1915 2795 3362 2868; baseline -0.001 -16"><span class='ocrx_word' id='word_1_398' title='bbox 1915 2797 2116 2868; x_wconf 90' lang='lat' dir='ltr'><strong>Impius</strong></span> <span class='ocrx_word' id='word_1_399' title='bbox 2139 2806 2266 2854; x_wconf 86' lang='lat' dir='ltr'><strong>ante</strong></span> <span class='ocrx_word' id='word_1_400' title='bbox 2295 2809 2420 2853; x_wconf 86' lang='lat' dir='ltr'><strong>aras</strong></span> <span class='ocrx_word' id='word_1_401' title='bbox 2443 2811 2609 2868; x_wconf 83' lang='lat' dir='ltr'><strong>quem</strong></span> <span class='ocrx_word' id='word_1_402' title='bbox 2641 2796 2833 2853; x_wconf 82' lang='lat' dir='ltr'><strong>fraude</strong></span> <span class='ocrx_word' id='word_1_403' title='bbox 2859 2796 3094 2867; x_wconf 83' lang='lat' dir='ltr'><strong>peremit</strong></span> <span class='ocrx_word' id='word_1_404' title='bbox 3115 2795 3362 2854; x_wconf 80' lang='lat' dir='ltr'><strong>Orestes.</strong></span> 
     </span>
    </p>
   </div>
   <div class='ocr_carea' id='block_1_78' title="bbox 1986 2889 3222 2962">
    <p class='ocr_par' dir='ltr' id='par_1_78' title="bbox 1986 2889 3222 2962">
     <span class='ocr_line' id='line_1_78' title="bbox 1986 2889 3222 2962; baseline -0.001 -17"><span class='ocrx_word' id='word_1_405' title='bbox 1986 2889 2126 2958; x_wconf 86' lang='lat' dir='ltr'><strong>Quid</strong></span> <span class='ocrx_word' id='word_1_406' title='bbox 2155 2891 2389 2946; x_wconf 76' lang='lat' dir='ltr'><strong>mirum?</strong></span> <span class='ocrx_word' id='word_1_407' title='bbox 2414 2901 2556 2947; x_wconf 68' lang='lat' dir='ltr'><strong>casa</strong></span> <span class='ocrx_word' id='word_1_408' title='bbox 2581 2891 2690 2960; x_wconf 86' lang='lat' dir='ltr'><strong>jam</strong></span> <span class='ocrx_word' id='word_1_409' title='bbox 2723 2889 2990 2962; x_wconf 72' lang='lat' dir='ltr'><strong>genitrice</strong></span> <span class='ocrx_word' id='word_1_410' title='bbox 3015 2889 3222 2946; x_wconf 73' lang='lat' dir='ltr'><strong>larens.</strong></span> 
     </span>
    </p>
   </div>
   <div class='ocr_carea' id='block_1_79' title="bbox 2523 2983 2902 3056">
    <p class='ocr_par' dir='ltr' id='par_1_79' title="bbox 2523 2983 2902 3056">
     <span class='ocr_line' id='line_1_79' title="bbox 2523 2983 2902 3056; baseline -0.003 -17"><span class='ocrx_word' id='word_1_411' title='bbox 2523 2983 2568 3039; x_wconf 80' lang='grc' dir='ltr'><strong>Χ</strong></span> <span class='ocrx_word' id='word_1_412' title='bbox 2581 3024 2594 3039; x_wconf 94' lang='grc'>.</span> <span class='ocrx_word' id='word_1_413' title='bbox 2647 2984 2902 3056; x_wconf 71' lang='lat' dir='ltr'><strong>Euryalo.</strong></span> 
     </span>
    </p>
   </div>
   <div class='ocr_carea' id='block_1_80' title="bbox 1913 3074 3283 3147">
    <p class='ocr_par' dir='ltr' id='par_1_80' title="bbox 1913 3074 3283 3147">
     <span class='ocr_line' id='line_1_80' title="bbox 1913 3074 3283 3147; baseline -0.003 -13"><span class='ocrx_word' id='word_1_414' title='bbox 1913 3078 2024 3134; x_wconf 84' lang='lat' dir='ltr'><strong>Nec</strong></span> <span class='ocrx_word' id='word_1_415' title='bbox 2054 3092 2140 3134; x_wconf 91' lang='lat' dir='ltr'><strong>me</strong></span> <span class='ocrx_word' id='word_1_416' title='bbox 2166 3091 2274 3133; x_wconf 83' lang='lat' dir='ltr'><strong>non</strong></span> <span class='ocrx_word' id='word_1_417' title='bbox 2300 3076 2522 3147; x_wconf 76' lang='lat' dir='ltr'><strong>dignum</strong></span> <span class='ocrx_word' id='word_1_418' title='bbox 2552 3076 2711 3133; x_wconf 86' lang='lat' dir='ltr'><strong>titulo</strong></span> <span class='ocrx_word' id='word_1_419' title='bbox 2739 3074 3032 3132; x_wconf 76' lang='lat' dir='ltr'><strong>Pleuronis</strong></span> <span class='ocrx_word' id='word_1_420' title='bbox 3064 3075 3241 3131; x_wconf 79' lang='lat' dir='ltr'><strong>credit</strong></span> <span class='ocrx_word' id='word_1_421' title='bbox 3267 3091 3283 3129; x_wconf 88' lang='lat'><strong>:</strong></span> 
     </span>
    </p>
   </div>
   <div class='ocr_carea' id='block_1_81' title="bbox 1984 3168 3255 3236">
    <p class='ocr_par' dir='ltr' id='par_1_81' title="bbox 1984 3168 3255 3236">
     <span class='ocr_line' id='line_1_81' title="bbox 1984 3168 3255 3236; baseline -0.002 -9"><span class='ocrx_word' id='word_1_422' title='bbox 1984 3171 2085 3227; x_wconf 90' lang='lat' dir='ltr'><strong>Cui</strong></span> <span class='ocrx_word' id='word_1_423' title='bbox 2108 3171 2413 3228; x_wconf 84' lang='lat' dir='ltr'><strong>communis</strong></span> <span class='ocrx_word' id='word_1_424' title='bbox 2442 3180 2562 3226; x_wconf 76' lang='lat' dir='ltr'><strong>erat</strong></span> <span class='ocrx_word' id='word_1_425' title='bbox 2590 3185 2717 3226; x_wconf 87' lang='lat' dir='ltr'><strong>cum</strong></span> <span class='ocrx_word' id='word_1_426' title='bbox 2738 3169 3006 3225; x_wconf 84' lang='lat' dir='ltr'><strong>Diomede</strong></span> <span class='ocrx_word' id='word_1_427' title='bbox 3030 3168 3255 3236; x_wconf 84' lang='lat' dir='ltr'><strong>domus,</strong></span> 
     </span>
    </p>
   </div>
   <div class='ocr_carea' id='block_1_82' title="bbox 1835 3235 3473 3334">
    <p class='ocr_par' dir='ltr' id='par_1_82' title="bbox 1835 3235 3473 3334">
     <span class='ocr_line' id='line_1_82' title="bbox 1835 3235 3473 3334; baseline -0.002 -14"><span class='ocrx_word' id='word_1_428' title='bbox 1835 3235 1882 3300; x_wconf 63' lang='grc' dir='ltr'>Ε</span> <span class='ocrx_word' id='word_1_429' title='bbox 1915 3263 2177 3334; x_wconf 87' lang='lat' dir='ltr'><strong>Euryalo,</strong></span> <span class='ocrx_word' id='word_1_430' title='bbox 2211 3270 2268 3318; x_wconf 88' lang='lat' dir='ltr'><strong>et</strong></span> <span class='ocrx_word' id='word_1_431' title='bbox 2287 3261 2568 3319; x_wconf 83' lang='lat' dir='ltr'><strong>Sthenelo.</strong></span> <span class='ocrx_word' id='word_1_432' title='bbox 2596 3261 2732 3319; x_wconf 80' lang='lat' dir='ltr'><strong>Nam</strong></span> <span class='ocrx_word' id='word_1_433' title='bbox 2762 3262 2956 3318; x_wconf 86' lang='lat' dir='ltr'><strong>tertius</strong></span> <span class='ocrx_word' id='word_1_434' title='bbox 2987 3261 3093 3318; x_wconf 87' lang='lat' dir='ltr'><strong>hoc</strong></span> <span class='ocrx_word' id='word_1_435' title='bbox 3116 3275 3219 3332; x_wconf 72' lang='lat' dir='ltr'><strong>ego</strong></span> <span class='ocrx_word' id='word_1_436' title='bbox 3247 3273 3473 3332; x_wconf 66' lang='lat' dir='ltr'><strong>regnum</strong></span> 
     </span>
    </p>
   </div>
   <div class='ocr_carea' id='block_1_83' title="bbox 1984 3354 3226 3426">
    <p class='ocr_par' dir='ltr' id='par_1_83' title="bbox 1984 3354 3226 3426">
     <span class='ocr_line' id='line_1_83' title="bbox 1984 3354 3226 3426; baseline -0.001 -16"><span class='ocrx_word' id='word_1_437' title='bbox 1984 3355 2211 3412; x_wconf 82' lang='lat' dir='ltr'><strong>Possedi</strong></span> <span class='ocrx_word' id='word_1_438' title='bbox 2236 3373 2250 3412; x_wconf 84' lang='lat'><strong>:</strong></span> <span class='ocrx_word' id='word_1_439' title='bbox 2275 3355 2344 3412; x_wconf 86' lang='lat' dir='ltr'><strong>de</strong></span> <span class='ocrx_word' id='word_1_440' title='bbox 2370 3369 2483 3426; x_wconf 81' lang='lat' dir='ltr'><strong>quo</strong></span> <span class='ocrx_word' id='word_1_441' title='bbox 2511 3369 2658 3411; x_wconf 86' lang='lat' dir='ltr'><strong>nunc</strong></span> <span class='ocrx_word' id='word_1_442' title='bbox 2684 3357 2820 3410; x_wconf 79' lang='lat' dir='ltr'><strong>satis</strong></span> <span class='ocrx_word' id='word_1_443' title='bbox 2843 3363 2929 3412; x_wconf 84' lang='lat' dir='ltr'><strong>est</strong></span> <span class='ocrx_word' id='word_1_444' title='bbox 2959 3354 3226 3410; x_wconf 83' lang='lat' dir='ltr'><strong>tumulus.</strong></span> 
     </span>
    </p>
   </div>
   <div class='ocr_carea' id='block_1_84' title="bbox 2546 3445 2886 3502">
    <p class='ocr_par' dir='ltr' id='par_1_84' title="bbox 2546 3445 2886 3502">
     <span class='ocr_line' id='line_1_84' title="bbox 2546 3445 2886 3502; baseline -0.003 0"><span class='ocrx_word' id='word_1_445' title='bbox 2546 3445 2637 3502; x_wconf 77' lang='lat' dir='ltr'><strong>XI.</strong></span> <span class='ocrx_word' id='word_1_446' title='bbox 2687 3445 2886 3502; x_wconf 83' lang='lat' dir='ltr'><strong>Guneo.</strong></span> 
     </span>
    </p>
   </div>
   <div class='ocr_carea' id='block_1_85' title="bbox 1913 3540 3473 3613">
    <p class='ocr_par' dir='ltr' id='par_1_85' title="bbox 1913 3540 3473 3613">
     <span class='ocr_line' id='line_1_85' title="bbox 1913 3540 3473 3613; baseline -0.002 -16"><span class='ocrx_word' id='word_1_447' title='bbox 1913 3542 2102 3598; x_wconf 83' lang='lat' dir='ltr'><strong>Cunea</strong></span> <span class='ocrx_word' id='word_1_448' title='bbox 2129 3550 2326 3613; x_wconf 90' lang='lat' dir='ltr'><strong>pontus</strong></span> <span class='ocrx_word' id='word_1_449' title='bbox 2354 3540 2549 3609; x_wconf 86' lang='lat' dir='ltr'><strong>habet,</strong></span> <span class='ocrx_word' id='word_1_450' title='bbox 2578 3541 2822 3597; x_wconf 87' lang='lat' dir='ltr'><strong>tumulus</strong></span> <span class='ocrx_word' id='word_1_451' title='bbox 2846 3541 2966 3598; x_wconf 89' lang='lat' dir='ltr'><strong>sine</strong></span> <span class='ocrx_word' id='word_1_452' title='bbox 2994 3550 3225 3612; x_wconf 87' lang='lat' dir='ltr'><strong>corpore</strong></span> <span class='ocrx_word' id='word_1_453' title='bbox 3256 3555 3473 3597; x_wconf 91' lang='lat' dir='ltr'><strong>nomen.</strong></span> 
     </span>
    </p>
   </div>
   <div class='ocr_carea' id='block_1_86' title="bbox 1986 3637 3363 3709">
    <p class='ocr_par' dir='ltr' id='par_1_86' title="bbox 1986 3637 3363 3709">
     <span class='ocr_line' id='line_1_86' title="bbox 1986 3637 3363 3709; baseline -0.001 -16"><span class='ocrx_word' id='word_1_454' title='bbox 1986 3638 2152 3694; x_wconf 88' lang='lat' dir='ltr'><strong>Fama</strong></span> <span class='ocrx_word' id='word_1_455' title='bbox 2183 3637 2436 3695; x_wconf 89' lang='lat' dir='ltr'><strong>homines</strong></span> <span class='ocrx_word' id='word_1_456' title='bbox 2465 3638 2642 3705; x_wconf 89' lang='lat' dir='ltr'><strong>inter;</strong></span> <span class='ocrx_word' id='word_1_457' title='bbox 2673 3639 2872 3696; x_wconf 89' lang='lat' dir='ltr'><strong>coelum</strong></span> <span class='ocrx_word' id='word_1_458' title='bbox 2901 3638 3114 3694; x_wconf 90' lang='lat' dir='ltr'><strong>animus</strong></span> <span class='ocrx_word' id='word_1_459' title='bbox 3145 3637 3363 3709; x_wconf 89' lang='lat' dir='ltr'><strong>repetit.</strong></span> 
     </span>
    </p>
   </div>
   <div class='ocr_carea' id='block_1_87' title="bbox 1913 3728 3442 3800">
    <p class='ocr_par' dir='ltr' id='par_1_87' title="bbox 1913 3728 3442 3800">
     <span class='ocr_line' id='line_1_87' title="bbox 1913 3728 3442 3800; baseline -0.001 -15"><span class='ocrx_word' id='word_1_460' title='bbox 1913 3729 2117 3786; x_wconf 89' lang='lat' dir='ltr'><strong>Cuncta</strong></span> <span class='ocrx_word' id='word_1_461' title='bbox 2152 3731 2424 3787; x_wconf 88' lang='lat' dir='ltr'><strong>elementa</strong></span> <span class='ocrx_word' id='word_1_462' title='bbox 2451 3729 2576 3788; x_wconf 79' lang='lat' dir='ltr'><strong>duci</strong></span> <span class='ocrx_word' id='word_1_463' title='bbox 2610 3740 2759 3787; x_wconf 90' lang='lat' dir='ltr'><strong>tanto</strong></span> <span class='ocrx_word' id='word_1_464' title='bbox 2789 3745 3080 3786; x_wconf 88' lang='lat' dir='ltr'><strong>commune</strong></span> <span class='ocrx_word' id='word_1_465' title='bbox 3109 3728 3442 3800; x_wconf 88' lang='lat' dir='ltr'><strong>sepulcrum.</strong></span> 
     </span>
    </p>
   </div>
   <div class='ocr_carea' id='block_1_88' title="bbox 1986 3819 3428 3890">
    <p class='ocr_par' dir='ltr' id='par_1_88' title="bbox 1986 3819 3428 3890">
     <span class='ocr_line' id='line_1_88' title="bbox 1986 3819 3428 3890; baseline -0.001 -14"><span class='ocrx_word' id='word_1_466' title='bbox 1986 3819 2153 3890; x_wconf 68' lang='lat' dir='ltr'><strong>Qum?</strong></span> <span class='ocrx_word' id='word_1_467' title='bbox 2180 3823 2401 3890; x_wconf 64' lang='lat' dir='ltr'><strong>caelum,</strong></span> <span class='ocrx_word' id='word_1_468' title='bbox 2432 3830 2487 3877; x_wconf 88' lang='lat' dir='ltr'><strong>ct</strong></span> <span class='ocrx_word' id='word_1_469' title='bbox 2521 3821 2701 3888; x_wconf 90' lang='lat' dir='ltr'><strong>tellus,</strong></span> <span class='ocrx_word' id='word_1_470' title='bbox 2731 3831 2789 3878; x_wconf 93' lang='lat' dir='ltr'><strong>et</strong></span> <span class='ocrx_word' id='word_1_471' title='bbox 2819 3837 2993 3889; x_wconf 91' lang='lat' dir='ltr'><strong>mare,</strong></span> <span class='ocrx_word' id='word_1_472' title='bbox 3021 3832 3075 3878; x_wconf 89' lang='lat' dir='ltr'><strong>et</strong></span> <span class='ocrx_word' id='word_1_473' title='bbox 3105 3838 3199 3878; x_wconf 90' lang='lat' dir='ltr'><strong>ora</strong></span> <span class='ocrx_word' id='word_1_474' title='bbox 3229 3823 3428 3878; x_wconf 91' lang='lat' dir='ltr'><strong>virum.</strong></span> 
     </span>
    </p>
   </div>
   <div class='ocr_carea' id='block_1_89' title="bbox 2474 3907 2962 3968">
    <p class='ocr_par' dir='ltr' id='par_1_89' title="bbox 2474 3907 2962 3968">
     <span class='ocr_line' id='line_1_89' title="bbox 2474 3907 2962 3968; baseline 0.002 -1"><span class='ocrx_word' id='word_1_475' title='bbox 2474 3911 2591 3968; x_wconf 83' lang='lat' dir='ltr'><strong>Xll.</strong></span> <span class='ocrx_word' id='word_1_476' title='bbox 2644 3907 2962 3968; x_wconf 79' lang='lat' dir='ltr'><strong>Protesilae.</strong></span> 
     </span>
    </p>
   </div>
   <div class='ocr_carea' id='block_1_90' title="bbox 1917 4005 3178 4077">
    <p class='ocr_par' dir='ltr' id='par_1_90' title="bbox 1917 4005 3178 4077">
     <span class='ocr_line' id='line_1_90' title="bbox 1917 4005 3178 4077; baseline -0.001 -15"><span class='ocrx_word' id='word_1_477' title='bbox 1917 4005 2104 4062; x_wconf 75' lang='lat' dir='ltr'><strong>Fatale</strong></span> <span class='ocrx_word' id='word_1_478' title='bbox 2131 4005 2430 4077; x_wconf 78' lang='lat' dir='ltr'><strong>ascriptum</strong></span> <span class='ocrx_word' id='word_1_479' title='bbox 2458 4019 2659 4062; x_wconf 87' lang='lat' dir='ltr'><strong>nomen</strong></span> <span class='ocrx_word' id='word_1_480' title='bbox 2689 4007 2821 4062; x_wconf 85' lang='lat' dir='ltr'><strong>mihi</strong></span> <span class='ocrx_word' id='word_1_481' title='bbox 2853 4007 3178 4064; x_wconf 77' lang='lat' dir='ltr'><strong>Pretesilao.</strong></span> 
     </span>
    </p>
   </div>
   <div class='ocr_carea' id='block_1_91' title="bbox 1989 4098 3248 4171">
    <p class='ocr_par' dir='ltr' id='par_1_91' title="bbox 1989 4098 3248 4171">
     <span class='ocr_line' id='line_1_91' title="bbox 1989 4098 3248 4171; baseline -0.002 -16"><span class='ocrx_word' id='word_1_482' title='bbox 1989 4099 2126 4156; x_wconf 83' lang='lat' dir='ltr'><strong>Nam</strong></span> <span class='ocrx_word' id='word_1_483' title='bbox 2157 4099 2364 4171; x_wconf 89' lang='lat' dir='ltr'><strong>primus</strong></span> <span class='ocrx_word' id='word_1_484' title='bbox 2395 4099 2636 4155; x_wconf 88' lang='lat' dir='ltr'><strong>Danaum</strong></span> <span class='ocrx_word' id='word_1_485' title='bbox 2669 4099 2815 4155; x_wconf 91' lang='lat' dir='ltr'><strong>bello</strong></span> <span class='ocrx_word' id='word_1_486' title='bbox 2845 4099 2955 4155; x_wconf 87' lang='lat' dir='ltr'><strong>obii</strong></span> <span class='ocrx_word' id='word_1_487' title='bbox 2988 4098 3248 4171; x_wconf 75' lang='lat' dir='ltr'><strong>Phrygio,</strong></span> 
     </span>
    </p>
   </div>
   <div class='ocr_carea' id='block_1_92' title="bbox 1921 4188 3049 4264">
    <p class='ocr_par' dir='ltr' id='par_1_92' title="bbox 1921 4188 3049 4264">
     <span class='ocr_line' id='line_1_92' title="bbox 1921 4188 3049 4264; baseline -0.004 -15"><span class='ocrx_word' id='word_1_488' title='bbox 1921 4191 2124 4249; x_wconf 89' lang='lat' dir='ltr'><strong>Audaci</strong></span> <span class='ocrx_word' id='word_1_489' title='bbox 2153 4190 2436 4264; x_wconf 68' lang='lat' dir='ltr'><strong>ingressus</strong></span> <span class='ocrx_word' id='word_1_490' title='bbox 2461 4191 2645 4263; x_wconf 70' lang='lat' dir='ltr'><strong>Sigeia</strong></span> <span class='ocrx_word' id='word_1_491' title='bbox 2674 4191 2859 4247; x_wconf 84' lang='lat' dir='ltr'><strong>littora</strong></span> <span class='ocrx_word' id='word_1_492' title='bbox 2882 4188 3049 4257; x_wconf 86' lang='lat' dir='ltr'><strong>saltu,</strong></span> 
     </span>
    </p>
   </div>
   <div class='ocr_carea' id='block_1_93' title="bbox 1991 4283 3032 4359">
    <p class='ocr_par' dir='ltr' id='par_1_93' title="bbox 1991 4283 3032 4359">
     <span class='ocr_line' id='line_1_93' title="bbox 1991 4283 3032 4359; baseline -0.004 -15"><span class='ocrx_word' id='word_1_493' title='bbox 1991 4288 2197 4359; x_wconf 85' lang='lat' dir='ltr'><strong>Captus</strong></span> <span class='ocrx_word' id='word_1_494' title='bbox 2221 4285 2446 4357; x_wconf 84' lang='lat' dir='ltr'><strong>pellacis</strong></span> <span class='ocrx_word' id='word_1_495' title='bbox 2467 4285 2771 4342; x_wconf 72' lang='lat' dir='ltr'><strong>Laertiades</strong></span> <span class='ocrx_word' id='word_1_496' title='bbox 2794 4283 3032 4340; x_wconf 84' lang='lat' dir='ltr'><strong>insidiis.</strong></span> 
     </span>
    </p>
   </div>
   <div class='ocr_carea' id='block_1_94' title="bbox 1921 4376 3290 4451">
    <p class='ocr_par' dir='ltr' id='par_1_94' title="bbox 1921 4376 3290 4451">
     <span class='ocr_line' id='line_1_94' title="bbox 1921 4376 3290 4451; baseline -0.004 -14"><span class='ocrx_word' id='word_1_497' title='bbox 1921 4380 2024 4451; x_wconf 89' lang='lat' dir='ltr'><strong>Qui</strong></span> <span class='ocrx_word' id='word_1_498' title='bbox 2055 4395 2123 4437; x_wconf 92' lang='lat' dir='ltr'><strong>ne</strong></span> <span class='ocrx_word' id='word_1_499' title='bbox 2150 4379 2405 4449; x_wconf 80' lang='lat' dir='ltr'><strong>Trojame</strong></span> <span class='ocrx_word' id='word_1_500' title='bbox 2435 4386 2712 4448; x_wconf 87' lang='lat' dir='ltr'><strong>premeret</strong></span> <span class='ocrx_word' id='word_1_501' title='bbox 2735 4376 2877 4448; x_wconf 85' lang='lat' dir='ltr'><strong>pede</strong></span> <span class='ocrx_word' id='word_1_502' title='bbox 2897 4377 3085 4432; x_wconf 83' lang='lat' dir='ltr'><strong>littora</strong></span> <span class='ocrx_word' id='word_1_503' title='bbox 3107 4383 3290 4440; x_wconf 67' lang='lat' dir='ltr'><strong>terra,</strong></span> 
     </span>
    </p>
   </div>
   <div class='ocr_carea' id='block_1_95' title="bbox 1994 4468 3157 4543">
    <p class='ocr_par' dir='ltr' id='par_1_95' title="bbox 1994 4468 3157 4543">
     <span class='ocr_line' id='line_1_95' title="bbox 1994 4468 3157 4543; baseline -0.003 -18"><span class='ocrx_word' id='word_1_504' title='bbox 1994 4471 2120 4542; x_wconf 88' lang='lat' dir='ltr'><strong>Ipse</strong></span> <span class='ocrx_word' id='word_1_505' title='bbox 2145 4486 2310 4543; x_wconf 87' lang='lat' dir='ltr'><strong>super</strong></span> <span class='ocrx_word' id='word_1_506' title='bbox 2335 4470 2614 4542; x_wconf 81' lang='lat' dir='ltr'><strong>proprie-tn</strong></span> <span class='ocrx_word' id='word_1_507' title='bbox 2643 4468 2854 4526; x_wconf 84' lang='lat' dir='ltr'><strong>desiliit</strong></span> <span class='ocrx_word' id='word_1_508' title='bbox 2879 4469 3157 4541; x_wconf 87' lang='lat' dir='ltr'><strong>clypeum.</strong></span> 
     </span>
    </p>
   </div>
   <div class='ocr_carea' id='block_1_96' title="bbox 1926 4559 3518 4636">
    <p class='ocr_par' dir='ltr' id='par_1_96' title="bbox 1926 4559 3518 4636">
     <span class='ocr_line' id='line_1_96' title="bbox 1926 4559 3518 4636; baseline -0.002 -18"><span class='ocrx_word' id='word_1_509' title='bbox 1926 4563 2068 4633; x_wconf 86' lang='lat' dir='ltr'><strong>Quid</strong></span> <span class='ocrx_word' id='word_1_510' title='bbox 2089 4564 2330 4636; x_wconf 84' lang='lat' dir='ltr'><strong>queror?</strong></span> <span class='ocrx_word' id='word_1_511' title='bbox 2351 4563 2456 4620; x_wconf 88' lang='lat' dir='ltr'><strong>hoc</strong></span> <span class='ocrx_word' id='word_1_512' title='bbox 2481 4563 2652 4619; x_wconf 91' lang='lat' dir='ltr'><strong>letum</strong></span> <span class='ocrx_word' id='word_1_513' title='bbox 2673 4562 2785 4634; x_wconf 88' lang='lat' dir='ltr'><strong>jam</strong></span> <span class='ocrx_word' id='word_1_514' title='bbox 2815 4572 2927 4618; x_wconf 93' lang='lat' dir='ltr'><strong>tum</strong></span> <span class='ocrx_word' id='word_1_515' title='bbox 2954 4577 3077 4618; x_wconf 91' lang='lat' dir='ltr'><strong>mea</strong></span> <span class='ocrx_word' id='word_1_516' title='bbox 3100 4560 3206 4617; x_wconf 78' lang='lat' dir='ltr'><strong>fata</strong></span> <span class='ocrx_word' id='word_1_517' title='bbox 3230 4559 3518 4629; x_wconf 84' lang='lat' dir='ltr'><strong>canebant,</strong></span> 
     </span>
    </p>
   </div>
   <div class='ocr_carea' id='block_1_97' title="bbox 1843 4618 3177 4727">
    <p class='ocr_par' dir='ltr' id='par_1_97' title="bbox 1843 4618 3177 4727">
     <span class='ocr_line' id='line_1_97' title="bbox 1843 4618 3177 4727; baseline -0.002 -15"><span class='ocrx_word' id='word_1_518' title='bbox 1843 4618 1902 4687; x_wconf 74' lang='grc' dir='ltr'><strong>Ῑ)</strong></span> <span class='ocrx_word' id='word_1_519' title='bbox 1996 4656 2130 4715; x_wconf 90' lang='lat' dir='ltr'><strong>Tale</strong></span> <span class='ocrx_word' id='word_1_520' title='bbox 2161 4657 2291 4714; x_wconf 87' lang='lat' dir='ltr'><strong>mihi</strong></span> <span class='ocrx_word' id='word_1_521' title='bbox 2321 4673 2521 4713; x_wconf 90' lang='lat' dir='ltr'><strong>nomen</strong></span> <span class='ocrx_word' id='word_1_522' title='bbox 2551 4671 2672 4712; x_wconf 93' lang='lat' dir='ltr'><strong>cum</strong></span> <span class='ocrx_word' id='word_1_523' title='bbox 2707 4665 2862 4727; x_wconf 80' lang='lat' dir='ltr'><strong>pater</strong></span> <span class='ocrx_word' id='word_1_524' title='bbox 2893 4653 3177 4726; x_wconf 92' lang='lat' dir='ltr'><strong>imposuit.</strong></span> 
     </span>
    </p>
   </div>
   <div class='ocr_carea' id='block_1_98' title="bbox 2483 4747 2974 4820">
    <p class='ocr_par' dir='ltr' id='par_1_98' title="bbox 2483 4747 2974 4820">
     <span class='ocr_line' id='line_1_98' title="bbox 2483 4747 2974 4820; baseline 0 -15"><span class='ocrx_word' id='word_1_525' title='bbox 2483 4748 2627 4806; x_wconf 83' lang='lat' dir='ltr'><strong>XIII.</strong></span> <span class='ocrx_word' id='word_1_526' title='bbox 2685 4747 2974 4820; x_wconf 80' lang='lat' dir='ltr'><strong>Deiphobo.</strong></span> 
     </span>
    </p>
   </div>
   <div class='ocr_carea' id='block_1_99' title="bbox 1929 4834 3396 4916">
    <p class='ocr_par' dir='ltr' id='par_1_99' title="bbox 1929 4834 3396 4916">
     <span class='ocr_line' id='line_1_99' title="bbox 1929 4834 3396 4916; baseline -0.002 -17"><span class='ocrx_word' id='word_1_527' title='bbox 1929 4834 2181 4900; x_wconf 81' lang='lat' dir='ltr'><strong>Proditus</strong></span> <span class='ocrx_word' id='word_1_528' title='bbox 2211 4844 2276 4901; x_wconf 88' lang='lat' dir='ltr'><strong>ad</strong></span> <span class='ocrx_word' id='word_1_529' title='bbox 2311 4859 2529 4916; x_wconf 70' lang='lat' dir='ltr'><strong>poenam</strong></span> <span class='ocrx_word' id='word_1_530' title='bbox 2554 4885 2568 4909; x_wconf 89' lang='lat'><strong>,</strong></span> <span class='ocrx_word' id='word_1_531' title='bbox 2599 4844 2886 4900; x_wconf 77' lang='lat' dir='ltr'><strong>sceleratae</strong></span> <span class='ocrx_word' id='word_1_532' title='bbox 2915 4843 3102 4900; x_wconf 79' lang='lat' dir='ltr'><strong>fraude</strong></span> <span class='ocrx_word' id='word_1_533' title='bbox 3135 4841 3396 4906; x_wconf 58' lang='lat' dir='ltr'><strong>Lacaenae,</strong></span> 
     </span>
    </p>
   </div>
   <div class='ocr_carea' id='block_1_100' title="bbox 2001 4937 3024 5010">
    <p class='ocr_par' dir='ltr' id='par_1_100' title="bbox 2001 4937 3024 5010">
     <span class='ocr_line' id='line_1_100' title="bbox 2001 4937 3024 5010; baseline -0.001 -17"><span class='ocrx_word' id='word_1_534' title='bbox 2001 4937 2070 4993; x_wconf 85' lang='lat' dir='ltr'><strong>Et</strong></span> <span class='ocrx_word' id='word_1_535' title='bbox 2091 4937 2394 4994; x_wconf 84' lang='lat' dir='ltr'><strong>deformato</strong></span> <span class='ocrx_word' id='word_1_536' title='bbox 2417 4952 2652 5008; x_wconf 89' lang='lat' dir='ltr'><strong>corpore</strong></span> <span class='ocrx_word' id='word_1_537' title='bbox 2679 4937 3024 5010; x_wconf 85' lang='lat' dir='ltr'><strong>Deiphobus,</strong></span> 
     </span>
    </p>
   </div>
   <div class='ocr_carea' id='block_1_101' title="bbox 1933 5024 3490 5102">
    <p class='ocr_par' dir='ltr' id='par_1_101' title="bbox 1933 5024 3490 5102">
     <span class='ocr_line' id='line_1_101' title="bbox 1933 5024 3490 5102; baseline -0.003 -18"><span class='ocrx_word' id='word_1_538' title='bbox 1933 5029 2051 5085; x_wconf 86' lang='lat' dir='ltr'><strong>Non</strong></span> <span class='ocrx_word' id='word_1_539' title='bbox 2083 5029 2258 5086; x_wconf 88' lang='lat' dir='ltr'><strong>habeo</strong></span> <span class='ocrx_word' id='word_1_540' title='bbox 2291 5031 2582 5098; x_wconf 92' lang='lat' dir='ltr'><strong>tumulum,</strong></span> <span class='ocrx_word' id='word_1_541' title='bbox 2614 5031 2719 5086; x_wconf 86' lang='lat' dir='ltr'><strong>nisi</strong></span> <span class='ocrx_word' id='word_1_542' title='bbox 2743 5046 2903 5102; x_wconf 83' lang='lat' dir='ltr'><strong>quem</strong></span> <span class='ocrx_word' id='word_1_543' title='bbox 2927 5029 3058 5084; x_wconf 84' lang='lat' dir='ltr'><strong>mihi</strong></span> <span class='ocrx_word' id='word_1_544' title='bbox 3085 5043 3219 5084; x_wconf 90' lang='lat' dir='ltr'><strong>voce</strong></span> <span class='ocrx_word' id='word_1_545' title='bbox 3246 5024 3490 5082; x_wconf 90' lang='lat' dir='ltr'><strong>vocantis</strong></span> 
     </span>
    </p>
   </div>
   <div class='ocr_carea' id='block_1_102' title="bbox 2007 5118 3087 5197">
    <p class='ocr_par' dir='ltr' id='par_1_102' title="bbox 2007 5118 3087 5197">
     <span class='ocr_line' id='line_1_102' title="bbox 2007 5118 3087 5197; baseline -0.004 -17"><span class='ocrx_word' id='word_1_546' title='bbox 2007 5125 2072 5180; x_wconf 88' lang='lat' dir='ltr'><strong>Et</strong></span> <span class='ocrx_word' id='word_1_547' title='bbox 2101 5127 2222 5197; x_wconf 90' lang='lat' dir='ltr'><strong>pius</strong></span> <span class='ocrx_word' id='word_1_548' title='bbox 2251 5118 2474 5192; x_wconf 65' lang='lat' dir='ltr'><strong>Encas,</strong></span> <span class='ocrx_word' id='word_1_549' title='bbox 2503 5136 2557 5180; x_wconf 88' lang='lat' dir='ltr'><strong>et</strong></span> <span class='ocrx_word' id='word_1_550' title='bbox 2584 5124 2734 5181; x_wconf 80' lang='lat' dir='ltr'><strong>Maro</strong></span> <span class='ocrx_word' id='word_1_551' title='bbox 2763 5124 3087 5194; x_wconf 88' lang='lat' dir='ltr'><strong>composuit.</strong></span> 
     </span>
    </p>
   </div>
   <div class='ocr_carea' id='block_1_103' title="bbox 2524 5212 2942 5273">
    <p class='ocr_par' dir='ltr' id='par_1_103' title="bbox 2524 5212 2942 5273">
     <span class='ocr_line' id='line_1_103' title="bbox 2524 5212 2942 5273; baseline -0.01 -1"><span class='ocrx_word' id='word_1_552' title='bbox 2524 5212 2667 5273; x_wconf 80' lang='lat' dir='ltr'><strong>XIV.</strong></span> <span class='ocrx_word' id='word_1_553' title='bbox 2705 5215 2942 5272; x_wconf 80' lang='lat' dir='ltr'><strong>Hectori.</strong></span> 
     </span>
    </p>
   </div>
   <div class='ocr_carea' id='block_1_104' title="bbox 1931 5305 3524 5383">
    <p class='ocr_par' dir='ltr' id='par_1_104' title="bbox 1931 5305 3524 5383">
     <span class='ocr_line' id='line_1_104' title="bbox 1931 5305 3524 5383; baseline -0.006 -12"><span class='ocrx_word' id='word_1_554' title='bbox 1931 5312 2185 5371; x_wconf 87' lang='lat' dir='ltr'><strong>Hectoris</strong></span> <span class='ocrx_word' id='word_1_555' title='bbox 2207 5312 2294 5368; x_wconf 90' lang='lat' dir='ltr'><strong>hic</strong></span> <span class='ocrx_word' id='word_1_556' title='bbox 2320 5313 2557 5369; x_wconf 82' lang='lat' dir='ltr'><strong>tumulus</strong></span> <span class='ocrx_word' id='word_1_557' title='bbox 2577 5331 2591 5368; x_wconf 88' lang='lat'><strong>:</strong></span> <span class='ocrx_word' id='word_1_558' title='bbox 2613 5328 2736 5369; x_wconf 90' lang='lat' dir='ltr'><strong>cum</strong></span> <span class='ocrx_word' id='word_1_559' title='bbox 2759 5327 2869 5383; x_wconf 93' lang='lat' dir='ltr'><strong>quo</strong></span> <span class='ocrx_word' id='word_1_560' title='bbox 2886 5323 2984 5365; x_wconf 88' lang='lat' dir='ltr'><strong>sua</strong></span> <span class='ocrx_word' id='word_1_561' title='bbox 3004 5305 3170 5377; x_wconf 67' lang='lat' dir='ltr'><strong>Troia</strong></span> <span class='ocrx_word' id='word_1_562' title='bbox 3193 5307 3400 5378; x_wconf 81' lang='lat' dir='ltr'><strong>sepulta</strong></span> <span class='ocrx_word' id='word_1_563' title='bbox 3419 5314 3524 5362; x_wconf 81' lang='lat' dir='ltr'><strong>est.</strong></span> 
     </span>
    </p>
   </div>
   <div class='ocr_carea' id='block_1_105' title="bbox 2002 5401 3124 5478">
    <p class='ocr_par' dir='ltr' id='par_1_105' title="bbox 2002 5401 3124 5478">
     <span class='ocr_line' id='line_1_105' title="bbox 2002 5401 3124 5478; baseline -0.007 -16"><span class='ocrx_word' id='word_1_564' title='bbox 2002 5406 2325 5462; x_wconf 88' lang='lat' dir='ltr'><strong>Conduntur</strong></span> <span class='ocrx_word' id='word_1_565' title='bbox 2356 5405 2566 5477; x_wconf 88' lang='lat' dir='ltr'><strong>pariter</strong></span> <span class='ocrx_word' id='word_1_566' title='bbox 2590 5407 2685 5478; x_wconf 86' lang='lat' dir='ltr'><strong>qui</strong></span> <span class='ocrx_word' id='word_1_567' title='bbox 2717 5407 2934 5476; x_wconf 86' lang='lat' dir='ltr'><strong>periere</strong></span> <span class='ocrx_word' id='word_1_568' title='bbox 2961 5401 3124 5456; x_wconf 89' lang='lat' dir='ltr'><strong>simul</strong></span> 
     </span>
    </p>
   </div>
   <div class='ocr_carea' id='block_1_106' title="bbox 2478 5495 2990 5568">
    <p class='ocr_par' dir='ltr' id='par_1_106' title="bbox 2478 5495 2990 5568">
     <span class='ocr_line' id='line_1_106' title="bbox 2478 5495 2990 5568; baseline -0.012 -16"><span class='ocrx_word' id='word_1_569' title='bbox 2478 5497 2598 5555; x_wconf 75' lang='lat' dir='ltr'><strong>XV.</strong></span> <span class='ocrx_word' id='word_1_570' title='bbox 2647 5495 2990 5568; x_wconf 48' lang='lat' dir='ltr'><strong>Astyanacti,</strong></span> 
     </span>
    </p>
   </div>
   <div class='ocr_carea' id='block_1_107' title="bbox 1933 5589 3220 5660">
    <p class='ocr_par' dir='ltr' id='par_1_107' title="bbox 1933 5589 3220 5660">
     <span class='ocr_line' id='line_1_107' title="bbox 1933 5589 3220 5660; baseline -0.005 -14"><span class='ocrx_word' id='word_1_571' title='bbox 1933 5591 2064 5646; x_wconf 88' lang='lat' dir='ltr'><strong>Flos</strong></span> <span class='ocrx_word' id='word_1_572' title='bbox 2094 5590 2262 5660; x_wconf 73' lang='lat' dir='ltr'><strong>Asiae,</strong></span> <span class='ocrx_word' id='word_1_573' title='bbox 2293 5597 2442 5645; x_wconf 90' lang='lat' dir='ltr'><strong>tanta</strong></span> <span class='ocrx_word' id='word_1_574' title='bbox 2474 5605 2615 5646; x_wconf 86' lang='lat' dir='ltr'><strong>unus</strong></span> <span class='ocrx_word' id='word_1_575' title='bbox 2636 5589 2708 5646; x_wconf 85' lang='lat' dir='ltr'><strong>de</strong></span> <span class='ocrx_word' id='word_1_576' title='bbox 2734 5594 2898 5659; x_wconf 68' lang='lat' dir='ltr'><strong>gente</strong></span> <span class='ocrx_word' id='word_1_577' title='bbox 2919 5595 3220 5657; x_wconf 84' lang='lat' dir='ltr'><strong>superstes,</strong></span> 
     </span>
    </p>
   </div>
   <div class='ocr_carea' id='block_1_108' title="bbox 1937 5677 3349 5759">
    <p class='ocr_par' dir='ltr' id='par_1_108' title="bbox 1937 5677 3349 5759">
     <span class='ocr_line' id='line_1_108' title="bbox 1937 5677 3349 5759; baseline -0.003 -21"><span class='ocrx_word' id='word_1_578' title='bbox 1937 5682 2233 5751; x_wconf 77' lang='lat' dir='ltr'><strong>Parvulas,</strong></span> <span class='ocrx_word' id='word_1_579' title='bbox 2259 5682 2480 5753; x_wconf 76' lang='lat' dir='ltr'><strong>Argivis</strong></span> <span class='ocrx_word' id='word_1_580' title='bbox 2512 5681 2606 5738; x_wconf 91' lang='lat' dir='ltr'><strong>sed</strong></span> <span class='ocrx_word' id='word_1_581' title='bbox 2636 5683 2746 5752; x_wconf 77' lang='lat' dir='ltr'><strong>jam</strong></span> <span class='ocrx_word' id='word_1_582' title='bbox 2776 5679 2844 5736; x_wconf 89' lang='lat' dir='ltr'><strong>de</strong></span> <span class='ocrx_word' id='word_1_583' title='bbox 2866 5687 3020 5759; x_wconf 83' lang='lat' dir='ltr'><strong>patre</strong></span> <span class='ocrx_word' id='word_1_584' title='bbox 3045 5677 3349 5751; x_wconf 81' lang='lat' dir='ltr'><strong>timendus,</strong></span> 
     </span>
    </p>
   </div>
   <div class='ocr_carea' id='block_1_109' title="bbox 1951 5770 3276 5847">
    <p class='ocr_par' dir='ltr' id='par_1_109' title="bbox 1951 5770 3276 5847">
     <span class='ocr_line' id='line_1_109' title="bbox 1951 5770 3276 5847; baseline -0.005 -13"><span class='ocrx_word' id='word_1_585' title='bbox 1951 5777 2052 5836; x_wconf 89' lang='lat' dir='ltr'><strong>llic</strong></span> <span class='ocrx_word' id='word_1_586' title='bbox 2076 5776 2235 5846; x_wconf 89' lang='lat' dir='ltr'><strong>jacco</strong></span> <span class='ocrx_word' id='word_1_587' title='bbox 2254 5779 2566 5847; x_wconf 79' lang='lat' dir='ltr'><strong>ASIyanax,</strong></span> <span class='ocrx_word' id='word_1_588' title='bbox 2591 5773 2760 5832; x_wconf 81' lang='lat' dir='ltr'><strong>Scaeis</strong></span> <span class='ocrx_word' id='word_1_589' title='bbox 2780 5771 3019 5844; x_wconf 70' lang='lat' dir='ltr'><strong>deiectus</strong></span> <span class='ocrx_word' id='word_1_590' title='bbox 3042 5770 3111 5828; x_wconf 89' lang='lat' dir='ltr'><strong>ab</strong></span> <span class='ocrx_word' id='word_1_591' title='bbox 3135 5771 3276 5838; x_wconf 89' lang='lat' dir='ltr'><strong>altis.</strong></span> 
     </span>
    </p>
   </div>
  </div>
