4072 6306
620 293 730 352 865
1984 277 2165 337 DECII
2203 275 2226 336 Α

2329 276 2478 336 iONII
3771 285 3854 346 864

619 405 767 462 Proh
796 403 984 460 dolor!
1012 400 1159 458 Iliaci
1199 398 1475 470 Neptunia
1500 395 1704 453 mmnia
1733 393 1874 451 muri
2246 391 2298 451 Δ
2321 388 2452 456 Quae
2479 387 2682 444 Priami
2707 387 2966 458 eonjunx,
2993 388 3225 446 Hectora
3253 405 3377 462 quae
3404 391 3580 463 genui,

622 494 890 553 Viderunt
907 492 1110 565 aliquid
1136 489 1422 548 crudelius
1444 487 1680 545 Hectore
1706 495 1904 543 tracto.
2326 481 2425 538 IIic
2454 482 2677 539 Hecuba
2708 483 2926 554 injectis
2954 482 3095 554 perii
3125 484 3487 555 superobruta
3511 487 3662 546 saxis.

1163 608 1306 664 XVI.
1356 605 1682 678 Sarpedoni.

2396 577 2504 633 Sed
2534 576 2685 633 rabie
2713 577 2913 648 linguae
2945 592 3034 634 me
3065 585 3245 634 tamen
3279 577 3390 633 ulta
3420 578 3584 650 prius.

2326 671 2504 729 Fidite
2531 688 2598 728 ne
2624 673 2830 743 regnis,
2860 680 2916 727 et
2947 671 3123 741 prole,
3157 679 3214 727 et
3239 671 3416 743 stirpe
3443 681 3740 743 parentum:

623 717 2041 838 sane:Erasini?{Effz_'::"3!i:‘:3“"‘s
2328 717 3700 838 ‘arguit;iéc'iiéé'ii'éalé1235523.}:

695 817 992 891 Sperabam
1015 817 1249 884 caelum;
1275 815 1370 873 sed
1392 825 1556 887 tegor
1579 815 1685 870 hoc
1710 813 1939 879 tumulo,

623 877 947 984 Sanguineis
976 909 1136 968 ﬂetus
1168 877 1620 982 laerymis.vProh
1649 907 1826 964 ferrea
1858 877 1998 962 fata!
2840 879 3036 936 ΧΧνίο
3089 877 3137 933 Ρ
3141 880 3397 952 σιντεηωο

699 1007 769 1064 Et
799 1008 1002 1080 patitur
1032 1007 1238 1064 luctum
1257 1047 1274 1076 ,
1305 1006 1394 1079 qui
1428 1005 1719 1078 prohibere
1748 1005 1964 1078 potest?
2326 995 2498 1053 Troas
2531 995 2781 1052 Achilleo
2808 997 3105 1069 conjuncta
3132 996 3410 1068 Polyxena
3442 995 3595 1053 busto

985 1122 1154 1180 XVII.
1198 1123 1358 1178 Nasti
1387 1131 1435 1179 et
1462 1121 1863 1195 Amphimaclto.

2397 1091 2693 1148 Malueram
2723 1092 2876 1148 nullo
2903 1093 3114 1164 cespite
3144 1093 3330 1148 functa
3359 1090 3486 1164 tegi.

2325 1182 2445 1240 Non
2477 1184 2622 1240 bene
2649 1184 2932 1241 discordes
2958 1184 3197 1242 tumulos
3229 1184 3494 1254 miscetis,
3519 1184 3726 1242 Achivi:

2401 1275 2516 1331 Hoc
2545 1275 2756 1334 violare
2790 1277 2985 1349 magis,
3015 1292 3176 1349 quam
3209 1277 3443 1348 sepelire
3473 1275 3588 1332 fuit.

2571 1392 2870 1462 ALIQUOT
2923 1393 3237 1450 ALIORUM
3296 1391 3674 1449 EPITAPIIIA.

2331 1483 2547 1540 XXVII.
2571 1484 2779 1552 Niobae,
2807 1487 2862 1541 in
2884 1486 3070 1558 Sipylo
3093 1497 3265 1542 monte
3284 1490 3447 1559 juxta
3467 1487 3651 1558 fontem
3670 1486 3863 1557 sepulta.

626 1237 857 1305 Nastes,
889 1237 1449 1310 Amphimachusque,
1478 1236 1761 1292 Nomionis
1792 1235 1991 1309 inclyta
2020 1235 2224 1307 proles,

701 1331 966 1389 Ductores
986 1331 1282 1404 quondam,
1308 1331 1486 1402 pulvis
1507 1340 1564 1387 et
1585 1331 1776 1387 umbra
1800 1345 2008 1386 sumus.

1207 1443 1395 1500 XVIII.
1441 1443 1645 1500 Troilo.

631 1558 865 1616 IIectore
897 1568 1190 1630 prostrato,
1226 1573 1329 1614 nec
1359 1558 1443 1614 dis
1469 1601 1482 1626 ,
1516 1574 1619 1615 nec
1646 1559 1854 1616 viribus
1886 1558 2056 1632 mquis

701 1648 1039 1721 Congressus
1069 1665 1214 1707 ειενο
1241 1650 1464 1706 Troilus
1490 1649 1770 1718 JEacidte,

634 1745 896 1816 Raptatus
922 1743 1060 1816 bigis
1085 1743 1272 1800 fratris
1299 1744 1606 1816 conjungor
1633 1745 1826 1800 honori
1854 1757 1868 1800 :

697 1839 869 1910 Cujus
893 1838 965 1894 ob
994 1839 1308 1910 exemplum
1339 1853 1439 1894 nec
1469 1839 1600 1894 mihi
1632 1853 1792 1911 poena
1820 1839 2019 1910 gravis.

2327 1598 2643 1656 Thebarum
2676 1601 2866 1673 regina
2899 1599 2995 1668 fui,
3029 1600 3272 1673 Sipyleia
3298 1610 3489 1656 cautes

2399 1694 2532 1759 Qua:
2565 1691 2728 1748 modo
2761 1707 2914 1748 sum:
2949 1692 3069 1748 Ιτρεὶ
3101 1695 3322 1748 numina
3349 1691 3651 1748 Latoidum.

2252 1781 2302 1844 Β
2329 1784 2421 1841 Bis
2444 1795 2652 1856 septem
2685 1786 2827 1842 natis
2855 1786 3092 1858 genitrix
3124 1787 3249 1842 laeta
3274 1797 3439 1858 atque
3464 1787 3711 1859 superba,

2401 1877 2506 1932 Tot
2531 1878 2658 1934 duxi
2687 1887 2864 1934 mater
2893 1877 3108 1946 funera,
3139 1887 3274 1950 quot
3298 1879 3484 1950 genui.

1169 1951 1314 2007 XIX.
1369 1949 1658 2024 Polydoro.

2329 1963 2438 2020 Nec
2464 1965 2597 2020 satis
2629 1964 2732 2020 hoc
2761 1963 2925 2020 divis.
2955 1964 3106 2020 Duro
3131 1949 3466 2021 circumdata
3499 1979 3627 2022 saxo

623 2067 772 2125 Cede
794 2067 1006 2139 procul,
1031 2076 1375 2140 myrtumqne
1398 2067 1558 2123 istam
1588 2067 1707 2138 iuge
1735 2067 1974 2136 nescius,
2003 2067 2220 2137 hospes,
2399 2057 2576 2113 Amisi
2606 2056 2829 2112 humani
2859 2061 3112 2128 corporis
3141 2056 3404 2129 efligiem.

699 2159 958 2216 Telorum
989 2175 1143 2231 seges
1173 2169 1256 2216 est
1279 2161 1546 2231 sanguine
1575 2159 1761 2214 adulta
1792 2175 1935 2214 meo.
2326 2151 2434 2208 Sed
2462 2150 2644 2219 dolor,
2676 2151 2974 2208 obstructis
3004 2167 3331 2224 quamquam
3361 2151 3634 2220 vitalibus,
3665 2151 3838 2208 haeret:

628 2251 887 2309 Conﬁxus
907 2253 1129 2323 jaculis,
1161 2260 1215 2309 et
1244 2253 1313 2307 ab
1337 2254 1454 2322 ipsa
1477 2253 1628 2308 caede
1656 2253 1926 2324 sepultus,
2401 2244 2810 2316 Perpetuasque
2841 2245 2978 2316 rigat
3007 2244 3160 2302 fonte
3190 2247 3280 2316 pio
3309 2247 3598 2319 lacrymas.

703 2348 923 2405 Condor
956 2351 1008 2404 in
1041 2350 1146 2405 hoc
1175 2349 1381 2404 tumulo
1413 2348 1495 2404 bis
1523 2348 1828 2421 Polydorus
1856 2362 1978 2418 ego.
2328 2337 2472 2395 Proh
2504 2337 2750 2394 facinus!
2787 2349 3022 2398 tantaene
3052 2340 3251 2396 animis
3283 2340 3598 2397 coelestibus
3622 2337 3736 2395 irae?

628 2441 744 2498 Scit
765 2442 885 2512 pius
908 2441 1137 2508 Encas,
1169 2451 1225 2498 et
1257 2453 1311 2497 tu
1333 2485 1348 2510 ,
1385 2456 1480 2496 rex
1513 2440 1700 2512 impie,
1731 2439 1880 2511 quod
1911 2453 2000 2494 me
2402 2431 2573 2489 Durat
2601 2432 2780 2489 adhuc
2809 2434 3018 2504 luctus,
3053 2434 3244 2490 matris
3275 2434 3455 2507 imago
3487 2433 3653 2506 perit.

700 2533 929 2591 Thracia
962 2549 1120 2608 poena
1151 2535 1377 2606 premit,
1403 2533 1567 2589 Troia
1597 2547 1727 2588 cura
1763 2531 1917 2604 tegit.
2874 2546 3112 2603 xxvul,
3157 2546 3366 2603 Eidem,

1193 2649 1314 2708 XXo
1362 2648 1656 2722 ΕυΡΙιεηιο-
2332 2662 2610 2719 Vivebam.
2644 2662 2775 2718 Sum
2804 2661 2946 2719 facta
2974 2663 3146 2729 silex,
3179 2678 3301 2734 qua:
3328 2662 3526 2720 deinde
3552 2661 3709 2734 polita

630 2766 974 2839 Eupliemum
996 2765 1261 2824 Ciconum
1289 2768 1571 2823 ductorem
1602 2765 1764 2820 'I‘roia
1794 2762 1957 2820 tellus
2399 2755 2686 2812 Praxitelis
2718 2757 2992 2823 manibus,
3022 2758 3145 2812 vivo
3173 2758 3372 2812 iterum
3396 2756 3587 2812 Niobe.

697 2860 957 2918 Condidit
988 2863 1186 2918 hastati
1217 2861 1405 2918 Martis
1433 2859 1499 2917 ad
1529 2859 1786 2932 efﬁgiem.
2329 2852 2585 2910 Reddidit
2614 2852 2839 2908 artificis
2871 2867 3062 2908 manus
3094 2853 3309 2920 omnia,
3349 2852 3444 2907 sed
3474 2851 3589 2906 sine
3616 2865 3783 2907 sensu.

627 2955 738 3013 Nec
763 2958 896 3013 satis
917 2969 1003 3014 est
1034 2959 1250 3014 titulum
1279 2973 1416 3014 saxo
1445 2955 1704 3016 incidisse
1735 2954 2008 3026 sepulcri:
2399 2947 2553 3002 Hunc
2579 2949 2850 3018 ego,‘,cum
2885 2945 3003 3001 laesi
3034 2944 3278 3015 numina,
3311 2959 3417 3000 non
3449 2943 3630 3000 habui.

693 3048 921 3122 Insuper
947 3061 1004 3107 et
1035 3051 1273 3108 frontem
1305 3051 1452 3108 mole
1477 3061 1712 3108 onerant
1739 3060 1957 3106 statuae.

2897 3062 3091 3120 XXIX.
3145 3057 3368 3117 Eidem.

625 3143 808 3217 Ocyus
836 3143 940 3202 i5ta
968 3153 1163 3212 ruunt,
1195 3161 1315 3217 quae
1346 3146 1428 3201 sic
1449 3146 1720 3202 cumulata
1751 3147 2025 3200 locantur.

791 3177 808 3198 ³
836 3177 940 3202 ¹θ¹⁶¹
970 3177 1163 3212 ""‘""
1195 3177 1315 3217 Ψ¹⁰¹³
1346 3177 1428 3201 ³⁵⁸⁵
1449 3177 1720 3202 ”“¹⁸¹“¹⁶¹“⁸¹
1751 3177 2025 3200 ⁸⁰⁹⁶¹¹⁵¹¹¹⁹
2250 3179 2297 3245 C
2327 3179 2504 3237 Habet
2527 3179 2838 3252 sepulcrum
2872 3194 2979 3235 non
3011 3177 3065 3233 id
3097 3177 3242 3234 intus
3272 3185 3569 3234 mortuum.

697 3237 870 3308 Major
896 3238 987 3293 ubi
1016 3249 1100 3294 est
1124 3239 1334 3306 cultus,
1366 3253 1560 3308 magna
1591 3238 1750 3294 ruina
1775 3237 1984 3292 subest.

2330 3273 2503 3328 Ilabet
2533 3289 2631 3329 nec
2656 3274 2772 3343 ipse
2802 3283 3052 3329 mortuus
3081 3272 3294 3327 bustum
3328 3287 3513 3343 super.

731 3353 875 3408 XXI.
934 3353 1264 3425 Hippotlioo,
1294 3364 1343 3409 et
1371 3353 1576 3425 Pylteo,
1605 3355 1663 3409 in
1691 3353 1844 3409 horto
1878 3351 2115 3424 sepultis.

2329 3365 2445 3424 Sibi
2467 3365 2564 3423 sed
2596 3375 2682 3422 est
2706 3366 2824 3438 ipse
2854 3365 2942 3420 hic
2970 3363 3306 3434 sepulcrum,
3337 3373 3392 3420 et
3419 3371 3677 3419 mortuus.

625 3468 995 3539 IIippothoum
1019 3511 1033 3535 ,
1066 3469 1132 3540 Ρ)
1148 3469 1404 3538 leumque
1425 3477 1571 3524 tenet
1596 3469 1807 3540 gremio
1831 3465 2015 3521 infima
2039 3464 2222 3519 tellus.
2905 3475 3078 3533 xxx,
3129 3477 3349 3532 Didoni,

697 3561 960 3616 Caulibus
988 3571 1044 3617 et
1072 3562 1266 3617 malvis
1293 3571 1445 3632 terga
1473 3576 1708 3632 superna
1736 3561 1936 3616 virent.

628 3653 740 3708 Nec
765 3663 926 3709 vexat
954 3653 1168 3710 cineres
1195 3653 1339 3709 horti
1363 3654 1576 3709 cultura
1606 3655 1828 3725 quietos
1853 3670 1867 3706 :

704 3746 840 3801 Dum
874 3755 1129 3816 parcente
1158 3762 1321 3802 manu
1351 3747 1512 3803 molle
1536 3747 1657 3803 olus
1687 3747 1980 3803 excolitur.

1008 3861 1172 3918 XXII.
1221 3861 1490 3928 Eunomo,
1523 3870 1570 3916 et
1599 3860 1860 3917 Chromio.

631 3976 907 4034 Eunomus
939 3978 1060 4046 hic,
1089 3975 1493 4050 Chromiusque
1515 3978 1724 4049 jacent,
1748 3977 1912 4049 .queis
1940 3975 2110 4048 Mysia
2139 3991 2226 4033 re-

877 4087 1041 4143 gnum
1065 4116 1080 4142 ,

2329 3593 2516 3650 Infelix
2549 3593 2710 3662 Dido,
2742 3593 2876 3649 nulli
2907 3594 3046 3649 bene
3073 3600 3239 3662 nupta
3272 3592 3512 3648 marito:

2400 3687 2515 3743 Hoc
2545 3694 2810 3758 pereunte
2837 3685 3000 3756 fugis,
3035 3685 3140 3741 hoc
3170 3683 3416 3756 fugiente
3443 3683 3605 3755 peris.

2327 3821 2522 3877 XXXI.
2548 3821 2770 3895 Diogeni
2797 3819 3013 3895 Cynico,
3044 3820 3098 3895 iu
3123 3822 3272 3892 cujus
3299 3819 3556 3892 sepulcro,
3598 3831 3684 3889 pro
3729 3812 3863 3874 titulo,

2866 3893 3010 3947 canis
3037 3893 3241 3965 signum
3279 3901 3375 3945 est.

2329 4008 2447 4078 Dic,
2467 4009 2639 4076 cauis,
2662 4007 2749 4063 hic
2767 4007 2922 4077 cujus
2937 4006 3196 4062 tumulus?
3207 4003 3388 4061 Canis.
3409 4005 3480 4061 At
3500 4005 3644 4061 cauis
3658 4002 3734 4058 hic
3747 3996 3864 4070 quis?

2403 4102 2688 4172 Diogenes.
2722 4099 2903 4156 Obiit?
2933 4099 3050 4156 Non
3080 4099 3235 4164 obiit,
3262 4097 3358 4155 sed
3387 4098 3537 4153 abiit.

2329 4196 2623 4267 Diogenes,
2656 4194 2742 4250 cui
2775 4209 2903 4264 pera
2935 4208 3126 4264 penus,
3169 4193 3254 4249 cui
3285 4192 3426 4250 dolia
3455 4192 3632 4260 sedes,

2400 4289 2482 4344 Ad
2510 4302 2696 4343 manes
2723 4287 2894 4342 abiit?
2920 4286 3190 4342 Cerberus
3217 4287 3294 4342 ire
3314 4295 3479 4342 vetat.

697 4166 861 4233 Queis
889 4173 1042 4236 pater
1066 4165 1293 4221 Alcinus
1311 4210 1327 4235 ,
1355 4165 1718 4236 Oceanusque
1748 4174 1959 4220 atavus.

629 4258 896 4316 Nobilitas
925 4259 1052 4331 quid
1087 4268 1232 4316 tanta
1259 4259 1452 4329 juvat?
1481 4273 1591 4331 quo
1619 4257 1821 4314 clarius
1854 4256 1977 4314 istis

700 4352 794 4408 Est
821 4367 997 4423 genus
1016 4393 1033 4422 ’
1066 4353 1170 4410 hoc
1196 4351 1390 4408 monis
1418 4350 1658 4407 conditio
1684 4353 1930 4423 ngior‘
2327 4381 2572 4451 Quonam
2602 4379 2806 4452 igitur?
2857 4378 3002 4436 Clari
3030 4379 3224 4450 ﬂagrat
3243 4395 3347 4451 qua
3373 4378 3525 4435 stella
3555 4375 3751 4441 Leonis,

1187 4467 1380 4524 XXIII.
1427 4465 1665 4522 PriamO-
2399 4475 2628 4532 Additus
2657 4484 2742 4532 est
2767 4475 2929 4546 justas
2959 4489 3102 4530 nunc
3127 4474 3277 4531 canis
3315 4474 3584 4546 Erigonai.

632 4588 730 4644 Hic
753 4588 956 4644 Priami
980 4604 1087 4644 non
1115 4596 1202 4644 est
1233 4588 1503 4655 tumulus,
1533 4603 1635 4644 nec
1666 4587 1876 4642 condor
1905 4586 1962 4641 in
1995 4586 2100 4641 ista
2256 4581 2308 4642 D

701 4681 845 4738 Sede
871 4699 884 4735 :
916 4689 1081 4752 caput
1106 4681 1275 4736 Danai
1306 4682 1586 4748 diripuere
1618 4697 1822 4737 meum.

633 4779 732 4831 Ast
756 4791 860 4846 ego
889 4791 1011 4829 cum
1034 4775 1278 4830 lacerum
1303 4775 1423 4829 sine
1447 4776 1667 4829 nomine
1695 4773 1858 4828 funus
1889 4772 2148 4828 haberem
2167 4810 2184 4839 ,

705 4867 934 4938 Coniugi
965 4867 1032 4924 ad
1063 4867 1280 4922 cineres
1311 4867 1606 4923 Hectoreos
1635 4866 1874 4938 genitor.

633 4962 748 5018 Illic
769 4972 824 5018 et
853 4971 1030 5029 natos,
1056 4961 1406 5032 'I‘rojamque,
1431 4960 1728 5031 Asiamque
1756 4960 2028 5030 sepultam

706 5056 919 5121 Inveni,
949 5065 1005 5114 et
1034 5064 1283 5112 nostrum
1313 5053 1573 5125 quidquid
1607 5053 1805 5125 ubique
1823 5053 1990 5124 jacet.

1112 5170 1306 5228 XXIV.
1348 5169 1484 5224 Item
1515 5169 1750 5224 Priamo.

635 5293 737 5362 Qui
768 5293 1035 5350 tumulum
1063 5290 1266 5348 Priami
1297 5289 1491 5360 quaerit
1512 5329 1529 5356 ,
1564 5287 1706 5358 legat
1733 5287 1984 5342 Hectoris
2011 5294 2156 5340 ante.

710 5386 805 5442 Ille
836 5401 1012 5454 meus,
1039 5393 1167 5441 nato
1186 5398 1350 5455 quem
1374 5382 1522 5451 prius
1547 5381 1666 5450 ipse
1688 5379 1835 5436 dedi.

642 5483 915 5551 Hectoris,
943 5490 996 5536 et
1033 5481 1203 5552 patris
1232 5479 1394 5535 simul
1425 5487 1514 5534 est
1538 5489 1828 5532 commune
1852 5473 2188 5545 sepulcrum,

714 5573 1010 5630 Amborum
1040 5573 1300 5646 quoniam
1323 5571 1514 5642 juncta
1544 5568 1700 5625 ruina
1727 5567 1846 5624 fuit.

2510 4613 2728 4669 XXXII.
2759 4614 2828 4668 1η
2853 4613 3108 4669 tumulum
3135 4615 3448 4670 'sedecenuis
3475 4623 3726 4669 matronat.

2331 4727 2525 4784 Omnia
2555 4745 2675 4798 qua:
2703 4728 2864 4800 longo
2893 4729 3018 4783 vitae
3043 4729 3335 4800 eupiuntur
3381 4730 3433 4786 in
3462 4745 3597 4794 aevo,

2332 4822 2474 4876 Ante
2501 4829 2691 4891 quater
2722 4821 2943 4890 plenum
2963 4821 3300 4891 consumpsit
3321 4822 3508 4877 Anicia
3532 4821 3756 4876 lustrum.

2332 4910 2514 4967 Infans
2541 4911 2785 4981 lactavit,
2815 4912 2986 4981 pubes
3023 4922 3077 4968 et
3103 4913 3256 4983 virgo
3279 4911 3536 4969 adolevit.

2334 5005 2552 5077 Nupsit,
2579 5007 2850 5076 concepit,
2878 5005 3105 5076 peperit.
3137 5006 3254 5061 Jam
3286 5016 3462 5062 mater
3492 5004 3666 5062 obivit.

2336 5099 2470 5168 Quis
2495 5109 2724 5155 mortem
2763 5099 3024 5155 accuset?
3054 5099 3174 5170 quis
3202 5114 3308 5154 non
3339 5109 3559 5155 accuset
3597 5099 3645 5153 in
3674 5097 3760 5150 isto

2337 5192 2580 5249 IEtatis?
2610 5191 2820 5249 meritis
2849 5207 2985 5248 anus
3012 5194 3307 5260 est,'a:tate
3339 5192 3536 5262 puella.

2467 5330 2709 5386 XXXIII.
2742 5329 2994 5397 Glauciw,
3023 5331 3304 5385 immatura
3331 5338 3494 5384 morte
3521 5332 3768 5400 prwvcnlo.

2343 5445 2489 5502 Lana
2522 5445 2606 5500 bis
2632 5455 2834 5501 octono
2866 5443 2963 5500 tibi
2987 5444 3099 5514 jam
3123 5443 3225 5499 sub
3249 5443 3476 5500 consule
3501 5441 3660 5514 pubes

2415 5538 2683 5611 Cingebat
2711 5547 2954 5604 teneras,
2986 5536 3205 5594 Glaucia
3229 5537 3432 5604 adulte,
3463 5550 3640 5608 genas.

2350 5636 2417 5693 Et
2441 5639 2553 5709 jam
2584 5637 2826 5693 desieras
2853 5651 3008 5708 puer,
3035 5651 3177 5692 anne
3202 5635 3398 5707 puella,
3431 5631 3596 5690 videri
3628 5648 3639 5682 :

1220 5710 1390 5768 xxv-
1442 5709 1697 5766 Hecuba“
2420 5734 2556 5790 Cum
2588 5737 2873 5802 pr0perata
2900 5728 3016 5785 dies
3058 5727 3280 5783 abstulit
3307 5741 3468 5782 omne
3489 5723 3661 5780 decus.

648 5829 780 5897 Quae
811 5829 1000 5899 regina
1032 5829 1128 5900 fui,
1162 5845 1282 5900 quae
1310 5829 1463 5886 claro
1490 5837 1614 5886 nata
1644 5829 1913 5900 Dymante
1935 5871 1950 5893 ,
2351 5827 2457 5885 Sed
2486 5840 2659 5897 neque
2683 5823 2992 5882 functorum
3023 5822 3203 5881 socius
3227 5821 3524 5880 miscebere
3552 5814 3728 5885 vulgo:
