4072 6306
227 289 331 349 865
1325 291 1810 353 TETRASTICIIA
1850 294 1918 355 IN
1948 295 2468 363 IMPERATORES.
3417 306 3524 365 866

292 403 399 462 Nec
424 413 648 463 metues
678 404 894 480 Stygios
922 406 1119 464 ﬂebilis
1144 408 1331 466 umbra
1366 409 1535 466 lacus.
1838 415 1890 474 A
2203 415 2449 475 XXXVI.
2479 416 2544 474 In
2570 419 2766 475 tumqu
2785 418 3010 476 hominis
3033 420 3224 490 felicis.

223 500 419 558 Verum
451 511 549 556 aut
583 501 950 574 Persephonae
971 502 1254 576 Cinyreius
1280 504 1383 561 ibis
1409 504 1614 562 Adonis
1642 525 1657 564 :

529 528 549 606 ξ
583 528 1383 608 firmfl’l'uwiw'}mme
1409 528 1614 562 Λαυυιδ
1642 528 1657 564 ³
1925 528 2130 601 Sparge
2157 545 2309 587 mero
2335 531 2569 600 cineres,
2618 535 2756 592 bene
2787 535 2952 592 olenti
2983 545 3041 592 et
3069 538 3304 608 unguine
3331 535 3513 606 nardi,

290 594 396 650 Aut
418 592 578 650 Jovis
601 594 768 667 Elysii
802 604 856 651 tu
883 598 1169 653 catamitus
1195 599 1325 654 eris.

1997 623 2228 694 Hospes,
2261 634 2317 682 et
2341 625 2478 682 adde
2517 628 2657 685 rosis
2687 628 2928 684 balsama
2960 629 3224 700 puniceis.

716 733 959 792 XXXIV.
985 735 1332 794 Callicratem.
1925 714 1975 772 P‘

1925 714 2252 787 Perpetuum
2285 717 2416 774 mihi
2447 734 2540 776 ver
2566 721 2672 793 agit
2697 720 3104 794 illacrymabilis
3128 739 3286 782 urna.

1997 806 2066 862 Et
2085 810 2646 879 commutaviszecula,
2678 829 2784 870 non
2814 814 2945 870 obii.

1923 899 2082 956 Nulla
2110 899 2241 957 mihi
2265 904 2469 959 veteris
2496 905 2780 974 perierunt
2804 906 2998 979 gaudia
3029 908 3154 966 vitae
3179 929 3192 963 :

1997 995 2102 1052 Seu
2125 996 2440 1053 meminisse
2467 1005 2624 1068 putes
2649 1000 2828 1056 omnia
2848 1040 2863 1066 ,
2887 1001 3003 1058 sive
3028 1002 3186 1059 nihil.

227 847 417 920 Viginti
443 856 613 920 atque
641 863 832 907 novem
860 851 1108 922 genitriei
1135 851 1471 909 Callicratem

289 941 505 999 Nullius
531 957 699 999 sexus
724 959 872 1000 mors
901 945 1032 1000 mihi
1065 946 1179 1000 visa
1209 945 1330 1011 fuit.

223 1037 324 1095 Sed
343 1049 573 1094 centum
600 1047 654 1094 et
675 1039 916 1110 quinque
933 1040 1146 1110 explevi
1164 1041 1305 1097 bene
1321 1029 1604 1097 messibus
1622 1054 1816 1109 annos,

289 1128 645 1187 lntremulam
679 1131 874 1188 baculo
900 1148 1008 1188 non
1033 1133 1296 1191 subeunte
1323 1149 1565 1190 manum.
2201 1133 2468 1190 XXXVII.
2495 1134 2811 1208 Sepulcrum
2833 1137 2955 1194 Cari
2975 1154 3211 1195 vacuum.

390 1267 621 1325 xxxv.
653 1267 806 1341 Equo
837 1270 1184 1340 Ατιηιίναωιε,
1208 1275 1366 1345 jussu
1395 1271 1638 1344 Augusti.
1919 1249 2154 1345 Mesihi,
2177 1259 2232 1307 et
2260 1251 2439 1319 uxori,
2471 1262 2524 1309 et
2554 1251 2699 1310 natis
2725 1269 3020 1313 commune
3047 1257 3361 1328 sepulcrum

1991 1343 2290 1401 Constituit
2323 1361 2476 1404 seras
2499 1346 2672 1403 Carus
2697 1349 2764 1405 ad
2809 1349 3121 1421 exsequias.

1919 1439 2150 1510 Jamque
2174 1439 2266 1495 diu
2300 1450 2650 1498 monumenta
2677 1451 2896 1510 vacant,
2927 1442 3106 1514 sitque
3128 1443 3230 1502 ista
3261 1445 3482 1516 querela

1991 1531 2232 1603 Longior
2264 1547 2280 1590 :
2313 1541 2371 1590 et
2398 1535 2580 1590 veniat
2603 1535 2795 1590 ordine
2817 1536 3050 1606 quisque
3071 1550 3193 1605 suo,

1921 1626 2187 1682 Nascendi
2217 1627 2308 1698 qui
2336 1627 2454 1699 lege
2481 1627 2640 1684 datus
2672 1644 2687 1684 :
2721 1628 3108 1701 placidumque
3132 1645 3230 1702 per
3253 1647 3428 1686 aevum

1992 1719 2292 1786 Condatur,
2319 1729 2448 1774 natu
2477 1720 2565 1790 qui
2599 1720 2768 1790 prior,
2803 1721 2895 1777 ille
2917 1721 3086 1792 prior.

219 1381 560 1454 PhOSphore,
583 1382 816 1439 clamosi
845 1384 1081 1454 Spatiosa
1112 1399 1210 1455 per
1247 1399 1464 1456 aequora
1493 1384 1638 1441 Circi

286 1475 559 1546 Septenas
589 1475 782 1532 solitus
811 1477 986 1532 victor
1017 1476 1172 1536 obire
1198 1478 1311 1533 vias
1337 1497 1347 1530 :

213 1567 659 1640 Improperanter
681 1583 846 1640 agens
871 1570 1082 1641 primos
1116 1586 1145 1627 δ
1181 1586 1399 1628 carcere
1423 1586 1637 1641 cursus,

283 1663 469 1720 Fortis
502 1664 822 1736 praegressis
855 1675 912 1719 ut
945 1665 1214 1736 potereris
1240 1665 1420 1737 equis.

215 1756 534 1828 Promptum
559 1766 618 1814 et
639 1758 859 1813 veloces
887 1768 1002 1813 erat
1026 1757 1326 1829 anticipare
1360 1760 1656 1831 quadrigas
1690 1779 1702 1815 :

288 1805 534 1828 ----,-__
563 1805 618 1814 --
649 1805 858 1813 .--νη-
889 1805 1002 1813 --_-
1026 1805 1326 1829 -.ηψπ-,ν
1361 1805 1656 1831 ηυντ-..
1690 1805 1702 1815 .

288 1850 544 1908 Victores
573 1851 738 1907 etiam
770 1852 1010 1917 vincere,
1044 1852 1163 1908 laus
1193 1853 1390 1922 potior.
1841 1805 1892 1869 Β

2203 1833 2496 1890 XXXVIII.
2535 1833 2615 1890 Ex
2639 1837 2877 1908 sepulcro
2902 1835 3106 1892 Latina:
3134 1838 3248 1893 vim.

214 1943 364 2001 Hunc
395 1944 617 2001 titulum
647 1945 770 2000 vani
793 1943 985 2000 solatia
1009 1959 1161 2000 sume
1191 1945 1451 2015 sepulcri,
1923 1947 2041 2004 Non
2073 1961 2290 2016 nomen,
2322 1961 2428 2002 non
2457 1963 2564 2018 quo
2593 1949 2833 2019 genitus,
2857 1965 2966 2005 non
2983 1951 3148 2017 unde,
3175 1950 3303 2020 quid
3334 1951 3439 2022 egi.

280 2043 346 2098 Et
372 2041 607 2114 gradere
636 2041 854 2114 Elysios
895 2055 1108 2111 praepes
1127 2039 1197 2096 ad
1230 2041 1487 2110 alipedes.
1995 2041 2172 2096 Mutus
2200 2039 2253 2094 in
2289 2049 2553 2095 mternum
2585 2055 2726 2108 sum,
2761 2041 2920 2108 cinis,
2952 2057 3097 2110 ossa,
3129 2041 3283 2098 nihil.

212 2136 449 2207 Pegasus
481 2135 610 2190 hinc
640 2135 830 2191 dexter
859 2143 1043 2191 currat
1069 2134 1197 2200 tibi;
1229 2134 1401 2190 laevus
1427 2134 1593 2190 Arion
1921 2131 2040 2188 Non
2067 2148 2210 2201 sum,
2243 2147 2343 2188 nec
2369 2135 2575 2188 fueram
2610 2134 2866 2205 :genitus
2894 2145 3070 2192 tamen
3102 2151 3132 2191 e
3160 2135 3331 2191 nihilo
3361 2150 3481 2192 sum
3504 2180 3520 2205 ,

279 2230 448 2287 Funis
478 2239 607 2296 eat;
640 2239 891 2301 quartum
924 2229 1015 2285 det
1045 2229 1140 2284 tibi
1171 2228 1366 2285 Castor
1396 2244 1616 2300 equum.
1997 2228 2172 2296 Mitte,
2203 2245 2306 2286 nec
2334 2229 2633 2300 exprobres
2658 2232 2892 2302 singula,
2917 2233 3044 2288 talis
3072 2233 3204 2291 eris.

1058 2449 1218 2532 DE
1294 2447 1940 2534 DUODECIM
1993 2446 2668 2534 C/ESARIBUS

1175 2589 1297 2650 Per
1325 2586 1706 2650 Suetonium
1741 2583 2200 2664 Tranquillum
2228 2583 2511 2664 scriptis.

555 2713 816 2768 Ausonius
850 2711 1101 2784 Hesperio
1130 2712 1264 2783 ﬁlio.
1301 2711 1364 2768 S.
1397 2710 1469 2766 D.
1914 2709 2098 2766 Tertia
2122 2710 2437 2768 flnitltiems
2460 2713 2766 2783 grassantia
2797 2722 3039 2786 tempora
3072 2716 3229 2772 CAII.

209 2824 604 2885 CESAREOS
635 2840 914 2897 proceres,
945 2826 998 2880 in
1027 2841 1259 2898 quorum
1291 2841 1457 2898 regna
1489 2825 1743 2883 secundis
1916 2799 2262 2861 CLAUDIUS
2290 2802 2690 2861 hebdomadem
2721 2806 2992 2876 duplicem
3018 2807 3188 2865 trahit
3217 2828 3230 2864 :
3261 2818 3317 2866 et
3340 2810 3526 2868 NERO

209 2919 544 2976 Consulibus
570 2917 774 2974 dudum
803 2917 1048 2973 Romana
1072 2917 1314 2989 potentia
1342 2918 1530 2987 cessit,
1921 2988 1926 2989 ί
1951 2988 1954 2989 ν
3272 2901 3447 2976 [dirus

213 3014 414 3085 Accipe
445 3013 529 3069 bis
559 3027 748 3080 senos,
776 3028 872 3069 sua
903 3027 1175 3084 quemque
1205 3013 1548 3068 monosticha
1570 3013 1810 3085 signant,
1916 2988 2275 3085 Τθτξίυίηάθτη
2311 3007 2324 3044 ³
2351 3005 2580 3047 δ¹¹¹¹¹¹¹¹²θ
2605 2992 2799 3049 “ms”!
2830 2993 2929 3050 sed
2958 2993 3132 3050 deruit
3163 3011 3321 3052 “""5'

209 3083 454 3178 Quorum
488 3123 584 3178 per
616 3111 829 3178 plenam
853 3083 1055 3164 seriem
1083 3083 1384 3164 Suetonius
1405 3107 1536 3162 olim
1627 3083 1644 3085 _
1844 3157 1886 3178 η
1916 3083 2146 3178 QALBA
2172 3099 2364 3178 δείξειε
2394 3085 2582 3142 ΟΤΗο
2617 3086 2844 3157 mei“:
2877 3099 2932 3145 εί
2961 3089 3172 3146 ramo“
3197 3089 3472 3148 VITELL'
3505 3135 3522 3163 9

215 3157 593 3267 ἦοωίηθ,⁸ι·εε
616 3157 822 3272 gestas,
854 3204 1132 3272 vitamque
1164 3200 1480 3272 obitumque
1510 3201 1739 3274 peregit.
1842 3157 1888 3222 Ο
1919 3175 2099 3274 Ter“?
2122 3177 2405 3274 '05P‘m0
2439 3189 2730 3274 τβῧηθηίοδ
2763 3183 2958 3238 ηθεοίίί
2985 3191 3148 3239 ωδῑδδ
3174 3225 3192 3252 ν

419 3314 750 3371 Μοηοειίειια
776 3316 840 3368 de
861 3316 1042 3372 ordine
1069 3315 1120 3370 X
1129 3315 1191 3369 II
1221 3317 1614 3388 imperatorum.
1919 3265 3216 3388 ξῖἷῗῗῖῗῗῖῗ,ἾῖίῖῗῗῖῗὶῖἷῩῖέῗξὶῗῗῗξξονξῗίίἷᾶδὶῖ

1919 3359 2115 3433 Implet
2139 3361 2359 3418 fatalem
2390 3363 2652 3420 decadem
2681 3367 2785 3424 sibi
2819 3367 3310 3428 VESPASIANUS.

211 3432 431 3529 {rimus
461 3430 978 3529 resﬁlej'jgpglffec“
1006 3431 1246 3490 JULIUS
1273 3433 1452 3529 aulai?
1919 3430 2048 3518 Ter,
2070 3453 2386 3512 dominante
2417 3454 2599 3523 TITO,
2623 3458 2790 3529 cingit
2820 3475 2958 3514 nova
2988 3459 3172 3516 laurea
3203 3461 3401 3518 Janum
3438 3483 3449 3516 :

211 3526 418 3596 Cmsar,
447 3534 502 3581 et
523 3524 848 3582 AUGUSTO
889 3541 1089 3582 nomen
1124 3525 1484 3596 transcripsit,
1515 3533 1572 3580 et
1608 3540 1810 3582 arcem.
1919 3545 1975 3614 ρ,

1919 3545 2265 3617 Quindecies,
2297 3551 2456 3604 smvis
2486 3550 2691 3620 potitur
2716 3524 2844 3606 dum
2885 3551 3170 3610 FRATER
3200 3554 3448 3612 habenis.

213 3620 506 3690 Privignus
525 3627 650 3689 post
678 3617 820 3674 lnmc
841 3628 1034 3689 regnat
1052 3616 1238 3673 NERO
1261 3616 1633 3686 CLAUDIUS,
1655 3634 1683 3672 a
1708 3632 1816 3689 quo

212 3711 489 3776 CAESAR,
520 3725 820 3782 cognomen
845 3708 1042 3781 Caliga:
1071 3710 1155 3764 cui
1180 3718 1357 3764 castra
1389 3708 1678 3764 dederunt.
2425 3709 2500 3765 De
2526 3711 2774 3766 mortibus
2801 3728 3000 3768 eorum.

211 3803 912 3918 ςξςιιξυωυὲυίηξῐδοιίίξτ
927 3812 1426 3918 τῗξέθζρῗδξξυξθξξ]
1440 3801 1628 3918 1:5“?
1639 3815 1816 3918 ξῗδνξξῗ
1921 3844 2162 3902 JULIUS
2191 3843 2400 3900 interiit
2422 3844 2675 3902 CESAR
2699 3859 2985 3918 grassante
3008 3859 3220 3905 senatu.

222 3896 462 3997 suos
487 3896 813 3997 Emd‘im-
845 3896 1136 3997 Ροειιιξιιιο
1317 3911 1415 3997 ne?
1445 3896 1615 3997 ιτίιξυε
1919 3896 3261 3997 iam;tu;armis:.2;1:.:.'.;;;;;;;;..

1922 4032 2055 4091 Sera
2075 4048 2243 4090 senex
2269 4032 2494 4103 Capreis
2523 4032 2678 4087 exsul
2710 4032 2901 4088 NERO
2931 4034 3038 4088 fata
3070 4033 3300 4106 peregit.

1923 4127 2170 4200 Expetiit
2191 4141 2382 4199 poenas
2406 4127 2474 4183 de
2502 4125 2802 4183 CAESARE
2830 4126 3058 4183 Chaerea
3106 4129 3308 4184 mollis.

1919 4219 2265 4278 CLAUDIUS
2293 4219 2544 4291 ambiguo
2571 4220 2843 4276 conclusit
2875 4217 2987 4275 fata
3018 4218 3256 4277 veneno.

1922 4314 2198 4372 Matricida
2221 4311 2409 4370 ΝΕΠο
2439 4313 2644 4384 proprii
2685 4314 2793 4368 vim
2825 4312 3048 4384 pertulit
3086 4314 3255 4369 ensis.

1922 4407 2151 4464 GALBA
2187 4421 2353 4462 senex
2386 4405 2547 4477 periit
2573 4420 2718 4460 saevo
2749 4412 3058 4476 prostratus
3078 4403 3377 4461 OTHONE.

1926 4503 2048 4558 Mox
2077 4500 2220 4558 Otho
2250 4500 2511 4568 famosus,
2544 4500 2691 4555 clara
2719 4499 2814 4555 sed
2842 4507 3019 4555 morte
3045 4501 3273 4570 potitus.

217 3990 456 4048 GALBA
488 4005 680 4058 senex,
713 3990 914 4046 frustra
941 3991 1089 4046 socio
1117 3991 1357 4046 conlisus
1385 3990 1545 4046 inerti
1576 4007 1589 4043 :

216 4083 394 4142 Mollis
421 4084 608 4140 OTHO
633 4126 650 4154 ,
681 4084 866 4139 infami
901 4099 998 4154 per
1028 4084 1214 4140 luxum
1243 4083 1481 4155 degener
1508 4097 1626 4139 aevo
1653 4100 1692 4138 :.

220 4176 331 4236 Nec
359 4192 531 4250 regno
561 4176 777 4248 dignus,
809 4191 908 4233 nec
937 4185 1116 4232 morte
1153 4173 1516 4232 VITELLIUS
1537 4181 1597 4230 ut
1617 4174 1715 4230 vir.
1743 4169 1766 4174 ”

216 4269 310 4327 Ilis
341 4269 614 4338 decimus,
649 4268 868 4340 fatoque
906 4269 1113 4325 accitus
1134 4267 1634 4325 VESPASIANUS.

217 4362 288 4418 Et
313 4362 522 4420 TITUS
551 4363 763 4434 imperii
787 4361 917 4418 felix
941 4362 1210 4418 brevitate
1228 4402 1244 4428 ,
1275 4371 1500 4418 secutus

222 4457 442 4527 Frater,
474 4473 637 4529 quem
661 4457 946 4514 CALVUM
971 4456 1111 4513 dixit
1132 4472 1228 4512 sua
1258 4456 1430 4512 Roma
1457 4455 1812 4513 NERONEM.

553 4571 778 4646 Tempus
804 4573 1008 4644 imperii
1034 4571 1085 4626 Χ
1091 4569 1119 4625 1
1127 4571 1150 4626 ι
1182 4570 1472 4627 διεεαναητο
1846 4555 1904 4619 Ῑ)
1927 4555 2820 4665 ἔιξόὶιῖέρέυοοεάιιηῖιιετίιηοηάί
2848 4555 3063 4663 sceptra
3084 4590 3384 4649 VITELLI.

219 4687 483 4755 IULIUS,
509 4696 568 4744 ut
595 4687 908 4761 perhibent,
935 4687 1092 4744 divus
1124 4687 1405 4745 trieteride
1433 4696 1644 4759 regnat.
1928 4686 2237 4743 Laudatum
2267 4686 2582 4757 imperium,
2613 4699 2762 4742 mors
2793 4684 2932 4742 lenis
2971 4683 3423 4742 VESPASIANO.

220 4779 590 4840 AUGUSTUS
618 4788 742 4851 post
771 4779 940 4836 lustra
957 4779 1146 4836 decem
1164 4794 1264 4836 sex
1289 4789 1747 4851 prorogatannos,
1926 4779 1999 4835 At
2028 4778 2256 4850 Tl'l‘US,
2283 4778 2434 4835 orbis
2455 4793 2630 4846 amor,
2660 4778 2870 4850 rapitur
2900 4778 3228 4837 ﬂorentibus
3252 4779 3430 4835 annis.

223 4872 294 4929 Et
325 4883 409 4930 ter
436 4873 678 4945 septenis
703 4873 951 4945 geminos
977 4872 1165 4928 NERO
1204 4869 1546 4930 CLAUDIUS
1572 4871 1741 4928 addit.
1929 4871 2064 4930 Sera
2086 4888 2310 4945 gravem
2326 4872 2622 4944 perimunt,
2636 4871 2887 4944 sedjusta
2900 4871 3138 4944 piacula,
3159 4871 3526 4928 FRATREM.

1430 5086 2286 5174 TETRASTICHA.

455 5233 501 5288 Α
523 5227 670 5288 Julia
700 5230 901 5289 Cwsare
924 5243 1085 5305 usque
1115 5230 1182 5287 ad
1211 5239 1443 5303 tempore
1469 5245 1582 5285 sita.
1999 5227 2351 5296 Consulibus,
2384 5226 2571 5286 Caesar
2596 5226 2777 5286 Julius
2800 5226 3057 5286 obtinuit.

1927 5319 2044 5377 Sed
2075 5319 2240 5376 breve
2259 5319 2350 5391 jus
2381 5319 2555 5392 regni,
2588 5321 2706 5378 sola
2739 5318 3025 5377 trieteride
3053 5321 3290 5387 gestum,

221 5348 376 5409 Nunc
399 5357 456 5407 et
481 5349 802 5423 prmdictos,
824 5357 883 5405 et
905 5349 1058 5422 regni
1082 5357 1230 5407 sorte
1255 5356 1546 5421 sequentes
1927 5348 2044 5424 “cf
2075 5348 2350 5424 “"19”
2383 5348 2555 5424 ’έδηζν
2588 5348 2726 5424 δέξω,

1998 5411 2241 5484 Perculit
2267 5423 2493 5470 armatae
2522 5414 2686 5472 factio
2709 5417 2851 5470 vaa
2878 5421 3036 5483 togae.

293 5442 617 5515 Expediam,
649 5443 830 5500 series
859 5456 996 5512 quos
1024 5450 1176 5500 tenet
1202 5442 1444 5514 imperii.

221 5536 481 5608 Incipiam
512 5535 582 5591 ab
603 5534 758 5602 Divo,
794 5547 1231 5604 percurramque
1253 5535 1446 5592 ordine
1475 5543 1722 5603 cunctos,
2362 5525 2426 5583 Il.
2462 5525 2774 5582 Octavianus
2799 5525 3085 5594 Angustus.

291 5628 428 5687 Novi
456 5628 718 5685 Romana:
747 5639 886 5698 quos
922 5639 1132 5682 memor
1162 5625 1426 5682 historice.
1930 5639 1973 5698 υ

1930 5639 2104 5708 Ultor,
2133 5653 2529 5713 successorque
2557 5637 2754 5695 dehinc
2775 5635 3054 5702 Octavius,
3081 5631 3224 5690 idem

790 5737 832 5792 Ι.
865 5734 1039 5792 Julius
1077 5736 1271 5792 Cmsar.
1998 5734 2183 5792 Caesar
2214 5755 2226 5790 :
2257 5744 2314 5793 at
2337 5735 2567 5809 Augusti
2591 5732 2816 5789 nomine
2843 5729 3084 5788 nobilior
3110 5745 3131 5795 ς

221 5792 538 5912 Imperium,
569 5832 712 5892 binis
733 5831 910 5890 fuerat
934 5831 1182 5890 solemne
1201 5830 1346 5903 quod
1375 5830 1510 5892 olim
1933 5830 2235 5905 Longatva,
2261 5841 2317 5890 et
2339 5792 2634 5902 numquam
2661 5825 2844 5884 dubiis
2867 5823 3065 5882 violata
3088 5826 3360 5894 potestas,
3416 5873 3433 5896 λ
