4072 6306
565 308 666 364 871
1961 299 2143 360 DECll

2270 300 2460 363 l'SONII
3755 304 3845 363 8η

1021 472 1032 486 ,
1087 465 1094 470 .
1191 419 1304 474 XII.
1342 417 1550 474 Tolosa.

570 535 688 594 Non
720 529 972 606 umquam
1000 535 1245 591 altricem
1275 535 1446 590 nostri
1480 533 1720 591 reticebo
1749 533 2000 592 Tolosam
2020 575 2038 603 ,

569 630 866 687 Coctilibus
887 630 1058 687 muris
1079 645 1240 701 quam
1265 629 1460 685 circuit
1479 630 1714 686 ambitus
1742 630 1954 701 ingens,

569 725 780 796 Perque
806 725 948 781 latus
978 723 1206 796 pulchro
1232 723 1545 794 praelabitur
1575 740 1738 781 amne
1767 725 2042 782 Garumna
2071 741 2086 777 :

571 817 883 874 lnnumeris
911 818 1111 873 cultam
1143 817 1379 888 populis,
1413 817 1649 873 confinia
1678 829 1900 890 propter

539 939 542 942 ~
571 908 842 983 Ninguida
869 911 1139 981 Pyrenes,
1167 920 1222 966 et
1253 910 1412 983 pinea
1437 910 1810 967 Cebennarum
1835 955 1850 980 ,

571 1005 714 1060 Inter
733 1003 1030 1076 Aquitanas
1056 1013 1246 1076 gentes
1271 1014 1326 1062 et
1356 1020 1551 1062 nomen
1578 1005 1811 1061 Iberum.

567 1101 702 1170 Quae
727 1103 891 1159 modo
919 1101 1303 1174 quadruplices
1328 1117 1394 1158 ex
1426 1117 1486 1158 se
1518 1117 1638 1158 cum
1666 1099 1923 1156 eﬂ'uderit
1950 1098 2131 1165 urbes,

569 1194 689 1252 Non
714 1195 824 1251 ulla
855 1195 1139 1251 exhausta:
1167 1194 1337 1250 sentit
1362 1194 1643 1266 dispendia
1673 1193 1845 1264 plebis
1871 1210 1884 1245 :

572 1291 721 1361 Quos
747 1292 935 1365 genuit
963 1302 1195 1348 cunctos
1225 1291 1432 1362 gremio
1459 1291 1738 1361 complexa
1770 1288 2015 1346 colonos.

1203 1404 1339 1459 XIII.
1375 1403 1574 1459 Narbo.

574 1518 689 1577 Nec
717 1527 795 1589 tu,
832 1519 1022 1575 Martie
1051 1519 1253 1586 Narbo,
1286 1517 1560 1574 silebere:
1595 1517 1815 1574 nomine
1841 1518 1996 1586 cujus

571 1613 715 1670 Fusa
749 1627 847 1682 per
875 1612 1202 1668 immensum
1231 1611 1504 1682 quondam
1539 1609 1818 1682 provincia
1847 1621 2072 1679 regnum
2095 1646 2112 1673 ,

573 1707 816 1764 Obtinuit
847 1708 1048 1764 multos
1074 1705 1389 1762 dominandi
1417 1707 1541 1777 jure
1562 1706 1812 1761 colonos.

571 1800 857 1857 lnsinuant
885 1815 992 1873 qua
1019 1815 1079 1856 se
1111 1799 1380 1876 Sequanis
1411 1799 1736 1869 Allobroges
1763 1798 1912 1855 oris:

574 1895 998 1967 Excluduntque
1024 1895 1190 1950 Italos
1218 1895 1414 1966 Alpina
1446 1894 1726 1949 cacumina
1761 1894 1894 1946 lines
1921 1909 1933 1943 :

572 1988 688 2058 Qua
718 1987 1040 2059 Pyrenaicis
1068 1987 1282 2044 nivibus
1311 1985 1641 2042 dirimuntur
1668 1983 1810 2039 lberi
1837 2002 1849 2036 :

573 2085 688 2150 Qua
715 2081 924 2151 rapitur
957 2094 1199 2152 praeceps
1231 2079 1529 2136 Rhodanus
1561 2079 1811 2150 genitore
1840 2061 2135 2143 Lemanno,

575 2174 919 2244 lnteriusque
945 2182 1199 2244 premunt
1224 2173 1546 2243 Aquitanica
1577 2186 1703 2226 rura
1733 2168 2030 2236 Gebennas,

574 2265 756 2338 Usque
789 2266 842 2322 in
865 2265 1198 2336 Tectosagos
1227 2265 1490 2336 paganica
1523 2263 1743 2319 nomina
1776 2263 1996 2332 Volcas,

576 2361 770 2417 Totum
791 2360 974 2417 Narbo
1005 2360 1127 2416 fuit.
1162 2359 1242 2415 Tu
1271 2359 1442 2416 Gallia
1474 2359 1650 2430 prima
1680 2359 1843 2429 togati

571 2455 819 2512 Nominis
844 2455 1052 2511 attollis
1079 2455 1233 2510 Latio
1261 2453 1589 2524 proconsule
1618 2451 1816 2509 fasces.

571 2551 703 2620 Quis
735 2561 1001 2607 memoret
1031 2561 1327 2621 portusque
1357 2558 1501 2616 tuos,
1528 2560 1851 2620 montesque
1873 2548 2180 2621 lacusque].l

571 2645 704 2714 Quis
732 2646 962 2718 populos
987 2647 1140 2702 vario
1171 2645 1488 2702 discrimine
1516 2645 1706 2712 vestis,
1739 2655 1794 2700 et
1819 2644 1970 2700 oris?

574 2739 842 2810 Quodque
877 2739 972 2795 tibi
1005 2738 1278 2810 quondam
1307 2737 1470 2794 Pario
1505 2736 1575 2793 de
1606 2751 1884 2792 marmore
1915 2736 2176 2809 templum

572 2831 766 2889 Tanta:
796 2834 957 2890 molis
984 2841 1102 2890 erat
1121 2874 1137 2902 ,
1165 2843 1424 2904 quantam
1453 2847 1561 2887 non
1590 2839 1880 2902 sperneret
1905 2831 2037 2886 olim

575 2931 925 3004 Tarquinius,
955 2929 1292 3003 Catulusque
1324 2929 1521 2986 iterum
1542 2971 1555 2995 ,
1589 2939 1898 3000 postremus
1927 2936 1982 2984 et
2009 2926 2122 2996 ille,

574 3027 756 3080 Aurea
781 3025 874 3096 qui
903 3024 1092 3080 statuit
1118 3022 1350 3094 Capitoli
1372 3022 1606 3103 culmina
1637 3019 1855 3076 Caesar?

577 3119 656 3176 Te
678 3120 842 3176 maris
871 3119 972 3176 Eoi
1004 3135 1239 3188 merces,
1269 3129 1322 3174 et
1349 3118 1555 3175 lberica
1585 3117 1764 3173 ditant

577 3212 818 3284 :Equora
844 3232 856 3267 :
889 3223 942 3270 te
967 3213 1172 3269 classes
1199 3211 1419 3284 Libyci,
1446 3209 1728 3280 Siculique
1753 3207 2041 3279 profundi:

579 3309 647 3365 Et
671 3308 936 3380 quidquid
966 3308 1119 3363 vario
1143 3322 1242 3378 per
1270 3305 1527 3372 ﬂumina,
1561 3319 1658 3375 per
1684 3304 1818 3359 freta
1849 3317 2010 3358 cursu

578 3400 899 3468 Advehitur,
926 3408 1040 3456 toto
1067 3399 1161 3455 tibi
1193 3397 1410 3469 navigat
1438 3397 1574 3453 orbe
1600 3397 1913 3458 κατάπλους.

1137 3511 1280 3568 XIV.
1308 3511 1625 3585 Burdigala.

577 3609 744 3681 impia
774 3606 1090 3679 jamdudum
1121 3606 1426 3663 condemno
1452 3606 1667 3661 silentia
1689 3647 1704 3674 ,
1737 3603 1879 3676 quod
1913 3613 1988 3671 te,

581 3703 627 3758 Ο
654 3702 857 3773 patria,
891 3701 1160 3771 insignem
1185 3699 1421 3767 Baccho,
1457 3698 1764 3769 ﬂuviisque,
1797 3698 2057 3769 virisque,

581 3793 843 3863 Moribus,
865 3793 1205 3866 ingeniisque
1222 3791 1531 3861 hominum,
1551 3805 1950 3862 procerumque
1969 3797 2182 3857 senatu,

2199 421 2252 484 Α
2276 419 2395 476 Νοη
2423 419 2566 476 inter
2595 419 2797 490 primas
2824 430 3143 474 memorem.
3175 416 3339 486 Quasi
3367 417 3620 476 conscius
3643 420 3786 477 urbis

2275 514 2499 586 Exigua:
2527 513 2830 570 immeritas
2859 512 3098 568 dubitem
3127 515 3445 584 contingere
3473 513 3678 570 laudes.

2274 609 2392 665 Non
2416 610 2589 682 pudor
2612 610 2740 666 hinc
2761 608 2938 666 nobis.
2975 608 3084 665 Nec
3105 609 3250 664 enim
3281 608 3411 664 mihi
3439 609 3665 664 barbara
3690 608 3843 668 Rheni

2274 701 2385 758 Ora
2413 744 2427 770 ,
2455 717 2555 759 nec
2585 703 2791 758 Arctoo
2818 700 3013 757 domus
3043 710 3129 756 est
3156 699 3398 772 glacialis
3429 700 3480 755 in
3510 700 3710 757 Hanno.

2274 794 2563 865 Burdigala
2595 803 2680 850 est
2705 794 2883 849 natale
2907 793 3114 849 solum:
3148 792 3434 848 clementia
3462 792 3586 849 caeli

2274 887 2413 944 Mitis
2436 888 2556 955 ubi,
2589 896 2644 944 et
2671 888 2843 959 rigua:
2871 888 3014 958 larga
3043 885 3376 956 indulgentia
3407 895 3600 952 terras;

2278 981 2386 1037 Ver
2403 981 2642 1053 longum,
2659 979 2974 1050 brumasque
2997 977 3208 1045 breves,
3229 977 3356 1050 juga
3377 977 3601 1034 frondea
3617 977 3825 1060 subsunt

2275 1074 2515 1130 Fervent
2539 1089 2822 1145 aequoreos
2853 1073 3064 1129 imitata
3091 1072 3291 1129 ﬂuenta
3322 1082 3549 1128 meatus.
3815 1069 3817 1071 ’

2274 1167 2528 1236 Quadrua
2557 1182 2836 1222 murorum
2865 1165 3098 1236 species,
3125 1165 3204 1219 sic
3231 1163 3475 1220 turribus
3499 1161 3623 1218 altis

2277 1259 2490 1326 Ardua,
2526 1268 2586 1315 ut
2608 1259 2784 1314 aerias
2809 1259 3012 1313 intrent
3041 1258 3251 1327 fastigia
3281 1257 3473 1312 nubes.

2279 1352 2572 1407 Distinctas
2603 1351 2819 1407 interne
2849 1351 2964 1405 vias
2992 1349 3219 1419 mirere,
3247 1349 3536 1406 domorum

2276 1443 2615 1515 Dispositum
2638 1485 2653 1511 ,
2684 1454 2740 1500 et
2759 1444 2896 1498 latas
2923 1458 3122 1498 nomen
3154 1456 3379 1498 servare
3405 1441 3652 1514 plateas:

2276 1537 2413 1591 Tum
2447 1534 2844 1606 respondentes
2865 1533 3074 1591 directa
3106 1534 3161 1590 in
3180 1534 3414 1605 compita
3439 1543 3657 1605 portas,

2274 1629 2381 1685 Per
2407 1629 2755 1700 mediumque
2783 1627 2934 1684 urbis
2964 1628 3173 1684 fontani
3202 1627 3443 1683 ﬂuminis
3473 1629 3707 1684 alveum.

2275 1722 2447 1790 Quem
2478 1731 2633 1790 pater
2655 1722 2905 1778 Oceanus
2944 1721 3120 1778 reﬂuo
3147 1737 3271 1777 cum
3302 1720 3614 1792 impleverit
3639 1730 3791 1788 :estu,

2200 1822 2250 1883 Β
2278 1815 2454 1869 Allabi
2482 1822 2653 1869 totum
2686 1814 2963 1885 spectabis
3005 1815 3271 1870 classibus
3301 1830 3507 1886 aequor.

2275 1907 2416 1976 Quid
2447 1923 2745 1964 memorem
2789 1907 2950 1964 Pario
2982 1917 3292 1964 contectum
3347 1922 3623 1963 marmore
3673 1907 3845 1965 fontem

2275 2000 2467 2073 Euripi
2490 1999 2713 2057 fervere
2739 2001 2918 2068 freto;
2951 2009 3151 2072 quanta
3175 2000 3363 2056 umbra
3396 1999 3646 2072 profundi
3683 2002 3698 2055 !

2274 2097 2521 2164 Quantus
2551 2095 2605 2151 in
2629 2111 2790 2153 amne
2817 2096 3027 2151 tumor!
3049 2103 3250 2167 quanto
3272 2096 3382 2151 ruit
3404 2095 3618 2166 agmine
3636 2108 3848 2166 praeceps

2276 2191 2520 2262 Margine
2550 2193 2790 2247 contenti
2818 2191 3035 2248 bissena
3069 2206 3168 2261 per
3198 2191 3336 2247 ostia
3367 2204 3594 2259 cursus,

2279 2287 2603 2343 Innumeros
2629 2285 2810 2356 populi
2843 2300 2951 2341 non
2981 2301 3237 2356 umquam
3261 2283 3556 2340 exhaustus
3601 2283 3665 2339 ad
3706 2281 3848 2338 usus!

2279 2380 2437 2436 llunc
2466 2393 2722 2450 cuperes,
2753 2394 2850 2435 rex
2876 2377 3059 2446 Mede,
3090 2379 3196 2434 tuis
3225 2378 3545 2448 contingere
3573 2376 3791 2444 castris,

2281 2473 2526 2530 Flumina
2569 2481 2895 2544 consumpto
2922 2488 3044 2529 cum
3073 2471 3328 2529 defecere
3351 2483 3533 2528 meatu
3565 2491 3579 2528 :

2281 2570 2456 2642 Hujus
2483 2570 2649 2625 fontis
2670 2584 2838 2640 aquas
2869 2569 3184 2639 peregrinas
3208 2569 3349 2626 ferre
3381 2583 3478 2638 per
3501 2567 3664 2623 urbes
3682 2608 3698 2634 ,

2281 2663 2461 2721 Unum
2495 2679 2592 2735 per
2613 2673 2841 2720 cunctas
2865 2663 3054 2718 solitus
3082 2670 3302 2732 portare
3329 2662 3654 2732 Choaspem.

2354 2757 2535 2827 Salve,
2571 2756 2691 2812 fons
2718 2757 2902 2828 ignote
2930 2765 3085 2822 ortu,
3118 2769 3310 2822 sacer,
3338 2755 3505 2821 alme,
3529 2752 3790 2824 perennis,

2283 2852 2501 2918 Viti-ee,
2527 2853 2719 2923 glauce
2738 2893 2753 2918 ,
2784 2850 3080 2922 profunde,
3112 2864 3312 2905 sonore
3331 2890 3346 2915 ,
3382 2849 3601 2914 illimis,
3626 2861 3795 2918 opace.

2282 2946 2470 3016 Salve,
2501 2945 2651 3002 urbis
2673 2945 2864 3016 genius
2883 2986 2898 3011 ,
2932 2943 3144 2998 medico
3166 2939 3419 3013 potabilis
3440 2940 3634 2996 haustu
3652 2981 3667 3006 ,

2284 3038 2543 3096 DIVONA
2571 3037 2850 3094 Celtarum
2881 3038 3060 3108 lingua
3085 3080 3100 3104 ,
3135 3035 3255 3091 fons
3277 3034 3468 3090 addite
3494 3033 3650 3088 divis.

2284 3133 2401 3191 Non
2429 3132 2654 3204 Aponus
2676 3140 2803 3203 potu
2827 3174 2842 3199 ,
2881 3132 3052 3186 vitrea
3076 3144 3182 3186 non
3212 3130 3331 3184 luce
3355 3127 3654 3184 Nemausus

2207 3225 2254 3289 C
2284 3228 2476 3285 Purior
2505 3245 2520 3295 ;
2549 3241 2804 3298 mquoreo
2833 3241 2944 3282 non
2975 3225 3184 3296 plenior
3212 3239 3373 3280 amne
3399 3223 3669 3278 Timavus.

2360 3321 2460 3376 llic
2489 3321 2642 3376 labor
2668 3329 2946 3376 extremus
2971 3319 3221 3374 celebres
3246 3315 3532 3388 collegerit
3552 3315 3723 3370 urbes.

2287 3412 2469 3484 thue
2497 3420 2662 3483 caput
2691 3411 2904 3468 numeri
2937 3411 3106 3466 Roma
3139 3409 3369 3481 inclyta,
3398 3408 3479 3465 sic
3507 3407 3678 3478 capite
3699 3405 3790 3460 isto

2288 3507 2577 3578 Burdigala
2610 3507 2832 3578 ancipiti
2863 3505 3152 3562 conﬂrmet
3181 3503 3385 3558 vertice
3414 3499 3616 3557 sedem.

2288 3599 2415 3656 Haec
2440 3601 2615 3672 patria
2638 3607 2724 3655 est
2757 3616 2769 3654 :
2796 3599 2998 3669 patrias
3027 3597 3120 3652 scd
3152 3597 3323 3651 Roma
3353 3593 3664 3665 supervenit
3687 3601 3849 3646 omnes

2288 3693 2466 3764 Diligo
2494 3692 2836 3764 Burdigalam
2873 3710 2886 3747 :
2916 3693 3146 3747 Romam
3183 3689 3325 3746 colo.
3359 3681 3507 3744 Civis
3528 3688 3579 3744 in
3608 3687 3702 3742 hac
3718 3699 3847 3749 sum,

2289 3785 2494 3844 Consul
2523 3785 2581 3842 in
2603 3786 2886 3843 ambabus.
2916 3783 3082 3841 Cunae
3124 3785 3245 3854 hic,
3278 3781 3351 3839 ibi
3384 3782 3518 3840 sella
3537 3779 3745 3838 curulis.

581 3904 3814 3930 ______________.__.__._.___..—__________.__—-

1368 3988 1769 4073 LUDUS
1845 3979 2306 4070 SEPTEM
2381 3979 3091 4068 SAPIENTUM.

1258 4129 1586 4193 Ausonius
1619 4127 1847 4191 consul
1881 4125 2114 4191 Latino
2142 4124 2473 4207 Drepanio
2501 4127 2739 4189 Pacato
2771 4125 3170 4206 proconsuli.

577 4254 912 4331 lgnosceuda
937 4255 1129 4313 isthacc
1145 4297 1160 4325 ,
1194 4269 1260 4310 an
1284 4253 1662 4326 cognoscenda
1685 4253 1890 4320 rearis;

648 4352 869 4408 Attento
887 4396 900 4420 ,
926 4348 1185 4421 Drepani,
1211 4348 1430 4420 perlege
1451 4346 1678 4419 judicio.

579 4445 936 4516 .Equanimus
966 4447 1092 4500 fiam
1122 4454 1174 4499 te
1200 4443 1383 4514 judice
1417 4461 1428 4496 :
1457 4443 1574 4498 sive
1596 4441 1826 4514 legenda
1848 4481 1864 4508 ,

652 4538 779 4596 Sive
809 4537 1040 4608 tegenda
1070 4545 1228 4609 putes
1249 4536 1524 4605 carmina,
1558 4551 1678 4608 qua:
1709 4534 1986 4591 dedimus.

577 4628 714 4686 Nam
737 4629 971 4699 primum
999 4638 1088 4684 est
1108 4629 1373 4686 meruisse
1422 4638 1572 4684 tuum
1593 4669 1608 4695 ,
1643 4627 1838 4683 Pacate
1858 4669 1873 4696 ,
1898 4625 2140 4682 favorem
2167 4640 2181 4679 :

653 4724 909 4780 Proxima
940 4721 1156 4780 defensi
1187 4736 1323 4779 cura
1353 4721 1576 4792 pudoris
1602 4722 1727 4778 erit.

580 4819 812 4877 Possum
843 4831 944 4888 ego
972 4831 1260 4873 censuram
1285 4815 1506 4872 lectoris
1537 4815 1678 4871 ferre
1701 4814 1884 4871 severi
1919 4831 1932 4868 :

651 4910 720 4966 Et
751 4922 971 4981 possum
1019 4905 1234 4962 modica
1262 4904 1664 4978 laudeplacere
1691 4904 1846 4960 mihi.

578 5003 745 5061 Novit
771 5016 946 5074 equus
970 5001 1177 5072 plausae
1197 4999 1431 5056 sonitum
1460 4999 1691 5057 cervicis
1721 5012 1907 5055 amare
1933 5012 1949 5054 :

649 5096 812 5153 Novit
836 5103 893 5152 et
919 5091 1222 5164 intrepidus
1248 5090 1478 5149 verbera
1508 5093 1656 5148 lenta
1681 5091 1812 5162 pati.

581 5189 810 5248 Maeonio
839 5188 1056 5261 qualem
1086 5186 1290 5244 cultum
1323 5184 1574 5257 quaesivit
1602 5185 1840 5242 Homero

649 5282 862 5341 Censor
889 5281 1269 5348 Aristarchus,
1298 5293 1604 5352 normaque
1626 5279 1909 5337 Zenodoti.

579 5378 730 5436 Pone
749 5376 941 5434 obelos
967 5377 1128 5448 igitur
1149 5373 1460 5447 spuriorum
1487 5373 1739 5444 stigmata
1767 5381 1971 5428 vatum.

649 5469 898 5538 Palmas,
927 5482 1034 5524 non
1062 5468 1254 5539 culpas
1284 5479 1408 5524 esse
1435 5466 1640 5537 putabo
1670 5480 1843 5524 meas.

580 5565 650 5622 Et
669 5571 919 5622 correcta
950 5563 1152 5634 magis,
1183 5576 1346 5634 quam
1374 5558 1736 5616 condemnata
1763 5557 2000 5626 vocabo,

647 5660 901 5729 Apponet
926 5655 1071 5712 docti
1099 5670 1221 5726 quin
1251 5653 1381 5710 mihi
1413 5654 1544 5709 lima
1587 5653 1712 5708 viri.

578 5750 798 5808 Interea
834 5749 1046 5805 arbitrii
1074 5748 1352 5805 subiturus
1380 5745 1620 5819 pondera
1643 5744 1778 5802 tanti
1801 5786 1816 5811 ,

649 5841 898 5919 Optabo,
921 5850 981 5899 ut
1000 5842 1242 5914 placeam
1270 5859 1281 5895 :
1307 5843 1391 5901 sin
1431 5841 1611 5900 minus
1628 5884 1645 5913 ,
1671 5851 1731 5899 ut
1760 5841 1980 5898 lateam.

2206 4523 2261 4584 D

2953 4249 3235 4324 Prologus.

2429 4348 2650 4420 Septem
2681 4348 2958 4419 sapientes
2979 4389 2994 4415 ,
3025 4360 3226 4402 nomen
3243 4344 3438 4418 quibus
3476 4343 3614 4402 istud
3644 4342 3774 4400 dedit

2433 4439 2693 4511 Superior
2721 4449 2884 4508 aetas,
2915 4454 3014 4496 nec
3041 4447 3225 4495 secuta
3257 4437 3506 4504 sustulit,

2429 4531 2604 4588 Hodie
2636 4532 2690 4586 in
2715 4530 3056 4588 orchestram
3088 4530 3295 4603 palliati
3326 4529 3605 4600 prodeunt.

2430 4624 2570 4694 Quid
2600 4625 2875 4682 erubescis
2901 4634 2978 4694 tu,
3015 4632 3195 4696 togate
3219 4623 3482 4691 Romule,

2429 4717 2662 4776 Scenam
2691 4717 2833 4790 quod
2867 4718 3171 4774 introibant
3200 4727 3308 4772 tam
3338 4717 3469 4772 clari
3501 4715 3595 4770 viri
3622 4715 3643 4768 l

2425 4813 2592 4871 Nobis
2618 4813 2928 4885 pudendum
2959 4813 3092 4880 hoc,
3127 4827 3231 4868 non
3253 4819 3311 4868 et
3340 4811 3533 4866 Atticis
3557 4821 3775 4881 quoque,

2429 4907 2639 4976 Quibus
2668 4905 2942 4963 theatrum
2970 4905 3136 4962 curia:
3162 4905 3372 4976 praebet
3395 4905 3588 4961 vicem.

2429 4999 2645 5057 Nostris
2676 4999 2911 5072 negotiis
2937 5013 3033 5056 sua
3063 4999 3182 5055 loca
3207 4999 3404 5054 sortito
3431 4997 3552 5054 data
3579 5012 3595 5052 :

2428 5091 2668 5164 Campus
2697 5092 2966 5162 comitiis,
2999 5099 3060 5147 ut
3086 5089 3425 5162 Conscriptis
3445 5087 3590 5146 curia
3617 5101 3632 5141 ε

2424 5184 2659 5254 Forum,
2691 5194 2855 5256 atque
2888 5184 3087 5240 Rostra
3116 5182 3384 5254 separatis
3406 5180 3618 5239 civium.

2423 5277 2543 5336 Una
2573 5287 2658 5336 est
2681 5277 2942 5345 Athenis,
2970 5284 3136 5348 atque
3159 5275 3215 5331 in
3244 5275 3392 5331 omni
3422 5270 3616 5331 Graecia
3635 5308 3652 5338 ,

2429 5371 2512 5428 Ad
2541 5370 2938 5427 consulendum
2965 5369 3170 5442 publici
3199 5368 3361 5426 sedes
3391 5368 3494 5425 loci
3521 5385 3535 5422 :

2425 5465 2599 5534 Quam
2628 5464 2686 5520 in
2712 5465 2848 5521 urbe
2868 5471 3054 5520 nostra
3078 5463 3380 5520 seroluxus
3410 5456 3652 5519 condidit.

2425 5556 2623 5612 [Edilis
2644 5555 2772 5612 olim
2801 5570 3022 5613 scenam
3047 5554 3524 5628 tabulatalmdabat

2378 5713 2380 5715 ,
2426 5650 2620 5708 Subito
2643 5650 2934 5708 excitatam
2965 5651 3113 5706 nulla
3143 5649 3287 5707 mole
3316 5663 3497 5706 saxea.

2425 5741 2663 5799 Muraena
2689 5742 2769 5800 sic
2795 5782 2815 5812 ,
2841 5749 2898 5798 et
2922 5741 3148 5798 Gallius.
3173 5741 3308 5799 Nota
3334 5741 3567 5812 eloquar.

2426 5833 2721 5909 Postquam
2743 5844 3019 5908 potentes,
3043 5851 3143 5912 nec
3171 5845 3424 5897 νθῐεηιοε
3451 5836 3753 5905 sumptuum:
