  <div class='ocr_page' id='page_1' title='image "/cluster/home/n/w/nwhite01/storage/ocr_20150623/19/hvd.32044015471345/446.png"; bbox 0 0 4072 6306; ppageno 0'>
   <div class='ocr_carea' id='block_1_1' title="bbox 211 325 3506 404">
    <p class='ocr_par' dir='ltr' id='par_1_1' title="bbox 211 325 3506 404">
     <span class='ocr_line' id='line_1_1' title="bbox 211 325 3506 404; baseline 0.003 -10"><span class='ocrx_word' id='word_1_1' title='bbox 211 333 314 394; x_wconf 73' lang='lat'><strong>875</strong></span> <span class='ocrx_word' id='word_1_2' title='bbox 1172 340 1188 347; x_wconf 70' lang='grc'><em>’</em></span> <span class='ocrx_word' id='word_1_3' title='bbox 1383 336 1610 396; x_wconf 87' lang='lat' dir='ltr'><strong>LUDUS</strong></span> <span class='ocrx_word' id='word_1_4' title='bbox 1646 329 1931 395; x_wconf 82' lang='lat' dir='ltr'><strong>SEPTEM</strong></span> <span class='ocrx_word' id='word_1_5' title='bbox 1975 335 2398 398; x_wconf 75' lang='lat' dir='ltr'><strong>SAPIENTUM.</strong></span> <span class='ocrx_word' id='word_1_6' title='bbox 3400 325 3506 404; x_wconf 74' lang='lat' dir='ltr'><strong>su</strong></span> 
     </span>
    </p>
   </div>
   <div class='ocr_carea' id='block_1_2' title="bbox 211 449 3143 522">
    <p class='ocr_par' dir='ltr' id='par_1_2' title="bbox 211 449 3143 522">
     <span class='ocr_line' id='line_1_2' title="bbox 211 449 3143 522; baseline 0.001 -14"><span class='ocrx_word' id='word_1_7' title='bbox 211 451 416 508; x_wconf 84' lang='lat' dir='ltr'><strong>Nomen</strong></span> <span class='ocrx_word' id='word_1_8' title='bbox 450 463 689 520; x_wconf 86' lang='lat' dir='ltr'><strong>perenne</strong></span> <span class='ocrx_word' id='word_1_9' title='bbox 715 449 1105 519; x_wconf 83' lang='lat' dir='ltr'><strong>crediderunt,</strong></span> <span class='ocrx_word' id='word_1_10' title='bbox 1137 451 1181 507; x_wconf 89' lang='lat' dir='ltr'><strong>si</strong></span> <span class='ocrx_word' id='word_1_11' title='bbox 1205 453 1374 509; x_wconf 86' lang='lat' dir='ltr'><strong>semel</strong></span> <span class='ocrx_word' id='word_1_12' title='bbox 1828 451 1880 512; x_wconf 84' lang='lat' dir='ltr'><strong>A</strong></span> <span class='ocrx_word' id='word_1_13' title='bbox 1913 451 2010 508; x_wconf 86' lang='lat' dir='ltr'><strong>llis</strong></span> <span class='ocrx_word' id='word_1_14' title='bbox 2041 453 2094 508; x_wconf 92' lang='lat' dir='ltr'><strong>in</strong></span> <span class='ocrx_word' id='word_1_15' title='bbox 2119 453 2326 522; x_wconf 91' lang='lat' dir='ltr'><strong>beatis,</strong></span> <span class='ocrx_word' id='word_1_16' title='bbox 2355 455 2511 510; x_wconf 82' lang='lat' dir='ltr'><strong>dives</strong></span> <span class='ocrx_word' id='word_1_17' title='bbox 2539 454 2787 510; x_wconf 89' lang='lat' dir='ltr'><strong>insanum</strong></span> <span class='ocrx_word' id='word_1_18' title='bbox 2815 453 2867 510; x_wconf 92' lang='lat' dir='ltr'><strong>in</strong></span> <span class='ocrx_word' id='word_1_19' title='bbox 2897 455 3143 521; x_wconf 89' lang='lat' dir='ltr'><strong>modum,</strong></span> 
     </span>
    </p>
   </div>
   <div class='ocr_carea' id='block_1_3' title="bbox 209 543 3122 621">
    <p class='ocr_par' dir='ltr' id='par_1_3' title="bbox 209 543 3122 621">
     <span class='ocr_line' id='line_1_3' title="bbox 209 543 3122 621; baseline 0.001 -18"><span class='ocrx_word' id='word_1_20' title='bbox 209 547 537 603; x_wconf 88' lang='lat' dir='ltr'><strong>Constructa</strong></span> <span class='ocrx_word' id='word_1_21' title='bbox 570 543 743 600; x_wconf 88' lang='lat' dir='ltr'><strong>moles</strong></span> <span class='ocrx_word' id='word_1_22' title='bbox 761 559 930 601; x_wconf 85' lang='lat' dir='ltr'><strong>saxeo</strong></span> <span class='ocrx_word' id='word_1_23' title='bbox 960 544 1281 602; x_wconf 76' lang='lat' dir='ltr'><strong>fundamine</strong></span> <span class='ocrx_word' id='word_1_24' title='bbox 1915 545 2207 602; x_wconf 87' lang='lat' dir='ltr'><strong>Lateribus</strong></span> <span class='ocrx_word' id='word_1_25' title='bbox 2229 547 2410 603; x_wconf 85' lang='lat' dir='ltr'><strong>aureis</strong></span> <span class='ocrx_word' id='word_1_26' title='bbox 2431 550 2628 618; x_wconf 91' lang='lat' dir='ltr'><strong>templa</strong></span> <span class='ocrx_word' id='word_1_27' title='bbox 2656 550 2748 621; x_wconf 93' lang='lat' dir='ltr'><strong>qui</strong></span> <span class='ocrx_word' id='word_1_28' title='bbox 2777 548 2916 604; x_wconf 91' lang='lat' dir='ltr'><strong>divis</strong></span> <span class='ocrx_word' id='word_1_29' title='bbox 2935 549 3122 608; x_wconf 86' lang='lat' dir='ltr'><strong>dabat.</strong></span> 
     </span>
    </p>
   </div>
   <div class='ocr_carea' id='block_1_4' title="bbox 209 636 3076 713">
    <p class='ocr_par' dir='ltr' id='par_1_4' title="bbox 209 636 3076 713">
     <span class='ocr_line' id='line_1_4' title="bbox 209 636 3076 713; baseline 0.002 -19"><span class='ocrx_word' id='word_1_30' title='bbox 209 638 266 694; x_wconf 91' lang='lat' dir='ltr'><strong>In</strong></span> <span class='ocrx_word' id='word_1_31' title='bbox 291 651 459 693; x_wconf 90' lang='lat' dir='ltr'><strong>omne</strong></span> <span class='ocrx_word' id='word_1_32' title='bbox 487 645 700 706; x_wconf 78' lang='lat' dir='ltr'><strong>tempus</strong></span> <span class='ocrx_word' id='word_1_33' title='bbox 729 636 991 694; x_wconf 90' lang='lat' dir='ltr'><strong>conderet</strong></span> <span class='ocrx_word' id='word_1_34' title='bbox 1017 636 1162 692; x_wconf 88' lang='lat' dir='ltr'><strong>ludis</strong></span> <span class='ocrx_word' id='word_1_35' title='bbox 1181 637 1359 695; x_wconf 90' lang='lat' dir='ltr'><strong>locum</strong></span> <span class='ocrx_word' id='word_1_36' title='bbox 1394 657 1409 693; x_wconf 88' lang='lat'><strong>:</strong></span> <span class='ocrx_word' id='word_1_37' title='bbox 1916 637 1968 693; x_wconf 93' lang='lat' dir='ltr'><strong>Is</strong></span> <span class='ocrx_word' id='word_1_38' title='bbox 1989 653 2076 694; x_wconf 92' lang='lat' dir='ltr'><strong>me</strong></span> <span class='ocrx_word' id='word_1_39' title='bbox 2103 640 2374 695; x_wconf 84' lang='lat' dir='ltr'><strong>evocavit.</strong></span> <span class='ocrx_word' id='word_1_40' title='bbox 2406 640 2576 697; x_wconf 82' lang='lat' dir='ltr'><strong>Venio</strong></span> <span class='ocrx_word' id='word_1_41' title='bbox 2595 642 2742 698; x_wconf 91' lang='lat' dir='ltr'><strong>dicto</strong></span> <span class='ocrx_word' id='word_1_42' title='bbox 2771 642 3033 700; x_wconf 91' lang='lat' dir='ltr'><strong>obediens</strong></span> <span class='ocrx_word' id='word_1_43' title='bbox 3059 685 3076 713; x_wconf 85' lang='lat'><strong>,</strong></span> 
     </span>
    </p>
   </div>
   <div class='ocr_carea' id='block_1_5' title="bbox 209 727 2933 807">
    <p class='ocr_par' dir='ltr' id='par_1_5' title="bbox 209 727 2933 807">
     <span class='ocr_line' id='line_1_5' title="bbox 209 727 2933 807; baseline 0.001 -21"><span class='ocrx_word' id='word_1_44' title='bbox 209 730 449 787; x_wconf 87' lang='lat' dir='ltr'><strong>Cuneata</strong></span> <span class='ocrx_word' id='word_1_45' title='bbox 477 729 654 786; x_wconf 88' lang='lat' dir='ltr'><strong>crevit</strong></span> <span class='ocrx_word' id='word_1_46' title='bbox 677 728 796 786; x_wconf 72' lang='lat' dir='ltr'><strong>haec</strong></span> <span class='ocrx_word' id='word_1_47' title='bbox 822 729 1021 785; x_wconf 89' lang='lat' dir='ltr'><strong>theatri</strong></span> <span class='ocrx_word' id='word_1_48' title='bbox 1051 729 1384 788; x_wconf 74' lang='lat' dir='ltr'><strong>immanitas.</strong></span> <span class='ocrx_word' id='word_1_49' title='bbox 1917 727 2140 786; x_wconf 81' lang='lat' dir='ltr'><strong>Meliore</strong></span> <span class='ocrx_word' id='word_1_50' title='bbox 2161 738 2221 784; x_wconf 88' lang='lat' dir='ltr'><strong>ut</strong></span> <span class='ocrx_word' id='word_1_51' title='bbox 2249 730 2328 785; x_wconf 91' lang='lat' dir='ltr'><strong>uti</strong></span> <span class='ocrx_word' id='word_1_52' title='bbox 2357 745 2486 802; x_wconf 88' lang='lat' dir='ltr'><strong>rege</strong></span> <span class='ocrx_word' id='word_1_53' title='bbox 2519 735 2726 802; x_wconf 83' lang='lat' dir='ltr'><strong>possint</strong></span> <span class='ocrx_word' id='word_1_54' title='bbox 2755 734 2933 807; x_wconf 89' lang='lat' dir='ltr'><strong>Lydii.</strong></span> 
     </span>
    </p>
   </div>
   <div class='ocr_carea' id='block_1_6' title="bbox 214 819 3233 896">
    <p class='ocr_par' dir='ltr' id='par_1_6' title="bbox 214 819 3233 896">
     <span class='ocr_line' id='line_1_6' title="bbox 214 819 3233 896; baseline 0.005 -16"><span class='ocrx_word' id='word_1_55' title='bbox 214 822 506 893; x_wconf 87' lang='lat' dir='ltr'><strong>Pompeius</strong></span> <span class='ocrx_word' id='word_1_56' title='bbox 530 821 669 878; x_wconf 88' lang='lat' dir='ltr'><strong>hanc</strong></span> <span class='ocrx_word' id='word_1_57' title='bbox 691 863 707 888; x_wconf 96' lang='lat'><strong>,</strong></span> <span class='ocrx_word' id='word_1_58' title='bbox 738 831 795 877; x_wconf 90' lang='lat' dir='ltr'><strong>et</strong></span> <span class='ocrx_word' id='word_1_59' title='bbox 821 821 1020 879; x_wconf 88' lang='lat' dir='ltr'><strong>Balbus</strong></span> <span class='ocrx_word' id='word_1_60' title='bbox 1036 864 1052 891; x_wconf 92' lang='lat'><strong>,</strong></span> <span class='ocrx_word' id='word_1_61' title='bbox 1077 831 1132 879; x_wconf 90' lang='lat' dir='ltr'><strong>et</strong></span> <span class='ocrx_word' id='word_1_62' title='bbox 1157 823 1341 880; x_wconf 65' lang='lat' dir='ltr'><strong>Caesar</strong></span> <span class='ocrx_word' id='word_1_63' title='bbox 1367 823 1518 881; x_wconf 89' lang='lat' dir='ltr'><strong>dedit</strong></span> <span class='ocrx_word' id='word_1_64' title='bbox 1917 819 2126 891; x_wconf 80' lang='lat' dir='ltr'><strong>Rogat,</strong></span> <span class='ocrx_word' id='word_1_65' title='bbox 2158 820 2376 878; x_wconf 90' lang='lat' dir='ltr'><strong>beatum</strong></span> <span class='ocrx_word' id='word_1_66' title='bbox 2401 823 2626 893; x_wconf 85' lang='lat' dir='ltr'><strong>prodam</strong></span> <span class='ocrx_word' id='word_1_67' title='bbox 2647 867 2662 893; x_wconf 90' lang='lat'><strong>,</strong></span> <span class='ocrx_word' id='word_1_68' title='bbox 2691 826 2739 882; x_wconf 90' lang='lat' dir='ltr'><strong>si</strong></span> <span class='ocrx_word' id='word_1_69' title='bbox 2765 842 2926 896; x_wconf 85' lang='lat' dir='ltr'><strong>quem</strong></span> <span class='ocrx_word' id='word_1_70' title='bbox 2952 829 3193 885; x_wconf 79' lang='lat' dir='ltr'><strong>noverim</strong></span> <span class='ocrx_word' id='word_1_71' title='bbox 3218 846 3233 895; x_wconf 83' lang='lat'><strong>;</strong></span> 
     </span>
    </p>
   </div>
   <div class='ocr_carea' id='block_1_7' title="bbox 213 911 2970 988">
    <p class='ocr_par' dir='ltr' id='par_1_7' title="bbox 213 911 2970 988">
     <span class='ocr_line' id='line_1_7' title="bbox 213 911 2970 988; baseline 0.001 -16"><span class='ocrx_word' id='word_1_72' title='bbox 213 915 546 972; x_wconf 80' lang='lat' dir='ltr'><strong>Octavianus</strong></span> <span class='ocrx_word' id='word_1_73' title='bbox 569 956 584 983; x_wconf 93' lang='lat'><strong>,</strong></span> <span class='ocrx_word' id='word_1_74' title='bbox 608 924 992 972; x_wconf 87' lang='lat' dir='ltr'><strong>concertantes</strong></span> <span class='ocrx_word' id='word_1_75' title='bbox 1011 917 1339 988; x_wconf 86' lang='lat' dir='ltr'><strong>sumptibus.</strong></span> <span class='ocrx_word' id='word_1_76' title='bbox 1917 911 2123 969; x_wconf 84' lang='lat' dir='ltr'><strong>Telana</strong></span> <span class='ocrx_word' id='word_1_77' title='bbox 2153 913 2278 970; x_wconf 92' lang='lat' dir='ltr'><strong>dico</strong></span> <span class='ocrx_word' id='word_1_78' title='bbox 2307 914 2481 972; x_wconf 86' lang='lat' dir='ltr'><strong>civem</strong></span> <span class='ocrx_word' id='word_1_79' title='bbox 2515 931 2623 972; x_wconf 91' lang='lat' dir='ltr'><strong>non</strong></span> <span class='ocrx_word' id='word_1_80' title='bbox 2654 917 2970 988; x_wconf 80' lang='lat' dir='ltr'><strong>ignobilem.</strong></span> 
     </span>
    </p>
   </div>
   <div class='ocr_carea' id='block_1_8' title="bbox 214 1003 3152 1085">
    <p class='ocr_par' dir='ltr' id='par_1_8' title="bbox 214 1003 3152 1085">
     <span class='ocr_line' id='line_1_8' title="bbox 214 1003 3152 1085; baseline 0.001 -17"><span class='ocrx_word' id='word_1_81' title='bbox 214 1011 318 1068; x_wconf 89' lang='lat' dir='ltr'><strong>Sed</strong></span> <span class='ocrx_word' id='word_1_82' title='bbox 349 1025 457 1082; x_wconf 90' lang='lat' dir='ltr'><strong>ego</strong></span> <span class='ocrx_word' id='word_1_83' title='bbox 485 1010 618 1082; x_wconf 92' lang='lat' dir='ltr'><strong>quid</strong></span> <span class='ocrx_word' id='word_1_84' title='bbox 651 1011 844 1067; x_wconf 78' lang='lat' dir='ltr'><strong>istbzec</strong></span> <span class='ocrx_word' id='word_1_85' title='bbox 870 1012 894 1066; x_wconf 76' lang='lat' dir='ltr'><strong>‘l</strong></span> <span class='ocrx_word' id='word_1_86' title='bbox 925 1027 1032 1067; x_wconf 94' lang='lat' dir='ltr'><strong>non</strong></span> <span class='ocrx_word' id='word_1_87' title='bbox 1062 1011 1163 1067; x_wconf 89' lang='lat' dir='ltr'><strong>hac</strong></span> <span class='ocrx_word' id='word_1_88' title='bbox 1185 1027 1345 1069; x_wconf 89' lang='lat' dir='ltr'><strong>causa</strong></span> <span class='ocrx_word' id='word_1_89' title='bbox 1375 1012 1480 1070; x_wconf 88' lang='lat' dir='ltr'><strong>huc</strong></span> <span class='ocrx_word' id='word_1_90' title='bbox 1509 1012 1685 1085; x_wconf 92' lang='lat' dir='ltr'><strong>prodii</strong></span> <span class='ocrx_word' id='word_1_91' title='bbox 1703 1057 1720 1082; x_wconf 90' lang='lat'><strong>,</strong></span> <span class='ocrx_word' id='word_1_92' title='bbox 1919 1003 2026 1060; x_wconf 75' lang='lat' dir='ltr'><strong>Pro</strong></span> <span class='ocrx_word' id='word_1_93' title='bbox 2056 1009 2234 1078; x_wconf 73' lang='lat' dir='ltr'><strong>patria</strong></span> <span class='ocrx_word' id='word_1_94' title='bbox 2259 1023 2501 1080; x_wconf 79' lang='lat' dir='ltr'><strong>pugnans</strong></span> <span class='ocrx_word' id='word_1_95' title='bbox 2529 1009 2635 1066; x_wconf 76' lang='lat' dir='ltr'><strong>iste</strong></span> <span class='ocrx_word' id='word_1_96' title='bbox 2663 1012 2826 1067; x_wconf 73' lang='lat' dir='ltr'><strong>vitam</strong></span> <span class='ocrx_word' id='word_1_97' title='bbox 2849 1012 3152 1082; x_wconf 78' lang='lat' dir='ltr'><strong>obiecerat.</strong></span> 
     </span>
    </p>
   </div>
   <div class='ocr_carea' id='block_1_9' title="bbox 215 1097 3180 1178">
    <p class='ocr_par' dir='ltr' id='par_1_9' title="bbox 215 1097 3180 1178">
     <span class='ocr_line' id='line_1_9' title="bbox 215 1097 3180 1178; baseline 0 -19"><span class='ocrx_word' id='word_1_98' title='bbox 215 1102 282 1159; x_wconf 91' lang='lat' dir='ltr'><strong>Ut</strong></span> <span class='ocrx_word' id='word_1_99' title='bbox 309 1103 634 1174; x_wconf 79' lang='lat' dir='ltr'><strong>expedirent</strong></span> <span class='ocrx_word' id='word_1_100' title='bbox 654 1144 670 1170; x_wconf 93' lang='lat'><strong>,</strong></span> <span class='ocrx_word' id='word_1_101' title='bbox 697 1104 817 1174; x_wconf 83' lang='lat' dir='ltr'><strong>quis</strong></span> <span class='ocrx_word' id='word_1_102' title='bbox 843 1102 1082 1170; x_wconf 88' lang='lat' dir='ltr'><strong>theatra,</strong></span> <span class='ocrx_word' id='word_1_103' title='bbox 1113 1104 1234 1176; x_wconf 88' lang='lat' dir='ltr'><strong>quis</strong></span> <span class='ocrx_word' id='word_1_104' title='bbox 1258 1103 1464 1175; x_wconf 87' lang='lat' dir='ltr'><strong>forum,</strong></span> <span class='ocrx_word' id='word_1_105' title='bbox 1918 1097 2200 1170; x_wconf 82' lang='lat' dir='ltr'><strong>Despexit.</strong></span> <span class='ocrx_word' id='word_1_106' title='bbox 2231 1102 2410 1158; x_wconf 80' lang='lat' dir='ltr'><strong>Alium</strong></span> <span class='ocrx_word' id='word_1_107' title='bbox 2441 1103 2660 1174; x_wconf 73' lang='lat' dir='ltr'><strong>qumrit.</strong></span> <span class='ocrx_word' id='word_1_108' title='bbox 2697 1104 2880 1160; x_wconf 83' lang='lat' dir='ltr'><strong>Inveni</strong></span> <span class='ocrx_word' id='word_1_109' title='bbox 2912 1104 3138 1178; x_wconf 79' lang='lat' dir='ltr'><strong>Aglaum</strong></span> <span class='ocrx_word' id='word_1_110' title='bbox 3165 1124 3180 1174; x_wconf 91' lang='lat'><strong>;</strong></span> 
     </span>
    </p>
   </div>
   <div class='ocr_carea' id='block_1_10' title="bbox 213 1191 3305 1269">
    <p class='ocr_par' dir='ltr' id='par_1_10' title="bbox 213 1191 3305 1269">
     <span class='ocr_line' id='line_1_10' title="bbox 213 1191 3305 1269; baseline 0.001 -19"><span class='ocrx_word' id='word_1_111' title='bbox 213 1197 343 1266; x_wconf 85' lang='lat' dir='ltr'><strong>Quis</strong></span> <span class='ocrx_word' id='word_1_112' title='bbox 367 1196 716 1252; x_wconf 88' lang='lat' dir='ltr'><strong>condidisset</strong></span> <span class='ocrx_word' id='word_1_113' title='bbox 747 1197 930 1268; x_wconf 87' lang='lat' dir='ltr'><strong>privas</strong></span> <span class='ocrx_word' id='word_1_114' title='bbox 959 1206 1146 1269; x_wconf 87' lang='lat' dir='ltr'><strong>partes</strong></span> <span class='ocrx_word' id='word_1_115' title='bbox 1175 1198 1440 1254; x_wconf 68' lang='lat' dir='ltr'><strong>moenium</strong></span> <span class='ocrx_word' id='word_1_116' title='bbox 1473 1213 1487 1251; x_wconf 90' lang='lat'><strong>:</strong></span> <span class='ocrx_word' id='word_1_117' title='bbox 1919 1191 2083 1248; x_wconf 89' lang='lat' dir='ltr'><strong>Fines</strong></span> <span class='ocrx_word' id='word_1_118' title='bbox 2114 1192 2208 1264; x_wconf 91' lang='lat' dir='ltr'><strong>qui</strong></span> <span class='ocrx_word' id='word_1_119' title='bbox 2235 1193 2396 1264; x_wconf 82' lang='lat' dir='ltr'><strong>agelli</strong></span> <span class='ocrx_word' id='word_1_120' title='bbox 2426 1196 2630 1266; x_wconf 89' lang='lat' dir='ltr'><strong>proprii</strong></span> <span class='ocrx_word' id='word_1_121' title='bbox 2655 1211 2948 1266; x_wconf 89' lang='lat' dir='ltr'><strong>numquam</strong></span> <span class='ocrx_word' id='word_1_122' title='bbox 2974 1207 3305 1254; x_wconf 82' lang='lat' dir='ltr'><strong>excesserat.</strong></span> 
     </span>
    </p>
   </div>
   <div class='ocr_carea' id='block_1_11' title="bbox 215 1287 3126 1366">
    <p class='ocr_par' dir='ltr' id='par_1_11' title="bbox 215 1287 3126 1366">
     <span class='ocr_line' id='line_1_11' title="bbox 215 1287 3126 1366; baseline 0.002 -20"><span class='ocrx_word' id='word_1_123' title='bbox 215 1291 318 1346; x_wconf 89' lang='lat' dir='ltr'><strong>Sed</strong></span> <span class='ocrx_word' id='word_1_124' title='bbox 349 1298 412 1344; x_wconf 89' lang='lat' dir='ltr'><strong>ut</strong></span> <span class='ocrx_word' id='word_1_125' title='bbox 435 1289 711 1345; x_wconf 90' lang='lat' dir='ltr'><strong>verendos</strong></span> <span class='ocrx_word' id='word_1_126' title='bbox 730 1331 745 1353; x_wconf 91' lang='lat'><strong>,</strong></span> <span class='ocrx_word' id='word_1_127' title='bbox 784 1289 982 1360; x_wconf 89' lang='lat' dir='ltr'><strong>disque</strong></span> <span class='ocrx_word' id='word_1_128' title='bbox 1002 1287 1253 1345; x_wconf 89' lang='lat' dir='ltr'><strong>laudatos</strong></span> <span class='ocrx_word' id='word_1_129' title='bbox 1273 1289 1422 1344; x_wconf 86' lang='lat' dir='ltr'><strong>viros</strong></span> <span class='ocrx_word' id='word_1_130' title='bbox 1918 1288 2104 1347; x_wconf 81' lang='lat' dir='ltr'><strong>Atille</strong></span> <span class='ocrx_word' id='word_1_131' title='bbox 2125 1289 2348 1359; x_wconf 90' lang='lat' dir='ltr'><strong>ridens,</strong></span> <span class='ocrx_word' id='word_1_132' title='bbox 2375 1291 2495 1360; x_wconf 89' lang='lat' dir='ltr'><strong>Quo</strong></span> <span class='ocrx_word' id='word_1_133' title='bbox 2521 1293 2648 1351; x_wconf 92' lang='lat' dir='ltr'><strong>dein</strong></span> <span class='ocrx_word' id='word_1_134' title='bbox 2677 1310 2763 1350; x_wconf 91' lang='lat' dir='ltr'><strong>me</strong></span> <span class='ocrx_word' id='word_1_135' title='bbox 2792 1296 2948 1366; x_wconf 89' lang='lat' dir='ltr'><strong>ponis</strong></span> <span class='ocrx_word' id='word_1_136' title='bbox 2971 1296 3126 1364; x_wconf 92' lang='lat' dir='ltr'><strong>loco,</strong></span> 
     </span>
    </p>
   </div>
   <div class='ocr_carea' id='block_1_12' title="bbox 216 1381 2938 1457">
    <p class='ocr_par' dir='ltr' id='par_1_12' title="bbox 216 1381 2938 1457">
     <span class='ocr_line' id='line_1_12' title="bbox 216 1381 2938 1457; baseline 0.001 -18"><span class='ocrx_word' id='word_1_137' title='bbox 216 1382 627 1455; x_wconf 65' lang='lat' dir='ltr'><strong>Prmgrederer,</strong></span> <span class='ocrx_word' id='word_1_138' title='bbox 649 1397 714 1438; x_wconf 90' lang='lat' dir='ltr'><strong>ac</strong></span> <span class='ocrx_word' id='word_1_139' title='bbox 745 1383 1007 1439; x_wconf 89' lang='lat' dir='ltr'><strong>referrem</strong></span> <span class='ocrx_word' id='word_1_140' title='bbox 1027 1422 1044 1450; x_wconf 89' lang='lat'><strong>,</strong></span> <span class='ocrx_word' id='word_1_141' title='bbox 1066 1381 1198 1454; x_wconf 91' lang='lat' dir='ltr'><strong>quid</strong></span> <span class='ocrx_word' id='word_1_142' title='bbox 1231 1382 1433 1439; x_wconf 84' lang='lat' dir='ltr'><strong>vellent</strong></span> <span class='ocrx_word' id='word_1_143' title='bbox 1457 1382 1583 1440; x_wconf 89' lang='lat' dir='ltr'><strong>sibi.</strong></span> <span class='ocrx_word' id='word_1_144' title='bbox 1919 1382 2120 1438; x_wconf 86' lang='lat' dir='ltr'><strong>Beatus</strong></span> <span class='ocrx_word' id='word_1_145' title='bbox 2149 1384 2284 1440; x_wconf 83' lang='lat' dir='ltr'><strong>orbe</strong></span> <span class='ocrx_word' id='word_1_146' title='bbox 2313 1392 2426 1439; x_wconf 93' lang='lat' dir='ltr'><strong>toto</strong></span> <span class='ocrx_word' id='word_1_147' title='bbox 2451 1387 2544 1457; x_wconf 89' lang='lat' dir='ltr'><strong>qui</strong></span> <span class='ocrx_word' id='word_1_148' title='bbox 2567 1387 2717 1444; x_wconf 90' lang='lat' dir='ltr'><strong>solus</strong></span> <span class='ocrx_word' id='word_1_149' title='bbox 2739 1389 2938 1443; x_wconf 84' lang='lat' dir='ltr'><strong>vocor?</strong></span> 
     </span>
    </p>
   </div>
   <div class='ocr_carea' id='block_1_13' title="bbox 215 1473 3135 1551">
    <p class='ocr_par' dir='ltr' id='par_1_13' title="bbox 215 1473 3135 1551">
     <span class='ocr_line' id='line_1_13' title="bbox 215 1473 3135 1551; baseline 0.002 -21"><span class='ocrx_word' id='word_1_150' title='bbox 215 1475 576 1530; x_wconf 86' lang='lat' dir='ltr'><strong>Pronuntiare</strong></span> <span class='ocrx_word' id='word_1_151' title='bbox 604 1487 733 1531; x_wconf 90' lang='lat' dir='ltr'><strong>suas</strong></span> <span class='ocrx_word' id='word_1_152' title='bbox 759 1474 939 1531; x_wconf 90' lang='lat' dir='ltr'><strong>solent</strong></span> <span class='ocrx_word' id='word_1_153' title='bbox 964 1476 1296 1546; x_wconf 85' lang='lat' dir='ltr'><strong>sententias,</strong></span> <span class='ocrx_word' id='word_1_154' title='bbox 1921 1473 2297 1545; x_wconf 87' lang='lat' dir='ltr'><strong>Spectandum</strong></span> <span class='ocrx_word' id='word_1_155' title='bbox 2323 1477 2448 1534; x_wconf 90' lang='lat' dir='ltr'><strong>dico</strong></span> <span class='ocrx_word' id='word_1_156' title='bbox 2469 1479 2760 1535; x_wconf 90' lang='lat' dir='ltr'><strong>terminum</strong></span> <span class='ocrx_word' id='word_1_157' title='bbox 2783 1480 2907 1535; x_wconf 61' lang='lat' dir='ltr'><strong>vita:</strong></span> <span class='ocrx_word' id='word_1_158' title='bbox 2938 1481 3092 1551; x_wconf 90' lang='lat' dir='ltr'><strong>prius</strong></span> <span class='ocrx_word' id='word_1_159' title='bbox 3119 1497 3135 1536; x_wconf 87' lang='lat'><strong>:</strong></span> 
     </span>
    </p>
   </div>
   <div class='ocr_carea' id='block_1_14' title="bbox 216 1566 3050 1641">
    <p class='ocr_par' dir='ltr' id='par_1_14' title="bbox 216 1566 3050 1641">
     <span class='ocr_line' id='line_1_14' title="bbox 216 1566 3050 1641; baseline 0.003 -19"><span class='ocrx_word' id='word_1_160' title='bbox 216 1567 356 1636; x_wconf 87' lang='lat' dir='ltr'><strong>Quas</strong></span> <span class='ocrx_word' id='word_1_161' title='bbox 383 1567 620 1638; x_wconf 89' lang='lat' dir='ltr'><strong>quisque</strong></span> <span class='ocrx_word' id='word_1_162' title='bbox 649 1566 1050 1636; x_wconf 86' lang='lat' dir='ltr'><strong>providentium</strong></span> <span class='ocrx_word' id='word_1_163' title='bbox 1077 1568 1455 1624; x_wconf 87' lang='lat' dir='ltr'><strong>anteverterit.</strong></span> <span class='ocrx_word' id='word_1_164' title='bbox 1920 1567 2062 1624; x_wconf 89' lang='lat' dir='ltr'><strong>Tum</strong></span> <span class='ocrx_word' id='word_1_165' title='bbox 2083 1568 2437 1640; x_wconf 89' lang='lat' dir='ltr'><strong>judicandum</strong></span> <span class='ocrx_word' id='word_1_166' title='bbox 2462 1616 2477 1641; x_wconf 93' lang='lat'><strong>,</strong></span> <span class='ocrx_word' id='word_1_167' title='bbox 2505 1571 2552 1628; x_wconf 89' lang='lat' dir='ltr'><strong>si</strong></span> <span class='ocrx_word' id='word_1_168' title='bbox 2582 1582 2766 1629; x_wconf 89' lang='lat' dir='ltr'><strong>manet</strong></span> <span class='ocrx_word' id='word_1_169' title='bbox 2794 1572 3050 1630; x_wconf 82' lang='lat' dir='ltr'><strong>felicitas.</strong></span> 
     </span>
    </p>
   </div>
   <div class='ocr_carea' id='block_1_15' title="bbox 216 1661 3135 1738">
    <p class='ocr_par' dir='ltr' id='par_1_15' title="bbox 216 1661 3135 1738">
     <span class='ocr_line' id='line_1_15' title="bbox 216 1661 3135 1738; baseline 0.001 -18"><span class='ocrx_word' id='word_1_170' title='bbox 216 1663 378 1720; x_wconf 85' lang='lat' dir='ltr'><strong>Scitis</strong></span> <span class='ocrx_word' id='word_1_171' title='bbox 403 1662 657 1732; x_wconf 88' lang='lat' dir='ltr'><strong>profecto</strong></span> <span class='ocrx_word' id='word_1_172' title='bbox 684 1677 808 1732; x_wconf 65' lang='lat' dir='ltr'><strong>quae</strong></span> <span class='ocrx_word' id='word_1_173' title='bbox 835 1664 945 1718; x_wconf 89' lang='lat' dir='ltr'><strong>sint</strong></span> <span class='ocrx_word' id='word_1_174' title='bbox 973 1678 989 1718; x_wconf 87' lang='lat'>:</span> <span class='ocrx_word' id='word_1_175' title='bbox 1019 1661 1116 1719; x_wconf 89' lang='lat' dir='ltr'><strong>sed</strong></span> <span class='ocrx_word' id='word_1_176' title='bbox 1145 1662 1190 1718; x_wconf 90' lang='lat' dir='ltr'><strong>si</strong></span> <span class='ocrx_word' id='word_1_177' title='bbox 1218 1662 1482 1719; x_wconf 88' lang='lat' dir='ltr'><strong>memoria</strong></span> <span class='ocrx_word' id='word_1_178' title='bbox 1922 1661 2136 1718; x_wconf 86' lang='lat' dir='ltr'><strong>Dictum</strong></span> <span class='ocrx_word' id='word_1_179' title='bbox 2168 1665 2397 1721; x_wconf 87' lang='lat' dir='ltr'><strong>moleste</strong></span> <span class='ocrx_word' id='word_1_180' title='bbox 2420 1663 2649 1723; x_wconf 62' lang='lat' dir='ltr'><strong>Crassus</strong></span> <span class='ocrx_word' id='word_1_181' title='bbox 2679 1667 2915 1737; x_wconf 88' lang='lat' dir='ltr'><strong>accepit.</strong></span> <span class='ocrx_word' id='word_1_182' title='bbox 2940 1667 3009 1723; x_wconf 84' lang='lat' dir='ltr'><strong>At</strong></span> <span class='ocrx_word' id='word_1_183' title='bbox 3032 1681 3135 1738; x_wconf 85' lang='lat' dir='ltr'><strong>ego</strong></span> 
     </span>
    </p>
   </div>
   <div class='ocr_carea' id='block_1_16' title="bbox 220 1753 3306 1830">
    <p class='ocr_par' dir='ltr' id='par_1_16' title="bbox 220 1753 3306 1830">
     <span class='ocr_line' id='line_1_16' title="bbox 220 1753 3306 1830; baseline 0.002 -19"><span class='ocrx_word' id='word_1_184' title='bbox 220 1756 398 1813; x_wconf 75' lang='lat' dir='ltr'><strong>ltcbus</strong></span> <span class='ocrx_word' id='word_1_185' title='bbox 419 1757 650 1811; x_wconf 81' lang='lat' dir='ltr'><strong>vetustis</strong></span> <span class='ocrx_word' id='word_1_186' title='bbox 679 1753 853 1810; x_wconf 89' lang='lat' dir='ltr'><strong>cludit</strong></span> <span class='ocrx_word' id='word_1_187' title='bbox 877 1799 892 1824; x_wconf 87' lang='lat'><strong>,</strong></span> <span class='ocrx_word' id='word_1_188' title='bbox 915 1755 1099 1810; x_wconf 81' lang='lat' dir='ltr'><strong>veniet</strong></span> <span class='ocrx_word' id='word_1_189' title='bbox 1126 1754 1330 1812; x_wconf 90' lang='lat' dir='ltr'><strong>Ludius</strong></span> <span class='ocrx_word' id='word_1_190' title='bbox 1923 1754 2194 1826; x_wconf 82' lang='lat' dir='ltr'><strong>Relinquo</strong></span> <span class='ocrx_word' id='word_1_191' title='bbox 2216 1771 2424 1828; x_wconf 88' lang='lat' dir='ltr'><strong>regem.</strong></span> <span class='ocrx_word' id='word_1_192' title='bbox 2458 1757 2665 1813; x_wconf 89' lang='lat' dir='ltr'><strong>Bellum</strong></span> <span class='ocrx_word' id='word_1_193' title='bbox 2700 1758 2790 1814; x_wconf 90' lang='lat' dir='ltr'><strong>ille</strong></span> <span class='ocrx_word' id='word_1_194' title='bbox 2826 1759 2878 1814; x_wconf 93' lang='lat' dir='ltr'><strong>in</strong></span> <span class='ocrx_word' id='word_1_195' title='bbox 2907 1758 3104 1815; x_wconf 88' lang='lat' dir='ltr'><strong>Persas</strong></span> <span class='ocrx_word' id='word_1_196' title='bbox 3127 1769 3306 1830; x_wconf 87' lang='lat' dir='ltr'><strong>parat.</strong></span> 
     </span>
    </p>
   </div>
   <div class='ocr_carea' id='block_1_17' title="bbox 219 1846 3148 1923">
    <p class='ocr_par' dir='ltr' id='par_1_17' title="bbox 219 1846 3148 1923">
     <span class='ocr_line' id='line_1_17' title="bbox 219 1846 3148 1923; baseline 0.001 -19"><span class='ocrx_word' id='word_1_197' title='bbox 219 1847 592 1905; x_wconf 86' lang='lat' dir='ltr'><strong>Edissertator</strong></span> <span class='ocrx_word' id='word_1_198' title='bbox 617 1848 839 1914; x_wconf 88' lang='lat' dir='ltr'><strong>barum,</strong></span> <span class='ocrx_word' id='word_1_199' title='bbox 866 1861 1000 1919; x_wconf 89' lang='lat' dir='ltr'><strong>quas</strong></span> <span class='ocrx_word' id='word_1_200' title='bbox 1032 1855 1192 1904; x_wconf 90' lang='lat' dir='ltr'><strong>teneo</strong></span> <span class='ocrx_word' id='word_1_201' title='bbox 1217 1848 1419 1905; x_wconf 86' lang='lat' dir='ltr'><strong>minus.</strong></span> <span class='ocrx_word' id='word_1_202' title='bbox 1838 1846 1891 1909; x_wconf 88' lang='lat' dir='ltr'><strong>B</strong></span> <span class='ocrx_word' id='word_1_203' title='bbox 1923 1847 2230 1918; x_wconf 85' lang='lat' dir='ltr'><strong>Profectus,</strong></span> <span class='ocrx_word' id='word_1_204' title='bbox 2259 1848 2457 1917; x_wconf 89' lang='lat' dir='ltr'><strong>victus,</strong></span> <span class='ocrx_word' id='word_1_205' title='bbox 2489 1851 2726 1917; x_wconf 88' lang='lat' dir='ltr'><strong>vinctus,</strong></span> <span class='ocrx_word' id='word_1_206' title='bbox 2762 1852 2878 1923; x_wconf 92' lang='lat' dir='ltr'><strong>regi</strong></span> <span class='ocrx_word' id='word_1_207' title='bbox 2909 1851 3148 1908; x_wconf 90' lang='lat' dir='ltr'><strong>deditus.</strong></span> 
     </span>
    </p>
   </div>
   <div class='ocr_carea' id='block_1_18' title="bbox 907 1960 2515 2027">
    <p class='ocr_par' dir='ltr' id='par_1_18' title="bbox 907 1960 2498 2027">
     <span class='ocr_line' id='line_1_18' title="bbox 907 1960 2498 2027; baseline 0.006 -9"><span class='ocrx_word' id='word_1_208' title='bbox 907 1963 1129 2021; x_wconf 80' lang='lat' dir='ltr'><strong>Ludius.</strong></span> <span class='ocrx_word' id='word_1_209' title='bbox 1925 1962 1941 1975; x_wconf 81' lang='grc'><em>’</em></span> <span class='ocrx_word' id='word_1_210' title='bbox 2256 1960 2274 1977; x_wconf 76' lang='grc'><strong>’</strong></span> <span class='ocrx_word' id='word_1_211' title='bbox 2322 1964 2370 2027; x_wconf 78' lang='grc'><strong>-’</strong></span> <span class='ocrx_word' id='word_1_212' title='bbox 2451 1961 2498 2027; x_wconf 67' lang='grc'><strong>⁸,.</strong></span> 
     </span>
    </p>
   </div>
   <div class='ocr_carea' id='block_1_19' title="bbox 1992 2011 3158 2086">
    <p class='ocr_par' dir='ltr' id='par_1_19' title="bbox 1992 2011 3158 2086">
     <span class='ocr_line' id='line_1_19' title="bbox 1992 2011 3158 2086; baseline 0.002 -19"><span class='ocrx_word' id='word_1_213' title='bbox 1992 2011 2064 2068; x_wconf 86' lang='lat' dir='ltr'><strong>At</strong></span> <span class='ocrx_word' id='word_1_214' title='bbox 2093 2013 2182 2069; x_wconf 90' lang='lat' dir='ltr'><strong>ille</strong></span> <span class='ocrx_word' id='word_1_215' title='bbox 2211 2023 2438 2084; x_wconf 89' lang='lat' dir='ltr'><strong>captus,</strong></span> <span class='ocrx_word' id='word_1_216' title='bbox 2471 2014 2681 2072; x_wconf 89' lang='lat' dir='ltr'><strong>funeris</strong></span> <span class='ocrx_word' id='word_1_217' title='bbox 2709 2013 2824 2086; x_wconf 89' lang='lat' dir='ltr'><strong>ipse</strong></span> <span class='ocrx_word' id='word_1_218' title='bbox 2853 2015 3027 2070; x_wconf 88' lang='lat' dir='ltr'><strong>instar</strong></span> <span class='ocrx_word' id='word_1_219' title='bbox 3051 2016 3158 2071; x_wconf 90' lang='lat' dir='ltr'><strong>sui.</strong></span> 
     </span>
    </p>
   </div>
   <div class='ocr_carea' id='block_1_20' title="bbox 284 2081 3526 2153">
    <p class='ocr_par' dir='ltr' id='par_1_20' title="bbox 284 2081 3526 2153">
     <span class='ocr_line' id='line_1_20' title="bbox 284 2081 3526 2153; baseline 0.003 -15"><span class='ocrx_word' id='word_1_220' title='bbox 284 2082 789 2153; x_wconf 89' lang='lat' dir='ltr'><strong>DelphisSoIonem</strong></span> <span class='ocrx_word' id='word_1_221' title='bbox 815 2082 1025 2153; x_wconf 89' lang='lat' dir='ltr'><strong>scripse</strong></span> <span class='ocrx_word' id='word_1_222' title='bbox 1049 2081 1190 2137; x_wconf 85' lang='lat' dir='ltr'><strong>fama</strong></span> <span class='ocrx_word' id='word_1_223' title='bbox 1216 2088 1300 2138; x_wconf 92' lang='lat' dir='ltr'><strong>est</strong></span> <span class='ocrx_word' id='word_1_224' title='bbox 1327 2081 1605 2152; x_wconf 84' lang='lat' dir='ltr'><strong>Atticum,</strong></span> <span class='ocrx_word' id='word_1_225' title='bbox 1924 2123 1940 2138; x_wconf 99' lang='lat'><strong>.</strong></span> <span class='ocrx_word' id='word_1_226' title='bbox 2034 2126 2047 2138; x_wconf 92' lang='lat'><strong>.</strong></span> <span class='ocrx_word' id='word_1_227' title='bbox 2153 2125 2167 2138; x_wconf 94' lang='lat'><strong>.</strong></span> <span class='ocrx_word' id='word_1_228' title='bbox 2267 2081 2296 2139; x_wconf 77' lang='grc'><strong>.’</strong></span> <span class='ocrx_word' id='word_1_229' title='bbox 2363 2123 2378 2142; x_wconf 93' lang='grc'>.</span> <span class='ocrx_word' id='word_1_230' title='bbox 2458 2123 2472 2140; x_wconf 94' lang='grc'><strong>.</strong></span> <span class='ocrx_word' id='word_1_231' title='bbox 2551 2125 2568 2142; x_wconf 94' lang='grc'><strong>.</strong></span> <span class='ocrx_word' id='word_1_232' title='bbox 2647 2124 2664 2143; x_wconf 93' lang='grc'><strong>.</strong></span> <span class='ocrx_word' id='word_1_233' title='bbox 2729 2081 2760 2141; x_wconf 66' lang='grc'><strong>⁷.</strong></span> <span class='ocrx_word' id='word_1_234' title='bbox 2841 2127 2856 2142; x_wconf 94' lang='grc'><strong>.</strong></span> <span class='ocrx_word' id='word_1_235' title='bbox 2937 2128 2950 2142; x_wconf 93' lang='grc'><strong>.</strong></span> <span class='ocrx_word' id='word_1_236' title='bbox 3029 2125 3047 2143; x_wconf 92' lang='grc'><strong>.</strong></span> <span class='ocrx_word' id='word_1_237' title='bbox 3123 2126 3142 2144; x_wconf 92' lang='grc'><strong>.</strong></span> <span class='ocrx_word' id='word_1_238' title='bbox 3220 2126 3238 2146; x_wconf 91' lang='grc'><strong>.</strong></span> <span class='ocrx_word' id='word_1_239' title='bbox 3315 2127 3334 2147; x_wconf 91' lang='grc'><strong>.</strong></span> <span class='ocrx_word' id='word_1_240' title='bbox 3407 2124 3430 2146; x_wconf 79' lang='grc' dir='ltr'><strong>ο</strong></span> <span class='ocrx_word' id='word_1_241' title='bbox 3501 2124 3526 2150; x_wconf 75' lang='grc' dir='ltr'><strong>ο</strong></span> 
     </span>
    </p>
   </div>
   <div class='ocr_carea' id='block_1_21' title="bbox 221 2175 3224 2251">
    <p class='ocr_par' dir='ltr' id='par_1_21' title="bbox 221 2175 3224 2251">
     <span class='ocr_line' id='line_1_21' title="bbox 221 2175 3224 2251; baseline 0.002 -20"><span class='ocrx_word' id='word_1_242' title='bbox 221 2181 363 2233; x_wconf 76' lang='grc' dir='ltr'><strong>Γνῶθι</strong></span> <span class='ocrx_word' id='word_1_243' title='bbox 389 2179 610 2235; x_wconf 77' lang='grc' dir='ltr'><strong>σεαυτὸν</strong></span> <span class='ocrx_word' id='word_1_244' title='bbox 631 2219 647 2244; x_wconf 87' lang='grc'><strong><em>,</em></strong></span> <span class='ocrx_word' id='word_1_245' title='bbox 674 2176 820 2248; x_wconf 89' lang='lat' dir='ltr'><strong>quod</strong></span> <span class='ocrx_word' id='word_1_246' title='bbox 850 2176 1103 2232; x_wconf 89' lang='lat' dir='ltr'><strong>Latinum</strong></span> <span class='ocrx_word' id='word_1_247' title='bbox 1132 2184 1246 2242; x_wconf 89' lang='lat' dir='ltr'><strong>est,</strong></span> <span class='ocrx_word' id='word_1_248' title='bbox 1275 2175 1450 2233; x_wconf 86' lang='lat' dir='ltr'><strong>Nosce</strong></span> <span class='ocrx_word' id='word_1_249' title='bbox 1475 2185 1548 2233; x_wconf 89' lang='lat' dir='ltr'><strong>te.</strong></span> <span class='ocrx_word' id='word_1_250' title='bbox 1921 2177 2039 2245; x_wconf 87' lang='lat' dir='ltr'><strong>Qua</strong></span> <span class='ocrx_word' id='word_1_251' title='bbox 2068 2177 2478 2236; x_wconf 85' lang='lat' dir='ltr'><strong>Ilammatotum</strong></span> <span class='ocrx_word' id='word_1_252' title='bbox 2513 2195 2572 2235; x_wconf 91' lang='lat' dir='ltr'><strong>se</strong></span> <span class='ocrx_word' id='word_1_253' title='bbox 2595 2195 2693 2250; x_wconf 87' lang='lat' dir='ltr'><strong>per</strong></span> <span class='ocrx_word' id='word_1_254' title='bbox 2727 2180 2990 2237; x_wconf 82' lang='lat' dir='ltr'><strong>ambitum</strong></span> <span class='ocrx_word' id='word_1_255' title='bbox 3019 2181 3182 2237; x_wconf 87' lang='lat' dir='ltr'><strong>dabat</strong></span> <span class='ocrx_word' id='word_1_256' title='bbox 3209 2225 3224 2251; x_wconf 89' lang='lat'><strong>,</strong></span> 
     </span>
    </p>
   </div>
   <div class='ocr_carea' id='block_1_22' title="bbox 218 2269 3101 2346">
    <p class='ocr_par' dir='ltr' id='par_1_22' title="bbox 218 2269 3101 2346">
     <span class='ocr_line' id='line_1_22' title="bbox 218 2269 3101 2346; baseline 0.001 -21"><span class='ocrx_word' id='word_1_257' title='bbox 218 2269 360 2326; x_wconf 80' lang='lat' dir='ltr'><strong>Multi</strong></span> <span class='ocrx_word' id='word_1_258' title='bbox 390 2271 495 2328; x_wconf 88' lang='lat' dir='ltr'><strong>hoc</strong></span> <span class='ocrx_word' id='word_1_259' title='bbox 525 2272 760 2327; x_wconf 88' lang='lat' dir='ltr'><strong>Laconis</strong></span> <span class='ocrx_word' id='word_1_260' title='bbox 788 2286 913 2327; x_wconf 85' lang='lat' dir='ltr'><strong>esse</strong></span> <span class='ocrx_word' id='word_1_261' title='bbox 941 2269 1184 2327; x_wconf 81' lang='lat' dir='ltr'><strong>Chilonis</strong></span> <span class='ocrx_word' id='word_1_262' title='bbox 1213 2277 1420 2341; x_wconf 82' lang='lat' dir='ltr'><strong>putant.</strong></span> <span class='ocrx_word' id='word_1_263' title='bbox 1923 2269 2163 2326; x_wconf 81' lang='lat' dir='ltr'><strong>Volvens</strong></span> <span class='ocrx_word' id='word_1_264' title='bbox 2184 2271 2238 2325; x_wconf 89' lang='lat' dir='ltr'><strong>in</strong></span> <span class='ocrx_word' id='word_1_265' title='bbox 2263 2273 2432 2328; x_wconf 90' lang='lat' dir='ltr'><strong>altum</strong></span> <span class='ocrx_word' id='word_1_266' title='bbox 2465 2271 2703 2328; x_wconf 83' lang='lat' dir='ltr'><strong>fumidus</strong></span> <span class='ocrx_word' id='word_1_267' title='bbox 2723 2283 2858 2329; x_wconf 70' lang='lat' dir='ltr'><strong>{BSIU</strong></span> <span class='ocrx_word' id='word_1_268' title='bbox 2887 2274 3101 2346; x_wconf 90' lang='lat' dir='ltr'><strong>globos.</strong></span> 
     </span>
    </p>
   </div>
   <div class='ocr_carea' id='block_1_23' title="bbox 220 2356 3101 2437">
    <p class='ocr_par' dir='ltr' id='par_1_23' title="bbox 220 2356 3101 2437">
     <span class='ocr_line' id='line_1_23' title="bbox 220 2356 3101 2437; baseline 0.001 -17"><span class='ocrx_word' id='word_1_269' title='bbox 220 2365 475 2434; x_wconf 85' lang='lat' dir='ltr'><strong>Spartane</strong></span> <span class='ocrx_word' id='word_1_270' title='bbox 501 2365 702 2422; x_wconf 83' lang='lat' dir='ltr'><strong>Chilon</strong></span> <span class='ocrx_word' id='word_1_271' title='bbox 734 2366 806 2420; x_wconf 93' lang='lat' dir='ltr'><strong>sit</strong></span> <span class='ocrx_word' id='word_1_272' title='bbox 835 2375 984 2420; x_wconf 89' lang='lat' dir='ltr'><strong>tuum</strong></span> <span class='ocrx_word' id='word_1_273' title='bbox 1010 2407 1026 2432; x_wconf 92' lang='lat'><strong>,</strong></span> <span class='ocrx_word' id='word_1_274' title='bbox 1057 2379 1263 2431; x_wconf 91' lang='lat' dir='ltr'><strong>necne,</strong></span> <span class='ocrx_word' id='word_1_275' title='bbox 1303 2363 1613 2437; x_wconf 88' lang='lat' dir='ltr'><strong>ambigunt,</strong></span> <span class='ocrx_word' id='word_1_276' title='bbox 1922 2359 1993 2418; x_wconf 80' lang='lat' dir='ltr'><strong>A&#39;t</strong></span> <span class='ocrx_word' id='word_1_277' title='bbox 2022 2379 2162 2434; x_wconf 90' lang='lat' dir='ltr'><strong>pene</strong></span> <span class='ocrx_word' id='word_1_278' title='bbox 2187 2379 2313 2421; x_wconf 91' lang='lat' dir='ltr'><strong>sero</strong></span> <span class='ocrx_word' id='word_1_279' title='bbox 2335 2356 2562 2421; x_wconf 81' lang='lat' dir='ltr'><strong>Croesus</strong></span> <span class='ocrx_word' id='word_1_280' title='bbox 2583 2361 2790 2436; x_wconf 80' lang='lat' dir='ltr'><strong>ingenti</strong></span> <span class='ocrx_word' id='word_1_281' title='bbox 2813 2382 2984 2435; x_wconf 90' lang='lat' dir='ltr'><strong>sono,</strong></span> <span class='ocrx_word' id='word_1_282' title='bbox 3097 2358 3101 2362; x_wconf 70' lang='grc'><em>’</em></span> 
     </span>
    </p>
   </div>
   <div class='ocr_carea' id='block_1_24' title="bbox 220 2457 1828 2540">
    <p class='ocr_par' dir='ltr' id='par_1_24' title="bbox 220 2457 1453 2540">
     <span class='ocr_line' id='line_1_24' title="bbox 220 2457 1453 2540; baseline 0.004 -29"><span class='ocrx_word' id='word_1_283' title='bbox 220 2457 364 2526; x_wconf 87' lang='lat' dir='ltr'><strong>Quod</strong></span> <span class='ocrx_word' id='word_1_284' title='bbox 387 2459 739 2529; x_wconf 87' lang='lat' dir='ltr'><strong>introfertur,</strong></span> <span class='ocrx_word' id='word_1_285' title='bbox 768 2459 865 2538; x_wconf 78' lang='grc' dir='ltr'><strong>ὅρα</strong></span> <span class='ocrx_word' id='word_1_286' title='bbox 894 2463 1035 2524; x_wconf 81' lang='grc' dir='ltr'>τέλος</span> <span class='ocrx_word' id='word_1_287' title='bbox 1071 2467 1268 2540; x_wconf 79' lang='grc' dir='ltr'><strong>μακροῦ</strong></span> <span class='ocrx_word' id='word_1_288' title='bbox 1299 2462 1415 2534; x_wconf 79' lang='grc' dir='ltr'><strong>βίον</strong></span> <span class='ocrx_word' id='word_1_289' title='bbox 1437 2503 1453 2530; x_wconf 86' lang='grc'><strong><em>,</em></strong></span> 
     </span>
    </p>
   </div>
   <div class='ocr_carea' id='block_1_25' title="bbox 1513 2457 3121 2540">
    <p class='ocr_par' dir='ltr' id='par_1_25' title="bbox 1923 2457 3121 2530">
     <span class='ocr_line' id='line_1_25' title="bbox 1923 2457 3121 2530; baseline 0.003 -17"><span class='ocrx_word' id='word_1_290' title='bbox 1923 2457 1969 2513; x_wconf 93' lang='grc' dir='ltr'><strong>Ο</strong></span> <span class='ocrx_word' id='word_1_291' title='bbox 2000 2473 2128 2514; x_wconf 90' lang='lat' dir='ltr'><strong>vere</strong></span> <span class='ocrx_word' id='word_1_292' title='bbox 2156 2466 2344 2524; x_wconf 87' lang='lat' dir='ltr'><strong>vates,</strong></span> <span class='ocrx_word' id='word_1_293' title='bbox 2371 2458 2547 2530; x_wconf 89' lang='lat' dir='ltr'><strong>inquit</strong></span> <span class='ocrx_word' id='word_1_294' title='bbox 2575 2499 2590 2526; x_wconf 91' lang='lat'><strong>,</strong></span> <span class='ocrx_word' id='word_1_295' title='bbox 2623 2475 2656 2514; x_wconf 89' lang='grc' dir='ltr'><strong>ο</strong></span> <span class='ocrx_word' id='word_1_296' title='bbox 2680 2457 2879 2528; x_wconf 89' lang='lat' dir='ltr'><strong>Solon,</strong></span> <span class='ocrx_word' id='word_1_297' title='bbox 2904 2459 3075 2517; x_wconf 88' lang='lat' dir='ltr'><strong>Solon</strong></span> <span class='ocrx_word' id='word_1_298' title='bbox 3109 2463 3121 2516; x_wconf 78' lang='grc' dir='ltr'><strong>Ξ</strong></span> 
     </span>
    </p>
   </div>
   <div class='ocr_carea' id='block_1_26' title="bbox 221 2549 3130 2626">
    <p class='ocr_par' dir='ltr' id='par_1_26' title="bbox 221 2549 3130 2626">
     <span class='ocr_line' id='line_1_26' title="bbox 221 2549 3130 2626; baseline 0.001 -20"><span class='ocrx_word' id='word_1_299' title='bbox 221 2551 402 2609; x_wconf 85' lang='lat' dir='ltr'><strong>Finem</strong></span> <span class='ocrx_word' id='word_1_300' title='bbox 426 2553 634 2610; x_wconf 92' lang='lat' dir='ltr'><strong>intueri</strong></span> <span class='ocrx_word' id='word_1_301' title='bbox 661 2557 837 2625; x_wconf 78' lang='lat' dir='ltr'><strong>longa:</strong></span> <span class='ocrx_word' id='word_1_302' title='bbox 871 2555 998 2610; x_wconf 75' lang='lat' dir='ltr'><strong>vitae</strong></span> <span class='ocrx_word' id='word_1_303' title='bbox 1023 2570 1128 2626; x_wconf 90' lang='lat' dir='ltr'><strong>quo</strong></span> <span class='ocrx_word' id='word_1_304' title='bbox 1145 2554 1325 2625; x_wconf 88' lang='lat' dir='ltr'><strong>jubes.</strong></span> <span class='ocrx_word' id='word_1_305' title='bbox 1923 2549 2178 2609; x_wconf 89' lang='lat' dir='ltr'><strong>Clamore</strong></span> <span class='ocrx_word' id='word_1_306' title='bbox 2204 2568 2406 2624; x_wconf 86' lang='lat' dir='ltr'><strong>magno</strong></span> <span class='ocrx_word' id='word_1_307' title='bbox 2438 2561 2522 2609; x_wconf 90' lang='lat' dir='ltr'><strong>ter</strong></span> <span class='ocrx_word' id='word_1_308' title='bbox 2545 2553 2806 2611; x_wconf 90' lang='lat' dir='ltr'><strong>Solonem</strong></span> <span class='ocrx_word' id='word_1_309' title='bbox 2830 2566 3130 2626; x_wconf 88' lang='lat' dir='ltr'><strong>nuncupat.</strong></span> 
     </span>
    </p>
   </div>
   <div class='ocr_carea' id='block_1_27' title="bbox 222 2643 3096 2721">
    <p class='ocr_par' dir='ltr' id='par_1_27' title="bbox 222 2643 3096 2721">
     <span class='ocr_line' id='line_1_27' title="bbox 222 2643 3096 2721; baseline 0.002 -22"><span class='ocrx_word' id='word_1_310' title='bbox 222 2643 360 2701; x_wconf 79' lang='lat' dir='ltr'><strong>Multi</strong></span> <span class='ocrx_word' id='word_1_311' title='bbox 389 2646 494 2703; x_wconf 89' lang='lat' dir='ltr'><strong>hoc</strong></span> <span class='ocrx_word' id='word_1_312' title='bbox 517 2647 778 2705; x_wconf 90' lang='lat' dir='ltr'><strong>Solonem</strong></span> <span class='ocrx_word' id='word_1_313' title='bbox 813 2646 943 2702; x_wconf 87' lang='lat' dir='ltr'><strong>dixe</strong></span> <span class='ocrx_word' id='word_1_314' title='bbox 973 2645 1165 2702; x_wconf 85' lang='lat' dir='ltr'><strong>Croeso</strong></span> <span class='ocrx_word' id='word_1_315' title='bbox 1195 2645 1527 2701; x_wconf 82' lang='lat' dir='ltr'><strong>existimant.</strong></span> <span class='ocrx_word' id='word_1_316' title='bbox 1923 2645 2042 2714; x_wconf 90' lang='lat' dir='ltr'><strong>Qua</strong></span> <span class='ocrx_word' id='word_1_317' title='bbox 2063 2661 2196 2704; x_wconf 91' lang='lat' dir='ltr'><strong>voce</strong></span> <span class='ocrx_word' id='word_1_318' title='bbox 2223 2648 2397 2719; x_wconf 86' lang='lat' dir='ltr'><strong>Cyrus</strong></span> <span class='ocrx_word' id='word_1_319' title='bbox 2425 2657 2628 2716; x_wconf 89' lang='lat' dir='ltr'><strong>motus,</strong></span> <span class='ocrx_word' id='word_1_320' title='bbox 2652 2649 2922 2721; x_wconf 84' lang='lat' dir='ltr'><strong>exstingui</strong></span> <span class='ocrx_word' id='word_1_321' title='bbox 2940 2650 3096 2720; x_wconf 89' lang='lat' dir='ltr'><strong>jubet</strong></span> 
     </span>
    </p>
   </div>
   <div class='ocr_carea' id='block_1_28' title="bbox 222 2736 3425 2816">
    <p class='ocr_par' dir='ltr' id='par_1_28' title="bbox 222 2736 3425 2816">
     <span class='ocr_line' id='line_1_28' title="bbox 222 2736 3425 2816; baseline 0.002 -22"><span class='ocrx_word' id='word_1_322' title='bbox 222 2736 284 2794; x_wconf 87' lang='lat' dir='ltr'><strong>Et</strong></span> <span class='ocrx_word' id='word_1_323' title='bbox 301 2738 568 2796; x_wconf 87' lang='lat' dir='ltr'><strong>Pittacum</strong></span> <span class='ocrx_word' id='word_1_324' title='bbox 603 2739 807 2796; x_wconf 82' lang='lat' dir='ltr'><strong>dixisse</strong></span> <span class='ocrx_word' id='word_1_325' title='bbox 832 2739 975 2796; x_wconf 86' lang='lat' dir='ltr'><strong>fama</strong></span> <span class='ocrx_word' id='word_1_326' title='bbox 999 2747 1087 2794; x_wconf 90' lang='lat' dir='ltr'><strong>est</strong></span> <span class='ocrx_word' id='word_1_327' title='bbox 1114 2737 1370 2794; x_wconf 88' lang='lat' dir='ltr'><strong>Lesbium</strong></span> <span class='ocrx_word' id='word_1_328' title='bbox 1391 2779 1408 2804; x_wconf 93' lang='lat'><strong>,</strong></span> <span class='ocrx_word' id='word_1_329' title='bbox 1925 2737 2130 2810; x_wconf 87' lang='lat' dir='ltr'><strong>Gyrum</strong></span> <span class='ocrx_word' id='word_1_330' title='bbox 2159 2755 2260 2810; x_wconf 91' lang='lat' dir='ltr'><strong>per</strong></span> <span class='ocrx_word' id='word_1_331' title='bbox 2287 2754 2506 2796; x_wconf 89' lang='lat' dir='ltr'><strong>omnem</strong></span> <span class='ocrx_word' id='word_1_332' title='bbox 2528 2780 2544 2806; x_wconf 93' lang='lat'><strong>,</strong></span> <span class='ocrx_word' id='word_1_333' title='bbox 2574 2749 2631 2798; x_wconf 88' lang='lat' dir='ltr'><strong>et</strong></span> <span class='ocrx_word' id='word_1_334' title='bbox 2658 2739 2868 2798; x_wconf 89' lang='lat' dir='ltr'><strong>destrui</strong></span> <span class='ocrx_word' id='word_1_335' title='bbox 2897 2741 3183 2800; x_wconf 87' lang='lat' dir='ltr'><strong>ardentem</strong></span> <span class='ocrx_word' id='word_1_336' title='bbox 3212 2759 3425 2816; x_wconf 87' lang='lat' dir='ltr'><strong>pyram.</strong></span> 
     </span>
    </p>
   </div>
   <div class='ocr_carea' id='block_1_29' title="bbox 223 2830 1831 2912">
    <p class='ocr_par' dir='ltr' id='par_1_29' title="bbox 223 2832 1468 2910">
     <span class='ocr_line' id='line_1_29' title="bbox 223 2832 1468 2910; baseline -0.002 -22"><span class='ocrx_word' id='word_1_337' title='bbox 223 2836 467 2908; x_wconf 69' lang='grc' dir='ltr'><strong>Γίγνωσκε</strong></span> <span class='ocrx_word' id='word_1_338' title='bbox 491 2835 671 2910; x_wconf 83' lang='grc' dir='ltr'><strong>καιρόν</strong></span> <span class='ocrx_word' id='word_1_339' title='bbox 701 2852 713 2887; x_wconf 91' lang='lat'><strong>:</strong></span> <span class='ocrx_word' id='word_1_340' title='bbox 745 2842 960 2905; x_wconf 88' lang='lat' dir='ltr'><strong>tempus</strong></span> <span class='ocrx_word' id='word_1_341' title='bbox 987 2842 1046 2886; x_wconf 93' lang='lat' dir='ltr'><strong>ut</strong></span> <span class='ocrx_word' id='word_1_342' title='bbox 1076 2833 1228 2890; x_wconf 86' lang='lat' dir='ltr'><strong>noris</strong></span> <span class='ocrx_word' id='word_1_343' title='bbox 1249 2872 1264 2899; x_wconf 91' lang='lat'><strong>,</strong></span> <span class='ocrx_word' id='word_1_344' title='bbox 1292 2832 1468 2902; x_wconf 88' lang='lat' dir='ltr'><strong>jubet.</strong></span> 
     </span>
    </p>
   </div>
   <div class='ocr_carea' id='block_1_30' title="bbox 1537 2830 3145 2912">
    <p class='ocr_par' dir='ltr' id='par_1_30' title="bbox 1925 2830 3145 2912">
     <span class='ocr_line' id='line_1_30' title="bbox 1925 2830 3145 2912; baseline 0.003 -26"><span class='ocrx_word' id='word_1_345' title='bbox 1925 2830 1993 2886; x_wconf 88' lang='lat' dir='ltr'><strong>Et</strong></span> <span class='ocrx_word' id='word_1_346' title='bbox 2009 2832 2360 2912; x_wconf 83' lang='lat' dir='ltr'><strong>commodum</strong></span> <span class='ocrx_word' id='word_1_347' title='bbox 2416 2830 2674 2902; x_wconf 87' lang='lat' dir='ltr'><strong>profusus</strong></span> <span class='ocrx_word' id='word_1_348' title='bbox 2705 2832 2879 2890; x_wconf 90' lang='lat' dir='ltr'><strong>imber</strong></span> <span class='ocrx_word' id='word_1_349' title='bbox 2910 2833 3145 2890; x_wconf 91' lang='lat' dir='ltr'><strong>nubibus</strong></span> 
     </span>
    </p>
   </div>
   <div class='ocr_carea' id='block_1_31' title="bbox 225 2922 3169 3006">
    <p class='ocr_par' dir='ltr' id='par_1_31' title="bbox 225 2922 3169 3006">
     <span class='ocr_line' id='line_1_31' title="bbox 225 2922 3169 3006; baseline 0 -21"><span class='ocrx_word' id='word_1_350' title='bbox 225 2927 324 2985; x_wconf 92' lang='lat' dir='ltr'><strong>Sed</strong></span> <span class='ocrx_word' id='word_1_351' title='bbox 352 2931 523 3006; x_wconf 77' lang='grc' dir='ltr'><strong>καιρὸς</strong></span> <span class='ocrx_word' id='word_1_352' title='bbox 559 2931 696 2995; x_wconf 90' lang='lat' dir='ltr'><strong>iste,</strong></span> <span class='ocrx_word' id='word_1_353' title='bbox 727 2929 1117 3000; x_wconf 90' lang='lat' dir='ltr'><strong>tempestivum</strong></span> <span class='ocrx_word' id='word_1_354' title='bbox 1147 2936 1366 2996; x_wconf 90' lang='lat' dir='ltr'><strong>tempus</strong></span> <span class='ocrx_word' id='word_1_355' title='bbox 1386 2934 1489 2981; x_wconf 88' lang='lat' dir='ltr'><strong>est.</strong></span> <span class='ocrx_word' id='word_1_356' title='bbox 1926 2922 2210 2996; x_wconf 81' lang='lat' dir='ltr'><strong>Repressit</strong></span> <span class='ocrx_word' id='word_1_357' title='bbox 2235 2925 2438 2996; x_wconf 85' lang='lat' dir='ltr'><strong>ignem.</strong></span> <span class='ocrx_word' id='word_1_358' title='bbox 2461 2925 2688 2984; x_wconf 72' lang='lat' dir='ltr'><strong>Croesus</strong></span> <span class='ocrx_word' id='word_1_359' title='bbox 2711 2929 2775 2984; x_wconf 86' lang='lat' dir='ltr'><strong>ad</strong></span> <span class='ocrx_word' id='word_1_360' title='bbox 2805 2943 2988 3001; x_wconf 89' lang='lat' dir='ltr'><strong>regem</strong></span> <span class='ocrx_word' id='word_1_361' title='bbox 3021 2929 3169 2986; x_wconf 87' lang='lat' dir='ltr'><strong>illico</strong></span> 
     </span>
    </p>
   </div>
   <div class='ocr_carea' id='block_1_32' title="bbox 224 3016 1832 3090">
    <p class='ocr_par' dir='ltr' id='par_1_32' title="bbox 224 3021 1389 3090">
     <span class='ocr_line' id='line_1_32' title="bbox 224 3021 1389 3090; baseline 0.002 -14"><span class='ocrx_word' id='word_1_362' title='bbox 224 3021 339 3078; x_wconf 85' lang='lat' dir='ltr'><strong>Bias</strong></span> <span class='ocrx_word' id='word_1_363' title='bbox 367 3023 636 3080; x_wconf 85' lang='lat' dir='ltr'><strong>Priencus</strong></span> <span class='ocrx_word' id='word_1_364' title='bbox 652 3022 790 3080; x_wconf 77' lang='lat' dir='ltr'><strong>dixit</strong></span> <span class='ocrx_word' id='word_1_365' title='bbox 808 3064 822 3090; x_wconf 86' lang='lat'><strong>,</strong></span> <span class='ocrx_word' id='word_1_366' title='bbox 855 3024 1162 3079; x_wconf 78' lang='grc' dir='ltr'><strong>οἱπλεῖστοι</strong></span> <span class='ocrx_word' id='word_1_367' title='bbox 1203 3024 1348 3078; x_wconf 81' lang='grc' dir='ltr'>κακοί</span> <span class='ocrx_word' id='word_1_368' title='bbox 1373 3038 1389 3078; x_wconf 86' lang='lat'>:</span> 
     </span>
    </p>
   </div>
   <div class='ocr_carea' id='block_1_33' title="bbox 1596 3016 3204 3090">
    <p class='ocr_par' dir='ltr' id='par_1_33' title="bbox 1926 3016 3204 3089">
     <span class='ocr_line' id='line_1_33' title="bbox 1926 3016 3204 3089; baseline 0.005 -17"><span class='ocrx_word' id='word_1_369' title='bbox 1926 3016 2206 3074; x_wconf 90' lang='lat' dir='ltr'><strong>Deductus</strong></span> <span class='ocrx_word' id='word_1_370' title='bbox 2230 3019 2426 3074; x_wconf 89' lang='lat' dir='ltr'><strong>lectam</strong></span> <span class='ocrx_word' id='word_1_371' title='bbox 2453 3033 2551 3089; x_wconf 91' lang='lat' dir='ltr'><strong>per</strong></span> <span class='ocrx_word' id='word_1_372' title='bbox 2573 3019 2950 3077; x_wconf 88' lang='lat' dir='ltr'><strong>ministrorum</strong></span> <span class='ocrx_word' id='word_1_373' title='bbox 2985 3037 3204 3078; x_wconf 89' lang='lat' dir='ltr'><strong>manum</strong></span> 
     </span>
    </p>
   </div>
   <div class='ocr_carea' id='block_1_34' title="bbox 224 3107 3082 3184">
    <p class='ocr_par' dir='ltr' id='par_1_34' title="bbox 224 3107 3082 3184">
     <span class='ocr_line' id='line_1_34' title="bbox 224 3107 3082 3184; baseline -0.001 -13"><span class='ocrx_word' id='word_1_374' title='bbox 224 3114 364 3183; x_wconf 87' lang='lat' dir='ltr'><strong>Quod</strong></span> <span class='ocrx_word' id='word_1_375' title='bbox 395 3126 480 3174; x_wconf 90' lang='lat' dir='ltr'><strong>est</strong></span> <span class='ocrx_word' id='word_1_376' title='bbox 506 3119 762 3176; x_wconf 91' lang='lat' dir='ltr'><strong>Latinum</strong></span> <span class='ocrx_word' id='word_1_377' title='bbox 785 3159 802 3184; x_wconf 93' lang='lat'><strong>,</strong></span> <span class='ocrx_word' id='word_1_378' title='bbox 838 3118 1028 3174; x_wconf 85' lang='lat' dir='ltr'><strong>Plures</strong></span> <span class='ocrx_word' id='word_1_379' title='bbox 1047 3116 1328 3172; x_wconf 85' lang='lat' dir='ltr'><strong>hominum</strong></span> <span class='ocrx_word' id='word_1_380' title='bbox 1351 3124 1479 3173; x_wconf 87' lang='lat' dir='ltr'><strong>sunt</strong></span> <span class='ocrx_word' id='word_1_381' title='bbox 1504 3114 1636 3172; x_wconf 87' lang='lat' dir='ltr'><strong>mali</strong></span> <span class='ocrx_word' id='word_1_382' title='bbox 1660 3129 1676 3170; x_wconf 86' lang='lat'><strong>:</strong></span> <span class='ocrx_word' id='word_1_383' title='bbox 1925 3107 2302 3180; x_wconf 78' lang='lat' dir='ltr'><strong>Interrogatus</strong></span> <span class='ocrx_word' id='word_1_384' title='bbox 2323 3155 2338 3180; x_wconf 92' lang='lat'><strong>,</strong></span> <span class='ocrx_word' id='word_1_385' title='bbox 2362 3125 2523 3181; x_wconf 89' lang='lat' dir='ltr'><strong>quem</strong></span> <span class='ocrx_word' id='word_1_386' title='bbox 2543 3109 2799 3169; x_wconf 91' lang='lat' dir='ltr'><strong>Solonem</strong></span> <span class='ocrx_word' id='word_1_387' title='bbox 2830 3112 3040 3170; x_wconf 89' lang='lat' dir='ltr'><strong>diceret</strong></span> <span class='ocrx_word' id='word_1_388' title='bbox 3067 3131 3082 3167; x_wconf 74' lang='grc' dir='ltr'>ε</span> 
     </span>
    </p>
   </div>
   <div class='ocr_carea' id='block_1_35' title="bbox 222 3201 3199 3308">
    <p class='ocr_par' dir='ltr' id='par_1_35' title="bbox 222 3201 3199 3308">
     <span class='ocr_line' id='line_1_35' title="bbox 222 3201 3199 3308; baseline 0 -44"><span class='ocrx_word' id='word_1_389' title='bbox 222 3207 320 3264; x_wconf 89' lang='lat' dir='ltr'><strong>Sed</strong></span> <span class='ocrx_word' id='word_1_390' title='bbox 351 3210 635 3282; x_wconf 90' lang='lat' dir='ltr'><strong>imperitos</strong></span> <span class='ocrx_word' id='word_1_391' title='bbox 666 3213 806 3266; x_wconf 88' lang='lat' dir='ltr'><strong>scito</strong></span> <span class='ocrx_word' id='word_1_392' title='bbox 826 3255 841 3280; x_wconf 90' lang='lat'><strong>,</strong></span> <span class='ocrx_word' id='word_1_393' title='bbox 870 3225 1008 3282; x_wconf 92' lang='lat' dir='ltr'><strong>quos</strong></span> <span class='ocrx_word' id='word_1_394' title='bbox 1037 3209 1177 3266; x_wconf 82' lang='lat' dir='ltr'><strong>dixit</strong></span> <span class='ocrx_word' id='word_1_395' title='bbox 1203 3209 1398 3265; x_wconf 83' lang='lat' dir='ltr'><strong>malos.</strong></span> <span class='ocrx_word' id='word_1_396' title='bbox 1845 3242 1895 3308; x_wconf 68' lang='grc' dir='ltr'><strong>ο</strong></span> <span class='ocrx_word' id='word_1_397' title='bbox 1926 3201 1999 3308; x_wconf 61' lang='lat'><strong>13!</strong></span> <span class='ocrx_word' id='word_1_398' title='bbox 2025 3218 2190 3306; x_wconf 67' lang='lat' dir='ltr'><strong>quam</strong></span> <span class='ocrx_word' id='word_1_399' title='bbox 2215 3203 2396 3261; x_wconf 84' lang='lat' dir='ltr'><strong>ciendi</strong></span> <span class='ocrx_word' id='word_1_400' title='bbox 2425 3219 2646 3262; x_wconf 86' lang='lat' dir='ltr'><strong>causam</strong></span> <span class='ocrx_word' id='word_1_401' title='bbox 2677 3206 2904 3264; x_wconf 88' lang='lat' dir='ltr'><strong>haberet</strong></span> <span class='ocrx_word' id='word_1_402' title='bbox 2931 3209 3199 3308; x_wconf 77' lang='lat' dir='ltr'><strong>nominis,</strong></span> 
     </span>
    </p>
   </div>
   <div class='ocr_carea' id='block_1_36' title="bbox 224 3294 3188 3372">
    <p class='ocr_par' dir='ltr' id='par_1_36' title="bbox 224 3294 3188 3372">
     <span class='ocr_line' id='line_1_36' title="bbox 224 3294 3188 3372; baseline 0 -16"><span class='ocrx_word' id='word_1_403' title='bbox 224 3303 408 3364; x_wconf 81' lang='grc' dir='ltr'><strong>Μελέτη</strong></span> <span class='ocrx_word' id='word_1_404' title='bbox 433 3306 493 3362; x_wconf 86' lang='grc' dir='ltr'>τὸ</span> <span class='ocrx_word' id='word_1_405' title='bbox 522 3311 634 3362; x_wconf 83' lang='grc' dir='ltr'><strong>πᾶν</strong></span> <span class='ocrx_word' id='word_1_406' title='bbox 659 3346 674 3372; x_wconf 90' lang='grc'><strong>,</strong></span> <span class='ocrx_word' id='word_1_407' title='bbox 709 3304 988 3361; x_wconf 87' lang='lat' dir='ltr'><strong>Pcriandri</strong></span> <span class='ocrx_word' id='word_1_408' title='bbox 1009 3313 1092 3360; x_wconf 91' lang='lat' dir='ltr'><strong>est</strong></span> <span class='ocrx_word' id='word_1_409' title='bbox 1121 3301 1392 3359; x_wconf 87' lang='lat' dir='ltr'><strong>Corinthii</strong></span> <span class='ocrx_word' id='word_1_410' title='bbox 1417 3344 1432 3368; x_wconf 92' lang='lat'><strong>,</strong></span> <span class='ocrx_word' id='word_1_411' title='bbox 1851 3294 1894 3308; x_wconf 77' lang='grc'><strong>““’</strong></span> <span class='ocrx_word' id='word_1_412' title='bbox 1925 3294 2134 3352; x_wconf 88' lang='lat' dir='ltr'><strong>Seriem</strong></span> <span class='ocrx_word' id='word_1_413' title='bbox 2165 3311 2262 3366; x_wconf 89' lang='lat' dir='ltr'><strong>per</strong></span> <span class='ocrx_word' id='word_1_414' title='bbox 2289 3311 2506 3353; x_wconf 92' lang='lat' dir='ltr'><strong>omnem</strong></span> <span class='ocrx_word' id='word_1_415' title='bbox 2538 3307 2734 3355; x_wconf 91' lang='lat' dir='ltr'><strong>cuncta</strong></span> <span class='ocrx_word' id='word_1_416' title='bbox 2768 3301 2878 3370; x_wconf 83' lang='lat' dir='ltr'><strong>regi</strong></span> <span class='ocrx_word' id='word_1_417' title='bbox 2909 3300 3188 3357; x_wconf 89' lang='lat' dir='ltr'><strong>edisserit.</strong></span> 
     </span>
    </p>
   </div>
   <div class='ocr_carea' id='block_1_37' title="bbox 227 3389 3143 3468">
    <p class='ocr_par' dir='ltr' id='par_1_37' title="bbox 227 3389 3143 3468">
     <span class='ocr_line' id='line_1_37' title="bbox 227 3389 3143 3468; baseline 0 -18"><span class='ocrx_word' id='word_1_418' title='bbox 227 3395 351 3453; x_wconf 84' lang='lat' dir='ltr'><strong>Esse</strong></span> <span class='ocrx_word' id='word_1_419' title='bbox 379 3397 787 3455; x_wconf 76' lang='lat' dir='ltr'><strong>Meditationem</strong></span> <span class='ocrx_word' id='word_1_420' title='bbox 822 3407 993 3454; x_wconf 90' lang='lat' dir='ltr'><strong>totum</strong></span> <span class='ocrx_word' id='word_1_421' title='bbox 1023 3398 1111 3468; x_wconf 92' lang='lat' dir='ltr'><strong>qui</strong></span> <span class='ocrx_word' id='word_1_422' title='bbox 1143 3404 1318 3468; x_wconf 88' lang='lat' dir='ltr'><strong>putat.</strong></span> <span class='ocrx_word' id='word_1_423' title='bbox 1925 3389 2219 3446; x_wconf 85' lang='lat' dir='ltr'><strong>Miseratur</strong></span> <span class='ocrx_word' id='word_1_424' title='bbox 2243 3389 2338 3447; x_wconf 90' lang='lat' dir='ltr'><strong>ille</strong></span> <span class='ocrx_word' id='word_1_425' title='bbox 2369 3391 2627 3464; x_wconf 90' lang='lat' dir='ltr'><strong>:vimque</strong></span> <span class='ocrx_word' id='word_1_426' title='bbox 2657 3392 2890 3451; x_wconf 66' lang='lat' dir='ltr'><strong>fortunae</strong></span> <span class='ocrx_word' id='word_1_427' title='bbox 2914 3396 3108 3452; x_wconf 90' lang='lat' dir='ltr'><strong>videns</strong></span> <span class='ocrx_word' id='word_1_428' title='bbox 3127 3437 3143 3464; x_wconf 93' lang='lat'><strong>,</strong></span> 
     </span>
    </p>
   </div>
   <div class='ocr_carea' id='block_1_38' title="bbox 227 3481 1835 3568">
    <p class='ocr_par' dir='ltr' id='par_1_38' title="bbox 227 3485 1260 3568">
     <span class='ocr_line' id='line_1_38' title="bbox 227 3485 1260 3568; baseline 0.001 -25"><span class='ocrx_word' id='word_1_429' title='bbox 227 3485 462 3567; x_wconf 78' lang='grc' dir='ltr'><strong>Ἀριστον</strong></span> <span class='ocrx_word' id='word_1_430' title='bbox 489 3495 683 3568; x_wconf 84' lang='grc' dir='ltr'><strong>μέτρον</strong></span> <span class='ocrx_word' id='word_1_431' title='bbox 713 3505 836 3547; x_wconf 86' lang='lat' dir='ltr'><strong>esse</strong></span> <span class='ocrx_word' id='word_1_432' title='bbox 869 3491 1009 3545; x_wconf 82' lang='lat' dir='ltr'><strong>dixit</strong></span> <span class='ocrx_word' id='word_1_433' title='bbox 1033 3489 1260 3546; x_wconf 87' lang='lat' dir='ltr'><strong>Lindius</strong></span> 
     </span>
    </p>
   </div>
   <div class='ocr_carea' id='block_1_39' title="bbox 1649 3481 3257 3568">
    <p class='ocr_par' dir='ltr' id='par_1_39' title="bbox 1927 3481 3257 3547">
     <span class='ocr_line' id='line_1_39' title="bbox 1927 3481 3257 3547; baseline 0.007 -11"><span class='ocrx_word' id='word_1_434' title='bbox 1927 3481 2136 3538; x_wconf 85' lang='lat' dir='ltr'><strong>Laudat</strong></span> <span class='ocrx_word' id='word_1_435' title='bbox 2169 3481 2431 3540; x_wconf 89' lang='lat' dir='ltr'><strong>Solonem</strong></span> <span class='ocrx_word' id='word_1_436' title='bbox 2462 3501 2478 3541; x_wconf 88' lang='lat'>:</span> <span class='ocrx_word' id='word_1_437' title='bbox 2507 3486 2754 3542; x_wconf 56' lang='lat' dir='ltr'><strong>Crassum</strong></span> <span class='ocrx_word' id='word_1_438' title='bbox 2778 3487 2831 3542; x_wconf 86' lang='lat' dir='ltr'><strong>in</strong></span> <span class='ocrx_word' id='word_1_439' title='bbox 2857 3487 3046 3544; x_wconf 88' lang='lat' dir='ltr'><strong>amicis</strong></span> <span class='ocrx_word' id='word_1_440' title='bbox 3073 3488 3257 3547; x_wconf 90' lang='lat' dir='ltr'><strong>habet.</strong></span> 
     </span>
    </p>
   </div>
   <div class='ocr_carea' id='block_1_40' title="bbox 226 3574 3141 3654">
    <p class='ocr_par' dir='ltr' id='par_1_40' title="bbox 226 3574 3141 3654">
     <span class='ocr_line' id='line_1_40' title="bbox 226 3574 3141 3654; baseline 0.003 -23"><span class='ocrx_word' id='word_1_441' title='bbox 226 3579 532 3652; x_wconf 82' lang='lat' dir='ltr'><strong>Cleobulus,</strong></span> <span class='ocrx_word' id='word_1_442' title='bbox 571 3583 675 3639; x_wconf 92' lang='lat' dir='ltr'><strong>hoc</strong></span> <span class='ocrx_word' id='word_1_443' title='bbox 701 3592 817 3648; x_wconf 89' lang='lat' dir='ltr'><strong>est,</strong></span> <span class='ocrx_word' id='word_1_444' title='bbox 849 3583 1097 3654; x_wconf 87' lang='lat' dir='ltr'><strong>Optimus</strong></span> <span class='ocrx_word' id='word_1_445' title='bbox 1122 3579 1334 3636; x_wconf 87' lang='lat' dir='ltr'><strong>cunctis</strong></span> <span class='ocrx_word' id='word_1_446' title='bbox 1359 3578 1568 3635; x_wconf 92' lang='lat' dir='ltr'><strong>modus.</strong></span> <span class='ocrx_word' id='word_1_447' title='bbox 1926 3574 2291 3648; x_wconf 79' lang='lat' dir='ltr'><strong>Vinctumque</strong></span> <span class='ocrx_word' id='word_1_448' title='bbox 2325 3577 2530 3648; x_wconf 90' lang='lat' dir='ltr'><strong>pedicis</strong></span> <span class='ocrx_word' id='word_1_449' title='bbox 2559 3579 2743 3636; x_wconf 85' lang='lat' dir='ltr'><strong>aureis</strong></span> <span class='ocrx_word' id='word_1_450' title='bbox 2769 3595 2954 3638; x_wconf 88' lang='lat' dir='ltr'><strong>secum</strong></span> <span class='ocrx_word' id='word_1_451' title='bbox 2981 3581 3141 3653; x_wconf 87' lang='lat' dir='ltr'><strong>jubet</strong></span> 
     </span>
    </p>
   </div>
   <div class='ocr_carea' id='block_1_41' title="bbox 229 3667 1837 3754">
    <p class='ocr_par' dir='ltr' id='par_1_41' title="bbox 229 3670 1438 3754">
     <span class='ocr_line' id='line_1_41' title="bbox 229 3670 1438 3754; baseline 0 -28"><span class='ocrx_word' id='word_1_452' title='bbox 229 3670 420 3732; x_wconf 78' lang='lat' dir='ltr'><strong>Thales</strong></span> <span class='ocrx_word' id='word_1_453' title='bbox 438 3719 453 3744; x_wconf 91' lang='lat'><strong>,</strong></span> <span class='ocrx_word' id='word_1_454' title='bbox 484 3675 696 3752; x_wconf 66' lang='grc' dir='ltr'><strong>Ἐγγύα,</strong></span> <span class='ocrx_word' id='word_1_455' title='bbox 727 3678 950 3754; x_wconf 74' lang='grc' dir='ltr'><strong>πάρεστι</strong></span> <span class='ocrx_word' id='word_1_456' title='bbox 978 3673 1022 3731; x_wconf 83' lang='grc' dir='ltr'>δ’</span> <span class='ocrx_word' id='word_1_457' title='bbox 1048 3671 1168 3742; x_wconf 76' lang='grc' dir='ltr'><strong>ἄτη,</strong></span> <span class='ocrx_word' id='word_1_458' title='bbox 1194 3673 1438 3744; x_wconf 90' lang='lat' dir='ltr'><strong>protulit.</strong></span> 
     </span>
    </p>
   </div>
   <div class='ocr_carea' id='block_1_42' title="bbox 1618 3667 3226 3754">
    <p class='ocr_par' dir='ltr' id='par_1_42' title="bbox 1924 3667 3226 3749">
     <span class='ocr_line' id='line_1_42' title="bbox 1924 3667 3226 3749; baseline 0.01 -26"><span class='ocrx_word' id='word_1_459' title='bbox 1924 3667 2244 3741; x_wconf 82' lang='lat' dir='ltr'><strong>Reliquum,</strong></span> <span class='ocrx_word' id='word_1_460' title='bbox 2269 3671 2413 3742; x_wconf 87' lang='lat' dir='ltr'><strong>quod</strong></span> <span class='ocrx_word' id='word_1_461' title='bbox 2445 3681 2596 3730; x_wconf 90' lang='lat' dir='ltr'><strong>esset</strong></span> <span class='ocrx_word' id='word_1_462' title='bbox 2621 3673 2778 3741; x_wconf 85' lang='lat' dir='ltr'><strong>vitae,</strong></span> <span class='ocrx_word' id='word_1_463' title='bbox 2813 3684 2983 3733; x_wconf 91' lang='lat' dir='ltr'><strong>totum</strong></span> <span class='ocrx_word' id='word_1_464' title='bbox 3003 3677 3226 3749; x_wconf 82' lang='lat' dir='ltr'><strong>degere.</strong></span> 
     </span>
    </p>
   </div>
   <div class='ocr_carea' id='block_1_43' title="bbox 229 3761 2852 3842">
    <p class='ocr_par' dir='ltr' id='par_1_43' title="bbox 229 3761 2852 3842">
     <span class='ocr_line' id='line_1_43' title="bbox 229 3761 2852 3842; baseline 0.001 -21"><span class='ocrx_word' id='word_1_465' title='bbox 229 3765 498 3837; x_wconf 85' lang='lat' dir='ltr'><strong>Spondere</strong></span> <span class='ocrx_word' id='word_1_466' title='bbox 526 3772 624 3842; x_wconf 87' lang='lat' dir='ltr'><strong>qui</strong></span> <span class='ocrx_word' id='word_1_467' title='bbox 651 3785 782 3839; x_wconf 87' lang='lat' dir='ltr'><strong>nos,</strong></span> <span class='ocrx_word' id='word_1_468' title='bbox 807 3785 951 3826; x_wconf 74' lang='lat' dir='ltr'><strong>noxa</strong></span> <span class='ocrx_word' id='word_1_469' title='bbox 979 3769 1124 3841; x_wconf 89' lang='lat' dir='ltr'><strong>quod</strong></span> <span class='ocrx_word' id='word_1_470' title='bbox 1150 3783 1291 3838; x_wconf 64' lang='lat' dir='ltr'><strong>praes</strong></span> <span class='ocrx_word' id='word_1_471' title='bbox 1319 3776 1405 3823; x_wconf 89' lang='lat' dir='ltr'><strong>est</strong></span> <span class='ocrx_word' id='word_1_472' title='bbox 1428 3774 1594 3823; x_wconf 84' lang='lat' dir='ltr'><strong>vetat.</strong></span> <span class='ocrx_word' id='word_1_473' title='bbox 1925 3761 2048 3834; x_wconf 89' lang='lat' dir='ltr'><strong>Ego</strong></span> <span class='ocrx_word' id='word_1_474' title='bbox 2067 3764 2298 3820; x_wconf 92' lang='lat' dir='ltr'><strong>duorum</strong></span> <span class='ocrx_word' id='word_1_475' title='bbox 2318 3781 2507 3837; x_wconf 86' lang='lat' dir='ltr'><strong>regum</strong></span> <span class='ocrx_word' id='word_1_476' title='bbox 2537 3767 2852 3824; x_wconf 88' lang='lat' dir='ltr'><strong>testimonio</strong></span> 
     </span>
    </p>
   </div>
   <div class='ocr_carea' id='block_1_44' title="bbox 230 3853 3032 3932">
    <p class='ocr_par' dir='ltr' id='par_1_44' title="bbox 230 3853 3032 3932">
     <span class='ocr_line' id='line_1_44' title="bbox 230 3853 3032 3932; baseline -0 -18"><span class='ocrx_word' id='word_1_477' title='bbox 230 3856 335 3916; x_wconf 82' lang='lat' dir='ltr'><strong>Hoc</strong></span> <span class='ocrx_word' id='word_1_478' title='bbox 361 3877 460 3919; x_wconf 90' lang='lat' dir='ltr'><strong>nos</strong></span> <span class='ocrx_word' id='word_1_479' title='bbox 483 3878 714 3919; x_wconf 91' lang='lat' dir='ltr'><strong>monere</strong></span> <span class='ocrx_word' id='word_1_480' title='bbox 743 3903 759 3932; x_wconf 90' lang='lat'><strong>,</strong></span> <span class='ocrx_word' id='word_1_481' title='bbox 793 3861 1054 3919; x_wconf 88' lang='lat' dir='ltr'><strong>feneratis</strong></span> <span class='ocrx_word' id='word_1_482' title='bbox 1082 3875 1191 3916; x_wconf 93' lang='lat' dir='ltr'><strong>non</strong></span> <span class='ocrx_word' id='word_1_483' title='bbox 1215 3860 1410 3931; x_wconf 89' lang='lat' dir='ltr'><strong>placet.</strong></span> <span class='ocrx_word' id='word_1_484' title='bbox 1926 3853 2203 3912; x_wconf 89' lang='lat' dir='ltr'><strong>Laudatus</strong></span> <span class='ocrx_word' id='word_1_485' title='bbox 2220 3897 2235 3923; x_wconf 93' lang='lat'><strong>,</strong></span> <span class='ocrx_word' id='word_1_486' title='bbox 2261 3865 2318 3912; x_wconf 91' lang='lat' dir='ltr'><strong>et</strong></span> <span class='ocrx_word' id='word_1_487' title='bbox 2349 3856 2613 3928; x_wconf 89' lang='lat' dir='ltr'><strong>probatus</strong></span> <span class='ocrx_word' id='word_1_488' title='bbox 2637 3857 2907 3914; x_wconf 90' lang='lat' dir='ltr'><strong>ambobus</strong></span> <span class='ocrx_word' id='word_1_489' title='bbox 2934 3859 3032 3915; x_wconf 91' lang='lat' dir='ltr'><strong>fui.</strong></span> 
     </span>
    </p>
   </div>
   <div class='ocr_carea' id='block_1_45' title="bbox 294 3947 3523 4030">
    <p class='ocr_par' dir='ltr' id='par_1_45' title="bbox 294 3947 3523 4030">
     <span class='ocr_line' id='line_1_45' title="bbox 294 3947 3523 4030; baseline -0.001 -22"><span class='ocrx_word' id='word_1_490' title='bbox 294 3952 434 4013; x_wconf 89' lang='lat' dir='ltr'><strong>Dixi.</strong></span> <span class='ocrx_word' id='word_1_491' title='bbox 463 3957 763 4016; x_wconf 81' lang='lat' dir='ltr'><strong>Recedam.</strong></span> <span class='ocrx_word' id='word_1_492' title='bbox 793 3955 1009 4030; x_wconf 85' lang='lat' dir='ltr'><strong>Legifer</strong></span> <span class='ocrx_word' id='word_1_493' title='bbox 1035 3956 1184 4013; x_wconf 88' lang='lat' dir='ltr'><strong>venit</strong></span> <span class='ocrx_word' id='word_1_494' title='bbox 1212 3954 1404 4013; x_wconf 85' lang='lat' dir='ltr'><strong>Solon.</strong></span> <span class='ocrx_word' id='word_1_495' title='bbox 1925 3947 2188 4020; x_wconf 87' lang='lat' dir='ltr'><strong>Quodque</strong></span> <span class='ocrx_word' id='word_1_496' title='bbox 2246 3948 2342 4004; x_wconf 89' lang='lat' dir='ltr'><strong>uni</strong></span> <span class='ocrx_word' id='word_1_497' title='bbox 2407 3948 2611 4004; x_wconf 90' lang='lat' dir='ltr'><strong>dictum</strong></span> <span class='ocrx_word' id='word_1_498' title='bbox 2677 3957 2793 4016; x_wconf 89' lang='lat' dir='ltr'><strong>est,</strong></span> <span class='ocrx_word' id='word_1_499' title='bbox 2850 3951 3082 4021; x_wconf 89' lang='lat' dir='ltr'><strong>quisque</strong></span> <span class='ocrx_word' id='word_1_500' title='bbox 3142 3953 3250 4010; x_wconf 89' lang='lat' dir='ltr'><strong>sibi</strong></span> <span class='ocrx_word' id='word_1_501' title='bbox 3317 3954 3523 4012; x_wconf 80' lang='lat' dir='ltr'><strong>dictum</strong></span> 
     </span>
    </p>
   </div>
   <div class='ocr_carea' id='block_1_46' title="bbox 924 4045 3448 4130">
    <p class='ocr_par' dir='ltr' id='par_1_46' title="bbox 924 4045 3448 4130">
     <span class='ocr_line' id='line_1_46' title="bbox 924 4045 3448 4130; baseline -0.011 -1"><span class='ocrx_word' id='word_1_502' title='bbox 924 4073 1108 4130; x_wconf 83' lang='lat' dir='ltr'><strong>Solon.</strong></span> <span class='ocrx_word' id='word_1_503' title='bbox 3253 4045 3262 4115; x_wconf 74' lang='grc' dir='ltr'><em>ι</em></span> <span class='ocrx_word' id='word_1_504' title='bbox 3279 4055 3448 4115; x_wconf 89' lang='lat' dir='ltr'><strong>putet.</strong></span> 
     </span>
    </p>
   </div>
   <div class='ocr_carea' id='block_1_47' title="bbox 1998 4132 3292 4205">
    <p class='ocr_par' dir='ltr' id='par_1_47' title="bbox 1998 4132 3292 4205">
     <span class='ocr_line' id='line_1_47' title="bbox 1998 4132 3292 4205; baseline 0.001 -16"><span class='ocrx_word' id='word_1_505' title='bbox 1998 4134 2113 4205; x_wconf 87' lang='lat' dir='ltr'><strong>Ego</strong></span> <span class='ocrx_word' id='word_1_506' title='bbox 2133 4135 2245 4205; x_wconf 90' lang='lat' dir='ltr'><strong>jam</strong></span> <span class='ocrx_word' id='word_1_507' title='bbox 2274 4133 2458 4204; x_wconf 89' lang='lat' dir='ltr'><strong>peregi</strong></span> <span class='ocrx_word' id='word_1_508' title='bbox 2483 4178 2496 4204; x_wconf 91' lang='lat'><strong>,</strong></span> <span class='ocrx_word' id='word_1_509' title='bbox 2525 4149 2631 4205; x_wconf 90' lang='lat' dir='ltr'><strong>qua</strong></span> <span class='ocrx_word' id='word_1_510' title='bbox 2662 4132 2731 4190; x_wconf 89' lang='lat' dir='ltr'><strong>de</strong></span> <span class='ocrx_word' id='word_1_511' title='bbox 2761 4148 2926 4190; x_wconf 90' lang='lat' dir='ltr'><strong>causa</strong></span> <span class='ocrx_word' id='word_1_512' title='bbox 2955 4136 3063 4189; x_wconf 89' lang='lat' dir='ltr'><strong>huc</strong></span> <span class='ocrx_word' id='word_1_513' title='bbox 3096 4135 3292 4205; x_wconf 86' lang='lat' dir='ltr'><strong>prodii.</strong></span> 
     </span>
    </p>
   </div>
   <div class='ocr_carea' id='block_1_48' title="bbox 297 4184 3242 4296">
    <p class='ocr_par' dir='ltr' id='par_1_48' title="bbox 297 4184 3242 4296">
     <span class='ocr_line' id='line_1_48' title="bbox 297 4184 3242 4296; baseline -0.002 -9"><span class='ocrx_word' id='word_1_514' title='bbox 297 4184 371 4296; x_wconf 38' lang='lat' dir='ltr'><strong>D‘c</strong></span> <span class='ocrx_word' id='word_1_515' title='bbox 397 4204 554 4296; x_wconf 44' lang='lat' dir='ltr'><strong>mare</strong></span> <span class='ocrx_word' id='word_1_516' title='bbox 582 4189 773 4296; x_wconf 39' lang='lat' dir='ltr'><strong>9mm)</strong></span> <span class='ocrx_word' id='word_1_517' title='bbox 801 4187 1018 4296; x_wconf 35' lang='lat' dir='ltr'><strong>pro“?</strong></span> <span class='ocrx_word' id='word_1_518' title='bbox 1038 4188 1092 4291; x_wconf 55' lang='lat' dir='ltr'><strong>i&#39;.‘</strong></span> <span class='ocrx_word' id='word_1_519' title='bbox 1563 4224 1579 4250; x_wconf 93' lang='lat'><strong>’</strong></span> <span class='ocrx_word' id='word_1_520' title='bbox 1927 4184 2089 4284; x_wconf 68' lang='lat' dir='ltr'><strong>Venit</strong></span> <span class='ocrx_word' id='word_1_521' title='bbox 2109 4184 2240 4284; x_wconf 58' lang='lat' dir='ltr'><strong>ecce</strong></span> <span class='ocrx_word' id='word_1_522' title='bbox 2264 4184 2496 4282; x_wconf 49' lang='lat' dir='ltr'><strong>Chilon,</strong></span> <span class='ocrx_word' id='word_1_523' title='bbox 2521 4184 2630 4282; x_wconf 51' lang='grc' dir='ltr'><strong>ὗσε</strong></span> <span class='ocrx_word' id='word_1_524' title='bbox 2653 4226 2831 4282; x_wconf 84' lang='lat' dir='ltr'><strong>valete</strong></span> <span class='ocrx_word' id='word_1_525' title='bbox 2850 4267 2865 4293; x_wconf 93' lang='lat'><strong>,</strong></span> <span class='ocrx_word' id='word_1_526' title='bbox 2896 4233 2951 4281; x_wconf 90' lang='lat' dir='ltr'><strong>et</strong></span> <span class='ocrx_word' id='word_1_527' title='bbox 2983 4184 3242 4296; x_wconf 82' lang='lat' dir='ltr'><strong>platidite.</strong></span> 
     </span>
    </p>
   </div>
   <div class='ocr_carea' id='block_1_49' title="bbox 232 4275 1540 4353">
    <p class='ocr_par' dir='ltr' id='par_1_49' title="bbox 232 4275 1540 4353">
     <span class='ocr_line' id='line_1_49' title="bbox 232 4275 1540 4353; baseline -0.001 -21"><span class='ocrx_word' id='word_1_528' title='bbox 232 4275 440 4348; x_wconf 88' lang='lat' dir='ltr'><strong>Septem</strong></span> <span class='ocrx_word' id='word_1_529' title='bbox 467 4282 792 4353; x_wconf 88' lang='lat' dir='ltr'><strong>Sapientum</strong></span> <span class='ocrx_word' id='word_1_530' title='bbox 825 4280 968 4337; x_wconf 89' lang='lat' dir='ltr'><strong>fama</strong></span> <span class='ocrx_word' id='word_1_531' title='bbox 995 4279 1080 4336; x_wconf 90' lang='lat' dir='ltr'><strong>cui</strong></span> <span class='ocrx_word' id='word_1_532' title='bbox 1107 4279 1343 4351; x_wconf 91' lang='lat' dir='ltr'><strong>palmam</strong></span> <span class='ocrx_word' id='word_1_533' title='bbox 1373 4277 1540 4334; x_wconf 87' lang='lat' dir='ltr'><strong>dedit.</strong></span> 
     </span>
    </p>
   </div>
   <div class='ocr_carea' id='block_1_50' title="bbox 234 4339 2829 4446">
    <p class='ocr_par' dir='ltr' id='par_1_50' title="bbox 234 4339 2829 4446">
     <span class='ocr_line' id='line_1_50' title="bbox 234 4339 2829 4446; baseline -0.008 -20"><span class='ocrx_word' id='word_1_534' title='bbox 234 4339 338 4428; x_wconf 78' lang='lat' dir='ltr'><strong>Seil</strong></span> <span class='ocrx_word' id='word_1_535' title='bbox 366 4376 504 4432; x_wconf 82' lang='lat' dir='ltr'><strong>fama</strong></span> <span class='ocrx_word' id='word_1_536' title='bbox 527 4339 639 4432; x_wconf 84' lang='lat' dir='ltr'><strong>rion</strong></span> <span class='ocrx_word' id='word_1_537' title='bbox 665 4374 962 4446; x_wconf 87' lang='lat' dir='ltr'><strong>estjttdicii</strong></span> <span class='ocrx_word' id='word_1_538' title='bbox 983 4339 1268 4431; x_wconf 65' lang='lat' dir='ltr'><strong>severitas.</strong></span> <span class='ocrx_word' id='word_1_539' title='bbox 2615 4339 2829 4394; x_wconf 66' lang='grc' dir='ltr'><strong>διιείση-</strong></span> 
     </span>
    </p>
   </div>
   <div class='ocr_carea' id='block_1_51' title="bbox 234 4459 3362 4541">
    <p class='ocr_par' dir='ltr' id='par_1_51' title="bbox 234 4459 3362 4541">
     <span class='ocr_line' id='line_1_51' title="bbox 234 4459 3362 4541; baseline -0.001 -21"><span class='ocrx_word' id='word_1_540' title='bbox 234 4459 408 4536; x_wconf 82' lang='lat' dir='ltr'><strong>Neque</strong></span> <span class='ocrx_word' id='word_1_541' title='bbox 427 4485 516 4526; x_wconf 90' lang='lat' dir='ltr'><strong>me</strong></span> <span class='ocrx_word' id='word_1_542' title='bbox 547 4483 671 4526; x_wconf 86' lang='lat' dir='ltr'><strong>esse</strong></span> <span class='ocrx_word' id='word_1_543' title='bbox 693 4469 947 4539; x_wconf 90' lang='lat' dir='ltr'><strong>primum,</strong></span> <span class='ocrx_word' id='word_1_544' title='bbox 970 4474 1213 4523; x_wconf 87' lang='lat' dir='ltr'><strong>vestrum</strong></span> <span class='ocrx_word' id='word_1_545' title='bbox 1235 4472 1326 4520; x_wconf 89' lang='lat' dir='ltr'><strong>aut</strong></span> <span class='ocrx_word' id='word_1_546' title='bbox 1352 4465 1518 4520; x_wconf 89' lang='lat' dir='ltr'><strong>imum</strong></span> <span class='ocrx_word' id='word_1_547' title='bbox 1542 4459 1817 4529; x_wconf 83' lang='lat' dir='ltr'><strong>existimo,</strong></span> <span class='ocrx_word' id='word_1_548' title='bbox 1997 4466 2194 4525; x_wconf 86' lang='lat' dir='ltr'><strong>Lumbi</strong></span> <span class='ocrx_word' id='word_1_549' title='bbox 2222 4466 2496 4536; x_wconf 82' lang='lat' dir='ltr'><strong>sedendo,</strong></span> <span class='ocrx_word' id='word_1_550' title='bbox 2531 4466 2789 4537; x_wconf 83' lang='lat' dir='ltr'><strong>oculique</strong></span> <span class='ocrx_word' id='word_1_551' title='bbox 2811 4468 3111 4538; x_wconf 85' lang='lat' dir='ltr'><strong>spectando</strong></span> <span class='ocrx_word' id='word_1_552' title='bbox 3138 4469 3325 4528; x_wconf 73' lang='lat' dir='ltr'><strong>dolent</strong></span> <span class='ocrx_word' id='word_1_553' title='bbox 3347 4514 3362 4541; x_wconf 76' lang='grc'><em>,</em></span> 
     </span>
    </p>
   </div>
   <div class='ocr_carea' id='block_1_52' title="bbox 234 4555 3116 4634">
    <p class='ocr_par' dir='ltr' id='par_1_52' title="bbox 234 4555 3116 4634">
     <span class='ocr_line' id='line_1_52' title="bbox 234 4555 3116 4634; baseline 0 -21"><span class='ocrx_word' id='word_1_554' title='bbox 234 4555 529 4630; x_wconf 65' lang='lat' dir='ltr'><strong>Equalitas</strong></span> <span class='ocrx_word' id='word_1_555' title='bbox 555 4562 700 4634; x_wconf 89' lang='lat' dir='ltr'><strong>quod</strong></span> <span class='ocrx_word' id='word_1_556' title='bbox 725 4562 970 4618; x_wconf 88' lang='lat' dir='ltr'><strong>ordinem</strong></span> <span class='ocrx_word' id='word_1_557' title='bbox 994 4561 1169 4617; x_wconf 90' lang='lat' dir='ltr'><strong>nescit</strong></span> <span class='ocrx_word' id='word_1_558' title='bbox 1195 4561 1327 4631; x_wconf 91' lang='lat' dir='ltr'><strong>pati.</strong></span> <span class='ocrx_word' id='word_1_559' title='bbox 1846 4627 1889 4634; x_wconf 36' lang='grc' dir='ltr'><strong>Α</strong></span> <span class='ocrx_word' id='word_1_560' title='bbox 1927 4561 2202 4618; x_wconf 83' lang='lat' dir='ltr'><strong>Manendo</strong></span> <span class='ocrx_word' id='word_1_561' title='bbox 2222 4559 2478 4617; x_wconf 91' lang='lat' dir='ltr'><strong>Solonem</strong></span> <span class='ocrx_word' id='word_1_562' title='bbox 2509 4557 2687 4630; x_wconf 87' lang='lat' dir='ltr'><strong>quoad</strong></span> <span class='ocrx_word' id='word_1_563' title='bbox 2713 4573 2839 4615; x_wconf 89' lang='lat' dir='ltr'><strong>sese</strong></span> <span class='ocrx_word' id='word_1_564' title='bbox 2871 4559 3116 4630; x_wconf 86' lang='lat' dir='ltr'><strong>recipiat.</strong></span> 
     </span>
    </p>
   </div>
   <div class='ocr_carea' id='block_1_53' title="bbox 236 4627 3285 4728">
    <p class='ocr_par' dir='ltr' id='par_1_53' title="bbox 236 4627 3285 4728">
     <span class='ocr_line' id='line_1_53' title="bbox 236 4627 3285 4728; baseline 0.002 -23"><span class='ocrx_word' id='word_1_565' title='bbox 236 4627 394 4709; x_wconf 82' lang='lat' dir='ltr'><strong>Recte</strong></span> <span class='ocrx_word' id='word_1_566' title='bbox 410 4655 538 4712; x_wconf 91' lang='lat' dir='ltr'><strong>olim</strong></span> <span class='ocrx_word' id='word_1_567' title='bbox 568 4627 810 4728; x_wconf 84' lang='lat' dir='ltr'><strong>ineptum</strong></span> <span class='ocrx_word' id='word_1_568' title='bbox 833 4655 1131 4728; x_wconf 86' lang='lat' dir='ltr'><strong>Delphicus</strong></span> <span class='ocrx_word' id='word_1_569' title='bbox 1156 4627 1326 4725; x_wconf 80' lang='lat' dir='ltr'><strong>jussit</strong></span> <span class='ocrx_word' id='word_1_570' title='bbox 1352 4652 1498 4709; x_wconf 86' lang='lat' dir='ltr'><strong>Deus</strong></span> <span class='ocrx_word' id='word_1_571' title='bbox 1643 4717 1646 4721; x_wconf 41' lang='grc'><em>,</em></span> <span class='ocrx_word' id='word_1_572' title='bbox 1845 4627 1902 4690; x_wconf 78' lang='lat' dir='ltr'><strong>D</strong></span> <span class='ocrx_word' id='word_1_573' title='bbox 1929 4656 2032 4712; x_wconf 90' lang='lat' dir='ltr'><strong>Ilui</strong></span> <span class='ocrx_word' id='word_1_574' title='bbox 2052 4702 2067 4726; x_wconf 90' lang='lat'><strong>,</strong></span> <span class='ocrx_word' id='word_1_575' title='bbox 2097 4669 2258 4727; x_wconf 89' lang='lat' dir='ltr'><strong>quam</strong></span> <span class='ocrx_word' id='word_1_576' title='bbox 2283 4667 2450 4724; x_wconf 90' lang='lat' dir='ltr'><strong>pauca</strong></span> <span class='ocrx_word' id='word_1_577' title='bbox 2474 4627 2637 4723; x_wconf 84' lang='lat' dir='ltr'><strong>quam</strong></span> <span class='ocrx_word' id='word_1_578' title='bbox 2660 4652 2751 4708; x_wconf 91' lang='lat' dir='ltr'><strong>diu</strong></span> <span class='ocrx_word' id='word_1_579' title='bbox 2774 4627 3073 4724; x_wconf 82' lang='lat' dir='ltr'><strong>loquuntur</strong></span> <span class='ocrx_word' id='word_1_580' title='bbox 3101 4655 3285 4712; x_wconf 82' lang='lat' dir='ltr'><strong>Attici.</strong></span> 
     </span>
    </p>
   </div>
   <div class='ocr_carea' id='block_1_54' title="bbox 235 4743 3020 4822">
    <p class='ocr_par' dir='ltr' id='par_1_54' title="bbox 235 4743 3020 4822">
     <span class='ocr_line' id='line_1_54' title="bbox 235 4743 3020 4822; baseline 0.001 -22"><span class='ocrx_word' id='word_1_581' title='bbox 235 4743 602 4820; x_wconf 82' lang='lat' dir='ltr'><strong>Quaerentcm,</strong></span> <span class='ocrx_word' id='word_1_582' title='bbox 633 4750 879 4822; x_wconf 89' lang='lat' dir='ltr'><strong>quisnam</strong></span> <span class='ocrx_word' id='word_1_583' title='bbox 902 4750 1108 4822; x_wconf 89' lang='lat' dir='ltr'><strong>primus</strong></span> <span class='ocrx_word' id='word_1_584' title='bbox 1132 4750 1436 4821; x_wconf 91' lang='lat' dir='ltr'><strong>sapientum</strong></span> <span class='ocrx_word' id='word_1_585' title='bbox 1467 4747 1640 4814; x_wconf 89' lang='lat' dir='ltr'><strong>foret,</strong></span> <span class='ocrx_word' id='word_1_586' title='bbox 1697 4747 1736 4753; x_wconf 59' lang='grc'><strong>’“</strong></span> <span class='ocrx_word' id='word_1_587' title='bbox 1926 4749 2099 4806; x_wconf 87' lang='lat' dir='ltr'><strong>Unam</strong></span> <span class='ocrx_word' id='word_1_588' title='bbox 2133 4746 2389 4805; x_wconf 89' lang='lat' dir='ltr'><strong>trecentis</strong></span> <span class='ocrx_word' id='word_1_589' title='bbox 2424 4743 2670 4802; x_wconf 83' lang='lat' dir='ltr'><strong>versibus</strong></span> <span class='ocrx_word' id='word_1_590' title='bbox 2692 4747 3020 4804; x_wconf 90' lang='lat' dir='ltr'><strong>sententiam</strong></span> 
     </span>
    </p>
   </div>
   <div class='ocr_carea' id='block_1_55' title="bbox 241 4833 3206 4912">
    <p class='ocr_par' dir='ltr' id='par_1_55' title="bbox 241 4833 3206 4912">
     <span class='ocr_line' id='line_1_55' title="bbox 241 4833 3206 4912; baseline 0.002 -20"><span class='ocrx_word' id='word_1_591' title='bbox 241 4833 302 4892; x_wconf 90' lang='lat' dir='ltr'><strong>Ut</strong></span> <span class='ocrx_word' id='word_1_592' title='bbox 328 4839 378 4895; x_wconf 90' lang='lat' dir='ltr'><strong>in</strong></span> <span class='ocrx_word' id='word_1_593' title='bbox 403 4844 534 4901; x_wconf 90' lang='lat' dir='ltr'><strong>orbe</strong></span> <span class='ocrx_word' id='word_1_594' title='bbox 565 4847 720 4901; x_wconf 90' lang='lat' dir='ltr'><strong>tereti</strong></span> <span class='ocrx_word' id='word_1_595' title='bbox 752 4845 968 4901; x_wconf 92' lang='lat' dir='ltr'><strong>nomina</strong></span> <span class='ocrx_word' id='word_1_596' title='bbox 990 4858 1181 4900; x_wconf 92' lang='lat' dir='ltr'><strong>eorum</strong></span> <span class='ocrx_word' id='word_1_597' title='bbox 1213 4841 1482 4899; x_wconf 87' lang='lat' dir='ltr'><strong>incideret</strong></span> <span class='ocrx_word' id='word_1_598' title='bbox 1515 4859 1528 4896; x_wconf 92' lang='lat'>:</span> <span class='ocrx_word' id='word_1_599' title='bbox 1924 4839 2168 4898; x_wconf 85' lang='lat' dir='ltr'><strong>Tandem</strong></span> <span class='ocrx_word' id='word_1_600' title='bbox 2202 4839 2451 4912; x_wconf 84' lang='lat' dir='ltr'><strong>peregit;</strong></span> <span class='ocrx_word' id='word_1_601' title='bbox 2477 4853 2672 4909; x_wconf 89' lang='lat' dir='ltr'><strong>meque</strong></span> <span class='ocrx_word' id='word_1_602' title='bbox 2704 4849 3020 4911; x_wconf 88' lang='lat' dir='ltr'><strong>respectans</strong></span> <span class='ocrx_word' id='word_1_603' title='bbox 3048 4842 3206 4899; x_wconf 89' lang='lat' dir='ltr'><strong>abiit.</strong></span> 
     </span>
    </p>
   </div>
   <div class='ocr_carea' id='block_1_56' title="bbox 235 4925 3264 5009">
    <p class='ocr_par' dir='ltr' id='par_1_56' title="bbox 235 4925 3264 5009">
     <span class='ocr_line' id='line_1_56' title="bbox 235 4925 3264 5009; baseline 0.002 -24"><span class='ocrx_word' id='word_1_604' title='bbox 235 4925 310 4985; x_wconf 83' lang='lat' dir='ltr'><strong>Nc</strong></span> <span class='ocrx_word' id='word_1_605' title='bbox 329 4933 531 5003; x_wconf 89' lang='lat' dir='ltr'><strong>primus</strong></span> <span class='ocrx_word' id='word_1_606' title='bbox 551 4946 732 5007; x_wconf 89' lang='lat' dir='ltr'><strong>esset,</strong></span> <span class='ocrx_word' id='word_1_607' title='bbox 767 4954 834 4995; x_wconf 91' lang='lat' dir='ltr'><strong>ne</strong></span> <span class='ocrx_word' id='word_1_608' title='bbox 855 4939 938 4994; x_wconf 92' lang='lat' dir='ltr'><strong>vel</strong></span> <span class='ocrx_word' id='word_1_609' title='bbox 965 4937 1108 4994; x_wconf 91' lang='lat' dir='ltr'><strong>imus</strong></span> <span class='ocrx_word' id='word_1_610' title='bbox 1137 4935 1426 5009; x_wconf 86' lang='lat' dir='ltr'><strong>quispiam.</strong></span> <span class='ocrx_word' id='word_1_611' title='bbox 1925 4931 2231 5006; x_wconf 88' lang='lat' dir='ltr'><strong>Spartanus</strong></span> <span class='ocrx_word' id='word_1_612' title='bbox 2259 4947 2361 5004; x_wconf 87' lang='lat' dir='ltr'><strong>ego</strong></span> <span class='ocrx_word' id='word_1_613' title='bbox 2380 4947 2500 4988; x_wconf 91' lang='lat' dir='ltr'><strong>sum</strong></span> <span class='ocrx_word' id='word_1_614' title='bbox 2526 4930 2716 4999; x_wconf 90' lang='lat' dir='ltr'><strong>Chilo,</strong></span> <span class='ocrx_word' id='word_1_615' title='bbox 2750 4935 2840 5004; x_wconf 89' lang='lat' dir='ltr'><strong>qui</strong></span> <span class='ocrx_word' id='word_1_616' title='bbox 2874 4949 3018 4990; x_wconf 92' lang='lat' dir='ltr'><strong>nunc</strong></span> <span class='ocrx_word' id='word_1_617' title='bbox 3040 4935 3264 5006; x_wconf 90' lang='lat' dir='ltr'><strong>prodeo.</strong></span> 
     </span>
    </p>
   </div>
   <div class='ocr_carea' id='block_1_57' title="bbox 237 5021 3056 5106">
    <p class='ocr_par' dir='ltr' id='par_1_57' title="bbox 237 5021 3056 5106">
     <span class='ocr_line' id='line_1_57' title="bbox 237 5021 3056 5106; baseline 0.001 -28"><span class='ocrx_word' id='word_1_618' title='bbox 237 5021 432 5084; x_wconf 86' lang='lat' dir='ltr'><strong>Eorum</strong></span> <span class='ocrx_word' id='word_1_619' title='bbox 461 5047 492 5088; x_wconf 92' lang='lat' dir='ltr'><strong>e</strong></span> <span class='ocrx_word' id='word_1_620' title='bbox 517 5033 698 5090; x_wconf 92' lang='lat' dir='ltr'><strong>medio</strong></span> <span class='ocrx_word' id='word_1_621' title='bbox 721 5034 924 5103; x_wconf 90' lang='lat' dir='ltr'><strong>prodeo</strong></span> <span class='ocrx_word' id='word_1_622' title='bbox 949 5049 1085 5106; x_wconf 86' lang='lat' dir='ltr'><strong>gyro</strong></span> <span class='ocrx_word' id='word_1_623' title='bbox 1110 5031 1297 5090; x_wconf 89' lang='lat' dir='ltr'><strong>Solon.</strong></span> <span class='ocrx_word' id='word_1_624' title='bbox 1927 5025 2206 5082; x_wconf 90' lang='lat' dir='ltr'><strong>Brevitate</strong></span> <span class='ocrx_word' id='word_1_625' title='bbox 2239 5034 2365 5080; x_wconf 87' lang='lat' dir='ltr'><strong>nota</strong></span> <span class='ocrx_word' id='word_1_626' title='bbox 2384 5068 2398 5093; x_wconf 92' lang='lat'><strong>,</strong></span> <span class='ocrx_word' id='word_1_627' title='bbox 2423 5038 2527 5095; x_wconf 90' lang='lat' dir='ltr'><strong>qua</strong></span> <span class='ocrx_word' id='word_1_628' title='bbox 2555 5022 2802 5079; x_wconf 88' lang='lat' dir='ltr'><strong>Lacones</strong></span> <span class='ocrx_word' id='word_1_629' title='bbox 2823 5023 3026 5081; x_wconf 91' lang='lat' dir='ltr'><strong>utimur</strong></span> <span class='ocrx_word' id='word_1_630' title='bbox 3042 5067 3056 5092; x_wconf 93' lang='lat'><strong>,</strong></span> 
     </span>
    </p>
   </div>
   <div class='ocr_carea' id='block_1_58' title="bbox 238 5112 3292 5197">
    <p class='ocr_par' dir='ltr' id='par_1_58' title="bbox 238 5112 3292 5197">
     <span class='ocr_line' id='line_1_58' title="bbox 238 5112 3292 5197; baseline 0.001 -28"><span class='ocrx_word' id='word_1_631' title='bbox 238 5112 304 5170; x_wconf 90' lang='lat' dir='ltr'><strong>Ut</strong></span> <span class='ocrx_word' id='word_1_632' title='bbox 323 5121 448 5190; x_wconf 88' lang='lat' dir='ltr'><strong>quid</strong></span> <span class='ocrx_word' id='word_1_633' title='bbox 465 5123 666 5182; x_wconf 88' lang='lat' dir='ltr'><strong>dixisse</strong></span> <span class='ocrx_word' id='word_1_634' title='bbox 687 5123 876 5183; x_wconf 75' lang='lat' dir='ltr'><strong>Croeso</strong></span> <span class='ocrx_word' id='word_1_635' title='bbox 906 5126 1017 5197; x_wconf 90' lang='lat' dir='ltr'><strong>regi</strong></span> <span class='ocrx_word' id='word_1_636' title='bbox 1049 5126 1361 5191; x_wconf 85' lang='lat' dir='ltr'><strong>existimor,</strong></span> <span class='ocrx_word' id='word_1_637' title='bbox 1925 5115 2263 5174; x_wconf 91' lang='lat' dir='ltr'><strong>Commendo</strong></span> <span class='ocrx_word' id='word_1_638' title='bbox 2287 5123 2532 5170; x_wconf 90' lang='lat' dir='ltr'><strong>nostrum</strong></span> <span class='ocrx_word' id='word_1_639' title='bbox 2558 5119 2704 5190; x_wconf 70' lang='grc' dir='ltr'><strong>γνῶθι</strong></span> <span class='ocrx_word' id='word_1_640' title='bbox 2729 5117 2976 5183; x_wconf 82' lang='grc' dir='ltr'><strong>σεαυτὸν,</strong></span> <span class='ocrx_word' id='word_1_641' title='bbox 3007 5115 3182 5172; x_wconf 78' lang='lat' dir='ltr'><strong>Nosce</strong></span> <span class='ocrx_word' id='word_1_642' title='bbox 3205 5125 3254 5172; x_wconf 84' lang='lat' dir='ltr'><strong>te</strong></span> <span class='ocrx_word' id='word_1_643' title='bbox 3276 5159 3292 5186; x_wconf 90' lang='lat'><strong>,</strong></span> 
     </span>
    </p>
   </div>
   <div class='ocr_carea' id='block_1_59' title="bbox 239 5203 3135 5288">
    <p class='ocr_par' dir='ltr' id='par_1_59' title="bbox 239 5203 3135 5288">
     <span class='ocr_line' id='line_1_59' title="bbox 239 5203 3135 5288; baseline 0.003 -22"><span class='ocrx_word' id='word_1_644' title='bbox 239 5203 292 5263; x_wconf 82' lang='lat' dir='ltr'><strong>Id</strong></span> <span class='ocrx_word' id='word_1_645' title='bbox 321 5215 494 5271; x_wconf 90' lang='lat' dir='ltr'><strong>omnis</strong></span> <span class='ocrx_word' id='word_1_646' title='bbox 523 5217 807 5275; x_wconf 89' lang='lat' dir='ltr'><strong>hominum</strong></span> <span class='ocrx_word' id='word_1_647' title='bbox 831 5228 980 5276; x_wconf 90' lang='lat' dir='ltr'><strong>secta</strong></span> <span class='ocrx_word' id='word_1_648' title='bbox 1013 5219 1115 5275; x_wconf 90' lang='lat' dir='ltr'><strong>sibi</strong></span> <span class='ocrx_word' id='word_1_649' title='bbox 1145 5219 1351 5274; x_wconf 83' lang='lat' dir='ltr'><strong>dictum</strong></span> <span class='ocrx_word' id='word_1_650' title='bbox 1382 5224 1552 5288; x_wconf 91' lang='lat' dir='ltr'><strong>putet.</strong></span> <span class='ocrx_word' id='word_1_651' title='bbox 1925 5208 2083 5278; x_wconf 75' lang='grc' dir='ltr'><strong>Ωιιοά</strong></span> <span class='ocrx_word' id='word_1_652' title='bbox 2109 5209 2164 5264; x_wconf 72' lang='lat' dir='ltr'><strong>in</strong></span> <span class='ocrx_word' id='word_1_653' title='bbox 2191 5208 2442 5264; x_wconf 67' lang='grc' dir='ltr'><strong>οοιιιῐηηθ</strong></span> <span class='ocrx_word' id='word_1_654' title='bbox 2469 5206 2582 5276; x_wconf 70' lang='lat' dir='ltr'><strong>iam</strong></span> <span class='ocrx_word' id='word_1_655' title='bbox 2612 5215 2830 5264; x_wconf 75' lang='grc' dir='ltr'><strong>ιεηθῑυι·</strong></span> <span class='ocrx_word' id='word_1_656' title='bbox 2856 5206 3135 5276; x_wconf 65' lang='lat' dir='ltr'><strong>Delphica-</strong></span> 
     </span>
    </p>
   </div>
   <div class='ocr_carea' id='block_1_60' title="bbox 238 5297 1846 5390">
    <p class='ocr_par' dir='ltr' id='par_1_60' title="bbox 238 5298 1531 5390">
     <span class='ocr_line' id='line_1_60' title="bbox 238 5298 1531 5390; baseline 0.01 -35"><span class='ocrx_word' id='word_1_657' title='bbox 238 5298 418 5390; x_wconf 75' lang='lat' dir='ltr'><strong>Grzece</strong></span> <span class='ocrx_word' id='word_1_658' title='bbox 447 5319 693 5366; x_wconf 87' lang='lat' dir='ltr'><strong>coactum</strong></span> <span class='ocrx_word' id='word_1_659' title='bbox 725 5309 822 5390; x_wconf 80' lang='grc' dir='ltr'><strong>ὅρα</strong></span> <span class='ocrx_word' id='word_1_660' title='bbox 847 5313 985 5374; x_wconf 82' lang='grc' dir='ltr'>τέλος</span> <span class='ocrx_word' id='word_1_661' title='bbox 1005 5318 1204 5389; x_wconf 80' lang='grc' dir='ltr'><strong>μακροῦ</strong></span> <span class='ocrx_word' id='word_1_662' title='bbox 1229 5313 1344 5384; x_wconf 79' lang='grc' dir='ltr'><strong>βίον</strong></span> <span class='ocrx_word' id='word_1_663' title='bbox 1378 5327 1390 5365; x_wconf 91' lang='lat'><strong>:</strong></span> <span class='ocrx_word' id='word_1_664' title='bbox 1528 5371 1531 5375; x_wconf 72' lang='grc'>,</span> 
     </span>
    </p>
   </div>
   <div class='ocr_carea' id='block_1_61' title="bbox 1482 5297 3090 5390">
    <p class='ocr_par' dir='ltr' id='par_1_61' title="bbox 1528 5297 3090 5375">
     <span class='ocr_line' id='line_1_61' title="bbox 1528 5297 3090 5375; baseline -0.007 -14"><span class='ocrx_word' id='word_1_665' title='bbox 1528 5371 1531 5375; x_wconf 40' lang='grc'>,</span> <span class='ocrx_word' id='word_1_666' title='bbox 1927 5301 2107 5359; x_wconf 90' lang='lat' dir='ltr'><strong>Labor</strong></span> <span class='ocrx_word' id='word_1_667' title='bbox 2139 5301 2404 5358; x_wconf 85' lang='lat' dir='ltr'><strong>molestus</strong></span> <span class='ocrx_word' id='word_1_668' title='bbox 2422 5300 2524 5356; x_wconf 92' lang='lat' dir='ltr'><strong>iste</strong></span> <span class='ocrx_word' id='word_1_669' title='bbox 2541 5342 2557 5368; x_wconf 92' lang='lat'><strong>,</strong></span> <span class='ocrx_word' id='word_1_670' title='bbox 2583 5298 2742 5356; x_wconf 88' lang='lat' dir='ltr'><strong>fructi</strong></span> <span class='ocrx_word' id='word_1_671' title='bbox 2765 5306 2850 5354; x_wconf 88' lang='lat' dir='ltr'><strong>est</strong></span> <span class='ocrx_word' id='word_1_672' title='bbox 2868 5297 3090 5368; x_wconf 83' lang='lat' dir='ltr'><strong>Optimi,</strong></span> 
     </span>
    </p>
   </div>
   <div class='ocr_carea' id='block_1_62' title="bbox 239 5389 3258 5473">
    <p class='ocr_par' dir='ltr' id='par_1_62' title="bbox 239 5389 3258 5473">
     <span class='ocr_line' id='line_1_62' title="bbox 239 5389 3258 5473; baseline -0.003 -17"><span class='ocrx_word' id='word_1_673' title='bbox 239 5389 385 5462; x_wconf 82' lang='lat' dir='ltr'><strong>Quod</strong></span> <span class='ocrx_word' id='word_1_674' title='bbox 408 5398 619 5473; x_wconf 90' lang='lat' dir='ltr'><strong>longius</strong></span> <span class='ocrx_word' id='word_1_675' title='bbox 647 5402 735 5469; x_wconf 84' lang='lat' dir='ltr'><strong>fit,</strong></span> <span class='ocrx_word' id='word_1_676' title='bbox 757 5389 805 5459; x_wconf 86' lang='lat' dir='ltr'><strong>si</strong></span> <span class='ocrx_word' id='word_1_677' title='bbox 831 5403 1025 5459; x_wconf 86' lang='lat' dir='ltr'><strong>Latine</strong></span> <span class='ocrx_word' id='word_1_678' title='bbox 1053 5403 1322 5458; x_wconf 89' lang='lat' dir='ltr'><strong>edisseras</strong></span> <span class='ocrx_word' id='word_1_679' title='bbox 1355 5420 1366 5456; x_wconf 95' lang='lat'>:</span> <span class='ocrx_word' id='word_1_680' title='bbox 1927 5396 2071 5465; x_wconf 86' lang='lat' dir='ltr'><strong>Quid</strong></span> <span class='ocrx_word' id='word_1_681' title='bbox 2089 5395 2230 5452; x_wconf 92' lang='lat' dir='ltr'><strong>ferre</strong></span> <span class='ocrx_word' id='word_1_682' title='bbox 2259 5393 2467 5464; x_wconf 90' lang='lat' dir='ltr'><strong>possis,</strong></span> <span class='ocrx_word' id='word_1_683' title='bbox 2493 5392 2691 5464; x_wconf 90' lang='lat' dir='ltr'><strong>quidve</strong></span> <span class='ocrx_word' id='word_1_684' title='bbox 2716 5407 2824 5447; x_wconf 92' lang='lat' dir='ltr'><strong>non</strong></span> <span class='ocrx_word' id='word_1_685' title='bbox 2843 5431 2858 5457; x_wconf 92' lang='lat'><strong>,</strong></span> <span class='ocrx_word' id='word_1_686' title='bbox 2889 5389 3214 5460; x_wconf 88' lang='lat' dir='ltr'><strong>dignoscere</strong></span> <span class='ocrx_word' id='word_1_687' title='bbox 3243 5410 3258 5448; x_wconf 88' lang='lat'><strong>:</strong></span> 
     </span>
    </p>
   </div>
   <div class='ocr_carea' id='block_1_63' title="bbox 241 5482 3179 5568">
    <p class='ocr_par' dir='ltr' id='par_1_63' title="bbox 241 5482 3179 5568">
     <span class='ocr_line' id='line_1_63' title="bbox 241 5482 3179 5568; baseline 0.003 -27"><span class='ocrx_word' id='word_1_688' title='bbox 241 5483 480 5557; x_wconf 79' lang='lat' dir='ltr'><strong>Spectare</strong></span> <span class='ocrx_word' id='word_1_689' title='bbox 506 5496 794 5568; x_wconf 73' lang='lat' dir='ltr'><strong>vitmjubeo</strong></span> <span class='ocrx_word' id='word_1_690' title='bbox 819 5504 1030 5551; x_wconf 74' lang='lat' dir='ltr'><strong>cunctos</strong></span> <span class='ocrx_word' id='word_1_691' title='bbox 1053 5496 1347 5550; x_wconf 77' lang='lat' dir='ltr'><strong>terminum.</strong></span> <span class='ocrx_word' id='word_1_692' title='bbox 1927 5487 2132 5556; x_wconf 82' lang='lat' dir='ltr'><strong>Noctu,</strong></span> <span class='ocrx_word' id='word_1_693' title='bbox 2165 5486 2371 5557; x_wconf 91' lang='lat' dir='ltr'><strong>diuque</strong></span> <span class='ocrx_word' id='word_1_694' title='bbox 2397 5499 2518 5556; x_wconf 79' lang='lat' dir='ltr'><strong>quae</strong></span> <span class='ocrx_word' id='word_1_695' title='bbox 2547 5499 2738 5556; x_wconf 73' lang='lat' dir='ltr'><strong>geras,</strong></span> <span class='ocrx_word' id='word_1_696' title='bbox 2765 5498 2884 5552; x_wconf 56' lang='lat' dir='ltr'><strong>quae</strong></span> <span class='ocrx_word' id='word_1_697' title='bbox 2910 5482 3146 5552; x_wconf 66' lang='lat' dir='ltr'><strong>gesseris</strong></span> <span class='ocrx_word' id='word_1_698' title='bbox 3163 5523 3179 5549; x_wconf 67' lang='grc' dir='ltr'><strong>ρ</strong></span> 
     </span>
    </p>
   </div>
   <div class='ocr_carea' id='block_1_64' title="bbox 241 5572 3105 5656">
    <p class='ocr_par' dir='ltr' id='par_1_64' title="bbox 241 5572 3105 5656">
     <span class='ocr_line' id='line_1_64' title="bbox 241 5572 3105 5656; baseline 0 -26"><span class='ocrx_word' id='word_1_699' title='bbox 241 5572 469 5638; x_wconf 89' lang='lat' dir='ltr'><strong>Proinde</strong></span> <span class='ocrx_word' id='word_1_700' title='bbox 484 5584 714 5643; x_wconf 90' lang='lat' dir='ltr'><strong>miseros</strong></span> <span class='ocrx_word' id='word_1_701' title='bbox 731 5629 747 5656; x_wconf 91' lang='lat'><strong>,</strong></span> <span class='ocrx_word' id='word_1_702' title='bbox 771 5596 865 5642; x_wconf 92' lang='lat' dir='ltr'><strong>aut</strong></span> <span class='ocrx_word' id='word_1_703' title='bbox 887 5586 1077 5642; x_wconf 88' lang='lat' dir='ltr'><strong>beatos</strong></span> <span class='ocrx_word' id='word_1_704' title='bbox 1098 5585 1280 5642; x_wconf 90' lang='lat' dir='ltr'><strong>dicere</strong></span> <span class='ocrx_word' id='word_1_705' title='bbox 1927 5583 2189 5654; x_wconf 85' lang='lat' dir='ltr'><strong>Adusque</strong></span> <span class='ocrx_word' id='word_1_706' title='bbox 2220 5579 2404 5654; x_wconf 87' lang='lat' dir='ltr'><strong>puncti</strong></span> <span class='ocrx_word' id='word_1_707' title='bbox 2427 5579 2605 5635; x_wconf 88' lang='lat' dir='ltr'><strong>tenuis</strong></span> <span class='ocrx_word' id='word_1_708' title='bbox 2633 5578 2805 5632; x_wconf 90' lang='lat' dir='ltr'><strong>instar</strong></span> <span class='ocrx_word' id='word_1_709' title='bbox 2835 5589 3105 5644; x_wconf 73' lang='lat' dir='ltr'><strong>qumrere.</strong></span> 
     </span>
    </p>
   </div>
   <div class='ocr_carea' id='block_1_65' title="bbox 243 5664 3219 5750">
    <p class='ocr_par' dir='ltr' id='par_1_65' title="bbox 243 5664 3219 5750">
     <span class='ocr_line' id='line_1_65' title="bbox 243 5664 3219 5750; baseline 0 -27"><span class='ocrx_word' id='word_1_710' title='bbox 243 5664 390 5728; x_wconf 87' lang='lat' dir='ltr'><strong>Evita</strong></span> <span class='ocrx_word' id='word_1_711' title='bbox 416 5693 428 5728; x_wconf 92' lang='lat'>:</span> <span class='ocrx_word' id='word_1_712' title='bbox 469 5679 611 5748; x_wconf 90' lang='lat' dir='ltr'><strong>quod</strong></span> <span class='ocrx_word' id='word_1_713' title='bbox 632 5689 760 5735; x_wconf 86' lang='lat' dir='ltr'><strong>sunt</strong></span> <span class='ocrx_word' id='word_1_714' title='bbox 787 5693 1003 5750; x_wconf 88' lang='lat' dir='ltr'><strong>semper</strong></span> <span class='ocrx_word' id='word_1_715' title='bbox 1022 5676 1246 5748; x_wconf 88' lang='lat' dir='ltr'><strong>ancipiti</strong></span> <span class='ocrx_word' id='word_1_716' title='bbox 1273 5684 1440 5734; x_wconf 87' lang='lat' dir='ltr'><strong>statu.</strong></span> <span class='ocrx_word' id='word_1_717' title='bbox 1927 5674 2121 5732; x_wconf 84' lang='lat' dir='ltr'><strong>Ofﬁcia</strong></span> <span class='ocrx_word' id='word_1_718' title='bbox 2145 5681 2339 5731; x_wconf 91' lang='lat' dir='ltr'><strong>cuncta</strong></span> <span class='ocrx_word' id='word_1_719' title='bbox 2361 5712 2376 5739; x_wconf 93' lang='lat'><strong>,</strong></span> <span class='ocrx_word' id='word_1_720' title='bbox 2403 5669 2605 5741; x_wconf 92' lang='lat' dir='ltr'><strong>pudor,</strong></span> <span class='ocrx_word' id='word_1_721' title='bbox 2639 5667 2846 5734; x_wconf 91' lang='lat' dir='ltr'><strong>honor,</strong></span> <span class='ocrx_word' id='word_1_722' title='bbox 2879 5668 3186 5724; x_wconf 88' lang='lat' dir='ltr'><strong>constantia</strong></span> <span class='ocrx_word' id='word_1_723' title='bbox 3202 5710 3219 5738; x_wconf 86' lang='lat'><strong>,</strong></span> 
     </span>
    </p>
   </div>
   <div class='ocr_carea' id='block_1_66' title="bbox 243 5757 2970 5843">
    <p class='ocr_par' dir='ltr' id='par_1_66' title="bbox 243 5757 2970 5843">
     <span class='ocr_line' id='line_1_66' title="bbox 243 5757 2970 5843; baseline 0 -28"><span class='ocrx_word' id='word_1_724' title='bbox 243 5757 298 5816; x_wconf 92' lang='lat' dir='ltr'><strong>Id</strong></span> <span class='ocrx_word' id='word_1_725' title='bbox 319 5765 452 5824; x_wconf 85' lang='lat' dir='ltr'><strong>adeo</strong></span> <span class='ocrx_word' id='word_1_726' title='bbox 477 5771 556 5827; x_wconf 89' lang='lat' dir='ltr'><strong>sic</strong></span> <span class='ocrx_word' id='word_1_727' title='bbox 576 5780 680 5828; x_wconf 90' lang='lat' dir='ltr'><strong>est.</strong></span> <span class='ocrx_word' id='word_1_728' title='bbox 710 5770 768 5829; x_wconf 89' lang='lat' dir='ltr'><strong>Si</strong></span> <span class='ocrx_word' id='word_1_729' title='bbox 797 5785 990 5843; x_wconf 89' lang='lat' dir='ltr'><strong>queam</strong></span> <span class='ocrx_word' id='word_1_730' title='bbox 1015 5809 1032 5838; x_wconf 91' lang='lat'><strong>,</strong></span> <span class='ocrx_word' id='word_1_731' title='bbox 1065 5769 1256 5839; x_wconf 88' lang='lat' dir='ltr'><strong>paucis</strong></span> <span class='ocrx_word' id='word_1_732' title='bbox 1286 5769 1498 5839; x_wconf 90' lang='lat' dir='ltr'><strong>loquar.</strong></span> <span class='ocrx_word' id='word_1_733' title='bbox 1928 5769 1988 5827; x_wconf 90' lang='lat' dir='ltr'><strong>In</strong></span> <span class='ocrx_word' id='word_1_734' title='bbox 2015 5771 2118 5826; x_wconf 91' lang='lat' dir='ltr'><strong>hoc</strong></span> <span class='ocrx_word' id='word_1_735' title='bbox 2139 5786 2164 5822; x_wconf 54' lang='grc' dir='ltr'><strong>με</strong></span> <span class='ocrx_word' id='word_1_736' title='bbox 2194 5777 2250 5823; x_wconf 91' lang='lat' dir='ltr'><strong>et</strong></span> <span class='ocrx_word' id='word_1_737' title='bbox 2269 5765 2360 5821; x_wconf 87' lang='lat' dir='ltr'><strong>illa</strong></span> <span class='ocrx_word' id='word_1_738' title='bbox 2384 5771 2570 5834; x_wconf 88' lang='lat' dir='ltr'><strong>spreta</strong></span> <span class='ocrx_word' id='word_1_739' title='bbox 2591 5761 2747 5816; x_wconf 88' lang='lat' dir='ltr'><strong>nobis</strong></span> <span class='ocrx_word' id='word_1_740' title='bbox 2773 5759 2970 5831; x_wconf 87' lang='lat' dir='ltr'><strong>gloria.</strong></span> 
     </span>
    </p>
   </div>
   <div class='ocr_carea' id='block_1_67' title="bbox 311 5851 3376 5939">
    <p class='ocr_par' dir='ltr' id='par_1_67' title="bbox 311 5851 3376 5939">
     <span class='ocr_line' id='line_1_67' title="bbox 311 5851 3376 5939; baseline 0 -25"><span class='ocrx_word' id='word_1_741' title='bbox 311 5855 453 5931; x_wconf 81' lang='lat' dir='ltr'><strong>Rex,</strong></span> <span class='ocrx_word' id='word_1_742' title='bbox 477 5877 542 5918; x_wconf 90' lang='lat' dir='ltr'><strong>an</strong></span> <span class='ocrx_word' id='word_1_743' title='bbox 576 5872 866 5936; x_wconf 87' lang='lat' dir='ltr'><strong>tyrannus,</strong></span> <span class='ocrx_word' id='word_1_744' title='bbox 889 5860 1075 5933; x_wconf 85' lang='lat' dir='ltr'><strong>Lydiae</strong></span> <span class='ocrx_word' id='word_1_745' title='bbox 1102 5861 1324 5920; x_wconf 84' lang='lat' dir='ltr'><strong>Croesus</strong></span> <span class='ocrx_word' id='word_1_746' title='bbox 1353 5860 1453 5920; x_wconf 87' lang='lat' dir='ltr'><strong>fuit</strong></span> <span class='ocrx_word' id='word_1_747' title='bbox 1536 5934 1540 5937; x_wconf 22' lang='grc' dir='ltr'><em>τ</em></span> <span class='ocrx_word' id='word_1_748' title='bbox 1572 5869 1597 5939; x_wconf 27' lang='lat' dir='ltr'><strong>l;</strong></span> <span class='ocrx_word' id='word_1_749' title='bbox 2002 5861 2144 5922; x_wconf 75' lang='lat' dir='ltr'><strong>Dixi.</strong></span> <span class='ocrx_word' id='word_1_750' title='bbox 2174 5859 2362 5918; x_wconf 78' lang='lat' dir='ltr'><strong>Valete</strong></span> <span class='ocrx_word' id='word_1_751' title='bbox 2390 5868 2679 5915; x_wconf 87' lang='lat' dir='ltr'><strong>memores.</strong></span> <span class='ocrx_word' id='word_1_752' title='bbox 2710 5851 2965 5932; x_wconf 82' lang='lat' dir='ltr'><strong>Plausum</strong></span> <span class='ocrx_word' id='word_1_753' title='bbox 2991 5869 3102 5910; x_wconf 92' lang='lat' dir='ltr'><strong>non</strong></span> <span class='ocrx_word' id='word_1_754' title='bbox 3132 5871 3336 5914; x_wconf 91' lang='lat' dir='ltr'><strong>moror.</strong></span> <span class='ocrx_word' id='word_1_755' title='bbox 3367 5925 3376 5934; x_wconf 36' lang='grc'><strong><em>⁸</em></strong></span> 
     </span>
    </p>
   </div>
   <div class='ocr_carea' id='block_1_68' title="bbox 514 5949 3095 6020">
    <p class='ocr_par' dir='ltr' id='par_1_68' title="bbox 514 5949 3095 6020">
     <span class='ocr_line' id='line_1_68' title="bbox 514 5949 3095 6020; baseline -0.01 0"><span class='ocrx_word' id='word_1_756' title='bbox 514 5955 790 6020; x_wconf 69' lang='grc' dir='ltr'><strong>ΡΑΤιιοι.</strong></span> <span class='ocrx_word' id='word_1_757' title='bbox 835 5953 1014 6017; x_wconf 84' lang='grc' dir='ltr'><strong>ΧΙΧ.</strong></span> <span class='ocrx_word' id='word_1_758' title='bbox 3014 5949 3095 6012; x_wconf 74' lang='lat'><strong>23</strong></span> 
     </span>
    </p>
   </div>
  </div>
