4072 6306
557 274 671 345 8Ὶὸ
1953 266 2134 339 DEC“
2170 267 2447 341 AUSONH
3710 281 3793 348 870

1206 394 1512 452 Cleobulus.
2186 398 2241 463 Α
2982 395 3132 452 Bias.

627 490 921 550 Cleobulus
949 502 1051 561 ego
1075 502 1196 546 sum
1213 529 1229 557 ,
1258 503 1441 560 parvae
1464 485 1598 550 civis
1627 487 1819 552 insulae
1837 529 1853 557 ,

1837 529 1853 557 ,
2334 491 2457 547 Bias
2483 489 2747 546 Prieneus
2768 488 2919 558 dixi,
2947 491 2995 545 ot
3014 491 3252 548 πλεῖστοι
3277 491 3437 546 κακοὶ.

551 583 760 655 Magnae
780 583 878 639 sed
909 589 1132 651 auctor,
1161 594 1266 652 qua
1289 581 1480 650 clueo,
1513 580 1802 642 sententiae
1833 597 1849 640 :
2259 585 2449 641 Latine
2470 583 2674 641 dictum
2694 583 2946 654 suspicor
2963 624 2979 649 ,
3007 582 3194 639 Pium
3220 584 3370 639 mali.

548 673 797 752 ’Ἀριστον
826 675 1009 752 μέτρον
1038 688 1198 745 quem
1222 672 1430 731 dixisse
1451 672 1791 732 existimant.
2258 677 2478 734 Dixisse
2504 677 2734 744 nollem,
2764 675 3067 734 VERITAS
3091 676 3308 733 ODIUM
3331 675 3546 734 PARIT.

547 771 914 841 Interpretare
944 778 1000 825 tu
1019 811 1034 836 ,
1064 769 1158 840 qui
1184 769 1485 830 orchestra:
1515 768 1824 840 proximus,
2257 768 2427 825 Malos
2454 769 2549 826 sed
2577 769 2864 841 imperitos
2893 768 3032 835 dixi,
3067 777 3124 824 et
3151 769 3449 825 barbaros:

551 863 823 921 Gradibus
849 861 1171 933 propinquis
1200 862 1254 920 in
1282 861 1701 934 quatunrdecim
1724 858 1912 916 sedes:
2255 863 2357 931 Qui
2380 864 2489 935 jus,
2524 873 2580 921 et
2617 879 2834 936 aequum
2861 872 2918 920 et
2946 877 3134 920 sacros
3154 877 3340 918 mores
3370 862 3642 934 negligunt.

546 953 791 1036 ’Ἄριστον
821 957 1004 1032 μέτρον
1031 970 1100 1012 an
1131 955 1203 1012 sit
1225 955 1452 1026 Optimus
1482 953 1688 1012 modus.

2254 957 2389 1019 Nam
2417 958 2656 1029 pepulus
2687 959 2811 1025 iste,
2843 973 2953 1029 quo
2983 957 3254 1015 theatrum
3281 957 3527 1028 cingitur,

545 1047 646 1104 Dic
669 1089 686 1117 ,
710 1049 984 1118 annuisti,
1013 1047 1245 1119 gratiam
1275 1047 1453 1108 habeo
1472 1089 1486 1115 ,
1515 1059 1812 1117 persequar
2054 1121 2060 1128 _
2255 1050 2425 1107 Totus
2451 1051 2719 1108 bonorum
2742 1060 2828 1108 est
2856 1067 2873 1107 ε
2909 1051 3146 1109 hostium
3179 1051 3342 1107 tellus
3370 1049 3545 1119 habet,

545 1143 652 1199 Per
682 1143 932 1202 ordinem
960 1185 976 1211 ,
1004 1151 1167 1214 poeta
1193 1143 1318 1202 dixe
1346 1143 1524 1201 isthoe
1555 1145 1678 1198 loco
2255 1145 2471 1203 Dixisse
2492 1161 2627 1218 quos
2651 1161 2740 1203 me
2764 1145 3012 1214 creditis,
3037 1146 3229 1204 Plures
3257 1145 3452 1202 malos.

543 1235 679 1293 Afer
702 1237 918 1293 videtur
940 1246 1154 1309 vester,
1188 1237 1276 1298 UT
1305 1237 1394 1294 NE
1420 1237 1586 1307 QUID
1614 1235 1821 1298 NIMIS.
2255 1238 2366 1294 Sed
2398 1253 2563 1295 nemo
2591 1240 2882 1310 quisquam
2913 1248 3023 1294 tam
3051 1239 3232 1298 malus
3255 1239 3422 1309 judex
3445 1238 3569 1305 fuat,

539 1327 617 1383 Et
648 1338 835 1385 noster
859 1329 1079 1400 quidam
1098 1375 1112 1398 ,
1146 1328 1301 1402 μηδὲν
1325 1327 1482 1402 ἄγαν,
1517 1329 1623 1390 huc
1648 1329 1888 1398 pertinet
2252 1331 2355 1400 Qui
2376 1347 2484 1388 non
2510 1332 2782 1388 bonorum
2810 1333 3058 1404 partibus
3080 1346 3142 1388 se
3170 1332 3418 1403 copulet.

539 1418 786 1494 Uterque
809 1437 1006 1481 sensus
1025 1467 1040 1494 ,
1073 1423 1242 1481 Italus
1273 1467 1288 1492 ,
1313 1437 1408 1483 seu
1434 1422 1636 1486 Darius
1661 1440 1676 1478 ε
2251 1425 2380 1482 Sive
2403 1426 2493 1482 ille
2521 1441 2650 1482 vere
2677 1427 2857 1483 bonus
2876 1435 2980 1495 est,
3005 1442 3104 1483 seu
3127 1425 3237 1482 dici
3267 1425 3468 1495 studet,

541 1513 718 1571 Fandi
738 1557 754 1584 ,
781 1516 1027 1586 tacendi,
1051 1519 1268 1585 somni,
1298 1516 1499 1589 vigilite
1523 1526 1610 1578 est
1635 1515 1864 1588 modus,
2249 1521 2372 1576 Jam
2397 1519 2534 1592 fugit
2562 1519 2696 1576 illud
2726 1535 2926 1577 nomen
2955 1520 3190 1576 invisum
3220 1519 3372 1575 mali.

542 1608 950 1666 Beneﬁciorum
969 1649 986 1680 ,
1017 1611 1349 1682 gratiarum,
1374 1608 1592 1680 injuriae
1611 1650 1628 1676 ,
2323 1613 2497 1681 Abeo,
2529 1614 2726 1680 valete,
2751 1621 2807 1671 et
2835 1613 3108 1685 plaudite,
3141 1613 3326 1682 plures
3352 1612 3497 1670 boni.

537 1699 717 1757 Studii
736 1747 751 1771 ,
777 1700 1048 1760 laborum.
1084 1702 1207 1760 Vita
1238 1702 1294 1760 in
1313 1702 1462 1760 omni
1493 1700 1756 1772 quidquid.
1779 1709 1864 1763 est
1887 1741 1902 1769 ,
2922 1704 3185 1760 Pittacus.

535 1794 707 1852 Istum
731 1797 964 1868 requirit
994 1798 1216 1868 optima:
1244 1812 1426 1871 pausa:
1457 1795 1700 1856 modum.
2178 1803 2228 1866 Β
2324 1801 2580 1872 Mitylene
2610 1799 2877 1856 oriundus
2906 1798 3152 1855 Pittacus
3181 1812 3301 1858 sum
3324 1796 3562 1865 Lesbius,

557 1928 566 1940 ι
611 1890 766 1960 Dixi,
791 1890 1043 1948 recedam
1064 1933 1079 1959 ,
1108 1901 1166 1948 ut
1191 1891 1263 1948 sit
1290 1892 1504 1948 modus.
1549 1891 1714 1950 Venit
1739 1891 1961 1948 Thales.
2035 1919 2040 1924 -

1788 1891 1961 1948 hales.
2035 1919 2040 1924 ε
2245 1899 2498 1969 Γίγνωσκε
2546 1897 2745 1967 καιρὸν,
2775 1894 2865 1964 qui
2901 1892 3020 1956 dixi
3044 1891 3395 1952 sententiam.

1243 1985 1454 2042 Thalea.
2242 1988 2350 2045 Sed
2383 1989 2485 2044 iste
2513 1989 2711 2065 καιρὸς,
2745 1996 2960 2058 tempus
2986 1995 3044 2042 ut
3068 1986 3239 2056 noris,
3275 1992 3458 2040 monet
3488 2001 3499 2038 :

569 2091 578 2100 ‘
608 2083 852 2142 Μηθεὶος
869 2085 1072 2141 Τιΐαιεξς
1099 2098 1217 2140 sum
1244 2099 1257 2150 ;
1287 2083 1535 2152 AQUAM
1557 2083 1648 2155 qui
1678 2082 1976 2160 principem
2245 2081 2313 2136 Et
2337 2095 2459 2136 esse
2489 2083 2686 2158 καιρὸν,
2720 2079 3103 2149 tempestivum
3127 2077 3274 2149 quod
3312 2085 3526 2132 vocant.

537 2178 719 2238 Rebus
745 2179 998 2237 creandis
1019 2178 1164 2250 dixi,
1202 2188 1259 2235 nt
1283 2187 1431 2234 vates
1453 2178 1744 2238 Pindarus.
2245 2174 2496 2230 Romana
2523 2175 2602 2230 sic
2633 2182 2719 2230 est
2745 2189 2871 2240 vox,
2911 2171 3097 2228 Venite
3120 2171 3171 2227 in
3199 2181 3425 2241 tempore
3447 2185 3466 2224 :

532 2312 554 2330 .
644 2309 665 2331 .
759 2309 779 2331 .
881 2311 900 2330 .
975 2309 994 2329 .
1070 2310 1088 2327 .
1165 2309 1184 2330 .
1259 2292 1281 2329 ;
1355 2311 1373 2329 .
1449 2311 1467 2328 .
1551 2312 1566 2328 .
1641 2309 1659 2328 .
1737 2309 1756 2328 .
1834 2307 1851 2326 .
1929 2308 1946 2327 .
2027 2304 2041 2322 .
2117 2305 2139 2334 .
2243 2270 2436 2326 Vester
2464 2263 3403 2344 quoqueillecomicusTerentius,

533 2364 748 2422 Dedere
774 2365 1078 2435 piscatores
1105 2372 1412 2424 extractum
1441 2365 1602 2420 mari.
2241 2363 2446 2421 Rerum
2475 2361 2721 2418 omnium
2751 2360 2986 2438 primum
3024 2375 3148 2420 esse
3179 2369 3395 2428 tempus
3421 2363 3664 2422 autumat,

531 2456 775 2529 Namque
804 2457 861 2513 hi
894 2455 1123 2528 jubente
1144 2457 1297 2513 Delio
1328 2473 1416 2515 me
1445 2457 1694 2529 legerant
1721 2475 1732 2510 :
2241 2456 2324 2512 Ad
2349 2455 2685 2526 Antiphilam
2715 2469 2827 2526 quo
2858 2461 3088 2510 venerat
3109 2453 3303 2508 servits
3331 2451 3528 2506 Dromo

537 2551 694 2619 Quod
717 2552 808 2609 ille
830 2566 1024 2608 munus
1049 2551 1153 2609 hoc
1181 2551 1418 2625 sapienti
1446 2553 1694 2607 miserat.
2239 2549 2402 2605 Nullo
2431 2548 2770 2620 impeditam,
2806 2546 3074 2619 temporis
3103 2560 3335 2602 servans
3363 2543 3551 2600 vicem.

529 2645 649 2719 Ego
669 2662 929 2704 recusans
957 2661 1065 2703 non
1092 2647 1274 2717 recepi
1305 2661 1319 2700 :
1348 2655 1403 2706 at
1430 2644 1644 2703 reddidi
2241 2642 2513 2714 Reputate
2535 2642 2738 2710 cuncti,
2763 2642 3020 2719 quotiens
3042 2639 3304 2697 oﬁ‘ensam
3336 2635 3555 2708 incidat,

531 2740 840 2798 Ferendum
858 2739 924 2795 ad
957 2741 1095 2797 alios
1113 2781 1127 2808 ,
1151 2754 1289 2811 quos
1312 2740 1526 2812 priores
1542 2736 1846 2798 crederem.
2239 2735 2494 2806 Spectata
2525 2735 2614 2790 cui
2643 2749 2750 2790 non
2786 2732 2954 2789 fuerit
2979 2732 3379 2806 opportunitas.

531 2833 671 2890 Dein
696 2848 798 2900 per
823 2847 1012 2889 omnes
1041 2839 1251 2904 septem
1279 2832 1556 2902 sapientes
1585 2830 1733 2888 viros
2310 2825 2549 2897 Tempus
2573 2841 2659 2882 me
2683 2825 2861 2896 abire,
2895 2840 2965 2880 ne
2995 2825 3264 2881 molestus
3296 2842 3309 2880 :
3345 2821 3594 2896 plaudite.

529 2925 750 2982 Missum
769 2965 784 2993 ,
809 2940 874 2981 ac
901 2925 1193 2982 remissum
1222 2939 1411 2980 rursus
1441 2925 1507 2980 ad
1535 2939 1621 2981 me
1652 2921 1916 2981 referunt.
2879 2915 3226 2987 Periander.?,

529 3019 646 3093 Ego
674 3032 955 3091 receptum
986 3006 1297 3076 consecravi
1327 3019 1594 3094 Apollini.
2296 3011 2518 3085 Ephyra
2549 3023 2768 3069 creatus
2800 3010 2908 3068 huc
2935 3010 3236 3068 Periander
3259 3009 3485 3081 prodeo,

525 3113 661 3170 Nam
681 3155 696 3181 ,
721 3115 769 3171 si
790 3115 1091 3184 sapientem
1123 3113 1286 3185 deligi
1319 3112 1558 3170 Phoebus
1583 3111 1770 3184 jubet,
2237 3107 2422 3167 Μελέτη
2448 3107 2506 3164 τὸ
2534 3111 2640 3164 πᾶν
2667 3105 2760 3177 qui
2785 3104 2896 3161 dixi
2925 3123 2937 3158 :
2964 3114 3019 3161 et
3050 3105 3139 3176 qui
3161 3104 3367 3160 dictum
3397 3102 3579 3176 probo,

523 3208 647 3265 Non
677 3209 958 3264 hominem
985 3222 1349 3280 quemquam,
1379 3205 1477 3262 sed
1505 3205 1666 3261 deum
1695 3203 1846 3261 credi
1879 3203 2058 3261 decet.
2163 3195 2210 3262 C
2243 3202 2637 3259 Mcditationem
2665 3203 2721 3256 id
2747 3218 2855 3258 esse
2881 3209 3068 3268 totum,
3107 3202 3250 3272 quod
3279 3216 3451 3272 geras.

524 3302 580 3358 Is
602 3301 767 3374 igitur
787 3316 888 3372 ego
915 3315 1053 3356 sum.
1086 3301 1262 3355 Causa
1297 3299 1391 3354 sed
1424 3300 1476 3353 in
1501 3314 1719 3356 scenam
1747 3299 1847 3364 fuit
2240 3297 2291 3352 ls
2321 3297 2520 3367 quippe
2553 3296 2706 3351 solus
2726 3295 2806 3351 rei
2835 3294 3092 3368 gerendae
3121 3302 3207 3349 est
3235 3292 3449 3358 efﬁcax,

530 3390 662 3448 Mihi
691 3391 1031 3462 prodeundi,
1065 3407 1187 3462 quae
1214 3389 1426 3446 duobus
1457 3399 1694 3450 anteme
1726 3408 1738 3444 :
2242 3389 2532 3445 Meditatur
2558 3403 2719 3444 omne
2742 3386 2833 3459 qui
2862 3387 3014 3457 prius
3047 3387 3354 3460 negotium.

529 3485 792 3542 Assertor
820 3493 883 3539 ut
902 3485 1189 3539 sententiae
1217 3485 1404 3541 ﬁerem
1437 3499 1598 3539 meae.
2239 3483 2485 3540 Adversa
2516 3498 2721 3552 rerum,
2746 3481 2834 3539 vel
2854 3479 3097 3538 secunda
3126 3479 3384 3550 praedicat

529 3577 609 3632 Ea
640 3577 985 3647 displicebit;
1014 3591 1123 3632 non
1152 3585 1335 3632 tamen
1363 3576 1758 3650 prudentibus,
2238 3576 2548 3634 Meditanda
2572 3577 2784 3635 cunctis
2813 3574 3054 3632 comicus
3081 3573 3387 3630 Terentius.

529 3668 680 3738 Quos
700 3668 885 3724 docuit
907 3683 1038 3724 usus
1054 3709 1069 3736 ,
1093 3677 1149 3724 et
1179 3670 1388 3739 peritos
1413 3668 1669 3726 reddidit.
2238 3669 2450 3728 Locare
2472 3670 2654 3737 sedes,
2684 3667 2889 3725 bellum
2912 3681 3126 3740 gerere,
3151 3672 3244 3719 aut
3270 3676 3470 3736 ponere
3495 3677 3508 3717 :

527 3761 643 3818 Nos
673 3763 834 3837 ἐγγύα
852 3804 868 3832 ,
900 3763 1122 3840 πάρεστι
1147 3761 1192 3818 δ’
1224 3760 1320 3822 ἄτη
1341 3805 1358 3832 ,
1381 3762 1612 3820 dicimus
1636 3780 1647 3817 :

2239 3765 2485 3836 Magnas,
2521 3761 2873 3833 medieasque
2915 3776 3003 3816 res
3036 3759 3221 3825 etiam,
3255 3770 3451 3828 parvas
3481 3763 3672 3825 quoque

523 3855 780 3914 Latinum
810 3865 897 3914 est
921 3900 934 3925 ,
971 3857 1188 3930 Sponde
1218 3874 1238 3912 :
1265 3860 1422 3914 noxia
1452 3869 1524 3914 est
1549 3867 1741 3930 prwsto
1766 3859 1880 3914 tibi.
2237 3859 2414 3929 Agere
2445 3857 2740 3925 volentem,
2770 3869 2986 3924 semper
3016 3851 3268 3908 meditari
3294 3850 3466 3906 decet.

523 3950 632 4008 Per
663 3952 812 4008 mille
841 3967 1058 4024 possum
1081 3969 1303 4011 currere
1331 3955 1582 4027 exempla
1600 4001 1614 4025 ,
1642 3965 1700 4013 ut
1723 3959 1950 4028 probem
2237 3950 2370 4006 Nam
2393 3949 2681 4020 segniores
2703 3962 2894 4004 omnes
2920 3947 2975 4001 in
3004 3945 3200 4016 cceptis
3230 3943 3408 4012 novis,

523 4043 756 4100 Praedes
787 4046 1062 4124 vadesque
1095 4049 1451 4120 paenitudinis
1483 4065 1627 4106 reos.
2236 4043 2519 4100 Meditatio
2549 4044 2595 4098 si
2622 4043 2700 4099 rei
2732 4039 2990 4113 gerendae
3016 4038 3211 4095 deluit.

522 4139 635 4198 Sed
660 4141 791 4196 nolo
820 4157 1148 4213 quemquam
1179 4144 1504 4198 nominatim
1523 4144 1732 4201 dicere.
2235 4138 2382 4194 Nihil
2414 4146 2520 4208 est,
2549 4135 2694 4208 quod
2720 4135 3042 4207 ampliorem
3066 4147 3256 4191 curam
3285 4130 3541 4204 postulet,

521 4231 638 4288 Sibi
666 4233 896 4304 quisque
921 4246 1164 4288 vestrum
1194 4235 1343 4290 dicat
1364 4276 1378 4302 ,
1411 4243 1466 4290 et
1497 4249 1685 4290 secum
1710 4244 1897 4306 putet,
2235 4234 2408 4303 Quam
2439 4233 2702 4304 cogitare,
2733 4231 2862 4301 quid
2890 4229 3193 4301 gerendum
3215 4227 3288 4284 sit
3316 4245 3330 4280 :
3361 4225 3550 4282 dehinc

525 4325 810 4396 Spondere
830 4328 1048 4397 quantis
1074 4327 1274 4383 damno
1298 4327 1458 4384 fuerit
1486 4336 1541 4383 et
1569 4328 1732 4383 malo.
2234 4325 2607 4396 lncogitantes
2634 4325 2768 4391 fors,
2797 4339 2907 4378 non
2929 4322 3221 4378 consilium
3247 4320 3410 4391 regit.

525 4420 754 4476 Gratum
777 4420 880 4476 hoc
910 4420 1156 4480 ofﬁcium
1187 4429 1410 4478 maneat
1427 4421 1699 4481 ambobus
1727 4429 1930 4478 tamen.
2306 4417 2419 4474 Sed
2444 4433 2548 4488 ego
2575 4432 2665 4474 me
2691 4416 2759 4472 ad
2791 4426 2975 4486 patres
2995 4415 3108 4486 iam
3136 4411 3346 4483 recipio
3372 4429 3385 4467 :
3412 4406 3651 4481 plaudite.

598 4513 735 4567 Pars
763 4511 1012 4582 plaudite
1031 4528 1163 4584 ergo
1195 4530 1210 4569 :
1243 4527 1376 4584 pars.
1395 4513 1587 4572 oﬁ‘ensi
1617 4513 1952 4586 explaudite.
2237 4511 2502 4579 Meditati,
2531 4521 2589 4566 ut
2618 4518 2866 4567 vestram
2889 4523 3008 4566 rem
3034 4507 3242 4565 curetis
3266 4504 3551 4576 publicam.

530 4665 3758 4720 ____________________________________._.

1182 4854 1642 4940 SEPTEM
1697 4855 2389 4943 SAPIENTUM
2462 4854 3187 4950 SENTENTLE,
3269 4883 3276 4888 '

1259 5019 1282 5093 ἒί
1370 5017 1658 5100 Septenis
1688 5020 1973 5083 versibus
2005 5019 2080 5083 ab
2111 5020 2322 5085 eodem
2351 5020 2639 5085 Ausonio
2678 5021 3030 5104 explicatae.

1116 5161 1244 5219 Bias
1284 5161 1557 5221 Pricaeus.
2154 5171 2210 5233 D
2721 5171 2960 5227 Pittacus
3000 5168 3351 5242 Mitylenaeas.

591 5275 850 5355 Qumnam
867 5294 1081 5340 summa
1094 5279 1590 5352 boni?Mens,quae
1613 5282 1717 5339 sibi
1739 5285 1953 5341 conscia
1968 5287 2125 5344 recti.
2302 5287 2477 5360 Loqui
2506 5288 2799 5359 ignorabit,
2831 5287 2923 5359 qui
2958 5297 3140 5344 tacere
3169 5284 3398 5342 nesciet.

525 5377 811 5435 Pernicies
844 5373 1052 5429 homini
1077 5389 1200 5444 qum
1225 5370 1496 5427 maxima?
1521 5370 1681 5427 Solus
1713 5375 1876 5430 homo
1907 5376 2064 5431 alter.
2226 5379 2379 5435 Bono
2403 5381 2622 5450 probari
2651 5381 2820 5449 malo,
2854 5396 3014 5452 quam
3044 5379 3230 5434 multis
3252 5378 3425 5434 malis.

516 5474 652 5540 Quis
682 5471 876 5527 dives?
907 5469 1008 5538 Qui
1040 5468 1115 5522 nil
1155 5467 1361 5537 cupiat.
1390 5465 1523 5534 Quis
1552 5468 1800 5537 pauper?
1827 5469 2066 5525 Avarus.
2228 5471 2465 5527 Demens
2488 5461 2739 5543 superbis
2777 5473 2984 5529 invidet
3015 5471 3293 5528 felicibus.

512 5565 646 5634 Quae
672 5564 773 5619 dos
797 5571 1061 5617 matrona:
1086 5559 1490 5632 pulcherrima?
1519 5557 1642 5613 Vita
1671 5559 1886 5629 pudica.
2227 5563 2462 5619 Demens
2484 5563 2730 5620 dolorem
2764 5564 2904 5620 ridet
2926 5564 3246 5620 infelicium.

513 5659 650 5726 Quae
678 5664 828 5713 casta
857 5655 980 5711 est?
1009 5655 1081 5710 De
1113 5669 1217 5725 qua
1257 5651 1478 5709 mentiri
1510 5651 1652 5707 fama
1682 5661 1922 5709 veretur.
2228 5661 2427 5717 Pareto
2459 5661 2590 5734 legi,
2622 5663 2849 5733 quisque
2889 5665 3060 5735 legem
3094 5662 3358 5720 sanxeris.

517 5746 676 5815 Quod
709 5746 994 5817 prudentis
1029 5747 1208 5816 opus?
1237 5744 1370 5802 Cum
1403 5745 1598 5817 possit,
1627 5747 1776 5804 nolle
1805 5763 2022 5806 nocere.
2232 5753 2424 5810 Plures
2453 5755 2657 5811 amicos
2687 5771 2749 5812 re
2778 5757 3022 5813 secunda
3043 5772 3318 5829 compara.

510 5835 651 5908 Quid
680 5836 830 5897 stulti
861 5837 1177 5908 proprium?
1204 5835 1322 5895 Non
1353 5851 1536 5912 posse,
1567 5847 1623 5898 et
1647 5839 1790 5902 velle
1822 5855 2042 5903 nocere.
2229 5843 2438 5905 Paucos
2464 5845 2668 5906 amicos
2699 5846 2864 5907 rebus
2893 5849 3140 5910 adversis
3168 5847 3354 5922 proba.
