4072 6306
516 332 624 393 879

586 445 768 504 Valvis
792 450 848 500 et
866 439 992 498 velo
1023 435 1246 493 condita
1277 447 1382 490 non
1407 429 1537 487 adii.

514 544 756 610 Famam,
783 553 903 609 quae
937 543 1120 608 posset
1142 531 1306 585 vitam
1335 527 1578 582 lacerare
1604 522 1892 585 bonorum,

583 637 701 694 Non
726 633 892 690 finxi:
925 641 979 686 et
1007 641 1193 685 veram
1224 624 1270 680 si
1293 621 1535 689 scierim,
1570 615 1729 672 tacui.

508 733 597 790 lra
626 729 813 803 procul
841 747 854 782 :
887 740 1014 795 Spes
1036 736 1176 779 vana
1207 716 1396 790 procul
1427 733 1440 770 :
1475 710 1665 784 procul
1688 707 1847 764 anxia
1873 718 2036 771 cura;

583 827 749 896 Inque
769 821 931 878 bonis
962 817 1243 874 hominum
1269 810 1463 884 gaudia
1497 807 1631 862 falsa
1659 803 1868 876 procul.

514 916 680 975 Vitati
700 924 897 981 cretus,
923 912 1227 984 ejurathue
1251 903 1538 970 tumultus,

508 1011 577 1067 Et
600 1023 818 1080 semper
845 1009 988 1062 lictm
1015 1003 1322 1075 principum
1351 991 1627 1053 amicitiae.

512 1077 820 1174 Deliquisse
851 1100 991 1154 nihil
1033 1108 1328 1166 numquam
1360 1087 1576 1146 laudem
1604 1095 1727 1140 esse
1763 1077 1968 1151 putavi,

583 1201 760 1269 Atque
786 1196 960 1251 bonos
988 1205 1169 1248 mores
1194 1187 1402 1258 legibus
1427 1177 1678 1238 antetuli.

520 1291 690 1350 Irasci
718 1297 1031 1361 promptus,
1067 1277 1355 1355 pr0peravi
1380 1274 1620 1333 condere
1651 1277 1886 1326 motum:

582 1384 762 1456 Atque
792 1381 926 1438 mihi
962 1391 1153 1450 pinnas
1184 1390 1280 1446 pro
1311 1371 1538 1428 levitate
1563 1364 1714 1422 dedi.

507 1455 834 1548 Coniugium
865 1488 964 1545 per
991 1472 1164 1526 lustra
1189 1480 1404 1531 novem,
1447 1462 1565 1516 sine
1591 1455 1844 1522 crimine,

585 1569 766 1626 Unum
799 1566 964 1621 habui
994 1583 1006 1617 :
1038 1571 1227 1634 gnatos
1251 1567 1507 1632 quattuor
1534 1551 1825 1610 edidimus.

510 1661 692 1718 Prima
719 1659 852 1716 obiit
872 1658 1114 1721 lactans;
1145 1662 1202 1709 at
1221 1653 1312 1724 qui
1343 1650 1445 1707 fuit
1467 1645 1689 1703 ultimus
1711 1641 1838 1709 :evi,

580 1756 875 1812 Pubertate
900 1751 1022 1808 rudi
1053 1765 1163 1806 non
1189 1745 1337 1803 rudis
1360 1741 1588 1800 interiit.

517 1847 783 1905 Maximus
813 1846 880 1900 ad
907 1857 1180 1900 summum
1210 1839 1429 1896 culmen
1464 1831 1717 1906 pervenit
1745 1829 2037 1892 honorum,

580 1939 880 1996 Prasfectus
899 1937 1090 2003 Gallis,
1124 1943 1180 1991 et
1201 1932 1411 2003 Libyae,
1444 1938 1500 1986 et
1532 1927 1710 1992 Latio,

506 2031 882 2102 Tranquillus,
910 2030 1172 2096 clemens,
1206 2026 1399 2090 oculis,
1428 2037 1580 2090 voce,
1615 2035 1711 2076 ore
1747 2031 2000 2085 serenus,

581 2127 638 2181 In
668 2125 916 2196 genitore
945 2137 1046 2178 suo
1078 2128 1263 2177 mente
1289 2119 1580 2188 animoque
1611 2123 1786 2185 pater.

513 2217 684 2287 Hujus
711 2233 814 2288 ego
842 2226 894 2272 et
922 2225 1130 2279 natum,
1160 2222 1214 2268 et
1244 2225 1500 2283 generum
1525 2223 1625 2278 pro
1650 2203 1877 2262 consule
1903 2201 2032 2259 vidi.

576 2309 780 2366 Consul
813 2316 873 2364 ut
896 2309 1012 2378 ipse
1044 2307 1206 2375 foret,
1233 2320 1356 2375 spes
1389 2302 1518 2358 mihi
1548 2309 1695 2356 certa
1733 2297 1852 2353 fuit.

504 2403 801 2461 Matronale
825 2403 990 2458 decus
1012 2397 1255 2472 possedit
1281 2397 1410 2452 filia.
1439 2394 1607 2464 Cujus

576 2495 808 2568 Egregia
835 2503 890 2549 et
920 2503 1100 2564 nupta:
1127 2493 1246 2546 laus
1277 2500 1414 2557 erat,
1449 2498 1505 2543 et
1531 2486 1743 2544 viduae:

500 2589 634 2656 Qua:
671 2587 807 2652 nati,
835 2585 1168 2657 generisque
1209 2591 1263 2638 et
1293 2579 1607 2654 progeneri.
1651 2577 1828 2639 Simul
1858 2574 2106 2634 omnium

573 2678 857 2749 Multiplici
885 2677 1128 2732 illustres
1161 2674 1298 2731 vidit
1331 2675 1541 2730 honore
1566 2674 1782 2728 domos.

498 2774 622 2846 Ipse
649 2788 750 2830 nec
777 2772 1065 2839 affectans,
1099 2784 1200 2825 nec
1230 2769 1566 2825 detrectator
1602 2767 1896 2836 honorum,

575 2866 868 2924 Prarfectus
896 2864 1076 2937 magni
1103 2878 1386 2934 nuncupor
1408 2860 1632 2934 Illyrici.

504 2958 635 3016 llaec
662 2976 748 3015 me
778 2960 1012 3015 fortuna:
1043 2959 1190 3030 larga
1219 2955 1556 3028 indulgentia
1588 2955 1782 3022 suasit,

576 3052 807 3109 Numine
833 3053 1082 3120 adorato,
1109 3054 1235 3108 vitae
1257 3051 1463 3107 abitum
1496 3058 1707 3120 petere.

505 3145 582 3201 Ne
613 3144 905 3201 fortunata:
937 3145 1171 3215 spatium
1205 3141 1524 3199 inviolabile
1549 3142 1678 3197 vita:

575 3235 747 3292 Fatali
776 3237 1034 3292 admorsu
1074 3238 1375 3308 stringeret
1398 3235 1508 3289 ulla
1535 3233 1674 3289 dies.

504 3329 724 3387 Obtinui
754 3348 766 3383 :
816 3329 1124 3401 auditaeque
1167 3343 1358 3400 preces
1390 3344 1406 3386 :
1439 3342 1616 3398 spem,
1647 3333 1794 3396 vota,
1825 3324 2102 3394 timorem,

574 3424 797 3495 Sopitus
829 3423 1044 3494 placido
1069 3425 1197 3488 ﬁne,
1224 3421 1479 3493 relinquo
1499 3421 1644 3476 aliis.

499 3517 645 3572 Inter
670 3525 988 3583 maerentes,
1019 3517 1117 3572 sed
1147 3531 1256 3571 non
1284 3531 1386 3586 ego
1415 3525 1666 3581 maestus,
1700 3517 1907 3571 amicos

576 3607 866 3679 Dispositis
891 3607 1035 3677 iacui
1068 3607 1276 3663 funeris
1301 3607 1564 3663 arbitriis.

504 3699 811 3769 Nonaginta
835 3713 1009 3754 annos
1037 3698 1233 3755 baculo
1260 3699 1403 3769 sine,
1435 3713 1671 3771 corpore
1703 3708 1820 3758 toto

509 3789 700 3861 Exegi,
730 3789 942 3846 eunetis
968 3789 1182 3862 integer
1213 3790 1428 3848 officiis.

506 3880 635 3938 Ilaec
665 3882 994 3954 quicumque
1033 3884 1201 3956 leges,
1245 3901 1352 3940 non
1385 3887 1753 3956 aspernabere
1781 3887 1918 3944 lari:

577 3973 722 4031 Talis
743 3975 853 4031 vita
880 3975 1004 4046 tibi,
1046 3978 1227 4048 qualia
1257 3986 1382 4034 vota
1411 3979 1564 4034 mihi.

1074 4111 1402 4170 IDYLLIUM
1454 4113 1536 4170 Ill.

1083 4230 1300 4285 Ausonii
1322 4229 1526 4286 villula.

515 4345 677 4403 Salve
703 4344 1059 4403 haerediolum
1083 4345 1352 4417 majorum
1383 4363 1548 4420 regna
1581 4363 1850 4419 meorum,

576 4441 730 4509 Quod
760 4455 1016 4511 proavus,
1049 4440 1193 4511 quod
1215 4457 1370 4508 avus,
1398 4442 1540 4512 quod
1571 4453 1722 4512 pater
1752 4443 2004 4500 excoluit.

503 4533 659 4601 Quod
690 4532 822 4587 mihi
843 4532 955 4602 jam
985 4534 1190 4602 senior,
1214 4543 1503 4604 properata
1530 4547 1728 4604 morte,
1756 4537 2030 4609 relinquit.

579 4625 771 4680 Eheu!
805 4625 1088 4680 nolueram
1117 4635 1226 4680 tam
1260 4627 1368 4681 cito
1399 4643 1560 4698 posse
1592 4629 1720 4685 frui.

503 4720 662 4775 Justa
691 4715 911 4787 quidem
940 4716 1111 4772 series
1140 4719 1278 4786 patri
1309 4720 1604 4776 succedere
1638 4737 1859 4778 :verum

577 4811 713 4866 Esse
738 4807 898 4865 simul
927 4807 1202 4875 dominos,
1233 4810 1441 4878 gratior
1463 4811 1598 4868 ordo
1628 4814 1749 4884 piis.

507 4903 664 4960 Nunc
694 4902 850 4959 labor
875 4909 933 4957 et
951 4914 1098 4957 curae
1127 4916 1245 4956 mea
1276 4912 1422 4957 sunt.
1447 4903 1577 4960 Sola
1605 4914 1734 4963 ante
1759 4907 2006 4980 voluptas

582 4994 838 5051 Partibus
878 4994 932 5048 in
963 4993 1183 5048 nostris.
1203 4993 1410 5050 Czetera
1441 4997 1614 5066 patris
1640 5008 1816 5055 erant.

513 5085 744 5141 Parvum
772 5081 1152 5153 hacrediolum,
1187 5082 1362 5138 fateor
1387 5125 1400 5148 ,
1430 5087 1524 5142 sed
1552 5089 1696 5143 nulla
1724 5089 1823 5146 fuit
1847 5107 1936 5149 res

584 5175 756 5231 Parva
786 5189 1040 5246 umquam
1070 5175 1390 5246 aaquanimis
1419 5193 1432 5228 :
1464 5176 1600 5233 adde
1623 5181 1785 5237 etiam
1811 5185 2101 5242 unanimis.

509 5269 592 5327 Ex
619 5271 801 5328 animo
820 5285 937 5327 rem
963 5280 1110 5327 stare
1129 5285 1346 5342 aequum
1367 5280 1519 5342 puto,
1541 5288 1646 5328 non
1667 5277 1904 5336 animum
1925 5296 1990 5338 ex
2019 5297 2099 5339 re.

579 5363 787 5419 Cuncta
817 5365 965 5434 cupit
999 5365 1240 5432 Crassus,
1273 5363 1542 5434 Diogenes
1573 5365 1801 5424 nihilum
1827 5387 1841 5436 ;

504 5454 723 5527 Spargit
743 5453 1052 5526 Aristippus
1083 5455 1276 5512 mediis
1307 5456 1362 5510 in
1392 5453 1645 5526 Syrtibus
1673 5474 1898 5530 aurum;

575 5552 755 5609 Aurea
776 5568 886 5608 non
909 5552 1044 5608 satis
1074 5562 1158 5608 est
1187 5551 1354 5624 Lydia
1387 5558 1498 5608 tota
1523 5551 1700 5609 Midae.

501 5642 598 5698 Cui
630 5643 812 5699 nullus
844 5643 966 5698 ﬁnis
994 5644 1271 5713 cupiendi,
1303 5654 1386 5700 est
1414 5645 1593 5702 nullus
1625 5646 1879 5704 habendi.

569 5732 666 5789 Ille
694 5733 888 5804 opibus
911 5734 1105 5789 modus
1133 5744 1234 5802 est,
1267 5751 1428 5806 quem
1467 5745 1675 5794 statuas
1706 5741 1909 5797 animo.

496 5821 697 5882 Verum
724 5840 854 5896 ager
881 5826 986 5882 iste
1010 5840 1162 5882 meus
1183 5836 1418 5898 quantus
1446 5829 1540 5900 sit,
1565 5846 1764 5890 nosce:
1794 5835 1956 5893 etiam
2003 5855 2091 5902 me

1904 296 2084 360 DECll
2125 291 2401 356 AUSONII

3698 273 3796 332 880

2283 406 2538 473 Noveris,
2571 411 2625 458 et
2651 399 2798 458 noris
2825 407 2877 455 te
2909 410 3149 470 quoque,
3165 394 3214 452 si
3248 391 3394 466 potis
3417 406 3478 449 es
3509 406 3524 446 :

2214 503 2551 572 Quamquam
2579 495 2801 552 difficile
2831 502 2913 549 est
2941 507 3001 546 sc
3045 503 3290 546 noscere.
3319 489 3473 544 Γνῶθι
3501 485 3729 541 σεαυτὸν.

2286 595 2458 665 Quam
2489 606 2723 664 propere
2746 589 3002 659 legimus,
3035 597 3143 640 tam
3181 585 3290 639 cito
3321 579 3666 653 negligimus.

2213 688 2342 762 Agri
2369 688 2455 744 bis
2481 698 2700 743 centum
2723 684 2847 740 colo
2874 682 3064 753 jugera
3089 695 3103 746 ;
3139 679 3297 733 vinea
3328 687 3546 732 centum

2285 780 2578 853 Jugeribus
2599 777 2824 844 colitur,
2846 783 3112 847 prataque
3132 770 3439 828 dimidium.

2212 874 2365 934 Silva
2392 889 2556 944 supra
2579 870 2810 942 duplum
2844 882 3008 938 quam
3035 875 3214 936 prata,
3238 873 3292 920 et
3320 863 3501 928 vinea,
3527 867 3583 916 et
3602 873 3798 914 arvum.

2286 964 2478 1024 Cultor
2500 965 2616 1036 agri
2647 963 2806 1020 nobis
2829 975 2932 1017 nec
2960 966 3236 1031 superest,
3271 971 3369 1012 nec
3398 955 3573 1011 abest.

2214 1063 2361 1120 Fons
2392 1071 2616 1133 propter
2645 1067 2946 1130 puteusque
2976 1053 3183 1120 brevis,
3211 1062 3325 1108 tum
3349 1063 3518 1121 purus
3540 1056 3596 1104 et
3614 1045 3798 1103 amnis.

2283 1160 2518 1229 Naviger
2541 1158 2629 1213 hic
2648 1155 2856 1214 refluus
2884 1169 2972 1210 me
2997 1151 3169 1218 vehit,
3211 1166 3275 1206 ac
3303 1149 3532 1205 revehit.

2213 1254 2538 1313 Conduntur
2565 1252 2780 1306 fructus
2805 1249 3083 1320 geminum
3105 1245 3238 1301 mihi
3262 1258 3479 1312 semper
3510 1242 3562 1296 in
3589 1255 3802 1295 annum.

2285 1351 2384 1407 Cui
2413 1365 2522 1405 non
2552 1347 2715 1418 longa
2745 1358 2938 1416 penus,
2961 1341 3089 1397 huic
3107 1355 3322 1412 quoque
3345 1345 3596 1409 prompta
3620 1335 3799 1389 fames.

1880 1464 2112 1509 concors
2213 1443 2340 1500 llaec
2377 1441 2510 1499 mihi
2541 1455 2642 1497 nec
2676 1437 2869 1512 procul
2919 1436 3054 1492 urbe
3084 1434 3186 1490 sita
3215 1442 3316 1499 est,
3368 1446 3468 1487 nec
3497 1441 3716 1512 prorsus
3743 1423 3806 1480 ad

3548 1511 3762 1586 [urbem
3791 1522 3807 1562 :

2284 1627 2363 1684 Ne
2385 1626 2559 1699 patiar
2587 1623 2767 1690 turba,
2799 1629 2967 1692 utque
2996 1618 3156 1675 bonis
3189 1617 3380 1688 potiar.

2217 1721 2284 1778 Et
2311 1721 2564 1791 quotiens
2593 1725 2806 1774 mutare
2837 1715 3014 1772 locum
3046 1711 3264 1767 fastidia
3285 1717 3504 1780 cogunt.

2141 1820 2191 1882 B
2287 1815 2528 1872 Transeo
2559 1831 2572 1866 :
2603 1820 2658 1868 et
2687 1807 2916 1866 alternis
2943 1821 3096 1874 rure,
3121 1804 3205 1861 vel
3231 1803 3364 1860 urbe
3394 1802 3564 1858 fruor.

2767 1940 3108 1999 IDYLLIUM
3150 1939 3239 1995 ιν.

2213 2063 2295 2119 Ad
2324 2070 2560 2135 nepotem
2588 2059 2876 2116 Ausonium
2906 2058 3258 2130 protrepticon
3288 2055 3354 2109 de
3389 2052 3566 2109 studio
3593 2051 3795 2125 puerili.

2459 2177 2728 2233 AUSONIUS
2769 2175 3048 2231 Hssrnmo
3075 2171 3189 2242 ﬁlio
3211 2185 3305 2226 suo
3333 2169 3578 2224 salutem.

2286 2294 2570 2361 Libellum,
2593 2308 2748 2363 quem
2777 2291 2845 2345 ad
2873 2289 3178 2360 nepotulum
3199 2303 3372 2342 meum
3398 2285 3597 2340 sororis
3627 2291 3722 2338 tua:
3747 2282 3806 2352 ﬁ-

2212 2388 2343 2441 lium
2364 2387 2532 2441 instar
2561 2382 2866 2454 protreptici
2889 2381 3142 2447 luseram,
3174 2388 3416 2434 uenturus
3451 2376 3552 2446 ipsi
3592 2373 3805 2447 prtemisi

2211 2480 2503 2550 legendum.
2540 2477 2655 2532 Hoc
2678 2477 2815 2531 enim
2839 2475 3006 2529 malui
3033 2489 3188 2543 quam
3211 2473 3324 2544 ipse
3346 2472 3586 2535 recitare,
3614 2477 3738 2523 esset
3757 2473 3805 2520 ttt

2211 2572 2303 2626 tibi
2331 2588 2549 2627 censura
2579 2570 2816 2639 liberior,
2843 2585 2959 2642 qua:
2989 2569 3192 2623 duabus
3238 2567 3410 2621 causis
3458 2563 3697 2636 impediri
3730 2579 3805 2616 so-

2208 2664 2322 2721 let:
2358 2664 2511 2734 Quod
2539 2664 2714 2719 aureis
2741 2672 2947 2719 nostras
2987 2661 3172 2715 audita
3213 2660 3440 2715 velocius
3483 2673 3640 2729 quam
3685 2656 3806 2710 lecta

2210 2765 2544 2827 prwtereunt,
2574 2764 2624 2811 et
2653 2754 2796 2823 quod
2816 2753 3089 2810 sinceritas
3103 2750 3389 2825 judicandi
3431 2748 3706 2820 prtesentia
3731 2762 3804 2801 re-

2208 2849 2419 2904 citantis
2441 2857 2708 2904 oueratur.
2734 2847 2893 2901 Nunc
2925 2845 3017 2900 tibi
3046 2855 3322 2914 utrumque
3369 2844 3632 2914 integrum
3672 2840 3805 2911 (non

2209 2940 2376 2996 obstat
2404 2941 2566 2995 nostri
2588 2937 2950 3012 verecundia).
2982 2937 3089 2994 Sed
3111 2937 3239 2991 heus
3262 2946 3342 3003 tu,
3376 2935 3457 3003 ﬁli
3487 2933 3801 3000 dulcissime,

2208 3034 2376 3090 habeo
2404 3033 2546 3104 quod
2568 3033 2900 3101 admoneam,
2930 3033 2974 3088 si
2999 3048 3102 3101 qua
3142 3029 3233 3084 tibi
3254 3028 3420 3084 multo
3456 3029 3560 3083 sint
3587 3026 3801 3098 {acutius

2212 3129 2549 3196 concinnata,
2573 3143 2731 3198 quam
2752 3126 2945 3191 verius,
2978 3133 3026 3179 et
3061 3124 3178 3197 plus
3219 3123 3428 3189 coloris,
3475 3137 3632 3191 quam
3677 3119 3803 3176 succi

2131 3216 2178 3280 C
2210 3221 2399 3276 habere
2420 3221 2715 3286 rideantur,
2739 3220 2851 3292 ipse
2879 3219 3048 3274 sciens
3067 3221 3233 3289 fluere
3255 3217 3504 3288 permisi,
3546 3214 3802 3271 venustula

2213 3323 2270 3368 ut
2293 3323 2460 3369 essent
2490 3314 2677 3386 magis,
2702 3329 2860 3386 quam
2888 3310 3159 3381 forticula,
3188 3313 3355 3366 instar
3384 3309 3662 3382 virginum,
3685 3324 3800 3378 quas

2211 3417 2404 3462 matres
2434 3407 2644 3464 student
2669 3407 2908 3461 demissis
2936 3403 3190 3470 humeris,
3212 3407 3408 3476 junceo
3435 3411 3639 3474 pectore
3665 3416 3796 3465 esse,

2212 3512 2269 3556 ut
2297 3503 2521 3575 graciles
2551 3504 2676 3557 sint.
2709 3502 2866 3556 Nosti
2888 3509 3098 3556 uetera.
3127 3500 3468 3570 Superest,ut
3483 3499 3645 3565 dicas,
3672 3494 3799 3565 Quid

2210 3597 2429 3650 moraris
2446 3595 2837 3668 judicatiouem
2860 3610 3025 3649 meam
3053 3593 3117 3648 de
3148 3609 3230 3658 eo,
3258 3593 3398 3663 quod
3427 3593 3538 3662 ipse
3579 3605 3798 3662 pronun-

2210 3690 2310 3744 tias
2337 3705 2446 3745 esse
2491 3688 2840 3743 mendosum?
2883 3684 3070 3742 Dicam
3119 3685 3336 3750 scilicet,
3388 3701 3472 3739 me
3512 3681 3798 3756 hujusmodi

2207 3782 2440 3838 versibus
2461 3783 2592 3853 foris
2615 3781 2910 3836 erubescere
2939 3822 2955 3849 ,
2986 3780 3098 3836 hwc
3117 3779 3269 3833 annis
3294 3779 3438 3832 illius
3471 3777 3632 3849 magis
3653 3790 3795 3847 quant

2207 3876 2334 3931 meis
2355 3877 2562 3949 scripsi,
2586 3886 2673 3931 aut
2697 3880 2918 3948 fortasse
2947 3882 2994 3931 et
3013 3876 3161 3940 meis,
3183 3874 3262 3936 δὶς
3286 3871 3472 3935 παῖδες
3493 3873 3538 3928 οἱ
3559 3875 3792 3948 γέροντες.

2209 3967 2291 4023 Ad
2312 3985 2586 4036 summam,
2623 3970 2791 4024 valeat
2818 3970 3106 4024 austeritas
3131 3977 3245 4036 tua,
3273 3967 3402 4022 mihi
3443 3983 3562 4022 cum
3609 3965 3793 4036 infante

2209 4063 2346 4118 ratio
2369 4074 2469 4119 est.
2507 4062 2653 4133 Vale,
2684 4063 2764 4133 [ili
2789 4061 3116 4118 dulcissime.

2283 4176 2426 4233 Sunt
2453 4178 2618 4234 etiam
2646 4177 2814 4233 Musis
2836 4192 2936 4232 sua
2967 4176 3212 4244 ludicra;
3247 4175 3405 4231 mista
3431 4173 3697 4232 Camoenis

2209 4268 2331 4324 Otia
2358 4279 2506 4334 sunt,
2540 4269 2749 4326 mellite
2778 4283 2950 4339 nepos
2975 4284 2991 4335 ;
3019 4284 3119 4325 nec
3143 4283 3362 4339 semper
3382 4268 3568 4325 acerbi

2210 4360 2446 4417 Exercet
2469 4376 2670 4428 pueros
2691 4375 2795 4417 vox
2827 4359 3120 4431 imperiosa
3149 4361 3418 4433 magistri.

2209 4449 2317 4506 Sed
2347 4452 2540 4522 requie
2569 4451 2848 4524 studiique
2875 4451 3027 4510 vices
3048 4460 3162 4509 rata
3190 4461 3436 4523 tempora
3461 4459 3691 4510 servant.

2213 4543 2283 4599 Et
2308 4543 2442 4600 satis
2465 4554 2552 4601 est
2577 4561 2749 4616 puero
2780 4547 3009 4603 memori
3045 4547 3242 4617 legisse
3268 4546 3520 4603 libenter.

2130 4606 2188 4670 Β
2212 4636 2284 4694 Ει
2311 4653 2530 4696 cessare
2552 4639 2694 4696 licet.
2728 4639 2892 4696 Graio
2915 4606 3127 4696 Schol;
3147 4640 3369 4697 nomine
3394 4640 3537 4696 dicta
3563 4648 3663 4708 est,

2209 4731 2366 4788 Justa
2400 4730 2711 4788 laboriferis
2743 4732 3050 4788 tribuantur
3089 4733 3277 4788 utotia
3308 4731 3491 4789 Musis.

2207 4822 2324 4892 Quo
2353 4825 2524 4896 magis
2553 4823 2825 4880 alternum
2848 4833 3036 4880 certus
3061 4823 3357 4882 succedere
3378 4824 3584 4894 ludum,

2209 4918 2372 4974 Disce
2394 4919 2588 4974 libens.
2620 4918 2866 4990 Longum
2893 4919 3200 4975 delenitura
3225 4918 3486 4990 laborem

2209 5010 2502 5066 Intervalla
2533 5009 2745 5066 damus.
2779 5010 3028 5068 Studium
3061 5010 3271 5082 puerile
3300 5010 3521 5079 fatiscit,

2209 5100 2356 5158 Lscta
2385 5103 2491 5159 nisi
2519 5104 2753 5160 austeris
2781 5103 3060 5160 varientur
3089 5105 3224 5160 festa
3252 5104 3528 5175 profestis.

2205 5194 2365 5250 Disce
2387 5195 2584 5264 libens,
2619 5196 2795 5252 tetrici
2821 5211 2922 5252 nec
2951 5195 3304 5268 praeceptoris
3343 5196 3586 5252 habenas

2208 5287 2516 5358 Detestare,
2551 5305 2741 5361 nepos.
2771 5290 3076 5362 Numquam
3101 5289 3324 5346 horrida
3347 5289 3518 5347 forma
3535 5284 3769 5360 magistri.

2205 5380 2304 5438 Ille
2326 5381 2453 5438 licet
2484 5383 2657 5439 tristis
2683 5385 2840 5440 senio
2858 5427 2872 5451 ,
2900 5399 3005 5440 nec
3031 5399 3165 5440 voce
3194 5398 3444 5451 serenus,

2205 5473 2415 5545 Aspera
2444 5483 2740 5532 contractae
2767 5477 3051 5533 minitetur
3073 5477 3259 5548 jurgia
3297 5477 3510 5544 frontis,

2201 5563 2507 5635 Numquam
2540 5567 2790 5624 immanis
2822 5570 2930 5626 erit
2958 5570 3155 5642 placita
3187 5570 3536 5626 assuetudine
3555 5566 3732 5633 vuImS,

2200 5658 2303 5725 Qui
2329 5659 2498 5714 semel
2523 5660 2800 5718 imbuerit.
2831 5661 3011 5734 Rugas
3044 5664 3276 5720 nutricis
3303 5651 3525 5733 amabit,

2199 5751 2303 5820 Qui
2330 5752 2530 5825 refugit
2551 5763 2804 5813 matrem.
2836 5757 3074 5829 Pappos,
3103 5759 3364 5830 aviasque
3396 5763 3674 5815 trementes

2199 5843 2530 5902 Anteferunt
2555 5849 2804 5920 patribus
2831 5849 2937 5906 seri
2967 5864 3109 5908 nova
3137 5863 3267 5907 cura
3293 5858 3539 5921 nepotes.
