4072 6306
269 321 374 378 881

266 437 361 495 Sic
389 449 574 506 neque
601 429 825 489 Peliden
857 425 1102 483 terrebat
1122 423 1363 481 Achillea
1394 419 1598 478 Chiron

264 526 594 586 Thessalico
617 522 918 594 permixtus
945 533 1088 588 equo
1115 537 1126 571 :
1155 531 1253 571 nec
1285 514 1478 584 pinifer
1508 511 1660 566 Atlas

264 617 822 694 Amphitryoniadem
845 628 1073 685 puerum
1110 630 1122 664 :
1150 610 1245 665 sed
1278 607 1510 663 blandus
1535 613 1767 675 uterque

265 716 500 774 Mitibus
525 712 777 782 alloquiis
805 718 1024 764 teneros
1052 704 1328 760 mulcebat
1348 700 1618 754 alumnos.

263 810 348 867 Tu
365 821 592 879 quoque
607 820 672 860 ne
692 812 902 859 metuas
931 819 942 853 :
969 797 1216 870 quamvis
1238 795 1424 851 schola
1449 791 1677 847 verbere
1701 786 1873 844 multo

261 909 548 978 Increpet,
571 913 625 959 et
657 901 960 957 truculenta
989 911 1156 952 senex
1186 903 1340 964 gerat
1360 907 1456 948 ora
1487 891 1764 959 magister.

262 1002 584 1071 Degeneres
611 995 825 1051 animos
858 992 1021 1047 timor
1046 989 1222 1058 arguit
1250 1003 1263 1040 :
1300 993 1355 1039 at
1383 983 1475 1038 tibi
1505 989 1692 1037 consta

261 1093 614 1165 Intrepidus,
652 1105 753 1145 nec
782 1098 837 1144 te
871 1088 1103 1151 clamor,
1138 1084 1419 1154 plagasque
1449 1085 1729 1141 sonantes,

258 1188 376 1246 Nec
400 1184 691 1242 matutinis
727 1183 896 1252 agitet
929 1177 1161 1234 formido
1187 1175 1288 1231 sub
1316 1173 1466 1228 horis
1495 1189 1507 1224 :

260 1280 423 1350 Quod
451 1289 731 1349 sceptrum
758 1275 934 1331 vibrat
965 1272 1178 1339 ferulae,
1210 1268 1355 1341 quod
1389 1267 1560 1321 multa
1583 1261 1830 1335 supellex

260 1375 490 1444 Virgea,
524 1369 672 1442 quod
703 1367 866 1423 fallax
896 1365 1159 1422 scutieam
1186 1360 1439 1433 praetexit
1460 1359 1604 1412 aluta
1640 1375 1651 1408 :

259 1463 426 1534 Quod
452 1462 669 1519 fervent
701 1458 914 1530 trepido
946 1456 1207 1513 subsellia
1237 1461 1416 1508 vestra
1450 1449 1703 1506 tumultu.

260 1560 472 1629 Pompa
501 1558 631 1623 loci,
661 1565 714 1610 et
743 1553 870 1608 vani
894 1551 1133 1622 fugiatnr
1156 1561 1321 1605 scena
1349 1544 1582 1600 timoris.

259 1651 391 1706 Haec
419 1650 556 1705 olim
589 1649 915 1718 genitorque
946 1653 1091 1708 tuus,
1112 1641 1459 1713 genitrixque
1487 1636 1659 1693 secuti

257 1744 530 1800 Securam
560 1738 783 1814 placido
815 1736 947 1792 mihi
976 1735 1317 1806 permulsere
1348 1741 1648 1787 senectam.

258 1834 341 1891 Tu
372 1832 619 1899 senium,
658 1831 1038 1901 quodcumque
1069 1841 1236 1898 super
1265 1823 1575 1881 labentibus
1607 1821 1764 1877 annis

258 1927 392 1982 Fata
421 1925 658 1989 dabunt,
691 1923 783 1995 qui
819 1936 1021 1976 nomen
1051 1921 1137 1974 avi
1169 1910 1315 1989 geris
1344 1917 1527 1972 indole
1558 1916 1759 1987 prima,

259 2019 448 2075 Prime
477 2031 670 2088 nepos,
697 2015 784 2070 vel
806 2029 864 2070 re
890 2014 974 2069 vel
1001 2027 1097 2083 spe
1119 2012 1251 2066 mihi
1295 2026 1461 2082 porge
1482 2007 1791 2064 fruendum.

258 2111 416 2168 Nunc
443 2125 546 2182 ego
563 2119 618 2166 te
647 2123 878 2179 puerum
917 2124 929 2160 :
958 2119 1085 2160 mox
1115 2105 1167 2159 in
1194 2103 1527 2175 juvenilibus
1554 2099 1734 2162 annis,

258 2206 493 2276 Jamque
514 2204 690 2258 virum
713 2215 958 2265 cernam,
993 2199 1038 2254 si
1061 2197 1173 2254 fors
1203 2198 1274 2252 ita
1297 2196 1560 2266 jusserit;
1592 2202 1686 2250 aut
1712 2193 1759 2248 si

265 2301 474 2357 Invidia
498 2309 603 2366 est,
637 2299 867 2369 sperabo
897 2306 1098 2360 tamen,
1134 2309 1235 2350 nec
1259 2305 1386 2349 vota
1409 2292 1685 2356 fatiscent,

260 2395 332 2453 Ut
363 2395 564 2465 patris,
595 2401 762 2464 utque
791 2391 896 2446 mei
927 2404 1038 2445 non
1067 2389 1377 2450 immemor,
1410 2384 1577 2440 ardua
1609 2397 1830 2454 semper

258 2490 499 2547 Praemia
523 2487 797 2543 Musarum
827 2485 1018 2556 cupias
1044 2499 1059 2540 :
1087 2481 1356 2539 facundus
1385 2490 1441 2537 et
1483 2479 1611 2534 olim

258 2583 373 2638 Hac
403 2580 663 2653 gradiare
695 2580 805 2646 via,
837 2594 940 2649 qua
971 2591 1073 2633 nos
1101 2575 1482 2646 praecessimus
1509 2591 1523 2628 :
1553 2580 1608 2628 et
1635 2571 1723 2627 cui

258 2673 570 2732 Proconsul
598 2675 833 2744 genitor,
860 2671 1147 2741 praefectus
1173 2669 1470 2724 avunculus
1499 2667 1719 2722 instant.

263 2767 498 2839 Perlege
526 2767 908 2836 quodcumque
931 2773 1015 2820 est
1043 2760 1417 2818 memorabile.
1437 2760 1592 2814 Priva
1608 2756 1863 2813 monebo.

259 2861 529 2918 Conditor
562 2859 780 2927 Iliados,
813 2868 865 2914 et
895 2855 1150 2911 amabilis
1178 2868 1304 2909 orsa
1333 2851 1615 2909 Menandri

261 2954 585 3012 Evolvenda
608 2953 725 3009 tibi.
759 2953 838 3008 'lâ€˜u
865 2951 1012 3008 flexu
1044 2959 1102 3006 et
1129 2949 1380 3005 acumine
1411 2947 1559 3002 vocis

261 3047 593 3104 Innumeros
617 3060 872 3101 numeros
898 3045 1075 3100 doctis
1102 3042 1422 3099 accentibus
1453 3038 1609 3096 effer.

260 3141 620 3212 Affectusqne
651 3139 869 3208 impone
903 3139 1111 3208 legens.
1143 3135 1432 3192 Distinctio
1456 3146 1678 3188 sensum

261 3238 464 3307 Auget,
487 3243 540 3290 et
575 3233 783 3304 ignavis
813 3231 944 3287 dant
970 3230 1248 3287 intervalla
1273 3229 1535 3297 vigorem.

263 3327 566 3399 Ecquando
597 3326 701 3381 ista
732 3340 868 3380 meae
893 3325 1211 3395 contingent
1236 3321 1378 3378 dona
1421 3318 1702 3378 senectae?

262 3424 500 3493 Quando
529 3423 699 3478 oblita
731 3421 860 3476 mihi
897 3427 975 3476 tot
997 3419 1264 3486 carmina,
1283 3427 1469 3488 totque
1501 3432 1597 3487 per
1624 3428 1796 3471 aevum

263 3517 525 3574 Connexa
559 3516 827 3582 historiae,
863 3529 1056 3569 soccos
1085 3513 1370 3582 aulaeaque
1400 3529 1634 3583 regum,_

264 3615 332 3670 Et
359 3613 614 3678 melicos,
651 3609 959 3682 lyricosque
989 3607 1181 3662 modos
1202 3606 1515 3678 praefanda,
1549 3602 1797 3668 novabis,

264 3705 660 3776 Obductosque
694 3705 811 3758 seni
838 3697 1004 3756 facies
1034 3713 1364 3772 puerascere
1391 3697 1624 3752 sensus?

264 3801 342 3859 Te
373 3809 679 3873 praeeunte,
715 3815 906 3870 nepos,
941 3797 1210 3852 modulata
1241 3800 1486 3864 poemata
1517 3790 1726 3855 Flacci,

265 3894 690 3961 Altisonumque
720 3891 916 3945 iterum
946 3887 1026 3942 fas
1049 3894 1134 3941 est
1159 3883 1413 3940 didicisse
1437 3881 1737 3936 Maronem.

265 3983 346 4041 Tu
375 3999 619 4057 quoque,
648 3981 737 4050 qui
771 3981 984 4036 Latium
1010 3979 1153 4035 lecto
1177 3989 1430 4032 sermone
1452 3972 1673 4028 Terenti

265 4080 481 4146 Comis,
506 4087 561 4133 et
588 4076 815 4130 astricto
849 4072 1124 4144 percurris
1151 4069 1351 4139 pulpita
1392 4079 1578 4130 socco,

267 4174 351 4230 Ad
387 4185 529 4227 nova
561 4171 652 4224 vix
677 4181 976 4223 memorem
1007 4164 1250 4219 diverbia
1278 4175 1413 4229 coge
1438 4167 1736 4213 seneCIam.

268 4267 390 4324 Jam
425 4262 659 4326 facinus,
690 4258 944 4324 Catilina,
977 4264 1149 4321 tuum,
1201 4252 1499 4322 Lepidique
1541 4247 1832 4303 tumultum
1855 4286 1873 4314 ,

269 4363 354 4420 Ab
383 4356 594 4430 Lepido
620 4364 678 4410 et
705 4352 896 4408 Catulo
934 4353 1043 4422 jam
1077 4365 1164 4405 res
1189 4357 1246 4404 et
1266 4356 1512 4417 tempora
1541 4341 1730 4398 Roma:

268 4455 462 4522 Orsus,
498 4452 584 4506 bis
606 4464 767 4506 senos
791 4447 992 4502 seriem
1018 4451 1287 4499 connecto
1319 4455 1413 4509 per
1443 4453 1635 4493 annos.

269 4549 390 4604 Jam
419 4547 541 4615 lego
569 4542 712 4598 civili
740 4539 959 4594 mistum
986 4544 1230 4590 mavorte
1258 4532 1528 4587 duellum.

273 4643 440 4699 Movit
465 4639 610 4711 quod
639 4637 788 4694 socio
820 4631 1096 4692 Sertorius
1122 4629 1276 4687 exsul
1310 4627 1487 4683 Ibero.

271 4739 383 4795 Nec
416 4738 568 4792 rudis
594 4737 710 4789 lucc
738 4748 869 4787 avus
898 4730 1187 4794 admoneo,
1213 4725 1307 4783 sed
1338 4725 1489 4781 mille
1517 4723 1765 4780 docendo

272 4831 500 4902 Ingenia
527 4835 808 4897 expertus.
845 4823 1041 4878 Multos
1074 4817 1402 4876 lactantibus
1439 4818 1599 4873 annis

275 4925 398 4996 Ipse
422 4922 532 4978 alui
566 4939 579 4975 :
603 4919 920 4990 gremioque
943 4917 1160 4980 fovens,
1193 4922 1249 4970 et
1278 4927 1560 4969 murmura
1589 4911 1829 4980 solvens,

275 5018 469 5089 Eripui
500 5025 748 5072 tenerum
778 5011 990 5068 blandis
1022 5009 1324 5065 nutricibus
1353 5024 1548 5063 mvum.

276 5113 399 5169 Mox
431 5122 634 5180 pueros
657 5105 804 5161 molli
837 5104 1046 5159 monitu
1078 5111 1134 5158 et
1159 5100 1448 5157 formidine
1473 5100 1582 5155 leni

277 5203 507 5268 Pellexi,
536 5210 595 5258 ut
619 5200 775 5254 mites
797 5205 1052 5268 peterent
1076 5212 1174 5267 per
1203 5195 1402 5252 acerba
1431 5195 1728 5266 profectus,

277 5294 533 5367 Carpturi
564 5291 781 5348 dulcem
807 5288 1042 5344 fructum
1067 5288 1268 5344 radicis
1297 5302 1519 5342 amarae.

281 5389 429 5446 Idem
451 5383 743 5454 vesticipes
765 5391 914 5437 motu
939 5382 1052 5451 jam
1076 5381 1295 5453 puberis
1321 5381 1446 5448 aevi,

280 5483 360 5540 Ad
385 5493 598 5547 mores,
623 5486 876 5546 artesque
903 5475 1095 5540 bonas,
1125 5473 1385 5544 fandique
1415 5477 1656 5546 vigorem

280 5571 519 5633 Produxi
548 5586 562 5625 :
597 5582 920 5639 quamquam
949 5565 1234 5635 imperium
1263 5567 1477 5621 cervice
1507 5574 1768 5638 negarent

284 5669 475 5734 Ferre,
510 5677 611 5719 nec
639 5660 860 5716 insertis
887 5658 1196 5728 praeberent
1216 5671 1310 5711 ora
1339 5657 1561 5728 lupatis.

283 5762 468 5818 Ardua
505 5753 818 5824 temperies,
849 5752 986 5805 dura
1017 5750 1383 5819 experientia,
1417 5767 1572 5806 rarus

287 5855 554 5921 Eventus,
585 5848 746 5918 longo
776 5859 959 5904 rerum
989 5851 1265 5916 spectatus
1288 5842 1355 5899 ab
1383 5857 1506 5908 usu,

1777 297 2074 358 lDYLLIA.

1906 415 1958 474 A
1984 410 2056 467 Ut
2083 423 2231 485 regat
2257 413 2546 471 indocilem
2569 413 2715 470 mitis
2743 426 2971 471 censura
2999 411 3301 484 juventam.

3469 286 3576 344 882

1979 505 2112 572 Qua:
2135 505 2368 561 tolerata
2393 507 2553 573 mihi,
2583 506 2760 561 donec
2782 506 2896 576 jam
2926 519 3170 559 aerumna
3195 502 3435 572 juvaret,

1977 595 2308 666 Leniretque
2339 613 2438 653 usu
2461 598 2598 652 bona
2627 599 2963 653 consuetudo
2987 597 3250 650 laborem.

1977 689 2164 745 Donec
2194 689 2261 746 ad
2284 690 2540 760 Augustae
2571 691 2656 760 pia
2689 705 2913 746 munera
2943 687 3248 757 disciplinac

1976 783 2221 849 Accirer,
2252 787 2517 853 varioque
2537 785 2854 855 aceingerer
2880 792 3070 838 auctus
3093 784 3301 838 honore
3326 797 3342 835 :

1974 878 2157 934 Aurea
2180 891 2303 933 cum
2335 892 2530 947 parere
2561 877 2693 932 mihi
2726 877 2922 948 palatia
2947 876 3183 947 jussum.

1975 974 2220 1031 Absistat
2248 972 2500 1030 Nemesis
2531 990 2546 1026 :
2579 971 2717 1027 ferat
2740 981 2795 1028 et
2825 971 3046 1028 fortuna
3071 970 3369 1040 jocantem.

1974 1067 2217 1123 Praesedi
2249 1066 2502 1136 imperio,
2527 1065 2654 1119 dum
2686 1072 3044 1134 praetextatus
3075 1063 3129 1118 in
3155 1070 3328 1128 ostro,

1975 1155 2044 1215 Et
2062 1166 2300 1229 sceptro,
2326 1167 2380 1212 et
2405 1156 2565 1223 solio,
2590 1155 2695 1208 sibi
2726 1153 2949 1225 praefert
2978 1156 3100 1223 jura
3132 1152 3400 1223 magistri,

1975 1251 2319 1321 Majoresque
2342 1257 2500 1320 putat
2528 1256 2744 1304 nostros
2766 1248 3041 1318 Augustus
3070 1245 3330 1301 honores.

1973 1345 2123 1414 Quos
2151 1360 2278 1400 mox
2300 1343 2518 1399 sublimi
2543 1351 2787 1397 maturus
2819 1339 3044 1410 protulit
3071 1350 3232 1393 auctu
3263 1355 3278 1391 :

1974 1439 2226 1504 Quaestor
2251 1444 2314 1492 ut
2336 1435 2618 1508 Augustis,
2653 1435 2817 1505 patri,
2846 1442 3084 1502 natoque
3111 1445 3330 1487 crearer
3362 1447 3378 1485 :

1974 1531 2048 1588 Ut
2079 1532 2453 1603 praefecturam
2484 1529 2776 1598 duplicem,
2810 1527 3113 1597 sellamque
3140 1523 3382 1580 curulem
3412 1563 3427 1587 ,

1975 1623 2046 1680 Ut
2071 1625 2332 1690 trabeam,
2369 1623 2681 1693 pictamqne
2703 1629 3048 1691 togam,mea
3079 1616 3306 1687 praemia
3333 1655 3350 1683 ,
3382 1613 3575 1669 consul

1974 1718 2236 1775 lnduerer
2265 1735 2276 1769 :
2311 1716 2576 1787 fastisque
2603 1715 2740 1770 meis
2773 1713 3029 1784 praelatus
3052 1712 3302 1767 haberer.

1901 1805 1951 1866 B
1979 1811 2072 1867 His
2101 1825 2203 1881 ego
2227 1809 2458 1882 (Î¹Ï…Ï‰Îµá½¶Î½á½·
2491 1808 2746 1864 meritum
2777 1806 3150 1878 quamgrande
3174 1805 3356 1877 nepoti

1972 1903 2174 1960 Consul
2195 1917 2335 1958 avus
2361 1920 2375 1957 Îµ
2408 1903 2698 1971 lumenque
2727 1910 2839 1956 tuae
2869 1901 3142 1970 praeluceo
3170 1899 3319 1954 vitae.

1970 1995 2230 2064 Quamvis
2257 2004 2313 2050 et
2343 1994 2518 2065 patrio
2534 1993 2854 2063 jamdudum
2878 1991 3100 2048 nomine
3130 1991 3336 2056 clarus,

1970 2089 2168 2144 Posses
2195 2095 2446 2155 ornatus,
2466 2101 2658 2157 posses
2685 2085 2986 2140 honoratus
3010 2083 3245 2139 haberi:

1971 2185 2222 2240 Accessit
2253 2194 2434 2240 tamen
2461 2198 2532 2239 ex
2563 2183 2723 2238 nobis
2755 2182 2932 2237 honor
2955 2179 3218 2253 inclytus.
3243 2178 3400 2234 Hunc
3424 2187 3482 2233 tu

1970 2277 2166 2344 Effice,
2198 2294 2267 2332 ne
2293 2278 2361 2332 sit
2387 2292 2526 2332 onus
2559 2295 2572 2328 :
2609 2291 2706 2344 per
2736 2283 2792 2330 te
2819 2284 2879 2330 ut
2909 2275 3184 2329 connixus
3214 2272 3267 2327 in
3295 2272 3464 2326 altum

1969 2370 2321 2428 Conscendas
2353 2388 2366 2422 :
2399 2382 2699 2440 speresque
2724 2377 2870 2431 tuos,
2905 2376 2959 2420 te
2981 2366 3230 2430 consule,
3264 2364 3462 2420 fasces.

2544 2500 2880 2559 IDYLLIUM
2929 2500 2996 2556 V.

2096 2598 2469 2656 Genethliacon
2493 2599 2561 2652 ad
2592 2600 2830 2653 eumdem
2860 2597 3153 2652 Ausonium
3184 2604 3440 2668 nepotem.

2040 2717 2293 2773 Carmina
2319 2717 2488 2787 prima
2520 2715 2616 2770 tibi
2645 2729 2766 2770 cum
2793 2713 2902 2784 jam
2925 2711 3225 2784 puerilibus
3255 2711 3414 2766 annis

1969 2811 2013 2866 Î¤
2021 2810 2239 2866 raderet
2278 2809 2482 2863 assidui
2515 2807 2859 2879 permulcens
2888 2818 3021 2859 cura
3041 2805 3309 2874 magistri,

1971 2905 2355 2974 Imbneretque
2385 2917 2555 2959 novas
2581 2917 2766 2969 aures,
2798 2915 3104 2971 sensusque
3130 2913 3393 2970 sequaces
3417 2941 3434 2965 ,

1975 2999 2043 3057 Ut
2075 3000 2490 3070 reSpondendas
2517 2998 2686 3054 docili
2715 3011 2928 3069 quoque
2954 3009 3238 3052 murmure
3267 3008 3431 3050 voces

1973 3095 2279 3152 Emendala
2308 3095 2428 3151 rudi
2459 3096 2734 3166 proferret
2763 3092 2947 3163 lingua
2976 3091 3179 3162 palato,

1891 3188 1941 3254 C
1974 3191 2296 3248 Addidimns
2327 3190 2406 3245 nil
2439 3189 2594 3246 triste
2614 3202 2776 3244 senes
2809 3203 2823 3240 :
2852 3202 2922 3241 ne
2951 3200 3082 3240 cura
3112 3182 3369 3240 monendi

1974 3284 2245 3349 Laederet,
2268 3291 2362 3339 aut
2385 3282 2576 3338 dulces
2605 3289 2795 3350 gustus
2826 3278 3045 3334 vitiaret
3065 3276 3284 3333 amaris.

1973 3381 2048 3434 At
2077 3377 2263 3443 modo,
2289 3391 2411 3432 cum
2438 3384 2589 3430 motu
2612 3374 2796 3442 vigeas
2813 3371 2926 3441 jam
2961 3370 3180 3440 puberis
3208 3370 3307 3424 azvi
3328 3411 3343 3435 ,

1974 3471 2275 3541 Fortiaque
2297 3485 2326 3524 a
2351 3469 2556 3525 teneris
2582 3465 2763 3538 possis
2784 3479 3104 3530 secernere;
3129 3473 3184 3520 et
3209 3464 3324 3535 ipse

1975 3565 2302 3620 Admonitor
2331 3577 2657 3632 morumque
2685 3560 2804 3627 tibi,
2837 3558 3095 3628 fandique
3123 3557 3293 3614 videri
3320 3573 3334 3610 :

1977 3659 2181 3729 Accipe
2212 3673 2319 3713 non
2349 3664 2619 3728 pra-cepta
2643 3655 2888 3726 quidem,
2920 3653 3016 3711 sed
3047 3663 3170 3710 vota
3195 3651 3466 3724 precantis

1979 3751 2045 3806 Et
2067 3751 2335 3821 gratantis
2363 3749 2472 3817 avi,
2499 3753 2696 3805 festum
2726 3748 2792 3803 ad
2816 3747 3062 3804 solemne
3091 3747 3322 3818 nepotis.

1978 3955 2246 4022 Adnuito,
2277 3963 2339 4009 ut
2370 3954 2624 4010 reducem
2658 3953 2893 4008 fatorum
2921 3968 2948 4006 a
2979 3953 3088 4008 fine
3117 3963 3394 4008 senectam

1977 4051 2181 4120 Sospes
2209 4063 2365 4120 agam
2400 4067 2412 4102 :
2447 4046 2758 4116 festumque
2780 4046 2946 4110 diem,
2973 4045 3338 4121 dubitataque,
3352 4058 3573 4100 cernam

1980 4142 2195 4212 Sidera,
2228 4141 2478 4212 deposito
2511 4155 2680 4210 prope
2704 4139 3077 4194 conclamatus
3103 4138 3155 4192 in
3183 4153 3320 4191 aevo.

1981 4234 2119 4301 IIoc,
2147 4233 2350 4290 mellite
2381 4245 2572 4302 nepos,
2605 4230 2885 4299 duplicato
2924 4229 3113 4283 fenore
3141 4237 3353 4295 partum

1979 4328 2157 4385 Natali
2185 4325 2480 4382 accedente
2511 4333 2606 4379 tuo
2637 4341 2650 4375 :
2681 4337 2985 4390 munusque
3010 4319 3202 4375 salutis

1981 4421 2202 4478 Plenius
2233 4420 2335 4474 hoc
2359 4425 2579 4483 nostrae,
2614 4415 2758 4486 quod
2781 4414 2894 4486 jam
2922 4414 3018 4469 tibi
3047 4412 3269 4482 puberis
3290 4409 3393 4465 aevi

1983 4514 2197 4570 Crescit
2217 4512 2416 4577 honos,
2436 4511 2803 4582 juvencmque
2813 4521 2980 4563 senex
2995 4506 3104 4576 jam
3121 4519 3288 4561 cerno
3302 4511 3573 4573 nepotem.

1893 4578 1950 4641 á¿™)
1978 4609 2139 4663 Sexta
2171 4604 2264 4659 tibi
2291 4605 2408 4660 haec
2439 4607 2614 4674 primo
2637 4578 2842 4657 remeat
2863 4600 3102 4658 trieteris
3127 4599 3196 4654 ab
3222 4612 3386 4667 anno,

1977 4697 2315 4770 Septembris
2341 4697 2487 4753 notis
2509 4694 2755 4752 referens
2782 4693 3056 4751 natalibus
3083 4693 3224 4760 idus,

1979 4791 2106 4849 Idus
2135 4791 2279 4846 alma
2311 4789 2453 4858 dies,
2484 4789 2658 4860 geniis
2679 4803 2894 4859 quoque
2912 4788 3058 4844 culta
3082 4787 3332 4843 deorum.

1979 4885 2222 4942 Sextiles
2252 4882 2453 4940 Hecate
2497 4881 2722 4937 Latonia
2751 4880 2993 4936 vindicat
3019 4879 3178 4943 idus;

1983 4978 2288 5034 Mercurius
2318 4975 2481 5031 Maias
2501 4988 2822 5044 superorum
2846 4973 3133 5043 adjunctus
3165 4966 3378 5022 honori.

1982 5070 2249 5126 Octobres
2270 5069 2400 5125 olim
2422 5069 2642 5139 genitus
2663 5069 2816 5123 Maro
2838 5067 3054 5122 dedicat
3077 5062 3219 5118 idus.

1984 5164 2112 5220 Idus
2132 5176 2279 5233 saepe
2303 5162 2452 5218 colas
2476 5161 2707 5216 bissenis
2733 5159 3012 5215 mensibus
3034 5168 3249 5216 omnes,

1985 5256 2210 5315 Ausonii
2240 5257 2567 5329 quicumque
2593 5257 2699 5312 mei
2729 5253 3092 5311 celebraveris
3113 5249 3256 5304 Idus.

2062 5349 2214 5420 Vale,
2247 5363 2418 5421 nepos
2449 5348 2787 5405 dulcissime.

2551 5479 2883 5541 lDYLLlUM
2922 5477 3010 5534 Vl.

2417 5666 2420 5668 Î³
2478 5598 2681 5669 Cupido
2711 5596 2851 5650 cruci
2876 5595 3092 5666 afï¬xus.

2270 5718 2540 5773 Ausomus
2578 5711 2854 5769 Gnacomo
2891 5708 3005 5779 ï¬lio
3041 5707 3281 5762 salutem.

2065 5837 2145 5892 An
2171 5849 2417 5906 umquam
2440 5828 2612 5889 vidisti
2639 5826 2881 5888 nebulam
2909 5825 3099 5898 pictam
3121 5823 3175 5881 iu
3203 5819 3440 5893 pariete?
3470 5818 3595 5879 Vid'a
