4072 6306
537 246 645 304 ass
1930 248 2111 309 pecu
2150 249 2429 313 aeson"
3722 272 3812 335 εει

534 361 625 415 isti
664 361 838 431 utique
878 367 927 414 et
959 359 1254 416 meministi.
1309 360 1507 416 Treviri
1554 362 1745 434 quippe
1799 364 1855 420 in
1910 365 2137 422 triclinia
2166 367 2216 431 Α
2242 368 2388 435 Quas
2411 368 2556 426 inter
2582 370 2788 429 medias
2817 373 2984 431 furvae
3016 376 3267 450 caliginis
3286 381 3532 442 umbram

535 454 689 510 ίΕοιὶ
718 454 895 524 fucata
941 463 1013 509 est
1046 455 1262 525 pictura
1304 456 1413 537 lucc
1446 453 1799 527 :Cupidiuem
1833 460 1974 515 cruci
2022 461 2140 535 αι’ρο
2242 461 2475 531 Dispulit
2505 464 2844 524 inconsultus
2875 470 3041 528 Amor
3065 472 3428 534 stridentibus
3453 480 3581 537 alis.

540 559 673 620 gunt
706 549 942 603 mulieres
974 550 1270 614 amatrices,
1295 533 1398 603 non
1424 550 1539 605 istm
1578 552 1643 606 de
1682 561 1862 608 nostra
1900 557 2090 609 unctito
2116 592 2133 621 ,
2241 555 2531 626 Agnovere
2559 574 2748 615 omnes
2773 576 3000 632 puerum
3037 583 3050 620 :
3088 570 3434 641 memorique
3464 588 3682 630 recursu

541 660 660 715 qua?
685 655 869 715 sponte
894 654 1130 713 peccant,
1163 642 1384 699 sedilia:
1409 646 1660 715 heroicis,
1693 663 1809 716 quia
1846 648 1944 703 sibi
1988 649 2139 723 igno-
2239 648 2596 711 Communem
2626 665 3816 733 senserereum,quamquambumidacircum

542 746 711 801 scunt,
740 744 787 788 et
808 735 1043 806 plectuut
1070 737 1242 802 deum,
1268 754 1490 809 quarum
1520 748 1715 812 partem
1748 742 1803 795 in
1843 742 2137 814 lugentibus
2240 744 2439 803 Nubila
2469 757 2525 804 et
2550 751 2755 806 auratis
2783 751 3046 825 fulgentia
3076 757 3293 828 cingula
3313 760 3476 818 bullis
3497 804 3512 831 ,

538 829 738 900 campis
762 826 917 881 Maro
942 840 1114 884 noster
1128 839 1413 909 enumerat.
1433 830 1591 888 Hanc
1615 848 1707 907 ego
1728 833 2005 907 imaginem
2024 850 2140 904 spe-
2243 840 2311 896 Et
2338 841 2675 915 pharetram,
2708 855 2765 902 et
2785 849 2964 904 rutila:
2987 826 3266 909 fuscarent
3289 826 3569 927 lampades
3607 859 3774 932 ignem
3801 880 3815 921 :

537 924 614 978 cie
639 932 689 977 et
726 933 1028 995 argumento
1065 926 1288 980 miratus
1330 943 1465 981 sunt.
1502 926 1736 999 Denique
1764 928 1992 983 mirandi
2020 937 2137 983 ειη·
2241 937 2563 1007 Agnoscunt
2593 950 2773 998 tamen
2808 954 2904 1001 :et
2928 961 3127 1002 vanum
3157 949 3373 1007 vibrare
3399 924 3641 1023 vigorem

542 1018 994 1086 poremlrattstuli
1042 1017 1111 1072 ad
1159 1019 1406 1090 ineptiam
1452 1020 1719 1091 poetandi.
1774 1020 1908 1075 Mihi
1950 1030 2138 1091 prwlcr
2241 1026 2903 1107 Occipiuntzhostemque
2935 1054 3100 1094 unum
3134 1038 3252 1096 loca
3284 1056 3394 1097 non
3433 1017 3532 1100 sua
3580 1057 3814 1119 nactum.

537 1111 726 1164 lentma
742 1110 874 1165 nihil
895 1110 1088 1183 placet.
1112 1111 1219 1166 Sed
1232 1113 1535 1167 commendo
1561 1113 1652 1167 tibi
1679 1129 1901 1169 errorem
1922 1130 2092 1169 meum
2116 1130 2137 1172 τ
2241 1119 2378 1175 Cum
2413 1122 2593 1194 pigros
2621 1135 2806 1198 ageret
2828 1127 2993 1184 densa
3020 1131 3122 1187 sub
3147 1142 3308 1189 nocte
3337 1137 3577 1206 volatus,

536 1220 711 1258 necvos
738 1214 962 1268 nostros,
992 1213 1039 1259 et
1064 1205 1330 1261 cicatrices
1377 1222 1643 1274 amamus;
1679 1223 1769 1261 nec
1818 1207 1917 1260 soli
1961 1216 2139 1262 nostra
2243 1213 2405 1271 Facta
2437 1216 2579 1273 nube
2612 1222 3275 1293 premunt;trcpidantem
3307 1238 3359 1284 et
3391 1244 3543 1285 cassa
3559 1241 3817 1301 parantem

536 1298 661 1351 vitio
693 1314 932 1368 peccasse
963 1300 1220 1369 contenti,
1253 1298 1559 1367 affectamus
1588 1310 1641 1355 ut
1657 1310 1911 1355 amentur.
1952 1300 2139 1358 Verum
2240 1305 2502 1378 Sutl‘ugia,
2538 1310 2593 1364 in
2621 1321 2828 1368 costum
2861 1310 3054 1372 inediae
3087 1328 3302 1376 traxere
3333 1298 3588 1380 catervae.

542 1392 672 1461 quid
702 1408 795 1463 ego
822 1390 947 1447 huic
974 1392 1163 1463 ecloga:
1189 1393 1423 1447 studiose
1444 1391 1969 1463 patrocinor?Certus
1996 1411 2135 1464 sunt,
2243 1397 2481 1468 Eligitur
2512 1410 2707 1458 maesto
2733 1414 2944 1476 myrtus
2977 1408 3262 1466 notissima
3295 1411 3443 1479 luco,

542 1484 901 1553 quodcumque
929 1500 1099 1539 meum
1128 1484 1323 1549 scieris,
1353 1484 1572 1551 amabis,
1601 1486 1740 1557 quod
1766 1486 1931 1558 magis
1953 1489 2135 1559 spero,
2240 1492 2508 1550 Invidiosa
2534 1496 2694 1553 deum
2722 1500 2922 1570 poenis.
2947 1501 3297 1562 Cruciaverat
3326 1508 3438 1565 illic

539 1590 699 1647 quam
725 1586 780 1631 ut
807 1576 1013 1631 laudes.
1048 1574 1194 1645 Vale,
1227 1592 1290 1631 ac
1319 1576 1479 1648 dilige
1506 1586 1789 1649 Ρανεηισηιο
2245 1589 2440 1659 Spreta
2470 1592 2600 1649 olim
2630 1610 2928 1653 memorem
2963 1597 3195 1656 Veneris
3223 1601 3554 1677 Proserpina
3600 1607 3815 1667 Adonis.

2244 1686 2415 1755 Hujus
2444 1687 2497 1743 in
2524 1690 2748 1745 excelso
2778 1705 3106 1762 suspensum
3135 1695 3323 1764 stipite
3353 1698 3633 1770 Amorem,

615 1777 777 1833 Aeris
807 1776 860 1832 in
883 1777 1112 1847 campis,
1150 1787 1412 1835 memorat
1441 1791 1578 1850 quos
1605 1779 1751 1835 Musa
1777 1778 2009 1838 Maronis
2036 1823 2051 1848 ,
2168 1748 2218 1811 Β
2245 1781 2564 1838 Devinctum
2594 1794 2715 1853 post
2738 1793 2887 1858 terga
2909 1800 3127 1856 manus,
3158 1790 3563 1863 substrictaque
3607 1748 3789 1866 plantis

538 1870 780 1943 Myrteus
811 1881 1058 1931 uiuentes
1086 1872 1179 1931 ubi
1208 1875 1365 1931 lucus
1391 1882 1589 1947 opacat
1609 1885 1883 1943 amantes,
2243 1874 2468 1931 Vincula
2496 1888 2839 1946 mmrcntem,
2876 1866 3026 1937 nullo
3053 1881 3425 1941 moderamine
3453 1899 3629 1955 pinnae

540 1965 704 2035 Orgia
730 1964 1001 2020 ducebant
1022 1963 1309 2034 Heroides,
1334 1975 1392 2024 et
1412 1981 1510 2023 sua
1540 1978 1794 2040 qumque,
2244 1967 2483 2041 Al’liguut
2517 1986 2530 2022 :
2560 1984 2690 2026 rcus
2717 1980 2803 2026 est
2831 1972 2951 2028 sine
2980 1974 3229 2041 crimine,
3259 1975 3446 2046 judice
3476 1979 3628 2036 nullo

541 2057 616 2113 Ut
644 2056 920 2127 quondam
948 2058 1286 2128 occiderant,
1306 2059 1440 2116 lethi
1467 2070 1791 2132 argumenta
1812 2061 2100 2132 gerebant,
2242 2059 2544 2117 Accusatus
2567 2061 2756 2118 Amor.
2787 2056 2861 2136 Se,
2883 2064 3115 2137 quisque
3141 2066 3435 2125 absolvere
3459 2071 3643 2141 gestit,

542 2150 808 2206 Errantes
831 2150 969 2205 silva
992 2149 1046 2206 in
1088 2166 1305 2223 magna,
1329 2164 1385 2209 et
1413 2154 1515 2211 sub
1543 2153 1661 2208 luce
1689 2153 1920 2225 maligna
2243 2155 2560 2212 Transierat
2582 2166 2639 2212 ut
2671 2161 2917 2231 proprias
2944 2161 3121 2217 aliena
3150 2164 3202 2217 in
3229 2165 3459 2222 crimina
3484 2168 3690 2240 culpas.

542 2242 693 2298 Inter
723 2244 1162 2316 arundineasque
1191 2259 1376 2303 comas
1396 2278 1413 2312 ι
1444 2246 1835 2317 gravidamque
1878 2260 2137 2318 papaver,
2241 2248 2464 2304 Cunctae
2494 2252 2892 2319 exprobrantes
2922 2254 3136 2310 tolerati
3161 2256 3390 2330 insignia
3417 2258 3552 2316 lethi

538 2336 608 2391 Et
636 2338 827 2394 tacitos
856 2338 973 2394 sine
997 2338 1117 2395 labe
1144 2338 1316 2406 lacus,
1349 2339 1470 2395 sine
1499 2356 1776 2397 murmure
1798 2341 1944 2397 rivos
1974 2360 1989 2396 :
2242 2340 2568 2412 EXpediunt.
2601 2342 2729 2398 Haec
2759 2360 2911 2399 arma
2941 2354 3156 2417 putant,
3182 2348 3300 2405 haec
3331 2350 3467 2407 ultio
3497 2353 3688 2421 dulcis,

540 2429 778 2496 Quorum
803 2446 898 2500 per
925 2431 1072 2502 ripas
1096 2432 1359 2488 nebuloso
1386 2432 1589 2490 lumine
1617 2443 1867 2489 marcent
2242 2433 2315 2491 Ut
2342 2451 2451 2506 quo
2478 2451 2707 2509 qumque
2741 2437 2923 2507 periit,
2954 2440 3171 2496 Studeat
3193 2444 3389 2513 punire
3410 2443 3624 2503 dolore.

540 2522 678 2577 Fleti
703 2522 830 2577 olim
862 2538 1051 2593 regum
1081 2533 1134 2579 et
1164 2540 1454 2594 puerorum
1487 2527 1708 2581 nomina
1731 2525 1915 2595 ﬂores,
2244 2528 2371 2585 llaec
2395 2529 2650 2602 laqueum
2683 2540 2860 2603 tenet,
2894 2532 3007 2589 haec
3030 2534 3267 2606 speciem
3305 2541 3584 2597 mucronis
3621 2542 3813 2599 inanem

540 2617 768 2672 Mirator
797 2612 1106 2687 Narcissus,
1136 2624 1192 2675 et
1217 2618 1511 2677 OEhalides
1536 2614 1892 2694 Hyacinthus,
2243 2621 2444 2692 Ingerit
2469 2643 2481 2675 :
2516 2622 2605 2678 illa
2636 2638 2799 2679 cavos
2826 2640 3037 2690 amnes,
3072 2643 3373 2698 rupemque
3400 2630 3701 2701 fragosmn,

542 2710 614 2764 Et
639 2709 843 2765 Crocus
872 2713 1234 2778 auricomus,
1270 2722 1325 2769 et
1353 2715 1563 2770 murice
1593 2713 1771 2784 pictus
1800 2717 2027 2785 Adonis,
2243 2713 2536 2785 lnsanique
2567 2729 2772 2770 metum
2799 2717 2993 2788 pelagi,
3024 2728 3071 2772 et
3100 2720 3217 2775 sine
3243 2720 3499 2777 ﬂuctibus
3527 2740 3724 2795 aequor.

542 2803 609 2858 Et
633 2806 838 2875 tragico
862 2804 1094 2876 scriptus
1116 2807 1315 2877 gemitu
1336 2806 1668 2864 Salaminius
1697 2809 1851 2866 Eas.
2241 2806 2523 2863 Nonnulla:
2554 2808 2798 2863 ﬂammas
2828 2812 3097 2879 quatiunt,
3135 2815 3458 2885 trepidoque
3491 2818 3751 2873 minantur

540 2895 733 2951 Omnia
761 2910 884 2967 qua:
910 2900 1164 2971 lacrymls
1186 2908 1241 2955 et
1262 2902 1539 2957 amoribus
1562 2903 1721 2958 attxla
1750 2905 1959 2960 maestis
2243 2899 2548 2955 Stridentes
2579 2901 2730 2957 nullo
2756 2904 2877 2973 igne
2900 2905 3063 2959 iaces.
3105 2894 3383 2961 ltercindit
3410 2909 3650 2964 adultum

543 2988 814 3044 Exercent
840 2997 1110 3047 memores
1137 2993 1280 3048 obita
1308 2994 1419 3062 jam
1449 3004 1626 3049 morte
1655 2992 1900 3059 dolores,
2241 2995 2451 3066 Myrrha
2475 3004 2684 3051 uterum
2711 2998 2964 3068 lacrymis
2989 2984 3332 3068 lugentibus:
3358 3001 3523 3074 inque
3546 3011 3807 3074 paventem

542 3080 749 3136 Rursus
778 3083 831 3136 in
863 3085 1121 3139 amismm
1147 3099 1407 3141 revocant
1432 3088 1695 3143 lleroidas
1719 3100 1919 3142 navum.
2170 3138 2210 3158 η
2243 3087 2501 3143 Gemmea
2532 3087 2750 3144 [letiferi
2777 3090 3053 3158 jaculatur
3081 3093 3303 3148 suceina
3332 3097 3532 3150 trunci.

1094 3138 1115 3139 η
1150 3138 1197 3139 --
1250 3138 1257 3140 -
1294 3138 1303 3140 -
1435 3138 1691 3143 ηπυη-
1720 3138 1918 3142 --------
2256 3138 2276 3141 -
2532 3138 2750 3144 --ν-η---
2777 3138 3041 3158 ,μην-η.-
3081 3138 3303 3148 ,μνη-η.
3334 3138 3532 3150 -.........

541 3173 852 3230 Fulminms
877 3176 1095 3232 Semele
1121 3179 1345 3250 decepta
1371 3192 1634 3250 puerpera
1669 3194 1854 3249 partus
2167 3138 2213 3201 Ε
2244 3180 2501 3246 Qua-dam
2536 3180 2909 3251 ignoscentum
2944 3184 3127 3253 specie
3157 3185 3388 3241 ludibria
3422 3198 3625 3242 tantum

538 3264 726 3331 Dellet,
759 3280 807 3321 et
840 3270 1118 3324 ambustas
1144 3271 1393 3325 lacerans
1423 3284 1520 3340 per
1545 3273 1724 3327 inania
1754 3286 1925 3329 cunas
2243 3272 2369 3327 Sola
2397 3273 2581 3327 volunt
2610 3292 2623 3328 :
2658 3274 2831 3345 stylus
2860 3286 2915 3329 ut
2945 3280 3119 3332 tenuis
3145 3279 3248 3333 sub
3275 3279 3531 3335 acumine
3554 3281 3727 3350 puncti

539 3357 778 3413 Ventilet
810 3362 1057 3430 ignavum
1091 3364 1326 3417 slmnluti
1357 3366 1598 3420 fulminis
1629 3366 1830 3436 ignem.
2242 3364 2440 3418 Elicim
2476 3375 2742 3429 tenerum.
2777 3368 2845 3422 de
2874 3386 2982 3438 quo
3014 3366 3156 3423 Busa
3192 3384 3341 3437 nam.
3376 3389 3648 3429 cruorem.

536 3450 691 3504 Irrita
715 3450 854 3507 dona
882 3464 1146 3522 querens,
1184 3468 1318 3509 sexu
1347 3458 1532 3527 Suvis.
1558 3457 1720 3525 virili,
2242 3457 2349 3511 Aut
2376 3457 2504 3526 pubi
2534 3454 2861 3513 admoveant
2893 3448 3186 3532 petulantia
3218 3464 3419 3519 Iuntina
3452 3465 3650 3538 lychni.

541 3542 732 3599 Μωιορι
754 3546 803 3596 in
834 3553 1115 3615 antequam
1143 3547 1320 3602 Caenis
1344 3558 1596 3605 revireata
1622 3555 1868 3622 ligurum.
2172 3572 2183 3583 ν
2240 3547 2360 3617 Ipsa
2391 3550 2554 3605 etiam
2588 3549 2750 3606 simili
2781 3554 3009 3622 genitrix
3048 3556 3277 3609 obnoxia
3304 3557 3477 3626 culpa:

546 3636 781 3690 Vulnera
812 3639 984 3692 siccat
1004 3638 1183 3694 adhuc
1215 3640 1432 3698 Procris
1459 3660 1473 3696 :
1501 3645 1835 3717 Cephallque
1854 3650 2133 3704 cruentam
2240 3642 2397 3697 Alma
2434 3644 2610 3700 Venus
2642 3656 2819 3700 tantos
2852 3650 3099 3714 penetrat
3130 3664 3319 3704 secura
3357 3630 3631 3705 tumultus.

541 3727 725 3799 Diligit
757 3739 813 3786 et
842 3740 1095 3800 percussa
1125 3744 1368 3790 "tantum.
1402 3738 1531 3794 Fert
1552 3739 1752 3795 tumida
1782 3751 1919 3798 testa
2240 3736 2350 3791 Nec
2375 3738 2751 3793 circumvento
2782 3753 3084 3810 properans
3114 3741 3370 3813 suffragia
3401 3755 3527 3797 nato

542 3820 770 3876 Lumina
798 3823 1041 3880 Sestiaca
1071 3843 1312 3896 pra'ceps
1339 3831 1407 3886 de
1437 3841 1588 3888 turre
1619 3837 1819 3904 puella.
2239 3830 2527 3885 Terrorem
2559 3831 2874 3902 ingeminat,
2905 3820 3251 3906 stimulisque
3282 3838 3533 3892 accendit
3559 3837 3742 3894 amaris

541 3914 611 3967 Et
640 3914 708 3968 de
732 3915 986 3973 nimboso
1014 3919 1210 3975 saltum
1243 3922 1479 3980 Leucate
1504 3927 1747 3984 minatur
2237 3924 2520 3993 Ancipites
2549 3924 2715 3981 furias
2750 3945 2762 3982 :
2795 3928 3015 3998 natique
3044 3928 3096 3982 in
3129 3930 3360 3986 crimina
3388 3931 3596 3987 confert

538 4010 775 4065 Mascula
806 4009 1088 4070 Lesbiacis
1109 4014 1333 4086 Sappho
1358 4019 1598 4087 peritura
1627 4022 1864 4093 saginis,
2238 4016 2483 4072 Dedecus
2512 4017 2628 4089 ipsa
2659 4035 2816 4076 suum
2852 4039 2863 4074 :
2897 4022 3040 4091 quod
3070 4022 3285 4078 vincula
3316 4041 3458 4081 caeca
3490 4026 3659 4082 mariti

538 4101 849 4163 Harmonia:
872 4105 1053 4161 cultus
1083 4105 1350 4180 Eripltyle
1379 4122 1573 4168 metu
1607 4124 1839 4181 recusat,
2235 4108 2515 4179 Deprensa
2545 4111 2781 4168 Mavorte
2809 4115 2933 4167 tulit
2968 4132 2980 4167 :
3012 4115 3155 4185 quod
3188 4116 3332 4186 pube
3360 4117 3603 4189 pudenda

534 4192 725 4251 Infelix
754 4206 910 4263 nato,
942 4213 1044 4254 nec
1068 4199 1345 4258 fortunata
1372 4206 1590 4262 marito.
2236 4200 2659 4280 Hellespontiaci
2690 4204 2897 4260 ridetur
2924 4204 3097 4261 forma
3130 4208 3337 4280 Priapi.

534 4286 669 4343 Tota
699 4306 919 4361 quoque
946 4293 1113 4353 aeria:
1135 4294 1335 4352 Minoia
1365 4296 1547 4355 fabula
1570 4298 1771 4368 Crctm.
2232 4276 2387 4362 Quod
2414 4298 2649 4355 crudelis
2676 4292 2858 4371 Eryx;
2894 4300 3036 4371 quod
3068 4276 3290 4358 semivir
3321 4300 3790 4374 Hermaphroditus.

531 4380 873 4438 Picturarum
896 4383 1065 4440 instar
1088 4387 1237 4445 tenui
1262 4389 1363 4445 sub
1393 4390 1626 4463 imagine
1652 4394 1850 4450 vibrat.
2234 4392 2343 4449 Nec
2371 4395 2505 4449 satis
2536 4397 2588 4450 in
2618 4394 2825 4451 verbis.
2862 4397 3038 4451 lloseo
3072 4397 3251 4453 Venus
3278 4414 3441 4455 aurea
3468 4408 3610 4454 serto

532 4474 803 4544 Pasiphae
824 4478 967 4533 nivei
989 4481 1236 4551 sequitur
1263 4484 1488 4553 vestigia
1517 4487 1676 4543 tauri.
2156 4523 2210 4587 Β
2236 4488 2554 4545 Maerentem
2584 4490 2759 4560 pulsat
2790 4505 3038 4560 puerum,
3068 4501 3124 4548 et
3150 4492 3395 4563 graviora
3426 4500 3712 4563 paventem.

532 4570 683 4624 Licia
708 4571 812 4624 fert
834 4572 1135 4641 glomerata
1164 4591 1327 4633 manu
1358 4578 1577 4635 deserta
1606 4582 1865 4639 Ariadne.
2156 4570 2206 4587 ’⁷
2234 4582 2341 4637 Olli
2372 4598 2701 4653 purpureum
2731 4585 2966 4663 mulcato
2997 4601 3230 4655 corpore
3259 4601 3440 4641 rorem

531 4660 778 4729 Respicit
802 4663 1041 4732 abjectas
1071 4665 1372 4737 desperans
1392 4669 1619 4727 Pbaulra
1649 4674 1895 4731 tabellas.
2234 4675 2425 4733 Sutilis
2455 4678 2722 4747 expressit
2749 4660 2945 4732 crebro
2977 4692 3101 4733 rosa
3134 4679 3364 4734 verbere
3397 4697 3408 4731 :
3439 4692 3576 4749 qnze,
3603 4677 3702 4745 jam

530 4752 661 4808 Haec
693 4753 943 4823 laqueum
966 4756 1106 4826 gerit
1134 4773 1149 4813 :
1183 4757 1301 4816 haec
1327 4775 1482 4817 vente
1504 4763 1796 4821 simulacra
1823 4782 2041 4827 coronas
2072 4786 2089 4825 :
2232 4767 2419 4824 Tincta
2453 4772 2623 4838 prius,
2654 4771 2817 4825 traxit
2844 4771 3059 4825 rutilum
3096 4773 3267 4841 tltagis
3299 4772 3450 4842 ignea
3483 4770 3665 4825 nicum.

531 4843 788 4900 Daedalis:
822 4846 988 4916 pudet
1018 4848 1160 4906 hanc
1187 4851 1427 4908 latebras
1451 4855 1685 4913 subiisse
1701 4858 1981 4929 juvenem.
2231 4859 2359 4916 lude
2391 4871 2570 4917 truces
2601 4848 2848 4918 cecidere
2876 4864 3036 4917 mina:
3069 4877 3085 4919 :
3113 4863 3457 4935 vindictaque
3483 4860 3647 4931 major

529 4942 840 5013 Prmreptas
862 4944 1114 5011 queritur
1143 4959 1241 5014 per
1267 4946 1443 5003 inania
1467 4951 1663 5020 gaudia
1687 4962 1876 5010 noctes
2056 4976 2061 4979 ·
2230 4958 2473 5014 Crimine
2499 4960 2609 5014 visa
2640 4975 2761 5027 suo,
2794 4959 3059 5014 Venerem
3095 4959 3299 5015 factura
3335 4972 3630 5015 nocentem.

528 5034 825 5090 Laodamia
853 5036 989 5093 duas
1012 5038 1122 5093 vivi
1145 5038 1423 5111 iunctique
1451 5046 1653 5100 mariti.
2230 5050 2364 5121 Ipsm
2394 5052 2742 5109 intercedunt
2773 5053 3056 5119 Heroides,
3087 5063 3142 5108 et
3170 5071 3262 5108 sua
3288 5070 3511 5126 quueqne

523 5128 690 5183 Parte
721 5139 903 5187 truces
934 5130 1038 5186 alia
1068 5131 1277 5187 strictis
1299 5136 1654 5193 mucronibus
1683 5150 1878 5197 omnes
2228 5146 2441 5202 Funera
2468 5148 2673 5204 crudeli
2704 5148 2911 5203 malunt
2943 5147 3218 5203 ascribere
3245 5149 3379 5202 fato.

523 5221 597 5276 Et
624 5220 851 5292 Thisbe,
882 5233 939 5281 et
962 5223 1196 5293 Canace,
1227 5234 1285 5283 et
1313 5226 1531 5285 Sidonis
1563 5232 1746 5289 horret
1782 5235 1977 5292 Elissa.
2228 5238 2363 5293 Tum
2396 5250 2578 5309 grates
2608 5240 2693 5308 pia
2725 5250 2900 5296 mater
2926 5240 3032 5311 agit
3064 5240 3305 5297 cessisse
3336 5241 3597 5302 dolentes,

527 5312 789 5384 Conjugis
809 5316 944 5383 haec,
963 5318 1078 5374 haec
1103 5319 2118 5397 patris,ethatcgerithospitisenscm.
2228 5330 2296 5385 Et
2316 5332 2650 5387 condonatas
2678 5350 2848 5404 puero
2870 5333 3149 5390 dimittere
3178 5335 3388 5405 culpas.

521 5405 683 5460 Errat
708 5418 762 5462 et
783 5409 895 5477 ipsa
922 5410 1074 5477 olim,
1103 5414 1279 5483 qualis
1311 5428 1409 5484 per
1438 5415 1647 5470 Latmia
1674 5433 1805 5472 saxa
2296 5424 2449 5478 Talia
2492 5425 2771 5480 nocturnis
2796 5428 2925 5482 olim
2957 5427 3247 5483 simulacra
3283 5428 3464 5498 ﬁguris

517 5494 932 5568 Endymioneos
959 5503 1117 5559 solita
1147 5506 1407 5562 alfectare
1434 5500 1684 5575 sapores,
2221 5513 2494 5571 Exercent
2521 5518 2784 5586 trepidam
2811 5535 2967 5575 casso
2994 5530 3203 5576 terrore
3231 5521 3487 5591 quietem,

521 5585 658 5642 Cum
687 5589 826 5658 face,
852 5602 910 5649 et
937 5596 1207 5668 astrigero
1231 5596 1537 5655 diademate
1561 5599 1715 5655 Luna
1747 5602 2005 5662 bicornis.
2220 5609 2352 5677 Qua:
2382 5620 2663 5681 postquam
2698 5614 2862 5668 multa
2892 5630 3182 5685 perpessus
3209 5623 3371 5671 nocte
3394 5611 3590 5682 Cupido

516 5680 747 5778 Centum
781 5684 902 5741 alia
927 5696 1174 5744 veterum
1199 5692 1502 5748 recolentes
1521 5693 1747 5749 vulnera
1771 5702 2037 5769 amorum,
2221 5703 2448 5775 Eﬂ‘ugit;
2475 5680 2625 5775 pulsa
2655 5709 2870 5766 tandem
2901 5710 3135 5778 caligine
3162 5713 3343 5767 somni

519 5769 777 5834 Dulcibus
808 5788 862 5835 et
891 5780 1100 5842 mmstis
1127 5783 1374 5845 releveut
1405 5796 1672 5845 tormenta
1703 5790 1963 5860 querelis.
2222 5769 2412 5855 Evolat
2443 5769 2505 5856 ad
2539 5817 2790 5875 superos,
2825 5769 3090 5877 portaque
3118 5807 3300 5865 evadit
3328 5805 3543 5864 eburna.
