4072 6306
257 218 373 289 883

866 334 1203 398 IDYLLIUM
1250 336 1367 398 VII.

998 440 1228 510 Bissula.

590 572 622 607 τ’
655 572 933 630 Ausoaws
972 572 1161 630 PAULO
1198 589 1293 629 suo
1330 574 1568 629 salutem.

347 687 657 745 Per-vincis
693 698 889 756 tamen,
920 695 971 743 et
998 696 1179 760 operta
1200 686 1477 745 Musarum
1496 704 1730 745 mearum
1753 722 1769 757 ,
1791 686 1919 762 :qtm

267 782 570 837 initiorum
618 782 839 839 velabat
857 782 1185 853 obscuritas,
1229 796 1542 855 quamquam
1594 799 1699 840 non
1738 783 1919 856 profata

268 894 372 934 nus
400 876 715 947 irruutpis,
748 874 920 932 Paule
946 876 1273 932 charissime.
1317 876 1562 946 Quamvis
1581 877 1717 934 enim
1737 887 1787 933 te
1810 881 1917 934 steti

266 975 390 1046 ejus
421 972 588 1045 vulgi
618 971 941 1042 existimem,
982 972 1125 1044 quod
1168 969 1431 1028 Horatius
1460 980 1600 1028 arcet
1628 973 1871 1047 ingressu
1894 1010 1912 1040 ,

266 1076 455 1121 tamen
485 1070 598 1121 sua
626 1067 823 1136 cuique
847 1082 1019 1121 sacra.
1048 1065 1162 1121 Nec
1182 1067 1322 1123 idem
1348 1065 1524 1124 δεταί
1539 1067 1679 1138 quod
1704 1067 1912 1137 Libero,

264 1164 441 1218 etiam
466 1160 577 1217 sub
598 1160 797 1217 iisdem
826 1161 1130 1217 cultoribus.
1160 1159 1411 1217 Poematis
1432 1174 1550 1232 quae
1565 1161 1621 1218 in
1645 1162 1914 1218 alumhant

269 1272 449 1311 nteant
463 1256 739 1323 luserant,
754 1253 911 1309 rudia
934 1263 985 1310 et
1005 1254 1252 1310 inchoata
1266 1256 1339 1310 ad
1352 1254 1645 1312 demestiew
1668 1256 1915 1313 solatium

266 1351 590 1417 cantilenas,
630 1363 754 1405 cum
771 1349 883 1404 sine
908 1359 1050 1405 metu
1076 1359 1126 1405 et
1151 1365 1349 1405 arcana
1368 1352 1641 1408 securitate
1670 1354 1910 1425 {ruerem

269 1452 382 1511 tur,
408 1442 676 1516 proferre
703 1442 774 1496 ad
794 1440 964 1497 lucem
987 1440 1276 1515 caligantia
1297 1444 1507 1515 coegisti
1532 1459 1552 1499 :
1588 1445 1911 1503 verecundia:

268 1554 404 1593 mete
431 1535 653 1591 scilicet
686 1535 915 1605 spolium
945 1536 1272 1607 concupisti,
1319 1544 1411 1590 aut
1435 1546 1689 1609 quantum
1732 1534 1823 1593 tibi
1849 1539 1907 1593 iit

271 1646 355 1685 me
372 1629 528 1702 juris
548 1637 701 1685 esset
723 1628 788 1681 ab
809 1629 968 1683 insito
993 1629 1239 1684 indicari.
1269 1629 1372 1685 Nee
1389 1638 1446 1685 tu
1461 1629 1753 1687 Alexandri
1778 1631 1903 1688 Mal-

269 1834 356 1887 ra,
381 1834 509 1872 cum
535 1813 758 1873 solvere
776 1824 879 1872 non
898 1825 1091 1888 posset,
1113 1817 1356 1887 abscidit,
1385 1828 1433 1873 et
1447 1816 1658 1890 Pythice
1669 1834 1902 1891 specum,

268 1912 415 1987 quod
438 1913 604 1984 nefas
633 1920 754 1967 erat
778 1920 970 1981 petere,
998 1913 1310 1982 penetrauit.
1338 1912 1498 1969 Utere
1520 1914 1683 1983 igitur
1711 1923 1767 1968 ut
1806 1910 1909 1971 tuis

1810 209 2112 330 tortam.
2188 326 2192 330 _

2323 334 2407 397 All
2428 342 2694 419 pluet-em,
2725 342 2791 401 de
2815 343 3040 404 Btisutte
3058 343 3304 419 attegias.

2092 444 2304 516 Bissu‘la
2330 462 2432 525 hec
2458 461 2619 531 ‘ceiis,
2652 464 2754 520 nec
2781 460 2906 521 l‘uco
2932 452 3214 522 imitabilis
3241 453 3378 535 ullo,

2020 548 2275 608 Naturale
2301 551 2467 611 decus
2495 554 2634 611 ﬂctte
2650 560 2756 612 non
2785 552 3095 614 commodat
3122 557 3253 615 arti.

2019 642 2270 717 Sandyx,
2300 646 2354 701 et
2379 660 2622 719 cerussa,
2655 649 2791 707 alias
2818 651 3070 709 Simulate
3093 651 3324 725 puellas,

2020 730 2368 808 Temperiem
2381 726 2524 796 hanc
2544 738 2726 799 vultus
2737 745 2908 803 nescit
2922 749 3044 802 inan
3052 746 3274 819 ‘us,ergo
3284 744 3607 822 age,pit:loi',

2018 822 2290 889 Puniceas
2316 822 2589 891 coniunde
2616 850 2800 908 rosas,
2831 844 2886 895 et
2913 836 3026 895 lilia
3059 838 3251 897 misce.

2018 922 2228 999 Quique
2251 926 2357 985 erit
2380 928 2449 984 ex
2473 916 2580 985 illis
2604 928 2755 987 color
2782 931 2945 1002 aeris,
2972 932 3093 1006 ipse
3124 932 3198 991 sit
3222 929 3356 992 oris.

2625 1045 2710 1099 Ad
2747 1047 3001 1103 eumdem.

2018 1153 2251 1227 Pingerc
2276 1155 2323 1211 si
2348 1160 2591 1213 nostram
2621 1157 2799 1230 pictor
2828 1152 3109 1218 meditaris
3131 1157 3429 1231 alumnam,

2088 1248 2304 1305 Aimula
2328 1248 2618 1322 Ceempias
2645 1265 2734 1309 ars
2760 1252 3003 1311 imitetur
3027 1268 3181 1326 apes.

2548 1366 2881 1429 iDYLLlUM
2931 1368 3070 1429 VIII.

2014 1480 2257 1539 Precatio
2299 1482 2513 1561 Ausonii
2559 1487 2786 1561 consulis
2823 1487 3106 1561 designati,
3154 1488 3322 1560 pridie
3364 1472 3611 1547 kalendas

2433 1556 2679 1615 Januarii
2716 1556 2951 1630 [atcibus'
2965 1556 3210 1632 sumptis.

454 1660 1446 1748 :1ZZZILK‘ZIIXIJ'":1?
1461 1660 1903 1748 ᾜΪῇῖῗιζξζζηῖ·
1938 1728 1974 1748 μ
2012 1671 2047 1720 ε
2084 1673 2239 1742 lane,
2262 1670 2388 1733 veni
2422 1695 2433 1730 :
2469 1690 2642 1731 novus
2671 1690 2831 1744 anne,
2857 1674 3013 1733 veni:
3045 1683 3304 1734 renovate
3331 1660 3612 1748 veni,Sol,

269 1723 493 1778 cedonis
520 1721 887 1824 pervicaciam
912 1734 1323 1824 supergressus“,
1351 1724 1439 1794 qui
1457 1720 1649 1824 fatalis
1668 1725 1796 1798 jugi
1829 1725 1908 1781 lo-
1934 1728 1985 1813 Β
2010 1720 2515 1824 c

2543 1768 2752 1823 Latiam
2777 1769 2962 1825 visure
2991 1766 3257 1826 curulem.

2012 1860 2223 1933 Ecquid
2254 1856 2322 1917 ab
2348 1862 2586 1934 Augusta
2614 1877 2758 1919 nunc
2786 1863 3069 1934 majestate
3097 1863 3422 1933 secundum,

2010 1955 2167 2025 Quod
2197 1956 2436 2025 mireris,
2466 1954 2672 2014 habes?
2702 1957 2871 2014 Roma
2901 1952 3014 2027 illa,
3044 1956 3347 2032 domusque
3366 1950 3604 2029 Quirini,

276 2003 1185 2124 ffi‘.i"‘£‘:ffi’fi‘f‘“3§f‘ﬁffi
1214 2004 1777 2124 Eiifpjf'iﬁffff’"
1811 2020 1908 2080 ³³⁸³⁵
2009 2003 2520 2122 ἔῖἶιῖεῖἰὲὗὶ-ριίτεί
2540 2003 2783 2107 ninia;
2806 2003 3298 2124 ὶδῑωιέἐιῖέὲιῖἆὶἒζ

273 2100 467 2173 pulum
494 2114 613 2156 non
644 2100 851 2167 timere,
879 2099 1006 2154 meis
1031 2098 1187 2153 etiam
1213 2100 1353 2155 intra
1372 2110 1452 2153 me
1477 2097 1739 2155 erubesco.

351 2240 425 2298 Ut
454 2230 716 2307 voluisti,
738 2237 925 2305 Paule,
956 2244 1187 2293 cunctos
1214 2232 1444 2292 Dissuta:
1471 2250 1662 2293 versus
1690 2234 1858 2293 habes
1884 2253 1902 2297 :

276 2333 545 2389 Lusimus
576 2345 723 2405 quos
751 2331 805 2387 in
837 2329 1029 2388 Suevae
1056 2324 1288 2399 gratiam
1332 2327 1686 2398 virgunculae,

277 2428 464 2485 Otium
498 2428 684 2498 magis
715 2426 989 2494 foventes,
1021 2438 1186 2495 quam
1214 2420 1498 2479 studentes
1525 2420 1758 2495 gloriae.]

275 2524 361 2580 Tn
395 2510 680 2579 molestus
709 2520 979 2591 ﬂagitator
1008 2517 1127 2589 lege
1157 2508 1389 2573 molesta
1419 2517 1684 2573 carmina.

278 2616 441 2686 Tibi,
483 2606 638 2689 quod
683 2600 920 2683 intristi,
950 2608 1293 2668 exedendum
1335 2620 1450 2677 eat;
1483 2607 1563 2666 sic
1594 2620 1753 2666 vetus
1778 2626 1902 2669 ver-

1465 2692 1613 2776 [bum
1637 2692 1827 2774 jubet;

282 2800 625 2874 Compedes,
658 2794 794 2872 quas
824 2797 941 2869 ipse
972 2790 1121 2863 iecit,
1152 2795 1301 2867 ipsus
1326 2790 1389 2851 ut
1415 2802 1594 2868 gestet
1618 2792 1792 2853 faber.

723 2937 805 2992 Ad
840 2937 1081 2993 lectorem
1104 2933 1266 3005 hujus
1292 2932 1475 2989 libelli.

282 3058 563 3115 Carminis
592 3048 864 3126 incompti
893 3052 1107 3111 tenuem
1140 3051 1348 3110 lecture
1378 3049 1644 3122 libellum,

356 3152 511 3209 Pone
544 3138 929 3224 supercilium.

285 3247 444 3304 Seria
471 3234 779 3303 contractis
804 3238 1049 3314 expende
1081 3246 1328 3315 poemata
1359 3239 1529 3313 rugis.

354 3339 467 3396 Nos
497 3336 810 3411 Thymelen
836 3334 1138 3406 sequimur.

288 3431 503 3489 Dissula
528 3426 584 3487 in
618 3430 726 3487 hoc
755 3422 978 3486 schedio
1008 3426 1340 3494 cantabitur,
1368 3424 1461 3483 aut
1487 3426 1767 3484 Erasinus.

360 3525 677 3589 Admoneo,
702 3526 827 3578 ante
854 3520 1026 3577 bibas.

287 3612 500 3687 Jejunis
534 3614 613 3673 nil
644 3612 847 3684 scribo,
878 3618 1061 3671 meum
1095 3614 1218 3685 post
1245 3611 1439 3683 poeula
1466 3612 1513 3668 st
1542 3612 1663 3683 quis

362 3706 608 3779 Legerit,
644 3706 733 3762 hic
763 3706 961 3779 sapiat.

292 3798 403 3856 Sed
431 3800 611 3872 magis
644 3798 735 3855 hic
763 3797 968 3870 sapiet,
996 3794 1043 3852 si
1068 3791 1306 3853 dormiet
1337 3812 1351 3850 :
1383 3798 1438 3852 et
1468 3794 1622 3866 putet
1651 3795 1753 3851 ista

364 3896 596 3955 Somnia
622 3886 791 3952 missa
824 3892 950 3951 sibi.

299 4033 400 4091 Ubi
442 4044 572 4092 nata
615 4033 682 4090 sit
723 4031 955 4101 Bissula,
999 4040 1048 4087 et
1084 4030 1341 4116 quomodo
1379 4029 1434 4085 in
1471 4044 1657 4085 manus
1703 4028 1902 4087 domini

993 4111 1207 4159 uenerit.

300 4219 513 4277 Bissula
538 4229 692 4277 trans
712 4219 950 4291 gelidum
970 4220 1141 4289 stirpe
1161 4226 1217 4274 et
1239 4216 1354 4272 lare
1383 4224 1599 4287 prosata
1623 4216 1900 4289 Rhenum,

370 4312 605 4371 Conscia
633 4312 907 4370 nascentis
932 4310 1148 4367 Bissula
1180 4308 1436 4377 Danubii,

303 4403 471 4477 Capta
502 4422 693 4474 manu,
722 4406 818 4462 sed
846 4406 1008 4461 missa
1039 4420 1227 4473 manu,
1256 4403 1569 4459 dominatur
1595 4401 1649 4457 in
1679 4394 1796 4472 ejus

376 4497 622 4567 Deliciis,
650 4499 809 4570 cujus
835 4497 1026 4555 bellica
1058 4497 1239 4569 praeda
1266 4496 1389 4551 fuit.

306 4589 475 4648 Matre
503 4607 722 4659 carens,
756 4589 989 4648 nutricis
1026 4606 1212 4664 egens,
1243 4590 1472 4647 nescivit
1499 4591 1652 4647 horai
1681 4648 1691 4659 ,

377 4684 1161 4757 lmperinm...........

309 4773 565 4834 Fortunae
597 4793 662 4834 ac
692 4778 885 4850 patrim
912 4792 1030 4847 qurc
1058 4776 1202 4833 nulla
1232 4777 1528 4850 opprobria
1557 4776 1751 4843 sensit,

382 4868 531 4925 Illico
559 4871 844 4942 inexperto
877 4870 1044 4925 libera
1074 4871 1322 4926 servitio.

314 4957 403 5015 Sic
429 4960 601 5018 Latiis
632 4972 835 5019 mutata
867 4962 1045 5029 bonis,
1078 4962 1345 5019 Germana
1374 4972 1622 5019 maneret

381 5051 453 5107 Ut
482 5053 670 5124 facies,
701 5055 890 5110 oculos
917 5056 1145 5122 caerula,
1175 5056 1313 5111 ﬂava
1341 5070 1546 5112 comas.

313 5142 629 5217 Ambiguam
672 5147 831 5203 modo
864 5148 1042 5219 lingua
1074 5149 1220 5215 facit,
1253 5150 1414 5209 modo
1442 5135 1613 5205 forma
1645 5151 1902 5223 puellam,

384 5235 510 5293 Haec
535 5237 727 5296 Rheno
752 5241 989 5312 genitam
1023 5242 1301 5312 prtedicat,
1336 5242 1452 5297 haec
1482 5236 1655 5298 Latio.

829 5372 910 5428 De
948 5373 1128 5431 eadem
1155 5377 1382 5433 Bissula.

386 5483 668 5554 Delicium,
701 5487 998 5552 blanditiae,
1030 5486 1208 5557 ludus,
1241 5506 1414 5561 amor,
1447 5488 1719 5564 voluptas,

320 5577 572 5650 Barbara,
602 5580 696 5637 sed
724 5596 845 5653 quae
873 5580 1055 5637 Latias
1085 5583 1261 5639 vincis
1291 5585 1509 5642 alumna
1536 5590 1727 5659 pupae,

324 5671 530 5730 Bissula
555 5688 753 5732 nomen
787 5685 985 5729 tenerae
1013 5676 1334 5733 rusticulum
1364 5680 1582 5749 puellae,

328 5762 668 5826 Horridulum
699 5782 808 5825 non
841 5766 1040 5836 solitis,
1073 5770 1171 5827 sed
1199 5771 1424 5833 domino
1454 5783 1763 5836 venustum.

1928 3128 1984 3229 (ξ.

2007 2141 2126 2199 Hoc
2149 2143 2326 2214 capite
2349 2144 2568 2201 aeternis
2599 2144 2777 2217 signat
2801 2161 2898 2201 sua
2939 2154 3180 2217 tempora
3212 2144 3413 2203 Fastis.

2007 2234 2189 2303 Anne,
2221 2235 2378 2293 bonis
2406 2247 2584 2308 ccepte
2611 2238 2889 2309 auspiciis,
2922 2237 2990 2294 da
3021 2254 3149 2296 vere
3175 2239 3380 2297 salubri

1886 2330 1889 2333 ’
2005 2328 2236 2399 Apricas
2259 2337 2544 2385 ventorum
2572 2328 2805 2398 animas,
2837 2329 2905 2385 da
2933 2326 3144 2387 roscida
3171 2329 3385 2389 Cancro

2008 2419 2274 2491 Solstitia,
2307 2424 2364 2478 et
2394 2419 2628 2493 gelidum
2660 2420 2890 2478 Boream
2916 2416 3333 2493 Septembribus
3358 2412 3530 2482 horis.

2005 2512 2251 2572 Mordeat
2279 2508 2582 2573 Autumnas
2610 2513 2779 2585 frigus
2804 2514 3006 2572 subtile
3035 2516 3288 2587 pruinas;

2004 2609 2074 2666 Et
2101 2617 2318 2666 tenuata
2348 2596 2526 2666 modis
2548 2616 2729 2666 cesset
2754 2604 3119 2666 mediocribus
3146 2606 3355 2667 Estas.

2006 2698 2318 2759 Sementem
2349 2698 2509 2758 notus
2538 2692 2838 2758 humiﬂcet.
2874 2699 2956 2759 Sit
2981 2696 3181 2758 Bruma
3211 2701 3431 2773 nivalis,

2005 2795 2143 2853 Dum
2172 2805 2330 2868 pater
2357 2796 2565 2868 antiqui
2589 2798 2883 2853 renovatur
2907 2795 3135 2854 Martius
3160 2798 3312 2855 anni.

1880 2952 1887 2957 ,
2004 2888 2189 2961 Spiret
2215 2889 2447 2947 odorato
2474 2889 2669 2946 ﬂorum
2699 2904 2839 2946 nova
2869 2889 3043 2961 gratia
3073 2889 3234 2959 Maio,

2004 2983 2178 3040 Julius
2202 2994 2259 3041 et
2292 2980 2504 3056 segetes
2531 2993 2751 3056 coquat,
2785 2992 2842 3040 et
2870 2998 3022 3041 mare
3050 2992 3317 3056 temperet
3344 2985 3527 3044 Euris.

2002 3076 2178 3134 Sirius
2207 3070 2489 3133 ardentem
2514 3076 2622 3132 non
2645 3082 2842 3148 augeat
2869 3070 2994 3148 igne
3016 3074 3280 3134 Leonem.

2006 3169 2256 3227 Discolor
2279 3168 2540 3226 arboreos
2571 3154 2742 3225 variet
2772 3160 3012 3225 Pomona
3039 3183 3285 3242 sapores.

2004 3263 2217 3335 Mitigat
2245 3264 2558 3329 autumnus,
2590 3258 2733 3335 quod
2763 3260 3118 3320 maturaverit
3146 3270 3328 3332 testas,

2004 3355 2073 3413 Et
2098 3355 2327 3428 genialis
2355 3353 2532 3412 hiems
2557 3355 2710 3427 parta
2738 3352 2842 3412 sibi
2872 3344 3002 3413 date
3026 3355 3259 3413 fruatur.

2002 3447 2205 3506 Pacem
2233 3436 2469 3506 mundus
2496 3454 2622 3519 agat
2652 3465 2666 3503 :
2697 3462 2800 3505 nec
2829 3445 3042 3504 turbida
3068 3447 3247 3505 sidera
3276 3457 3525 3521 regnent.

2000 3540 2163 3597 Nulla
2195 3551 2339 3608 tuos,
2371 3539 2624 3608 Gradive,
2655 3526 2892 3598 oﬂ‘endat
2916 3536 3072 3598 stella
3106 3538 3351 3613 penates,

2003 3633 2137 3702 Quae
2160 3642 2268 3691 non
2300 3635 2455 3706 aequa
2486 3632 2582 3690 tibi
2615 3651 2631 3689 :
2660 3648 2770 3690 non
2799 3630 3061 3707 Cynthia;
3093 3651 3203 3693 non
3228 3638 3375 3694 celer
3395 3638 3568 3697 Arcas

2005 3724 2293 3780 Finitlmus
2324 3720 2483 3780 terris
2516 3742 2529 3779 :
2562 3724 2671 3780 non
2705 3734 2783 3793 tu,
2814 3725 3069 3795 Saturne,
3102 3740 3365 3799 supremo

2003 3815 2206 3873 Ultime
2231 3808 2483 3873 circuitu.
2512 3815 2705 3872 Procul
2735 3830 2766 3871 a
2790 3816 3062 3888 Pyroente
3087 3814 3328 3876 remotus

2004 3910 2376 3983 Tranquillum
2408 3908 2725 3982 properabis
2756 3908 2880 3967 iter.
2911 3907 3022 3967 Vos
3052 3914 3300 3970 cominus
3326 3898 3419 3985 ite,

2004 4003 2176 4061 Stella
2205 4000 2481 4075 salutigeri
2512 3998 2682 4069 lovis,
2710 4010 2768 4057 et
2794 3992 3088 4073 Cythereie
3119 4000 3350 4076 VeSper.

2006 4092 2423 4168 Nonnumquam
2467 4092 2773 4166 lmspitibds
2799 4093 2970 4151 facilis
3001 4090 3280 4167 Cyllenius
3306 4092 3469 4155 adsit.

2076 4192 2233 4261 Jane,
2249 4190 2372 4246 veni
2397 4206 2411 4245 :
2437 4198 2609 4244 novus
2628 4201 2789 4255 anne,
2804 4187 2927 4244 'venl
2954 4204 2968 4242 :
2993 4192 3252 4246 renovate
3274 4190 3419 4260 veni,
3446 4186 3564 4247 Sol.

2008 4284 2263 4341 Hostibus
2290 4280 2542 4339 edomitis
2572 4288 2673 4352 qua
2700 4272 2930 4336 Francia
2956 4274 3123 4336 mixta
3152 4278 3347 4338 S'uevis
3446 4337 3457 4345 ,

2005 4377 2192 4435 Cet-tat
2217 4374 2292 4431 ad
2314 4373 2655 4444 obsequium,
2684 4370 2855 4429 Latiis
2883 4372 2943 4428 ut
2969 4372 3165 4431 militet
3190 4374 3356 4432 armis
3387 4394 3401 4431 :

2007 4473 2124 4541 Qua
2155 4476 2285 4544 vaga
2308 4469 2656 4528 Sauromates
2683 4467 2783 4523 sibi
2801 4466 3062 4537 junxerat
3088 4469 3303 4540 agmina
3332 4452 3531 4539 Chiin'i,

1926 4520 1984 4599 Ῐ)
2008 4520 2418 4636 δυθψιθῦῧθιθε
2443 4560 2607 4617 sociis
2632 4520 2873 4617 Histrum
2903 4520 3202 4618 assultagat
3230 4560 3437 4619 Alanis.

2008 4659 2127 4715 Hoc
2156 4656 2285 4712 mihi
2316 4650 2647 4727 praepetibus
2670 4652 2896 4709 victoria
2925 4650 3137 4710 nuntiat
3165 4653 3286 4711 alis.

2008 4750 2128 4807 Jam
2157 4750 2307 4805 venit
2337 4748 2632 4818 Augustus,
2668 4753 2886 4802 nostros
2917 4740 2978 4801 tit
3006 4748 3187 4803 comat
3216 4744 3473 4817 honores,

2010 4839 2204 4898 Ofﬁcio
2233 4850 2526 4907 exornans,
2560 4849 2697 4908 quos
2725 4834 3052 4908 participare
3077 4832 3337 4909 copisset.

2079 4932 2373 5004 Jane,veni
2403 4949 2418 4987 :
2451 4936 2623 4986 novus
2648 4930 2810 5000 anne,
2835 4930 2960 4987 veni
2988 4936 3287 4988 :ren'ovate
3312 4930 3459 5000 veni,
3483 4916 3600 4990 SOl.

2008 5027 2185 5084 Aurea
2215 5035 2467 5093 venturo,
2497 5022 2612 5091 Sol,
2645 5025 2863 5095 porrige
2892 5016 3083 5092 gaudia
3114 5023 3255 5080 Jano
3285 5042 3299 5079 :

2010 5120 2270 5180 Fascibus
2295 5118 2522 5176 Ausonii
2549 5116 2812 5175 succedet
2837 5114 3021 5173 Caesar
3049 5112 3101 5172 in
3131 5129 3359 5185 annum,

2010 5215 2266 5284 Quintam
2292 5206 2542 5269 Romulei
2572 5206 2894 5283 prietestam
2925 5198 3204 5266 Habitat-us
3235 5208 3479 5267 honoris.

2011 5309 2156 5373 Ecce
2184 5307 2277 5363 ubi
2304 5320 2364 5362 se
2391 5307 2632 5363 cumulat
2660 5314 2778 5364 mea
2812 5306 3052 5378 purpura
3085 5298 3328 5376 (mitibus
3353 5290 3478 5361 audi

2014 5400 2251 5458 Auribus
2276 5400 2399 5468 hoc,
2431 5394 2724 5472 Nemesis),
2759 5396 2882 5469 post
2908 5411 2996 5452 me
3021 5390 3275 5468 dignatur
3296 5392 3429 5455 oriri

2014 5496 2290 5566 Augustas
2313 5493 2523 5551 consul.
2557 5484 2686 5549 Plus
2715 5488 2876 5563 qualn
2904 5479 3152 5547 conferre
3178 5482 3395 5547 videtur

2012 5590 2096 5645 Me
2123 5589 2225 5645 sibi
2264 5607 2279 5645 :
2306 5589 2399 5660 qui
2422 5587 2583 5659 jussit
2611 5586 2825 5642 nosnos
2855 5582 3170 5655 prseced'ere
3199 5582 3394 5641 fasces.

2083 5682 2241 5751 lane,
2261 5678 2386 5739 veni
2418 5697 2430 5735 :
2466 5680 2638 5736 navas
2667 5672 3276 5748 anne,veni:ren0vate
3305 5666 3459 5749 veni,
3488 5660 3615 5750 sol;

2013 5775 2160 5850 Coge
2189 5776 2479 5835 secuturos
2505 5771 2589 5831 bis
2619 5778 2749 5831 sena
2778 5776 2878 5844 per
2906 5769 3047 5831 OSlta
3074 5778 3313 5846 menses,
