4072 6306
491 208 597 266 887
1883 195 2070 258 pecu
2107 196 2387 260 ausonu
3656 213 3755 276 εδδ

491 322 579 395 fl'u
606 320 876 393 tropicum
903 319 1008 377 soli
1036 317 1103 375 da
1132 316 1361 385 cedere;
1391 330 1584 372 rursus
1607 323 1664 374 et
1688 314 1840 373 illum

493 415 672 486 Terga
702 414 856 480 dare.
890 422 949 469 ut
973 413 1175 483 duplex
1206 411 1445 482 tropicus
1474 410 1713 466 varietur
1738 409 1807 465 ab
1834 416 2005 475 astro,

494 508 569 565 Et
594 517 788 580 quater
811 523 843 561 a
870 508 1044 563 ternis
1073 515 1332 576 properet
1360 504 1588 559 mutatio
1616 502 1811 575 signis.

494 599 744 658 JEstivos
773 599 991 670 impelle
1021 598 1158 668 dies,
1189 597 1551 668 brumamque
1580 604 1886 652 morantem

494 692 755 750 Noctibus
794 691 1071 749 acceleret
1099 690 1399 762 promissus
1424 688 1660 745 Caesaris
1688 703 1884 744 annus.

498 786 655 842 Illum
696 799 813 856 ego,
838 785 885 840 si
917 798 1162 855 cernam,
1195 793 1310 838 tum
1350 792 1543 855 terque
1569 789 1870 853 quaterque
1889 779 2100 849 beatus,

499 875 654 933 Tunc
682 891 781 934 ero
808 875 891 932 bis
919 875 1145 946 consul,
1173 884 1304 931 tunc
1336 884 1552 946 tangam
1577 876 1781 930 vertice
1806 871 2026 928 cmlum.

1073 1008 1187 1066 IDY
1197 1008 1411 1067 LLIUM
1435 1008 1533 1065 IX.

814 1124 950 1183 Item
981 1127 1209 1199 precatio
1237 1124 1472 1181 kalendis
1500 1122 1793 1179 Ianuariis.

577 1249 758 1320 Anne,
783 1246 944 1305 bouis
967 1254 1148 1318 ccepte
1174 1245 1454 1318 auspiciis,
1484 1243 1661 1301 felicia
1688 1242 1868 1300 cernis

503 1342 760 1401 Consulis
791 1342 1019 1398 Ausonii
1050 1338 1374 1415 primordia,
1402 1352 1593 1410 prome
1614 1351 1925 1403 coruscum,

507 1436 604 1495 Sol
633 1443 864 1501 aeterne,
894 1443 1057 1505 caput
1087 1452 1100 1487 ε
1133 1429 1718 1502 solitoquejllustrior,
1746 1430 1894 1487 almo

503 1529 739 1587 Lumine
777 1542 1112 1600 purpureum
1134 1527 1296 1599 jubar
1323 1540 1519 1582 exsere
1546 1524 1687 1581 lucis
1717 1524 1865 1580 Eam.

506 1625 688 1693 Anne,
720 1634 876 1695 pater
900 1637 1108 1685 rerum,
1137 1636 1273 1692 quas
1303 1620 1425 1677 Jani
1458 1634 1647 1676 mense
1675 1618 1927 1675 bifrontis

504 1714 694 1774 Volvis
717 1716 771 1772 in
797 1715 1086 1771 hibernum
1114 1712 1330 1785 glaciali
1361 1714 1469 1769 fine
1498 1712 1877 1781 Decembrem,

504 1810 686 1875 Anne,
720 1807 865 1875 veni,
907 1817 964 1862 et
986 1803 1187 1861 festum
1216 1805 1416 1861 veteris
1444 1818 1620 1860 novus
1642 1803 1826 1875 aspice
1855 1804 2003 1861 Jani.

509 1901 796 1958 Solemnes
827 1898 1063 1972 pervade
1089 1898 1225 1966 vias,
1253 1898 1581 1970 bissenaque
1607 1898 1809 1955 mundo

510 1993 793 2050 Curricula
822 1994 1049 2064 aqualis
1073 1992 1296 2049 varians
1324 2008 1420 2065 per
1450 2002 1695 2064 tempora
1717 1992 1909 2064 signis,

511 2085 856 2157 Praecipitem
886 2093 1090 2143 aeterna
1121 2086 1304 2156 perfer
1341 2086 1611 2157 vertigine
1642 2102 1896 2154 cursum;

514 2178 607 2234 Sic
637 2194 808 2249 prono
831 2190 1043 2251 raptata
1072 2180 1203 2252 polo
1231 2180 1504 2236 contraria
1536 2178 1775 2236 thbus

518 2272 586 2330 Ut
616 2281 888 2330 momenta
920 2274 1061 2331 ferat
1082 2284 1300 2332 servata
1330 2284 1489 2347 parte
1517 2273 1755 2342 dierum,

513 2364 583 2420 Et
609 2379 781 2421 novus
808 2364 1037 2423 hiberno
1067 2377 1287 2440 reparet
1317 2381 1412 2423 sua
1442 2367 1648 2424 lumina
1683 2368 1861 2437 pulsu.

513 2458 790 2514 Menstrua
822 2468 903 2515 ter
923 2459 1105 2515 decies
1131 2460 1362 2516 redeunt
1387 2460 1514 2516 dum
1543 2475 1746 2516 cornua
1780 2460 1967 2528 Lume,

514 2548 774 2618 Exortus,
805 2551 1097 2624 obitusque
1126 2569 1287 2609 manu
1313 2554 1570 2609 volvente
1593 2554 1819 2622 rolabis,

510 2640 840 2715 Legitimum
871 2643 1060 2704 Phoebi
1090 2644 1352 2703 cohibens
1379 2662 1479 2719 per
1507 2650 1660 2720 signa
1689 2658 1948 2706 meatum.

1102 2784 1430 2844 lDYLLlUM
1495 2787 1562 2843 Χ.

1188 2902 1437 2961 Mosella.

587 3014 931 3073 Transieram
957 3018 1197 3075 celerem
1228 3020 1493 3078 nebuloso
1524 3021 1728 3079 lumine
1754 3021 1988 3093 Navam,

516 3106 713 3162 Addita
744 3109 972 3165 miratus
992 3113 1162 3168 veteri
1194 3128 1333 3170 nova
1356 3116 1555 3171 muenia
1586 3116 1708 3173 vico
1742 3136 1755 3169 :

520 3199 779 3272 Equavit
810 3203 992 3260 Latias
1022 3204 1111 3261 ubi
1139 3207 1410 3278 quondam
1441 3208 1613 3265 Gallia
1636 3208 1852 3266 Cannas
1886 3230 1899 3265 ;

516 3291 833 3365 lnlletarque
858 3296 1049 3365 jacent
1078 3299 1268 3369 inopes
1296 3315 1459 3371 super
1488 3306 1617 3358 arva
1647 3313 1904 3360 catervae.

519 3382 675 3441 Unde
703 3385 807 3442 iter
831 3387 1143 3459 ingrediens
1175 3404 1462 3447 nemorosa
1487 3407 1587 3463 per
1610 3393 1727 3449 avia
1757 3393 1957 3464 solum,

520 3477 591 3533 Et
616 3480 763 3535 nulla
792 3480 1015 3536 humani
1046 3496 1304 3554 spectans
1333 3487 1557 3557 vestigia
1589 3488 1793 3558 cultus,

520 3572 799 3630 Praetereo
823 3584 1070 3632 arentem
1099 3578 1412 3635 sitientibus
1434 3580 1674 3652 undique
1702 3585 1866 3640 terris

518 3665 896 3737 Dumnissum,
918 3669 1204 3741 riguasque
1232 3673 1460 3743 perenni
1492 3674 1642 3732 fonte
1662 3675 1960 3744 Tabernas,

520 3759 777 3833 Arvaque
801 3760 1186 3821 Sauromatem
1218 3782 1391 3838 nuper
1419 3778 1619 3825 metata
1648 3770 1859 3827 colonis
1890 3790 1901 3823 :

521 3855 595 3912 Et
623 3857 838 3915 tandem
870 3861 1057 3931 primis
1079 3860 1362 3933 Belgarum
1384 3866 1674 3935 conspicor
1703 3866 1815 3922 oris

521 3947 906 4023 Nivomagum,
937 3953 1044 4010 divi
1073 3966 1251 4012 castra
1279 3957 1481 4031 inclyta
1506 3956 1876 4016 Constantini.

522 4042 719 4100 Pnrior
742 4043 829 4101 bic
856 4049 1060 4118 campis
1089 4063 1187 4105 aer
1222 4068 1236 4103 :
1261 4049 1610 4123 Pbmbusque
1637 4067 1834 4109 sereno

522 4136 754 4195 Lumine
782 4155 1113 4212 purpureum
1140 4155 1349 4201 reserat
1366 4147 1476 4216 jam
1507 4146 1676 4202 sudus
1692 4148 2006 4219 Olympum.

520 4231 633 4289 Nec
657 4233 771 4303 jam
801 4237 1072 4294 consertis
1100 4253 1198 4309 per
1221 4247 1404 4295 mutua
1432 4240 1648 4296 vincula
1674 4241 1837 4296 ramis

521 4326 798 4394 Quaeritur
826 4331 1115 4405 exclusum
1145 4331 1297 4388 viridi
1325 4333 1559 4404 caligine
1584 4334 1781 4390 caelum
1816 4351 1830 4388 :

523 4421 634 4478 Sed
658 4421 921 4493 liquidum
948 4422 1135 4494 jubar,
1167 4434 1223 4481 et
1252 4426 1470 4482 rutilam
1496 4429 1796 4486 visentibus
1817 4427 2048 4485 aatbram

521 4514 717 4570 Libera
742 4519 1014 4588 perspicui
1040 4535 1143 4575 non
1171 4521 1373 4578 invidet
1396 4539 1528 4579 aura
1556 4526 1685 4583 diei.

519 4608 580 4663 In
612 4608 852 4678 speciem
878 4626 1001 4684 cum
1034 4628 1120 4667 me
1147 4615 1358 4684 patriae,
1384 4618 1698 4690 cultumque
1728 4620 1951 4677 nitentis

520 4699 829 4772 Burdigala:
859 4702 1061 4758 blando
1090 4707 1411 4776 pepulerunt
1441 4714 1625 4768 omnia
1653 4716 1793 4781 visu,

521 4792 773 4850 Culmina
799 4795 1048 4852 villarum
1066 4838 1083 4864 ,
1110 4799 1474 4867 pendentibus
1497 4804 1642 4860 edita
1670 4806 1828 4876 ripis,

522 4887 595 4944 Et
616 4888 818 4945 virides
847 4889 1064 4946 Baccho
1090 4891 1280 4960 colles,
1309 4904 1361 4949 et
1389 4910 1603 4953 amoena
1630 4898 1831 4953 fluenta

521 4982 957 5039 Subterlabentis
991 4983 1156 5039 tacito
1184 5000 1405 5042 rumore
1431 4988 1694 5045 Mosellae.

596 5076 780 5145 Salve,
811 5076 986 5132 amnis
1017 5076 1233 5133 laudate
1262 5079 1427 5149 agris,
1448 5080 1662 5137 laudate
1692 5083 1938 5150 colonis,

522 5168 751 5239 Dignata
781 5168 1018 5241 imperio
1045 5169 1246 5227 debent
1275 5171 1364 5227 cui
1387 5174 1586 5228 mmuia
1609 5173 1788 5244 Belga:
1815 5194 1826 5228 :

521 5260 714 5318 Amnis
740 5261 1018 5320 odorifero
1042 5262 1171 5336 juga
1200 5263 1342 5320 vitea
1370 5264 1582 5320 consite
1610 5265 1848 5335 Baccho,

519 5355 744 5412 Consite
767 5357 1077 5426 gramineas
1105 5357 1283 5413 amnis
1311 5355 1637 5413 viridissime
1664 5360 1814 5427 ripas
1842 5378 1853 5413 :

519 5449 786 5520 Naviger,
820 5458 877 5505 ut
905 5450 1165 5522 pelagus;
1195 5452 1430 5509 devean
1464 5466 1667 5521 pronus
1699 5452 1752 5508 in
1779 5452 1970 5523 undas,

520 5542 595 5600 Ut
624 5542 856 5611 fluvius;
886 5544 1166 5615 vitreoque
1194 5544 1348 5602 lacus
1372 5543 1581 5600 imitate
1604 5544 1905 5614 profundo;

521 5635 595 5691 Et
622 5635 770 5692 rivos
796 5636 1008 5706 trepido
1030 5637 1171 5706 potis
1198 5637 1534 5710 aequiparare
1555 5645 1761 5706 meatu,

521 5729 591 5785 Et
612 5728 819 5801 liquido
838 5729 1048 5801 gelidos
1072 5729 1250 5789 fontes
1277 5729 1594 5803 praecellere
1620 5739 1775 5803 potu,

2123 310 2177 374 Δ
2199 310 2392 369 Omnia
2416 311 2568 370 solus
2596 311 2786 383 habes,
2810 327 2935 385 quas
2959 311 3105 381 fons,
3131 327 3255 387 quas
3279 313 3451 384 rivus,
3470 328 3522 375 et
3544 323 3717 395 amnis,

2204 405 2273 462 Et
2299 406 2471 473 lacus,
2501 414 2559 462 et
2583 405 2727 463 bivio
2755 407 2958 464 refluus
2986 407 3299 465 manamine
3329 419 3537 480 pontus.

2202 497 2285 553 Tu
2311 498 2540 569 placidis
2566 498 2852 570 prolapsus
2879 500 3060 571 aquis,
3089 515 3193 557 nec
3218 515 3489 560 murmura
3510 508 3640 564 venti

2204 591 2345 662 Ulla,
2377 608 2478 650 nec
2505 593 2707 651 occulti
2735 594 2944 667 pateris
2967 595 3266 651 luctamina
3298 596 3435 652 saxi.

2203 684 2320 742 Non
2346 699 2639 757 superante
2659 688 2800 744 vado
2827 686 3049 759 rapidos
3074 702 3336 758 reparare
3360 698 3564 747 meatus

2201 776 2450 850 Cogeris,
2476 787 2760 837 exstantes
2786 778 2969 836 medio
2998 793 3106 835 non
3130 794 3351 851 mquore
3381 789 3545 838 terras

2205 869 2541 943 Interceptus
2566 871 2738 929 habes
2772 890 2785 925 :
2814 873 2947 945 justi
2977 887 3051 929 ne
3079 873 3267 930 demat
3294 874 3544 932 honorem

2206 964 2470 1033 Nominis,
2500 965 2785 1022 exclusum
2808 966 2854 1022 si
2881 965 3091 1023 dividat
3118 967 3299 1023 insula
3325 967 3541 1025 flumen.

2208 1056 2289 1113 Tu
2308 1055 2550 1129 duplices
2575 1058 2769 1116 sortite
2793 1059 2932 1123 vias,
2965 1067 3168 1115 etcum
3200 1074 3363 1116 amne
3391 1062 3619 1119 secundo

2208 1148 2448 1222 Deﬂuis,
2479 1159 2539 1206 ut
2565 1150 2773 1209 celeres
2802 1150 3004 1207 feriant
3028 1150 3165 1207 vada
3193 1154 3405 1209 concita
3434 1154 3563 1210 remi
3591 1173 3604 1210 :

2209 1240 2425 1298 Etcum
2448 1257 2545 1313 per
2573 1242 2745 1313 ripas,
2772 1258 3038 1314 nusquam
3067 1253 3325 1302 cessante
3344 1246 3599 1314 remulco,

2210 1334 2503 1392 intendunt
2526 1337 2667 1393 collo
2697 1338 2964 1395 malorum
2993 1339 3214 1395 vincula
3240 1348 3440 1395 nautae.

2210 1428 2331 1500 Ipse
2357 1436 2480 1486 tuos
2504 1430 2757 1502 quotiens
2781 1429 2999 1487 miraris
3021 1430 3080 1487 in
3105 1445 3265 1487 amne
3288 1446 3563 1499 recursus,

2211 1521 2614 1596 Legitimosque
2636 1533 2793 1595 putas
2823 1539 2994 1595 prope
3014 1524 3238 1596 segnius
3269 1525 3349 1582 ire
3375 1527 3612 1582 meatus?

2212 1616 2294 1672 Tu
2325 1632 2502 1689 neque
2537 1617 2806 1690 limigenis
2837 1621 3012 1690 ripam
3043 1619 3364 1690 praetexeris
3391 1620 3548 1690 ulvis,

2133 1707 2184 1771 B
2209 1706 2321 1764 Nec
2346 1709 2498 1780 piger
2521 1708 2804 1765 immundo
2835 1710 3122 1781 perfundis
3148 1711 3335 1768 littora
3349 1726 3524 1781 emno,

2211 1803 2364 1860 Sicca
2392 1803 2490 1861 sed
2510 1803 2565 1860 in
2594 1805 2770 1877 prima
2794 1806 3038 1878 aspergis
3066 1807 3291 1878 vestigia
3320 1806 3559 1879 lympha.

2283 1896 2305 1952 1
2336 1914 2501 1964 nunc,
2526 1908 2583 1955 et
2605 1898 2857 1972 Phrygiis
2883 1899 3000 1956 sola
3027 1899 3173 1957 levia
3192 1915 3423 1957 consere
3442 1900 3649 1969 crustis,

2212 1989 2469 2048 Tendens
2500 2005 2865 2049 marmoreum
2896 1992 3146 2063 laqueata
3176 2008 3276 2064 per
3304 1993 3442 2050 atria
3463 2009 3715 2066 campum.

2213 2084 2314 2139 Ast
2339 2099 2443 2155 ego
2465 2084 2756 2155 despectis,
2787 2100 2907 2156 quae
2930 2099 3129 2142 census
3153 2099 3396 2156 opesque
3418 2085 3689 2153 dederunt,
3708 2134 3714 2140 .

2213 2177 2432 2235 Natura:
2462 2178 2701 2235 mirabor
2726 2192 2882 2250 opus,
2910 2194 3038 2244 non,
3069 2193 3201 2235 cura
3235 2188 3514 2248 nepntum,

2216 2271 2473 2343 Laetaque
2492 2273 2720 2344 jacturis
2747 2274 2837 2329 ubi
2866 2273 3173 2329 luxuriatur
3198 2282 3436 2345 egestas.

2218 2366 2319 2422 Hic
2346 2363 2536 2423 solidae
2561 2374 2814 2422 sternunt
2841 2363 3125 2421 humentia
3154 2365 3341 2421 littora
3369 2379 3567 2432 arenas,

2217 2460 2328 2516 Nec
2364 2460 2609 2516 retinent
2636 2474 2912 2515 memores
2943 2459 3172 2532 vestigia
3201 2474 3389 2530 pressn
3417 2458 3626 2530 figuras.

2218 2554 2496 2625 Spectaris
2525 2554 2700 2611 vitreo
2725 2570 2824 2627 per
2849 2553 2987 2611 levia
3019 2562 3167 2624 terga
3196 2552 3489 2623 profundo,

2220 2648 2428 2705 Secreti
2455 2647 2591 2704 nihil
2616 2648 2795 2703 amnis
2817 2646 3042 2703 habens.
3066 2644 3248 2716 thue
3277 2646 3453 2701 almus
3475 2652 3654 2717 aperto

2219 2740 2484 2799 Panditur
2513 2741 2713 2797 intuitu
2737 2740 2951 2812 liquidis
2977 2738 3254 2796 obtutibus
3285 2755 3401 2807 aer,

2218 2833 2330 2890 Nec
2359 2833 2555 2906 placidi
2580 2833 2873 2905 prohibent
2898 2833 3087 2889 oculos
3114 2849 3210 2904 per
3239 2830 3418 2889 inania
3446 2832 3586 2888 venti
3613 2850 3626 2887 :

2220 2926 2313 2984 Sic
2339 2926 2587 2984 demersa
2610 2926 2801 2999 procul
2826 2925 3056 2982 durante
3078 2941 3176 2997 per
3199 2926 3391 2981 intima
3412 2926 3535 2981 visu

2220 3014 2531 3085 Cernimus,
2559 3022 2852 3092 arcanique
2880 3029 3030 3092 patet
3055 3019 3336 3091 penetrale
3364 3016 3550 3075 liuenti
3583 3035 3596 3070 :

2146 3094 2197 3162 ο
2225 3111 2359 3171 Cum
2392 3114 2527 3171 vada
2551 3116 2675 3171 lene
2693 3124 2897 3183 meant,
2925 3114 3252 3186 liquidarum
3281 3122 3338 3171 et
3357 3115 3539 3186 lapsus
3556 3124 3785 3183 aquarum

2228 3208 2416 3265 Prodit
2441 3209 2671 3288 caerulea
2702 3209 2977 3282 dispersas
3005 3209 3127 3266 luce
3156 3208 3357 3281 ﬁguras
3389 3225 3403 3263 :

2224 3304 2380 3372 Quod
2406 3303 2613 3360 sulcata
2639 3303 2742 3359 levi
2769 3302 3038 3375 criSpatur
3066 3317 3236 3358 arena
3259 3307 3441 3358 meatu
3466 3319 3478 3353 :

2226 3398 2484 3455 lnclinata
2514 3406 2756 3454 tremunt
2782 3396 2937 3454 viridi
2966 3397 3114 3469 quod
3141 3396 3385 3469 gramina
3408 3393 3597 3449 fundo.

2225 3490 2402 3560 thue
2429 3492 2534 3547 sub
2560 3489 2809 3561 ingenuis
2838 3489 3053 3559 agitata:
3083 3487 3326 3544 fontibus
3360 3486 3542 3543 herbas

2224 3583 2520 3641 Vibrantes
2546 3584 2820 3656 patiuntur
2846 3598 3014 3655 aquas
3048 3601 3061 3636 :
3093 3582 3377 3654 lucetque,
3405 3582 3638 3651 latetque

2225 3677 2479 3735 Calculus
2510 3696 2523 3731 :
2556 3685 2612 3733 et
2643 3676 2869 3733 viridem
2894 3676 3178 3747 distinguit
3208 3676 3394 3747 glarea
3426 3686 3683 3730 muscum.

2223 3768 2361 3825 Nota
2390 3768 2704 3826 CaledOniis
2732 3768 2857 3824 talis
2888 3769 3092 3840 pictura
3120 3767 3424 3834 Britannis,

2226 3862 2361 3920 Cum
2390 3864 2590 3920 virides
2618 3863 2788 3934 algas,
2826 3872 2880 3918 et
2910 3862 3075 3917 rubra
3106 3861 3330 3918 corallia
3361 3858 3530 3915 nudat

2227 3956 2449 4022 Esms,
2476 3965 2530 4012 et
2556 3955 2801 4011 albentes
2826 3954 3162 4011 concharum
3188 3954 3433 4025 germina
3462 3952 3669 4016 baccas,

2228 4048 2562 4120 Deliciasque
2585 4048 2863 4104 hominum
2886 4046 3207 4118 locupletes,
3223 4060 3449 4117 quasque
3469 4044 3571 4101 sub
3588 4038 3733 4098 undis

2226 4142 2563 4197 Assimulant
2587 4153 2803 4197 nostros
2836 4141 3039 4196 imitata
3067 4141 3292 4196 monilia
3319 4139 3524 4194 cultus.

2228 4234 2380 4291 Haud
2411 4234 2573 4292 aliter
2598 4234 2821 4306 placidae
2847 4233 3037 4290 subter
3068 4233 3204 4287 vada
3230 4232 3352 4287 laeta
3378 4228 3636 4296 Mosellae,

2230 4327 2446 4401 Detegit
2476 4328 2749 4385 admixtos
2779 4343 2886 4383 non
2916 4326 3178 4384 concolor
3204 4326 3375 4382 herba
3405 4324 3636 4397 lapillos.

2227 4424 2474 4481 [utentes
2501 4433 2682 4479 tamen
2710 4439 2879 4493 usque
2904 4422 3092 4478 oculos
3121 4436 3311 4477 errore
3336 4422 3559 4502 fatigant

2144 4492 2203 4554 D
2227 4518 2626 4576 lnterludentes
2652 4519 2902 4574 examina
2926 4517 3131 4572 lubrica
3161 4515 3358 4587 pisces.

2228 4614 2337 4671 Sed
2370 4629 2549 4682 neque
2575 4621 2657 4669 tot
2681 4614 2912 4682 species,
2941 4611 3358 4682 obliquatosquc
3385 4616 3617 4674 natatus,

2227 4707 2470 4779 Quaeque
2498 4721 2594 4777 per
2625 4706 2913 4761 adversum
2944 4703 3248 4759 succedunt
3271 4702 3485 4773 agmina
3512 4700 3719 4764 numen,

2228 4806 2588 4877 Nominaque,
2612 4816 2662 4861 et
2693 4815 2922 4861 cunctos
2950 4817 3257 4857 numerosa:
3285 4801 3473 4871 stirpis
3495 4798 3747 4863 alumnos,

2232 4900 2407 4955 Edere
2437 4900 2535 4952 fas.
2564 4896 2721 4952 Haud
2746 4896 2841 4951 ille
2861 4895 3009 4961 sinit,
3031 4894 3117 4949 cui
3143 4909 3272 4950 cura
3294 4891 3549 4949 secundae

2226 4992 2429 5057 Sortis,
2454 4998 2510 5046 et
2539 4987 2781 5061 mquorei
2812 4988 2977 5044 cessit
3009 4987 3176 5042 tutela
3213 4984 3480 5041 tridentis.

2295 5085 2374 5139 'l'n
2402 5084 2533 5139 mihi
2564 5084 2836 5138 flumineis
2865 5081 3166 5136 liabitatrix
3191 5079 3319 5134 Nais
3347 5079 3398 5133 in
3433 5076 3567 5145 oris,

2223 5177 2568 5249 Squamigeri
2591 5179 2773 5249 gregis
2815 5178 2916 5232 ede
2942 5174 3163 5238 choros,
3194 5172 3512 5245 liquidoque
3532 5168 3632 5225 sub
3657 5165 3787 5221 alveo

2224 5270 2442 5326 Dissere
2461 5270 2699 5327 cmruleo
2727 5269 3006 5326 fluitantes
3035 5283 3199 5322 amne
3225 5277 3491 5321 catervas.

2296 5366 2602 5434 Squameus
2632 5365 2919 5437 {herbosas
2947 5362 3139 5433 Capito
3171 5360 3461 5418 interlucet
3482 5371 3690 5423 arenas,

2224 5456 2452 5514 Viscere
2478 5471 2589 5528 prie
2620 5464 2807 5512 tenero
2840 5455 3023 5510 fartim
3053 5463 3370 5526 congestus,
3402 5451 3604 5516 aristis,

2223 5549 2333 5605 Nec
2361 5548 2656 5605 duraturus
2686 5557 2808 5620 post
2835 5548 2960 5603 bina
2985 5546 3215 5604 trihoria
3239 5545 3463 5601 mensis.

2223 5638 2625 5711 Purpureisque
2651 5640 2811 5697 Salar
2837 5640 3088 5696 stellatus
3115 5648 3330 5709 tergora
3360 5635 3544 5708 guttis,

2224 5730 2295 5787 Et
2315 5730 2466 5787 nullo
2493 5732 2667 5805 spina:
2697 5734 2979 5792 nociturus
3014 5731 3263 5790 acumine
3287 5729 3459 5797 Bcdo,
