4072 6306
201 279 312 342 889

200 399 608 472 Eﬂ'ugiensque
634 398 820 456 oculos
844 397 1010 456 celeri
1033 398 1170 456 levis
1195 397 1397 456 Umbra
1428 407 1636 458 natatu.

202 495 402 566 Tuque
428 510 533 566 per
561 495 769 566 obliqui
796 494 980 552 fauces
1005 508 1205 554 vexate
1237 497 1452 567 Saravi,

202 591 322 658 Qua
349 591 440 646 bis
467 600 624 646 terna
654 590 894 647 fremunt
920 592 1226 661 scapulosis
1252 595 1395 650 ostia
1425 595 1578 667 pilis,

139 749 142 754 _
205 683 350 740 Cum
382 683 669 741 deﬂuxisti
699 683 857 740 famae
886 685 1112 756 majoris
1146 688 1198 743 in
1227 702 1468 756 amnem,

202 777 468 835 Liberior
497 778 661 834 laxos
684 793 933 849 exerces,
959 779 1153 850 Barbe,
1189 790 1428 837 natatus.

202 873 287 929 Tu
322 872 524 927 melior
547 872 738 943 pejore
759 887 900 943 :evo,
930 874 1028 930 tibi
1049 874 1280 945 contigit
1298 876 1450 931 omni

201 965 530 1036 Spirantum
561 979 628 1020 ex
653 981 890 1022 numero
911 980 1019 1022 non
1050 967 1330 1024 inlaudata
1353 978 1636 1025 senectus.

202 1061 317 1118 Nec
351 1069 408 1117 te
436 1061 680 1118 Puniceo
709 1061 1029 1118 rutilantem
1057 1063 1270 1120 viscere
1291 1104 1306 1128 ,
1348 1063 1568 1132 Salmo,

202 1155 577 1222 Transierim,
603 1156 727 1210 latae
748 1155 904 1224 cujus
928 1171 1059 1227 vaga
1083 1157 1316 1213 verbera
1343 1160 1533 1215 cauda:

201 1248 436 1319 Gurgite
463 1247 536 1304 de
564 1247 748 1306 medio
770 1263 1014 1305 summas
1045 1249 1363 1306 referuntur
1389 1250 1444 1306 in
1472 1249 1668 1317 undas,

205 1341 482 1398 Occultus
515 1339 735 1410 placido
773 1355 898 1395 cum
929 1340 1185 1411 proditur
1214 1356 1432 1412 aequore
1459 1343 1670 1414 pulsus.

205 1435 286 1490 'l‘n
315 1435 556 1492 loricato
588 1451 918 1506 squamosus
943 1447 1186 1508 pectore,
1217 1437 1456 1494 frontem

203 1529 508 1598 Lubricus,
541 1540 602 1586 et
631 1530 814 1587 dubiae
848 1531 1094 1588 facturus
1124 1534 1324 1588 fercula
1349 1548 1544 1598 caute,

199 1625 484 1696 Tempora
509 1625 800 1696 longarum
829 1625 943 1682 fers
971 1629 1288 1699 incorrupte
1311 1644 1608 1695 morarum,

200 1717 501 1790 l‘rzesignis
523 1719 758 1774 maculis
787 1720 987 1789 capitis
1015 1738 1030 1774 :
1063 1721 1154 1776 cui
1179 1720 1401 1792 prodiga
1436 1732 1593 1777 nutat

200 1810 394 1878 Alvus,
421 1809 780 1881 opimatoque
811 1811 989 1868 ﬂuens
1019 1812 1316 1868 abdomine
1345 1822 1558 1868 venter.

197 1905 448 1974 Quaeque
473 1919 580 1975 per
603 1903 905 1974 Illyricum,
937 1920 1034 1977 per
1074 1916 1264 1978 stagna
1296 1905 1592 1963 binominis
1621 1908 1767 1976 lstri,

197 1997 538 2068 Spumarum
572 1998 789 2054 indiciis
827 2001 1064 2070 caperis,
1096 2001 1344 2070 Mustela,
1370 2010 1695 2072 natantum,

199 2090 257 2146 In
292 2099 552 2147 nostrum
576 2091 837 2147 subvecta
873 2093 1095 2158 fretum,
1126 2108 1195 2149 ne
1223 2093 1328 2148 lata
1359 2094 1597 2149 Mosellae

201 2181 460 2239 Flumina
494 2192 605 2238 tam
638 2183 846 2238 celebri
875 2184 1334 2240 defraudarentur
1359 2185 1608 2240 alumno.

201 2277 341 2347 Quis
370 2286 428 2334 te
455 2287 674 2334 naturae
703 2278 876 2348 pinxit
898 2279 1087 2334 color?
1117 2289 1238 2334 atra
1263 2293 1500 2350 superne

196 2372 410 2428 Puncta
443 2383 637 2429 notant
666 2382 898 2445 tergum,
929 2391 1049 2444 qua:
1085 2375 1233 2431 lutea
1261 2375 1459 2431 circuit
1492 2376 1618 2432 iris.

199 2465 442 2522 Lubrica
473 2467 746 2524 Caeruleus
777 2469 1030 2538 perducit
1055 2478 1270 2540 tergora
1300 2471 1476 2527 fucus.

193 2558 463 2630 Corporis
492 2559 564 2614 ad
594 2559 831 2616 medium
857 2560 1043 2617 fartim
1068 2563 1414 2633 pinguescis;
1446 2573 1501 2619 at
1524 2564 1676 2620 illinc

199 2652 387 2723 Usque
409 2651 517 2708 sub
547 2662 850 2708 extremam
874 2654 1113 2724 squallet
1140 2655 1282 2712 cutis
1295 2657 1446 2712 arida
1478 2658 1730 2715 caudam.

196 2751 310 2810 Nec
341 2761 396 2808 te
433 2751 667 2808 delicias
706 2766 1047 2818 mensarum,
1076 2752 1267 2821 Perca,
1303 2754 1499 2822 silebo,

198 2844 544 2915 Amuigenos
572 2846 714 2901 inter
742 2846 920 2914 pisces
943 2845 1214 2916 dignande
1241 2848 1495 2912 marinis,

197 2940 369 2995 Solus
401 2941 654 3009 puniceis
688 2939 861 2996 facilis
889 2941 1233 2998 contendere
1266 2944 1451 2998 mullis
1485 2963 1495 2996 :

197 3032 334 3088 Nam
363 3049 546 3104 neque
575 3041 769 3104 gustus
793 3034 1264 3105 iners,solidoque
1293 3037 1345 3091 in
1367 3052 1603 3106 corpore
1628 3045 1810 3108 partes

196 3123 516 3196 Segmentis
544 3125 880 3190 coeunt,sed
905 3126 1279 3182 dissociantur
1306 3128 1516 3183 aristis.

197 3216 300 3274 llic
326 3219 501 3276 etiam
525 3217 682 3273 Latio
711 3218 855 3273 risus
874 3220 1236 3289 prmnomine,
1260 3221 1449 3277 cultor

196 3308 560 3380 Stagnoruln,
584 3311 828 3381 querulis
857 3312 940 3368 vis
961 3311 1313 3368 infestissima
1341 3315 1514 3383 ranis,

194 3400 422 3466 Lucius,
458 3401 729 3457 obscuras
752 3402 881 3457 ulva
909 3417 1181 3474 caenoque
1208 3403 1438 3460 lacunas

197 3493 452 3552 Obsidet.
476 3493 576 3550 Hic
609 3495 789 3550 nullos
821 3510 1135 3551 mensarum
1167 3497 1336 3552 lectus
1363 3499 1431 3554 ad
1473 3513 1626 3570 usus,

197 3586 406 3643 Fervet
433 3586 663 3642 fumosis
687 3589 833 3644 olido
862 3589 1056 3644 nidore
1087 3591 1332 3660 popinis.

196 3681 334 3751 Quis
363 3697 476 3737 non
499 3689 556 3737 et
582 3681 786 3739 virides
813 3683 962 3753 vulgi
987 3683 1180 3738 solatia
1213 3683 1414 3739 Tincas

197 3775 451 3838 Norit.et
480 3773 754 3830 Alburnus
786 3775 1027 3843 praedam
1057 3776 1360 3844 puerilibus
1385 3775 1581 3838 hamis,

200 3867 628 3938 Stridentesque
659 3867 794 3924 focis
825 3871 1051 3939 opsonia
1085 3870 1256 3938 plebis
1280 3870 1547 3925 Alausas?

201 3961 395 4034 Teque
416 3962 562 4018 inter
584 3961 798 4032 species
827 3962 1100 4033 geminas,
1125 3972 1492 4034 neutrumque
1519 3971 1576 4019 et
1602 3971 1809 4019 utrum-

1631 4055 1800 4126 ique,

202 4146 306 4216 Qui
343 4144 582 4201 necdum
613 4145 822 4215 Salmo,
855 4159 960 4202 nec
991 4147 1096 4216 jam
1128 4146 1311 4212 Salar,
1343 4147 1737 4220 ambiguusque

204 4238 512 4293 Ambomm
537 4238 718 4293 medio
744 4237 906 4294 Fario
933 4239 1249 4309 intercepte
1281 4239 1380 4295 sub
1405 4240 1558 4294 :evo?

201 4332 284 4389 Tu
317 4347 540 4404 quoque
565 4332 848 4390 ﬂumineas
876 4335 1018 4390 inter
1049 4335 1404 4391 memorande
1443 4335 1735 4402 cohortes,

201 4430 409 4495 Gobio,
436 4444 546 4484 non
579 4429 754 4498 major
782 4430 1018 4500 geminis
1044 4430 1162 4485 sine
1191 4430 1384 4500 pollice
1411 4431 1629 4500 palmis,

200 4521 573 4592 Pra’pinguis,
605 4532 772 4589 teres,
801 4524 1025 4594 ovipara
1054 4523 1370 4593 eougestior
1399 4522 1555 4588 alvo;

200 4615 737 4687 Propexiqnejubas
770 4617 1014 4671 imitatus
1037 4617 1212 4672 Gubio
1244 4617 1423 4672 Bai-bi.

199 4709 358 4765 Nunc
393 4724 562 4779 pecus
591 4723 904 4779 aequoreum
929 4710 1308 4776 celebrabere,
1349 4724 1545 4780 magne
1572 4709 1760 4766 Silure
1789 4725 1801 4763 :

198 4802 375 4869 Quem
410 4801 565 4854 velut
587 4804 773 4858 Actaeo
803 4801 1124 4872 perductum
1153 4815 1367 4872 tergora
1401 4805 1546 4858 olivo

198 4893 555 4951 Amnicolam
587 4895 851 4964 Delphina
879 4911 1026 4951 reor.
1051 4896 1145 4968 Sic
1174 4912 1269 4966 per
1301 4897 1439 4952 freta
1471 4912 1732 4968 maguum

200 4987 457 5052 Laberis,
491 4997 546 5042 et
577 4989 724 5059 longi
748 4994 836 5044 vix
869 4991 1122 5061 corporis
1152 4993 1364 5060 agmina
1397 4993 1589 5058 solvis,

204 5081 317 5136 Aut
343 5080 604 5135 brevibus
621 5079 848 5138 defensa
875 5083 1051 5150 vadis,
1087 5095 1176 5136 aut
1205 5083 1445 5138 ﬂuminis
1478 5086 1640 5140 ulvis.

201 5176 272 5228 At
306 5188 432 5227 eum
459 5171 792 5240 tranquillos
817 5175 1028 5228 moliris
1060 5175 1112 5227 in
1143 5190 1301 5230 amne
1327 5186 1566 5242 meatus,

201 5265 281 5319 Te
313 5263 528 5319 virides
557 5264 712 5334 ripae,
747 5275 799 5320 te
826 5267 1026 5321 caerula
1059 5268 1216 5322 turba
1251 5279 1558 5335 natantum,

207 5356 290 5412 Te
313 5355 542 5426 liquida:
571 5357 842 5412 mirantur
870 5373 1059 5427 aqum;
1084 5359 1408 5416 diffunditur
1437 5361 1596 5417 alveo

214 5449 423 5515 IEstus,
453 5458 509 5504 et
532 5451 770 5505 extremi
796 5461 1126 5519 procurrunt
1148 5456 1392 5524 margine
1410 5456 1625 5510 ﬂuctus.

206 5541 354 5597 'l'alis
385 5541 701 5597 Atlantiaco
731 5541 1006 5610 quondam
1032 5543 1237 5599 balaena
1263 5548 1553 5615 profundo,

207 5633 341 5687 Cum
367 5641 535 5687 vento
562 5641 780 5688 motuve
811 5649 912 5687 suo
943 5632 1154 5687 telluris
1185 5637 1250 5689 ad
1292 5653 1417 5693 oras

209 5727 468 5791 Pellitur,
496 5727 787 5782 exclusum
818 5727 986 5781 fundit
1021 5741 1189 5794 mare,
1219 5746 1519 5802 magnaque
1542 5748 1772 5806 surgunt

209 5820 480 5895 Epicra,
499 5821 766 5892 vicinique
797 5821 992 5876 timent
1015 5819 1332 5880 decrescere
1354 5837 1589 5884 montes.

1729 281 2035 341 IDYLLIA.

1835 407 1892 466 Α
1914 399 2016 458 llic
2038 409 2239 468 tamen,
2255 403 2342 460 hic
2366 414 2573 463 nostrae
2592 407 2740 465 mltis
2761 407 2981 464 Balacna
3009 405 3268 479 Mosella,

1831 4572 1887 4634 D

3405 293 3509 351 890

1919 496 2104 553 Exitio
2131 500 2321 567 procul
2345 511 2452 569 est,
2482 517 2792 575 magnoque
2818 505 2994 560 bonor
3019 504 3238 561 additus
3267 505 3437 562 amni.

1989 590 2107 646 Jam
2133 584 2365 662 liq'uidas
2396 607 2675 664 spectasse
2705 597 2842 664 vias,
2877 609 2934 653 et
2961 597 3167 654 lubrica
3211 599 3390 670 pisces

1919 682 2172 754 Agmina,
2198 684 2634 758 multiplicesque
2656 691 2790 745 satis
2819 706 3139 749 numerasse
3160 702 3436 750 catervas.

1921 778 2182 835 lnducant
2202 780 2365 834 aliam
2396 784 2709 850 spectacula
2739 785 2882 842 vitea
2916 801 3169 857 pompam
3204 805 3216 841 :

1919 875 2340 947 Sollicitentque
2367 893 2538 949 vagos
2567 879 2826 936 baccbeia
2853 897 3079 938 munera
3106 884 3253 938 visus
3277 901 3290 939 :

1917 969 2032 1039 Qua
2059 970 2312 1025 sublimis
2335 985 2474 1040 apex
2510 971 2672 1042 longo
2696 989 2861 1043 super
2890 975 3054 1032 ardua
3087 987 3264 1033 tractu

1918 1063 1987 1119 Et
2017 1077 2205 1134 rupes,
2238 1071 2295 1120 et
2329 1063 2514 1134 aprica
2532 1063 2675 1136 jugi,
2698 1065 3003 1140 ﬂexusque,
3031 1070 3290 1142 sinusque

1919 1153 2135 1210 Vilibus
2161 1164 2479 1228 assurgunt,
2511 1159 2858 1229 naturalique
2884 1160 3119 1216 theatro.

1917 1245 2231 1304 Gauranum
2255 1247 2333 1304 sic
2358 1249 2498 1304 alma
2517 1249 2706 1321 jugum
2739 1249 3014 1307 vindemia
3037 1253 3222 1322 vestit,

1917 1342 1980 1396 Et
2012 1340 2341 1412 Rhodopen,
2366 1344 2707 1414 proprioque
2737 1344 2910 1400 nitent
2961 1345 3188 1416 Pangaea
3217 1345 3398 1419 Lymo.

1916 1431 2008 1489 Sic
2031 1433 2172 1490 viret
2197 1433 2456 1490 Ismarius
2485 1449 2653 1506 super
2678 1451 2896 1507 aequora
2928 1436 3158 1492 Thracia
3185 1439 3363 1492 collis.

1916 1524 2009 1580 Sic
2032 1539 2150 1582 mea
2179 1524 2471 1582 ﬂaventem
2499 1527 2733 1598 pingunt
2761 1527 2947 1584 vineta
2978 1527 3334 1584 Garumnam.

1916 1622 2156 1678 Summis
2181 1623 2380 1693 quippe
2404 1622 2554 1694 jugis
2585 1623 2859 1679 tendentis
2881 1625 2933 1678 in
2965 1624 3156 1679 ultima
3185 1623 3342 1688 clivi,

1914 1714 2239 1770 Conseritur
2260 1714 2422 1770 viridi
2457 1714 2693 1770 ﬂuvialis
2714 1730 2904 1786 margo
2935 1715 3118 1786 Lymo.

1841 1801 1888 1862 B
1916 1808 2061 1864 Lmta
2093 1823 2317 1878 operum
2351 1808 2561 1877 plebes,
2593 1808 3025 1879 festinantesque
3042 1809 3223 1864 coloni

1918 1901 2137 1956 Vertice
2164 1917 2310 1956 nunc
2341 1915 2556 1956 summo
2579 1911 2900 1971 properant,
2924 1917 3072 1956 nunc
3099 1901 3293 1971 dejugc
3319 1900 3508 1965 dorso,

1913 1992 2202 2049 Certantes
2229 1992 2440 2048 stolidis
2468 1992 2821 2049 clamoribus.
2855 1991 2987 2048 Inde
3017 1994 3192 2048 viator

1911 2087 2176 2156 Riparum
2206 2086 2452 2156 subjecta
2477 2096 2684 2154 terens,
2708 2086 2837 2142 hinc
2867 2088 3050 2141 navita
3080 2085 3296 2149 labens,

1912 2169 2120 2237 Probra
2151 2188 2354 2235 canunt
2383 2180 2520 2236 seris
2551 2179 2886 2238 cultoribus:
2919 2179 3149 2249 astrepit
3181 2178 3302 2233 ollis

1913 2273 1982 2330 Et
2002 2289 2187 2344 rupes,
2219 2281 2277 2329 et
2296 2272 2432 2328 silva
2456 2282 2721 2339 tremens,
2748 2281 2806 2328 et
2827 2286 3098 2328 concavus
3128 2270 3322 2325 amnis.

1983 2368 2095 2424 Nec
2123 2367 2272 2424 solos
2297 2367 2580 2424 hominum
2603 2366 2844 2423 delectat
2869 2380 3030 2422 scena
3056 2367 3327 2420 locorum.

1914 2465 2014 2520 Hic
2043 2478 2145 2536 ego
2176 2473 2233 2520 et
2260 2472 2506 2535 agrestes
2530 2460 2787 2534 Satyros,
2820 2471 2874 2516 et
2901 2461 3092 2531 glauca
3126 2465 3345 2513 tuentes

1910 2561 2133 2628 Naidas,
2164 2561 2427 2617 extremis
2452 2559 2673 2616 credam
2707 2573 3039 2614 concurrere
3063 2555 3220 2625 ripis,

1910 2653 2254 2725 Capripedes
2282 2654 2452 2722 agitat
2479 2668 2607 2708 cum
2637 2651 2761 2708 laeta
2786 2651 3056 2721 protervia
3093 2649 3290 2714 Panas,

1909 2750 2291 2822 lnsultantque
2319 2749 2496 2816 vadis,
2517 2747 2864 2818 trepidasque
2890 2746 2991 2800 sub
3022 2758 3183 2799 amne
3214 2754 3441 2798 sorores

1909 2846 2164 2912 Terrent,
2194 2844 2412 2900 indocili
2445 2843 2727 2914 pulsantes
2755 2841 2986 2897 verbere
3009 2837 3252 2894 ﬂuctum.

1910 2941 2072 3010 Smpe
2098 2940 2262 2996 etiam
2287 2937 2480 2993 mediis
2501 2935 2676 2991 furata
2700 2950 2732 2991 e
2756 2933 2989 2990 collibus
3014 2947 3144 2988 uvas

1912 3032 2056 3089 Inter
2076 3032 2336 3088 Oreiadas
2367 3031 2588 3100 Panope
2621 3027 2854 3084 ﬂuvialis
2879 3027 3105 3090 amicas,

1912 3127 2072 3198 Fugit
2096 3127 2328 3182 lascivos
2365 3124 2625 3196 paganica
2656 3121 2875 3178 numina
2909 3120 3146 3175 Faunos.

1834 3189 1879 3252 (δ
1919 3189 2128 3276 Dicitur
2159 3229 2214 3274 et
2245 3189 2422 3274 medio
2438 3189 2572 3274 cum
2596 3219 2677 3273 sol
2702 3216 2856 3271 stetit
2884 3215 3074 3286 igneus
3105 3212 3263 3279 orbe,

1915 3316 1994 3370 Ad
2027 3330 2316 3371 commune
2345 3313 2566 3378 fretum,
2598 3310 2827 3383 Satyros
2852 3311 3164 3377 vitreasque
3191 3317 3437 3369 sorores,

1909 3410 2208 3466 Consortcs
2237 3409 2518 3465 celebrare
2541 3409 2777 3472 cboros;
2801 3420 2921 3462 cum
2946 3402 3179 3476 praebuit
3199 3401 3364 3457 horas

1909 3503 2164 3560 Secretas
2191 3502 2473 3558 hominum
2504 3510 2648 3558 ccetu
2681 3499 3002 3570 ﬂagrantior
3029 3504 3218 3552 aestus.

1909 3597 2062 3653 Tunc
2091 3597 2420 3652 insultantes
2461 3610 2560 3651 sua
2585 3609 2685 3664 per
2711 3593 2848 3648 freta
2881 3591 3070 3646 ludere
3098 3586 3403 3660 Nymphas,

1910 3689 1979 3744 Et
1996 3691 2226 3760 Satyros
2252 3704 2494 3744 mersare
2519 3683 3050 3755 vadis,rudibusque
3079 3679 3299 3738 natandi

1911 3779 2016 3835 Per
2047 3780 2254 3835 medias
2285 3780 2435 3849 exire
2459 3793 2686 3835 manus:
2710 3778 2838 3832 dum
2871 3775 3078 3832 lubrica
3110 3774 3240 3830 salsi

1910 3873 2150 3929 Membra
2179 3880 2394 3942 petunt,
2426 3869 2772 3941 liquidosque
2808 3868 2992 3924 fovent
3025 3882 3124 3937 pro
3146 3877 3378 3935 corpore
3410 3862 3514 3916 ﬂu-

3303 3959 3469 4029 lctus.

1911 4062 2016 4119 Sed
2049 4077 2154 4117 non
2186 4060 2302 4115 hinc
2323 4068 2564 4132 spectata
2594 4059 2710 4125 ulli,
2747 4074 2849 4114 nec
2887 4057 3102 4128 cognita
3134 4054 3278 4120 visu,

1913 4157 2018 4213 Fas
2045 4156 2176 4212 mibi
2199 4156 2269 4211 sit
2293 4169 2393 4226 pro
2414 4163 2571 4224 parte
2595 4151 2780 4223 loqui;
2808 4159 3020 4207 secreta
3053 4158 3282 4216 tegatur,

1843 4261 1846 4265 ’
1914 4252 1984 4308 Ει
2011 4249 2301 4307 commissa
2317 4247 2431 4303 suis
2463 4247 2629 4302 lateat
2657 4245 2964 4301 reverentia
2997 4242 3145 4296 rivis.

1914 4345 2008 4400 Illa
2031 4342 2254 4399 fruenda
2285 4341 2462 4411 palam
2494 4340 2727 4410 species.
2754 4352 2877 4392 cum
2897 4337 3122 4407 glaucus
3152 4347 3328 4402 opaco

1913 4436 2226 4506 ReSpOnilet
2253 4433 2375 4489 colli
2409 4431 2646 4497 ﬂuvius;
2678 4430 2935 4486 frondere
2965 4426 3222 4482 videntur

1916 4526 2186 4583 Fluminci
2217 4526 2428 4590 latices,
2457 4533 2513 4580 et
2539 4524 2764 4594 palmite
2797 4523 3042 4576 consitus
3075 4519 3272 4574 amnis.

1913 4624 2048 4690 Quis
2075 4622 2226 4678 color
2245 4622 2334 4678 ille
2354 4620 2527 4686 vadis,
2559 4634 2711 4674 seras
2739 4633 2862 4673 cum
2887 4615 3112 4684 protulit
3137 4612 3363 4668 umbras

1915 4718 2214 4786 Hesperus,
2237 4725 2292 4770 et
2323 4715 2480 4769 viridi
2515 4711 2796 4784 profundit
2827 4719 3016 4766 monte
3046 4704 3367 4764 Mosellam?

1914 4809 2050 4865 Tota
2085 4816 2276 4862 natant
2305 4804 2503 4874 crispis
2528 4805 2658 4876 juga
2680 4803 2942 4869 motibus,
2984 4811 3041 4856 et
3070 4800 3255 4857 tremit
3285 4797 3484 4851 absens

1913 4899 2230 4972 Parnpinus,
2258 4909 2314 4956 et
2349 4898 2540 4954 vitreis
2572 4896 2843 4952 vindemia
2877 4903 3058 4964 turget
3091 4893 3144 4948 in
3169 4890 3365 4954 undis;

1917 4999 2258 5051 Annumerat
2278 4991 2488 5047 virides
2518 4990 2733 5045 derisus
2759 4987 2936 5043 navita
2966 4988 3132 5051 vites,

1919 5087 2109 5142 Navita
2140 5084 2401 5140 caudiceo
2429 5083 2644 5137 ﬂuitans
2677 5097 2843 5151 super
2879 5093 3095 5150 aequora
3131 5074 3331 5139 lembo,

1919 5178 2026 5235 Per
2052 5175 2288 5233 medium
2319 5191 2424 5245 qua
2453 5190 2574 5231 sese
2606 5176 2751 5229 amni
2773 5169 3059 5229 confundit
3078 5169 3260 5236 imago

1920 5272 2110 5338 Collis,
2140 5279 2197 5326 et
2217 5271 2531 5326 umbrarum
2555 5267 2791 5324 confinia
2823 5262 3067 5320 conserit
3096 5257 3292 5314 amnis.

1994 5366 2121 5420 llazc
2171 5376 2388 5434 quoque
2445 5376 2606 5434 quam
2650 5359 2842 5415 dulces
2871 5355 3156 5410 celebrant
3204 5345 3514 5420 spectacula

3203 5444 3475 5518 [pompas,

1914 5549 2242 5620 Remipedes
2265 5547 2444 5604 medio
2471 5556 2688 5605 certant
2716 5559 2840 5601 cum
2871 5539 3095 5596 ﬂumine
3117 5537 3310 5602 lembi,

1917 5646 1983 5700 Et
2011 5645 2191 5698 varios
2213 5641 2403 5697 ineunt
2425 5641 2622 5704 ﬂexus,
2652 5635 2965 5703 viridesque
2994 5645 3088 5700 per
3122 5644 3248 5684 oras

1916 5739 2201 5804 Stringunt
2227 5734 2458 5788 attousis
2489 5731 2743 5802 pubentia
2770 5725 3015 5798 germina
3046 5723 3221 5794 pratis
3250 5725 3263 5775 !

1916 5830 2197 5902 Puppibus
2225 5839 2274 5884 ct
2311 5828 2486 5897 proris
2519 5828 2728 5880 alacres
2759 5818 2960 5892 gestire
2983 5816 3298 5894 magistros,
