4072 6306
609 276 713 343 891
1995 270 2171 344 DECII

2265 267 2495 343 tisana
3749 290 3838 364 tat

606 400 1001 472 lmpuhemquc
1023 406 1243 455 manum
1271 406 1438 469 super
1476 398 1690 455 amnica
1738 405 1890 473 terga
1915 404 2204 473 vagantem
2232 397 2283 460 A
2311 399 2550 472 Torpida
2592 404 2878 475 supretnos
2898 403 3103 477 patitur
3127 404 3240 477 iam
3265 405 3437 464 cauda
3464 410 3722 487 tremores,

610 495 748 551 Dum
780 500 990 562 spectat
1015 492 1272 558 transire,
1304 490 1429 549 dein
1451 506 1547 546 sua
1571 492 1717 548 seria
1750 495 1883 548 Iuda

610 584 904 641 Posthabet
929 602 941 638 :
965 581 1208 640 excludit
1231 592 1444 641 veteres
1466 598 1605 640 nova
1630 585 1806 656 gratia
1828 595 2011 644 curas.

609 677 776 733 Tales
798 677 1043 732 Cumano
1067 675 1352 747 despectat
1375 677 1432 732 in
1451 690 1672 749 aequare
1693 676 1853 735 ludos

607 773 794 842 Liber,
819 774 1104 844 sulphurei
1136 790 1260 831 cum
1295 787 1393 845 per
1417 778 1545 849 luga
1568 778 1777 833 consita
1800 779 1992 848 Gauri,-

606 868 818 937 Perque
853 867 1153 937 vaporiferi
1183 868 1433 938 graditur
1473 870 1657 926 vineta
1684 869 1916 938 Vesevi;

607 959 741 1017 Cum
773 960 977 1029 Venus,
1010 960 1250 1017 Actiacis
1280 963 1512 1034 Augusti
1542 964 1664 1019 laeta
1691 964 2003 1037 triumphis,

607 1052 822 1109 Ludere
849 1052 1085 1109 lascivos
1116 1053 1227 1109 fera
1252 1054 1440 1123 praelia
1468 1056 1636 1125 jussit
1663 1056 1918 1127 Amores,

606 1143 800 1213 Qualia
833 1144 1059 1200 Niliaca
1083 1144 1288 1202 classes
1307 1146 1589 1218 Latiaeque
1614 1148 1865 1206 triremes

609 1236 811 1294 Subter
840 1239 1145 1309 Apollineae
1172 1251 1465 1310 gesserunt
1494 1241 1779 1298 Leucados
1801 1254 1988 1311 arces;

612 1332 722 1385 Aut
744 1329 1061 1399 Pompeiani
1094 1331 1372 1402 Mylasena
1413 1334 1655 1403 pericula
1688 1334 1812 1391 belli

612 1422 871 1477 Euboicae
903 1421 1149 1479 referunt
1171 1440 1267 1495 per
1305 1430 1516 1481 Averna
1548 1429 1798 1483 sonantia
1827 1431 2062 1501 cymba}.

612 1517 888 1573 Innocuos
918 1518 1118 1572 rat-ium
1143 1519 1355 1590 pulsus,
1389 1530 1709 1593 pugnasque
1728 1524 1974 1594 iocantes

615 1607 986 1676 Naumachiae,
1009 1609 1192 1665 Siculo
1213 1612 1403 1683 quales
1423 1622 1706 1683 spectante
1734 1618 1956 1688 Peloro,

613 1700 895 1756 Cleruleus
922 1701 1081 1757 viridi
1100 1714 1319 1773 reparat
1340 1705 1444 1760 sub
1470 1704 1709 1778 imagine
1736 1721 1956 1779 pontus.

613 1793 731 1850 Non
761 1795 923 1849 aliam
954 1796 1195 1865 speciem
1220 1798 1996 1875 petulatttihusadditephebis

614 1890 1014 1960 Pubertasque,
1039 1893 1349 1962 amnisque,
1381 1903 1435 1950 et
1458 1896 1589 1965 picti
1621 1907 1796 1953 rostra
1836 1900 2063 1970 phaseli.

614 1983 726 2040 Hos
756 1984 1086 2055 Hyperionia
1115 2000 1238 2039 cum
1258 1986 1338 2041 sal
1368 1988 1663 2057 perfuderit
1686 1999 1844 2059 aestu,

612 2076 819 2132 Reddit
848 2075 1094 2132 nautales
1126 2078 1303 2135 vitrea
1324 2076 1427 2135 sub
1450 2083 1662 2153 gurgite
1684 2084 1912 2153 formas,

615 2169 683 2225 Et
707 2168 905 2239 redigit
928 2170 1138 2240 pandas
1164 2173 1366 2227 inversi
1400 2176 1647 2244 corporis
1678 2178 1922 2233 umbras.

617 2261 796 2333 thue
821 2263 989 2333 agiles
1012 2274 1193 2318 motus
1222 2266 1415 2321 dextra
1454 2268 1701 2339 laevaque
1731 2270 2101 2343 frequentant,

617 2355 686 2411 Et
712 2359 1061 2411 commutatis
1084 2358 1361 2415 alternant
1391 2362 1640 2430 pondera
1667 2366 1855 2435 remis,

619 2449 773 2505 Unda
800 2452 969 2507 refert
994 2453 1131 2508 alios
1150 2455 1440 2511 simulacra
1471 2458 1749 2514 humentia
1776 2468 1994 2518 nautas.

614 2543 734 2614 ipsa
761 2559 859 2600 suo
886 2544 1084 2616 gaudet
1114 2550 1465 2607 simulamina
1494 2555 1711 2609 nautica
1736 2556 1930 2626 pubes,

616 2637 862 2695 Failaces
890 2639 1059 2695 ﬂuvio
1103 2644 1298 2696 mirata
1339 2645 1523 2702 redire
1553 2647 1775 2719 figuras.

618 2731 711 2788 Sic
739 2733 829 2787 ubi
861 2735 1198 2806 compositos
1228 2748 1568 2796 ostentatum
1598 2744 1851 2813 capillos,

616 2825 949 2884 Candentem
982 2830 1089 2887 late
1119 2834 1327 2901 speculi
1356 2836 1697 2905 explorantis
1728 2838 1990 2897 honorem

617 2918 750 2974 Cum
777 2921 1010 2991 primum
1031 2922 1209 2979 chara:
1237 2927 1422 2981 nutrix
1454 2928 1701 2985 admovit
1730 2933 1994 3004 alumnae,

618 3014 767 3070 Latta
792 3015 1047 3088 ignorata
1071 3017 1274 3076 fruitur
1300 3022 1613 3094 virguncula
1656 3026 1811 3096 ludo,

617 3104 1010 3180 Germanusque
1038 3120 1193 3180 putat
1223 3112 1453 3169 formam
1498 3127 1748 3188 spectare
1774 3120 1996 3191 puellae:

617 3198 816 3255 Oscula
843 3200 1069 3274 fulgenti
1096 3204 1192 3260 dat
1230 3222 1339 3262 non
1369 3209 1657 3266 referenda
1685 3214 1928 3281 metallo,

616 3291 725 3347 Aut
755 3292 894 3349 fixas
926 3306 1212 3365 prattcntat
1235 3315 1387 3371 acus,
1423 3310 1515 3359 aut
1556 3303 1758 3363 frontis
1788 3308 1855 3363 ad
1881 3323 2033 3365 oram

617 3382 860 3441 Vibratis
885 3400 1091 3458 coaptat
1113 3390 1298 3462 digitis
1326 3396 1624 3455 extendere
1653 3402 1837 3457 crines
1864 3419 1879 3457 :

619 3475 771 3531 Talis
796 3479 862 3533 ad
883 3482 1197 3538 umbrarum
1217 3485 1449 3542 ludibria
1477 3491 1691 3547 nautica
1723 3494 1895 3564 pubes

618 3568 905 3639 Ambiguis
930 3570 1129 3628 fruitur
1154 3578 1269 3630 veri
1300 3576 1532 3650 falsique
1572 3583 1780 3654 ﬁguris.

693 3664 811 3719 iam
844 3680 974 3721 vero
1002 3682 1260 3726 accessus
1288 3669 1478 3731 faciles
1502 3690 1609 3748 qua
1635 3681 1751 3751 ripa
1782 3683 2074 3755 ministrat,

621 3754 911 3813 Scrutatur
951 3770 1067 3819 toto
1099 3767 1409 3836 populatrix
1432 3771 1588 3827 turba
1620 3775 1890 3842 profundo

621 3848 737 3905 Heu
758 3852 772 3904 l
796 3853 937 3909 male
963 3854 1216 3914 defensos
1239 3863 1506 3930 penetrali
1530 3860 1753 3924 ﬂumine
1788 3870 1995 3940 pisces!

620 3943 721 3999 llic
745 3946 926 4001 media
955 3952 1144 4019 procul
1174 3969 1331 4010 amne
1362 3957 1582 4014 trahens
1612 3960 1889 4019 humentia
1937 3965 2066 4033 lina,

619 4033 852 4094 Nodosis
882 4038 1111 4111 decepta
1143 4045 1315 4115 plagis
1339 4051 1592 4105 examina
1622 4052 1812 4119 vertit;

619 4126 718 4182 Ast
744 4129 830 4185 hic
854 4135 1151 4219 tranquillo
1182 4154 1290 4207 qua
1314 4140 1514 4198 labitur
1533 4147 1750 4215 agmine
1775 4148 2000 4219 ﬂumen,

620 4219 776 4276 Ducit
801 4216 1059 4282 corticeis
1074 4227 1338 4287 ﬂuitantia
1373 4235 1508 4290 retia
1530 4236 1719 4308 signis.

617 4311 713 4409 ille
741 4323 920 4372 autem
949 4321 1193 4391 scopulis
1223 4326 1498 4397 suhjectas
1523 4346 1731 4402 pronus
1758 4335 1813 4391 in
1846 4337 2039 4409 undas,

620 4405 850 4464 inclinat
878 4412 1039 4468 lenta:
1076 4430 1323 4474 convexa
1352 4424 1637 4479 cacumina
1664 4428 1853 4499 virgas,

620 4496 842 4556 indutos
871 4507 1014 4559 escis
1038 4506 1250 4575 jaciens
1279 4510 1574 4570 lethalibus
1598 4496 1814 4575 hamos.

617 4589 771 4658 Quas
795 4595 984 4663 ignara
1013 4597 1123 4653 doli
1147 4614 1431 4673 postquam
1471 4623 1606 4680 vaga
1637 4611 1796 4667 turha
1820 4622 2101 4671 natantum

616 4681 865 4741 Rictibus
885 4687 1105 4755 invasit,
1125 4694 1434 4764 patulosque
1458 4713 1554 4765 per
1582 4701 1769 4758 intima
1798 4703 1984 4763 fauces

615 4778 747 4834 Sera
771 4780 1027 4836 occultati
1053 4797 1345 4841 senserunt
1373 4790 1594 4847 vulnera
1622 4794 1774 4864 ferri,

619 4873 755 4929 Dum
787 4876 1083 4946 trepidant,
1117 4879 1260 4935 subit
1285 4881 1563 4951 indicium,
1592 4890 1885 4963 crispaque
1914 4898 2137 4952 tremori

623 4966 895 5024 Vibrantis
919 4978 1051 5026 seta:
1081 4983 1280 5028 nutans
1303 4980 1575 5034 consentit
1609 4981 1872 5039 harundo.

615 5059 727 5117 Nec
756 5076 907 5118 mora
941 5083 952 5120 :
981 5076 1033 5121 et
1058 5081 1342 5124 excussam
1374 5072 1627 5128 stridenti
1669 5079 1903 5134 verbere
1931 5079 2171 5150 prmdam

616 5154 846 5211 Dextera
880 5157 936 5212 in
961 5159 1243 5230 obliquum
1269 5170 1448 5232 raptat
1475 5180 1628 5235 puer.
1656 5167 1871 5239 Excipit
1898 5170 2067 5228 letum

613 5247 867 5319 Spiritus,
905 5264 964 5306 ut
992 5254 1182 5310 fractis
1209 5256 1479 5324 quondam
1507 5274 1605 5329 per
1633 5262 1793 5320 inane
1815 5264 2044 5337 ﬂagellis

614 5338 759 5395 Aura
782 5356 991 5415 crepat,
1018 5356 1277 5419 motoque
1296 5351 1538 5406 assibilat
1555 5366 1682 5410 aere
1709 5364 1922 5414 ventus.

614 5431 905 5493 Exsultant
938 5439 1057 5493 udae
1083 5457 1250 5509 super
1280 5441 1429 5497 arida
1462 5459 1590 5499 saxa
1615 5450 1838 5517 rapinae,

613 5526 964 5600 Luciferique
994 5548 1195 5604 pavent
1222 5530 1438 5591 iethalia
1466 5539 1570 5593 tela
1605 5540 1737 5596 diei.

614 5621 826 5692 Quique
857 5628 957 5681 sub
983 5644 1142 5685 amne
1172 5644 1272 5685 sua
1296 5633 1489 5687 mansit
1519 5633 1691 5702 vigor,
1723 5650 1850 5693 aere
1872 5649 2060 5696 nostra

614 5715 806 5785 Segnis
838 5719 1107 5775 anhelatis
1135 5725 1297 5777 vitam
1326 5726 1597 5780 consumit
1640 5725 1692 5781 in
1714 5729 1879 5785 auris.

615 5805 734 5864 Jan:
758 5812 912 5884 piger
933 5812 1174 5871 invalido
1199 5815 1442 5873 vibratur
1468 5832 1701 5891 corpore
1732 5822 1979 5893 plausus;

2306 494 2417 551 Nec
2438 505 2641 552 coeunt
2663 492 2864 565 rictus;
2898 499 3124 556 haustas
3153 501 3249 558 sed
3290 501 3523 561 hiatibus
3554 521 3696 566 auras

2306 588 2505 645 Reddit
2533 590 2848 649 mortiferas
2871 591 3160 666 exspirans
3181 595 3638 671 branchiagﬂatus.
3706 649 3722 677 ἧ

2310 683 2402 741 Sic
2430 684 2517 740 ubi
2548 685 2771 743 fabriles
2798 696 3018 745 exercet
3042 690 3270 761 spiritus
3295 692 3469 763 ignes,

2310 778 2521 848 Accipit
2542 778 2757 835 alterno
2779 782 3109 853 cohibetque
3129 782 3398 841 foramine
3424 794 3602 844 ventos

2310 874 2492 931 Lanea
2514 877 2748 947 sagineis
2769 877 3021 934 alludens
3048 892 3235 950 parma
3258 880 3523 936 cavernis.

2309 970 2431 1028 Vidi
2457 979 2677 1042 egomet
2698 970 2964 1043 quosdam
2990 971 3120 1029 iethi
3151 974 3252 1030 sub
3283 974 3394 1032 fine
3422 980 3701 1036 trementes

2308 1064 2610 1137 Collegisse
2636 1065 2848 1121 anilitas
2876 1079 2889 1120 ε
2925 1080 3051 1122 mox
3087 1066 3140 1121 in
3168 1064 3405 1124 sublime
3430 1069 3638 1139 citatos,

2310 1156 2521 1213 Cernua
2544 1156 2847 1228 subjectum
2878 1173 3123 1230 praeceps
3149 1159 3281 1216 dare
3309 1174 3543 1232 corpora
3571 1163 3621 1219 in
3649 1176 3844 1235 amnem,

2314 1253 2733 1323 Desperatarum
2764 1253 3037 1323 patientes
3081 1264 3270 1309 rursus
3294 1266 3573 1327 aquarum.

2313 1351 2462 1418 Quos
2491 1346 2667 1418 impos
2695 1346 2879 1402 damni
2905 1362 3039 1419 puer
3071 1349 3409 1405 inconsultus
3436 1351 3502 1404 ab
3530 1351 3632 1406 aito

2315 1440 2553 1511 Impetit,
2584 1449 2639 1495 et
2660 1440 2867 1495 stolido
2898 1448 3083 1511 captat
3132 1456 3398 1513 prensare
3428 1450 3625 1498 natatu.

2316 1533 2405 1591 Sic
2437 1532 2815 1589 Anthedonius
2838 1533 3040 1589 Bis-otia
3072 1544 3172 1606 per
3203 1534 3341 1591 freta
3367 1535 3605 1592 Glaucus

2314 1626 2571 1683 Gramina
2595 1635 2815 1698 gustatu
2848 1636 3131 1697 postquam
3159 1628 3397 1683 exitialia
3435 1628 3613 1685 Circes

2318 1719 2609 1789 Expertus,
2635 1728 2852 1790 carptas
2875 1719 3220 1774 moribundis
3252 1720 3493 1790 piscibus
3511 1720 3697 1778 herbas

2234 1790 2283 1854 Β
2315 1810 2579 1883 Sumpsit,
2613 1810 2963 1883 Carpathium
2987 1810 3154 1868 subiit
3178 1824 3352 1869 novus
3373 1813 3555 1869 accola
3582 1824 3798 1885 pontum.

2318 1907 2415 1964 Ille
2443 1906 2617 1963 hamis
2638 1914 2694 1962 et
2718 1917 2837 1963 rete
2862 1914 3081 1977 patens,
3114 1914 3391 1963 scrutator
3417 1909 3588 1979 aperti

2316 2000 2550 2067 Nereos,
2573 2012 2882 2070 aequoream
2914 1998 3107 2055 solitus
3136 2008 3465 2057 convertere
3491 2001 3710 2073 Tethyn,

2316 2097 2464 2152 inter
2492 2095 2736 2165 captivas
2767 2094 3003 2149 ﬂuitavit
3022 2094 3209 2164 praedo
3231 2104 3508 2151 catervas.

2316 2188 2473 2243 Talia
2500 2186 2823 2251 despectant
2845 2186 3007 2257 longa
3037 2201 3134 2256 per
3155 2187 3356 2242 caerula
3379 2197 3551 2244 tractu

2313 2281 2630 2350 Pendentes
2652 2280 2798 2336 saxis
2829 2278 3051 2335 instanti
3090 2280 3328 2335 culmine
3357 2280 3518 2335 villae.

2316 2377 2461 2446 Quas
2484 2375 2694 2430 medius
2720 2374 2929 2429 dirimit
2951 2374 3189 2429 sinuosis
3212 2373 3446 2428 ﬂexibus
3475 2386 3659 2430 errans

2316 2470 2531 2537 Amnis,
2566 2477 2622 2523 et
2648 2467 2886 2522 alternas
2914 2476 3139 2522 comunt
3168 2467 3419 2535 praetoria
3459 2467 3622 2537 ripas.

2389 2560 2522 2628 Quis
2548 2559 2716 2616 modo
2738 2556 3041 2615 Sestiacum
3066 2559 3306 2629 pelagus,
3332 2557 3687 2628 Nepheleidos
3715 2556 3867 2615 Helles

2317 2653 2528 2724 [Equor
2556 2650 2843 2724 :Ahydeni
2871 2651 3007 2706 freta
3030 2652 3151 2723 quis
3184 2652 3414 2707 miretur
3438 2651 3672 2722 ephebi?

2317 2746 2451 2816 Quis
2472 2744 2841 2801 Chalcedonia
2863 2744 3200 2800 constratum
3238 2744 3309 2799 ab
3336 2745 3522 2801 littore
3554 2753 3783 2816 pontum,

2318 2839 2484 2910 Regis
2514 2853 2653 2910 opus
2680 2837 2878 2908 Magni,
2908 2836 3105 2893 mediis
3137 2836 3375 2907 Euripus
3405 2839 3496 2894 ubi
3513 2838 3669 2895 undis

2319 2933 2661 3004 Europaeque
2682 2932 2935 3003 Asiaeque
2962 2938 3111 2987 vetat
3137 2944 3474 2988 concurrere
3501 2932 3709 2988 terras?

2317 3029 2435 3086 Non
2464 3028 2557 3086 hic
2575 3029 2692 3085 dira
2722 3028 2847 3083 freti
2879 3027 3083 3095 rabies,
3106 3043 3215 3083 non
3240 3042 3383 3083 saeva
3413 3026 3686 3082 furentum

2321 3122 2515 3178 Prasiia
2542 3120 2868 3178 Caurarttm.
2914 3121 3068 3177 Licet
3097 3121 3187 3177 hic
3214 3120 3544 3177 commercia
3575 3120 3755 3191 lingua:

2241 3188 2288 3254 C
2317 3215 2346 3272 J
2356 3230 2579 3287 ungere,
2614 3225 2669 3272 et
2695 3216 2908 3270 alterno
2936 3228 3248 3270 sermonem
3285 3223 3470 3269 texere
3500 3212 3673 3283 pulsu.

2319 3308 2521 3364 Blanda
2546 3307 2859 3364 salutiferas
2891 3307 3221 3376 permiscent
3253 3307 3441 3361 littora
3474 3319 3656 3374 voces,

2316 3403 2385 3459 Et
2414 3417 2602 3467 voces,
2622 3410 2677 3456 et
2708 3412 2847 3470 pene
2875 3414 3088 3455 manus.
3124 3399 3459 3453 Resanantia
3493 3399 3754 3468 utrimque

2318 3493 2497 3550 Verba
2518 3492 2710 3558 refert,
2733 3490 2928 3547 mediis
2952 3490 3228 3546 concurrit
3258 3488 3514 3544 fluctibus
3544 3488 3706 3544 Echo.

2388 3589 2490 3658 Qui
2516 3588 2681 3658 potis,
2714 3586 3029 3641 innumeros
3059 3584 3371 3655 cultusque,
3394 3583 3712 3654 habitusque
3754 3587 3870 3635 reta-

3689 3675 3842 3748 [tens,

2315 3776 2567 3834 Pandere
2599 3774 2895 3831 tectoaicas
2926 3786 3024 3844 per
3048 3773 3261 3845 singula
3290 3773 3496 3844 praedia
3530 3771 3751 3827 formas!

2316 3869 2434 3925 Non
2459 3869 2561 3924 hoc
2583 3877 2805 3938 spernat
2829 3878 2967 3937 apus
2986 3865 3289 3938 Gortynius
3315 3860 3507 3937 aliger,
3535 3865 3664 3921 tedis

2314 3960 2583 4018 Conditor
2610 3960 2889 4027 Euboicae,
2919 3974 3078 4015 casus
3102 3975 3265 4030 quem
3288 3960 3497 4030 ﬁngere
3525 3960 3578 4015 in
3606 3971 3733 4013 auro

2315 4054 2615 4111 Conantem
2650 4053 2870 4121 icarios,
2902 4054 3059 4122 patrii
3093 4053 3349 4125 pepulere
3378 4052 3614 4110 dolores.

2314 4146 2432 4203 Non
2458 4146 2616 4203 Philo
2633 4145 2962 4215 Cecropius;
2991 4158 3097 4200 non
3122 4147 3213 4216 qui
3246 4145 3495 4201 laudatus
3522 4145 3590 4202 ab
3611 4144 3754 4201 hoste

2315 4240 2474 4297 Clara
2500 4239 2772 4312 Syracosii
2803 4240 2969 4294 traxit
3004 4241 3305 4295 certamina
3336 4239 3480 4295 belli.

2315 4334 2525 4390 Forsan
2556 4342 2612 4389 et
2638 4333 2881 4403 insignes
2911 4332 3301 4404 hominumque
3332 4342 3668 4403 operumque
3688 4318 3867 4385 labores

2316 4426 2413 4483 Hic
2444 4427 2630 4483 habuit
2659 4426 2875 4482 decimo
2901 4424 3180 4482 celebrata
3208 4425 3486 4482 volumine
3519 4425 3675 4481 Marci

2315 4517 2662 4584 llehdamas;
2691 4517 2780 4574 hic
2807 4517 2941 4572 clari
2962 4518 3187 4588 viguere
3207 4517 3535 4574 Menecratis
3558 4525 3720 4582 artes,

2233 4572 2289 4638 Β
2317 4572 2494 4683 Atque
2516 4572 2720 4680 Ephesi
2750 4617 2994 4680 spectata
3020 4572 3239 4677 manus,
3271 4610 3357 4666 vel
3384 4611 3441 4666 in
3463 4624 3590 4667 arce
3615 4609 3842 4667 Minerva

2314 4706 2539 4776 Ictinos,
2566 4708 2778 4777 magico
2800 4706 2884 4762 cui
2918 4713 3118 4761 noctua
3148 4707 3344 4777 perlita
3369 4708 3492 4764 fuco

2214 4860 2217 4865 ,
2313 4799 2498 4855 Allicit
2526 4812 2686 4855 omne
2713 4814 2886 4870 genus
2911 4800 3191 4869 volucres,
3220 4802 3548 4872 perimitque
3578 4799 3784 4856 tuenda.

2313 4891 2580 4949 Conditor
2600 4892 2690 4949 hic
2712 4893 2894 4949 forsan
2918 4893 3087 4950 fuerit
3112 4894 3483 4950 Ptolemaidos
3505 4895 3640 4950 adiat

2316 4985 2669 5054 Dinochares,
2704 4986 2920 5056 quadra
2948 4982 3036 5042 cui
3065 4988 3117 5041 in
3143 4987 3355 5059 fastigia
3380 5004 3522 5044 cana

2312 5079 2513 5150 Surgit,
2545 5089 2599 5135 et
2622 5080 2737 5149 ipsa
2760 5090 2892 5136 suas
2921 5082 3194 5136 consumit
3224 5082 3474 5154 Pyramis
3504 5082 3734 5149 umbras,

2312 5172 2505 5229 Jussus
2536 5174 2607 5229 ob
2628 5174 2821 5230 incauti
2856 5176 2945 5246 qui
2976 5175 3253 5244 quondam
3284 5176 3459 5232 foedus
3487 5179 3686 5233 amaris

2313 5265 2584 5321 Arsinoen
2612 5265 2797 5321 Pltarii
2828 5266 3113 5337 suspendit
3135 5268 3188 5322 in
3217 5279 3345 5322 aere
3377 5270 3588 5340 templi.

2312 5356 2499 5428 Spirat
2528 5359 2669 5414 enim
2701 5357 2827 5415 tecti
2848 5360 3122 5416 testudine
3142 5372 3269 5417 vera
3300 5361 3581 5432 Magnetis,

2314 5447 2853 5519 Affictamquetrahit
2874 5452 3077 5508 ferrato
3104 5453 3258 5509 crine
3286 5455 3542 5525 puellam.

2314 5542 2426 5597 Hos
2447 5557 2579 5613 ergo
2601 5554 2696 5598 aut
2718 5545 2910 5600 horum
2941 5545 3150 5601 similes
3172 5556 3256 5602 est
3283 5549 3511 5604 credere
3534 5547 3747 5617 dignum

2314 5637 2601 5708 Belgarum
2632 5640 2685 5693 in
2718 5642 2875 5696 terris
2905 5654 3100 5697 scenas
3124 5643 3367 5708 posuisse
3381 5642 3683 5707 domorum,

2314 5730 2530 5786 Malitos
2549 5732 2725 5788 celsas
2754 5731 2901 5788 fluvii
2931 5733 3278 5790 decoramina
3312 5734 3489 5790 villas.

2318 5824 2446 5882 llaec
2476 5834 2560 5885 est
2583 5827 2747 5885 nativi
2771 5826 3017 5888 sublimis
3042 5828 3096 5886 in
3127 5840 3324 5901 aggere
3342 5830 3459 5889 saxi
3477 5846 3496 5901 ;
