4072 6306
198 297 310 357 898

201 418 330 474 llaec
349 414 737 486 procurrentis
766 412 983 469 fundata
1013 411 1300 482 crepidine
1322 411 1488 482 ripae;

205 514 332 568 llaec
367 509 605 580 refugit,
635 519 966 580 captumque
992 507 1112 564 sinu
1136 507 1242 563 sibi
1266 508 1504 563 vindicat
1529 521 1775 564 amnem.

206 609 299 664 Illa
334 616 535 662 tenens
562 606 784 670 collem,
815 603 911 676 qtti
937 603 1203 674 plurimus
1225 603 1476 660 imminet
1500 603 1671 674 amni,

204 702 448 770 Usurpat
474 699 669 756 faciles
699 711 797 770 per
827 698 999 763 culta,
1028 712 1127 768 per
1150 711 1344 768 aspera
1379 698 1563 765 visus;

211 795 393 866 thue
413 795 534 851 suis
560 794 761 848 fruitur
791 792 950 847 dives
976 790 1282 861 speculatio
1311 790 1491 847 terris.

206 888 346 956 Quin
371 887 542 943 etiam
567 885 739 956 riguis
771 883 963 940 humili
991 880 1128 952 pede
1157 881 1377 937 condita
1413 882 1583 950 pratis

207 980 548 1049 Compensat
579 977 711 1034 celsi
737 976 878 1032 bona
909 974 1182 1032 naturalia
1212 974 1437 1041 montis,

208 1071 551 1141 Sublintique
583 1070 800 1126 minans
830 1067 1086 1137 irrumpit
1110 1066 1164 1120 in
1195 1065 1402 1121 aethera
1437 1059 1602 1134 tecto,

205 1165 504 1222 Ostentans
531 1163 723 1228 altam,
751 1162 959 1220 Pharos
982 1169 1044 1215 ut
1069 1157 1442 1228 Memphitica,
1489 1158 1702 1213 turrim.

205 1259 344 1314 lluic
375 1257 664 1328 proprium
688 1263 774 1311 est
794 1255 1011 1310 clausos
1036 1261 1300 1322 consepta
1331 1252 1543 1322 gurgite
1567 1251 1743 1323 pisces

205 1349 438 1422 Aprieas
465 1348 823 1419 scopulorum
854 1347 994 1402 inter
1024 1355 1249 1415 captare
1274 1342 1520 1398 novales.

205 1445 333 1500 llaec
361 1445 599 1500 summis
622 1443 804 1498 innixa
834 1439 981 1511 iugis
1001 1439 1239 1495 labentia
1271 1437 1458 1494 subter

204 1539 461 1595 Flumina
487 1537 754 1607 despectu
777 1536 888 1606 jam
917 1535 1193 1604 caligante
1222 1540 1423 1588 tuetur.

204 1634 358 1689 Atria
390 1632 524 1701 quid
551 1636 852 1688 memdrem
873 1629 1233 1685 viridantibus
1263 1626 1430 1683 assita
1463 1625 1670 1696 pratis?

205 1721 638 1790 Innumerisque
665 1734 829 1788 super
855 1718 1097 1773 nutantia
1122 1725 1262 1772 tecta
1295 1714 1599 1770 columnis?

205 1815 344 1883 Quid
375 1829 504 1884 qua:
531 1812 824 1882 sulphurea
847 1809 1153 1866 substructa
1176 1806 1458 1879 crepidine
1494 1804 1704 1860 fumant

209 1909 433 1974 Balnea,
472 1907 710 1963 ferventi
733 1921 852 1962 cunt
877 1904 1137 1960 Mulciber
1165 1903 1388 1958 haustus
1417 1911 1628 1972 operto,

203 1999 391 2056 Volvit
413 1999 706 2054 anhelatas
730 1997 954 2053 tectoria
979 2012 1074 2067 per
1096 2010 1230 2050 cava
1259 1993 1530 2059 flammas,

207 2092 488 2148 Inclusum
522 2092 834 2161 glomerans
863 2098 998 2146 aestu
1025 2090 1345 2158 esspirante
1367 2087 1667 2159 vaporem?

207 2187 328 2242 Vidi
360 2170 467 2257 ego
496 2185 748 2240 defessos
771 2183 945 2239 multo
971 2181 1172 2239 sudore
1193 2181 1394 2236 lavacri

206 2281 510 2336 Fastidisse
537 2279 690 2334 lacus
711 2288 767 2334 et
795 2277 992 2348 frigora
1025 2277 1380 2348 piscinarum,

207 2376 274 2432 Ut
302 2376 445 2430 vivis
474 2373 791 2429 fruerentur
825 2371 1013 2443 aquis;
1043 2385 1170 2425 mox
1200 2383 1362 2424 amne
1391 2367 1596 2423 refotos

205 2467 497 2524 Plaudenti
530 2465 763 2537 gelidum
793 2463 995 2520 flumen
1032 2463 1310 2535 pepulisse
1342 2469 1552 2516 natatu.

204 2563 359 2632 Quod
383 2562 433 2618 si
461 2560 721 2617 Cumanis
744 2560 847 2615 huc
868 2559 1065 2615 afforet
1085 2558 1284 2629 hospes
1307 2557 1375 2612 ab
1407 2557 1545 2626 oris,

204 2655 475 2712 Crederet
505 2653 776 2711 Euboicas
799 2653 1087 2708 simulacra
1110 2651 1307 2706 exsilia
1325 2648 1488 2705 Baias

207 2751 302 2806 llis
328 2750 574 2805 donasse
597 2748 773 2804 locis:
807 2755 988 2802 tantus
1021 2747 1308 2814 cultusque
1340 2745 1596 2815 nitorque

205 2843 421 2910 Allicit,
453 2851 508 2898 et
538 2842 742 2897 nullum
768 2843 909 2912 parit
927 2840 1220 2896 oblectatio
1243 2839 1447 2894 luxum.

273 2935 384 2992 Sed
411 2934 545 2990 mihi
571 2935 663 3004 qui
687 2933 902 2990 tandem
927 2933 1048 2988 linis
1071 2942 1156 2988 tua
1180 2932 1368 3004 glauca
1391 2932 1593 2987 fluenta

207 3032 428 3100 Dicere,
461 3029 905 3100 dignandumque
964 3029 1099 3083 mari
1151 3041 1458 3083 memorare
1493 3025 1810 3083 Mosellam?

205 3125 486 3182 lnnumeri
519 3123 664 3194 quod
697 3133 747 3179 te
768 3123 983 3178 diversa
1016 3137 1112 3191 per
1140 3121 1278 3176 ostia
1303 3121 1413 3176 late

207 3221 498 3274 Incurrunt
520 3217 751 3272 amnes?
778 3231 1106 3286 quamquam
1129 3213 1350 3270 differre
1379 3223 1590 3270 meatus

207 3311 476 3372 Possent;
509 3309 606 3364 sed
632 3309 879 3364 celerant
909 3310 960 3362 in
1003 3318 1056 3364 te
1077 3323 1402 3363 consumere
1426 3323 1646 3364 nomen.

205 3403 453 3475 Namque
481 3411 540 3457 et
567 3401 807 3456 Pronaete
828 3401 1182 3470 Nemesazque
1211 3400 1392 3469 adjuta
1431 3409 1616 3456 meatu

206 3496 350 3552 Sura
384 3504 509 3551 tuas
527 3501 788 3564 properat
819 3508 923 3547 non
951 3493 1287 3563 degenerare
1305 3493 1407 3548 sub
1431 3495 1625 3565 undas,

207 3590 344 3647 Sura
379 3589 698 3658 interceptis
737 3587 831 3642 tibi
853 3585 1153 3657 gratificata
1176 3585 1426 3640 liuentis:

207 3684 456 3739 Nobilius
487 3681 750 3750 permixta
781 3689 873 3735 tuo
897 3680 998 3734 sub
1025 3679 1266 3745 nomine,
1293 3695 1452 3748 quant
1480 3680 1524 3733 si

207 3775 520 3849 lgnoranda
563 3775 702 3845 patri
733 3773 1092 3830 confunderet
1122 3773 1263 3828 ostia
1315 3781 1482 3843 ponto
1511 3791 1524 3828 :

207 3873 284 3929 Te
313 3871 538 3942 rapidus
570 3869 778 3933 Gelhis,
804 3877 854 3924 te
876 3883 1148 3926 marmore
1167 3867 1346 3922 clarus
1370 3865 1616 3922 Erubrus

209 3965 496 4021 Festinant
527 3962 742 4017 famulis
771 3961 1176 4031 quamprimum
1225 3957 1522 4014 allambere
1557 3956 1810 4029 lymphis,

207 4059 498 4116 Nobilibus
527 4056 711 4114 Gelbis
742 4056 1043 4112 celebratus
1066 4054 1304 4124 piscibus
1331 4070 1346 4106 :
1371 4052 1460 4108 ille

207 4151 484 4223 Praecipiti
519 4160 779 4220 torquens
803 4148 1034 4204 cerealia
1061 4162 1188 4201 saxa
1216 4155 1419 4211 rotatu,

208 4246 629 4314 Stridentesque
653 4241 874 4297 trahens
906 4255 1000 4310 per
1026 4240 1168 4296 levia
1196 4251 1464 4293 marmora
1488 4252 1669 4296 serras

209 4341 378 4399 Audit
401 4347 694 4411 perpetuos
715 4335 830 4404 ripa
856 4351 923 4392 ex
953 4342 1184 4404 utraque
1205 4331 1490 4388 tumultus.

209 4439 494 4494 Praetereo
524 4431 721 4488 exilem
752 4429 1010 4485 Lesuram
1037 4472 1051 4496 ,
1085 4435 1408 4496 tenuemque
1435 4425 1810 4494 Drachonum,

215 4531 329 4586 Nec
356 4525 627 4584 fastiditos
644 4524 915 4580 Salmonaa
936 4535 1136 4591 usurpo
1159 4522 1379 4575 liuores.

218 4623 452 4694 Naviger
482 4619 745 4676 undisona
771 4617 972 4674 dudum
999 4632 1087 4672 me
1114 4615 1260 4670 mole
1296 4614 1530 4670 Saravus

217 4718 382 4773 Torta
412 4722 567 4770 veste
597 4721 753 4768 vocat
778 4730 790 4764 :
817 4711 1037 4781 longum
1069 4709 1156 4778 qui
1179 4707 1385 4762 distulit
1411 4723 1651 4776 amnem,

215 4811 383 4868 Fessa
407 4810 511 4865 sub
539 4807 793 4878 Augustis
819 4815 876 4862 ut
903 4804 1146 4860 volveret
1171 4803 1306 4857 ostia
1338 4803 1525 4859 muris.

217 4907 328 4962 Nec
367 4903 548 4958 minor
580 4902 702 4967 hoc,
737 4901 960 4956 tacitum
985 4899 1072 4966 qui
1106 4911 1204 4965 per
1235 4895 1348 4950 sola
1376 4895 1594 4967 pinguia
1626 4894 1815 4954 labens

213 4997 446 5066 Stringit
479 4993 762 5062 frugiferas
791 4991 922 5048 felix
950 4989 1215 5044 Alisontia
1249 4988 1416 5058 ripas,

213 5089 360 5144 Mille
388 5086 504 5152 alii,
541 5091 703 5154 prout
733 5097 1001 5153 quemque
1028 5095 1160 5136 suus
1182 5080 1350 5150 magis
1374 5080 1606 5150 impetus
1635 5089 1812 5150 urget,

216 5183 354 5238 Esse
380 5179 456 5235 ttti
484 5178 734 5246 cupiunt.
759 5176 960 5231 Tantus
991 5175 1403 5244 properantibus
1437 5174 1595 5228 undis

216 5273 494 5339 Ambitus,
528 5279 622 5324 aut
645 5269 837 5324 moles.
862 5265 1015 5335 Quod
1048 5267 1093 5323 si
1121 5266 1243 5334 tibi,
1266 5265 1352 5320 dia
1373 5265 1615 5332 Mosella,

215 5367 450 5438 Smyrna
477 5378 634 5418 suum
663 5370 836 5416 vatem
856 5401 870 5424 ,
901 5359 984 5415 vel
1014 5359 1230 5413 Mantua
1253 5358 1399 5414 clara
1427 5357 1666 5414 dedisset
1691 5374 1705 5410 :

215 5458 452 5516 Cederet
474 5455 649 5510 Iliacis
677 5452 877 5509 Simois
900 5461 1229 5506 memoratus
1253 5453 1305 5506 in
1328 5453 1461 5520 oris,

216 5551 326 5608 Nec
359 5549 622 5621 praeferre
645 5560 771 5601 suos
797 5542 1022 5598 auderet
1047 5542 1228 5599 Tibris
1253 5543 1507 5600 honores.

222 5646 295 5699 Da
316 5642 538 5699 veniam
570 5639 701 5693 mihi
725 5681 739 5706 ,
767 5637 937 5691 Roma
960 5645 1170 5703 potens.
1195 5635 1375 5700 Pulsa,
1408 5653 1508 5694 oro
1535 5683 1552 5708 ,
1579 5638 1814 5696 facessat

217 5737 520 5803 Invidia,et
546 5731 714 5787 Latiae
733 5727 978 5785 Nemesis
1001 5743 1105 5782 non
1137 5729 1346 5797 cognita
1377 5730 1592 5802 linguae,

218 5829 432 5902 Imperii
457 5824 643 5884 sedem
665 5863 680 5894 ,
709 5821 1005 5890 Romaeque
1033 5827 1186 5876 tuere
1211 5829 1484 5891 parentes.

1715 293 2012 356 IDYLLIA.

1989 410 2366 484 Salvs,magne
2388 429 2584 486 parens
2609 417 2936 490 frugumque
2954 419 3241 492 virumque
3259 419 3508 478 Mosella.

1920 503 1997 560 Te
2022 505 2150 560 clari
2179 520 2451 576 proceres,
2486 517 2538 562 te
2564 508 2706 564 bello
2727 509 2963 567 exercita
2993 512 3184 582 pubes,

1918 598 2134 655 IEmula
2163 609 2216 656 te
2246 601 2412 657 Latia;
2439 601 2659 659 decorat
2683 603 2933 662 facundia
2966 607 3182 678 linguae.

1919 693 2058 761 Quin
2079 693 2242 750 etiam
2271 709 2470 763 mores,
2499 706 2556 752 et
2575 697 2756 754 hrtum
2788 698 2962 756 fronte
2991 714 3181 757 severa

1920 786 2222 859 Ingenium,
2249 800 2437 846 natura
2471 791 2573 847 tuis
2603 793 2874 852 concessit
2902 795 3158 852 alumnis.

1918 885 2030 940 Nec
2058 882 2173 939 sola
2209 886 2718 954 antiquosostentat
2746 886 2914 943 Roma
2945 887 3178 946 Catones
3206 905 3220 946 :

1919 980 2025 1033 Aut
2055 993 2194 1032 unus
2226 987 2430 1034 tantum
2455 977 2584 1048 justi
2609 988 2882 1049 spectator
2902 990 2957 1038 et
2982 983 3122 1053 aequi

1919 1070 2094 1126 Pollet
2114 1070 2399 1133 Aristides,
2432 1077 2749 1138 veteresque
2773 1071 3008 1128 illustrat
3029 1075 3292 1131 Athenas.

1918 1161 2120 1217 Verum
2151 1177 2250 1232 ego
2275 1161 2403 1231 quid
2436 1163 2572 1217 laxis
2601 1161 2823 1218 nimium
2853 1164 3113 1234 spatiatus
3138 1165 3366 1224 habenis

1920 1257 2104 1313 Victus
2124 1272 2311 1314 amore
2335 1256 2412 1312 tui
2431 1257 2700 1326 praconia
2727 1257 2914 1316 delere
2983 1259 3179 1328 conde,

1916 1349 2065 1404 Musa
2093 1348 2311 1421 chelyn,
2344 1348 2513 1417 pulsis
2543 1357 2791 1406 extremo
2815 1350 3061 1407 carmine
3089 1351 3293 1408 nervis.

1918 1443 2154 1512 Tempus
2175 1443 2300 1510 erit,
2331 1457 2456 1498 cum
2488 1458 2577 1498 me
2610 1442 2804 1500 studiis
2833 1443 3087 1514 ignobilis
3115 1446 3194 1501 oti

1917 1536 2238 1592 Muicentem
2268 1551 2452 1603 curas,
2480 1535 2726 1607 seniique
2747 1537 2927 1608 aprica
2958 1537 3255 1608 foventem,

1919 1628 2158 1685 Materiae
2185 1628 2530 1686 commendet
2561 1629 2735 1686 honos
2767 1649 2778 1684 :
2805 1647 2929 1700 cum
2958 1631 3097 1689 facta
3131 1632 3332 1688 viritim

1917 1723 2238 1794 Belgarum,
2273 1723 2588 1795 patriosque
2622 1739 2812 1780 canam
2841 1725 3038 1782 decora
3071 1727 3270 1798 inclyta
3309 1737 3511 1782 mores.

1841 1805 1891 1868 B
1918 1817 2099 1872 Mollia
2133 1817 2314 1872 subtili
2341 1818 2548 1874 nebunt
2567 1817 2698 1874 mihi
2721 1821 2959 1875 carmina
2989 1821 3082 1876 ftlo

1917 1909 2184 1980 Pierides,
2210 1911 2466 1980 tenuique
2484 1920 2636 1982 aptas
2652 1912 2991 1984 subtegmine
3019 1915 3153 1970 telas

1914 2003 2239 2060 Percurrent
2272 2021 2286 2060 :
2328 2003 2543 2061 dabitur
2582 2007 2784 2062 nostris
2823 2023 3039 2080 quoque
3076 2023 3318 2080 purpura
3349 2009 3503 2065 fusis.

1915 2095 2048 2164 Quis
2093 2095 2224 2152 mihi
2262 2105 2371 2152 tum
2415 2111 2523 2154 non
2554 2098 2732 2155 dictus
2755 2101 2860 2156 erit
2889 2102 2912 2155 i
2951 2102 3266 2158 memorabo
3300 2104 3512 2174 quietos

1913 2187 2198 2259 Agricolas
2228 2207 2240 2241 :
2272 2189 2560 2261 legumque
2587 2198 2760 2260 catos,
2795 2191 3047 2263 fandique
3092 2204 3364 2264 potentes,

1914 2278 2236 2336 Praesidium
2263 2281 2498 2339 sublime
2526 2286 2631 2338 reis
2655 2301 2671 2350 ;
2693 2300 2828 2356 quos
2855 2286 3006 2340 curia
3035 2301 3279 2342 summos

1914 2372 2246 2442 Municiputn
2295 2373 2420 2430 vidit
2469 2389 2746 2442 proceres,
2790 2378 3180 2449 propriumque
3213 2387 3508 2434 senatum:

1916 2465 2066 2532 Quos
2093 2467 2400 2537 prmtextati
2428 2468 2663 2524 celebris
2685 2468 2938 2525 facundia
2970 2471 3079 2526 ludi

1911 2562 2154 2617 Contulit
2175 2561 2241 2616 ad
2271 2561 2469 2618 veteris
2493 2563 2759 2632 praeconia
2784 2563 3124 2633 Quintiliani.

1911 2654 2123 2726 Quique
2144 2669 2272 2711 suas
2298 2671 2495 2712 rexere
2525 2656 2708 2724 urbes,
2739 2671 3042 2729 purumque
3069 2657 3304 2715 tribunal

1913 2748 2211 2820 Sanguine,
2238 2755 2294 2806 et
2315 2748 2574 2805 innocttas
2595 2749 2935 2807 illustravere
2962 2765 3180 2807 secures

1912 2843 2023 2900 Ant
2052 2844 2246 2901 Italum
2274 2846 2522 2916 populos,
2541 2846 3054 2918 aquilonigenasque
3078 2845 3368 2902 Britannos

1913 2936 2371 2994 Prmfecturarum
2399 2937 2552 2993 titulo
2582 2947 2808 2994 tenuere
2838 2938 3098 2994 secundo.

1915 3033 2125 3104 Quique
2146 3041 2306 3103 caput
2332 3043 2511 3088 rerum
2544 3034 2793 3102 Romam,
2826 3034 3192 3105 populumque
3221 3041 3510 3103 patresque

1917 3127 2150 3182 Tantum
2178 3141 2284 3181 non
2307 3127 2480 3196 primo
2508 3127 2650 3182 rexit
2671 3126 2775 3181 sub
2805 3127 3026 3182 nomine
3053 3143 3066 3179 :
3089 3125 3332 3196 quamvis

1913 3219 2197 3274 Prmfuerit
2228 3191 2434 3290 primis.
2466 3218 2710 3274 Festinat
2735 3219 2948 3275 solvere
2976 3191 3188 3273 tandem

1914 3314 2171 3368 Errorem
2205 3313 2422 3366 fortuna
2451 3325 2607 3367 suum
2638 3328 2652 3366 :
2699 3313 2971 3378 libataque
2999 3312 3260 3381 suppleas

1913 3408 2167 3474 Praemia,
2193 3409 2302 3476 jam
2330 3410 2445 3464 veri
2479 3409 2687 3480 fastigia
2715 3409 2906 3465 reddet
2933 3409 3156 3465 honoris

1913 3501 2199 3558 Nobilibus
2227 3503 2516 3570 repetenda
2547 3502 2852 3572 nepotibus.
2885 3501 2955 3557 At
2985 3501 3146 3556 modo
3167 3507 3403 3570 emptum

1914 3598 2210 3654 Detexatur
2230 3612 2365 3668 opus
2391 3613 2404 3652 :
2431 3597 2598 3653 dilata
2620 3606 2675 3654 et
2697 3597 2857 3653 laude
2882 3597 3144 3665 virorum,

1915 3690 2170 3745 Dicamus
2197 3690 2321 3746 laeto
2351 3705 2447 3760 per
2465 3703 2588 3745 rura
2618 3691 2851 3746 virentia
2877 3699 3050 3747 tractu

1915 3783 2150 3839 Felicem
2170 3783 2412 3846 uvium;
2435 3783 2721 3854 Rhenique
2739 3797 3024 3841 sacremus
3045 3787 3096 3840 in
3116 3783 3296 3839 undis.

1986 3876 2262 3932 Caeruleos
2294 3887 2458 3942 nunc,
2492 3873 2708 3943 Rhene,
2743 3879 2916 3943 sinus,
2945 3877 3222 3949 hyaloqne
3245 3876 3511 3930 virentem

1918 3969 2098 4024 Pande
2126 3968 2366 4038 peplum,
2399 3967 2742 4038 spatiumque
2773 3970 2896 4022 novi
2921 3975 3128 4022 metare
3153 3967 3362 4031 liuenti,

1916 4059 2195 4116 Fraternis
2229 4057 2586 4114 cutnulandus
2635 4060 2810 4128 aquis.
2852 4058 2961 4113 Nec
2991 4057 3212 4127 prmmia
3255 4057 3309 4111 in
3353 4053 3513 4110 undis

1917 4151 2070 4216 Sola,-
2100 4151 2200 4207 sed
2219 4152 2478 4222 Augustae
2506 4152 2727 4206 veniens
2752 4151 2894 4218 quod
2926 4150 3198 4207 moenibus
3220 4148 3370 4204 urbis

1917 4244 2196 4316 Spectavit
2213 4244 2427 4314 iunctos
2451 4242 2683 4314 Natique
2703 4243 2989 4313 Patrisque
3015 4241 3319 4310 triumphos
3347 4281 3360 4304 ,

1918 4339 2176 4393 Hostibus
2205 4337 2409 4392 exactis
2436 4335 2657 4391 Nicrum
2683 4350 2866 4403 super,
2897 4343 2953 4392 et
2980 4335 3365 4404 anodunttm,

1919 4432 1986 4486 Et
2007 4431 2209 4485 fontem
2234 4429 2400 4484 Latiis
2430 4429 2671 4498 ignotum
2697 4427 2984 4482 annalibus
3014 4426 3201 4482 Histri.

1921 4523 2050 4578 Haec
2074 4521 2338 4593 profligati
2365 4524 2513 4576 venit
2549 4521 2710 4576 modo
2737 4522 2916 4576 laurea
2945 4521 3074 4576 belli
3104 4538 3117 4574 :

1840 4572 1894 4645 D
1923 4617 2044 4672 Mox
2068 4572 2203 4670 alias
2223 4572 2463 4684 aliasque
2491 4613 2644 4669 feret.
2673 4613 2782 4667 Vos
2805 4613 3010 4684 pergite
3032 4611 3226 4683 juncti,

1926 4713 1994 4767 Et
2017 4724 2166 4766 mare
2195 4717 2526 4779 purpdreum
2555 4706 2774 4776 gemino
2807 4703 3092 4778 propellite
3116 4712 3310 4760 tractu.

1923 4805 2036 4862 Neu
2061 4818 2283 4859 vereare
2308 4801 2506 4870 minor,
2536 4801 2897 4871 pulcherrime
2919 4800 3126 4864 Rhene,
3159 4798 3330 4854 videri
3361 4814 3373 4850 :

1924 4900 2148 4958 Invidia
2175 4899 2252 4954 nil
2279 4898 2478 4965 hospes
2508 4896 2690 4952 habet.
2722 4897 2938 4952 Potiere
2967 4895 3189 4965 perenni

1923 4995 2194 5052 Nomine:
2229 5001 2285 5046 tu
2317 4991 2562 5060 fratrem,
2596 4990 2754 5046 fama:
2779 5005 3026 5054 securus,
3054 4988 3278 5056 adopta.

1923 5090 2088 5145 Dives
2115 5085 2288 5155 aquis,
2318 5084 2470 5138 dives
2490 5083 2766 5154 nymphis,
2801 5083 3026 5152 largitor
3057 5080 3270 5148 utrique

1921 5181 2120 5236 Alvens
2142 5175 2400 5232 extendet
2421 5175 2652 5245 geminis
2672 5175 2901 5230 divortia
2927 5172 3081 5241 ripis,

1920 5273 2358 5339 Communcsque
2387 5267 2502 5322 vias
2531 5267 2747 5322 diversa
2776 5280 2872 5335 per
2901 5263 3036 5318 ostia
3067 5260 3274 5325 fundet.

1919 5359 2199 5420 Accedent
2229 5357 2373 5413 vires
2398 5399 2411 5423 ,
2447 5373 2581 5429 quas
2614 5355 2845 5412 Francia
2868 5399 2883 5423 ,
2919 5367 3159 5423 quasque
3189 5351 3515 5418 Chamavos,

1917 5454 2284 5524 Germanique
2335 5461 2608 5508 tremant:
2641 5459 2769 5508 tunc
2814 5465 2974 5504 verus
3019 5447 3289 5502 habebere
3333 5446 3511 5500 limes.

1918 5547 2152 5602 Accedet
2183 5555 2332 5599 tanto
2361 5544 2642 5616 geminum
2673 5543 2767 5598 tibi
2800 5556 3004 5596 nomen
3031 5541 3099 5595 ab
3128 5540 3296 5595 amni.

1913 5639 2159 5708 Cumque
2183 5652 2322 5691 unus
2345 5636 2414 5692 de
2444 5636 2591 5692 fonte
2617 5634 2773 5695 lluas.
2801 5633 2989 5688 dicere
3010 5631 3276 5688 bicornis.

1987 5731 2114 5786 Haec
2134 5745 2256 5800 ego,
2279 5727 2548 5784 VIVISCA
2575 5727 2778 5782 ducens
2807 5725 2876 5781 ab
2902 5724 3112 5791 origine
3131 5733 3372 5795 gentem,

1915 5826 2202 5897 Belgarum
2221 5821 2474 5894 hospitiis
2503 5833 2646 5878 nunc
2677 5833 2774 5890 per
2799 5833 2940 5877 nova
2960 5816 3164 5876 foedera
3189 5824 3373 5883 notus,
