4072 6306
595 293 707 354 895

601 413 897 483 Ausonius,
923 426 1120 469 nomen
1149 411 1385 483 Latium,
1416 412 1721 486 patriaque,
1751 411 2026 485 domoque

599 509 880 566 Gallorum
909 518 1186 565 extremos
1214 506 1380 574 inter,
1405 508 1716 580 celsamque
1744 509 2032 581 Pyracnen,

599 601 898 672 Temperat
916 602 1179 672 ingenuos
1201 617 1305 674 qua
1331 602 1454 658 heia
1480 603 1766 674 Aquitania
1790 618 1991 670 mores,

599 692 793 749 Audax
821 693 1016 764 exigua
1043 692 1148 748 ﬁde
1171 693 1425 750 concino.
1452 692 1558 748 Fas
1586 693 1717 750 mihi
1739 709 1955 750 sacrum

599 785 995 843 Perstrinxisse
1017 801 1232 844 amnem
1270 788 1418 843 tenui
1441 787 1698 845 libamine
1725 788 1912 845 Musae.

595 878 710 936 Nec
731 878 946 936 laudem
977 879 1429 947 alfecto;veniam
1453 892 1599 952 peto.
1626 881 1766 939 Sunt
1787 881 1882 938 tibi
1914 883 2092 949 multi,

597 971 756 1028 Alme
778 971 977 1040 amnis,
1001 985 1188 1028 sacros
1208 973 1300 1042 qui
1323 973 1625 1030 sollicitam
1647 974 1847 1030 ﬂuores

597 1064 894 1136 Aonidum,
927 1075 1206 1136 totamque
1229 1065 1409 1122 solent
1431 1066 1652 1123 haurire
1673 1067 2020 1138 Aganippen.

595 1159 698 1215 Ast
715 1174 840 1232 ego,
865 1169 1066 1233 quanta
1095 1161 1204 1216 mei
1229 1161 1442 1218 dederit
1466 1177 1528 1220 se
1546 1179 1681 1219 vena
1708 1163 1953 1233 liquoris.

599 1250 944 1324 Burdigalam
973 1268 1095 1308 cum
1133 1268 1220 1310 me
1250 1255 1303 1311 in
1337 1256 1592 1326 patriam,
1643 1255 1937 1327 nidnmqne
1965 1265 2202 1314 senectae

606 1347 883 1416 Augustus
911 1355 1086 1418 pater,
1110 1356 1168 1403 et
1197 1359 1376 1410 natns,
1401 1363 1520 1405 mea
1550 1349 1780 1404 maxima
1808 1365 1956 1416 cura,

602 1437 867 1494 Fascibus
898 1441 1150 1498 Ausoniis
1182 1441 1496 1498 decoratum
1523 1451 1578 1498 et
1617 1441 1823 1498 honore
1851 1442 2020 1497 curuli

599 1529 834 1600 Mittent,
859 1534 1104 1589 emerita:
1137 1545 1257 1605 post
1284 1545 1527 1606 tempora
1554 1535 1877 1604 disciplinae,

599 1621 790 1679 Latius
809 1625 993 1681 Arctoi
1021 1628 1290 1696 praeconia
1319 1641 1616 1700 persequar
1641 1631 1836 1684 amnis.

591 1713 803 1769 Addam
832 1717 1018 1781 urbes,
1055 1719 1217 1773 tacito
1244 1734 1381 1789 quas
1403 1719 1794 1776 subterlaberis
1819 1721 1976 1776 alveo
2002 1738 2012 1774 :

595 1804 904 1879 Moeniaque
933 1811 1176 1880 antiquis
1206 1820 1260 1867 te
1287 1814 1693 1882 prospectantia
1725 1815 1895 1868 muris
1928 1831 1940 1866 :

591 1898 826 1964 Addam,
855 1902 1130 1971 praesidiis
1158 1902 1446 1959 dubiarum
1475 1904 1691 1960 condita
1723 1920 1928 1972 rerum,

593 1989 710 2048 Sed
738 1991 905 2047 modo
930 1994 1140 2049 securis
1165 2010 1270 2050 non
1298 1993 1499 2063 castra,
1521 1997 1617 2051 sed
1647 1996 1838 2053 horrea
1869 1997 2068 2069 Belgis.

590 2079 802 2138 Addam
830 2083 1020 2140 felices
1048 2085 1164 2156 ripa
1191 2101 1258 2142 ex
1289 2097 1519 2159 utraque
1546 2089 1797 2158 colonos,

591 2174 778 2248 Teque
805 2177 950 2235 inter
983 2181 1194 2236 medios
1220 2181 1610 2252 hominumque
1638 2183 1914 2254 boumque
1943 2185 2155 2242 labores
2174 2230 2190 2256 ,

591 2268 957 2342 Stringentcm
984 2275 1152 2346 ripas,
1183 2284 1240 2331 et
1269 2276 1483 2346 pinguia
1506 2277 1650 2333 culta
1669 2289 1967 2335 secantem.

588 2361 706 2420 Non
734 2365 828 2420 tibi
853 2381 915 2423 se
939 2367 1097 2438 Liger
1121 2369 1412 2437 anteferat,
1442 2387 1546 2425 non
1570 2370 1759 2427 Axona
1791 2387 2038 2444 praeceps
2067 2390 2083 2441 ;

595 2454 837 2512 Matrona
865 2474 995 2526 non,
1029 2460 1213 2515 Gallos
1238 2460 1535 2532 Belgasque
1560 2462 1804 2518 intersita
1835 2466 1969 2520 lines
2000 2480 2017 2530 ;

589 2545 886 2606 Santonico
911 2550 1111 2607 relluus
1143 2568 1251 2607 non
1287 2554 1402 2624 ipse
1431 2554 1774 2611 Carantonus
1802 2564 1960 2612 aestu.

590 2639 873 2698 Concedes
895 2643 1075 2714 gelido
1093 2644 1291 2700 Durani
1312 2645 1381 2702 de
1407 2656 1588 2703 monte
1607 2649 1830 2704 volutus

592 2732 784 2788 Amnis
817 2751 830 2788 :
864 2743 919 2790 et
942 2735 1234 2792 auriferum
1269 2747 1561 2809 postponet
1577 2737 1751 2795 Gallia
1783 2740 2040 2797 Tarnem.

591 2823 961 2898 Insanamque
984 2843 1148 2886 ruens
1171 2845 1268 2902 per
1289 2847 1417 2887 saxa
1444 2836 1677 2888 rotantia
1706 2835 1817 2892 late

599 2916 658 2973 In
688 2933 837 2976 mare
869 2937 1235 2992 purpureum,
1271 2925 1509 2983 dominae
1554 2936 1734 2984 tamen
1777 2939 1905 2988 ante
1946 2931 2186 2989 Mosellae

589 3009 822 3068 Numine
847 3013 1096 3085 adorato,
1122 3016 1461 3076 Tarbellicus
1492 3019 1592 3076 ibit
1617 3021 1871 3079 Aturrus.

655 3104 922 3178 Corniger
963 3118 1220 3165 externas
1268 3113 1596 3168 celebranda
1635 3114 1855 3170 Mosella
1901 3132 1996 3186 per
2029 3132 2179 3188 oras,

583 3195 695 3253 Nec
723 3199 856 3256 solis
880 3203 1208 3262 celebranda
1237 3205 1393 3274 locis,
1426 3208 1515 3263 ubi
1538 3209 1688 3265 fonte
1711 3225 1968 3280 supremo

585 3289 812 3347 Exseris
830 3304 1078 3350 auratum
1105 3299 1331 3353 taurina:
1355 3297 1550 3354 frontis
1573 3299 1840 3357 honorem
1878 3319 1892 3357 :

590 3382 818 3452 Quaque
843 3385 1013 3441 trahis
1037 3388 1279 3456 placidos
1301 3391 1520 3446 sinuosa
1545 3408 1641 3462 per
1661 3408 1787 3448 arva
1818 3403 2028 3450 meatus
2059 3413 2073 3450 :

587 3472 689 3528 Vel
715 3491 818 3545 qua
851 3476 1141 3534 Germanis
1168 3481 1270 3535 sub
1287 3483 1550 3550 portubus
1579 3483 1716 3540 ostia
1740 3485 1942 3540 solvis:

580 3565 638 3621 Si
661 3568 784 3635 quis
810 3567 984 3624 honos
1019 3572 1164 3626 tenui
1195 3574 1338 3628 volet
1365 3575 1646 3646 adspirare
1673 3592 1946 3644 Camenae,

582 3657 820 3716 Perdere
840 3661 889 3718 si
910 3664 1032 3734 quis
1051 3667 1104 3718 in
1128 3665 1214 3720 his
1237 3668 1547 3738 dignabitur
1567 3672 1675 3726 otia
1698 3677 1891 3736 musis.

581 3748 690 3804 Ibis
717 3751 770 3806 in
801 3767 894 3808 ora
925 3754 1229 3825 hominum,
1267 3761 1499 3832 laatoque
1527 3763 1783 3822 lovebere
1815 3777 1996 3823 cantu.

579 3840 660 3897 Te
687 3842 887 3913 fontes,
919 3848 1133 3920 vivique
1155 3851 1330 3918 lacus,
1364 3863 1418 3909 te
1439 3856 1636 3912 caerula
1663 3870 1896 3916 noscent

578 3931 828 3993 Flumina
859 3957 871 3992 :
897 3948 949 3996 te
979 3955 1191 3998 veteres
1223 3961 1482 4017 pagorum
1515 3951 1683 4021 gIOria
1716 3953 1820 4009 luci
1847 3971 1862 4020 ;

577 4023 658 4083 Te
690 4027 895 4100 Druna,
926 4041 980 4088 te
1005 4037 1212 4106 sparsis
1235 4039 1440 4095 incerta
1471 4041 1728 4100 Druentia
1759 4046 1891 4115 ripis
1911 4088 1926 4112 ,

578 4121 870 4193 Alpinique
893 4126 1077 4182 colent
1103 4129 1276 4197 fluvii,
1303 4132 1690 4205 duplicemque
1722 4154 1818 4207 per
1847 4139 2033 4197 urbem

576 4214 680 4282 Qui
713 4227 857 4272 meat
883 4262 898 4286 ,
932 4229 986 4276 et
1026 4221 1237 4278 dextrae
1277 4224 1574 4282 Rhodanus
1614 4229 1706 4284 dat
1753 4233 1974 4287 nomina
2020 4234 2170 4304 ripae.

576 4304 654 4361 Te
688 4309 893 4379 stagnis
921 4327 1022 4380 ego
1049 4316 1304 4371 caaruleis
1325 4358 1340 4382 ,
1372 4332 1740 4390 magnumque
1768 4325 1985 4378 sonoris

575 4397 866 4471 Amnibns,
901 4419 1172 4476 aequoreae
1203 4421 1252 4465 te
1291 4413 1688 4486 commendabo
1713 4416 2024 4474 Garumnzc.

1175 4543 1501 4604 lDYLLIUM
1542 4549 1634 4604 XI.

1012 4651 1244 4725 Grip/ms
1275 4661 1495 4712 ternarii
1515 4664 1735 4718 numeri.

838 4787 856 4827 :
936 4768 1205 4827 Ausomus
1244 4771 1542 4832 δημεηο
1579 4778 1824 4836 salutem.

644 4880 859 4936 Latebat
885 4882 1021 4936 inter
1043 4901 1211 4956 nugas
1235 4902 1371 4941 meas
1399 4889 1612 4947 libellus
1631 4893 1876 4963 ignobilis
1901 4940 1916 4964 ,
1941 4901 2173 4955 utinam-

571 4988 670 5042 que
699 4972 965 5042 latuisset,
998 4991 1164 5046 neque
1189 4979 1383 5034 indicio
1418 4998 1514 5036 suo
1544 4993 1805 5055 tamquam
1838 5005 1992 5044 sorex
2031 4996 2168 5062 peri-

570 5075 669 5119 ret.
706 5063 866 5121 Hunc
903 5084 996 5140 ego
1044 5085 1162 5123 cum
1207 5072 1342 5124 velut
1380 5075 1702 5143 gallinaceus
1748 5079 2019 5137 Euclionis
2063 5087 2167 5140 situ

570 5161 769 5215 chartei
794 5162 1024 5232 pulveris
1045 5165 1296 5220 eruissem
1321 5209 1337 5234 ,
1371 5185 1646 5226 excussum
1689 5177 1875 5249 relegi,
1913 5192 2066 5253 atque
2111 5195 2167 5240 ut

573 5252 754 5306 avidus
779 5255 1370 5330 fenerator,improbum
1402 5277 1667 5319 nummum
1689 5271 1848 5324 malui
1875 5252 2134 5341 occupare
2149 5319 2164 5345 ,

572 5359 731 5414 quam
756 5347 996 5403 condere.
1022 5348 1155 5405 Dein
1183 5353 1420 5424 cogitans
1445 5371 1644 5411 mecum
1693 5376 1796 5416 non
1824 5363 1955 5419 illud
1985 5364 2166 5423 Catul-

574 5435 802 5506 lianum,
853 5441 948 5496 Cui
992 5443 1139 5499 dono
1191 5446 1430 5516 lepidum
1481 5461 1677 5505 novum
1731 5455 2018 5513 libellum?
2078 5463 2167 5517 sed

569 5533 967 5611 ἀμαλακὼτερον
989 5548 1038 5592 et
1064 5541 1252 5608 uerius,
1281 5540 1382 5595 Cui
1401 5542 1540 5596 dono
1568 5543 1840 5614 illepidum
1889 5555 2069 5607 rudem
2104 5557 2170 5609 li-

570 5623 800 5680 bellum?
826 5645 930 5683 non
962 5629 1055 5685 diu
1073 5635 1306 5704 quwsivi.
1335 5635 1413 5689 Tu
1436 5637 1576 5691 enim
1590 5643 1878 5711 occurristi,
1901 5663 2051 5717 quem
2070 5665 2165 5722 ego

568 5719 616 5772 si
644 5719 771 5773 mihi
801 5730 1025 5790 potestas
1047 5726 1112 5780 sit
1139 5743 1203 5782 ea:
1229 5730 1465 5784 omnibus
1508 5732 1800 5802 deligendi,
1839 5754 2001 5793 unum
2032 5719 2165 5796 sem-

568 5828 659 5882 per
686 5815 950 5885 elegerint.
976 5817 1098 5876 Misi
1126 5821 1301 5894 itaque
1338 5825 1408 5880 ad
1443 5835 1492 5882 te
1538 5826 1726 5896 frivola
1765 5833 1928 5901 garris
1967 5835 2163 5894 Siculis

1996 291 2181 352 DECII
2218 288 2499 351 AUSONll

2229 416 2284 476 Α
2306 415 2548 484 vaniora,
2577 422 2634 470 ut
2656 432 2775 472 cum
2803 418 2915 490 agis
2937 418 3095 485 nihil,
3126 419 3236 474 haec
3256 419 3421 492 legas,
3451 428 3501 475 et
3521 437 3587 476 ne
3600 419 3733 478 nihil
3754 440 3902 495 agas,

3796 301 3903 362 896

2308 510 2584 581 defendas.
2610 509 2784 581 Igitur
2799 515 2894 569 iste
2922 523 3154 588 nugator
3191 514 3398 571 libellus
3420 519 3540 589 jam
3581 517 3675 570 diu
3713 527 3904 572 secreta

2307 603 2532 671 quidem,
2565 605 2656 659 sed
2676 607 2822 677 vulgi
2854 607 3071 662 lectione
3099 607 3360 664 laceratus
3406 609 3669 680 perveniet
3696 611 3902 664 tandem

2306 697 2360 750 in
2387 713 2570 752 manus
2593 707 2732 753 tuas.
2766 699 2936 764 Quem
2973 709 3027 754 tu
3055 711 3150 755 aut
3187 710 3244 756 ut
3281 700 3625 771 Esculapius
3672 702 3902 756 redinte-

2304 793 2480 864 grabis
2508 794 2577 846 ad
2605 794 2782 857 vitam,
2810 804 2898 849 aut
2922 805 2977 849 ut
3001 794 3182 862 Plato,
3214 797 3432 868 juvante
3467 793 3702 850 Vulcano
3722 837 3737 860 ,
3778 795 3904 851 libe—

2305 885 2445 939 rabis
2470 886 2716 957 infantia,
2749 887 2794 940 si
2815 888 3084 959 pervenire
3112 903 3214 941 non
3245 887 3391 942 debet
3417 887 3490 943 ad
3516 888 3736 959 famam.
3775 887 3902 942 Fuit

2301 989 2474 1034 autem
2497 980 2762 1050 ineptiola:
2811 981 2974 1054 hujus
3013 983 3119 1037 ista
3170 983 3390 1037 materia
3429 984 3487 1036 in
3536 983 3901 1048 expeditione,

2302 1073 2444 1141 quod
2467 1083 2690 1146 tMpus,
2720 1083 2777 1128 ut
2802 1076 2937 1143 scis,
2981 1076 3206 1132 licentite
3255 1077 3500 1131 militaris
3554 1085 3633 1132 est
3681 1092 3701 1131 :
3751 1093 3902 1147 super

2299 1181 2532 1221 mensam
2561 1183 2722 1222 meam
2749 1169 2890 1238 facta
2917 1176 2992 1224 est
3020 1169 3284 1237 invitatio,
3313 1186 3418 1224 non
3447 1168 3545 1223 illa
3585 1169 3653 1223 de
3691 1169 3899 1224 ludibrii

2302 1262 2562 1330 convivio,
2586 1271 2643 1316 ut
2675 1261 2858 1318 Grceco
2890 1279 3030 1318 more
3053 1263 3312 1318 biberetur
3330 1306 3345 1329 ,
3372 1265 3464 1319 sed
3492 1263 3593 1319 illa
3628 1263 3693 1318 de
3718 1261 3900 1318 Flacci

2301 1357 2500 1428 ecloga,
2527 1358 2580 1410 in
2609 1374 2712 1427 qua
2737 1366 2952 1429 propter
2976 1357 3200 1414 mediam
3229 1367 3462 1424 noctem,
3505 1368 3556 1412 et
3607 1373 3789 1412 noram
3827 1358 3900 1412 lu-

2301 1467 2442 1514 nam,
2467 1460 2515 1505 et
2539 1448 2797 1505 Muraenae
2822 1460 3158 1524 auguratum,
3186 1459 3360 1505 ternos
3394 1464 3469 1505 ter
3507 1450 3726 1522 cyathos
3767 1460 3897 1504 atto-

2300 1544 2438 1598 nitus
2468 1545 2594 1613 petit
2614 1555 2770 1599 vates.
2801 1544 2958 1598 Hunc
2983 1544 3158 1599 locum
3187 1545 3252 1598 de
3275 1545 3505 1598 ternario
3531 1560 3750 1599 numero
3763 1544 3896 1598 illico

2301 1647 2477 1690 nostra
2496 1636 2589 1690 illa
2610 1638 2808 1706 poetica
2829 1638 3028 1692 scabies
3053 1638 3202 1709 erupit
3225 1639 3525 1708 exsculpere
3542 1655 3562 1692 :
3584 1639 3738 1709 cujus
3756 1654 3892 1692 mor-

2300 1728 2349 1781 bi
2365 1727 2610 1797 quoniam
2644 1729 2798 1799 facile
2825 1731 3127 1800 contagium
3148 1738 3224 1784 est
3245 1774 3260 1801 ,
3285 1731 3490 1784 utinam
3523 1731 3596 1785 ad
3625 1739 3672 1784 te
3702 1748 3895 1802 quoque

2227 1801 2274 1862 Β
2302 1820 2518 1892 prurigo
2544 1823 2864 1894 commigret,
2894 1833 2941 1876 et
2967 1825 3090 1894 fuco
3131 1833 3233 1878 tua:
3269 1824 3649 1879 emendationis
3695 1801 3893 1895 adfecto

2298 1917 2558 1988 impingas
2586 1917 2878 1989 spongiam,
2907 1935 3024 1985 qua!
3044 1919 3409 1989 imperfectum
3439 1935 3576 1990 opus
3613 1920 3734 1989 equi
3763 1918 3891 1973 male

2299 2011 2590 2074 spumantis
2621 2009 2876 2065 absolvat.
2909 2011 2984 2066 Ac
3013 2028 3079 2066 ne
3105 2027 3187 2066 me
3207 2012 3492 2085 gloriosum
3512 2029 3691 2083 neges,
3713 2022 3890 2084 emptos

2295 2105 2434 2158 inter
2453 2105 2820 2176 prandendum
2847 2106 3129 2161 versiculos
3159 2117 3280 2161 ante
3308 2125 3465 2162 create
3488 2117 3692 2180 tempus
3727 2109 3889 2162 absol-

2293 2198 2364 2264 vi,
2398 2199 2494 2252 hoc
2519 2209 2618 2265 est,
2641 2199 2764 2254 dum
2789 2198 2925 2269 bibo,
2955 2209 3006 2254 et
3027 2200 3188 2271 paulo
3207 2210 3346 2264 ante,
3359 2217 3517 2271 quam
3545 2200 3784 2256 biberem.
3808 2201 3887 2255 Sit

2295 2307 2418 2362 ergo
2449 2308 2660 2346 examen
2683 2308 2778 2364 pro
2799 2294 3018 2346 materia
3041 2301 3090 2347 et
3131 2302 3378 2362 tempore.
3429 2293 3541 2348 Sed
3585 2303 3641 2346 tu
3687 2309 3881 2364 quoque

2295 2386 2394 2440 hoc
2415 2385 2587 2456 ipsum
2615 2385 2774 2455 paulo
2795 2386 3013 2440 hilarior
3032 2397 3079 2442 et
3105 2387 3305 2442 dulcior
3329 2388 3442 2460 lege
3472 2402 3735 2459 :namque
3753 2390 3885 2462 inju-

2291 2478 2431 2532 rium
2447 2488 2525 2532 est
2555 2480 2618 2531 de
2641 2488 2790 2549 poeta
2808 2480 2944 2532 male
2963 2478 3134 2534 sobrio
3157 2481 3393 2534 lectorem
3415 2480 3725 2535 abstemium
3745 2480 3883 2549 judi-

2291 2588 2429 2626 care.
2467 2569 2649 2640 Neque
2674 2589 2751 2626 me
2780 2573 2920 2642 fallit
2941 2575 3056 2643 fore
3091 2575 3354 2646 aliquem,
3400 2576 3492 2646 qui
3540 2576 3679 2629 hunc
3707 2576 3880 2646 jocutn

2291 2673 2524 2720 nostrum
2553 2666 2719 2719 acutis
2745 2666 2958 2720 naribus
2979 2677 3028 2721 et
3053 2677 3300 2736 caperata
3326 2670 3503 2740 fronte
3548 2669 3876 2738 condemnet,

2291 2767 2540 2829 negetque
2560 2775 2639 2812 me
2661 2759 2857 2825 omnia,
2889 2775 3006 2831 quia
3021 2761 3089 2814 ad
3114 2761 3425 2828 ternarium,
3481 2770 3529 2815 et
3557 2763 3878 2817 uenenarium

2289 2865 2530 2905 numeros
2556 2851 2812 2922 pertinent
2842 2852 3074 2922 attigisse
3105 2867 3291 2922 :quem
3343 2869 3438 2921 ego
3495 2871 3679 2907 verum
3721 2856 3878 2908 dicere

2288 2943 2506 3013 fatebor,
2525 2945 2673 3016 juste
2695 2943 2916 3015 negabo.
2952 2943 3164 3016 Quippe
3186 2945 3233 2998 si
3263 2946 3422 3000 bonus
3447 2954 3548 3011 est,
3577 2963 3695 3017 qua:
3714 2947 3874 3011 omisi,

2288 3051 2389 3090 non
2421 3035 2580 3090 oblita
2606 3035 2754 3103 mihi,
2779 3037 2871 3091 sed
2899 3035 3162 3106 praeterita
3185 3038 3464 3092 existimet.
3510 3037 3720 3093 Dehinc
3758 3055 3874 3108 qua-

2287 3128 2575 3201 liscumque
2605 3139 2704 3195 est,
2732 3131 2922 3201 cogitet
2951 3147 3125 3185 secum
3152 3173 3165 3196 ,
3202 3149 3355 3202 quant
3383 3133 3551 3186 multa
3585 3134 3648 3188 de
3676 3134 3752 3188 his
3777 3150 3870 3188 non

2286 3223 2582 3292 reperisset,
2609 3224 2654 3278 si
2675 3224 2786 3294 ipse
2811 3227 3096 3295 quaesisset.
3133 3227 3278 3280 Sciat
3307 3227 3464 3282 etiam
3493 3246 3573 3282 me
3593 3246 3688 3284 nec
3717 3233 3869 3284 omni-

2285 3314 2381 3368 bus
2408 3316 2567 3369 erutis
2591 3332 2762 3380 usum,
2788 3325 2836 3370 et
2861 3317 3170 3386 quibusdam
3201 3319 3390 3374 oblatis
3424 3321 3673 3378 abusum.
3713 3322 3867 3390 Quam

2285 3407 2451 3461 multa
2471 3407 2606 3463 enim
2633 3408 2697 3462 de
2728 3410 2956 3464 ternario
2983 3412 3148 3465 sciens
3177 3411 3381 3484 neglexi
3405 3425 3638 3487 tempora
3662 3459 3676 3483 ,
3704 3427 3750 3470 et
3769 3434 3870 3488 per-

2285 3515 2458 3567 sonas,
2489 3516 2700 3572 genera,
2731 3511 2780 3555 et
2807 3504 3024 3574 gradus,
3051 3520 3230 3558 novem
3276 3509 3543 3562 naturalia
3581 3521 3741 3564 metra
3765 3527 3866 3564 cum

2283 3591 2552 3657 trimetris,
2574 3600 2733 3646 totam
2751 3595 3142 3663 grammaticam
3196 3606 3242 3650 et
3291 3599 3582 3667 musicam,
3629 3601 3869 3674 librosque

2283 3681 2646 3749 medicininos,
2681 3694 2757 3738 ter
2784 3686 3068 3741 maximum
3101 3686 3362 3756 Hei-mem,
3387 3701 3435 3745 et
3466 3705 3743 3749 amatorem
3771 3697 3867 3768 pri-

2282 3789 2422 3827 mum
2453 3773 2822 3847 philosophiw,
2862 3777 3212 3851 Varronisque
3260 3799 3526 3851 numeros,
3561 3797 3606 3842 et
3637 3789 3866 3859 quidquid

2283 3872 2568 3941 profanum
2609 3872 2795 3943 vulgus
2846 3875 3075 3943 ignorat.
3102 3875 3398 3944 Postremo,
3420 3882 3559 3949 quod
3586 3884 3738 3951 facile
3765 3891 3828 3937 est
3847 3923 3860 3948 ,

2281 3977 2400 4015 cum
2428 3963 2538 4034 ipse
2563 3965 2727 4019 multa
2755 3967 3028 4034 invenerit,
3049 3983 3314 4042 comparet
3329 3989 3406 4040 se,
3439 3985 3596 4047 atque
3638 3994 3714 4031 me
3741 3995 3758 4032 :
3787 3993 3862 4030 oc-

2280 4064 2549 4124 cupatum,
2568 4075 2685 4112 cum
2705 4060 2872 4113 otioso
2897 4077 2918 4116 :
2939 4079 3213 4132 pransum,
3240 4082 3356 4121 cum
3387 4067 3635 4124 abstemio
3659 4087 3679 4125 :
3696 4073 3859 4142 jormn

2279 4158 2327 4202 ct
2345 4148 2529 4202 ludum
2553 4166 2749 4218 meum,
2782 4151 3105 4224 diligentiam
3132 4165 3182 4210 et
3203 4157 3521 4213 calumniam
3545 4178 3710 4216 suam.
3727 4163 3858 4216 Alius

2278 4243 2417 4295 enim
2445 4241 2551 4295 alio
2581 4242 2736 4309 plura
2755 4244 2984 4322 invenire
3013 4256 3199 4316 potest,
3226 4265 3375 4304 nemo
3400 4255 3593 4306 omnia.
3651 4255 3792 4321 Quod
3819 4255 3857 4307 si

2277 4337 2439 4390 alicui
2468 4348 2516 4389 et
2547 4341 2797 4394 obscurus
2825 4340 3054 4406 videbor,
3089 4345 3230 4414 apud
3255 4362 3373 4399 eum
3399 4362 3482 4399 me
3521 4348 3593 4401 sic
3624 4349 3813 4402 tuebere
3839 4363 3856 4403 :

2278 4427 2522 4484 Primum
2551 4434 2810 4504 ejusmodi
2851 4434 3036 4504 idyllia
3066 4436 3166 4489 nisi
3211 4436 3289 4491 vel
3323 4441 3544 4492 obscura
3577 4441 3679 4494 sint
3701 4486 3714 4506 ,
3743 4440 3855 4494 nihil

2279 4521 2458 4590 futura
2482 4537 2499 4574 :
2531 4521 2718 4575 deinde
2744 4539 3072 4577 numerorum
3096 4535 3334 4581 naturam
3352 4545 3455 4582 non
3472 4547 3584 4585 esse
3609 4533 3848 4602 scirpum,

2277 4622 2331 4667 ut
2360 4614 2473 4667 sine
2489 4614 2624 4667 nodo
2642 4615 2768 4669 sint.
2789 4613 3116 4672 Postretuosi
3139 4622 3293 4674 etiam
3320 4622 3414 4676 tibi
3441 4623 3681 4678 obscurus
3701 4629 3846 4695 fuero,

2278 4708 2364 4760 cui
2386 4707 2521 4761 nihil
2543 4727 2708 4781 neque
2728 4713 3019 4782 neglectum
3049 4724 3124 4770 est
3148 4760 3162 4783 ,
3196 4735 3357 4787 neque
3386 4737 3488 4775 non
3521 4724 3848 4778 intellectum:

2276 4811 2386 4856 tum
2411 4816 2634 4875 veroego
2665 4804 2863 4871 beatus,
2891 4808 3030 4875 quod
3053 4807 3288 4875 a/fectavi
3313 4852 3328 4874 ,
3367 4830 3646 4884 assequar,
3692 4831 3762 4870 mc
3801 4823 3846 4865 ut

2275 4895 2537 4966 requiras,
2567 4913 2647 4951 me
2674 4898 2958 4966 desideres,
2978 4898 3046 4954 de
3066 4917 3146 4955 me
3165 4905 3374 4972 cogites.
3397 4905 3550 4963 Vale.

2347 5078 2460 5135 Ter
2487 5076 2633 5143 bibe,
2671 5077 2754 5133 vel
2789 5079 2989 5135 totiens
3018 5087 3205 5136 ternos
3235 5097 3251 5147 ;
3280 5083 3360 5137 sic
3391 5084 3615 5155 mystica
3639 5083 3717 5139 lex
3738 5090 3836 5146 est,

2279 5173 2376 5230 Vel
2411 5173 2516 5228 tria
2545 5174 2769 5245 potanti,
2803 5173 2890 5230 vel
2922 5186 3003 5229 ter
3037 5176 3137 5232 tria
3159 5177 3560 5248 multiplicanti,

2276 5267 2582 5339 lmparibus
2609 5270 2795 5324 novies
2823 5268 2994 5324 ternis
3022 5279 3316 5327 contexere
3342 5274 3580 5329 cmbum.

2274 5362 2424 5418 Juris
2469 5360 2612 5416 idem
2665 5362 2835 5418 tribus
2883 5371 2988 5430 est,
3036 5363 3182 5436 quod
3227 5372 3310 5420 ter
3359 5367 3549 5422 tribus.
3573 5365 3751 5422 Omnia
3787 5363 3831 5416 in

3462 5460 3598 5532 [istis
3629 5479 3640 5514 :

2275 5550 2470 5607 Forma
2497 5549 2733 5608 hominis
2757 5552 2946 5622 empti,
2981 5551 3235 5623 plenique
3265 5554 3480 5609 exactio
3510 5563 3707 5624 partus,

2271 5645 2484 5719 Quique
2508 5661 2705 5702 novem
2729 5646 2921 5702 novies
2945 5647 3039 5703 lati
3071 5657 3220 5703 tenet
3253 5648 3438 5703 ultima
3468 5650 3606 5704 linis.

2269 5740 2405 5797 Tres
2435 5740 2550 5811 Ope
2592 5741 2855 5812 progeniti
2893 5741 3095 5798 fratres
3117 5782 3134 5809 ,
3168 5751 3278 5798 tres
3321 5744 3512 5798 ordine
3548 5755 3705 5812 parta:
3736 5736 3823 5812 (Al.

3383 5837 3631 5907 fratrem).
