4072 6306
170 307 274 366 897

175 420 352 486 Vesta,
376 416 578 486 Ceres,
610 425 666 474 et
688 416 862 484 Juno,
898 429 1058 472 secus
1090 414 1358 470 muliebre
1387 426 1628 471 sorores.

175 512 299 569 lude
323 511 558 567 trisulca
586 509 736 566 Juvis
766 518 894 564 sunt
924 507 1170 563 fulmina.
1204 507 1474 563 Cerberus
1513 505 1661 562 inde.

176 605 298 662 lude
345 604 634 661 Tridens:
687 602 992 675 triplexque
1041 599 1280 658 Helenus
1343 615 1466 655 cum
1513 597 1774 654 fratribus

1565 691 1771 763 [ovum.

177 793 278 848 Ter
308 805 452 846 nova
482 789 791 845 Nestoreos
819 788 1064 858 implevit
1089 801 1328 860 purpura
1358 786 1529 844 lusos.

176 886 238 942 Et
261 885 424 939 toties
449 892 610 938 terno
632 882 820 938 cornix
845 881 1089 938 vivacior
1109 897 1247 939 aevo.

175 979 340 1046 Quam
376 973 577 1032 novies
607 975 746 1030 terni
773 975 1164 1045 glomerantem
1195 973 1394 1030 saecula
1422 981 1628 1030 tractus

177 1071 406 1126 Vincunt
425 1069 700 1141 aeripedes
729 1079 811 1124 ter
842 1079 998 1124 terno
1024 1068 1253 1125 Nestore
1277 1067 1447 1136 cervi,

176 1164 306 1220 Tres
341 1179 581 1234 quorum
603 1169 792 1218 aetates
826 1171 1051 1232 superat
1080 1161 1374 1218 Phoebeius
1400 1174 1589 1216 oscen.

176 1260 343 1328 Quem
371 1258 568 1313 novies
591 1257 779 1314 senior
809 1257 1141 1328 Gangeticus
1173 1256 1346 1312 anteit
1365 1255 1513 1324 ales,

180 1357 299 1412 Ales
319 1355 614 1412 cinnameo
635 1354 876 1409 radiatus
908 1361 1152 1423 tempora
1182 1351 1332 1408 nido.

178 1449 496 1522 Tergemina
530 1459 616 1504 est
647 1447 868 1514 Hecate,
896 1449 994 1502 tria
1022 1446 1246 1518 virginis
1267 1462 1361 1502 ora
1395 1446 1599 1502 Dianae.

178 1541 306 1598 Tres
338 1541 592 1597 Charites
618 1583 636 1610 ,
691 1542 791 1595 tria
828 1538 957 1595 Fata
985 1579 1000 1606 ,
1034 1538 1234 1610 triplex
1271 1555 1377 1596 vox
1399 1584 1414 1610 ,
1465 1539 1610 1594 trina
1656 1537 1774 1594 cle-

1528 1633 1733 1706 [menta
1757 1674 1772 1700 ,

179 1731 306 1788 Tres
337 1731 392 1786 in
413 1730 697 1786 Trinacria
727 1728 1040 1786 Siredones.
1073 1728 1269 1786 Omnia
1295 1735 1468 1784 terna.

179 1827 304 1882 Tres
330 1827 612 1895 volucres,
642 1834 753 1880 tres
779 1824 1057 1890 semidem,
1093 1833 1204 1880 tres
1231 1824 1589 1895 semipuellae.

180 1920 279 1975 Ter
306 1919 486 1976 tribus
516 1919 584 1974 ad
620 1920 849 1989 palmam
871 1921 1036 1988 jussu:
1065 1929 1279 1975 certare
1311 1919 1586 1986 Camenis,

179 2016 301 2081 Ure,
333 2030 526 2080 manu,
565 2014 717 2079 ﬂatu,
747 2014 920 2079 buxo,
957 2012 1084 2080 (ide,
1114 2028 1246 2068 voce
1274 2022 1556 2070 canentes.

181 2111 305 2167 Tres
344 2110 554 2181 SOpIIi:B
603 2120 785 2178 partes
817 2150 832 2175 ,
869 2109 969 2164 tria
1001 2109 1202 2165 Punica
1235 2109 1377 2164 bella
1407 2151 1422 2177 ,
1472 2108 1774 2164 trimestres

181 2208 454 2260 Annorum
485 2204 723 2276 caelique
750 2203 917 2272 vices,
948 2205 1233 2276 noctisque
1256 2218 1354 2276 per
1384 2203 1628 2260 umbram

182 2300 487 2372 Tergemini
515 2299 726 2371 vigiles.
752 2298 860 2355 Ter
888 2299 1036 2354 clara
1068 2297 1324 2354 instantis
1350 2299 1448 2353 Eoi

182 2392 336 2464 Signa
363 2392 511 2448 canit
544 2405 702 2447 serus
733 2391 1004 2462 deprenso
1035 2390 1205 2446 Marte
1242 2390 1487 2446 satelles.

187 2487 246 2542 Et
262 2487 349 2556 qui
378 2494 681 2557 conceptus
714 2484 1002 2556 triplicata:
1023 2499 1254 2554 vespere
1282 2484 1482 2552 noctis,

183 2580 327 2636 iussa
349 2591 544 2650 quater
571 2579 743 2636 ternis
765 2579 939 2635 affuit
962 2579 1145 2650 opima
1175 2579 1416 2650 trepzeis.

189 2671 250 2728 Et
271 2673 425 2745 lyrici
456 2682 610 2729 vates
639 2689 865 2729 numero
895 2683 1022 2728 sunt
1046 2673 1541 2740 Mnemonidarum,

187 2769 310 2825 Tres
338 2772 483 2827 solas
505 2771 783 2843 quondam
808 2771 982 2827 tenuit
1013 2786 1150 2842 quas
1176 2770 1398 2827 dextera
1427 2769 1619 2828 Phazbi
1651 2785 1664 2824 :

188 2862 286 2918 Sed
309 2862 572 2920 Citheron
597 2865 797 2921 totiens
819 2872 1003 2920 ternas
1025 2879 1090 2920 ex
1124 2879 1233 2920 aere
1259 2863 1493 2918 sacravit

188 2953 476 3027 Relligione
504 2965 744 3028 patrum,
773 2957 867 3027 qui
897 2971 992 3013 sex
1023 2957 1299 3028 sprevisse
1328 2957 1610 3016 timebant.

189 3046 346 3103 Trina
372 3049 676 3106 Terentino
697 3049 968 3106 celebrata
1000 3049 1250 3106 trinoctia
1279 3050 1408 3106 ludo
1442 3069 1454 3104 :

188 3138 360 3208 Qualia
393 3143 478 3200 bis
507 3143 695 3215 genito
719 3142 921 3199 Thebis
950 3143 1248 3199 Tricterica
1279 3143 1513 3200 Baccho.

192 3233 319 3292 Tres
344 3238 550 3308 primas
583 3236 859 3293 Thracum
897 3251 1106 3308 pugnas
1137 3237 1314 3294 tribus
1357 3237 1549 3296 ordine
1577 3237 1735 3297 bellis
1755 3283 1771 3309 ,

189 3325 422 3386 Juniada:
463 3329 642 3401 patrio
668 3328 892 3385 inferias
921 3330 1119 3386 misere
1143 3330 1413 3402 sepulcro.

191 3419 275 3476 llla
301 3425 461 3478 etiam
497 3422 767 3477 thalamos
797 3436 894 3492 per
916 3421 1055 3478 trina
1079 3423 1362 3493 aenigmata
1391 3438 1663 3494 quaerens,

191 3510 284 3579 Qui
312 3513 484 3584 bipes,
512 3522 572 3571 et
591 3513 902 3585 quadrupes
924 3517 1083 3584 foret,
1106 3523 1162 3572 et
1190 3517 1356 3586 tripes
1387 3517 1569 3573 omnia
1599 3518 1771 3586 solus,

190 3602 395 3661 Terruit
421 3607 654 3663 Aoniam
677 3606 935 3673 volucris,
969 3606 1077 3673 leo,
1109 3607 1285 3676 virgo,
1322 3609 1584 3665 triformis

193 3696 413 3768 Sphinx,
444 3701 688 3757 volucris
716 3699 926 3772 pennis,
963 3700 1187 3771 pedibus
1209 3699 1344 3766 fera,
1374 3701 1554 3758 fronte
1577 3704 1776 3774 puella.

193 3790 344 3849 Trina
369 3798 421 3852 in
443 3797 676 3868 Tarpeio
701 3795 907 3867 fulgent
931 3797 1208 3852 consortia
1229 3795 1453 3867 templo.

195 3886 428 3944 llumana
461 3891 707 3946 efﬁciunt
730 3889 1036 3946 habitacula
1071 3899 1154 3946 ter
1181 3903 1353 3960 genus
1375 3898 1543 3958 artes,

195 3979 488 4040 Parietibus
518 3999 638 4055 quae
663 3999 791 4039 saxa
825 3983 990 4051 locat,
1016 3999 1138 4054 quae
1166 3981 1404 4038 culmine
1429 3981 1597 4054 tigna,

195 4073 261 4130 Et
283 4092 400 4144 qua:
429 4093 686 4150 supremo
711 4080 878 4134 comit
916 4077 1148 4133 tectoria
1177 4076 1352 4132 cultu.

197 4167 322 4226 llinc
359 4171 559 4228 Bromii
604 4169 925 4243 quadrantal
953 4213 968 4236 ,
1001 4180 1057 4227 et
1077 4169 1205 4226 hinc
1241 4169 1436 4226 Sicana
1479 4169 1778 4226 medimna.

197 4259 302 4318 Hoc
331 4265 523 4332 tribus,
555 4263 670 4320 haec
696 4263 928 4335 geminis
955 4264 1128 4320 tribus
1151 4263 1389 4334 explicat
1410 4278 1542 4319 usus
1562 4261 1781 4335 agendi.

195 4350 248 4407 lu
274 4355 521 4428 Physicis
550 4357 650 4413 tria
681 4357 886 4428 prima,
917 4357 1057 4415 Deus
1081 4398 1095 4422 ,
1129 4356 1393 4422 mundus,
1431 4356 1556 4412 data
1587 4355 1780 4412 forma.

196 4443 296 4502 Ter
331 4465 502 4522 genus
527 4452 878 4523 omnigenum
904 4491 920 4518 ,
949 4450 1164 4522 genitor
1183 4491 1198 4518 ,
1241 4449 1482 4521 genitrix
1507 4491 1523 4518 ,
1562 4463 1787 4522 genera-

1619 4543 1783 4617 [tum.

200 4633 294 4691 Per
321 4639 488 4696 trinas
516 4641 726 4711 species
757 4639 1098 4709 trigonorum
1131 4637 1319 4709 regula
1349 4635 1545 4701 currit,

200 4726 524 4801 Aiquilatus,
549 4733 632 4790 vel
657 4747 818 4789 crure
839 4730 979 4803 pari,
1010 4731 1093 4787 vel
1118 4729 1172 4785 in
1197 4728 1454 4785 omnibus
1477 4727 1674 4799 impar.

200 4816 334 4878 Tres
363 4825 478 4882 coit
507 4826 558 4881 in
593 4837 776 4896 partes
809 4837 1070 4880 numerus
1100 4821 1372 4893 perlectus
1401 4840 1412 4874 :
1444 4831 1506 4876 ut
1536 4821 1677 4877 idem

205 4909 484 4990 Congrege
515 4927 596 4975 ter
629 4918 771 4973 trino
798 4933 894 4988 per
925 4925 1009 4974 ter
1046 4916 1151 4971 tria
1182 4913 1530 4970 dissolvatur.

202 5006 330 5068 Tres
343 5015 546 5084 primus
568 5055 583 5081 ,
599 5030 696 5086 par
717 5056 730 5081 ,
748 5016 926 5086 impar
940 5012 1102 5068 habet
1123 5052 1138 5080 ,
1157 5010 1533 5082 mediumque:
1555 5008 1652 5066 sed
1672 5009 1686 5064 i
1695 5022 1789 5079 pse

204 5099 272 5156 Ut
300 5113 427 5174 tres,
462 5108 541 5164 sic
562 5106 820 5178 quinque,
849 5115 904 5162 et
934 5114 1143 5176 septem
1171 5116 1389 5174 quoque
1407 5100 1605 5158 dividit
1624 5115 1784 5157 unus.

204 5192 269 5248 Et
292 5214 521 5258 numero
550 5202 607 5255 in
633 5208 746 5256 toto
770 5199 979 5271 positus
1004 5197 1105 5255 sub
1137 5195 1388 5252 acumine
1411 5195 1609 5264 centri,

205 5289 490 5366 Distinguit
510 5294 716 5352 solidos
745 5295 905 5352 coebo
935 5302 1195 5366 pergente
1218 5290 1466 5357 trientes,

210 5380 528 5457 (Equipares
551 5387 815 5443 dirimens
843 5392 1029 5456 partes
1049 5400 1120 5442 ex
1152 5384 1362 5455 impare
1385 5393 1562 5448 terno,

209 5473 272 5529 Et
297 5480 510 5547 paribus
542 5480 736 5550 triplex
765 5478 1002 5535 medium
1029 5496 1042 5532 :
1073 5492 1198 5534 cum
1223 5485 1482 5548 quattuor
1498 5483 1554 5532 et
1572 5489 1667 5532 sex

209 5562 398 5639 Bisque
423 5583 812 5643 quaternornm
837 5568 1140 5626 secernitur
1160 5568 1444 5639 omphalos
1477 5569 1645 5626 idem.

209 5656 301 5716 Jus
329 5665 544 5735 triplex,
576 5665 774 5721 tabula:
798 5661 944 5736 quod
974 5670 1057 5719 ter
1083 5677 1317 5718 sanxere
1343 5673 1648 5734 quaternae,

211 5750 454 5828 Sacrum,
482 5760 774 5833 privatum,
800 5766 857 5815 et
875 5756 1064 5829 populi
1087 5769 1376 5814 commune
1398 5760 1545 5830 quod
1569 5775 1796 5831 usquam

1670 5851 1794 5927 [est.

1681 293 1982 353 IDYLLIA.

1798 410 1856 472 Α
1880 409 2297 468 lnterdictorum
2328 412 2528 468 trinum
2558 426 2732 484 genus
2767 430 2778 464 :
2809 411 2951 467 unde
2979 409 3230 482 repulsus

3373 293 3480 352 898

1880 503 1942 559 Vi
1975 505 2155 569 luero,
2185 513 2280 559 aut
2307 503 2498 560 Utrobi
2530 505 2717 573 fuerit,
2744 505 3056 572 Quorumve
3081 505 3367 561 honorum.

1875 596 2093 667 Triplex
2125 597 2372 666 libertas,
2398 599 2701 669 capitisque
2731 596 2961 654 minutio
2992 597 3216 668 triplex.

1875 697 2102 753 Trinum
2125 696 2340 752 dicendi
2373 713 2545 768 genus
2567 707 2674 761 est,
2706 695 2964 764 sublime,
2996 694 3332 762 modestum,

1876 789 1944 846 Et
1979 790 2127 846 tenui
2156 789 2268 847 illo.
2293 788 2512 860 Triplex
2543 805 2760 861 quoque
2790 789 2964 845 forma
2986 789 3263 857 medendi,

1876 881 2014 951 Quoi
2046 882 2200 954 logos
2222 927 2237 954 ,
2281 889 2374 938 aut
2398 881 2687 940 methodos
2712 923 2730 950 ,
2771 881 2969 954 cuique
2995 879 3338 953 experientia
3373 895 3474 936 no-

3297 971 3467 1046 [mem

1877 1069 1944 1126 Et
1967 1068 2236 1127 medicina
2271 1067 2490 1141 triplex,
2519 1083 2765 1138 servare,
2791 1083 3011 1137 cavere,
3044 1067 3277 1128 mederi.

1876 1162 2016 1220 Tres
2037 1172 2322 1221 oratorum
2349 1164 2552 1231 cultus,
2582 1171 2803 1234 regnata
2829 1161 3059 1218 Colosso

1876 1257 2048 1328 Quem
2076 1258 2320 1326 Rhodos,
2335 1258 2534 1315 Actaea:
2564 1271 2726 1327 quem
2755 1255 3328 1322 dilexistis,Athenaa,

1878 1352 1946 1407 Et
1969 1367 2133 1424 quem
2157 1351 2227 1408 de
2255 1352 2438 1409 scenis
2465 1349 2653 1406 tetrica
2679 1348 2747 1405 ad
2771 1347 3027 1405 subsellia
3059 1348 3232 1403 traxit

1877 1442 2046 1500 Prosa
2070 1443 2235 1510 Asiae,
2264 1442 2319 1498 in
2341 1442 2523 1498 causis
2539 1455 2798 1498 numeros
2823 1438 3032 1495 imitata
3055 1440 3368 1495 chororum.

1877 1538 2125 1612 Orpheos
2153 1538 2284 1595 hinc
2309 1537 2553 1608 tripodes
2577 1576 2592 1604 ,
2617 1533 2743 1607 quia
2772 1543 2903 1591 sunt
2924 1533 3050 1603 tria,
3078 1540 3224 1590 terra
3243 1571 3260 1597 ,
3293 1544 3430 1601 aqua
3458 1571 3474 1596 ,

3213 1625 3480 1699 mamma.

1877 1727 2102 1800 Triplex
2131 1726 2400 1783 sideribus
2434 1725 2666 1798 positus,
2701 1723 2984 1792 distantia,
3013 1722 3212 1778 forma.

1798 1812 1850 1875 B
1878 1823 1950 1879 Et
1975 1821 2205 1890 modus,
2245 1830 2300 1878 et
2326 1820 2566 1891 genitrix
2606 1819 2949 1876 modulorum
2991 1817 3201 1873 musica
3247 1815 3470 1886 triplex,

1879 1919 2046 1976 Mixta
2076 1917 2251 1981 libris,
2281 1924 2490 1971 secreta
2523 1915 2711 1980 astris,
2746 1914 2964 1985 vulgata
2997 1911 3246 1968 theatris.

1878 2009 2076 2066 Martia
2105 2007 2280 2063 Roma
2329 2007 2558 2077 triplex,
2602 2006 2870 2077 equitatu,
2901 2004 3079 2073 plebe,
3107 2011 3323 2061 senatu.

1877 2101 1990 2156 lloc
2020 2114 2248 2156 numero
2279 2098 2480 2166 tribus,
2511 2106 2568 2154 et
2597 2113 2756 2153 sacro
2784 2097 2852 2153 de
2883 2104 3072 2152 monte
3099 2095 3352 2151 Tribuni.

1877 2193 2014 2248 Tres
2042 2191 2287 2263 equitum
2314 2200 2508 2247 turmae
2542 2207 2554 2244 :
2588 2190 2687 2245 tria
2733 2189 2953 2246 nomina
2981 2188 3332 2246 nobiliorum.

1877 2287 2106 2344 Nomina
2137 2295 2265 2343 sunt
2299 2285 2524 2342 chordis
2558 2287 2658 2339 tria
2694 2302 2708 2338 :
2743 2296 2869 2340 sunt
2895 2285 2995 2340 tria
3029 2283 3250 2339 nomina
3281 2283 3482 2338 mensi.

1878 2379 2160 2451 Geryones
2188 2378 2389 2450 triplex
2425 2398 2435 2431 :
2473 2378 2670 2449 triplex
2701 2391 2965 2448 compago
2992 2376 3303 2432 Chimaerae.
3352 2425 3354 2427 ,

1878 2472 2059 2544 Scylla
2091 2471 2285 2543 triplex
2308 2471 2602 2526 commissa
2634 2469 2826 2535 tribus,
2859 2484 3018 2538 cane,
3043 2468 3274 2540 virgine,
3304 2467 3480 2537 pisce.

1879 2562 2162 2634 Gorgones
2183 2603 2198 2629 ,
2241 2562 2616 2634 Harpyiasque,
2649 2569 2705 2616 et
2745 2561 3015 2633 Erynnies
3041 2560 3256 2632 agmine
3294 2567 3479 2615 terno.

1878 2655 1948 2711 Et
1975 2665 2082 2710 tres
2102 2653 2338 2710 fatidicae
2365 2668 2565 2709 nomen
2587 2667 2879 2709 commune
2910 2651 3138 2724 Sibylla:
3165 2669 3178 2705 :

1881 2746 2120 2814 Quarum
2146 2744 2430 2817 tergemini
2460 2744 2642 2800 fatalia
2667 2743 2906 2800 carmina
2935 2745 3059 2800 libri
3087 2760 3103 2800 :

1879 2837 2027 2907 Quos
2057 2845 2139 2894 ter
2167 2837 2457 2909 quinorum
2485 2846 2664 2892 servat
2695 2835 2905 2892 cultura
2933 2836 3195 2892 virorum.

1881 2929 1989 2988 Ter
2030 2930 2175 2987 bibe.
2219 2929 2358 2987 Tres
2397 2943 2656 2986 numerus
2693 2945 2858 3002 super
2899 2930 3081 2987 omnia
3112 2973 3128 3001 ,
3177 2936 3292 2986 tres
3337 2929 3484 2986 Deus

2027 3038 2188 3080 unus.

1884 3116 1983 3173 Hic
2002 3131 2218 3189 quoque
2247 3131 2315 3173 ne
2342 3115 2504 3173 ludus
2525 3130 2754 3172 numero
2779 3122 3112 3172 transcurrat
3143 3114 3335 3184 inerti,

1799 3209 1850 3276 ο
1881 3207 1990 3266 Ter
2011 3209 2194 3265 decies
2228 3216 2412 3264 ternos
2442 3207 2674 3276 habeat,
2706 3207 2998 3279 deciesque
3029 3221 3295 3264 novenos.

2448 3342 2784 3401 IDYLLIUM
2814 3343 2929 3400 XII.

2453 3456 2928 3531 TechnOptegnion.

2240 3577 2509 3633 Ansomus
2551 3575 2736 3632 ΡΛυιο
2762 3592 2858 3630 suo
2881 3574 3124 3630 salutent.

1955 3689 2079 3745 Misi
2109 3690 2182 3743 ad
2225 3699 2272 3745 te
2317 3690 2747 3761 technopazgnion
2794 3690 2972 3745 inertis
3010 3690 3104 3744 otii
3137 3687 3237 3744 mei
3282 3687 3470 3744 inutile

1882 3781 2209 3852 opusculum.
2245 3781 2503 3835 Versiculi
2531 3790 2652 3834 sunt
2686 3781 3060 3851 monosyllabis
3088 3782 3262 3852 caepti,
3299 3791 3347 3835 et
3376 3797 3492 3836 mo-

1884 3871 2171 3945 nosyllabis
2208 3872 2495 3927 terminati.
2527 3871 2640 3925 Nec
2672 3873 2755 3925 hic
2777 3873 2931 3926 modo
2959 3873 3102 3927 stetit
3131 3888 3350 3942 scrupea
3380 3873 3489 3941 dif-

1884 3965 2114 4036 ﬁcultas,
2144 3964 2235 4020 sed
2275 3963 2492 4018 accessit
2533 3963 2604 4017 ad
2646 3965 2908 4018 miseriam
2937 3963 3224 4034 cogitandi,
3257 3971 3313 4017 ut
3343 3963 3485 4018 idem

1886 4057 2302 4131 monosyllabum
2326 4055 2466 4127 quod
2495 4065 2625 4112 esset
2653 4057 2775 4126 finis
2810 4056 3025 4111 extremi
3051 4071 3250 4123 versus,
3282 4056 3483 4126 princi-

1887 4154 2029 4224 pium
2056 4151 2200 4221 ﬁeret
2222 4149 2558 4224 insequentis.
2587 4149 2690 4204 Dic
2719 4165 2862 4221 ergo,
2900 4148 2945 4203 Ο
2972 4165 3142 4216 mora,
3166 4157 3216 4204 et
3244 4165 3274 4203 ο
3316 4165 3488 4218 plena,

1886 4262 1996 4301 rem
2039 4260 2225 4300 uanam
2268 4245 2462 4316 quippe
2495 4242 2694 4298 curavi.
2751 4241 2964 4314 Exigua
3006 4251 3103 4312 est,
3137 4251 3185 4297 et
3217 4242 3491 4312 fastiditur

1887 4339 2193 4406 inconnexa,
2228 4346 2276 4392 et
2322 4335 2648 4408 implicatur,
2698 4351 2814 4390 cum
2843 4335 2908 4389 sit
2954 4334 3158 4406 aliquid
3205 4331 3383 4400 nihili,
3415 4335 3495 4390 vel

1889 4431 2316 4506 deprehenditur.
2347 4429 2605 4485 Laboravi
2643 4438 2836 4496 tamen,
2866 4437 2924 4483 ut
2955 4427 3168 4484 haberet
3210 4436 3300 4483 aut
3328 4426 3497 4482 histo-

1889 4525 2034 4580 ricon
2058 4523 2348 4596 quippiam,
2388 4531 2479 4576 aut
2509 4521 2838 4576 dialecticon.
2885 4518 3031 4575 Nam
3079 4520 3360 4592 poeticam,
3411 4519 3493 4574 vel

1812 4607 1869 4670 D
1891 4618 2228 4688 sap/tisticam
2258 4616 2514 4672 levitatem
2545 4614 2822 4670 necessitas
2853 4612 3225 4668 observationis
3248 4610 3493 4669 exclusit.

1887 4711 1970 4766 Ad
1992 4725 2269 4775 summam,
2295 4723 2398 4762 non
2430 4715 2504 4762 est
2527 4706 2668 4779 quod
2718 4706 2952 4776 mireris,
2982 4704 3073 4761 sed
3105 4704 3284 4776 paucis
3308 4704 3496 4760 litteris

1888 4804 2109 4873 additis,
2145 4811 2219 4858 est
2246 4804 2401 4876 cujus
2429 4801 2744 4871 miserearis,
2770 4815 2934 4871 neque
2960 4798 3203 4856 azmulari
3247 4795 3374 4853 uelis
3405 4804 3492 4849 :et

1890 4897 1935 4952 si
1963 4895 2066 4951 huc
2089 4911 2294 4968 quoque
2315 4892 2661 4962 descenderis,
2696 4893 2948 4962 majorem
2977 4889 3271 4945 molestiam
3311 4886 3493 4956 capias

1894 4989 2110 5064 ingenii,
2143 4998 2192 5044 et
2222 4987 2489 5059 facundia:
2532 4986 2865 5053 detrimento,
2895 4998 3056 5056 quam
3101 4979 3497 5038 oblectationem

1894 5081 2197 5138 imitationis
2236 5081 2446 5150 affectu.

1901 5219 2092 5278 Versus
2120 5218 2490 5292 monosyllabis
2517 5219 2670 5288 coepti
2689 5261 2704 5292 ,
2739 5227 2784 5273 et
2807 5215 2968 5288 finiti,
2995 5214 3069 5269 ita
3100 5221 3155 5267 ut
3184 5230 3217 5268 a
3247 5210 3351 5283 ﬁne
3378 5227 3494 5268 cer-

2273 5291 2359 5347 sus
2387 5292 2457 5346 ad
2479 5291 2795 5362 principium
2821 5293 3118 5343 recurrant.

1967 5385 2075 5442 Res
2087 5383 2364 5441 hominum
2385 5385 2601 5456 fragiles
2615 5384 2802 5448 alit,et
2819 5381 2982 5451 regit,
3006 5386 3062 5434 et
3084 5376 3307 5449 perimit
3359 5377 3496 5437 fors.

1904 5480 2040 5537 Fors
2057 5478 2243 5547 dubia,
2265 5488 2638 5550 aeternumque
2651 5475 2838 5532 labans
2853 5489 2867 5526 :
2883 5487 3046 5544 quam
3061 5471 3261 5529 blanda
3282 5471 3430 5528 fovet

3181 5565 3351 5638 [spe8_.

3327 5674 3502 5719 rnors.

3370 5770 3502 5812 nox.

3384 5844 3504 5911 lux.

1903 5669 2040 5740 Spes
2070 5666 2217 5724 nullo
2246 5666 2397 5724 ﬁnita
2419 5682 2535 5724 aevo
2569 5682 2582 5720 :
2609 5664 2693 5719 cui
2727 5661 2991 5718 terminus
3020 5671 3106 5718 est

1905 5763 2050 5819 Mors
2080 5761 2261 5830 avida,
2283 5761 2497 5819 inferna
2523 5756 2964 5829 mergitcaligine
2986 5770 3151 5827 quam

1905 5854 2026 5916 Nox
2053 5852 2268 5917 obitura
2295 5854 2473 5916 vicem
2503 5868 2518 5908 :
2556 5848 2887 5909 remeaverit
2914 5861 3080 5907 aurea
3111 5859 3239 5908 cum
