4072 6306
604 420 723 477 Lux
744 413 1171 475 dono'concessa
1190 412 1353 471 deum
1385 427 1401 468 :
1432 411 1523 469 cui
1552 411 1786 484 praevius
1804 417 1890 468 est

604 513 726 582 Sol,
751 511 839 569 cui
870 525 969 567 nec
997 509 1145 565 furto
1160 505 1539 565 Venerislatet
1557 505 1890 576 armipotens

604 607 750 665 Mars
763 605 915 662 nullo
935 603 1006 660 de
1026 614 1182 675 patre
1194 611 1348 657 satus
1365 619 1377 654 :
1393 614 1554 672 quem
1575 599 1813 658 Thressa
1835 595 1964 653 colit
2040 610 2197 668 gens.

604 697 751 755 Gens
766 696 980 753 infrena
996 694 1201 750 virum:
1220 692 1419 764 quibus
1439 693 1493 748 in
1507 692 1687 749 scelus
1708 704 1872 746 omne
1887 688 1998 745 ruit
2096 689 2196 744 fas.

602 791 710 849 Fas
732 791 1007 847 hominem
1032 798 1272 845 mactare
1290 787 1468 845 sacris
1495 802 1508 840 :
1537 789 1685 843 ferus
1713 785 1814 841 iste
1843 783 1951 840 loci
2058 796 2196 839 mos.

603 884 722 943 Mos
742 885 896 942 lerus
923 883 1144 940 audacis
1170 881 1360 953 populi
1387 899 1399 933 :
1424 893 1588 950 quem
1616 877 1765 935 nulla
1794 884 1945 934 tenet
2086 874 2196 930 lex.

601 977 717 1034 Lex
745 978 978 1033 naturali
1003 991 1165 1047 quam
1198 974 1446 1031 condidit
1465 971 1698 1044 imperio
2085 966 2197 1037 jus.

597 1074 628 1131 ι
634 1089 697 1129 us
717 1073 961 1145 genitum
984 1070 1187 1141 pietate
1207 1067 1514 1133 hominum,
1538 1065 1628 1136 jus
1650 1071 1797 1121 certa
1815 1060 1913 1119 Dei
2019 1072 2197 1116 mens.

600 1166 774 1234 Mens,
803 1180 928 1238 qua:
955 1163 1167 1220 coelesti
1193 1173 1363 1218 sensu
1389 1160 1533 1231 rigat
1559 1158 1847 1215 emeritum
2078 1169 2197 1212 cur.

596 1256 705 1314 Cor
731 1264 988 1329 vegetum
1017 1251 1202 1310 mundi
1234 1252 1410 1308 instar
1435 1251 1664 1317 habens,
1695 1249 1891 1305 animat
1916 1246 2097 1319 vigor,
2133 1260 2201 1304 ac

1998 1338 2123 1412 (vis.

609 1441 707 1500 Vis
728 1450 913 1499 tamen
941 1439 1032 1495 hic
1057 1438 1208 1496 nulla
1236 1446 1323 1495 εει
1369 1455 1384 1493 :
1416 1449 1604 1494 verum
1642 1442 1728 1492 est
1767 1434 1927 1506 locus
1953 1441 2012 1490 et
2045 1431 2199 1489 nihili

1990 1525 2125 1600 [res.

678 1644 748 1703 lit
772 1648 825 1703 in
852 1653 1014 1701 retere
1030 1642 1182 1700 verbo
1204 1652 1301 1712 est,
1331 1643 1567 1715 sequitur
1590 1658 1675 1698 ver
1701 1642 1953 1713 hyemem,
1976 1639 2064 1693 ubi
2083 1643 2198 1712 jam

599 1740 849 1796 similium
893 1752 1153 1809 nugarum
1192 1736 1403 1792 subtexe
1428 1736 1734 1809 nequitiam,
1779 1745 1827 1789 et
1872 1733 1926 1789 ltl
1952 1730 2198 1791 versiculi

600 1830 966 1902 monosyllabis
988 1831 1355 1894 terminantur,
1379 1828 1590 1884 exordio
1619 1836 1790 1883 tamen
1812 1827 1993 1895 libero,
2018 1843 2203 1898 quam-
2231 1836 2278 1903 Β

597 1941 750 1997 quam
777 1924 881 1993 ﬁne
924 1920 1174 1995 legitimo.
1212 1921 1320 1978 Sed
1360 1920 1616 1990 laboravi,
1661 1929 1718 1976 ut
1745 1930 2000 1991 quantum
2031 1929 2202 1991 posset

599 2018 763 2074 uideri
803 2017 945 2087 apud
990 2031 1140 2070 aures
1176 2014 1663 2087 indulgentissimas
1699 2015 1923 2071 absurda
1956 2017 2203 2073 concineb

600 2122 736 2177 rent;
766 2110 969 2165 insulsa
1012 2111 1323 2181 reciperent,
1361 2107 1538 2164 hiulca
1571 2118 1909 2181 congruerent
1938 2109 2203 2181 :denique

602 2203 853 2260 haberent
883 2213 932 2258 et
969 2218 1151 2258 amara
1179 2201 1531 2271 dulcedinem,
1577 2211 1627 2257 et
1653 2202 1915 2258 inanima
1944 2216 2203 2268 venerem,

602 2308 651 2354 et
679 2314 867 2372 aspera
898 2301 1181 2356 lenitatem.
1218 2296 1347 2366 Quae
1374 2299 1580 2370 quidem
1627 2298 1805 2354 omnia
1846 2299 2095 2370 quoniam
2118 2299 2203 2353 in-

599 2396 776 2449 suavis
804 2396 1022 2449 materia
1042 2394 1358 2457 devenustat,
1395 2394 1548 2449 lectio
1581 2392 1803 2465 benigna
1830 2393 2092 2449 conciliet.
2122 2391 2201 2448 Tu

595 2498 793 2559 quoque
817 2486 946 2541 mihi
972 2496 1063 2542 tua
1088 2486 1239 2542 crede
1268 2488 1517 2553 securior,
1550 2487 1742 2558 quippe
1786 2484 2026 2541 meliora.
2057 2484 2196 2553 Sed,

599 2590 656 2636 at
684 2579 823 2652 quod
852 2594 946 2652 per
971 2580 1280 2654 adagionem
1314 2579 1584 2651 coepimus,
1615 2577 1885 2651 proverbio
1914 2578 2160 2649 ﬁniamus
2180 2620 2196 2649 ,

600 2684 836 2730 mutuum
864 2675 997 2730 muli
1026 2673 1263 2730 seabunt.

904 2785 1251 2859 Mortosyllabi
1282 2798 1480 2844 tantum
1502 2787 1553 2843 in
1573 2787 1678 2858 ﬁne
1705 2788 1877 2861 positi.

599 2901 817 2962 Aimula
838 2903 947 2972 dis,
977 2914 1186 2963 natura:
1211 2905 1499 2973 imitatrix,
1520 2906 1872 2978 omniparens
2087 2920 2196 2965 ars.

599 2996 800 3053 Pacato
831 3006 888 3053 ut
917 2998 1135 3055 studeat
1158 2998 1319 3055 ludus
1348 3014 1537 3066 meus,
1567 3008 1688 3057 esto
1724 3000 1878 3071 operi
2066 3002 2198 3057 dux.

597 3091 786 3163 Arcta,
810 3090 1085 3149 inamoena
1106 3092 1257 3160 licet,
1285 3108 1389 3151 nec
1407 3108 1648 3166 congrua
1669 3093 2005 3152 carminibus
2089 3095 2197 3152 lex.

1994 292 2179 356 DECII

2298 290 2495 358 EONII
3779 302 3874 368 ιω

2087 411 2193 469 sul.
2224 430 2281 503 Α
2301 413 2419 483 Qua
2447 417 2599 472 caret
2627 409 2953 485 Ethiome
2975 412 3156 485 plaga,
3193 415 3439 489 pervigil,
3472 418 3605 476 irre-

2032 503 2197 562 κατε.
3482 514 3664 587 [quies
3727 526 3872 589 gens.

3770 610 3872 667 lux.

2301 602 2529 672 Semper
2556 601 2649 659 ubi
2682 610 2884 659 acterna
2915 603 3184 676 vertigine
3212 605 3361 662 clara
3390 606 3528 664 nitet

2828 726 2834 733 ’
2963 739 3041 796 De
3080 726 3225 799 Deis.

2372 856 2512 913 Sunt
2538 863 2595 912 et
2610 855 2915 915 cmlicolum
2940 857 3342 930 monosyllaba.
3362 856 3541 914 Prima
3557 858 3712 917 deum
3752 860 3877 929 Fas,

2300 952 2433 1021 Quae
2454 952 2676 1010 Themis
2703 952 3009 1011 estGraiis.
3031 952 3168 1010 Post
3191 953 3333 1010 hanc
3353 953 3530 1021 lihea,
3560 968 3681 1025 qum

3522 1046 3710 1120 [Latiis
3759 1049 3876 1121 Ops.

2302 1139 2441 1195 Tum
2473 1140 2629 1197 lovis
2655 1148 2712 1196 et
2735 1140 2902 1198 Consi
2931 1155 3250 1213 germanus,
3278 1140 3577 1199 Tartareus
3773 1143 3874 1202 Dis.

2304 1235 2373 1291 Et
2400 1251 2561 1293 soror
2589 1245 2647 1292 et
2663 1237 2862 1308 coniux
2892 1236 3109 1301 fratris,
3142 1238 3326 1309 regina
3352 1236 3542 1302 deum,
3774 1236 3875 1294 Vis.

2304 1329 2373 1386 Et
2398 1331 2489 1399 qui
2518 1330 2845 1403 quadriiugo
2872 1346 3041 1387 curru
3066 1340 3221 1403 pater
3244 1331 3522 1389 invehitur
3777 1331 3875 1390 Sol.

2301 1422 2512 1494 Quique
2544 1432 2729 1479 truces
2756 1423 2888 1480 belli
2917 1433 3100 1479 motus
3125 1422 3233 1481 ciet
3254 1424 3599 1494 armipotens
3715 1422 3874 1480 κει-ει

2300 1514 2476 1583 Qum
2508 1530 2806 1587 numquam
2835 1515 3036 1586 pietas,
3070 1531 3369 1588 numquam
3395 1516 3540 1573 bona
3569 1514 3773 1573 sollici-

3604 1608 3703 1683 [tat
3752 1607 3872 1677 Pax,

2305 1700 2417 1759 Nec
2445 1701 2627 1759 cultor
2651 1716 2934 1759 nemorum
2964 1701 3293 1768 reticebere,
3318 1700 3605 1758 analide
3760 1700 3874 1770 Pan,

2304 1793 2417 1851 Nec
2445 1793 2652 1851 Genius
2681 1794 2969 1861 domuum,
2990 1794 3244 1852 Larunda
3267 1795 3584 1868 progenitus
3765 1794 3871 1850 Lar.

2305 1886 2764 1959 Fluminibusque
2792 1886 2948 1944 Italis
2981 1888 3310 1958 praepollens
3337 1887 3615 1945 sull’ureus
3761 1886 3873 1944 Nar.

2313 1977 2552 2050 Quaeque
2584 1979 2696 2050 piat
2723 1978 2906 2035 divum
2938 1978 3197 2050 periuria,
3224 1979 3533 2037 nocticolor
3738 1978 3876 2052 Styx.

2304 2073 2645 2147 Velivolique
2681 2074 2850 2131 maris
2879 2084 3187 2131 constrator
3216 2075 3560 2132 Lcuconotos
3744 2073 3873 2133 Libs.

2304 2164 2373 2220 Et
2399 2179 2698 2237 numquam
2728 2165 2783 2222 in
2810 2164 2990 2223 dubiis
3020 2164 3299 2223 hominum
3328 2167 3472 2224 bona
3497 2165 3665 2223 desti-

3484 2258 3670 2333 [tuens
3737 2258 3874 2333 Spes.

2953 2372 3031 2429 De
3071 2372 3232 2430 Cibis.

2373 2509 2483 2567 Nec
2509 2517 2731 2567 nostros
2763 2508 3004 2569 reticebo
3025 2511 3201 2583 cibos,
3224 2526 3361 2586 quos
3378 2513 3596 2585 priseus
3615 2516 3708 2571 ha-

3563 2606 3677 2680 [het
3745 2622 3875 2677 mos,

2303 2696 2648 2755 Irritamenta
2674 2697 2872 2771 quibus
2905 2697 3122 2754 additur
3143 2712 3454 2769 aequoreum
3788 2702 3875 2759 sal.

2302 2790 2443 2848 Olim
2471 2792 2775 2848 communis
2800 2793 2986 2864 pecori
3018 2793 3195 2860 cibus,
3228 2803 3392 2865 atque
3416 2793 3624 2851 homini
3719 2797 3876 2869 glans.

2301 2886 2444 2944 Ante
2458 2887 2709 2960 equidem
2738 2889 2945 2960 campis
2962 2900 3123 2959 quam
3145 2891 3330 2960 spicea
3353 2899 3671 2962 suppeteret
3752 2886 3875 2948 lrux.

2304 2981 2424 3037 Mox
2454 2980 2610 3052 ador,
2643 2991 2806 3055 atque
2833 2981 3015 3038 adoris
3044 2982 3112 3039 de
3141 2984 3346 3055 polline
3376 2982 3683 3056 pultilicum
3788 2987 3877 3045 lar.

2302 3072 2573 3131 Instruxit
2598 3090 2814 3132 mensas
2841 3090 2949 3146 quo
2979 3077 3253 3148 quondam
3284 3076 3633 3134 Romulidum
3723 3078 3873 3150 plebs.

598 3184 791 3243 iudice
816 3187 918 3243 sub
940 3195 1095 3244 tanto
1116 3187 1265 3245 fandi
1287 3197 1466 3243 tamen
1496 3187 1732 3258 accipiet
2084 3188 2196 3260 jus.
2226 3233 2272 3296 Ο
2471 3170 2645 3296 fului,
2682 3168 2809 3225 hinc
2835 3178 3017 3241 Ρο¹ι¹δν
3047 3185 3170 3277 (ξυῐη
3200 3170 3501 3280 annalem"
3531 3188 3671 3247 ηίιιια
3753 3172 3873 3281 Pulf-

599 3277 808 3350 Quippe
834 3289 889 3335 et
918 3279 1160 3335 ridiculis
1185 3279 1314 3335 data
1344 3280 1540 3350 gloria,
1572 3280 1627 3335 ni
1658 3279 1911 3350 prohibet
2057 3279 2190 3338 fors.

1221 3393 1293 3429 ns
1321 3394 1563 3429 ηιωυιησῖρ

2305 3263 2401 3319 Est
2427 3262 2571 3320 Inter
2599 3263 2785 3336 fruges
2812 3280 2995 3320 morsu
3027 3265 3182 3338 piper
3211 3266 3557 3340 aequiparaus
3789 3269 3872 3341 git.

2302 3355 2372 3411 Et
2401 3355 2688 3412 Pelusiaco
2719 3356 2787 3412 de
2813 3354 3022 3414 semine
3053 3359 3238 3429 plana,
3272 3369 3418 3417 teres
3750 3363 3872 3419 lens.

1214 3393 1293 3448 De
1321 3394 1583 3450 membris.
2302 3393 2372 3411 ¹’⁴¹’
2402 3393 2424 3411 ⁸
2446 3393 2688 3412 “unum”
2719 3393 2787 3412 “"
2813 3393 3021 3414 ⁹υ¹¹¹⁸¹¹⁹
3056 3393 3238 3429 μισ-παι
3273 3393 3345 3416 ισι
3360 3393 3418 3417 εδ
3751 3393 3874 3419 tcua.

774 3507 874 3531 ευ,
909 3508 960 3531 ,η
998 3507 1179 3531 ηηηε,
1214 3511 1491 3531 ημμμε,
1525 3528 1533 3531 _
1560 3510 1689 3531 μείη-
1720 3528 1745 3531 _
2052 3514 2097 3531 __
2302 3450 2371 3505 Et
2395 3450 2600 3522 ἀυριίεῑ
2646 3451 2871 3508 defensa
2900 3455 3178 3525 putamine
3209 3456 3625 3531 quinquegcnus
3761 3474 3874 3516 nux,

675 3507 879 3563 Iudicat
909 3508 964 3563 in
998 3507 1182 3579 pueris
1213 3511 1497 3580 septennia
1524 3510 1695 3583 prima
1719 3528 1891 3568 novus
2037 3514 2195 3573 deus.
2302 3507 2565 3615 Quodéue
2590 3507 2716 3602 cum
2745 3555 2798 3603 et
2825 3507 2969 3620 ροῖυί

602 3600 880 3658 Puhentes
903 3616 1075 3658 annos
1094 3602 1370 3658 robustior
1389 3603 1648 3674 anticipat
2070 3623 2196 3664 vox.
2310 3600 2347 3613 “’
2476 3600 2494 3615 ⁸
2550 3600 2555 3601 “
2753 3600 2770 3603 ⁷
2828 3600 2951 3620 ‘m
3301 3600 3442 3607 “’”’”
3478 3600 3707 3718 “iam”,
3760 3644 3854 3704 mel

602 3691 803 3718 l-..:...-
838 3700 882 3718 ..ι
918 3694 1095 3718 ..η-ιι-
1152 3703 1200 3718 ,ι
1227 3695 1428 3718 --s:s.-_-
1487 3705 1563 3718 Δ..
1596 3696 1760 3718 ιμμε
1788 3713 1872 3718 --μ
2025 3700 2048 3718 ι
2086 3716 2117 3718 ,_
3716 3691 3729 3718 s
3859 3687 3874 3702 '

602 3691 806 3749 Invicta
834 3700 889 3749 et
918 3694 1120 3763 ventis,
1149 3703 1206 3751 et
1225 3695 1462 3764 solibus,
1483 3705 1569 3753 est
1596 3696 1879 3754 hominum
2024 3700 2194 3759 frons.
2303 3728 2519 3764 MM"...
2549 3730 2730 3764 nn“...
2755 3733 2859 3764 ιω
2888 3750 3040 3764 mn...
3066 3750 3078 3764 .
3107 3735 3190 3764 ..ηε
3224 3751 3430 3764 .........-
3465 3691 3729 3764 ...ἴῖῗψἿ

600 3788 844 3845 Edurum
867 3789 1019 3846 nervi
1048 3802 1172 3845 cum
1202 3791 1412 3847 viscere
1437 3792 1756 3849 consociant
2112 3810 2194 3854 os.

597 3883 1132 3955 Palpitatirrequies,
1163 3892 1437 3957 vegetum,
1462 3892 1792 3957 teres,acre,
1814 3886 2002 3945 calens
2077 3900 2195 3945 cor.

596 3975 757 4036 Unde
787 3980 971 4051 vigent
1000 3993 1226 4049 sensus,
1260 3979 1589 4038 dominatrix
1621 3994 1757 4052 quos
1788 3996 1950 4054 rege-

1844 4077 1945 4150 [tat
2018 4092 2196 4137 mens.

601 4169 781 4238 Atque
814 4167 866 4223 in
897 4168 1062 4224 verba
1092 4166 1257 4225 refert
1287 4168 1562 4226 modulata
1600 4168 1718 4242 lege
1747 4169 1949 4243 loquax
2113 4187 2196 4230 os.

597 4261 772 4331 Quam
803 4260 1041 4318 validum
1065 4270 1170 4330 est,
1199 4262 1439 4320 hominis
1458 4272 1621 4335 quota
1648 4262 1854 4335 portio,
1884 4279 2059 4321 crem-

1838 4360 2005 4433 [leum
2082 4361 2193 4420 fel!

604 4452 779 4521 Quam
804 4460 991 4522 tenue,
1025 4460 1081 4510 et
1109 4452 1306 4512 molem
1342 4463 1597 4528 quantam
1629 4454 1735 4513 fert
1763 4470 1957 4529 corpo-

1789 4551 1959 4626 [ream
2032 4564 2158 4609 crus
2181 4553 2195 4608 l

602 4636 852 4696 Pondere
879 4639 980 4696 sub
1009 4648 1215 4713 quanto
1252 4650 1500 4699 nostrum
1527 4643 1841 4702 moderatur
1870 4646 1975 4703 iter
2057 4662 2152 4719 pes
2176 4646 2191 4702 l
2220 4626 2273 4694 Ῑ)
2299 4637 2420 4706 QUO
2448 4647 2707 4708 generali
2735 4638 2919 4695 Venus
2946 4640 3201 4696 Saturnia
3229 4641 3474 4698 desecuil

1228 4774 1551 4835 Inconneaa.

668 4894 826 4965 Sapo
850 4891 909 4948 in
939 4890 1209 4963 coniugiis
1236 4893 1298 4948 nt
1323 4895 1508 4964 noxis,
1542 4895 1589 4951 si
1614 4895 1782 4952 nimia
1810 4905 1898 4954 est

591 4986 771 5045 Sexus
799 4995 1033 5058 uterque
1056 4993 1271 5057 potens,
1300 4987 1399 5043 sed
1430 4990 1689 5059 praevalet
1716 4989 1949 5063 imperio
2047 5004 2184 5049 mas.

586 5081 694 5150 Qui
725 5091 873 5138 recte
899 5080 1094 5147 faciet,
1128 5095 1233 5134 non
1261 5080 1353 5151 qui
1384 5081 1715 5152 dominatur,
1747 5085 1855 5140 erit
2061 5095 2182 5143 rex.

589 5172 772 5230 Vexat
796 5173 1091 5240 amicitias,
1124 5179 1183 5228 et
1206 5170 1415 5233 foedera
1448 5172 1713 5232 dissociat
2096 5180 2186 5238 lis.

592 5263 798 5337 Incipe,
831 5265 1090 5338 quidquid
1123 5280 1250 5336 agas
1277 5282 1292 5322 :
1324 5280 1426 5338 pro
1455 5273 1575 5322 toto
1594 5276 1687 5325 cst
1715 5269 1886 5339 prima
1914 5287 2044 5342 ope-

1856 5360 1954 5431 Iris
2036 5379 2181 5435 pars.

588 5450 837 5507 Insinuat
860 5451 1029 5523 cmlo,
1059 5449 1253 5520 disque
1279 5448 1479 5507 inserit
1502 5450 1765 5509 emeritos
1858 5416 1868 5431 ’
2036 5416 2184 5519 laus.

584 5542 655 5599 Et
680 5543 989 5612 disciplinis
1015 5542 1263 5599 conferta
1296 5554 1405 5611 est,
1437 5550 1496 5599 et
1525 5541 1673 5597 vitiis
2030 5552 2179 5610 urbs.

585 5639 827 5699 Urbibus
859 5642 912 5695 in
945 5639 1073 5696 tutis
1099 5642 1362 5699 munitior
1387 5637 1615 5697 urbibus
1643 5646 1731 5695 est
2059 5663 2177 5705 arx.

582 5735 733 5797 Auro
759 5749 991 5804 magnus
1016 5734 1213 5791 honos.
1247 5736 1385 5793 Auri
1411 5735 1648 5807 pretium
1676 5740 1856 5795 tamen
1890 5750 1974 5797 est
2082 5759 2177 5802 tes.

582 5823 770 5896 Longa
797 5824 916 5885 dies
938 5839 1176 5909 operosa
1198 5825 1342 5897 tiro,
1371 5825 1473 5888 sed
1499 5825 1797 5900 temperies
2046 5851 2176 5894 nox.

2302 3728 2519 3788 Naturae
2549 3730 2730 3804 liquor
2755 3733 2859 3790 iste
2887 3750 3041 3791 norm
3066 3750 3080 3791 :
3106 3735 3192 3792 cui
3223 3751 3433 3794 summa
3465 3748 3619 3796 natat
3776 3739 3871 3797 fex.

2920 3871 2999 3926 lle
3038 3870 3310 3928 Historiis.

2372 3979 2629 4038 Solamen
2651 3981 2767 4049 tibi,
2795 3982 3024 4053 Pbmbe,
3048 4000 3247 4041 novum
3273 3986 3698 4046 deditmbalius
3766 3989 3869 4045 llos.

2302 4070 2462 4128 Flore
2490 4074 2597 4130 alio
2624 4090 2751 4130 reus
2770 4086 2857 4132 est
2886 4077 3121 4133 Narcissi
3152 4088 3328 4134 morte
3348 4092 3506 4136 sacer
3742 4081 3869 4136 fons.

2302 4166 2480 4223 Cmdis
2504 4167 2745 4224 Adonea;
2772 4169 2913 4225 mala
2942 4171 3115 4242 gloria
3144 4170 3443 4229 fulmineus
3767 4188 3867 4228 sus.

2301 4260 2587 4332 Perjumm
2619 4263 2908 4335 Lapitham
2942 4264 3174 4320 Junonia
3204 4265 3447 4322 ludificat
3730 4267 3869 4322 nubs.

2302 4354 2468 4412 Ludit
2496 4364 2555 4413 et
2582 4356 2868 4414 Eacidem
2901 4359 3188 4415 Parnassia
3223 4359 3561 4431 Delphicolaa
3753 4360 3869 4415 fors.

2302 4447 2578 4505 Treicium
2607 4450 2867 4523 Libycum
2900 4452 3035 4507 freta
3066 4450 3530 4525 Cimmeriumque
3552 4462 3701 4512 secat
3766 4454 3867 4509 bos.

2301 4539 2422 4599 Non
2458 4543 2576 4598 sine
2606 4543 3001 4616 llamadryadis
3029 4545 3138 4601 fato
3169 4548 3316 4603 cadit
3344 4549 3577 4606 arborea
3721 4548 3867 4605 trabs.

3774 4642 3866 4697 'alx.

2299 4642 2420 4706 Quo
2448 4647 2707 4708 generata
2735 4642 2919 4695 Venus
2946 4642 3201 4696 Saturnia
3229 4642 3474 4698 desecuit
3754 4642 3864 4697 falx.

2297 4728 2456 4785 Sicca
2482 4729 2630 4786 inter
2652 4744 2818 4800 rupes
2847 4730 3137 4804 Scythicas
3160 4735 3313 4789 stetit
3338 4735 3558 4792 alitibus
3723 4746 3864 4793 cru.

2295 4821 2454 4879 Unde
2486 4821 2812 4879 Prometheo
2834 4824 2908 4880 de
2937 4838 3170 4897 corpore
3198 4827 3527 4898 sanguineus
3766 4836 3861 4883 ros.

2063 4898 2187 4955 dos-
2298 4914 2590 4988 Adspergit
2616 4927 2828 4985 cautes,
2861 4926 2916 4973 et
2939 4919 3057 4975 dira
3091 4922 3302 4976 aconita
3334 4931 3487 4977 creat
3763 4930 3862 4978 eos.

2288 5009 2485 5083 Ibycus
2516 5020 2576 5065 ut
2602 5012 2796 5082 periit,
2834 5013 3036 5068 vindex
3072 5012 3174 5069 fuit
3196 5015 3489 5071 altivolans
3732 5026 3862 5087 gres.

2291 5101 2533 5159 Eacidse
2550 5104 2616 5160 ad
2639 5106 2909 5162 tumulum
2937 5115 3167 5163 mactata
3189 5117 3271 5164 est
3288 5107 3690 5166 Andromachae
3744 5107 3862 5181 glos.

2288 5193 2527 5253 Carcere
2556 5196 2612 5252 in
2639 5200 2843 5271 Argivo
2872 5200 3285 5272 Philopoemene
3316 5202 3464 5260 lenta
3491 5205 3627 5261 adiit
3712 5216 3861 5261 meis.

2292 5286 2478 5344 Tertia
2501 5291 2681 5360 opima
2710 5292 2864 5349 dedit
2884 5295 3148 5364 spoliatus
3176 5298 3528 5356 Aremoricus
3726 5298 3861 5354 Lars.

2287 5379 2423 5438 Sera
2451 5393 2727 5440 venenato
2752 5394 2882 5457 potu
2916 5388 3141 5446 abstulit
3166 5387 3491 5447 Annibalem
3750 5400 3857 5447 tier.

2289 5475 2397 5532 Res
2422 5476 2565 5534 Asia:
2595 5488 2825 5551 quantas
2853 5482 3006 5540 letho
3041 5484 3191 5542 dedit
3216 5474 3520 5543 immeritas
3696 5482 3860 5542 fraus!

2287 5569 2465 5626 Ultrix
2494 5572 2746 5644 ﬂagravit
2775 5574 2845 5632 de
2876 5578 3101 5649 rupibus
3133 5580 3388 5636 Euboicis
3765 5578 3859 5634 tax.

2289 5662 2407 5719 Stat
2436 5664 2587 5721 lovis
2612 5666 2681 5723 ad
2710 5670 2990 5742 cyathum,
3017 5679 3245 5744 generat
3268 5684 3432 5744 quem
3467 5672 3671 5729 Darda-

3502 5767 3652 5840 [nius
3720 5763 3854 5820 Tros.

2284 5840 2621 5918 Praepetibus
2648 5854 2843 5923 pennis
2874 5870 3041 5929 super
3072 5873 3197 5917 aera
3227 5868 3419 5917 vectus
3447 5858 3611 5916 homo
3721 5855 3851 5913 Cres.
