4072 6306
178 322 284 382 901

178 435 375 496 Intulit
400 428 677 492 incestam
710 430 809 487 tibi
836 429 948 485 vim
979 425 1276 484 Philomela
1307 426 1458 482 ferus

179 532 463 590 Barbarus
492 537 579 585 est
610 527 818 599 Lydus,
844 537 1038 581 servus
1063 521 1221 591 Geta,
1254 521 1521 577 femineus
1586 519 1792 591 Phryx.

182 621 437 679 Fallaces
465 619 699 690 Ligures
725 629 742 671 :
776 616 928 671 nullo
955 615 1094 670 situs
1120 613 1175 669 in
1204 613 1382 683 pretio
1666 610 1794 667 Car.

184 714 406 770 Vellera
427 712 674 783 depectit
704 708 1007 766 nemoralis
1037 705 1324 762 vestiﬂuus
1671 704 1795 761 Ser.

182 808 324 865 Nota
346 808 405 864 in
438 806 709 877 portentis
737 802 1000 860 Thebana
1033 799 1432 872 tricorporibus
1560 797 1794 870 Sphinx.

184 902 318 960 Nota
352 907 413 958 et
440 910 742 972 parvorum
774 896 931 952 cunis
964 892 1230 951 muliebre
1257 905 1420 949 secus
1624 888 1796 946 Strix.

739 1013 819 1068 De
856 1028 970 1067 vere
1010 1009 1201 1081 primo.

1675 298 1790 368 IDY
1799 304 1981 367 LLIA.

1578 424 1789 483 Thrax.
1820 420 1877 484 Α

3391 256 3497 372 θδξ

2412 424 2978 482 Grammaticomastix.

1975 537 2377 611 Elogodmdalia
2402 540 2599 598 strides
2627 541 2789 598 modo
2822 542 2911 611 qui
2942 513 3168 600 nimium
3347 551 3495 613 trux,

1906 631 2123 690 Frivola
2151 633 2519 691 condemnas?
2551 644 2894 709 nequaquam
2922 654 2932 689 :
2962 652 3083 695 cum
3114 638 3290 710 pretio

3136 730 3242 804 [est
3315 746 3497 799 merx,

1906 818 2114 876 Ennius
2141 827 2200 874 ut
2228 832 2523 888 memorat,
2555 822 2730 893 replet
2764 834 2814 880 te
2843 823 3118 882 laetificum
3370 840 3497 896 gau.

1905 911 2093 968 Livida
2122 927 2278 969 mens
2308 912 2587 968 hominum
2620 925 2934 971 concretum
2965 916 3091 974 felle
3120 928 3318 990 coquat
3374 934 3498 990 pus.

1908 1004 2027 1076 Dic,
2062 1003 2194 1076 quid
2225 1004 2533 1076 signiﬁcent
2561 1007 2823 1062 catalecta
2855 1007 3127 1066 Maronis?
3154 1009 3211 1065 in
3239 1009 3324 1067 his
3447 1010 3499 1066 al

254 1133 456 1190 Annus
480 1114 564 1186 ab.
577 1139 769 1186 exortu
800 1143 925 1184 cum
954 1125 1277 1197 ﬂoriparum
1306 1132 1520 1180 reserat
1681 1136 1795 1189 ver,

1916 1098 2182 1155 Deltarum
2215 1099 2420 1171 posuit,
2451 1099 2697 1171 sequitur
2727 1117 2832 1156 non
2862 1101 3095 1158 lucidius
3382 1111 3498 1160 tau.

188 1226 403 1282 Cuncta
434 1212 664 1296 vigent:
692 1235 884 1279 nemus
912 1190 1284 1275 omne—viret:
1315 1218 1451 1273 nitet
1481 1215 1627 1272 anri-
1904 1191 1974 1296 ξῖῑ
1996 1190 2143 1296 (Ιικξά
2174 1207 2439 1296 εθιςξιιεηο
2456 1193 2694 1296 fimum
2724 1195 2869 1250 male
2900 1196 3205 1254 lelltifernm
3350 1199 3501 1296 min?

1363 1311 1601 1383 [comam
1679 1324 1796 1366 rus.
1904 1282 2219 1355 Imperium,
2254 1285 2426 1355 litem,
2456 1286 2749 1355 Venerem,
2785 1304 2884 1342 cur
2912 1304 3018 1343 una
3052 1298 3203 1345 notet
3384 1291 3502 1348 res?

192 1412 262 1467 Et
292 1411 485 1467 fusura
518 1410 743 1466 umbras
769 1405 1034 1465 radicitus
1058 1405 1295 1477 exigitur
1363 1375 1381 1383 h
1606 1403 1793 1473 stirps.
1906 1375 2365 1477 _Si‘"e__l)ere_gl‘ini
2394 1394 2495 1477 V93
2527 1380 2788 1447 "ominiS.
2821 1395 2888 1436 an
2918 1380 3057 1436 Latii
3102 1475 3111 1477 _
3410 1382 3504 1437 ﬁl?

186 1506 304 1562 Non
331 1506 511 1563 denso
539 1505 610 1562 ad
638 1514 839 1561 tenam
866 1503 1022 1572 lapsu
1047 1470 1349 1572 8106mm”
1373 1497 1496 1555 aui,
1677 1470 1796 1553 "ix.
1903 1470 2183 1572 Eintr-i‘bus
2211 1473 2262 1528 in
2291 1473 2523 1572 geminis
2540 1481 2852 1530 constratus
2879 1482 3046 1545 ponto
3069 1475 3162 1545 sit,
3181 1490 3250 1531 an
3334 1477 3506 1546 pons?

186 1601 412 1656 Florum
441 1599 618 1669 spirat
644 1597 805 1663 odor,
833 1560 1028 1653 Libani
1047 1560 1160 1653 ceu
1188 1593 1391 1651 montis
1418 1594 1595 1650 honor
1650 1591 1799 1647 thus.

1916 1560 2161 1620 Bucollco
2192 1579 2349 1635 sepes
2376 1564 2512 1620 dixit
2542 1565 2711 1633 Maro,
2743 1581 2840 1622 cur
2867 1566 3064 1623 Cicero
3343 1566 3507 1636 seps?

450 1650 1044 1760 ἧξίλιίεςῆᾇᾷᾖοηῶ
1140 1687 1547 1758 mmmam.
1904 1650 2024 1760 Eos
2052 1651 2235 1760 solita,
2269 1662 2323 1711 et
2352 1657 2564 1712 cunctis
2586 1657 2895 1724 notissima,
2922 1658 2967 1713 si
2996 1673 3288 1723 memores,
3390 1658 3502 1760 lac:

188 1785 320 1852 Quis
346 1744 580 1842 subitvin
620 1744 836 1855 poenam
859 1779 1080 1851 capitali
1104 1744 1358 1851 judicio?
1681 1787 1798 1830 vas.
1831 1818 1880 1855 π
1904 1744 2445 1855 (ίθτθίξῗηδθίξτηθξυτ
2472 1748 2633 1855 τῆιίοι
2671 1752 2841 1855 "fg-[5
2867 1759 2928 1804 ’λι
2959 1748 3121 1855 {adat
3362 1746 3501 1855 1³0ιῖ

188 1818 320 1852 Qum
346 1818 505 1842 sum.
524 1818 580 1841 ι..
622 1818 836 1855 ..νου-ιι..
859 1818 1080 1851 up..."
1104 1818 1315 1851 ,..........
1340 1820 1351 1833 .
1690 1818 1798 1830 ...η

186 1880 323 1948 Quid
356 1880 403 1934 si
437 1879 507 1934 lis
542 1877 713 1935 fuerit
736 1875 1064 1944 nummaria,
1096 1874 1222 1946 quis
1241 1871 1501 1930 dabitur?
1631 1883 1797 1940 praes.

1916 1834 2206 1948 An‘Libya:
2235 1839 2402 1896 ferale
2429 1841 2654 1910 malum,
2682 1818 3010 1898 sitﬁliomula
3039 1859 3143 1900 vox
3344 1845 3506 1916 seps?

186 1926 324 2040 ἇιῖὲξ
348 1926 1467 2038 ﬁliiﬁlii1.3;;iéli'iiir’2‘sguislnu.
1592 1926 1796 2020 Tbrax.

1916 1932 1963 1988 Si
1993 1926 2173 1990 bonus
2199 1943 2281 1990 est
2309 1933 2518 2003 insons,
2548 1935 2878 2005 contrarius,
2909 1946 2962 1991 et
2986 1953 3112 1993 reus
3142 1946 3228 1994 est
3351 1954 3507 1998 sons.

187 2023 1340 2134 [irier—virtutesquodnomenMercurio?
1690 2055 1801 2112 fur.
1904 2023 2067 2134 B‘fo‘
2094 2041 2257 2134 εριξτξι
2289 2040 2619 2134 0959039"
2652 2025 2819 2134 δειιξοι
2842 2027 3073 2134 loves?
3098 2030 3288 2102 Stygio
3382 2032 3509 2134 υίξῖ

1030 2112 1363 2211 ﬂag—Qa
1393 2151 1594 2208 deum?
1650 2149 1800 2206 lam.
1905 2112 2340 2227 Endeoﬂudjinus
2370 2117 2468 2185 ait,
2500 2118 2699 2227 Divum
2730 2112 2926 2176 demus
2954 2120 3244 2177 altisonnm
3370 2124 3511 2180 coal?

1905 2206 1974 2263 Et
2003 2208 2160 2280 cujus
2190 2208 2259 2265 de
2287 2224 2459 2279 more,
2489 2209 2632 2280 quod
2661 2210 2913 2280 adstruit,
2943 2213 3086 2269 endo
3118 2229 3271 2270 suam
3402 2215 3511 2272 do?

186 2254 378 2309 Cincta
406 2252 548 2307 mari
577 2265 824 2323 quaenam
847 2249 1011 2308 tellus
1037 2257 1189 2306 creat
1209 2246 1632 2317 Hippocratem?
1670 2242 1800 2300 Cos.

193 2346 341 2404 Grex
378 2346 579 2416 magis,
609 2359 679 2400 an
707 2359 938 2416 regnum
968 2340 1210 2398 Minoida
1239 2338 1537 2396 sollicitat?
1642 2350 1797 2406 grex.

190 2438 335 2509 Quid
371 2447 573 2510 praeter
602 2438 803 2495 nubem
831 2436 1153 2495 lescibus
1172 2432 1520 2505 impositum?
1618 2442 1800 2487 mons.

192 2532 305 2600 Dic,
334 2539 598 2588 cessante
627 2530 771 2595 cibo,
808 2544 1011 2586 somno
1037 2528 1163 2598 quis
1192 2526 1428 2597 opimior
1459 2523 1579 2581 est?
1670 2522 1803 2593 glis.

190 2624 436 2696 Tergora
462 2622 556 2680 dic
578 2622 787 2694 clypeis
818 2620 1181 2678 accommoda
1211 2633 1336 2690 quae
1363 2614 1562 2673 faciat?
1655 2613 1804 2686 gius.

193 2717 401 2789 Sponte
429 2715 661 2773 ablativi
684 2730 844 2772 casus
874 2714 995 2786 quis
1027 2721 1210 2770 rectus
1237 2711 1379 2768 erit?
1610 2721 1803 2778 spons.

192 2807 522 2879 Quadrupes
547 2807 827 2863 oscinibus
854 2805 977 2877 quis
1001 2805 1246 2877 jungitur
1274 2802 1568 2874 auspiciis?
1657 2813 1802 2857 mus.

194 2902 333 2969 Quid
362 2903 541 2959 ﬂuitat
568 2903 785 2974 pelago,
819 2900 965 2973 quod
999 2916 1111 2956 non
1142 2908 1293 2955 natat
1322 2898 1378 2955 in
1412 2896 1614 2954 ﬂuvio?
1688 2894 1805 2966 pix.

194 2994 462 3052 Bissenas
489 3003 672 3066 partes
704 2993 824 3066 quis
852 2991 1096 3049 continet
1123 2990 1467 3064 aequipares?
1723 3001 1803 3043 as.

195 3088 379 3146 Tertia
402 3086 641 3144 defuerit
669 3084 717 3141 si
743 3085 944 3157 portio,
977 3083 1124 3156 quod
1155 3078 1468 3154 reliquum?
1684 3076 1805 3136 bes.

377 3203 461 3257 De
490 3203 676 3257 litteris
698 3199 1068 3272 monosyllabis
1092 3198 1288 3255 Grecis
1312 3214 1371 3254 ac
1398 3195 1626 3252 Latinis.

197 3321 317 3378 Dux
346 3320 748 3376 elementorum
778 3317 976 3375 studiis
1003 3316 1149 3387 viget
1170 3317 1227 3372 in
1249 3314 1425 3371 Latiis
1742 3324 1804 3371 A.

198 3415 270 3471 Et
289 3428 551 3485 suprema
581 3413 726 3470 notis
746 3411 1082 3471 adscribitur
1112 3410 1384 3482 Argolicis
1742 3420 1806 3464 ο.

202 3507 301 3563 Illa
319 3507 471 3579 quod
494 3505 795 3572 )Eolidum,
818 3503 1074 3575 quodque
1092 3525 1136 3571 ι,
1162 3504 1327 3559 valeo
1342 3506 1447 3559 hoc
1458 3502 1678 3558 Latiare
1748 3512 1808 3556 Ε.

200 3602 440 3673 Ρτωειο,
476 3600 621 3673 quod
651 3601 694 3656 Ε
726 3601 940 3656 Latium
972 3612 1193 3670 semper
1220 3590 1410 3666 breve,
1443 3598 1637 3654 Dorica

1549 3695 1681 3766 |vox
1751 3705 1808 3750 ε.

204 3793 319 3850 [loc
350 3792 515 3849 tereti
545 3800 849 3864 arguteque
879 3806 1018 3847 sono
1048 3799 1208 3862 negat
1238 3789 1421 3845 Attica
1446 3801 1587 3860 gens
1747 3798 1810 3842 0.

202 3900 244 3943 Ω
271 3884 422 3957 quod
450 3893 511 3941 et
530 3898 575 3941 0
601 3884 849 3941 Graecum
874 3891 1197 3955 compensat
1220 3882 1458 3938 Routula
1481 3892 1588 3934 vox
1743 3878 1811 3933 0.

204 3979 412 4036 Littera
445 3993 567 4034 sum
599 3978 728 4033 lota:
755 3977 975 4047 similis,
1008 3992 1111 4034 vox
1146 3976 1307 4048 plena
1334 3975 1557 4046 jubens,
1770 3971 1810 4026 Ι.

204 4072 493 4144 Cecropiis
526 4073 707 4142 ignota
738 4073 881 4127 notis
913 4071 1083 4125 ferale
1112 4084 1321 4125 sonans
1743 4063 1787 4120 υ

208 4167 539 4239 Pythagorae
570 4165 771 4219 bivium
803 4164 971 4218 ramis
1003 4172 1165 4235 pateo
1189 4160 1460 4233 ambiguis
1751 4152 1787 4210 Υ

210 4258 454 4315 Vocibus
483 4257 538 4312 in
568 4256 745 4313 Graiis
773 4271 1069 4327 numquam
1099 4255 1288 4310 ultima
1319 4252 1631 4323 conspicior
1748 4261 1796 4306 Μ

209 4354 341 4411 Zeta
364 4353 580 4424 jacens,
609 4352 653 4407 si
677 4361 889 4421 surgat,
916 4350 1021 4406 erit
1047 4358 1194 4415 nota,
1230 4364 1353 4420 quas
1381 4345 1582 4418 legitur
1756 4357 1797 4402 N

212 4440 578 4511 Maeandrum,
613 4443 893 4514 flexusque
926 4457 1097 4513 vagos
1130 4441 1340 4496 imitata
1364 4453 1535 4511 vagor
1757 4442 1798 4492 Ξ

214 4538 504 4594 Dividuum
537 4537 682 4591 Betae
714 4535 1132 4607 monosyllabon
1163 4532 1414 4588 Italicqu
1764 4540 1797 4583 B

213 4631 331 4689 Non
354 4632 612 4697 formam,
643 4641 698 4684 at
727 4644 916 4686 vocem
952 4628 1121 4685 Delta:
1150 4642 1284 4700 gero
1310 4624 1641 4682 Romuleum
1755 4625 1797 4682 D

214 4726 447 4783 Hostilis
467 4740 591 4798 quae
618 4723 789 4779 forma
816 4721 928 4795 jugi
962 4730 1066 4790 est,
1092 4722 1233 4778 lianc
1256 4718 1458 4776 efﬁciet
1758 4729 1800 4779 II

214 4821 522 4879 Ausonium
547 4819 594 4875 si
632 4816 674 4875 P
712 4821 945 4887 scribas,
983 4835 1078 4876 ero
1105 4818 1433 4890 Cecropium
1616 4866 1621 4871 .
1766 4830 1801 4873 Ρ

214 4914 286 4971 Et
309 4914 433 4970 Rho
457 4912 601 4985 quod
627 4914 903 4983 Graecum,
937 4914 1233 4972 mutabitur
1260 4917 1317 4969 in
1340 4911 1555 4968 Latium
1767 4924 1802 4966 P

217 5008 390 5065 Malus
416 5018 479 5063 ut
504 5015 815 5063 antemnam
848 5008 954 5065 fert
982 5008 1212 5073 vertice,
1243 5005 1323 5061 sic
1354 5019 1456 5073 ego
1483 5017 1603 5059 sum
1755 5009 1799 5057 T

220 5102 464 5174 Spiritus
494 5100 606 5172 hic,
638 5100 769 5157 ﬂatu
798 5101 1116 5159 tenuissima
1144 5098 1421 5156 viVilicans
1754 5095 1801 5150 ll

221 5195 351 5252 Haec
378 5194 559 5251 tribus
590 5194 643 5249 in
673 5194 836 5250 Latio
862 5202 1071 5251 tantum
1102 5192 1290 5249 addita
1318 5189 1633 5248 nominibus
1757 5188 1803 5244 Κ

1755 5281 1801 5337 C

1760 5476 1803 5525 Θ

1761 5571 1804 5617 X

1768 5667 1805 5711 Φ

1761 5854 1807 5902 ‘l’

1754 5096 1773 5149 l

224 5287 530 5345 Praevaluit
556 5294 842 5358 postquam
871 5287 1117 5343 Gemmas
1142 5288 1265 5343 vice
1292 5285 1477 5341 functa
1504 5282 1659 5355 prius

224 5383 404 5455 Atque
431 5381 599 5436 aliam
632 5395 737 5450 pro
764 5394 825 5435 se
851 5380 1009 5435 titulo
1032 5381 1295 5451 replicata
1320 5378 1504 5445 dedit,

224 5474 392 5530 Ansis
420 5474 600 5529 cincta
627 5472 837 5527 duabus
863 5471 969 5526 erit
996 5484 1123 5526 cum
1150 5472 1289 5539 lota,
1322 5471 1474 5543 leges

226 5567 284 5622 In
314 5566 475 5623 Latio
503 5578 762 5620 numerus
786 5562 1066 5629 denarius,
1100 5562 1417 5635 Argolicum

230 5663 355 5720 Haec
381 5662 535 5734 gruis
562 5659 769 5730 effigies
796 5657 1136 5713 Palamedica
1169 5657 1467 5728 porrigitur

229 5757 413 5828 Cappa
444 5755 519 5811 fui
548 5752 827 5824 quondam
853 5749 1085 5819 Bmotla,
1116 5764 1259 5808 nunc
1284 5749 1499 5807 Latium

231 5852 431 5922 Fures,
466 5845 825 5919 tricornigera
852 5845 1058 5917 specie,
1092 5860 1233 5919 pene
1255 5845 1443 5904 ultima
1467 5859 1589 5904 sum

1781 4156 1794 4175 γ

1807 4948 1824 4967 0

1904 2292 2014 2357 Aut
2040 2299 2109 2357 de
2137 2299 2334 2359 fronde
2361 2300 2615 2373 loquens,
2650 2316 2747 2359 cur
2777 2302 2910 2358 dicit
2941 2306 3173 2374 populea
3352 2305 3504 2362 frus?

1904 2384 2015 2449 Sed
2041 2408 2148 2465 quo
2181 2392 2535 2465 progredior?
2563 2410 2682 2466 qua:
2707 2394 2849 2464 linis,
2876 2397 2996 2467 quis
3023 2396 3217 2453 modus
3243 2405 3296 2453 et
3349 2398 3512 2454 calx?

1903 2484 2151 2559 Indulge,
2184 2486 2403 2559 Pacate,
2435 2487 2633 2554 bonus,
2662 2487 2877 2555 doctus,
2908 2489 3082 2545 facilis
3403 2493 3508 2551 vir.

1906 2580 2104 2638 Totum
2135 2596 2273 2654 opus
2304 2580 2408 2637 hoc
2436 2574 2713 2653 sparsum,
2746 2582 2918 2638 crinis
2948 2582 3367 2655 vclutAntiplti-

3161 2674 3248 2748 [ιω
3273 2693 3287 2743 ;
3385 2692 3507 2747 pax.

2460 2793 2794 2853 IDYLLIUM
2832 2793 2977 2851 Xlll.

2477 2905 2641 2963 Cento
2667 2908 2943 2979 nuptialis.

2302 3022 2577 3080 Aesculus
2606 3023 2849 3081 PAULINO
2877 3026 3124 3082 salutem.

1987 3132 2206 3210 Perlege
2233 3137 2329 3192 hoc
2350 3139 2529 3206 etiam,
2554 3139 2600 3193 si
2622 3155 2793 3209 Opera:
2820 3149 2917 3209 est,
2947 3140 3213 3212 frivolum,
3244 3152 3293 3198 et
3315 3143 3512 3201 nullius

1836 3218 1884 3281 Ο
1916 3230 2071 3299 pretii
2108 3231 2419 3303 opusculum
2450 3251 2463 3286 :
2492 3234 2634 3305 quod
2665 3251 2754 3289 nec
2799 3233 2943 3289 labor
2971 3238 3201 3307 excudit,
3251 3255 3343 3293 nec
3391 3257 3517 3295 cura

1908 3323 2108 3379 limavit
2136 3326 2284 3381 :sine
2323 3326 2522 3398 ingenii
2568 3329 2846 3397 acumine,
2885 3337 2938 3383 et
2976 3346 3134 3387 morte
3193 3335 3511 3391 maturitate.

1913 3417 2189 3475 Centonem
2210 3428 2394 3476 vocant
2422 3424 2511 3489 qui
2533 3421 2689 3494 primi
2714 3421 2812 3477 hac
2839 3425 3234 3481 concinnationc
3259 3426 3516 3484 luserunt.

1914 3514 2064 3571 Sola
2088 3517 2350 3573 memoria:
2375 3518 2643 3588 negotium
2668 3530 2851 3587 sparsa
2879 3520 3145 3591 colligere,
3177 3531 3224 3575 et
3253 3522 3518 3595 integrare

1914 3607 2146 3663 lacerata
2174 3625 2193 3663 :
2221 3608 2360 3679 quod
2393 3608 2571 3664 ridere
2607 3609 2795 3679 magis,
2850 3627 3010 3682 quam
3065 3613 3283 3667 laudare
3327 3616 3517 3685 possis.

1917 3699 2027 3754 Pro
2054 3717 2181 3771 quo,
2209 3705 2252 3756 si
2277 3719 2370 3773 per
2396 3703 2661 3773 sigillaria
2699 3704 2754 3757 in
2794 3706 3038 3762 auctione
3084 3709 3303 3777 veniret,
3357 3725 3524 3779 neque

1916 3794 2168 3863 Afranius
2197 3795 2354 3849 nauci
2381 3796 2560 3863 daret,
2591 3813 2682 3851 nec
2714 3797 2956 3853 Stichum
2981 3816 3132 3854 suum
3172 3800 3399 3857 Plautus
3437 3807 3524 3874 οῙι

1918 3889 2092 3957 ferret.
2136 3886 2287 3960 Piget
2312 3889 2449 3943 enim
2490 3888 2765 3961 Virgiliani
2790 3893 3038 3946 carminis
3067 3894 3373 3965 dignitatem
3411 3906 3521 3951 tam

1909 3978 2144 4052 joculari
2172 3980 2535 4037 dehonestassc
2563 3982 2802 4037 materia.
2826 3983 2933 4039 Sed
2958 3985 3087 4055 quid
3110 3987 3331 4055 facerem
3350 3990 3375 4042 ?
3397 3987 3525 4043 Jus-

1918 4087 2033 4125 sum
2062 4080 2172 4127 erat
2194 4087 2213 4127 .'
2237 4073 2478 4144 quodque
2496 4082 2568 4127 est
2590 4074 3002 4144 potentissimum
3021 4076 3317 4146 imperandi
3336 4094 3520 4151 genus,

1920 4164 2157 4236 rogabat,
2187 4166 2272 4236 qui
2287 4166 2471 4237 jubere
2500 4174 2724 4236 poterat,
2749 4167 2947 4221 scilicet
2974 4169 3258 4238 imperator
3291 4169 3529 4226 Valenti-

1924 4256 2132 4323 nianus,
2166 4258 2241 4313 uir
2260 4273 2374 4313 meo
2392 4258 2601 4330 judicio
2623 4258 2880 4324 eruditus,
2906 4259 2992 4329 qui
3020 4261 3230 4331 nuptias
3253 4264 3520 4332 quondam

1923 4351 2183 4424 ejusmodi
2215 4351 2339 4405 ludo
2369 4352 2730 4423 descripserat,
2761 4354 2898 4422 aptis
2929 4354 3160 4423 equidem
3189 4357 3439 4422 versibus,
3469 4369 3518 4412 et

1806 4474 1820 4492 ο
1926 4445 2291 4513 compositione
2339 4446 2540 4516 festiva.
2577 4445 2822 4514 Experiri
2849 4446 3039 4501 deinde
3064 4447 3241 4503 uolens
3267 4459 3524 4520 quantum

1927 4544 2106 4592 nostra
2141 4538 2467 4593 contentione
2491 4537 2828 4609 prwcelleret,
2877 4538 3046 4593 simile
3086 4555 3180 4595 nos
3227 4541 3292 4596 de
3332 4543 3513 4598 eodem

1850 4610 1900 4674 Ῐ)
1925 4629 2240 4683 concinnare
2261 4629 2525 4701 prcccepit.
2557 4629 2727 4697 Quam
2756 4631 3118 4701 scrupulosam
3145 4632 3241 4687 hoc
3261 4634 3390 4689 mihi
3415 4638 3533 4707 fue-

1927 4721 2019 4791 rit,
2052 4721 2302 4795 intelligo.
2341 4721 2524 4795 Neque
2559 4723 2809 4793 anteferri
2834 4724 3088 4793 volebam,
3118 4743 3279 4798 neque
3314 4728 3529 4801 postha-

1930 4813 2037 4868 beri
2068 4830 2085 4867 :
2113 4830 2230 4870 cum
2280 4816 2502 4872 aliorum
2549 4832 2751 4885 quoque
2785 4817 2994 4890 judicio
3039 4819 3330 4893 detegenda
3392 4833 3525 4879 esset

1929 4909 2161 4965 adulatio
2190 4911 2384 4983 inepta,
2420 4911 2467 4965 si
2505 4910 2734 4965 cederem
2761 4929 2777 4964 :
2802 4910 3100 4981 insolentia,
3146 4915 3192 4967 si
3225 4924 3283 4968 ut
3311 4915 3533 4971 cumulus

1930 5004 2230 5058 eminerem.
2264 5004 2483 5077 Suscepi
2519 5004 2680 5075 igitur
2727 5004 2912 5060 similis
2950 5006 3233 5073 recusanti,
3276 5008 3533 5078 feliciter-

1931 5113 2029 5169 que
2054 5106 2105 5153 et
2129 5097 2382 5154 obnoxius
2411 5099 2634 5171 gratiam
2667 5101 2831 5167 tenui,
2858 5116 2954 5153 nec
2982 5098 3144 5154 victor
3173 5099 3388 5168 o/fendi.
3416 5101 3535 5158 Hoc

1934 5191 2018 5245 die
2036 5207 2140 5246 uno
2170 5201 2220 5246 ct
2240 5192 2421 5246 addita
2452 5191 2811 5248 lucubratione
2833 5200 3186 5265 properatum,
3213 5195 3367 5249 modo
3401 5195 3536 5252 inter

1933 5286 2207 5341 liturarios
2236 5302 2374 5342 meos
2405 5303 2524 5341 cum
2552 5287 2877 5360 reperissem,
2926 5293 3071 5338 tanta
3113 5284 3243 5340 milii
3289 5289 3537 5344 candoris

1931 5379 2010 5432 tui
2037 5387 2090 5432 et
2125 5380 2318 5434 amoris
2344 5380 2540 5450 ﬁducia
2562 5386 2658 5447 est,
2696 5388 2749 5433 ut
2778 5377 3035 5433 severitati
3061 5386 3165 5433 tua:
3188 5394 3280 5433 nec
3314 5380 3537 5436 ridenda

1933 5472 2306 5529 subtraherem.
2338 5473 2525 5547 Accipe
2566 5473 2726 5545 igitur
2767 5470 3081 5543 opusculum
3126 5473 3191 5527 de
3232 5475 3539 5532 inconnext's

1935 5565 2260 5636 continuum,
2292 5566 2358 5619 de
2385 5564 2601 5619 diversis
2631 5580 2817 5630 unum,
2850 5562 2914 5616 de
2949 5563 3097 5616 seriis
3142 5564 3428 5636 ludicrum,
3474 5558 3559 5624 de

1934 5658 2107 5713 alieno
2138 5669 2371 5715 nostrum
2400 5677 2419 5715 :
2443 5677 2505 5714 ne
2534 5658 2589 5713 in
2619 5659 2782 5713 sacris
2825 5668 2870 5713 et
2903 5657 3120 5729 fabulis,
3154 5670 3243 5713 aut
3274 5658 3541 5730 Thyonia-

1937 5764 2062 5807 nunt
2097 5753 2323 5824 mireris,
2355 5760 2448 5807 aut
2488 5748 2749 5815 Virbium,
2784 5750 2939 5805 illum
2969 5750 3031 5804 de
3069 5744 3347 5822 Dionysio,
3401 5751 3537 5807 hunc

1937 5844 2001 5903 de
2030 5840 2323 5921 Hippolyto
2351 5845 2693 5917 reformatum
2721 5858 2739 5900 :
2763 5853 2810 5899 et
2855 5843 2900 5899 si
2946 5843 3163 5916 pateris,
3208 5851 3264 5900 ut
3303 5844 3538 5920 doceam,
