4072 6306
601 240 709 300 905

1999 254 2185 314 DEClI

2298 257 2502 318 JSONII
3765 289 3846 348 90,

609 357 881 414 docendus
911 357 1044 431 ipse,
1063 358 1224 415 Cento
1249 360 1377 433 quid
1405 363 1782 430 sit,absolvam.
1827 367 2007 426 Variis
2039 371 2104 427 de
2129 371 2209 427 to-
2232 372 2288 434 A
2313 375 2567 434 Crateras
2597 394 2828 451 magnos
2854 390 3122 455 statuunt,
3154 387 3536 465 Bacchumque
3563 399 3844 464 ministrant.

604 451 700 518 cis,
737 450 1066 522 sensibusqne
1115 454 1328 508 diversis
1374 457 1613 527 quadam
1641 461 1883 514 carminis
1932 471 2200 519 structura

598 542 877 610 solidatur,
901 545 952 597 in
981 561 1138 600 unum
1168 563 1370 602 versum
1398 559 1451 602 ut
1474 562 1653 607 coeant
1689 564 1778 607 aut
1809 558 1930 610 ειεδὶ
1959 557 2085 626 duo,
2110 568 2201 612 ant

602 650 735 688 unus
761 644 808 690 et
828 653 1041 708 sequens
1061 656 1182 694 cum
1212 643 1402 698 medio.
1434 642 1574 699 Nam
1605 645 1739 701 duos
1771 649 1997 719 junctim
2028 654 2202 707 locare

600 729 834 798 ineptum
854 740 948 799 est,
981 742 1027 787 et
1050 743 1153 790 tres
1174 751 1279 790 una
1302 738 1456 806 serie,
1482 755 1639 796 mera:
1667 759 1836 814 nugte.
1875 743 2200 811 [ti/funditur

599 831 770 876 autem
791 839 882 895 per
906 840 1132 882 etesuras
1163 845 1359 895 omnes,
1381 849 1511 902 quas
1532 833 1713 905 recipit
1739 851 1915 889 versus
1939 839 2198 892 heroicus:

599 916 869 972 convenire
894 927 948 973 ut
971 921 1129 988 possit
1153 933 1244 978 aut
1267 924 1684 995 penthemimeris
1705 944 1822 982 cum
1850 930 2049 1001 reliquo
2069 948 2199 986 ana-

599 1021 784 1079 paulo,
814 1023 906 1066 aut
935 1015 1193 1070 troehaice
1218 1033 1333 1071 eum
1361 1020 1644 1090 posteriore
1664 1031 1926 1092 segmento
1956 1037 1974 1076 :
2004 1031 2093 1077 aut
2118 1041 2197 1078 se-

598 1114 732 1176 ptem
761 1108 1046 1180 semipedes
1066 1127 1182 1164 cum
1213 1115 1530 1184 anapaestico
1559 1115 1768 1172 chorico
1796 1132 1814 1170 :
1842 1127 1930 1170 aut
1963 1127 2075 1186 post
2103 1119 2193 1172 da-

597 1197 792 1269 ctylum
819 1211 975 1272 atque
1014 1204 1324 1275 semipedem
1369 1207 1620 1279 quidquid
1664 1218 1824 1262 restat
1855 1209 2149 1265 hexametro
2175 1229 2192 1264 :

594 1291 767 1347 simile
791 1301 848 1348 ut
889 1294 1032 1349 dicas
1065 1296 1289 1363 ludicro,
1322 1299 1462 1369 quod
1487 1297 1658 1355 (ἓνωεὶ
1687 1301 2016 1374 ὀστομαχίαν
2041 1319 2192 1358 uoca-

597 1402 736 1442 rere.
773 1387 1017 1444 Ossicula
1047 1407 1104 1445 ea
1135 1407 1261 1445 sane
1285 1392 1354 1444 ad
1378 1409 1633 1447 summam
1686 1409 1781 1448 xw
1823 1395 2021 1467 ﬁguras
2066 1412 2190 1465 geo-

595 1480 836 1535 metricas
873 1480 1081 1537 habent.
1120 1482 1255 1538 Sunt
1302 1485 1437 1538 enim
1486 1486 1788 1556 tequilatera
1825 1489 1904 1542 vel
1943 1487 2191 1559 triquetra

595 1574 810 1627 extentis
839 1573 1012 1643 lineis,
1041 1584 1131 1629 aut
1152 1578 1302 1631 rectis
1323 1577 1548 1648 angulis,
1571 1579 1648 1634 vel
1669 1580 1907 1650 obliquis.
1933 1579 2190 1642 Ἰσοσκελῆ

597 1663 719 1733 ipsi,
749 1665 846 1733 uel,
876 1666 1159 1741 ἱσὸπλουρα
1197 1678 1400 1740 coeant,
1445 1671 1723 1746 ὀρθογώνια
1752 1688 1950 1742 quoque
1978 1682 2025 1727 et
2067 1695 2190 1730 σκα-

2305 470 2473 526 Sacra
2497 485 2722 530 canunt.
2744 476 3012 534 Plaudunt
3040 481 3307 540 choreas:
3334 495 3391 542 et
3420 489 3650 547 carmina
3675 495 3845 556 dicunt.

2251 626 2254 628 γ
2303 563 2415 620 Nec
2446 582 2554 622 non
2585 568 2871 628 Threicius
2901 574 3058 646 longa
3089 592 3211 634 cum
3241 590 3395 637 veste
3421 587 3666 643 sacerdos

2303 656 2630 730 Obloquitur
2660 666 2902 720 numeris
2932 677 3141 737 septem
3172 669 3486 730 discrimina
3510 692 3710 736 vocum.

2302 752 2372 806 At
2405 761 2560 822 parte
2585 769 2649 810 ex
2683 756 2810 824 alia,
2845 758 3078 816 biforem
3107 761 3199 818 dat
3231 766 3363 820 tibia
3392 778 3628 838 cantum,

2301 849 2570 907 Omnibus
2596 870 2700 910 una
2731 856 2888 926 quies
2917 873 3174 930 operum:
3207 861 3503 938 cunctique
3531 869 3725 928 relictis

2301 940 2655 1016 Consurgunt
2680 949 2909 1004 mensis.
2941 950 3044 1006 Per
3073 953 3260 1008 limina
3290 957 3412 1013 laeta
3445 959 3735 1031 frequentes

2304 1039 2644 1107 Discurrunt,
2675 1042 2999 1116 variantque
3033 1049 3182 1104 vices
3215 1053 3553 1123 pupulusque
3579 1067 3844 1131 patresque,

2300 1132 2592 1202 Matronm,
2626 1137 2814 1206 pueri,
2845 1155 3142 1214 vocemque
3175 1160 3270 1215 per
3297 1149 3478 1218 ampla
3507 1149 3735 1208 volutant

2299 1227 2480 1294 Atria,
2511 1228 2820 1299 dependent
2851 1232 3036 1304 lychni
3065 1235 3418 1308 laquearibus
3445 1241 3638 1298 aureis.

2655 1367 2950 1442 Descriptio
2978 1373 3287 1446 egredientis
3313 1393 3538 1448 sponsae.

2370 1481 2608 1539 Tandem
2638 1487 2984 1558 progreditur
3010 1489 3242 1549 Veneris
3264 1493 3568 1564 justissima
3597 1513 3738 1570 cura,

2295 1574 2414 1632 .lam
2447 1587 2656 1635 matura
2683 1582 2821 1649 viro,
2847 1583 2958 1653 jam
2994 1585 3168 1656 plenis
3201 1590 3403 1646 nubilis
3437 1592 3590 1648 annis
3619 1604 3664 1657 :j

2302 1667 2542 1760 Virginis
2569 1688 2653 1738 os,
2681 1673 3037 1748 habitumque
3057 1695 3275 1749 gerens.
3302 1683 3398 1738 Cui
3426 1684 3682 1756 plurimus
3702 1687 3846 1760 ignem

596 1755 740 1815 ληνά.
772 1756 984 1812 Harum
1010 1760 1380 1816 verticularum
1405 1763 1563 1818 variis
1591 1765 1909 1834 coagmentis
1932 1765 2188 1819 simulan-
2220 1772 2270 1832 Β
2298 1759 2542 1832 Subjecit
2573 1765 2768 1831 rubor;
2797 1777 2853 1823 et
2878 1768 3144 1826 calefacta
3176 1787 3276 1842 per
3301 1789 3396 1830 ora
3425 1755 3689 1848 cucurrit,

593 1858 679 1904 tur
697 1853 892 1920 species
917 1851 1057 1906 mille
1082 1858 1392 1923 ferularum,
1410 1853 1714 1926 elephantus
1737 1856 1926 1923 bellua,
1945 1867 2038 1910 aut
2067 1874 2191 1928 aper

593 1943 775 2010 bestia,
804 1963 956 2001 anser
999 1946 1204 2014 volans,
1233 1958 1281 2002 et
1307 1947 1560 2004 Mirmillo
1597 1951 1651 2004 in
1681 1953 1839 2004 armis
1885 1951 2186 2018 subsidens,

591 2049 803 2093 uenator
826 2049 874 2095 et
903 2042 1103 2096 latrans
1128 2043 1290 2110 canis,
1315 2045 1442 2114 quin
1471 2050 1517 2099 et
1550 2045 1708 2100 turris
1732 2054 1780 2101 et
1806 2046 2108 2114 cantharus,
2142 2057 2190 2101 et

593 2132 700 2185 alia
743 2132 1050 2205 hujusmodi
1078 2137 1531 2192 innumerabilium
1574 2139 1882 2212 ﬁgurarum,
1913 2157 2027 2209 qua:
2054 2141 2188 2197 altus

592 2225 700 2278 alio
722 2227 963 2282 scientius
989 2229 1271 2300 variegant.
1304 2231 1412 2286 Sed
1435 2233 1722 2303 peritorum
1745 2235 2070 2289 concinnatio
2093 2237 2189 2290 mi-

592 2317 827 2371 raculum
857 2328 969 2388 est,
1013 2320 1372 2392 imperitorum
1411 2323 1661 2392 junctura
1709 2324 2018 2379 ridiculum.
2074 2325 2187 2392 Quo

591 2410 842 2480 praedicto
885 2415 1037 2482 scies,
1083 2415 1222 2484 quod
1259 2432 1352 2487 ego
1391 2418 1727 2488 posteriorem
1773 2419 2005 2474 imitatus
2051 2436 2182 2476 sum.

592 2503 708 2560 Hoc
733 2522 854 2576 ergo
884 2505 1126 2562 Centenis
1156 2509 1482 2580 opusculum,
1507 2521 1562 2564 ut
1593 2511 1681 2565 ille
1708 2511 1860 2566 ludus
1901 2521 2182 2579 tractatur,

587 2600 704 2672 pari
734 2599 889 2656 modo
927 2617 1110 2658 sensus
1140 2603 1349 2672 diversi,
1380 2615 1435 2659 ut
1459 2615 1772 2678 congruant,
1802 2606 2047 2678 adoptiva
2071 2623 2188 2678 qua:

583 2705 727 2760 sunt,
756 2705 812 2750 ut
840 2706 1063 2768 cognata
1089 2698 1380 2766 uideantur,
1406 2699 1582 2755 aliena
1612 2718 1674 2755 ne
1701 2703 2068 2770 interluceant,
2099 2719 2186 2756 ar-

581 2791 767 2844 cessita
795 2807 861 2846 ne
882 2792 985 2846 vim
1011 2793 1352 2864 redarguunt,
1384 2795 1545 2849 densa
1566 2811 1629 2850 ne
1655 2811 1822 2867 supra
1843 2797 2052 2850 modum
2072 2812 2187 2868 pro-

585 2884 839 2952 tuberent,
867 2884 1044 2940 hiulca
1077 2903 1140 2943 ne
1168 2897 1402 2960 pateant.
1436 2887 1566 2955 Quae
1592 2889 1636 2944 si
1667 2891 1842 2944 omnia
1883 2892 1955 2944 ita
1986 2890 2077 2945 tibi
2111 2890 2183 2945 ui-

581 2979 857 3050 debuntur,
887 2991 940 3036 ut
969 2996 1282 3055 praeceptum
1309 2993 1406 3052 est,
1430 2985 1570 3041 dices
1596 3002 1676 3041 me
1700 2987 2047 3058 composuisse
2069 3002 2180 3040 ceu-

581 3083 773 3143 tonem,
793 3085 840 3129 et
853 3077 977 3146 quia
999 3078 1092 3130 sub
1116 3077 1426 3149 imperatore
1445 3095 1558 3132 meo
1581 3087 1687 3132 tum
1703 3080 1888 3146 merui,
1909 3078 2184 3149 procedere

580 3165 708 3221 mihi
753 3172 886 3224 inter
912 3169 1202 3240 frequentes
1227 3172 1546 3242 stipendium
1561 3172 1790 3245 jubebis.

578 3275 680 3315 tere
702 3245 932 3316 dirutum
954 3263 1136 3333 facies,
1168 3273 1224 3318 ut
1246 3264 1452 3319 cumulo
1473 3265 1719 3321 carminis
1743 3266 1798 3319 in
1817 3265 2004 3333 fiscum
2027 3280 2180 3319 suum

578 3353 812 3425 redacto,
844 3357 1061 3412 redeant
1087 3373 1263 3413 uersus
1294 3360 1437 3414 unde
1463 3369 1734 3416 venerunt.
1785 3358 1934 3414 Vale.

646 3490 892 3559 Accipite
921 3489 1039 3547 haec
1066 3492 1263 3548 animis
1287 3509 1303 3550 :
1332 3493 1597 3565 telasque
1624 3492 1894 3552 advertite
1923 3505 2152 3562 mentes,

575 3582 754 3639 Ambo
779 3584 1001 3652 animis,
1026 3584 1186 3640 ambo
1213 3586 1452 3658 insignes
1479 3590 1863 3659 prmstantibus
1893 3594 2060 3647 armis
2086 3609 2098 3644 :

575 3675 753 3732 Ambo
779 3675 1058 3747 florentes,
1093 3694 1262 3751 genus
1292 3681 1662 3753 insuperabile
1690 3684 1858 3741 bello.

576 3766 788 3839 Tuque,
823 3769 1011 3838 prior:
1044 3787 1164 3826 nam
1201 3782 1252 3828 te
1281 3773 1588 3844 majoribus
1618 3775 1701 3833 ire
1731 3792 1831 3848 per
1860 3780 2027 3834 altum

576 3860 849 3932 Auspiciis
877 3863 1165 3921 manifesta
1194 3866 1350 3923 ﬁdes.
1383 3866 1505 3935 Quo
1529 3869 1730 3940 justior
1756 3872 1893 3928 alter

573 3952 686 4010 Nec
717 3956 919 4025 pietate
943 3955 1074 4026 fuit,
1102 3973 1205 4014 nec
1233 3959 1380 4017 bello
1409 3962 1582 4034 major
1611 3971 1668 4020 et
1691 3966 1880 4020 armis.

573 4044 763 4116 Tuque
790 4061 1030 4118 puerque
1063 4057 1208 4117 tuus,
1237 4067 1450 4125 magna;
1477 4069 1605 4126 spes
1632 4054 1802 4112 altera
1831 4056 2020 4112 Romae
2041 4099 2055 4124 ,

571 4137 701 4195 Flos
728 4147 1000 4208 veterum,
1030 4142 1313 4216 virtusque
1343 4145 1541 4216 virum,
1579 4163 1699 4206 mea
1729 4151 1969 4206 maxima
1999 4165 2126 4206 cura
2145 4195 2159 4220 ,

567 4230 798 4290 Nomine
839 4249 998 4291 avum
1038 4236 1308 4308 referens,
1336 4239 1544 4309 animo,
1573 4242 1934 4314 manibusque
1964 4258 2162 4314 paren-

1936 4337 2086 4408 [tem.

564 4415 683 4474 Non
714 4419 915 4491 iujussa
945 4437 1102 4481 cano.
1127 4424 1235 4482 Sua
1266 4426 1463 4500 cuique
1490 4442 1683 4485 exorsa
1711 4430 1978 4500 laborem,

2297 1854 2540 1912 lnteutos
2570 1859 2795 1915 volvens
2827 1864 3018 1918 oculos
3044 1884 3055 1918 :
3087 1866 3306 1938 uritque
3336 1869 3589 1929 videndo.

2294 1947 2446 2004 Illam
2476 1952 2655 2007 omnis
2683 1958 2860 2022 tectis,
2894 1958 3146 2029 agrisque
3177 1960 3349 2016 effusa
3370 1961 3645 2032 juventus,

2294 2041 2584 2115 Turbaque
2609 2046 2837 2104 miratur
2867 2059 3127 2120 matrum,
3162 2055 3389 2126 vestigia
3421 2058 3582 2127 primi

2293 2133 2426 2190 Alba
2457 2137 2632 2207 pedis,
2664 2139 2997 2213 dederatque
3025 2159 3238 2200 comam
3269 2147 3578 2206 diffundere
3603 2151 3776 2208 ventis.

2294 2226 2421 2282 Fert
2453 2229 2748 2299 picturatas
2776 2234 2894 2288 auri
2925 2237 3271 2308 subtegmine
3301 2249 3505 2310 vestes,

2291 2319 2528 2377 Ornatus
2554 2324 2770 2396 Argivae
2800 2326 3019 2383 Helenae
3045 2346 3059 2383 :
3091 2331 3378 2402 qualisque
3404 2333 3579 2391 videri

2291 2412 2596 2483 Coelicolis,
2634 2426 2689 2471 et
2716 2431 2916 2488 quanta
2949 2421 3087 2476 solet
3115 2421 3304 2478 Venus
3333 2438 3496 2481 aurea
3525 2435 3704 2483 contra
3731 2446 3741 2482 :

2291 2503 2440 2560 Talis
2463 2514 2580 2561 erat
2607 2509 2838 2577 Species.
2873 2510 3060 2566 Talem
3083 2529 3143 2568 se
3168 2514 3289 2569 laeta
3319 2515 3530 2572 ferebat

2289 2597 2370 2654 Ad
2403 2612 2660 2667 soceros;
2696 2601 2944 2674 solioque
2973 2605 3084 2660 alte
3113 2607 3342 2663 subnixa
3373 2609 3595 2666 resedit.

2651 2712 2943 2789 Descriptio
2983 2720 3285 2791 egredientis
3321 2725 3520 2794 sponsi.

2359 2824 2428 2881 At
2457 2836 2610 2898 parte
2638 2844 2706 2884 ex
2733 2829 2840 2885 alia
2867 2829 3074 2888 foribus
3103 2849 3226 2890 sese
3257 2837 3446 2892 intulit
3471 2836 3595 2892 altis

2286 2917 2388 2975 Ora
2424 2935 2559 2990 puer
2583 2923 2756 2995 prima
2785 2924 3008 2996 signans
3035 2927 3248 2984 intonsa
3271 2930 3523 3002 juventa,

2284 3009 2470 3068 Pictus
2506 3028 2607 3070 acu
2640 3015 2983 3085 chlamydem
3015 3031 3286 3089 auratam,
3316 3038 3476 3093 quam
3523 3021 3736 3093 plurima
3758 3022 3843 3078 cir-

3643 3114 3772 3187 [cum

1845 3172 1942 3277 βίη
1987 3172 2138 3226 am"
2161 3213 2176 3241 t
2209 3161 2255 3226 Ο
2287 3197 2532 3271 Purpura
2561 3201 2838 3260 Maeandro
2861 3203 3061 3276 duplici
3090 3205 3340 3264 Meliboea
3372 3208 3640 3278 cucurrit,

2287 3289 2354 3344 Et
2377 3292 2615 3348 tunicam
2643 3295 2792 3350 molli
2824 3306 2997 3354 mater
3025 3315 3185 3369 quam
3217 3313 3446 3357 neverat
3471 3317 3634 3358 auro:

2281 3385 2376 3450 Os,
2410 3384 2776 3458 humerosque
2797 3389 2902 3445 deo
2929 3391 3157 3458 similis,
3185 3395 3481 3467 lumenque
3506 3396 3749 3466 iuventte.

2282 3475 2477 3544 Qualis
2509 3479 2598 3534 ubi
2627 3479 2829 3536 Oceani
2861 3484 3112 3552 perfusus
3145 3485 3361 3542 Lucifer
3389 3489 3530 3544 unda

2280 3569 2488 3628 Extulit
2517 3586 2581 3626 os
2613 3587 2825 3628 sacrum
2853 3577 3016 3643 ctelo,
3047 3577 3126 3632 sic
3153 3594 3245 3634 ora
3277 3579 3515 3652 ferebat,

2277 3665 2368 3721 Sic
2395 3667 2608 3734 oculos,
2638 3683 2912 3741 cursuque
2941 3687 3130 3728 amens
3155 3673 3221 3730 ad
3252 3674 3439 3730 limina
3466 3677 3650 3732 tendit.

2273 3759 2428 3816 Illum
2459 3762 2638 3818 turbat
2666 3780 2841 3835 amor,
2878 3765 3097 3837 figitque
3126 3768 3178 3822 in
3207 3769 3418 3840 virgine
3448 3771 3641 3826 vultus.

2273 3853 2467 3911 Oscula
2498 3855 2707 3927 libavit,
2731 3859 3092 3932 dextramque
3120 3863 3405 3934 amplexus
3433 3864 3663 3922 inbzesit.

2804 3972 3011 4030 Oblatio
3044 3991 3336 4034 munerum.

2341 4081 2608 4141 Incedunt
2637 4087 2814 4156 pueri,
2850 4088 3154 4160 pariterque
3173 4101 3301 4147 ante
3327 4106 3420 4147 ora
3453 4102 3718 4163 parentum

2279 4173 2427 4231 Dona
2461 4177 2658 4247 ferunt,
2693 4178 2888 4248 pallam
2936 4181 3129 4252 signis,
3158 4197 3402 4255 auroque
3432 4184 3706 4256 rigentem,

2267 4265 2488 4325 Munera
2521 4280 2824 4340 portantes,
2848 4273 3077 4343 aurique
3108 4275 3398 4347 eborisque
3419 4277 3641 4343 talenta,

2267 4361 2332 4416 Et
2361 4363 2572 4432 sellam,
2604 4373 2660 4421 et
2685 4364 2890 4436 pictum
2920 4381 3120 4424 croceo
3150 4368 3394 4424 velamen
3424 4368 3674 4427 acantho.

2264 4451 2458 4524 lugens
2477 4465 2763 4527 argentum
2793 4459 3025 4525 mensis,
3050 4459 3299 4532 colloque
3319 4462 3521 4518 monile

2324 4509 2354 4524 υ
2442 4509 2450 4510 κ
2540 4509 2763 4527 υ-πηπ-
3056 4509 3520 4532 "ww—"wn---

564 4509 971 4586 Fortunamque
1005 4516 1185 4575 ferent
1211 4537 1223 4574 :
1263 4519 1396 4576 mihi
1422 4520 1575 4592 jussa
1607 4537 1900 4594 capessere
1937 4524 2019 4580 fas
2048 4533 2152 4582 est.
2183 4555 2240 4617 Β
2265 4544 2576 4615 saccatum,
2607 4559 2662 4606 ει
2685 4550 2956 4622 duplicem
2977 4556 3205 4625 gemmis
3234 4570 3478 4628 auroque
3502 4569 3760 4614 coronam,

1127 4633 1283 4690 Ctena
1310 4637 1581 4709 nuptialis.

635 4739 964 4814 Exspectata
995 4745 1115 4803 dies
1143 4747 1362 4817 aderat;
1395 4751 1680 4828 dignisque
1711 4757 2010 4832 hymenaeis

556 4836 754 4895 Matres
789 4846 952 4910 atque
979 4840 1113 4909 viri,
1137 4841 1472 4917 juvenesque
1503 4859 1633 4906 ante
1662 4866 1757 4908 ora
1791 4865 2076 4924 parentum

556 4929 933 4999 Conveniunt;
969 4942 1252 5005 stratoque
1278 4952 1448 5008 super
1477 4939 1842 5003 discumbitur
1866 4957 2040 5005 ostro.

555 5021 697 5078 Dant
727 5023 916 5079 famuli
947 5026 1196 5084 manibus
1225 5029 1493 5102 lymphas,
1527 5047 1866 5111 onerantque
1893 5041 2148 5099 canistris

554 5115 712 5171 Dona
745 5116 1007 5174 laboratae
1033 5116 1284 5190 Cereris;
1320 5124 1641 5199 pinguisque
1671 5132 1863 5188 ferinae

553 5209 778 5267 Viscera
811 5220 950 5268 tosta
981 5213 1163 5272 ferunt
1191 5217 1365 5276 series
1390 5220 1707 5293 longissima
1735 5243 1919 5284 rerum
1948 5248 1964 5286 :

547 5300 808 5372 Alituum,
840 5307 1218 5381 pecudumque
1243 5327 1436 5384 genus,
1468 5331 1785 5390 capreaeque
1806 5317 2071 5394 sequaces

545 5397 663 5455 Non
692 5400 892 5458 absunt
921 5402 1048 5472 illis,
1080 5419 1180 5460 nec
1206 5421 1359 5474 oves,
1391 5408 1640 5480 haedique
1667 5415 1895 5482 petulci,

543 5492 607 5549 Et
637 5509 809 5566 genus
837 5511 1173 5568 aequoreum,
1203 5499 1398 5566 damm,
1433 5504 1688 5573 cervique
1713 5506 1953 5580 fugaces.

543 5590 685 5645 Ante
712 5591 904 5644 oculos
921 5629 937 5656 ,
973 5591 1226 5663 interque
1253 5607 1451 5649 manus
1473 5607 1600 5651 sunt
1626 5598 1774 5657 mitia
1805 5620 1989 5674 poma.

545 5678 837 5755 Postquam
893 5689 1149 5754 exempta
1207 5684 1414 5753 fames,
1467 5695 1524 5743 et
1587 5703 1741 5748 amor
1788 5709 2136 5768 compressus

1826 5789 2048 5863 [edendi
2075 5809 2094 5871 ξ

2265 4638 2371 4694 Olli
2397 4655 2553 4697 serva
2579 4642 2758 4708 datur,
2783 4646 3094 4717 geminique
3111 4649 3213 4704 sub
3245 4649 3414 4707 ubere
3443 4651 3572 4707 nati.

2259 4731 2522 4798 Quattuor
2546 4733 2670 4791 huic
2684 4733 2934 4805 juvenes,
2952 4739 3175 4796 totidem
3202 4741 3546 4814 innuptaeque
3573 4740 3773 4814 puellae:

2262 4824 2529 4885 Omnibus
2557 4826 2610 4883 in
2644 4845 2855 4886 morem
2881 4842 3034 4888 tonsa
3063 4849 3240 4902 coma,
3275 4846 3498 4906 pectore
3521 4851 3717 4893 summo

2262 4919 2486 4978 Flexilis
2515 4921 2717 4979 obtorti
2741 4940 2836 4996 per
2857 4927 3054 4982 collum
3087 4927 3325 4985 circulus
3353 4931 3493 4988 auri.

2716 5036 3138 5110 Epithalamium
3163 5044 3384 5116 utrique.

2251 5149 2389 5207 Tum
2408 5152 2590 5210 studio
2617 5153 2804 5211 effusae
2833 5165 3036 5214 matres
3063 5158 3131 5214 ad
3156 5157 3340 5214 limina
3362 5159 3585 5216 ducunt.

2247 5243 2320 5300 At
2347 5243 2547 5302 chorus
2567 5248 2811 5319 aequalis,
2841 5250 2996 5318 pueri
3027 5252 3370 5324 innuptaeque
3392 5254 3604 5326 puelltc.
3701 5301 3704 5304 .

2254 5335 2510 5394 Versibus
2535 5339 2828 5412 incomptis
2856 5343 3051 5400 ludunt
3078 5355 3134 5402 et
3166 5348 3405 5404 carmina
3427 5348 3626 5405 dicunt.

2241 5426 2288 5484 O
2313 5428 2476 5500 digno
2495 5432 2783 5503 conjuncta
2811 5435 2950 5504 viro,
2976 5437 3286 5506 gratissima
3309 5440 3565 5511 conjunx,

2241 5519 2328 5576 Sis
2357 5519 2509 5588 felix,
2538 5525 2742 5593 primos
2775 5523 2996 5582 Lucinae
3027 5537 3248 5598 experta
3280 5529 3517 5588 labores.

2241 5610 2310 5666 Et
2334 5624 2532 5681 mater,
2556 5614 2702 5686 Cape
2732 5616 2943 5674 Maeonii
2973 5619 3253 5677 carchesia
3281 5622 3499 5680 Bacchi.

2237 5703 2468 5777 Sparge,
2496 5708 2711 5779 marite,
2746 5725 2914 5767 nuces
2939 5729 2955 5778 ;
2984 5711 3138 5784 cinge
3167 5713 3286 5770 haec
3311 5715 3500 5772 altaria
3522 5717 3665 5782 vitta,

2237 5799 2367 5880 Flos
2397 5810 2669 5880 veterum,
2693 5805 2972 5883 virtusque
2997 5809 3194 5867 virum.
3212 5810 3336 5870 Tibi
3363 5811 3575 5873 ducitur
3595 5824 3733 5882 uxor,
