  <div class='ocr_page' id='page_1' title='image "/cluster/home/n/w/nwhite01/storage/ocr_20150623/19/hvd.32044015471345/462.png"; bbox 0 0 4072 6306; ppageno 0'>
   <div class='ocr_carea' id='block_1_1' title="bbox 254 298 356 360">
    <p class='ocr_par' dir='ltr' id='par_1_1' title="bbox 254 298 356 360">
     <span class='ocr_line' id='line_1_1' title="bbox 254 298 356 360; baseline -0.01 0"><span class='ocrx_word' id='word_1_1' title='bbox 254 298 356 360; x_wconf 72' lang='grc' dir='ltr'><strong>9οὕ</strong></span> 
     </span>
    </p>
   </div>
   <div class='ocr_carea' id='block_1_2' title="bbox 251 403 1546 474">
    <p class='ocr_par' dir='ltr' id='par_1_2' title="bbox 251 403 1546 474">
     <span class='ocr_line' id='line_1_2' title="bbox 251 403 1546 474; baseline -0.004 -8"><span class='ocrx_word' id='word_1_2' title='bbox 251 409 455 466; x_wconf 85' lang='lat' dir='ltr'><strong>Omnes</strong></span> <span class='ocrx_word' id='word_1_3' title='bbox 477 414 538 460; x_wconf 92' lang='lat' dir='ltr'><strong>ut</strong></span> <span class='ocrx_word' id='word_1_4' title='bbox 565 414 746 462; x_wconf 83' lang='lat' dir='ltr'><strong>tecum</strong></span> <span class='ocrx_word' id='word_1_5' title='bbox 778 404 988 461; x_wconf 79' lang='lat' dir='ltr'><strong>meritis</strong></span> <span class='ocrx_word' id='word_1_6' title='bbox 1017 417 1118 474; x_wconf 87' lang='lat' dir='ltr'><strong>pro</strong></span> <span class='ocrx_word' id='word_1_7' title='bbox 1147 403 1345 460; x_wconf 88' lang='lat' dir='ltr'><strong>talibus</strong></span> <span class='ocrx_word' id='word_1_8' title='bbox 1373 416 1546 462; x_wconf 77' lang='lat' dir='ltr'><strong>annos</strong></span> 
     </span>
    </p>
   </div>
   <div class='ocr_carea' id='block_1_3' title="bbox 249 494 1608 570">
    <p class='ocr_par' dir='ltr' id='par_1_3' title="bbox 249 494 1608 570">
     <span class='ocr_line' id='line_1_3' title="bbox 249 494 1608 570; baseline -0.004 -14"><span class='ocrx_word' id='word_1_9' title='bbox 249 499 444 570; x_wconf 75' lang='lat' dir='ltr'><strong>Exigat</strong></span> <span class='ocrx_word' id='word_1_10' title='bbox 475 516 486 552; x_wconf 89' lang='lat'><strong><em>:</em></strong></span> <span class='ocrx_word' id='word_1_11' title='bbox 515 509 570 554; x_wconf 89' lang='lat' dir='ltr'><strong>et</strong></span> <span class='ocrx_word' id='word_1_12' title='bbox 601 498 825 569; x_wconf 88' lang='lat' dir='ltr'><strong>pulchra</strong></span> <span class='ocrx_word' id='word_1_13' title='bbox 851 496 1015 552; x_wconf 89' lang='lat' dir='ltr'><strong>faciat</strong></span> <span class='ocrx_word' id='word_1_14' title='bbox 1043 505 1096 553; x_wconf 89' lang='lat' dir='ltr'><strong>te</strong></span> <span class='ocrx_word' id='word_1_15' title='bbox 1123 494 1276 565; x_wconf 85' lang='lat' dir='ltr'><strong>prole</strong></span> <span class='ocrx_word' id='word_1_16' title='bbox 1308 507 1608 565; x_wconf 89' lang='lat' dir='ltr'><strong>parentem.</strong></span> 
     </span>
    </p>
   </div>
   <div class='ocr_carea' id='block_1_4' title="bbox 249 589 1626 660">
    <p class='ocr_par' dir='ltr' id='par_1_4' title="bbox 249 589 1626 660">
     <span class='ocr_line' id='line_1_4' title="bbox 249 589 1626 660; baseline -0.002 -13"><span class='ocrx_word' id='word_1_17' title='bbox 249 591 532 647; x_wconf 77' lang='lat' dir='ltr'><strong>Fortunali</strong></span> <span class='ocrx_word' id='word_1_18' title='bbox 564 592 726 647; x_wconf 90' lang='lat' dir='ltr'><strong>ambo</strong></span> <span class='ocrx_word' id='word_1_19' title='bbox 757 591 839 646; x_wconf 88' lang='lat' dir='ltr'><strong>:si</strong></span> <span class='ocrx_word' id='word_1_20' title='bbox 869 589 997 660; x_wconf 89' lang='lat' dir='ltr'><strong>quid</strong></span> <span class='ocrx_word' id='word_1_21' title='bbox 1024 591 1106 658; x_wconf 87' lang='lat' dir='ltr'><strong>pia</strong></span> <span class='ocrx_word' id='word_1_22' title='bbox 1131 590 1350 644; x_wconf 90' lang='lat' dir='ltr'><strong>numina</strong></span> <span class='ocrx_word' id='word_1_23' title='bbox 1380 600 1626 659; x_wconf 86' lang='lat' dir='ltr'><strong>possunt.</strong></span> 
     </span>
    </p>
   </div>
   <div class='ocr_carea' id='block_1_5' title="bbox 251 679 1417 750">
    <p class='ocr_par' dir='ltr' id='par_1_5' title="bbox 251 679 1417 750">
     <span class='ocr_line' id='line_1_5' title="bbox 251 679 1417 750; baseline -0.003 -12"><span class='ocrx_word' id='word_1_24' title='bbox 251 684 426 740; x_wconf 93' lang='lat' dir='ltr'><strong>Vivite</strong></span> <span class='ocrx_word' id='word_1_25' title='bbox 459 683 672 750; x_wconf 80' lang='lat' dir='ltr'><strong>felices,</strong></span> <span class='ocrx_word' id='word_1_26' title='bbox 698 683 970 750; x_wconf 82' lang='lat' dir='ltr'><strong>dixerunt,</strong></span> <span class='ocrx_word' id='word_1_27' title='bbox 1007 682 1233 749; x_wconf 86' lang='lat' dir='ltr'><strong>currite,</strong></span> <span class='ocrx_word' id='word_1_28' title='bbox 1263 679 1417 748; x_wconf 78' lang='lat' dir='ltr'><strong>fusis,</strong></span> 
     </span>
    </p>
   </div>
   <div class='ocr_carea' id='block_1_6' title="bbox 247 776 1521 836">
    <p class='ocr_par' dir='ltr' id='par_1_6' title="bbox 247 776 1521 836">
     <span class='ocr_line' id='line_1_6' title="bbox 247 776 1521 836; baseline -0.003 0"><span class='ocrx_word' id='word_1_29' title='bbox 247 778 559 836; x_wconf 86' lang='lat' dir='ltr'><strong>Concordes</strong></span> <span class='ocrx_word' id='word_1_30' title='bbox 587 777 771 834; x_wconf 75' lang='lat' dir='ltr'><strong>stabili</strong></span> <span class='ocrx_word' id='word_1_31' title='bbox 804 777 1035 833; x_wconf 87' lang='lat' dir='ltr'><strong>fatorum</strong></span> <span class='ocrx_word' id='word_1_32' title='bbox 1062 776 1286 832; x_wconf 90' lang='lat' dir='ltr'><strong>numine</strong></span> <span class='ocrx_word' id='word_1_33' title='bbox 1317 776 1521 833; x_wconf 77' lang='lat' dir='ltr'><strong>Parcae.</strong></span> 
     </span>
    </p>
   </div>
   <div class='ocr_carea' id='block_1_7' title="bbox 773 934 1290 994">
    <p class='ocr_par' dir='ltr' id='par_1_7' title="bbox 773 934 1290 994">
     <span class='ocr_line' id='line_1_7' title="bbox 773 934 1290 994; baseline -0.01 -1"><span class='ocrx_word' id='word_1_34' title='bbox 773 935 1109 994; x_wconf 83' lang='lat' dir='ltr'><strong>IDYLLIUM</strong></span> <span class='ocrx_word' id='word_1_35' title='bbox 1150 934 1290 994; x_wconf 80' lang='lat' dir='ltr'><strong>XIV.</strong></span> 
     </span>
    </p>
   </div>
   <div class='ocr_carea' id='block_1_8' title="bbox 255 1051 1842 1126">
    <p class='ocr_par' dir='ltr' id='par_1_8' title="bbox 255 1051 1842 1126">
     <span class='ocr_line' id='line_1_8' title="bbox 255 1051 1842 1126; baseline -0.004 -13"><span class='ocrx_word' id='word_1_36' title='bbox 255 1057 405 1113; x_wconf 77' lang='lat' dir='ltr'><strong>Rara:</strong></span> <span class='ocrx_word' id='word_1_37' title='bbox 439 1072 572 1126; x_wconf 80' lang='lat' dir='ltr'><strong>quas</strong></span> <span class='ocrx_word' id='word_1_38' title='bbox 611 1070 887 1124; x_wconf 81' lang='lat' dir='ltr'><strong>perperam</strong></span> <span class='ocrx_word' id='word_1_39' title='bbox 941 1051 1147 1108; x_wconf 80' lang='lat' dir='ltr'><strong>Maroni</strong></span> <span class='ocrx_word' id='word_1_40' title='bbox 1185 1051 1439 1126; x_wconf 67' lang='lat' dir='ltr'><strong>ascripta;</strong></span> <span class='ocrx_word' id='word_1_41' title='bbox 1489 1051 1842 1123; x_wconf 74' lang='lat' dir='ltr'><strong>Hieronymus</strong></span> 
     </span>
    </p>
   </div>
   <div class='ocr_carea' id='block_1_9' title="bbox 327 1123 1838 1195">
    <p class='ocr_par' dir='ltr' id='par_1_9' title="bbox 327 1123 1838 1195">
     <span class='ocr_line' id='line_1_9' title="bbox 327 1123 1838 1195; baseline -0.004 -12"><span class='ocrx_word' id='word_1_42' title='bbox 327 1123 625 1183; x_wconf 61' lang='lat' dir='ltr'><strong>Alexander</strong></span> <span class='ocrx_word' id='word_1_43' title='bbox 658 1123 720 1182; x_wconf 82' lang='lat' dir='ltr'><strong>ea:</strong></span> <span class='ocrx_word' id='word_1_44' title='bbox 747 1126 852 1195; x_wconf 78' lang='lat' dir='ltr'><strong>ﬁde</strong></span> <span class='ocrx_word' id='word_1_45' title='bbox 894 1126 1081 1180; x_wconf 82' lang='lat' dir='ltr'><strong>vetusti</strong></span> <span class='ocrx_word' id='word_1_46' title='bbox 1119 1123 1317 1178; x_wconf 73' lang='lat' dir='ltr'><strong>codicis</strong></span> <span class='ocrx_word' id='word_1_47' title='bbox 1349 1124 1564 1178; x_wconf 84' lang='lat' dir='ltr'><strong>Auctori</strong></span> <span class='ocrx_word' id='word_1_48' title='bbox 1595 1127 1838 1179; x_wconf 76' lang='lat' dir='ltr'><strong>asseruit.</strong></span> 
     </span>
    </p>
   </div>
   <div class='ocr_carea' id='block_1_10' title="bbox 249 1245 1626 1317">
    <p class='ocr_par' dir='ltr' id='par_1_10' title="bbox 249 1245 1626 1317">
     <span class='ocr_line' id='line_1_10' title="bbox 249 1245 1626 1317; baseline -0.003 -13"><span class='ocrx_word' id='word_1_49' title='bbox 249 1250 352 1304; x_wconf 89' lang='lat' dir='ltr'><strong>Ver</strong></span> <span class='ocrx_word' id='word_1_50' title='bbox 379 1257 498 1304; x_wconf 90' lang='lat' dir='ltr'><strong>erat</strong></span> <span class='ocrx_word' id='word_1_51' title='bbox 535 1265 549 1304; x_wconf 90' lang='lat'><strong>:</strong></span> <span class='ocrx_word' id='word_1_52' title='bbox 580 1257 636 1304; x_wconf 89' lang='lat' dir='ltr'><strong>et</strong></span> <span class='ocrx_word' id='word_1_53' title='bbox 666 1247 867 1304; x_wconf 89' lang='lat' dir='ltr'><strong>blando</strong></span> <span class='ocrx_word' id='word_1_54' title='bbox 898 1245 1207 1302; x_wconf 90' lang='lat' dir='ltr'><strong>mordentia</strong></span> <span class='ocrx_word' id='word_1_55' title='bbox 1233 1245 1433 1317; x_wconf 88' lang='lat' dir='ltr'><strong>frigora</strong></span> <span class='ocrx_word' id='word_1_56' title='bbox 1459 1260 1626 1302; x_wconf 91' lang='lat' dir='ltr'><strong>sensu</strong></span> 
     </span>
    </p>
   </div>
   <div class='ocr_carea' id='block_1_11' title="bbox 312 1340 1376 1412">
    <p class='ocr_par' dir='ltr' id='par_1_11' title="bbox 312 1340 1376 1412">
     <span class='ocr_line' id='line_1_11' title="bbox 312 1340 1376 1412; baseline -0.005 -13"><span class='ocrx_word' id='word_1_57' title='bbox 312 1342 570 1412; x_wconf 90' lang='lat' dir='ltr'><strong>Spirabat</strong></span> <span class='ocrx_word' id='word_1_58' title='bbox 594 1357 791 1398; x_wconf 89' lang='lat' dir='ltr'><strong>croceo</strong></span> <span class='ocrx_word' id='word_1_59' title='bbox 823 1357 980 1396; x_wconf 92' lang='lat' dir='ltr'><strong>mane</strong></span> <span class='ocrx_word' id='word_1_60' title='bbox 1004 1351 1220 1397; x_wconf 88' lang='lat' dir='ltr'><strong>revecta</strong></span> <span class='ocrx_word' id='word_1_61' title='bbox 1239 1340 1376 1396; x_wconf 90' lang='lat' dir='ltr'><strong>dies.</strong></span> 
     </span>
    </p>
   </div>
   <div class='ocr_carea' id='block_1_12' title="bbox 241 1435 1463 1506">
    <p class='ocr_par' dir='ltr' id='par_1_12' title="bbox 241 1435 1463 1506">
     <span class='ocr_line' id='line_1_12' title="bbox 241 1435 1463 1506; baseline -0.002 -13"><span class='ocrx_word' id='word_1_62' title='bbox 241 1435 494 1493; x_wconf 87' lang='lat' dir='ltr'><strong>Strictior</strong></span> <span class='ocrx_word' id='word_1_63' title='bbox 527 1437 668 1491; x_wconf 85' lang='lat' dir='ltr'><strong>Eoos</strong></span> <span class='ocrx_word' id='word_1_64' title='bbox 699 1445 1052 1506; x_wconf 71' lang='lat' dir='ltr'><strong>prtecesserat</strong></span> <span class='ocrx_word' id='word_1_65' title='bbox 1081 1450 1214 1490; x_wconf 91' lang='lat' dir='ltr'><strong>aura</strong></span> <span class='ocrx_word' id='word_1_66' title='bbox 1231 1435 1463 1506; x_wconf 87' lang='lat' dir='ltr'><strong>jugales,</strong></span> 
     </span>
    </p>
   </div>
   <div class='ocr_carea' id='block_1_13' title="bbox 308 1527 1409 1598">
    <p class='ocr_par' dir='ltr' id='par_1_13' title="bbox 308 1527 1409 1598">
     <span class='ocr_line' id='line_1_13' title="bbox 308 1527 1409 1598; baseline -0.001 -14"><span class='ocrx_word' id='word_1_67' title='bbox 308 1528 630 1584; x_wconf 68' lang='lat' dir='ltr'><strong>Estiferum</strong></span> <span class='ocrx_word' id='word_1_68' title='bbox 657 1529 894 1584; x_wconf 81' lang='lat' dir='ltr'><strong>suadens</strong></span> <span class='ocrx_word' id='word_1_69' title='bbox 923 1529 1224 1598; x_wconf 85' lang='lat' dir='ltr'><strong>anticipare</strong></span> <span class='ocrx_word' id='word_1_70' title='bbox 1246 1527 1409 1584; x_wconf 90' lang='lat' dir='ltr'><strong>diem.</strong></span> 
     </span>
    </p>
   </div>
   <div class='ocr_carea' id='block_1_14' title="bbox 243 1620 1656 1692">
    <p class='ocr_par' dir='ltr' id='par_1_14' title="bbox 243 1620 1656 1692">
     <span class='ocr_line' id='line_1_14' title="bbox 243 1620 1656 1692; baseline 0.001 -16"><span class='ocrx_word' id='word_1_71' title='bbox 243 1621 506 1676; x_wconf 85' lang='lat' dir='ltr'><strong>Errabam</strong></span> <span class='ocrx_word' id='word_1_72' title='bbox 541 1620 712 1692; x_wconf 85' lang='lat' dir='ltr'><strong>riguis</strong></span> <span class='ocrx_word' id='word_1_73' title='bbox 736 1637 830 1692; x_wconf 92' lang='lat' dir='ltr'><strong>per</strong></span> <span class='ocrx_word' id='word_1_74' title='bbox 859 1621 1103 1692; x_wconf 83' lang='lat' dir='ltr'><strong>quadrua</strong></span> <span class='ocrx_word' id='word_1_75' title='bbox 1127 1623 1363 1692; x_wconf 85' lang='lat' dir='ltr'><strong>compita</strong></span> <span class='ocrx_word' id='word_1_76' title='bbox 1391 1623 1441 1678; x_wconf 93' lang='lat' dir='ltr'><strong>in</strong></span> <span class='ocrx_word' id='word_1_77' title='bbox 1463 1621 1656 1688; x_wconf 86' lang='lat' dir='ltr'><strong>hortis,</strong></span> 
     </span>
    </p>
   </div>
   <div class='ocr_carea' id='block_1_15' title="bbox 311 1714 1300 1788">
    <p class='ocr_par' dir='ltr' id='par_1_15' title="bbox 311 1714 1300 1788">
     <span class='ocr_line' id='line_1_15' title="bbox 311 1714 1300 1788; baseline 0 -18"><span class='ocrx_word' id='word_1_78' title='bbox 311 1714 522 1770; x_wconf 81' lang='lat' dir='ltr'><strong>Maturo</strong></span> <span class='ocrx_word' id='word_1_79' title='bbox 546 1717 772 1785; x_wconf 81' lang='lat' dir='ltr'><strong>cupiens</strong></span> <span class='ocrx_word' id='word_1_80' title='bbox 805 1730 892 1772; x_wconf 93' lang='lat' dir='ltr'><strong>me</strong></span> <span class='ocrx_word' id='word_1_81' title='bbox 920 1726 1172 1788; x_wconf 79' lang='lat' dir='ltr'><strong>vegetare</strong></span> <span class='ocrx_word' id='word_1_82' title='bbox 1193 1715 1300 1772; x_wconf 92' lang='lat' dir='ltr'><strong>die.</strong></span> 
     </span>
    </p>
   </div>
   <div class='ocr_carea' id='block_1_16' title="bbox 245 1807 1471 1881">
    <p class='ocr_par' dir='ltr' id='par_1_16' title="bbox 245 1807 1471 1881">
     <span class='ocr_line' id='line_1_16' title="bbox 245 1807 1471 1881; baseline 0.003 -20"><span class='ocrx_word' id='word_1_83' title='bbox 245 1807 362 1864; x_wconf 90' lang='lat' dir='ltr'><strong>Vidi</strong></span> <span class='ocrx_word' id='word_1_84' title='bbox 385 1817 673 1864; x_wconf 87' lang='lat' dir='ltr'><strong>concretas</strong></span> <span class='ocrx_word' id='word_1_85' title='bbox 701 1823 794 1878; x_wconf 90' lang='lat' dir='ltr'><strong>per</strong></span> <span class='ocrx_word' id='word_1_86' title='bbox 817 1810 1061 1881; x_wconf 89' lang='lat' dir='ltr'><strong>gramina</strong></span> <span class='ocrx_word' id='word_1_87' title='bbox 1084 1807 1223 1866; x_wconf 78' lang='lat' dir='ltr'><strong>ﬂexa</strong></span> <span class='ocrx_word' id='word_1_88' title='bbox 1247 1809 1471 1879; x_wconf 86' lang='lat' dir='ltr'><strong>pruinas</strong></span> 
     </span>
    </p>
   </div>
   <div class='ocr_carea' id='block_1_17' title="bbox 312 1901 1550 1970">
    <p class='ocr_par' dir='ltr' id='par_1_17' title="bbox 312 1901 1550 1970">
     <span class='ocr_line' id='line_1_17' title="bbox 312 1901 1550 1970; baseline 0.001 -13"><span class='ocrx_word' id='word_1_89' title='bbox 312 1901 580 1970; x_wconf 86' lang='lat' dir='ltr'><strong>Pendere,</strong></span> <span class='ocrx_word' id='word_1_90' title='bbox 618 1915 710 1958; x_wconf 91' lang='lat' dir='ltr'><strong>aut</strong></span> <span class='ocrx_word' id='word_1_91' title='bbox 741 1905 948 1959; x_wconf 92' lang='lat' dir='ltr'><strong>olerum</strong></span> <span class='ocrx_word' id='word_1_92' title='bbox 975 1914 1120 1961; x_wconf 91' lang='lat' dir='ltr'><strong>stare</strong></span> <span class='ocrx_word' id='word_1_93' title='bbox 1141 1905 1512 1960; x_wconf 74' lang='lat' dir='ltr'><strong>cacuminibus</strong></span> <span class='ocrx_word' id='word_1_94' title='bbox 1539 1923 1550 1958; x_wconf 91' lang='lat'>:</span> 
     </span>
    </p>
   </div>
   <div class='ocr_carea' id='block_1_18' title="bbox 238 1997 1582 2071">
    <p class='ocr_par' dir='ltr' id='par_1_18' title="bbox 238 1997 1582 2071">
     <span class='ocr_line' id='line_1_18' title="bbox 238 1997 1582 2071; baseline 0.001 -19"><span class='ocrx_word' id='word_1_95' title='bbox 238 1997 495 2053; x_wconf 81' lang='lat' dir='ltr'><strong>Caulibus</strong></span> <span class='ocrx_word' id='word_1_96' title='bbox 526 2011 580 2054; x_wconf 89' lang='lat' dir='ltr'><strong>et</strong></span> <span class='ocrx_word' id='word_1_97' title='bbox 612 1997 810 2068; x_wconf 83' lang='lat' dir='ltr'><strong>patulis</strong></span> <span class='ocrx_word' id='word_1_98' title='bbox 841 2007 1044 2055; x_wconf 81' lang='lat' dir='ltr'><strong>teretes</strong></span> <span class='ocrx_word' id='word_1_99' title='bbox 1077 1999 1353 2057; x_wconf 87' lang='lat' dir='ltr'><strong>colludere</strong></span> <span class='ocrx_word' id='word_1_100' title='bbox 1382 2008 1582 2071; x_wconf 88' lang='lat' dir='ltr'><strong>guttas,</strong></span> 
     </span>
    </p>
   </div>
   <div class='ocr_carea' id='block_1_19' title="bbox 308 2092 1534 2164">
    <p class='ocr_par' dir='ltr' id='par_1_19' title="bbox 308 2092 1534 2164">
     <span class='ocr_line' id='line_1_19' title="bbox 308 2092 1534 2164; baseline 0 -17"><span class='ocrx_word' id='word_1_101' title='bbox 308 2093 369 2147; x_wconf 87' lang='lat' dir='ltr'><strong>Et</strong></span> <span class='ocrx_word' id='word_1_102' title='bbox 394 2092 642 2148; x_wconf 75' lang='lat' dir='ltr'><strong>ccelestis</strong></span> <span class='ocrx_word' id='word_1_103' title='bbox 671 2108 824 2162; x_wconf 81' lang='lat' dir='ltr'><strong>aquae</strong></span> <span class='ocrx_word' id='word_1_104' title='bbox 848 2092 1093 2162; x_wconf 90' lang='lat' dir='ltr'><strong>pondere</strong></span> <span class='ocrx_word' id='word_1_105' title='bbox 1117 2104 1244 2149; x_wconf 92' lang='lat' dir='ltr'><strong>tunc</strong></span> <span class='ocrx_word' id='word_1_106' title='bbox 1263 2093 1534 2164; x_wconf 87' lang='lat' dir='ltr'><strong>gravidas.</strong></span> 
     </span>
    </p>
   </div>
   <div class='ocr_carea' id='block_1_20' title="bbox 247 2185 1340 2257">
    <p class='ocr_par' dir='ltr' id='par_1_20' title="bbox 247 2185 1340 2257">
     <span class='ocr_line' id='line_1_20' title="bbox 247 2185 1340 2257; baseline 0 -17"><span class='ocrx_word' id='word_1_107' title='bbox 247 2185 361 2241; x_wconf 85' lang='lat' dir='ltr'><strong>Vidi</strong></span> <span class='ocrx_word' id='word_1_108' title='bbox 395 2185 648 2243; x_wconf 68' lang='lat' dir='ltr'><strong>Paestano</strong></span> <span class='ocrx_word' id='word_1_109' title='bbox 671 2186 908 2257; x_wconf 89' lang='lat' dir='ltr'><strong>gaudere</strong></span> <span class='ocrx_word' id='word_1_110' title='bbox 934 2186 1143 2242; x_wconf 89' lang='lat' dir='ltr'><strong>rosaria</strong></span> <span class='ocrx_word' id='word_1_111' title='bbox 1170 2187 1340 2252; x_wconf 90' lang='lat' dir='ltr'><strong>cultu,</strong></span> 
     </span>
    </p>
   </div>
   <div class='ocr_carea' id='block_1_21' title="bbox 309 2281 1294 2338">
    <p class='ocr_par' dir='ltr' id='par_1_21' title="bbox 309 2281 1294 2338">
     <span class='ocr_line' id='line_1_21' title="bbox 309 2281 1294 2338; baseline 0 -2"><span class='ocrx_word' id='word_1_112' title='bbox 309 2282 608 2338; x_wconf 76' lang='lat' dir='ltr'><strong>Exoriente</strong></span> <span class='ocrx_word' id='word_1_113' title='bbox 630 2297 774 2337; x_wconf 83' lang='lat' dir='ltr'><strong>novo</strong></span> <span class='ocrx_word' id='word_1_114' title='bbox 805 2282 1021 2338; x_wconf 81' lang='lat' dir='ltr'><strong>roscida</strong></span> <span class='ocrx_word' id='word_1_115' title='bbox 1043 2281 1294 2338; x_wconf 90' lang='lat' dir='ltr'><strong>lucifero.</strong></span> 
     </span>
    </p>
   </div>
   <div class='ocr_carea' id='block_1_22' title="bbox 237 2372 1446 2444">
    <p class='ocr_par' dir='ltr' id='par_1_22' title="bbox 237 2372 1446 2444">
     <span class='ocr_line' id='line_1_22' title="bbox 237 2372 1446 2444; baseline 0.002 -17"><span class='ocrx_word' id='word_1_116' title='bbox 237 2372 370 2428; x_wconf 82' lang='lat' dir='ltr'><strong>Rara</strong></span> <span class='ocrx_word' id='word_1_117' title='bbox 399 2374 678 2444; x_wconf 88' lang='lat' dir='ltr'><strong>pruinosis</strong></span> <span class='ocrx_word' id='word_1_118' title='bbox 707 2374 934 2430; x_wconf 80' lang='lat' dir='ltr'><strong>canebat</strong></span> <span class='ocrx_word' id='word_1_119' title='bbox 969 2389 1180 2444; x_wconf 87' lang='lat' dir='ltr'><strong>gemma</strong></span> <span class='ocrx_word' id='word_1_120' title='bbox 1209 2373 1446 2440; x_wconf 78' lang='lat' dir='ltr'><strong>frutetis,</strong></span> 
     </span>
    </p>
   </div>
   <div class='ocr_carea' id='block_1_23' title="bbox 304 2465 1246 2536">
    <p class='ocr_par' dir='ltr' id='par_1_23' title="bbox 304 2465 1246 2536">
     <span class='ocr_line' id='line_1_23' title="bbox 304 2465 1246 2536; baseline 0 -16"><span class='ocrx_word' id='word_1_121' title='bbox 304 2467 382 2521; x_wconf 80' lang='lat' dir='ltr'><strong>Ad</strong></span> <span class='ocrx_word' id='word_1_122' title='bbox 417 2465 581 2536; x_wconf 84' lang='lat' dir='ltr'><strong>primi</strong></span> <span class='ocrx_word' id='word_1_123' title='bbox 608 2465 790 2520; x_wconf 91' lang='lat' dir='ltr'><strong>radios</strong></span> <span class='ocrx_word' id='word_1_124' title='bbox 824 2466 1108 2522; x_wconf 90' lang='lat' dir='ltr'><strong>interitura</strong></span> <span class='ocrx_word' id='word_1_125' title='bbox 1138 2466 1246 2522; x_wconf 90' lang='lat' dir='ltr'><strong>die.</strong></span> 
     </span>
    </p>
   </div>
   <div class='ocr_carea' id='block_1_24' title="bbox 236 2557 1624 2630">
    <p class='ocr_par' dir='ltr' id='par_1_24' title="bbox 236 2557 1624 2630">
     <span class='ocr_line' id='line_1_24' title="bbox 236 2557 1624 2630; baseline 0.002 -18"><span class='ocrx_word' id='word_1_126' title='bbox 236 2557 578 2630; x_wconf 80' lang='lat' dir='ltr'><strong>Ambigeres,</strong></span> <span class='ocrx_word' id='word_1_127' title='bbox 605 2566 824 2628; x_wconf 82' lang='lat' dir='ltr'><strong>raperet</strong></span> <span class='ocrx_word' id='word_1_128' title='bbox 851 2573 918 2614; x_wconf 93' lang='lat' dir='ltr'><strong>ne</strong></span> <span class='ocrx_word' id='word_1_129' title='bbox 949 2563 1091 2614; x_wconf 88' lang='lat' dir='ltr'><strong>rosis</strong></span> <span class='ocrx_word' id='word_1_130' title='bbox 1119 2573 1314 2614; x_wconf 88' lang='lat' dir='ltr'><strong>aurora</strong></span> <span class='ocrx_word' id='word_1_131' title='bbox 1343 2559 1624 2625; x_wconf 85' lang='lat' dir='ltr'><strong>ruborem,</strong></span> 
     </span>
    </p>
   </div>
   <div class='ocr_carea' id='block_1_25' title="bbox 304 2650 1439 2722">
    <p class='ocr_par' dir='ltr' id='par_1_25' title="bbox 304 2650 1439 2722">
     <span class='ocr_line' id='line_1_25' title="bbox 304 2650 1439 2722; baseline 0 -16"><span class='ocrx_word' id='word_1_132' title='bbox 304 2651 386 2706; x_wconf 85' lang='lat' dir='ltr'><strong>An</strong></span> <span class='ocrx_word' id='word_1_133' title='bbox 419 2650 598 2715; x_wconf 84' lang='lat' dir='ltr'><strong>daret,</strong></span> <span class='ocrx_word' id='word_1_134' title='bbox 619 2660 674 2706; x_wconf 88' lang='lat' dir='ltr'><strong>ct</strong></span> <span class='ocrx_word' id='word_1_135' title='bbox 698 2651 860 2706; x_wconf 85' lang='lat' dir='ltr'><strong>liores</strong></span> <span class='ocrx_word' id='word_1_136' title='bbox 891 2651 1124 2722; x_wconf 85' lang='lat' dir='ltr'><strong>tingeret</strong></span> <span class='ocrx_word' id='word_1_137' title='bbox 1151 2659 1270 2706; x_wconf 87' lang='lat' dir='ltr'><strong>orta</strong></span> <span class='ocrx_word' id='word_1_138' title='bbox 1299 2651 1439 2708; x_wconf 90' lang='lat' dir='ltr'><strong>dies.</strong></span> 
     </span>
    </p>
   </div>
   <div class='ocr_carea' id='block_1_26' title="bbox 235 2741 1656 2810">
    <p class='ocr_par' dir='ltr' id='par_1_26' title="bbox 235 2741 1656 2810">
     <span class='ocr_line' id='line_1_26' title="bbox 235 2741 1656 2810; baseline 0.001 -13"><span class='ocrx_word' id='word_1_139' title='bbox 235 2741 340 2799; x_wconf 83' lang='lat' dir='ltr'><strong>Rus</strong></span> <span class='ocrx_word' id='word_1_140' title='bbox 368 2759 538 2808; x_wconf 91' lang='lat' dir='ltr'><strong>unus,</strong></span> <span class='ocrx_word' id='word_1_141' title='bbox 567 2744 720 2798; x_wconf 89' lang='lat' dir='ltr'><strong>color</strong></span> <span class='ocrx_word' id='word_1_142' title='bbox 748 2759 912 2810; x_wconf 91' lang='lat' dir='ltr'><strong>unus,</strong></span> <span class='ocrx_word' id='word_1_143' title='bbox 936 2753 990 2799; x_wconf 91' lang='lat' dir='ltr'><strong>et</strong></span> <span class='ocrx_word' id='word_1_144' title='bbox 1020 2759 1184 2798; x_wconf 91' lang='lat' dir='ltr'><strong>unum</strong></span> <span class='ocrx_word' id='word_1_145' title='bbox 1212 2758 1375 2800; x_wconf 90' lang='lat' dir='ltr'><strong>mane</strong></span> <span class='ocrx_word' id='word_1_146' title='bbox 1403 2745 1656 2800; x_wconf 87' lang='lat' dir='ltr'><strong>duorum.</strong></span> 
     </span>
    </p>
   </div>
   <div class='ocr_carea' id='block_1_27' title="bbox 304 2835 1551 2902">
    <p class='ocr_par' dir='ltr' id='par_1_27' title="bbox 304 2835 1551 2902">
     <span class='ocr_line' id='line_1_27' title="bbox 304 2835 1551 2902; baseline -0.002 -10"><span class='ocrx_word' id='word_1_147' title='bbox 304 2835 539 2902; x_wconf 89' lang='lat' dir='ltr'><strong>Sideris,</strong></span> <span class='ocrx_word' id='word_1_148' title='bbox 567 2835 792 2892; x_wconf 85' lang='lat' dir='ltr'><strong>etﬂoris</strong></span> <span class='ocrx_word' id='word_1_149' title='bbox 814 2852 937 2891; x_wconf 89' lang='lat' dir='ltr'><strong>nam</strong></span> <span class='ocrx_word' id='word_1_150' title='bbox 970 2837 1190 2893; x_wconf 91' lang='lat' dir='ltr'><strong>domina</strong></span> <span class='ocrx_word' id='word_1_151' title='bbox 1219 2853 1322 2892; x_wconf 93' lang='lat' dir='ltr'><strong>una</strong></span> <span class='ocrx_word' id='word_1_152' title='bbox 1352 2838 1551 2894; x_wconf 86' lang='lat' dir='ltr'><strong>Venus.</strong></span> 
     </span>
    </p>
   </div>
   <div class='ocr_carea' id='block_1_28' title="bbox 236 2930 1692 3004">
    <p class='ocr_par' dir='ltr' id='par_1_28' title="bbox 236 2930 1692 3004">
     <span class='ocr_line' id='line_1_28' title="bbox 236 2930 1692 3004; baseline 0.001 -17"><span class='ocrx_word' id='word_1_153' title='bbox 236 2930 441 2988; x_wconf 87' lang='lat' dir='ltr'><strong>Forsan</strong></span> <span class='ocrx_word' id='word_1_154' title='bbox 475 2942 534 2988; x_wconf 90' lang='lat' dir='ltr'><strong>et</strong></span> <span class='ocrx_word' id='word_1_155' title='bbox 563 2949 699 2990; x_wconf 90' lang='lat' dir='ltr'><strong>unus</strong></span> <span class='ocrx_word' id='word_1_156' title='bbox 721 2933 858 2990; x_wconf 90' lang='lat' dir='ltr'><strong>odor</strong></span> <span class='ocrx_word' id='word_1_157' title='bbox 889 2952 901 2986; x_wconf 88' lang='lat'><strong>:</strong></span> <span class='ocrx_word' id='word_1_158' title='bbox 934 2933 1031 2990; x_wconf 90' lang='lat' dir='ltr'><strong>sed</strong></span> <span class='ocrx_word' id='word_1_159' title='bbox 1057 2935 1256 2990; x_wconf 88' lang='lat' dir='ltr'><strong>celsior</strong></span> <span class='ocrx_word' id='word_1_160' title='bbox 1288 2934 1382 2990; x_wconf 93' lang='lat' dir='ltr'><strong>ille</strong></span> <span class='ocrx_word' id='word_1_161' title='bbox 1413 2950 1510 3004; x_wconf 88' lang='lat' dir='ltr'><strong>per</strong></span> <span class='ocrx_word' id='word_1_162' title='bbox 1530 2947 1692 2989; x_wconf 89' lang='lat' dir='ltr'><strong>auras</strong></span> 
     </span>
    </p>
   </div>
   <div class='ocr_carea' id='block_1_29' title="bbox 303 3025 1502 3098">
    <p class='ocr_par' dir='ltr' id='par_1_29' title="bbox 303 3025 1502 3098">
     <span class='ocr_line' id='line_1_29' title="bbox 303 3025 1502 3098; baseline 0.002 -18"><span class='ocrx_word' id='word_1_163' title='bbox 303 3025 518 3082; x_wconf 84' lang='lat' dir='ltr'><strong>Difﬂuit</strong></span> <span class='ocrx_word' id='word_1_164' title='bbox 545 3047 555 3080; x_wconf 91' lang='lat'>:</span> <span class='ocrx_word' id='word_1_165' title='bbox 588 3027 836 3097; x_wconf 79' lang='lat' dir='ltr'><strong>exspirat</strong></span> <span class='ocrx_word' id='word_1_166' title='bbox 867 3028 1145 3098; x_wconf 72' lang='lat' dir='ltr'><strong>proximus</strong></span> <span class='ocrx_word' id='word_1_167' title='bbox 1176 3030 1280 3083; x_wconf 89' lang='lat' dir='ltr'><strong>iste</strong></span> <span class='ocrx_word' id='word_1_168' title='bbox 1309 3031 1502 3098; x_wconf 86' lang='lat' dir='ltr'><strong>magis.</strong></span> 
     </span>
    </p>
   </div>
   <div class='ocr_carea' id='block_1_30' title="bbox 236 3119 1556 3192">
    <p class='ocr_par' dir='ltr' id='par_1_30' title="bbox 236 3119 1556 3192">
     <span class='ocr_line' id='line_1_30' title="bbox 236 3119 1556 3192; baseline 0.003 -18"><span class='ocrx_word' id='word_1_169' title='bbox 236 3119 556 3175; x_wconf 86' lang='lat' dir='ltr'><strong>Communis</strong></span> <span class='ocrx_word' id='word_1_170' title='bbox 577 3119 780 3192; x_wconf 80' lang='lat' dir='ltr'><strong>Paphie</strong></span> <span class='ocrx_word' id='word_1_171' title='bbox 803 3121 900 3176; x_wconf 91' lang='lat' dir='ltr'><strong>dea</strong></span> <span class='ocrx_word' id='word_1_172' title='bbox 930 3120 1148 3185; x_wconf 86' lang='lat' dir='ltr'><strong>sideris,</strong></span> <span class='ocrx_word' id='word_1_173' title='bbox 1175 3130 1230 3176; x_wconf 91' lang='lat' dir='ltr'><strong>et</strong></span> <span class='ocrx_word' id='word_1_174' title='bbox 1259 3119 1357 3178; x_wconf 87' lang='lat' dir='ltr'><strong>dea</strong></span> <span class='ocrx_word' id='word_1_175' title='bbox 1383 3121 1556 3189; x_wconf 85' lang='lat' dir='ltr'><strong>ﬂoris,</strong></span> 
     </span>
    </p>
   </div>
   <div class='ocr_carea' id='block_1_31' title="bbox 304 3214 1443 3285">
    <p class='ocr_par' dir='ltr' id='par_1_31' title="bbox 304 3214 1443 3285">
     <span class='ocr_line' id='line_1_31' title="bbox 304 3214 1443 3285; baseline 0 -17"><span class='ocrx_word' id='word_1_176' title='bbox 304 3214 563 3285; x_wconf 66' lang='lat' dir='ltr'><strong>Prmcipit</strong></span> <span class='ocrx_word' id='word_1_177' title='bbox 590 3216 750 3269; x_wconf 92' lang='lat' dir='ltr'><strong>unius</strong></span> <span class='ocrx_word' id='word_1_178' title='bbox 781 3215 1005 3270; x_wconf 89' lang='lat' dir='ltr'><strong>muricis</strong></span> <span class='ocrx_word' id='word_1_179' title='bbox 1029 3230 1149 3271; x_wconf 89' lang='lat' dir='ltr'><strong>esse</strong></span> <span class='ocrx_word' id='word_1_180' title='bbox 1177 3215 1443 3271; x_wconf 85' lang='lat' dir='ltr'><strong>habitum.</strong></span> 
     </span>
    </p>
   </div>
   <div class='ocr_carea' id='block_1_32' title="bbox 235 3304 1758 3381">
    <p class='ocr_par' dir='ltr' id='par_1_32' title="bbox 235 3304 1758 3381">
     <span class='ocr_line' id='line_1_32' title="bbox 235 3304 1758 3381; baseline 0.003 -21"><span class='ocrx_word' id='word_1_181' title='bbox 235 3304 566 3362; x_wconf 83' lang='lat' dir='ltr'><strong>Momentum</strong></span> <span class='ocrx_word' id='word_1_182' title='bbox 622 3307 933 3364; x_wconf 87' lang='lat' dir='ltr'><strong>intererat:</strong></span> <span class='ocrx_word' id='word_1_183' title='bbox 984 3325 1091 3381; x_wconf 91' lang='lat' dir='ltr'><strong>quo</strong></span> <span class='ocrx_word' id='word_1_184' title='bbox 1119 3325 1178 3364; x_wconf 90' lang='lat' dir='ltr'><strong>se</strong></span> <span class='ocrx_word' id='word_1_185' title='bbox 1243 3310 1522 3367; x_wconf 89' lang='lat' dir='ltr'><strong>nascentia</strong></span> <span class='ocrx_word' id='word_1_186' title='bbox 1565 3311 1758 3366; x_wconf 83' lang='lat' dir='ltr'><strong>ﬂorum</strong></span> 
     </span>
    </p>
   </div>
   <div class='ocr_carea' id='block_1_33' title="bbox 303 3400 1506 3475">
    <p class='ocr_par' dir='ltr' id='par_1_33' title="bbox 303 3400 1506 3475">
     <span class='ocr_line' id='line_1_33' title="bbox 303 3400 1506 3475; baseline 0.003 -19"><span class='ocrx_word' id='word_1_187' title='bbox 303 3400 566 3456; x_wconf 85' lang='lat' dir='ltr'><strong>Cermina</strong></span> <span class='ocrx_word' id='word_1_188' title='bbox 597 3401 938 3472; x_wconf 89' lang='lat' dir='ltr'><strong>comparibus</strong></span> <span class='ocrx_word' id='word_1_189' title='bbox 958 3402 1266 3459; x_wconf 83' lang='lat' dir='ltr'><strong>dividerent</strong></span> <span class='ocrx_word' id='word_1_190' title='bbox 1295 3404 1506 3475; x_wconf 89' lang='lat' dir='ltr'><strong>spatiis.</strong></span> 
     </span>
    </p>
   </div>
   <div class='ocr_carea' id='block_1_34' title="bbox 238 3491 1502 3566">
    <p class='ocr_par' dir='ltr' id='par_1_34' title="bbox 238 3491 1502 3566">
     <span class='ocr_line' id='line_1_34' title="bbox 238 3491 1502 3566; baseline 0.004 -20"><span class='ocrx_word' id='word_1_191' title='bbox 238 3491 362 3549; x_wconf 66' lang='lat' dir='ltr'><strong>llmc</strong></span> <span class='ocrx_word' id='word_1_192' title='bbox 391 3493 536 3549; x_wconf 88' lang='lat' dir='ltr'><strong>viret.</strong></span> <span class='ocrx_word' id='word_1_193' title='bbox 563 3504 794 3565; x_wconf 85' lang='lat' dir='ltr'><strong>angusto</strong></span> <span class='ocrx_word' id='word_1_194' title='bbox 821 3494 1075 3551; x_wconf 85' lang='lat' dir='ltr'><strong>foliorum</strong></span> <span class='ocrx_word' id='word_1_195' title='bbox 1112 3506 1249 3552; x_wconf 89' lang='lat' dir='ltr'><strong>lecta</strong></span> <span class='ocrx_word' id='word_1_196' title='bbox 1279 3499 1464 3566; x_wconf 80' lang='lat' dir='ltr'><strong>galero</strong></span> <span class='ocrx_word' id='word_1_197' title='bbox 1491 3518 1502 3551; x_wconf 93' lang='lat'><strong>:</strong></span> 
     </span>
    </p>
   </div>
   <div class='ocr_carea' id='block_1_35' title="bbox 304 3587 1448 3660">
    <p class='ocr_par' dir='ltr' id='par_1_35' title="bbox 304 3587 1448 3660">
     <span class='ocr_line' id='line_1_35' title="bbox 304 3587 1448 3660; baseline 0.004 -18"><span class='ocrx_word' id='word_1_198' title='bbox 304 3587 460 3644; x_wconf 78' lang='lat' dir='ltr'><strong>Hanc</strong></span> <span class='ocrx_word' id='word_1_199' title='bbox 492 3587 641 3643; x_wconf 88' lang='lat' dir='ltr'><strong>tenui</strong></span> <span class='ocrx_word' id='word_1_200' title='bbox 672 3588 802 3644; x_wconf 88' lang='lat' dir='ltr'><strong>folio</strong></span> <span class='ocrx_word' id='word_1_201' title='bbox 833 3605 1070 3660; x_wconf 88' lang='lat' dir='ltr'><strong>purpura</strong></span> <span class='ocrx_word' id='word_1_202' title='bbox 1095 3592 1254 3646; x_wconf 90' lang='lat' dir='ltr'><strong>rubra</strong></span> <span class='ocrx_word' id='word_1_203' title='bbox 1278 3601 1448 3647; x_wconf 88' lang='lat' dir='ltr'><strong>notat.</strong></span> 
     </span>
    </p>
   </div>
   <div class='ocr_carea' id='block_1_36' title="bbox 236 3679 1443 3754">
    <p class='ocr_par' dir='ltr' id='par_1_36' title="bbox 236 3679 1443 3754">
     <span class='ocr_line' id='line_1_36' title="bbox 236 3679 1443 3754; baseline 0.004 -19"><span class='ocrx_word' id='word_1_204' title='bbox 236 3679 359 3737; x_wconf 62' lang='lat' dir='ltr'><strong>&quot;ac</strong></span> <span class='ocrx_word' id='word_1_205' title='bbox 385 3680 565 3752; x_wconf 85' lang='lat' dir='ltr'><strong>aperit</strong></span> <span class='ocrx_word' id='word_1_206' title='bbox 605 3683 760 3752; x_wconf 89' lang='lat' dir='ltr'><strong>primi</strong></span> <span class='ocrx_word' id='word_1_207' title='bbox 793 3683 1002 3754; x_wconf 70' lang='lat' dir='ltr'><strong>fastigia</strong></span> <span class='ocrx_word' id='word_1_208' title='bbox 1029 3684 1171 3740; x_wconf 89' lang='lat' dir='ltr'><strong>celsa</strong></span> <span class='ocrx_word' id='word_1_209' title='bbox 1194 3684 1443 3753; x_wconf 76' lang='lat' dir='ltr'><strong>obelisei,</strong></span> 
     </span>
    </p>
   </div>
   <div class='ocr_carea' id='block_1_37' title="bbox 303 3773 1473 3848">
    <p class='ocr_par' dir='ltr' id='par_1_37' title="bbox 303 3773 1473 3848">
     <span class='ocr_line' id='line_1_37' title="bbox 303 3773 1473 3848; baseline 0.003 -20"><span class='ocrx_word' id='word_1_210' title='bbox 303 3773 621 3829; x_wconf 85' lang='lat' dir='ltr'><strong>Mucronem</strong></span> <span class='ocrx_word' id='word_1_211' title='bbox 653 3775 942 3832; x_wconf 88' lang='lat' dir='ltr'><strong>absolvens</strong></span> <span class='ocrx_word' id='word_1_212' title='bbox 974 3778 1230 3848; x_wconf 87' lang='lat' dir='ltr'><strong>purpurei</strong></span> <span class='ocrx_word' id='word_1_213' title='bbox 1259 3778 1473 3848; x_wconf 90' lang='lat' dir='ltr'><strong>capitis.</strong></span> 
     </span>
    </p>
   </div>
   <div class='ocr_carea' id='block_1_38' title="bbox 237 3865 1499 3940">
    <p class='ocr_par' dir='ltr' id='par_1_38' title="bbox 237 3865 1499 3940">
     <span class='ocr_line' id='line_1_38' title="bbox 237 3865 1499 3940; baseline 0.005 -20"><span class='ocrx_word' id='word_1_214' title='bbox 237 3865 453 3924; x_wconf 88' lang='lat' dir='ltr'><strong>Vertice</strong></span> <span class='ocrx_word' id='word_1_215' title='bbox 483 3867 750 3925; x_wconf 85' lang='lat' dir='ltr'><strong>collectos</strong></span> <span class='ocrx_word' id='word_1_216' title='bbox 781 3870 872 3924; x_wconf 89' lang='lat' dir='ltr'><strong>illa</strong></span> <span class='ocrx_word' id='word_1_217' title='bbox 893 3871 1219 3927; x_wconf 79' lang='lat' dir='ltr'><strong>exsinuabat</strong></span> <span class='ocrx_word' id='word_1_218' title='bbox 1245 3874 1499 3940; x_wconf 85' lang='lat' dir='ltr'><strong>amictus,</strong></span> 
     </span>
    </p>
   </div>
   <div class='ocr_carea' id='block_1_39' title="bbox 304 3961 1466 4021">
    <p class='ocr_par' dir='ltr' id='par_1_39' title="bbox 304 3961 1466 4021">
     <span class='ocr_line' id='line_1_39' title="bbox 304 3961 1466 4021; baseline 0.003 -5"><span class='ocrx_word' id='word_1_219' title='bbox 304 3961 428 4016; x_wconf 83' lang='lat' dir='ltr'><strong>Jam</strong></span> <span class='ocrx_word' id='word_1_220' title='bbox 459 3961 729 4017; x_wconf 86' lang='lat' dir='ltr'><strong>meditans</strong></span> <span class='ocrx_word' id='word_1_221' title='bbox 763 3962 909 4018; x_wconf 90' lang='lat' dir='ltr'><strong>foliis</strong></span> <span class='ocrx_word' id='word_1_222' title='bbox 931 3980 990 4020; x_wconf 89' lang='lat' dir='ltr'><strong>se</strong></span> <span class='ocrx_word' id='word_1_223' title='bbox 1022 3979 1310 4021; x_wconf 86' lang='lat' dir='ltr'><strong>numerare</strong></span> <span class='ocrx_word' id='word_1_224' title='bbox 1332 3965 1466 4021; x_wconf 90' lang='lat' dir='ltr'><strong>suis.</strong></span> 
     </span>
    </p>
   </div>
   <div class='ocr_carea' id='block_1_40' title="bbox 235 4051 1650 4129">
    <p class='ocr_par' dir='ltr' id='par_1_40' title="bbox 235 4051 1650 4129">
     <span class='ocr_line' id='line_1_40' title="bbox 235 4051 1650 4129; baseline 0.004 -20"><span class='ocrx_word' id='word_1_225' title='bbox 235 4051 345 4110; x_wconf 86' lang='lat' dir='ltr'><strong>Nec</strong></span> <span class='ocrx_word' id='word_1_226' title='bbox 364 4067 520 4110; x_wconf 89' lang='lat' dir='ltr'><strong>mora</strong></span> <span class='ocrx_word' id='word_1_227' title='bbox 551 4071 563 4108; x_wconf 92' lang='lat'>:</span> <span class='ocrx_word' id='word_1_228' title='bbox 593 4054 823 4111; x_wconf 90' lang='lat' dir='ltr'><strong>ridentis</strong></span> <span class='ocrx_word' id='word_1_229' title='bbox 853 4057 1051 4112; x_wconf 88' lang='lat' dir='ltr'><strong>calathi</strong></span> <span class='ocrx_word' id='word_1_230' title='bbox 1076 4059 1333 4129; x_wconf 83' lang='lat' dir='ltr'><strong>patefecit</strong></span> <span class='ocrx_word' id='word_1_231' title='bbox 1359 4059 1616 4115; x_wconf 81' lang='lat' dir='ltr'><strong>honorem</strong></span> <span class='ocrx_word' id='word_1_232' title='bbox 1636 4099 1650 4125; x_wconf 91' lang='lat'><strong>,</strong></span> 
     </span>
    </p>
   </div>
   <div class='ocr_carea' id='block_1_41' title="bbox 304 4146 1436 4208">
    <p class='ocr_par' dir='ltr' id='par_1_41' title="bbox 304 4146 1436 4208">
     <span class='ocr_line' id='line_1_41' title="bbox 304 4146 1436 4208; baseline 0.005 -8"><span class='ocrx_word' id='word_1_233' title='bbox 304 4146 554 4203; x_wconf 90' lang='lat' dir='ltr'><strong>Prodens</strong></span> <span class='ocrx_word' id='word_1_234' title='bbox 579 4147 774 4203; x_wconf 87' lang='lat' dir='ltr'><strong>inclusi</strong></span> <span class='ocrx_word' id='word_1_235' title='bbox 797 4150 1008 4206; x_wconf 89' lang='lat' dir='ltr'><strong>semina</strong></span> <span class='ocrx_word' id='word_1_236' title='bbox 1037 4151 1204 4207; x_wconf 90' lang='lat' dir='ltr'><strong>densa</strong></span> <span class='ocrx_word' id='word_1_237' title='bbox 1233 4153 1407 4208; x_wconf 90' lang='lat' dir='ltr'><strong>croci.</strong></span> <span class='ocrx_word' id='word_1_238' title='bbox 1428 4189 1436 4197; x_wconf 78' lang='lat'><strong>.</strong></span> 
     </span>
    </p>
   </div>
   <div class='ocr_carea' id='block_1_42' title="bbox 236 4237 1696 4317">
    <p class='ocr_par' dir='ltr' id='par_1_42' title="bbox 236 4237 1696 4317">
     <span class='ocr_line' id='line_1_42' title="bbox 236 4237 1696 4317; baseline 0.008 -24"><span class='ocrx_word' id='word_1_239' title='bbox 236 4237 364 4295; x_wconf 65' lang='lat' dir='ltr'><strong>Haec</strong></span> <span class='ocrx_word' id='word_1_240' title='bbox 391 4239 578 4307; x_wconf 91' lang='lat' dir='ltr'><strong>modo,</strong></span> <span class='ocrx_word' id='word_1_241' title='bbox 607 4257 731 4310; x_wconf 63' lang='lat' dir='ltr'><strong>quae</strong></span> <span class='ocrx_word' id='word_1_242' title='bbox 760 4251 874 4299; x_wconf 91' lang='lat' dir='ltr'><strong>toto</strong></span> <span class='ocrx_word' id='word_1_243' title='bbox 904 4243 1222 4300; x_wconf 86' lang='lat' dir='ltr'><strong>rutilaverat</strong></span> <span class='ocrx_word' id='word_1_244' title='bbox 1243 4246 1368 4317; x_wconf 90' lang='lat' dir='ltr'><strong>igne</strong></span> <span class='ocrx_word' id='word_1_245' title='bbox 1397 4261 1696 4317; x_wconf 87' lang='lat' dir='ltr'><strong>comarum,</strong></span> 
     </span>
    </p>
   </div>
   <div class='ocr_carea' id='block_1_43' title="bbox 305 4333 1286 4407">
    <p class='ocr_par' dir='ltr' id='par_1_43' title="bbox 305 4333 1286 4407">
     <span class='ocr_line' id='line_1_43' title="bbox 305 4333 1286 4407; baseline 0.006 -17"><span class='ocrx_word' id='word_1_246' title='bbox 305 4333 519 4390; x_wconf 88' lang='lat' dir='ltr'><strong>Pallida</strong></span> <span class='ocrx_word' id='word_1_247' title='bbox 546 4336 806 4407; x_wconf 89' lang='lat' dir='ltr'><strong>collapsis</strong></span> <span class='ocrx_word' id='word_1_248' title='bbox 829 4338 1100 4395; x_wconf 87' lang='lat' dir='ltr'><strong>deseritur</strong></span> <span class='ocrx_word' id='word_1_249' title='bbox 1121 4339 1286 4396; x_wconf 90' lang='lat' dir='ltr'><strong>foliis.</strong></span> 
     </span>
    </p>
   </div>
   <div class='ocr_carea' id='block_1_44' title="bbox 236 4425 1461 4505">
    <p class='ocr_par' dir='ltr' id='par_1_44' title="bbox 236 4425 1461 4505">
     <span class='ocr_line' id='line_1_44' title="bbox 236 4425 1461 4505; baseline 0.007 -24"><span class='ocrx_word' id='word_1_250' title='bbox 236 4425 477 4482; x_wconf 81' lang='lat' dir='ltr'><strong>Mirabar</strong></span> <span class='ocrx_word' id='word_1_251' title='bbox 499 4427 734 4484; x_wconf 88' lang='lat' dir='ltr'><strong>celerem</strong></span> <span class='ocrx_word' id='word_1_252' title='bbox 765 4428 987 4500; x_wconf 86' lang='lat' dir='ltr'><strong>fugitiva</strong></span> <span class='ocrx_word' id='word_1_253' title='bbox 1019 4440 1181 4488; x_wconf 68' lang='lat' dir='ltr'><strong>tctate</strong></span> <span class='ocrx_word' id='word_1_254' title='bbox 1198 4434 1461 4505; x_wconf 87' lang='lat' dir='ltr'><strong>rapinam,</strong></span> 
     </span>
    </p>
   </div>
   <div class='ocr_carea' id='block_1_45' title="bbox 309 4520 1468 4591">
    <p class='ocr_par' dir='ltr' id='par_1_45' title="bbox 309 4520 1468 4591">
     <span class='ocr_line' id='line_1_45' title="bbox 309 4520 1468 4591; baseline 0.008 -16"><span class='ocrx_word' id='word_1_255' title='bbox 309 4520 380 4575; x_wconf 87' lang='lat' dir='ltr'><strong>Et</strong></span> <span class='ocrx_word' id='word_1_256' title='bbox 413 4520 541 4576; x_wconf 92' lang='lat' dir='ltr'><strong>dum</strong></span> <span class='ocrx_word' id='word_1_257' title='bbox 569 4527 1263 4591; x_wconf 89' lang='lat' dir='ltr'><strong>nascuntur,c0nscnuisse</strong></span> <span class='ocrx_word' id='word_1_258' title='bbox 1295 4544 1468 4586; x_wconf 90' lang='lat' dir='ltr'><strong>rosas.</strong></span> 
     </span>
    </p>
   </div>
   <div class='ocr_carea' id='block_1_46' title="bbox 237 4613 1489 4692">
    <p class='ocr_par' dir='ltr' id='par_1_46' title="bbox 237 4613 1489 4692">
     <span class='ocr_line' id='line_1_46' title="bbox 237 4613 1489 4692; baseline 0.007 -22"><span class='ocrx_word' id='word_1_259' title='bbox 237 4613 380 4672; x_wconf 85' lang='lat' dir='ltr'><strong>Ecce</strong></span> <span class='ocrx_word' id='word_1_260' title='bbox 402 4625 458 4672; x_wconf 90' lang='lat' dir='ltr'><strong>et</strong></span> <span class='ocrx_word' id='word_1_261' title='bbox 487 4615 712 4674; x_wconf 76' lang='lat' dir='ltr'><strong>deﬂuxit</strong></span> <span class='ocrx_word' id='word_1_262' title='bbox 741 4619 888 4674; x_wconf 86' lang='lat' dir='ltr'><strong>rutili</strong></span> <span class='ocrx_word' id='word_1_263' title='bbox 916 4636 1069 4676; x_wconf 88' lang='lat' dir='ltr'><strong>coma</strong></span> <span class='ocrx_word' id='word_1_264' title='bbox 1097 4624 1287 4692; x_wconf 84' lang='lat' dir='ltr'><strong>punica</strong></span> <span class='ocrx_word' id='word_1_265' title='bbox 1318 4624 1489 4690; x_wconf 80' lang='lat' dir='ltr'><strong>ﬂoris,</strong></span> 
     </span>
    </p>
   </div>
   <div class='ocr_carea' id='block_1_47' title="bbox 311 4707 1598 4780">
    <p class='ocr_par' dir='ltr' id='par_1_47' title="bbox 311 4707 1598 4780">
     <span class='ocr_line' id='line_1_47' title="bbox 311 4707 1598 4780; baseline 0.006 -18"><span class='ocrx_word' id='word_1_266' title='bbox 311 4707 447 4763; x_wconf 91' lang='lat' dir='ltr'><strong>Dum</strong></span> <span class='ocrx_word' id='word_1_267' title='bbox 478 4709 705 4780; x_wconf 87' lang='lat' dir='ltr'><strong>loquor:</strong></span> <span class='ocrx_word' id='word_1_268' title='bbox 739 4723 793 4767; x_wconf 91' lang='lat' dir='ltr'><strong>et</strong></span> <span class='ocrx_word' id='word_1_269' title='bbox 826 4711 984 4769; x_wconf 90' lang='lat' dir='ltr'><strong>tellus</strong></span> <span class='ocrx_word' id='word_1_270' title='bbox 1015 4721 1158 4769; x_wconf 88' lang='lat' dir='ltr'><strong>tecta</strong></span> <span class='ocrx_word' id='word_1_271' title='bbox 1181 4715 1384 4772; x_wconf 87' lang='lat' dir='ltr'><strong>rubore</strong></span> <span class='ocrx_word' id='word_1_272' title='bbox 1414 4717 1598 4773; x_wconf 84' lang='lat' dir='ltr'><strong>micat.</strong></span> 
     </span>
    </p>
   </div>
   <div class='ocr_carea' id='block_1_48' title="bbox 237 4797 1706 4882">
    <p class='ocr_par' dir='ltr' id='par_1_48' title="bbox 237 4797 1706 4882">
     <span class='ocr_line' id='line_1_48' title="bbox 237 4797 1706 4882; baseline 0.007 -28"><span class='ocrx_word' id='word_1_273' title='bbox 237 4797 339 4855; x_wconf 91' lang='lat' dir='ltr'><strong>Tot</strong></span> <span class='ocrx_word' id='word_1_274' title='bbox 368 4801 600 4872; x_wconf 85' lang='lat' dir='ltr'><strong>species,</strong></span> <span class='ocrx_word' id='word_1_275' title='bbox 629 4813 918 4877; x_wconf 86' lang='lat' dir='ltr'><strong>tantosque</strong></span> <span class='ocrx_word' id='word_1_276' title='bbox 946 4818 1118 4875; x_wconf 91' lang='lat' dir='ltr'><strong>ortus,</strong></span> <span class='ocrx_word' id='word_1_277' title='bbox 1155 4809 1445 4882; x_wconf 69' lang='lat' dir='ltr'><strong>variosque</strong></span> <span class='ocrx_word' id='word_1_278' title='bbox 1475 4820 1706 4868; x_wconf 83' lang='lat' dir='ltr'><strong>novatus</strong></span> 
     </span>
    </p>
   </div>
   <div class='ocr_carea' id='block_1_49' title="bbox 309 4892 1364 4968">
    <p class='ocr_par' dir='ltr' id='par_1_49' title="bbox 309 4892 1364 4968">
     <span class='ocr_line' id='line_1_49' title="bbox 309 4892 1364 4968; baseline 0.008 -18"><span class='ocrx_word' id='word_1_279' title='bbox 309 4892 426 4950; x_wconf 90' lang='lat' dir='ltr'><strong>Una</strong></span> <span class='ocrx_word' id='word_1_280' title='bbox 451 4893 569 4951; x_wconf 91' lang='lat' dir='ltr'><strong>dies</strong></span> <span class='ocrx_word' id='word_1_281' title='bbox 599 4899 803 4968; x_wconf 91' lang='lat' dir='ltr'><strong>aperit:</strong></span> <span class='ocrx_word' id='word_1_282' title='bbox 835 4901 1056 4956; x_wconf 83' lang='lat' dir='ltr'><strong>conficit</strong></span> <span class='ocrx_word' id='word_1_283' title='bbox 1088 4918 1193 4958; x_wconf 93' lang='lat' dir='ltr'><strong>una</strong></span> <span class='ocrx_word' id='word_1_284' title='bbox 1227 4903 1364 4960; x_wconf 91' lang='lat' dir='ltr'><strong>dies.</strong></span> 
     </span>
    </p>
   </div>
   <div class='ocr_carea' id='block_1_50' title="bbox 237 4983 1809 5069">
    <p class='ocr_par' dir='ltr' id='par_1_50' title="bbox 237 4983 1809 5069">
     <span class='ocr_line' id='line_1_50' title="bbox 237 4983 1809 5069; baseline 0.008 -27"><span class='ocrx_word' id='word_1_285' title='bbox 237 4983 660 5058; x_wconf 89' lang='lat' dir='ltr'><strong>Conquerimur,</strong></span> <span class='ocrx_word' id='word_1_286' title='bbox 679 4990 904 5059; x_wconf 88' lang='lat' dir='ltr'><strong>Natura,</strong></span> <span class='ocrx_word' id='word_1_287' title='bbox 920 4994 1102 5052; x_wconf 85' lang='lat' dir='ltr'><strong>brevis</strong></span> <span class='ocrx_word' id='word_1_288' title='bbox 1117 4997 1258 5066; x_wconf 86' lang='lat' dir='ltr'><strong>quod</strong></span> <span class='ocrx_word' id='word_1_289' title='bbox 1291 4998 1459 5069; x_wconf 86' lang='lat' dir='ltr'><strong>gratia</strong></span> <span class='ocrx_word' id='word_1_290' title='bbox 1485 4997 1680 5054; x_wconf 87' lang='lat' dir='ltr'><strong>florum</strong></span> <span class='ocrx_word' id='word_1_291' title='bbox 1703 5007 1809 5066; x_wconf 90' lang='lat' dir='ltr'><strong>est,</strong></span> 
     </span>
    </p>
   </div>
   <div class='ocr_carea' id='block_1_51' title="bbox 310 5081 1326 5164">
    <p class='ocr_par' dir='ltr' id='par_1_51' title="bbox 310 5081 1326 5164">
     <span class='ocr_line' id='line_1_51' title="bbox 310 5081 1326 5164; baseline 0.014 -30"><span class='ocrx_word' id='word_1_292' title='bbox 310 5081 592 5136; x_wconf 88' lang='lat' dir='ltr'><strong>Ostentata</strong></span> <span class='ocrx_word' id='word_1_293' title='bbox 621 5086 794 5144; x_wconf 92' lang='lat' dir='ltr'><strong>oculis</strong></span> <span class='ocrx_word' id='word_1_294' title='bbox 825 5089 969 5145; x_wconf 90' lang='lat' dir='ltr'><strong>illico</strong></span> <span class='ocrx_word' id='word_1_295' title='bbox 989 5090 1127 5145; x_wconf 72' lang='lat' dir='ltr'><strong>deria</strong></span> <span class='ocrx_word' id='word_1_296' title='bbox 1155 5092 1326 5164; x_wconf 86' lang='lat' dir='ltr'><strong>rapis.</strong></span> 
     </span>
    </p>
   </div>
   <div class='ocr_carea' id='block_1_52' title="bbox 239 5173 1688 5256">
    <p class='ocr_par' dir='ltr' id='par_1_52' title="bbox 239 5173 1688 5256">
     <span class='ocr_line' id='line_1_52' title="bbox 239 5173 1688 5256; baseline 0.01 -28"><span class='ocrx_word' id='word_1_297' title='bbox 239 5173 413 5242; x_wconf 83' lang='lat' dir='ltr'><strong>Quam</strong></span> <span class='ocrx_word' id='word_1_298' title='bbox 444 5176 603 5245; x_wconf 88' lang='lat' dir='ltr'><strong>longa</strong></span> <span class='ocrx_word' id='word_1_299' title='bbox 634 5191 740 5231; x_wconf 89' lang='lat' dir='ltr'><strong>una</strong></span> <span class='ocrx_word' id='word_1_300' title='bbox 764 5177 901 5248; x_wconf 88' lang='lat' dir='ltr'><strong>dies,</strong></span> <span class='ocrx_word' id='word_1_301' title='bbox 927 5192 1060 5240; x_wconf 69' lang='lat' dir='ltr'><strong>aetas</strong></span> <span class='ocrx_word' id='word_1_302' title='bbox 1090 5193 1198 5239; x_wconf 89' lang='lat' dir='ltr'><strong>tam</strong></span> <span class='ocrx_word' id='word_1_303' title='bbox 1231 5185 1388 5256; x_wconf 89' lang='lat' dir='ltr'><strong>longa</strong></span> <span class='ocrx_word' id='word_1_304' title='bbox 1419 5202 1688 5254; x_wconf 89' lang='lat' dir='ltr'><strong>rosarum,</strong></span> 
     </span>
    </p>
   </div>
   <div class='ocr_carea' id='block_1_53' title="bbox 310 5267 1562 5346">
    <p class='ocr_par' dir='ltr' id='par_1_53' title="bbox 310 5267 1562 5346">
     <span class='ocr_line' id='line_1_53' title="bbox 310 5267 1562 5346; baseline 0.01 -24"><span class='ocrx_word' id='word_1_305' title='bbox 310 5267 457 5335; x_wconf 87' lang='lat' dir='ltr'><strong>Quas</strong></span> <span class='ocrx_word' id='word_1_306' title='bbox 485 5267 846 5338; x_wconf 89' lang='lat' dir='ltr'><strong>pubescentes</strong></span> <span class='ocrx_word' id='word_1_307' title='bbox 873 5272 1058 5341; x_wconf 88' lang='lat' dir='ltr'><strong>juncta</strong></span> <span class='ocrx_word' id='word_1_308' title='bbox 1089 5286 1310 5334; x_wconf 90' lang='lat' dir='ltr'><strong>senecta</strong></span> <span class='ocrx_word' id='word_1_309' title='bbox 1342 5279 1562 5346; x_wconf 89' lang='lat' dir='ltr'><strong>premit.</strong></span> 
     </span>
    </p>
   </div>
   <div class='ocr_carea' id='block_1_54' title="bbox 241 5358 1676 5442">
    <p class='ocr_par' dir='ltr' id='par_1_54' title="bbox 241 5358 1676 5442">
     <span class='ocr_line' id='line_1_54' title="bbox 241 5358 1676 5442; baseline 0.01 -29"><span class='ocrx_word' id='word_1_310' title='bbox 241 5358 416 5428; x_wconf 86' lang='lat' dir='ltr'><strong>Quam</strong></span> <span class='ocrx_word' id='word_1_311' title='bbox 447 5360 613 5418; x_wconf 90' lang='lat' dir='ltr'><strong>modo</strong></span> <span class='ocrx_word' id='word_1_312' title='bbox 644 5377 960 5420; x_wconf 86' lang='lat' dir='ltr'><strong>nascentem</strong></span> <span class='ocrx_word' id='word_1_313' title='bbox 990 5369 1185 5426; x_wconf 89' lang='lat' dir='ltr'><strong>rutilus</strong></span> <span class='ocrx_word' id='word_1_314' title='bbox 1207 5371 1492 5442; x_wconf 83' lang='lat' dir='ltr'><strong>conspexit</strong></span> <span class='ocrx_word' id='word_1_315' title='bbox 1514 5373 1676 5437; x_wconf 88' lang='lat' dir='ltr'><strong>Eous,</strong></span> 
     </span>
    </p>
   </div>
   <div class='ocr_carea' id='block_1_55' title="bbox 312 5455 1476 5529">
    <p class='ocr_par' dir='ltr' id='par_1_55' title="bbox 312 5455 1476 5529">
     <span class='ocr_line' id='line_1_55' title="bbox 312 5455 1476 5529; baseline 0.009 -20"><span class='ocrx_word' id='word_1_316' title='bbox 312 5455 462 5510; x_wconf 81' lang='lat' dir='ltr'><strong>lianc</strong></span> <span class='ocrx_word' id='word_1_317' title='bbox 484 5455 704 5512; x_wconf 90' lang='lat' dir='ltr'><strong>rediens</strong></span> <span class='ocrx_word' id='word_1_318' title='bbox 730 5471 855 5513; x_wconf 89' lang='lat' dir='ltr'><strong>sero</strong></span> <span class='ocrx_word' id='word_1_319' title='bbox 881 5473 1110 5529; x_wconf 91' lang='lat' dir='ltr'><strong>vespere</strong></span> <span class='ocrx_word' id='word_1_320' title='bbox 1136 5463 1266 5518; x_wconf 87' lang='lat' dir='ltr'><strong>vidit</strong></span> <span class='ocrx_word' id='word_1_321' title='bbox 1290 5481 1476 5520; x_wconf 88' lang='lat' dir='ltr'><strong>anum.</strong></span> 
     </span>
    </p>
   </div>
   <div class='ocr_carea' id='block_1_56' title="bbox 241 5547 1617 5628">
    <p class='ocr_par' dir='ltr' id='par_1_56' title="bbox 241 5547 1617 5628">
     <span class='ocr_line' id='line_1_56' title="bbox 241 5547 1617 5628; baseline 0.007 -21"><span class='ocrx_word' id='word_1_322' title='bbox 241 5547 348 5607; x_wconf 86' lang='lat' dir='ltr'><strong>Sed</strong></span> <span class='ocrx_word' id='word_1_323' title='bbox 377 5550 538 5619; x_wconf 89' lang='lat' dir='ltr'><strong>bene,</strong></span> <span class='ocrx_word' id='word_1_324' title='bbox 570 5550 712 5621; x_wconf 87' lang='lat' dir='ltr'><strong>quod</strong></span> <span class='ocrx_word' id='word_1_325' title='bbox 736 5553 1068 5621; x_wconf 84' lang='lat' dir='ltr'><strong>paucislicet</strong></span> <span class='ocrx_word' id='word_1_326' title='bbox 1087 5555 1372 5614; x_wconf 88' lang='lat' dir='ltr'><strong>interitura</strong></span> <span class='ocrx_word' id='word_1_327' title='bbox 1403 5559 1617 5628; x_wconf 87' lang='lat' dir='ltr'><strong>diebus,</strong></span> 
     </span>
    </p>
   </div>
   <div class='ocr_carea' id='block_1_57' title="bbox 311 5643 1474 5718">
    <p class='ocr_par' dir='ltr' id='par_1_57' title="bbox 311 5643 1474 5718">
     <span class='ocr_line' id='line_1_57' title="bbox 311 5643 1474 5718; baseline 0.006 -18"><span class='ocrx_word' id='word_1_328' title='bbox 311 5643 627 5701; x_wconf 88' lang='lat' dir='ltr'><strong>Succedens</strong></span> <span class='ocrx_word' id='word_1_329' title='bbox 649 5660 825 5700; x_wconf 65' lang='lat' dir='ltr'><strong>aevum</strong></span> <span class='ocrx_word' id='word_1_330' title='bbox 858 5655 1117 5718; x_wconf 84' lang='lat' dir='ltr'><strong>prorogat</strong></span> <span class='ocrx_word' id='word_1_331' title='bbox 1150 5649 1265 5718; x_wconf 91' lang='lat' dir='ltr'><strong>ipsa</strong></span> <span class='ocrx_word' id='word_1_332' title='bbox 1296 5667 1474 5707; x_wconf 91' lang='lat' dir='ltr'><strong>suum.</strong></span> 
     </span>
    </p>
   </div>
   <div class='ocr_carea' id='block_1_58' title="bbox 240 5735 1836 5820">
    <p class='ocr_par' dir='ltr' id='par_1_58' title="bbox 240 5735 1836 5820">
     <span class='ocr_line' id='line_1_58' title="bbox 240 5735 1836 5820; baseline 0.007 -28"><span class='ocrx_word' id='word_1_333' title='bbox 240 5735 470 5807; x_wconf 87' lang='lat' dir='ltr'><strong>Collige,</strong></span> <span class='ocrx_word' id='word_1_334' title='bbox 498 5738 671 5808; x_wconf 87' lang='lat' dir='ltr'><strong>virgo,</strong></span> <span class='ocrx_word' id='word_1_335' title='bbox 697 5752 872 5806; x_wconf 90' lang='lat' dir='ltr'><strong>rosas,</strong></span> <span class='ocrx_word' id='word_1_336' title='bbox 895 5739 1020 5794; x_wconf 92' lang='lat' dir='ltr'><strong>dum</strong></span> <span class='ocrx_word' id='word_1_337' title='bbox 1045 5740 1145 5796; x_wconf 85' lang='lat' dir='ltr'><strong>llos</strong></span> <span class='ocrx_word' id='word_1_338' title='bbox 1173 5757 1369 5810; x_wconf 86' lang='lat' dir='ltr'><strong>novus,</strong></span> <span class='ocrx_word' id='word_1_339' title='bbox 1399 5756 1452 5800; x_wconf 87' lang='lat' dir='ltr'><strong>et</strong></span> <span class='ocrx_word' id='word_1_340' title='bbox 1480 5761 1619 5804; x_wconf 89' lang='lat' dir='ltr'><strong>nova</strong></span> <span class='ocrx_word' id='word_1_341' title='bbox 1643 5747 1836 5820; x_wconf 89' lang='lat' dir='ltr'><strong>pubes,</strong></span> 
     </span>
    </p>
   </div>
   <div class='ocr_carea' id='block_1_59' title="bbox 312 5831 1588 5908">
    <p class='ocr_par' dir='ltr' id='par_1_59' title="bbox 312 5831 1588 5908">
     <span class='ocr_line' id='line_1_59' title="bbox 312 5831 1588 5908; baseline 0.009 -18"><span class='ocrx_word' id='word_1_342' title='bbox 312 5831 612 5890; x_wconf 88' lang='lat' dir='ltr'><strong>Etmemor</strong></span> <span class='ocrx_word' id='word_1_343' title='bbox 643 5841 762 5887; x_wconf 89' lang='lat' dir='ltr'><strong>esto</strong></span> <span class='ocrx_word' id='word_1_344' title='bbox 795 5849 967 5888; x_wconf 82' lang='lat' dir='ltr'><strong>aevum</strong></span> <span class='ocrx_word' id='word_1_345' title='bbox 1000 5835 1079 5889; x_wconf 92' lang='lat' dir='ltr'><strong>sic</strong></span> <span class='ocrx_word' id='word_1_346' title='bbox 1104 5849 1398 5908; x_wconf 83' lang='lat' dir='ltr'><strong>properare</strong></span> <span class='ocrx_word' id='word_1_347' title='bbox 1415 5850 1588 5900; x_wconf 89' lang='lat' dir='ltr'><strong>tuum.</strong></span> 
     </span>
    </p>
   </div>
   <div class='ocr_carea' id='block_1_60' title="bbox 522 5926 1028 5996">
    <p class='ocr_par' dir='ltr' id='par_1_60' title="bbox 522 5926 1028 5996">
     <span class='ocr_line' id='line_1_60' title="bbox 522 5926 1028 5996; baseline -0.014 -3"><span class='ocrx_word' id='word_1_348' title='bbox 522 5927 800 5993; x_wconf 58' lang='lat' dir='ltr'><strong>Puncta</strong></span> <span class='ocrx_word' id='word_1_349' title='bbox 848 5926 1028 5996; x_wconf 79' lang='lat' dir='ltr'><strong>XIX.</strong></span> 
     </span>
    </p>
   </div>
   <div class='ocr_carea' id='block_1_61' title="bbox 1756 285 2059 353">
    <p class='ocr_par' dir='ltr' id='par_1_61' title="bbox 1756 285 2059 353">
     <span class='ocr_line' id='line_1_61' title="bbox 1756 285 2059 353; baseline 0 -3"><span class='ocrx_word' id='word_1_350' title='bbox 1756 285 2059 353; x_wconf 69' lang='grc' dir='ltr'><strong>ιῡγιιιΑ,</strong></span> 
     </span>
    </p>
   </div>
   <div class='ocr_carea' id='block_1_62' title="bbox 1874 429 1928 490">
    <p class='ocr_par' dir='ltr' id='par_1_62' title="bbox 1874 429 1928 490">
     <span class='ocr_line' id='line_1_62' title="bbox 1874 429 1928 490; baseline 0 0"><span class='ocrx_word' id='word_1_351' title='bbox 1874 429 1928 490; x_wconf 76' lang='grc' dir='ltr'><strong>Δ</strong></span> 
     </span>
    </p>
   </div>
   <div class='ocr_carea' id='block_1_63' title="bbox 3348 283 3558 353">
    <p class='ocr_par' dir='ltr' id='par_1_63' title="bbox 3348 283 3558 353">
     <span class='ocr_line' id='line_1_63' title="bbox 3348 283 3558 353; baseline 0.033 -8"><span class='ocrx_word' id='word_1_352' title='bbox 3348 283 3392 344; x_wconf 55' lang='grc' dir='ltr'>Τ</span> <span class='ocrx_word' id='word_1_353' title='bbox 3449 283 3558 353; x_wconf 74' lang='grc' dir='ltr'><strong>οοσ</strong></span> 
     </span>
    </p>
   </div>
   <div class='ocr_carea' id='block_1_64' title="bbox 2480 396 2983 458">
    <p class='ocr_par' dir='ltr' id='par_1_64' title="bbox 2480 396 2983 458">
     <span class='ocr_line' id='line_1_64' title="bbox 2480 396 2983 458; baseline 0.002 -1"><span class='ocrx_word' id='word_1_354' title='bbox 2480 396 2812 458; x_wconf 74' lang='lat' dir='ltr'><strong>IDYLLIUM</strong></span> <span class='ocrx_word' id='word_1_355' title='bbox 2865 397 2983 458; x_wconf 73' lang='lat' dir='ltr'><strong>XV.</strong></span> 
     </span>
    </p>
   </div>
   <div class='ocr_carea' id='block_1_65' title="bbox 1957 489 3550 570">
    <p class='ocr_par' dir='ltr' id='par_1_65' title="bbox 1957 489 3550 570">
     <span class='ocr_line' id='line_1_65' title="bbox 1957 489 3550 570; baseline -0.002 -26"><span class='ocrx_word' id='word_1_356' title='bbox 1957 489 2044 544; x_wconf 81' lang='lat' dir='ltr'><strong>Ea:</strong></span> <span class='ocrx_word' id='word_1_357' title='bbox 2065 489 2264 555; x_wconf 65' lang='lat' dir='ltr'><strong>Graiae,</strong></span> <span class='ocrx_word' id='word_1_358' title='bbox 2285 489 2670 563; x_wconf 76' lang='lat' dir='ltr'><strong>Pytliagoricon</strong></span> <span class='ocrx_word' id='word_1_359' title='bbox 2686 495 2748 546; x_wconf 83' lang='lat' dir='ltr'><strong>de</strong></span> <span class='ocrx_word' id='word_1_360' title='bbox 2764 490 3109 561; x_wconf 78' lang='lat' dir='ltr'><strong>Ambiguitate</strong></span> <span class='ocrx_word' id='word_1_361' title='bbox 3135 489 3384 563; x_wconf 78' lang='lat' dir='ltr'><strong>cligeitdw</strong></span> <span class='ocrx_word' id='word_1_362' title='bbox 3409 492 3550 570; x_wconf 75' lang='lat' dir='ltr'><strong>uiue,</strong></span> 
     </span>
    </p>
   </div>
   <div class='ocr_carea' id='block_1_66' title="bbox 1952 607 3228 678">
    <p class='ocr_par' dir='ltr' id='par_1_66' title="bbox 1952 607 3228 678">
     <span class='ocr_line' id='line_1_66' title="bbox 1952 607 3228 678; baseline 0.001 -19"><span class='ocrx_word' id='word_1_363' title='bbox 1952 607 2104 676; x_wconf 84' lang='lat' dir='ltr'><strong>Quod</strong></span> <span class='ocrx_word' id='word_1_364' title='bbox 2138 607 2260 662; x_wconf 66' lang='lat' dir='ltr'><strong>vitae</strong></span> <span class='ocrx_word' id='word_1_365' title='bbox 2291 607 2542 662; x_wconf 82' lang='lat' dir='ltr'><strong>sectabar</strong></span> <span class='ocrx_word' id='word_1_366' title='bbox 2573 607 2711 664; x_wconf 86' lang='lat' dir='ltr'><strong>iter?</strong></span> <span class='ocrx_word' id='word_1_367' title='bbox 2738 608 2782 664; x_wconf 90' lang='lat' dir='ltr'><strong>si</strong></span> <span class='ocrx_word' id='word_1_368' title='bbox 2816 607 2975 678; x_wconf 90' lang='lat' dir='ltr'><strong>plena</strong></span> <span class='ocrx_word' id='word_1_369' title='bbox 3001 607 3228 662; x_wconf 90' lang='lat' dir='ltr'><strong>tumultu</strong></span> 
     </span>
    </p>
   </div>
   <div class='ocr_carea' id='block_1_67' title="bbox 1953 698 3404 770">
    <p class='ocr_par' dir='ltr' id='par_1_67' title="bbox 1953 698 3404 770">
     <span class='ocr_line' id='line_1_67' title="bbox 1953 698 3404 770; baseline -0.002 -13"><span class='ocrx_word' id='word_1_370' title='bbox 1953 698 2090 757; x_wconf 92' lang='lat' dir='ltr'><strong>Sunt</strong></span> <span class='ocrx_word' id='word_1_371' title='bbox 2119 699 2233 753; x_wconf 89' lang='lat' dir='ltr'><strong>fora</strong></span> <span class='ocrx_word' id='word_1_372' title='bbox 2267 715 2280 752; x_wconf 88' lang='lat'><strong>:</strong></span> <span class='ocrx_word' id='word_1_373' title='bbox 2315 698 2362 752; x_wconf 89' lang='lat' dir='ltr'><strong>si</strong></span> <span class='ocrx_word' id='word_1_374' title='bbox 2385 700 2530 754; x_wconf 91' lang='lat' dir='ltr'><strong>euris</strong></span> <span class='ocrx_word' id='word_1_375' title='bbox 2558 699 2751 754; x_wconf 86' lang='lat' dir='ltr'><strong>domus</strong></span> <span class='ocrx_word' id='word_1_376' title='bbox 2781 701 2939 754; x_wconf 80' lang='lat' dir='ltr'><strong>anxia</strong></span> <span class='ocrx_word' id='word_1_377' title='bbox 2971 714 2984 751; x_wconf 91' lang='lat'><strong>:</strong></span> <span class='ocrx_word' id='word_1_378' title='bbox 3011 700 3055 753; x_wconf 93' lang='lat' dir='ltr'><strong>si</strong></span> <span class='ocrx_word' id='word_1_379' title='bbox 3086 699 3404 770; x_wconf 85' lang='lat' dir='ltr'><strong>peregrinos</strong></span> 
     </span>
    </p>
   </div>
   <div class='ocr_carea' id='block_1_68' title="bbox 1952 791 3477 862">
    <p class='ocr_par' dir='ltr' id='par_1_68' title="bbox 1952 791 3477 862">
     <span class='ocr_line' id='line_1_68' title="bbox 1952 791 3477 862; baseline -0.001 -15"><span class='ocrx_word' id='word_1_380' title='bbox 1952 792 2093 847; x_wconf 90' lang='lat' dir='ltr'><strong>Cura</strong></span> <span class='ocrx_word' id='word_1_381' title='bbox 2121 791 2314 846; x_wconf 92' lang='lat' dir='ltr'><strong>domus</strong></span> <span class='ocrx_word' id='word_1_382' title='bbox 2344 793 2587 862; x_wconf 85' lang='lat' dir='ltr'><strong>sequitur</strong></span> <span class='ocrx_word' id='word_1_383' title='bbox 2613 809 2626 845; x_wconf 89' lang='lat'><strong>:</strong></span> <span class='ocrx_word' id='word_1_384' title='bbox 2661 801 2990 848; x_wconf 90' lang='lat' dir='ltr'><strong>mercantem</strong></span> <span class='ocrx_word' id='word_1_385' title='bbox 3021 793 3066 847; x_wconf 91' lang='lat' dir='ltr'><strong>si</strong></span> <span class='ocrx_word' id='word_1_386' title='bbox 3097 806 3232 846; x_wconf 88' lang='lat' dir='ltr'><strong>nova</strong></span> <span class='ocrx_word' id='word_1_387' title='bbox 3259 807 3477 861; x_wconf 88' lang='lat' dir='ltr'><strong>semper</strong></span> 
     </span>
    </p>
   </div>
   <div class='ocr_carea' id='block_1_69' title="bbox 1955 885 3441 954">
    <p class='ocr_par' dir='ltr' id='par_1_69' title="bbox 1955 885 3441 954">
     <span class='ocr_line' id='line_1_69' title="bbox 1955 885 3441 954; baseline -0.003 -14"><span class='ocrx_word' id='word_1_388' title='bbox 1955 885 2158 940; x_wconf 88' lang='lat' dir='ltr'><strong>Damna</strong></span> <span class='ocrx_word' id='word_1_389' title='bbox 2181 891 2404 940; x_wconf 89' lang='lat' dir='ltr'><strong>manent</strong></span> <span class='ocrx_word' id='word_1_390' title='bbox 2433 901 2446 938; x_wconf 89' lang='lat'><strong>:</strong></span> <span class='ocrx_word' id='word_1_391' title='bbox 2474 899 2693 940; x_wconf 89' lang='lat' dir='ltr'><strong>cessare</strong></span> <span class='ocrx_word' id='word_1_392' title='bbox 2725 894 2873 940; x_wconf 89' lang='lat' dir='ltr'><strong>vetat</strong></span> <span class='ocrx_word' id='word_1_393' title='bbox 2899 886 2941 940; x_wconf 94' lang='lat' dir='ltr'><strong>si</strong></span> <span class='ocrx_word' id='word_1_394' title='bbox 2968 885 3137 954; x_wconf 90' lang='lat' dir='ltr'><strong>turpis</strong></span> <span class='ocrx_word' id='word_1_395' title='bbox 3165 891 3377 954; x_wconf 78' lang='lat' dir='ltr'><strong>egestas</strong></span> <span class='ocrx_word' id='word_1_396' title='bbox 3403 901 3441 949; x_wconf 67' lang='grc' dir='ltr'><strong>τε</strong></span> 
     </span>
    </p>
   </div>
   <div class='ocr_carea' id='block_1_70' title="bbox 1951 977 3441 1048">
    <p class='ocr_par' dir='ltr' id='par_1_70' title="bbox 1951 977 3441 1048">
     <span class='ocr_line' id='line_1_70' title="bbox 1951 977 3441 1048; baseline -0.003 -12"><span class='ocrx_word' id='word_1_397' title='bbox 1951 978 2008 1036; x_wconf 93' lang='lat' dir='ltr'><strong>Si</strong></span> <span class='ocrx_word' id='word_1_398' title='bbox 2039 989 2198 1034; x_wconf 77' lang='lat' dir='ltr'><strong>vexat</strong></span> <span class='ocrx_word' id='word_1_399' title='bbox 2225 979 2382 1034; x_wconf 89' lang='lat' dir='ltr'><strong>labor</strong></span> <span class='ocrx_word' id='word_1_400' title='bbox 2405 978 2720 1048; x_wconf 87' lang='lat' dir='ltr'><strong>agricolam,</strong></span> <span class='ocrx_word' id='word_1_401' title='bbox 2753 995 2904 1034; x_wconf 90' lang='lat' dir='ltr'><strong>mare</strong></span> <span class='ocrx_word' id='word_1_402' title='bbox 2928 977 3220 1046; x_wconf 86' lang='lat' dir='ltr'><strong>naufragus</strong></span> <span class='ocrx_word' id='word_1_403' title='bbox 3245 979 3441 1034; x_wconf 90' lang='lat' dir='ltr'><strong>horror</strong></span> 
     </span>
    </p>
   </div>
   <div class='ocr_carea' id='block_1_71' title="bbox 1952 1070 3210 1142">
    <p class='ocr_par' dir='ltr' id='par_1_71' title="bbox 1952 1070 3210 1142">
     <span class='ocr_line' id='line_1_71' title="bbox 1952 1070 3210 1142; baseline -0.002 -18"><span class='ocrx_word' id='word_1_404' title='bbox 1952 1071 2182 1126; x_wconf 80' lang='lat' dir='ltr'><strong>Infamat</strong></span> <span class='ocrx_word' id='word_1_405' title='bbox 2213 1091 2223 1123; x_wconf 86' lang='lat'><strong>:</strong></span> <span class='ocrx_word' id='word_1_406' title='bbox 2254 1086 2540 1142; x_wconf 70' lang='lat' dir='ltr'><strong>poenaeque</strong></span> <span class='ocrx_word' id='word_1_407' title='bbox 2567 1084 2759 1140; x_wconf 83' lang='lat' dir='ltr'><strong>graves</strong></span> <span class='ocrx_word' id='word_1_408' title='bbox 2781 1071 2834 1124; x_wconf 94' lang='lat' dir='ltr'><strong>in</strong></span> <span class='ocrx_word' id='word_1_409' title='bbox 2866 1070 3058 1126; x_wconf 81' lang='lat' dir='ltr'><strong>caelibe</strong></span> <span class='ocrx_word' id='word_1_410' title='bbox 3083 1070 3210 1134; x_wconf 82' lang='lat' dir='ltr'><strong>vita,</strong></span> 
     </span>
    </p>
   </div>
   <div class='ocr_carea' id='block_1_72' title="bbox 1951 1162 3155 1233">
    <p class='ocr_par' dir='ltr' id='par_1_72' title="bbox 1951 1162 3155 1233">
     <span class='ocr_line' id='line_1_72' title="bbox 1951 1162 3155 1233; baseline -0.001 -16"><span class='ocrx_word' id='word_1_411' title='bbox 1951 1163 2021 1217; x_wconf 84' lang='lat' dir='ltr'><strong>Et</strong></span> <span class='ocrx_word' id='word_1_412' title='bbox 2041 1163 2260 1233; x_wconf 83' lang='lat' dir='ltr'><strong>gravior</strong></span> <span class='ocrx_word' id='word_1_413' title='bbox 2289 1163 2462 1218; x_wconf 88' lang='lat' dir='ltr'><strong>cautis</strong></span> <span class='ocrx_word' id='word_1_414' title='bbox 2485 1163 2735 1218; x_wconf 89' lang='lat' dir='ltr'><strong>custodia</strong></span> <span class='ocrx_word' id='word_1_415' title='bbox 2769 1176 2901 1216; x_wconf 88' lang='lat' dir='ltr'><strong>vana</strong></span> <span class='ocrx_word' id='word_1_416' title='bbox 2926 1162 3155 1216; x_wconf 87' lang='lat' dir='ltr'><strong>maritis.</strong></span> 
     </span>
    </p>
   </div>
   <div class='ocr_carea' id='block_1_73' title="bbox 1947 1254 3255 1326">
    <p class='ocr_par' dir='ltr' id='par_1_73' title="bbox 1947 1254 3255 1326">
     <span class='ocr_line' id='line_1_73' title="bbox 1947 1254 3255 1326; baseline -0.002 -14"><span class='ocrx_word' id='word_1_417' title='bbox 1947 1256 2316 1326; x_wconf 82' lang='lat' dir='ltr'><strong>Sanguineum</strong></span> <span class='ocrx_word' id='word_1_418' title='bbox 2345 1256 2389 1310; x_wconf 92' lang='lat' dir='ltr'><strong>si</strong></span> <span class='ocrx_word' id='word_1_419' title='bbox 2417 1255 2604 1310; x_wconf 85' lang='lat' dir='ltr'><strong>Martis</strong></span> <span class='ocrx_word' id='word_1_420' title='bbox 2624 1270 2760 1325; x_wconf 92' lang='lat' dir='ltr'><strong>opus</strong></span> <span class='ocrx_word' id='word_1_421' title='bbox 2787 1271 2800 1308; x_wconf 91' lang='lat'>:</span> <span class='ocrx_word' id='word_1_422' title='bbox 2835 1254 2878 1308; x_wconf 91' lang='lat' dir='ltr'><strong>si</strong></span> <span class='ocrx_word' id='word_1_423' title='bbox 2907 1255 3078 1323; x_wconf 90' lang='lat' dir='ltr'><strong>turpia</strong></span> <span class='ocrx_word' id='word_1_424' title='bbox 3107 1254 3255 1309; x_wconf 86' lang='lat' dir='ltr'><strong>lucra</strong></span> 
     </span>
    </p>
   </div>
   <div class='ocr_carea' id='block_1_74' title="bbox 1948 1345 3168 1417">
    <p class='ocr_par' dir='ltr' id='par_1_74' title="bbox 1948 1345 3168 1417">
     <span class='ocr_line' id='line_1_74' title="bbox 1948 1345 3168 1417; baseline -0.005 -13"><span class='ocrx_word' id='word_1_425' title='bbox 1948 1347 2198 1414; x_wconf 85' lang='lat' dir='ltr'><strong>Fenoris,</strong></span> <span class='ocrx_word' id='word_1_426' title='bbox 2225 1359 2278 1404; x_wconf 90' lang='lat' dir='ltr'><strong>et</strong></span> <span class='ocrx_word' id='word_1_427' title='bbox 2303 1347 2462 1403; x_wconf 77' lang='lat' dir='ltr'><strong>velox</strong></span> <span class='ocrx_word' id='word_1_428' title='bbox 2486 1347 2678 1417; x_wconf 89' lang='lat' dir='ltr'><strong>inopes</strong></span> <span class='ocrx_word' id='word_1_429' title='bbox 2711 1362 2872 1402; x_wconf 84' lang='lat' dir='ltr'><strong>usura</strong></span> <span class='ocrx_word' id='word_1_430' title='bbox 2901 1345 3168 1400; x_wconf 86' lang='lat' dir='ltr'><strong>trucidat?</strong></span> 
     </span>
    </p>
   </div>
   <div class='ocr_carea' id='block_1_75' title="bbox 1947 1437 3360 1508">
    <p class='ocr_par' dir='ltr' id='par_1_75' title="bbox 1947 1437 3360 1508">
     <span class='ocr_line' id='line_1_75' title="bbox 1947 1437 3360 1508; baseline 0 -11"><span class='ocrx_word' id='word_1_431' title='bbox 1947 1442 2122 1497; x_wconf 89' lang='lat' dir='ltr'><strong>Omne</strong></span> <span class='ocrx_word' id='word_1_432' title='bbox 2141 1457 2316 1496; x_wconf 64' lang='lat' dir='ltr'><strong>aevum</strong></span> <span class='ocrx_word' id='word_1_433' title='bbox 2346 1455 2492 1495; x_wconf 63' lang='lat' dir='ltr'><strong>curse</strong></span> <span class='ocrx_word' id='word_1_434' title='bbox 2520 1459 2532 1494; x_wconf 72' lang='grc' dir='ltr'>ε</span> <span class='ocrx_word' id='word_1_435' title='bbox 2565 1439 2774 1495; x_wconf 89' lang='lat' dir='ltr'><strong>cunctis</strong></span> <span class='ocrx_word' id='word_1_436' title='bbox 2801 1454 2894 1493; x_wconf 85' lang='lat' dir='ltr'><strong>sna</strong></span> <span class='ocrx_word' id='word_1_437' title='bbox 2928 1437 3179 1508; x_wconf 85' lang='lat' dir='ltr'><strong>displicet</strong></span> <span class='ocrx_word' id='word_1_438' title='bbox 3205 1449 3360 1497; x_wconf 67' lang='lat' dir='ltr'><strong>retas.</strong></span> 
     </span>
    </p>
   </div>
   <div class='ocr_carea' id='block_1_76' title="bbox 1947 1533 3330 1606">
    <p class='ocr_par' dir='ltr' id='par_1_76' title="bbox 1947 1533 3330 1606">
     <span class='ocr_line' id='line_1_76' title="bbox 1947 1533 3330 1606; baseline -0.006 -12"><span class='ocrx_word' id='word_1_439' title='bbox 1947 1537 2154 1594; x_wconf 89' lang='lat' dir='ltr'><strong>Sensus</strong></span> <span class='ocrx_word' id='word_1_440' title='bbox 2181 1536 2336 1593; x_wconf 89' lang='lat' dir='ltr'><strong>abest</strong></span> <span class='ocrx_word' id='word_1_441' title='bbox 2361 1535 2540 1606; x_wconf 90' lang='lat' dir='ltr'><strong>parvis</strong></span> <span class='ocrx_word' id='word_1_442' title='bbox 2566 1533 2924 1590; x_wconf 87' lang='lat' dir='ltr'><strong>lactantibus:</strong></span> <span class='ocrx_word' id='word_1_443' title='bbox 2959 1540 3014 1588; x_wconf 92' lang='lat' dir='ltr'><strong>et</strong></span> <span class='ocrx_word' id='word_1_444' title='bbox 3040 1547 3330 1602; x_wconf 88' lang='lat' dir='ltr'><strong>puerorum</strong></span> 
     </span>
    </p>
   </div>
   <div class='ocr_carea' id='block_1_77' title="bbox 1946 1623 3335 1696">
    <p class='ocr_par' dir='ltr' id='par_1_77' title="bbox 1946 1623 3335 1696">
     <span class='ocr_line' id='line_1_77' title="bbox 1946 1623 3335 1696; baseline -0.002 -14"><span class='ocrx_word' id='word_1_445' title='bbox 1946 1628 2092 1682; x_wconf 89' lang='lat' dir='ltr'><strong>Dura</strong></span> <span class='ocrx_word' id='word_1_446' title='bbox 2115 1627 2445 1694; x_wconf 89' lang='lat' dir='ltr'><strong>rudimenta,</strong></span> <span class='ocrx_word' id='word_1_447' title='bbox 2470 1637 2523 1682; x_wconf 92' lang='lat' dir='ltr'><strong>et</strong></span> <span class='ocrx_word' id='word_1_448' title='bbox 2539 1626 2803 1696; x_wconf 86' lang='lat' dir='ltr'><strong>juvenum</strong></span> <span class='ocrx_word' id='word_1_449' title='bbox 2832 1623 3117 1679; x_wconf 88' lang='lat' dir='ltr'><strong>temeraria</strong></span> <span class='ocrx_word' id='word_1_450' title='bbox 3145 1624 3335 1693; x_wconf 89' lang='lat' dir='ltr'><strong>pubes.</strong></span> 
     </span>
    </p>
   </div>
   <div class='ocr_carea' id='block_1_78' title="bbox 1945 1719 3295 1790">
    <p class='ocr_par' dir='ltr' id='par_1_78' title="bbox 1945 1719 3295 1790">
     <span class='ocr_line' id='line_1_78' title="bbox 1945 1719 3295 1790; baseline -0.004 -14"><span class='ocrx_word' id='word_1_451' title='bbox 1945 1721 2188 1777; x_wconf 79' lang='lat' dir='ltr'><strong>Afﬂictat</strong></span> <span class='ocrx_word' id='word_1_452' title='bbox 2216 1720 2437 1776; x_wconf 87' lang='lat' dir='ltr'><strong>fortuna</strong></span> <span class='ocrx_word' id='word_1_453' title='bbox 2470 1721 2617 1774; x_wconf 88' lang='lat' dir='ltr'><strong>viros</strong></span> <span class='ocrx_word' id='word_1_454' title='bbox 2651 1735 2746 1790; x_wconf 88' lang='lat' dir='ltr'><strong>per</strong></span> <span class='ocrx_word' id='word_1_455' title='bbox 2778 1719 3058 1789; x_wconf 89' lang='lat' dir='ltr'><strong>bella,per</strong></span> <span class='ocrx_word' id='word_1_456' title='bbox 3087 1733 3295 1788; x_wconf 74' lang='lat' dir='ltr'><strong>chuor,</strong></span> 
     </span>
    </p>
   </div>
   <div class='ocr_carea' id='block_1_79' title="bbox 1871 1811 3243 1884">
    <p class='ocr_par' dir='ltr' id='par_1_79' title="bbox 1871 1811 3243 1884">
     <span class='ocr_line' id='line_1_79' title="bbox 1871 1811 3243 1884; baseline -0.001 -16"><span class='ocrx_word' id='word_1_457' title='bbox 1871 1822 1920 1884; x_wconf 83' lang='grc' dir='ltr'><strong>Β</strong></span> <span class='ocrx_word' id='word_1_458' title='bbox 1948 1814 2192 1884; x_wconf 87' lang='lat' dir='ltr'><strong>lrasquc,</strong></span> <span class='ocrx_word' id='word_1_459' title='bbox 2230 1813 2584 1883; x_wconf 86' lang='lat' dir='ltr'><strong>insidiasque,</strong></span> <span class='ocrx_word' id='word_1_460' title='bbox 2611 1823 3000 1882; x_wconf 83' lang='lat' dir='ltr'><strong>catenatosque</strong></span> <span class='ocrx_word' id='word_1_461' title='bbox 3031 1811 3243 1867; x_wconf 88' lang='lat' dir='ltr'><strong>labores</strong></span> 
     </span>
    </p>
   </div>
   <div class='ocr_carea' id='block_1_80' title="bbox 1946 1904 3296 1975">
    <p class='ocr_par' dir='ltr' id='par_1_80' title="bbox 1946 1904 3296 1975">
     <span class='ocr_line' id='line_1_80' title="bbox 1946 1904 3296 1975; baseline -0.001 -13"><span class='ocrx_word' id='word_1_462' title='bbox 1946 1905 2238 1962; x_wconf 87' lang='lat' dir='ltr'><strong>Mutandos</strong></span> <span class='ocrx_word' id='word_1_463' title='bbox 2265 1921 2484 1975; x_wconf 88' lang='lat' dir='ltr'><strong>semper</strong></span> <span class='ocrx_word' id='word_1_464' title='bbox 2511 1905 2870 1975; x_wconf 67' lang='lat' dir='ltr'><strong>gravioribus.</strong></span> <span class='ocrx_word' id='word_1_465' title='bbox 2891 1904 3010 1974; x_wconf 86' lang='lat' dir='ltr'><strong>Ipsa</strong></span> <span class='ocrx_word' id='word_1_466' title='bbox 3038 1915 3296 1960; x_wconf 85' lang='lat' dir='ltr'><strong>senectus</strong></span> 
     </span>
    </p>
   </div>
   <div class='ocr_carea' id='block_1_81' title="bbox 1948 1997 3211 2070">
    <p class='ocr_par' dir='ltr' id='par_1_81' title="bbox 1948 1997 3211 2070">
     <span class='ocr_line' id='line_1_81' title="bbox 1948 1997 3211 2070; baseline -0.002 -16"><span class='ocrx_word' id='word_1_467' title='bbox 1948 2002 2274 2070; x_wconf 77' lang='lat' dir='ltr'><strong>Exspectata</strong></span> <span class='ocrx_word' id='word_1_468' title='bbox 2303 1999 2420 2064; x_wconf 90' lang='lat' dir='ltr'><strong>diu,</strong></span> <span class='ocrx_word' id='word_1_469' title='bbox 2448 2000 2694 2069; x_wconf 84' lang='lat' dir='ltr'><strong>votisque</strong></span> <span class='ocrx_word' id='word_1_470' title='bbox 2718 2007 2902 2068; x_wconf 87' lang='lat' dir='ltr'><strong>optata</strong></span> <span class='ocrx_word' id='word_1_471' title='bbox 2930 1997 3211 2068; x_wconf 86' lang='lat' dir='ltr'><strong>malignis,</strong></span> 
     </span>
    </p>
   </div>
   <div class='ocr_carea' id='block_1_82' title="bbox 1943 2092 3289 2164">
    <p class='ocr_par' dir='ltr' id='par_1_82' title="bbox 1943 2092 3289 2164">
     <span class='ocr_line' id='line_1_82' title="bbox 1943 2092 3289 2164; baseline -0.004 -14"><span class='ocrx_word' id='word_1_472' title='bbox 1943 2094 2139 2163; x_wconf 86' lang='lat' dir='ltr'><strong>Objicit</strong></span> <span class='ocrx_word' id='word_1_473' title='bbox 2174 2093 2476 2149; x_wconf 87' lang='lat' dir='ltr'><strong>innumeris</strong></span> <span class='ocrx_word' id='word_1_474' title='bbox 2511 2108 2709 2164; x_wconf 89' lang='lat' dir='ltr'><strong>corpus</strong></span> <span class='ocrx_word' id='word_1_475' title='bbox 2743 2092 3035 2148; x_wconf 86' lang='lat' dir='ltr'><strong>lacerabilc</strong></span> <span class='ocrx_word' id='word_1_476' title='bbox 3065 2092 3289 2146; x_wconf 83' lang='lat' dir='ltr'><strong>morbis.</strong></span> 
     </span>
    </p>
   </div>
   <div class='ocr_carea' id='block_1_83' title="bbox 1941 2184 3544 2256">
    <p class='ocr_par' dir='ltr' id='par_1_83' title="bbox 1941 2184 3544 2256">
     <span class='ocr_line' id='line_1_83' title="bbox 1941 2184 3544 2256; baseline -0.002 -14"><span class='ocrx_word' id='word_1_477' title='bbox 1941 2187 2263 2256; x_wconf 74' lang='lat' dir='ltr'><strong>Spei-nimus</strong></span> <span class='ocrx_word' id='word_1_478' title='bbox 2293 2187 2346 2240; x_wconf 89' lang='lat' dir='ltr'><strong>in</strong></span> <span class='ocrx_word' id='word_1_479' title='bbox 2375 2201 2665 2242; x_wconf 90' lang='lat' dir='ltr'><strong>commune</strong></span> <span class='ocrx_word' id='word_1_480' title='bbox 2692 2201 2882 2240; x_wconf 90' lang='lat' dir='ltr'><strong>omnes</strong></span> <span class='ocrx_word' id='word_1_481' title='bbox 2929 2187 3214 2254; x_wconf 69' lang='lat' dir='ltr'><strong>praesentia</strong></span> <span class='ocrx_word' id='word_1_482' title='bbox 3233 2226 3246 2249; x_wconf 94' lang='lat'><strong>,</strong></span> <span class='ocrx_word' id='word_1_483' title='bbox 3278 2184 3544 2256; x_wconf 85' lang='lat' dir='ltr'><strong>quosdam</strong></span> 
     </span>
    </p>
   </div>
   <div class='ocr_carea' id='block_1_84' title="bbox 1939 2281 3219 2346">
    <p class='ocr_par' dir='ltr' id='par_1_84' title="bbox 1939 2281 3219 2346">
     <span class='ocr_line' id='line_1_84' title="bbox 1939 2281 3219 2346; baseline 0 -10"><span class='ocrx_word' id='word_1_484' title='bbox 1939 2281 2168 2338; x_wconf 72' lang='lat' dir='ltr'><strong>Cotistat</strong></span> <span class='ocrx_word' id='word_1_485' title='bbox 2190 2281 2485 2338; x_wconf 88' lang='lat' dir='ltr'><strong>nolledeos</strong></span> <span class='ocrx_word' id='word_1_486' title='bbox 2519 2283 2656 2336; x_wconf 84' lang='lat' dir='ltr'><strong>fieri.</strong></span> <span class='ocrx_word' id='word_1_487' title='bbox 2683 2281 2913 2335; x_wconf 89' lang='lat' dir='ltr'><strong>.lnturna</strong></span> <span class='ocrx_word' id='word_1_488' title='bbox 2938 2282 3219 2346; x_wconf 85' lang='lat' dir='ltr'><strong>reclamat,</strong></span> 
     </span>
    </p>
   </div>
   <div class='ocr_carea' id='block_1_85' title="bbox 1941 2373 3510 2444">
    <p class='ocr_par' dir='ltr' id='par_1_85' title="bbox 1941 2373 3510 2444">
     <span class='ocr_line' id='line_1_85' title="bbox 1941 2373 3510 2444; baseline 0.003 -17"><span class='ocrx_word' id='word_1_489' title='bbox 1941 2376 2060 2441; x_wconf 84' lang='lat' dir='ltr'><strong>Quo</strong></span> <span class='ocrx_word' id='word_1_490' title='bbox 2091 2375 2254 2429; x_wconf 88' lang='lat' dir='ltr'><strong>vitam</strong></span> <span class='ocrx_word' id='word_1_491' title='bbox 2284 2375 2434 2429; x_wconf 90' lang='lat' dir='ltr'><strong>dedit</strong></span> <span class='ocrx_word' id='word_1_492' title='bbox 2471 2373 2760 2428; x_wconf 76' lang='lat' dir='ltr'><strong>:eternam?</strong></span> <span class='ocrx_word' id='word_1_493' title='bbox 2789 2389 2886 2428; x_wconf 91' lang='lat' dir='ltr'><strong>cur</strong></span> <span class='ocrx_word' id='word_1_494' title='bbox 2918 2375 3110 2430; x_wconf 88' lang='lat' dir='ltr'><strong>mortis</strong></span> <span class='ocrx_word' id='word_1_495' title='bbox 3140 2374 3394 2444; x_wconf 86' lang='lat' dir='ltr'><strong>adempta</strong></span> <span class='ocrx_word' id='word_1_496' title='bbox 3425 2386 3510 2431; x_wconf 88' lang='lat' dir='ltr'><strong>est</strong></span> 
     </span>
    </p>
   </div>
   <div class='ocr_carea' id='block_1_86' title="bbox 1939 2463 3318 2534">
    <p class='ocr_par' dir='ltr' id='par_1_86' title="bbox 1939 2463 3318 2534">
     <span class='ocr_line' id='line_1_86' title="bbox 1939 2463 3318 2534; baseline 0 -12"><span class='ocrx_word' id='word_1_497' title='bbox 1939 2467 2235 2522; x_wconf 90' lang='lat' dir='ltr'><strong>Conditio?</strong></span> <span class='ocrx_word' id='word_1_498' title='bbox 2263 2466 2343 2522; x_wconf 88' lang='lat' dir='ltr'><strong>sic</strong></span> <span class='ocrx_word' id='word_1_499' title='bbox 2371 2463 2645 2521; x_wconf 88' lang='lat' dir='ltr'><strong>Caucasea</strong></span> <span class='ocrx_word' id='word_1_500' title='bbox 2671 2466 2774 2520; x_wconf 88' lang='lat' dir='ltr'><strong>sub</strong></span> <span class='ocrx_word' id='word_1_501' title='bbox 2797 2481 2933 2534; x_wconf 86' lang='lat' dir='ltr'><strong>rupe</strong></span> <span class='ocrx_word' id='word_1_502' title='bbox 2962 2466 3318 2522; x_wconf 82' lang='lat' dir='ltr'><strong>Prometheus</strong></span> 
     </span>
    </p>
   </div>
   <div class='ocr_carea' id='block_1_87' title="bbox 1939 2560 3261 2630">
    <p class='ocr_par' dir='ltr' id='par_1_87' title="bbox 1939 2560 3261 2630">
     <span class='ocr_line' id='line_1_87' title="bbox 1939 2560 3261 2630; baseline -0.002 -14"><span class='ocrx_word' id='word_1_503' title='bbox 1939 2560 2195 2616; x_wconf 89' lang='lat' dir='ltr'><strong>Testatur</strong></span> <span class='ocrx_word' id='word_1_504' title='bbox 2222 2560 2666 2630; x_wconf 87' lang='lat' dir='ltr'><strong>Saturnigenam,</strong></span> <span class='ocrx_word' id='word_1_505' title='bbox 2704 2576 2804 2614; x_wconf 89' lang='lat' dir='ltr'><strong>nec</strong></span> <span class='ocrx_word' id='word_1_506' title='bbox 2827 2561 3047 2615; x_wconf 90' lang='lat' dir='ltr'><strong>nomine</strong></span> <span class='ocrx_word' id='word_1_507' title='bbox 3087 2571 3261 2616; x_wconf 89' lang='lat' dir='ltr'><strong>cessat</strong></span> 
     </span>
    </p>
   </div>
   <div class='ocr_carea' id='block_1_88' title="bbox 1939 2651 3316 2723">
    <p class='ocr_par' dir='ltr' id='par_1_88' title="bbox 1939 2651 3316 2723">
     <span class='ocr_line' id='line_1_88' title="bbox 1939 2651 3316 2723; baseline -0.001 -15"><span class='ocrx_word' id='word_1_508' title='bbox 1939 2651 2199 2708; x_wconf 85' lang='lat' dir='ltr'><strong>lncusare</strong></span> <span class='ocrx_word' id='word_1_509' title='bbox 2225 2651 2440 2718; x_wconf 80' lang='lat' dir='ltr'><strong>Jovem,</strong></span> <span class='ocrx_word' id='word_1_510' title='bbox 2471 2652 2594 2707; x_wconf 90' lang='lat' dir='ltr'><strong>data</strong></span> <span class='ocrx_word' id='word_1_511' title='bbox 2623 2654 2691 2706; x_wconf 81' lang='lat' dir='ltr'><strong>sit</strong></span> <span class='ocrx_word' id='word_1_512' title='bbox 2715 2653 2860 2722; x_wconf 87' lang='lat' dir='ltr'><strong>quod</strong></span> <span class='ocrx_word' id='word_1_513' title='bbox 2894 2654 3001 2707; x_wconf 90' lang='lat' dir='ltr'><strong>vita</strong></span> <span class='ocrx_word' id='word_1_514' title='bbox 3036 2654 3316 2723; x_wconf 86' lang='lat' dir='ltr'><strong>perennis.</strong></span> 
     </span>
    </p>
   </div>
   <div class='ocr_carea' id='block_1_89' title="bbox 1941 2744 3370 2815">
    <p class='ocr_par' dir='ltr' id='par_1_89' title="bbox 1941 2744 3370 2815">
     <span class='ocr_line' id='line_1_89' title="bbox 1941 2744 3370 2815; baseline 0 -15"><span class='ocrx_word' id='word_1_515' title='bbox 1941 2747 2172 2815; x_wconf 79' lang='lat' dir='ltr'><strong>Respice</strong></span> <span class='ocrx_word' id='word_1_516' title='bbox 2203 2755 2257 2801; x_wconf 90' lang='lat' dir='ltr'><strong>et</strong></span> <span class='ocrx_word' id='word_1_517' title='bbox 2280 2745 2343 2798; x_wconf 88' lang='lat' dir='ltr'><strong>ad</strong></span> <span class='ocrx_word' id='word_1_518' title='bbox 2368 2745 2546 2800; x_wconf 90' lang='lat' dir='ltr'><strong>cultus</strong></span> <span class='ocrx_word' id='word_1_519' title='bbox 2573 2745 2758 2810; x_wconf 87' lang='lat' dir='ltr'><strong>animi,</strong></span> <span class='ocrx_word' id='word_1_520' title='bbox 2789 2746 2868 2800; x_wconf 89' lang='lat' dir='ltr'><strong>sic</strong></span> <span class='ocrx_word' id='word_1_521' title='bbox 2890 2761 3088 2815; x_wconf 82' lang='lat' dir='ltr'><strong>nempe</strong></span> <span class='ocrx_word' id='word_1_522' title='bbox 3113 2744 3370 2815; x_wconf 85' lang='lat' dir='ltr'><strong>pudicum</strong></span> 
     </span>
    </p>
   </div>
   <div class='ocr_carea' id='block_1_90' title="bbox 1939 2835 3285 2908">
    <p class='ocr_par' dir='ltr' id='par_1_90' title="bbox 1939 2835 3285 2908">
     <span class='ocr_line' id='line_1_90' title="bbox 1939 2835 3285 2908; baseline -0.001 -18"><span class='ocrx_word' id='word_1_523' title='bbox 1939 2835 2188 2892; x_wconf 85' lang='lat' dir='ltr'><strong>Perdidit</strong></span> <span class='ocrx_word' id='word_1_524' title='bbox 2215 2836 2565 2908; x_wconf 83' lang='lat' dir='ltr'><strong>Hippolytum</strong></span> <span class='ocrx_word' id='word_1_525' title='bbox 2587 2851 2696 2892; x_wconf 89' lang='lat' dir='ltr'><strong>non</strong></span> <span class='ocrx_word' id='word_1_526' title='bbox 2720 2836 2846 2892; x_wconf 81' lang='lat' dir='ltr'><strong>felix</strong></span> <span class='ocrx_word' id='word_1_527' title='bbox 2877 2853 3006 2892; x_wconf 88' lang='lat' dir='ltr'><strong>cura</strong></span> <span class='ocrx_word' id='word_1_528' title='bbox 3036 2837 3285 2908; x_wconf 88' lang='lat' dir='ltr'><strong>pudoris.</strong></span> 
     </span>
    </p>
   </div>
   <div class='ocr_carea' id='block_1_91' title="bbox 1939 2929 3315 2987">
    <p class='ocr_par' dir='ltr' id='par_1_91' title="bbox 1939 2929 3315 2987">
     <span class='ocr_line' id='line_1_91' title="bbox 1939 2929 3315 2987; baseline 0.001 -3"><span class='ocrx_word' id='word_1_529' title='bbox 1939 2929 2010 2984; x_wconf 79' lang='lat' dir='ltr'><strong>At</strong></span> <span class='ocrx_word' id='word_1_530' title='bbox 2039 2941 2227 2985; x_wconf 84' lang='lat' dir='ltr'><strong>contra</strong></span> <span class='ocrx_word' id='word_1_531' title='bbox 2251 2931 2526 2985; x_wconf 88' lang='lat' dir='ltr'><strong>illecebris</strong></span> <span class='ocrx_word' id='word_1_532' title='bbox 2557 2931 2890 2985; x_wconf 89' lang='lat' dir='ltr'><strong>maculosam</strong></span> <span class='ocrx_word' id='word_1_533' title='bbox 2912 2931 3120 2987; x_wconf 90' lang='lat' dir='ltr'><strong>ducere</strong></span> <span class='ocrx_word' id='word_1_534' title='bbox 3152 2932 3315 2986; x_wconf 90' lang='lat' dir='ltr'><strong>vitam</strong></span> 
     </span>
    </p>
   </div>
   <div class='ocr_carea' id='block_1_92' title="bbox 1937 3021 3489 3096">
    <p class='ocr_par' dir='ltr' id='par_1_92' title="bbox 1937 3021 3489 3096">
     <span class='ocr_line' id='line_1_92' title="bbox 1937 3021 3489 3096; baseline 0.003 -21"><span class='ocrx_word' id='word_1_535' title='bbox 1937 3021 2108 3088; x_wconf 83' lang='lat' dir='ltr'><strong>Quem</strong></span> <span class='ocrx_word' id='word_1_536' title='bbox 2127 3022 2296 3092; x_wconf 82' lang='lat' dir='ltr'><strong>juvat,</strong></span> <span class='ocrx_word' id='word_1_537' title='bbox 2334 3023 2522 3092; x_wconf 86' lang='lat' dir='ltr'><strong>aspice</strong></span> <span class='ocrx_word' id='word_1_538' title='bbox 2544 3033 2600 3078; x_wconf 86' lang='lat' dir='ltr'><strong>et</strong></span> <span class='ocrx_word' id='word_1_539' title='bbox 2624 3023 2689 3077; x_wconf 91' lang='lat' dir='ltr'><strong>ad</strong></span> <span class='ocrx_word' id='word_1_540' title='bbox 2716 3037 2922 3093; x_wconf 65' lang='lat' dir='ltr'><strong>poenas,</strong></span> <span class='ocrx_word' id='word_1_541' title='bbox 2955 3034 3008 3077; x_wconf 89' lang='lat' dir='ltr'><strong>et</strong></span> <span class='ocrx_word' id='word_1_542' title='bbox 3031 3024 3258 3078; x_wconf 86' lang='lat' dir='ltr'><strong>crimina</strong></span> <span class='ocrx_word' id='word_1_543' title='bbox 3282 3040 3489 3096; x_wconf 87' lang='lat' dir='ltr'><strong>regum.</strong></span> 
     </span>
    </p>
   </div>
   <div class='ocr_carea' id='block_1_93' title="bbox 1940 3114 3111 3185">
    <p class='ocr_par' dir='ltr' id='par_1_93' title="bbox 1940 3114 3111 3185">
     <span class='ocr_line' id='line_1_93' title="bbox 1940 3114 3111 3185; baseline 0.002 -17"><span class='ocrx_word' id='word_1_544' title='bbox 1940 3114 2144 3185; x_wconf 75' lang='lat' dir='ltr'><strong>Tereos</strong></span> <span class='ocrx_word' id='word_1_545' title='bbox 2177 3114 2391 3181; x_wconf 89' lang='lat' dir='ltr'><strong>incesti,</strong></span> <span class='ocrx_word' id='word_1_546' title='bbox 2425 3115 2509 3168; x_wconf 87' lang='lat' dir='ltr'><strong>vel</strong></span> <span class='ocrx_word' id='word_1_547' title='bbox 2536 3115 2716 3168; x_wconf 92' lang='lat' dir='ltr'><strong>mollis</strong></span> <span class='ocrx_word' id='word_1_548' title='bbox 2735 3114 3111 3185; x_wconf 86' lang='lat' dir='ltr'><strong>Sardanapali.</strong></span> 
     </span>
    </p>
   </div>
   <div class='ocr_carea' id='block_1_94' title="bbox 1862 3176 3252 3275">
    <p class='ocr_par' dir='ltr' id='par_1_94' title="bbox 1862 3176 3252 3275">
     <span class='ocr_line' id='line_1_94' title="bbox 1862 3176 3252 3275; baseline 0.001 -12"><span class='ocrx_word' id='word_1_549' title='bbox 1862 3211 1909 3275; x_wconf 85' lang='lat' dir='ltr'><strong>C</strong></span> <span class='ocrx_word' id='word_1_550' title='bbox 1943 3176 2229 3264; x_wconf 78' lang='lat' dir='ltr'><strong>Perfidiam</strong></span> <span class='ocrx_word' id='word_1_551' title='bbox 2260 3176 2431 3272; x_wconf 80' lang='lat' dir='ltr'><strong>vitare</strong></span> <span class='ocrx_word' id='word_1_552' title='bbox 2459 3217 2685 3264; x_wconf 92' lang='lat' dir='ltr'><strong>monent</strong></span> <span class='ocrx_word' id='word_1_553' title='bbox 2707 3209 2806 3263; x_wconf 84' lang='lat' dir='ltr'><strong>tria</strong></span> <span class='ocrx_word' id='word_1_554' title='bbox 2840 3176 3036 3263; x_wconf 74' lang='lat' dir='ltr'><strong>Punica</strong></span> <span class='ocrx_word' id='word_1_555' title='bbox 3068 3209 3205 3264; x_wconf 87' lang='lat' dir='ltr'><strong>bella</strong></span> <span class='ocrx_word' id='word_1_556' title='bbox 3227 3223 3252 3265; x_wconf 73' lang='grc' dir='ltr'>ς</span> 
     </span>
    </p>
   </div>
   <div class='ocr_carea' id='block_1_95' title="bbox 1939 3302 3299 3374">
    <p class='ocr_par' dir='ltr' id='par_1_95' title="bbox 1939 3302 3299 3374">
     <span class='ocr_line' id='line_1_95' title="bbox 1939 3302 3299 3374; baseline -0.001 -14"><span class='ocrx_word' id='word_1_557' title='bbox 1939 3302 2047 3360; x_wconf 90' lang='lat' dir='ltr'><strong>Sed</strong></span> <span class='ocrx_word' id='word_1_558' title='bbox 2072 3303 2328 3373; x_wconf 89' lang='lat' dir='ltr'><strong>prohibet</strong></span> <span class='ocrx_word' id='word_1_559' title='bbox 2353 3319 2575 3358; x_wconf 86' lang='lat' dir='ltr'><strong>servare</strong></span> <span class='ocrx_word' id='word_1_560' title='bbox 2604 3304 2763 3358; x_wconf 84' lang='lat' dir='ltr'><strong>fidem</strong></span> <span class='ocrx_word' id='word_1_561' title='bbox 2801 3303 2976 3358; x_wconf 88' lang='lat' dir='ltr'><strong>deleta</strong></span> <span class='ocrx_word' id='word_1_562' title='bbox 3011 3304 3299 3374; x_wconf 81' lang='lat' dir='ltr'><strong>Saguntos.</strong></span> 
     </span>
    </p>
   </div>
   <div class='ocr_carea' id='block_1_96' title="bbox 1937 3396 3392 3467">
    <p class='ocr_par' dir='ltr' id='par_1_96' title="bbox 1937 3396 3392 3467">
     <span class='ocr_line' id='line_1_96' title="bbox 1937 3396 3392 3467; baseline 0.003 -15"><span class='ocrx_word' id='word_1_563' title='bbox 1937 3396 2095 3465; x_wconf 87' lang='lat' dir='ltr'><strong>Vive,</strong></span> <span class='ocrx_word' id='word_1_564' title='bbox 2122 3409 2177 3454; x_wconf 93' lang='lat' dir='ltr'><strong>et</strong></span> <span class='ocrx_word' id='word_1_565' title='bbox 2207 3399 2476 3454; x_wconf 90' lang='lat' dir='ltr'><strong>amicitias</strong></span> <span class='ocrx_word' id='word_1_566' title='bbox 2499 3414 2716 3467; x_wconf 84' lang='lat' dir='ltr'><strong>semper</strong></span> <span class='ocrx_word' id='word_1_567' title='bbox 2745 3399 2884 3454; x_wconf 91' lang='lat' dir='ltr'><strong>cole.</strong></span> <span class='ocrx_word' id='word_1_568' title='bbox 2910 3399 3132 3454; x_wconf 90' lang='lat' dir='ltr'><strong>Crimen</strong></span> <span class='ocrx_word' id='word_1_569' title='bbox 3155 3401 3224 3454; x_wconf 91' lang='lat' dir='ltr'><strong>ob</strong></span> <span class='ocrx_word' id='word_1_570' title='bbox 3249 3400 3392 3456; x_wconf 87' lang='lat' dir='ltr'><strong>istud</strong></span> 
     </span>
    </p>
   </div>
   <div class='ocr_carea' id='block_1_97' title="bbox 1938 3491 3344 3564">
    <p class='ocr_par' dir='ltr' id='par_1_97' title="bbox 1938 3491 3344 3564">
     <span class='ocr_line' id='line_1_97' title="bbox 1938 3491 3344 3564; baseline 0.001 -18"><span class='ocrx_word' id='word_1_571' title='bbox 1938 3491 2403 3564; x_wconf 85' lang='lat' dir='ltr'><strong>Pythagoreorum</strong></span> <span class='ocrx_word' id='word_1_572' title='bbox 2429 3493 2590 3562; x_wconf 87' lang='lat' dir='ltr'><strong>periit</strong></span> <span class='ocrx_word' id='word_1_573' title='bbox 2610 3491 2798 3547; x_wconf 87' lang='lat' dir='ltr'><strong>schola</strong></span> <span class='ocrx_word' id='word_1_574' title='bbox 2828 3493 2988 3548; x_wconf 88' lang='lat' dir='ltr'><strong>docta</strong></span> <span class='ocrx_word' id='word_1_575' title='bbox 3018 3493 3344 3564; x_wconf 87' lang='lat' dir='ltr'><strong>sophorum.</strong></span> 
     </span>
    </p>
   </div>
   <div class='ocr_carea' id='block_1_98' title="bbox 1937 3584 3431 3655">
    <p class='ocr_par' dir='ltr' id='par_1_98' title="bbox 1937 3584 3431 3655">
     <span class='ocr_line' id='line_1_98' title="bbox 1937 3584 3431 3655; baseline 0.004 -17"><span class='ocrx_word' id='word_1_576' title='bbox 1937 3584 2052 3640; x_wconf 88' lang='lat' dir='ltr'><strong>Hoc</strong></span> <span class='ocrx_word' id='word_1_577' title='bbox 2079 3597 2328 3642; x_wconf 89' lang='lat' dir='ltr'><strong>metuens</strong></span> <span class='ocrx_word' id='word_1_578' title='bbox 2353 3585 2536 3655; x_wconf 80' lang='lat' dir='ltr'><strong>igitur,</strong></span> <span class='ocrx_word' id='word_1_579' title='bbox 2563 3587 2742 3640; x_wconf 84' lang='lat' dir='ltr'><strong>nullas</strong></span> <span class='ocrx_word' id='word_1_580' title='bbox 2767 3586 2909 3640; x_wconf 88' lang='lat' dir='ltr'><strong>cole.</strong></span> <span class='ocrx_word' id='word_1_581' title='bbox 2935 3586 3158 3642; x_wconf 87' lang='lat' dir='ltr'><strong>Crimen</strong></span> <span class='ocrx_word' id='word_1_582' title='bbox 3191 3588 3262 3642; x_wconf 87' lang='lat' dir='ltr'><strong>ob</strong></span> <span class='ocrx_word' id='word_1_583' title='bbox 3289 3588 3431 3644; x_wconf 86' lang='lat' dir='ltr'><strong>istud</strong></span> 
     </span>
    </p>
   </div>
   <div class='ocr_carea' id='block_1_99' title="bbox 1936 3678 3150 3749">
    <p class='ocr_par' dir='ltr' id='par_1_99' title="bbox 1936 3678 3150 3749">
     <span class='ocr_line' id='line_1_99' title="bbox 1936 3678 3150 3749; baseline 0.003 -17"><span class='ocrx_word' id='word_1_584' title='bbox 1936 3678 2130 3734; x_wconf 86' lang='lat' dir='ltr'><strong>Timon</strong></span> <span class='ocrx_word' id='word_1_585' title='bbox 2151 3679 2410 3734; x_wconf 85' lang='lat' dir='ltr'><strong>Palladiis</strong></span> <span class='ocrx_word' id='word_1_586' title='bbox 2431 3679 2562 3734; x_wconf 92' lang='lat' dir='ltr'><strong>olim</strong></span> <span class='ocrx_word' id='word_1_587' title='bbox 2596 3680 2869 3749; x_wconf 87' lang='lat' dir='ltr'><strong>lapidatus</strong></span> <span class='ocrx_word' id='word_1_588' title='bbox 2895 3680 3150 3736; x_wconf 82' lang='lat' dir='ltr'><strong>Athenis.</strong></span> 
     </span>
    </p>
   </div>
   <div class='ocr_carea' id='block_1_100' title="bbox 1938 3770 3286 3842">
    <p class='ocr_par' dir='ltr' id='par_1_100' title="bbox 1938 3770 3286 3842">
     <span class='ocr_line' id='line_1_100' title="bbox 1938 3770 3286 3842; baseline 0.004 -18"><span class='ocrx_word' id='word_1_589' title='bbox 1938 3770 2175 3827; x_wconf 89' lang='lat' dir='ltr'><strong>Dissidet</strong></span> <span class='ocrx_word' id='word_1_590' title='bbox 2205 3771 2476 3841; x_wconf 87' lang='lat' dir='ltr'><strong>ambiguis</strong></span> <span class='ocrx_word' id='word_1_591' title='bbox 2497 3787 2716 3842; x_wconf 89' lang='lat' dir='ltr'><strong>semper</strong></span> <span class='ocrx_word' id='word_1_592' title='bbox 2743 3788 2897 3828; x_wconf 91' lang='lat' dir='ltr'><strong>mens</strong></span> <span class='ocrx_word' id='word_1_593' title='bbox 2929 3775 3088 3830; x_wconf 81' lang='lat' dir='ltr'><strong>obvia</strong></span> <span class='ocrx_word' id='word_1_594' title='bbox 3124 3777 3286 3841; x_wconf 83' lang='lat' dir='ltr'><strong>votis,</strong></span> 
     </span>
    </p>
   </div>
   <div class='ocr_carea' id='block_1_101' title="bbox 1935 3861 3344 3932">
    <p class='ocr_par' dir='ltr' id='par_1_101' title="bbox 1935 3861 3344 3932">
     <span class='ocr_line' id='line_1_101' title="bbox 1935 3861 3344 3932; baseline 0.002 -16"><span class='ocrx_word' id='word_1_595' title='bbox 1935 3861 2048 3917; x_wconf 87' lang='lat' dir='ltr'><strong>Nec</strong></span> <span class='ocrx_word' id='word_1_596' title='bbox 2086 3861 2329 3917; x_wconf 89' lang='lat' dir='ltr'><strong>voluisse</strong></span> <span class='ocrx_word' id='word_1_597' title='bbox 2358 3862 2565 3916; x_wconf 89' lang='lat' dir='ltr'><strong>homini</strong></span> <span class='ocrx_word' id='word_1_598' title='bbox 2587 3862 2721 3916; x_wconf 85' lang='lat' dir='ltr'><strong>satis</strong></span> <span class='ocrx_word' id='word_1_599' title='bbox 2743 3874 2846 3916; x_wconf 90' lang='lat' dir='ltr'><strong>est.</strong></span> <span class='ocrx_word' id='word_1_600' title='bbox 2879 3863 3073 3932; x_wconf 85' lang='lat' dir='ltr'><strong>Optata</strong></span> <span class='ocrx_word' id='word_1_601' title='bbox 3106 3876 3344 3920; x_wconf 86' lang='lat' dir='ltr'><strong>recusat.</strong></span> 
     </span>
    </p>
   </div>
   <div class='ocr_carea' id='block_1_102' title="bbox 1935 3953 3426 4023">
    <p class='ocr_par' dir='ltr' id='par_1_102' title="bbox 1935 3953 3426 4023">
     <span class='ocr_line' id='line_1_102' title="bbox 1935 3953 3426 4023; baseline 0.003 -14"><span class='ocrx_word' id='word_1_602' title='bbox 1935 3953 2070 4010; x_wconf 86' lang='lat' dir='ltr'><strong>Esse</strong></span> <span class='ocrx_word' id='word_1_603' title='bbox 2099 3954 2150 4008; x_wconf 92' lang='lat' dir='ltr'><strong>in</strong></span> <span class='ocrx_word' id='word_1_604' title='bbox 2186 3953 2394 4008; x_wconf 91' lang='lat' dir='ltr'><strong>honore</strong></span> <span class='ocrx_word' id='word_1_605' title='bbox 2422 3954 2619 4023; x_wconf 73' lang='lat' dir='ltr'><strong>placet,</strong></span> <span class='ocrx_word' id='word_1_606' title='bbox 2645 3968 2765 4007; x_wconf 83' lang='lat' dir='ltr'><strong>mox</strong></span> <span class='ocrx_word' id='word_1_607' title='bbox 2798 3956 3060 4022; x_wconf 68' lang='lat' dir='ltr'><strong>paenitet,</strong></span> <span class='ocrx_word' id='word_1_608' title='bbox 3081 3965 3136 4010; x_wconf 92' lang='lat' dir='ltr'><strong>et</strong></span> <span class='ocrx_word' id='word_1_609' title='bbox 3157 3955 3426 4013; x_wconf 89' lang='lat' dir='ltr'><strong>dominari</strong></span> 
     </span>
    </p>
   </div>
   <div class='ocr_carea' id='block_1_103' title="bbox 1937 4044 3317 4118">
    <p class='ocr_par' dir='ltr' id='par_1_103' title="bbox 1937 4044 3317 4118">
     <span class='ocr_line' id='line_1_103' title="bbox 1937 4044 3317 4118; baseline 0.001 -15"><span class='ocrx_word' id='word_1_610' title='bbox 1937 4045 2009 4103; x_wconf 90' lang='lat' dir='ltr'><strong>Ut</strong></span> <span class='ocrx_word' id='word_1_611' title='bbox 2035 4046 2228 4118; x_wconf 87' lang='lat' dir='ltr'><strong>possit,</strong></span> <span class='ocrx_word' id='word_1_612' title='bbox 2261 4047 2470 4102; x_wconf 84' lang='lat' dir='ltr'><strong>servire</strong></span> <span class='ocrx_word' id='word_1_613' title='bbox 2504 4045 2671 4100; x_wconf 82' lang='lat' dir='ltr'><strong>volet.</strong></span> <span class='ocrx_word' id='word_1_614' title='bbox 2693 4044 2839 4100; x_wconf 87' lang='lat' dir='ltr'><strong>Idem</strong></span> <span class='ocrx_word' id='word_1_615' title='bbox 2872 4055 3061 4102; x_wconf 89' lang='lat' dir='ltr'><strong>auctus</strong></span> <span class='ocrx_word' id='word_1_616' title='bbox 3088 4047 3317 4116; x_wconf 89' lang='lat' dir='ltr'><strong>honore,</strong></span> 
     </span>
    </p>
   </div>
   <div class='ocr_carea' id='block_1_104' title="bbox 1937 4141 3262 4212">
    <p class='ocr_par' dir='ltr' id='par_1_104' title="bbox 1937 4141 3262 4212">
     <span class='ocr_line' id='line_1_104' title="bbox 1937 4141 3262 4212; baseline 0 -15"><span class='ocrx_word' id='word_1_617' title='bbox 1937 4141 2158 4197; x_wconf 66' lang='lat' dir='ltr'><strong>Invidiae</strong></span> <span class='ocrx_word' id='word_1_618' title='bbox 2179 4141 2429 4212; x_wconf 86' lang='lat' dir='ltr'><strong>objicitur</strong></span> <span class='ocrx_word' id='word_1_619' title='bbox 2461 4160 2472 4194; x_wconf 92' lang='lat'>:</span> <span class='ocrx_word' id='word_1_620' title='bbox 2507 4156 2710 4209; x_wconf 83' lang='lat' dir='ltr'><strong>pernox</strong></span> <span class='ocrx_word' id='word_1_621' title='bbox 2743 4151 2825 4195; x_wconf 89' lang='lat' dir='ltr'><strong>est</strong></span> <span class='ocrx_word' id='word_1_622' title='bbox 2847 4155 2976 4196; x_wconf 86' lang='lat' dir='ltr'><strong>cura</strong></span> <span class='ocrx_word' id='word_1_623' title='bbox 3007 4142 3262 4207; x_wconf 89' lang='lat' dir='ltr'><strong>disertis;</strong></span> 
     </span>
    </p>
   </div>
   <div class='ocr_carea' id='block_1_105' title="bbox 1935 4235 3286 4305">
    <p class='ocr_par' dir='ltr' id='par_1_105' title="bbox 1935 4235 3286 4305">
     <span class='ocr_line' id='line_1_105' title="bbox 1935 4235 3286 4305; baseline -0.001 -13"><span class='ocrx_word' id='word_1_624' title='bbox 1935 4236 2044 4293; x_wconf 88' lang='lat' dir='ltr'><strong>Sed</strong></span> <span class='ocrx_word' id='word_1_625' title='bbox 2071 4235 2222 4292; x_wconf 89' lang='lat' dir='ltr'><strong>rudis</strong></span> <span class='ocrx_word' id='word_1_626' title='bbox 2249 4247 2442 4290; x_wconf 88' lang='lat' dir='ltr'><strong>ornatu</strong></span> <span class='ocrx_word' id='word_1_627' title='bbox 2474 4235 2599 4290; x_wconf 71' lang='lat' dir='ltr'><strong>vita:</strong></span> <span class='ocrx_word' id='word_1_628' title='bbox 2627 4244 2801 4290; x_wconf 90' lang='lat' dir='ltr'><strong>caret.</strong></span> <span class='ocrx_word' id='word_1_629' title='bbox 2847 4235 2979 4290; x_wconf 85' lang='lat' dir='ltr'><strong>Esto</strong></span> <span class='ocrx_word' id='word_1_630' title='bbox 3006 4244 3286 4305; x_wconf 86' lang='lat' dir='ltr'><strong>patronus,</strong></span> 
     </span>
    </p>
   </div>
   <div class='ocr_carea' id='block_1_106' title="bbox 1937 4327 3212 4398">
    <p class='ocr_par' dir='ltr' id='par_1_106' title="bbox 1937 4327 3212 4398">
     <span class='ocr_line' id='line_1_106' title="bbox 1937 4327 3212 4398; baseline -0.004 -12"><span class='ocrx_word' id='word_1_631' title='bbox 1937 4330 2006 4386; x_wconf 88' lang='lat' dir='ltr'><strong>Et</strong></span> <span class='ocrx_word' id='word_1_632' title='bbox 2027 4329 2260 4386; x_wconf 88' lang='lat' dir='ltr'><strong>defende</strong></span> <span class='ocrx_word' id='word_1_633' title='bbox 2291 4344 2414 4384; x_wconf 87' lang='lat' dir='ltr'><strong>reos</strong></span> <span class='ocrx_word' id='word_1_634' title='bbox 2443 4345 2457 4382; x_wconf 88' lang='lat'><strong>:</strong></span> <span class='ocrx_word' id='word_1_635' title='bbox 2489 4328 2586 4383; x_wconf 86' lang='lat' dir='ltr'><strong>sed</strong></span> <span class='ocrx_word' id='word_1_636' title='bbox 2618 4328 2787 4398; x_wconf 87' lang='lat' dir='ltr'><strong>gratia</strong></span> <span class='ocrx_word' id='word_1_637' title='bbox 2822 4343 2945 4382; x_wconf 90' lang='lat' dir='ltr'><strong>rara</strong></span> <span class='ocrx_word' id='word_1_638' title='bbox 2974 4327 3212 4383; x_wconf 89' lang='lat' dir='ltr'><strong>clientis.</strong></span> 
     </span>
    </p>
   </div>
   <div class='ocr_carea' id='block_1_107' title="bbox 1938 4420 3288 4494">
    <p class='ocr_par' dir='ltr' id='par_1_107' title="bbox 1938 4420 3288 4494">
     <span class='ocr_line' id='line_1_107' title="bbox 1938 4420 3288 4494; baseline -0.004 -15"><span class='ocrx_word' id='word_1_639' title='bbox 1938 4424 2073 4480; x_wconf 89' lang='lat' dir='ltr'><strong>Esto</strong></span> <span class='ocrx_word' id='word_1_640' title='bbox 2101 4424 2306 4478; x_wconf 88' lang='lat' dir='ltr'><strong>cliens:</strong></span> <span class='ocrx_word' id='word_1_641' title='bbox 2337 4422 2515 4494; x_wconf 84' lang='lat' dir='ltr'><strong>gravis</strong></span> <span class='ocrx_word' id='word_1_642' title='bbox 2546 4420 2759 4490; x_wconf 84' lang='lat' dir='ltr'><strong>imperii</strong></span> <span class='ocrx_word' id='word_1_643' title='bbox 2785 4435 3016 4490; x_wconf 86' lang='lat' dir='ltr'><strong>persona</strong></span> <span class='ocrx_word' id='word_1_644' title='bbox 3053 4422 3288 4490; x_wconf 89' lang='lat' dir='ltr'><strong>patroni.</strong></span> 
     </span>
    </p>
   </div>
   <div class='ocr_carea' id='block_1_108' title="bbox 1942 4513 3367 4584">
    <p class='ocr_par' dir='ltr' id='par_1_108' title="bbox 1942 4513 3367 4584">
     <span class='ocr_line' id='line_1_108' title="bbox 1942 4513 3367 4584; baseline -0.002 -12"><span class='ocrx_word' id='word_1_645' title='bbox 1942 4517 2211 4572; x_wconf 82' lang='lat' dir='ltr'><strong>Exercent</strong></span> <span class='ocrx_word' id='word_1_646' title='bbox 2235 4514 2382 4570; x_wconf 93' lang='lat' dir='ltr'><strong>hunc</strong></span> <span class='ocrx_word' id='word_1_647' title='bbox 2413 4523 2537 4569; x_wconf 82' lang='lat' dir='ltr'><strong>vota</strong></span> <span class='ocrx_word' id='word_1_648' title='bbox 2571 4523 2804 4584; x_wconf 85' lang='lat' dir='ltr'><strong>patrum.</strong></span> <span class='ocrx_word' id='word_1_649' title='bbox 2843 4513 2962 4567; x_wconf 86' lang='lat' dir='ltr'><strong>ll-lox</strong></span> <span class='ocrx_word' id='word_1_650' title='bbox 2985 4526 3178 4583; x_wconf 88' lang='lat' dir='ltr'><strong>aspera</strong></span> <span class='ocrx_word' id='word_1_651' title='bbox 3212 4514 3367 4569; x_wconf 41' lang='lat' dir='ltr'><strong>curis!</strong></span> 
     </span>
    </p>
   </div>
   <div class='ocr_carea' id='block_1_109' title="bbox 1861 4607 3342 4675">
    <p class='ocr_par' dir='ltr' id='par_1_109' title="bbox 1861 4607 3342 4675">
     <span class='ocr_line' id='line_1_109' title="bbox 1861 4607 3342 4675; baseline -0.002 -8"><span class='ocrx_word' id='word_1_652' title='bbox 1861 4611 1916 4672; x_wconf 91' lang='lat' dir='ltr'><strong>D</strong></span> <span class='ocrx_word' id='word_1_653' title='bbox 1941 4609 2268 4668; x_wconf 88' lang='lat' dir='ltr'><strong>Sollicitudo</strong></span> <span class='ocrx_word' id='word_1_654' title='bbox 2299 4608 2468 4664; x_wconf 89' lang='lat' dir='ltr'><strong>subit.</strong></span> <span class='ocrx_word' id='word_1_655' title='bbox 2496 4607 2883 4662; x_wconf 88' lang='lat' dir='ltr'><strong>Contemnitur</strong></span> <span class='ocrx_word' id='word_1_656' title='bbox 2910 4609 3043 4662; x_wconf 87' lang='lat' dir='ltr'><strong>orba</strong></span> <span class='ocrx_word' id='word_1_657' title='bbox 3066 4617 3342 4675; x_wconf 87' lang='lat' dir='ltr'><strong>senectus,</strong></span> 
     </span>
    </p>
   </div>
   <div class='ocr_carea' id='block_1_110' title="bbox 1943 4698 3178 4772">
    <p class='ocr_par' dir='ltr' id='par_1_110' title="bbox 1943 4698 3178 4772">
     <span class='ocr_line' id='line_1_110' title="bbox 1943 4698 3178 4772; baseline -0.004 -14"><span class='ocrx_word' id='word_1_658' title='bbox 1943 4703 2012 4758; x_wconf 87' lang='lat' dir='ltr'><strong>Et</strong></span> <span class='ocrx_word' id='word_1_659' title='bbox 2036 4701 2331 4772; x_wconf 87' lang='lat' dir='ltr'><strong>captatoris</strong></span> <span class='ocrx_word' id='word_1_660' title='bbox 2365 4700 2546 4770; x_wconf 66' lang='lat' dir='ltr'><strong>praeda</strong></span> <span class='ocrx_word' id='word_1_661' title='bbox 2579 4709 2664 4756; x_wconf 91' lang='lat' dir='ltr'><strong>est</strong></span> <span class='ocrx_word' id='word_1_662' title='bbox 2695 4698 2927 4755; x_wconf 65' lang='lat' dir='ltr'><strong>haeredis</strong></span> <span class='ocrx_word' id='word_1_663' title='bbox 2957 4715 3178 4771; x_wconf 61' lang='lat' dir='ltr'><strong>egenus.</strong></span> 
     </span>
    </p>
   </div>
   <div class='ocr_carea' id='block_1_111' title="bbox 1944 4792 3254 4866">
    <p class='ocr_par' dir='ltr' id='par_1_111' title="bbox 1944 4792 3254 4866">
     <span class='ocr_line' id='line_1_111' title="bbox 1944 4792 3254 4866; baseline -0.002 -16"><span class='ocrx_word' id='word_1_664' title='bbox 1944 4795 2122 4850; x_wconf 88' lang='lat' dir='ltr'><strong>Vitam</strong></span> <span class='ocrx_word' id='word_1_665' title='bbox 2155 4809 2350 4866; x_wconf 91' lang='lat' dir='ltr'><strong>parcus</strong></span> <span class='ocrx_word' id='word_1_666' title='bbox 2383 4809 2546 4865; x_wconf 84' lang='lat' dir='ltr'><strong>agas:</strong></span> <span class='ocrx_word' id='word_1_667' title='bbox 2580 4792 2720 4848; x_wconf 84' lang='lat' dir='ltr'><strong>avidi</strong></span> <span class='ocrx_word' id='word_1_668' title='bbox 2753 4794 3062 4850; x_wconf 84' lang='lat' dir='ltr'><strong>lacerabere</strong></span> <span class='ocrx_word' id='word_1_669' title='bbox 3093 4795 3254 4850; x_wconf 86' lang='lat' dir='ltr'><strong>fama.</strong></span> 
     </span>
    </p>
   </div>
   <div class='ocr_carea' id='block_1_112' title="bbox 1943 4887 3100 4960">
    <p class='ocr_par' dir='ltr' id='par_1_112' title="bbox 1943 4887 3100 4960">
     <span class='ocr_line' id='line_1_112' title="bbox 1943 4887 3100 4960; baseline -0.001 -15"><span class='ocrx_word' id='word_1_670' title='bbox 1943 4891 2012 4946; x_wconf 85' lang='lat' dir='ltr'><strong>At</strong></span> <span class='ocrx_word' id='word_1_671' title='bbox 2035 4889 2344 4960; x_wconf 89' lang='lat' dir='ltr'><strong>largitorem</strong></span> <span class='ocrx_word' id='word_1_672' title='bbox 2371 4887 2590 4959; x_wconf 86' lang='lat' dir='ltr'><strong>gravius</strong></span> <span class='ocrx_word' id='word_1_673' title='bbox 2612 4901 2840 4942; x_wconf 87' lang='lat' dir='ltr'><strong>censura</strong></span> <span class='ocrx_word' id='word_1_674' title='bbox 2871 4888 3100 4944; x_wconf 87' lang='lat' dir='ltr'><strong>notabit.</strong></span> 
     </span>
    </p>
   </div>
   <div class='ocr_carea' id='block_1_113' title="bbox 1942 4979 3277 5051">
    <p class='ocr_par' dir='ltr' id='par_1_113' title="bbox 1942 4979 3277 5051">
     <span class='ocr_line' id='line_1_113' title="bbox 1942 4979 3277 5051; baseline -0.001 -14"><span class='ocrx_word' id='word_1_675' title='bbox 1942 4980 2147 5037; x_wconf 88' lang='lat' dir='ltr'><strong>Cuncta</strong></span> <span class='ocrx_word' id='word_1_676' title='bbox 2177 4981 2280 5036; x_wconf 88' lang='lat' dir='ltr'><strong>sibi</strong></span> <span class='ocrx_word' id='word_1_677' title='bbox 2303 4979 2546 5036; x_wconf 89' lang='lat' dir='ltr'><strong>adversis</strong></span> <span class='ocrx_word' id='word_1_678' title='bbox 2569 4981 2842 5034; x_wconf 85' lang='lat' dir='ltr'><strong>contraria</strong></span> <span class='ocrx_word' id='word_1_679' title='bbox 2868 4979 3101 5036; x_wconf 88' lang='lat' dir='ltr'><strong>casibus.</strong></span> <span class='ocrx_word' id='word_1_680' title='bbox 3136 4981 3277 5051; x_wconf 83' lang='lat' dir='ltr'><strong>Ergo</strong></span> 
     </span>
    </p>
   </div>
   <div class='ocr_carea' id='block_1_114' title="bbox 1945 5073 3451 5146">
    <p class='ocr_par' dir='ltr' id='par_1_114' title="bbox 1945 5073 3451 5146">
     <span class='ocr_line' id='line_1_114' title="bbox 1945 5073 3451 5146; baseline -0.001 -16"><span class='ocrx_word' id='word_1_681' title='bbox 1945 5073 2158 5144; x_wconf 88' lang='lat' dir='ltr'><strong>Optima</strong></span> <span class='ocrx_word' id='word_1_682' title='bbox 2189 5075 2475 5130; x_wconf 86' lang='lat' dir='ltr'><strong>Graiorum</strong></span> <span class='ocrx_word' id='word_1_683' title='bbox 2505 5074 2777 5130; x_wconf 85' lang='lat' dir='ltr'><strong>sententia</strong></span> <span class='ocrx_word' id='word_1_684' title='bbox 2806 5092 2818 5128; x_wconf 86' lang='lat'><strong>:</strong></span> <span class='ocrx_word' id='word_1_685' title='bbox 2852 5075 3052 5146; x_wconf 86' lang='lat' dir='ltr'><strong>quippe</strong></span> <span class='ocrx_word' id='word_1_686' title='bbox 3073 5073 3277 5128; x_wconf 82' lang='lat' dir='ltr'><strong>homini</strong></span> <span class='ocrx_word' id='word_1_687' title='bbox 3303 5075 3451 5130; x_wconf 88' lang='lat' dir='ltr'><strong>aiunt</strong></span> 
     </span>
    </p>
   </div>
   <div class='ocr_carea' id='block_1_115' title="bbox 1940 5167 3541 5237">
    <p class='ocr_par' dir='ltr' id='par_1_115' title="bbox 1940 5167 3541 5237">
     <span class='ocr_line' id='line_1_115' title="bbox 1940 5167 3541 5237; baseline -0.002 -13"><span class='ocrx_word' id='word_1_688' title='bbox 1940 5168 2057 5226; x_wconf 84' lang='lat' dir='ltr'><strong>Non</strong></span> <span class='ocrx_word' id='word_1_689' title='bbox 2080 5168 2224 5224; x_wconf 90' lang='lat' dir='ltr'><strong>nasci</strong></span> <span class='ocrx_word' id='word_1_690' title='bbox 2255 5183 2378 5225; x_wconf 88' lang='lat' dir='ltr'><strong>esse</strong></span> <span class='ocrx_word' id='word_1_691' title='bbox 2405 5167 2634 5232; x_wconf 90' lang='lat' dir='ltr'><strong>bonum,</strong></span> <span class='ocrx_word' id='word_1_692' title='bbox 2670 5177 2855 5222; x_wconf 91' lang='lat' dir='ltr'><strong>natum</strong></span> <span class='ocrx_word' id='word_1_693' title='bbox 2886 5177 2978 5221; x_wconf 89' lang='lat' dir='ltr'><strong>aut</strong></span> <span class='ocrx_word' id='word_1_694' title='bbox 3002 5167 3110 5222; x_wconf 93' lang='lat' dir='ltr'><strong>cito</strong></span> <span class='ocrx_word' id='word_1_695' title='bbox 3155 5175 3330 5222; x_wconf 90' lang='lat' dir='ltr'><strong>morte</strong></span> <span class='ocrx_word' id='word_1_696' title='bbox 3357 5167 3541 5237; x_wconf 90' lang='lat' dir='ltr'><strong>p0tiri.</strong></span> 
     </span>
    </p>
   </div>
   <div class='ocr_carea' id='block_1_116' title="bbox 2477 5280 3002 5353">
    <p class='ocr_par' dir='ltr' id='par_1_116' title="bbox 2477 5280 3002 5353">
     <span class='ocr_line' id='line_1_116' title="bbox 2477 5280 3002 5353; baseline -0.008 -16"><span class='ocrx_word' id='word_1_697' title='bbox 2477 5281 2829 5353; x_wconf 60' lang='lat' dir='ltr'><strong>germen</strong></span> <span class='ocrx_word' id='word_1_698' title='bbox 2860 5280 3002 5335; x_wconf 82' lang='lat' dir='ltr'><strong>xw.</strong></span> 
     </span>
    </p>
   </div>
   <div class='ocr_carea' id='block_1_117' title="bbox 2221 5375 3280 5451">
    <p class='ocr_par' dir='ltr' id='par_1_117' title="bbox 2221 5375 3280 5451">
     <span class='ocr_line' id='line_1_117' title="bbox 2221 5375 3280 5451; baseline -0.003 -19"><span class='ocrx_word' id='word_1_699' title='bbox 2221 5378 2300 5434; x_wconf 85' lang='lat' dir='ltr'><strong>De</strong></span> <span class='ocrx_word' id='word_1_700' title='bbox 2330 5379 2438 5433; x_wconf 78' lang='lat' dir='ltr'><strong>viro</strong></span> <span class='ocrx_word' id='word_1_701' title='bbox 2476 5379 2629 5432; x_wconf 78' lang='lat' dir='ltr'><strong>bona.</strong></span> <span class='ocrx_word' id='word_1_702' title='bbox 2665 5380 2976 5448; x_wconf 72' lang='lat' dir='ltr'><strong>Ilancyoptxri</strong></span> <span class='ocrx_word' id='word_1_703' title='bbox 3018 5375 3280 5451; x_wconf 79' lang='grc' dir='ltr'><strong>ἀκρόασις.</strong></span> 
     </span>
    </p>
   </div>
   <div class='ocr_carea' id='block_1_118' title="bbox 1946 5468 3456 5544">
    <p class='ocr_par' dir='ltr' id='par_1_118' title="bbox 1946 5468 3456 5544">
     <span class='ocr_line' id='line_1_118' title="bbox 1946 5468 3456 5544; baseline -0.001 -20"><span class='ocrx_word' id='word_1_704' title='bbox 1946 5472 2042 5528; x_wconf 91' lang='lat' dir='ltr'><strong>Vir</strong></span> <span class='ocrx_word' id='word_1_705' title='bbox 2070 5472 2268 5540; x_wconf 90' lang='lat' dir='ltr'><strong>bonus,</strong></span> <span class='ocrx_word' id='word_1_706' title='bbox 2305 5484 2358 5530; x_wconf 91' lang='lat' dir='ltr'><strong>et</strong></span> <span class='ocrx_word' id='word_1_707' title='bbox 2383 5473 2625 5544; x_wconf 88' lang='lat' dir='ltr'><strong>sapiens,</strong></span> <span class='ocrx_word' id='word_1_708' title='bbox 2656 5469 2871 5539; x_wconf 89' lang='lat' dir='ltr'><strong>qualem</strong></span> <span class='ocrx_word' id='word_1_709' title='bbox 2900 5469 2988 5522; x_wconf 85' lang='lat' dir='ltr'><strong>vix</strong></span> <span class='ocrx_word' id='word_1_710' title='bbox 3016 5468 3262 5538; x_wconf 88' lang='lat' dir='ltr'><strong>repperit</strong></span> <span class='ocrx_word' id='word_1_711' title='bbox 3290 5483 3456 5522; x_wconf 89' lang='lat' dir='ltr'><strong>unum</strong></span> 
     </span>
    </p>
   </div>
   <div class='ocr_carea' id='block_1_119' title="bbox 1945 5559 3342 5628">
    <p class='ocr_par' dir='ltr' id='par_1_119' title="bbox 1945 5559 3342 5628">
     <span class='ocr_line' id='line_1_119' title="bbox 1945 5559 3342 5628; baseline -0.004 -8"><span class='ocrx_word' id='word_1_712' title='bbox 1945 5565 2184 5620; x_wconf 84' lang='lat' dir='ltr'><strong>Millibus</strong></span> <span class='ocrx_word' id='word_1_713' title='bbox 2214 5580 2244 5621; x_wconf 93' lang='lat' dir='ltr'><strong>e</strong></span> <span class='ocrx_word' id='word_1_714' title='bbox 2267 5566 2458 5621; x_wconf 87' lang='lat' dir='ltr'><strong>multis</strong></span> <span class='ocrx_word' id='word_1_715' title='bbox 2481 5563 2765 5618; x_wconf 88' lang='lat' dir='ltr'><strong>hominum</strong></span> <span class='ocrx_word' id='word_1_716' title='bbox 2797 5560 3083 5615; x_wconf 91' lang='lat' dir='ltr'><strong>consultus</strong></span> <span class='ocrx_word' id='word_1_717' title='bbox 3111 5559 3342 5628; x_wconf 86' lang='lat' dir='ltr'><strong>Apollo,</strong></span> 
     </span>
    </p>
   </div>
   <div class='ocr_carea' id='block_1_120' title="bbox 1947 5651 3333 5728">
    <p class='ocr_par' dir='ltr' id='par_1_120' title="bbox 1947 5651 3333 5728">
     <span class='ocr_line' id='line_1_120' title="bbox 1947 5651 3333 5728; baseline -0.006 -13"><span class='ocrx_word' id='word_1_718' title='bbox 1947 5657 2121 5715; x_wconf 75' lang='lat' dir='ltr'><strong>Judex</strong></span> <span class='ocrx_word' id='word_1_719' title='bbox 2148 5657 2266 5728; x_wconf 81' lang='lat' dir='ltr'><strong>ipse</strong></span> <span class='ocrx_word' id='word_1_720' title='bbox 2295 5659 2400 5724; x_wconf 90' lang='lat' dir='ltr'><strong>sui,</strong></span> <span class='ocrx_word' id='word_1_721' title='bbox 2435 5666 2606 5712; x_wconf 90' lang='lat' dir='ltr'><strong>totum</strong></span> <span class='ocrx_word' id='word_1_722' title='bbox 2629 5670 2687 5708; x_wconf 89' lang='lat' dir='ltr'><strong>se</strong></span> <span class='ocrx_word' id='word_1_723' title='bbox 2710 5651 2959 5720; x_wconf 82' lang='lat' dir='ltr'><strong>explorat</strong></span> <span class='ocrx_word' id='word_1_724' title='bbox 2987 5654 3054 5708; x_wconf 90' lang='lat' dir='ltr'><strong>ad</strong></span> <span class='ocrx_word' id='word_1_725' title='bbox 3078 5667 3333 5721; x_wconf 85' lang='lat' dir='ltr'><strong>unguem.</strong></span> 
     </span>
    </p>
   </div>
   <div class='ocr_carea' id='block_1_121' title="bbox 1949 5744 3410 5821">
    <p class='ocr_par' dir='ltr' id='par_1_121' title="bbox 1949 5744 3410 5821">
     <span class='ocr_line' id='line_1_121' title="bbox 1949 5744 3410 5821; baseline -0.008 -16"><span class='ocrx_word' id='word_1_726' title='bbox 1949 5750 2090 5821; x_wconf 86' lang='lat' dir='ltr'><strong>Quid</strong></span> <span class='ocrx_word' id='word_1_727' title='bbox 2122 5766 2404 5819; x_wconf 89' lang='lat' dir='ltr'><strong>proceres,</strong></span> <span class='ocrx_word' id='word_1_728' title='bbox 2439 5748 2673 5817; x_wconf 87' lang='lat' dir='ltr'><strong>vanique</strong></span> <span class='ocrx_word' id='word_1_729' title='bbox 2705 5744 2845 5798; x_wconf 89' lang='lat' dir='ltr'><strong>ferat</strong></span> <span class='ocrx_word' id='word_1_730' title='bbox 2868 5745 2998 5816; x_wconf 88' lang='lat' dir='ltr'><strong>quid</strong></span> <span class='ocrx_word' id='word_1_731' title='bbox 3024 5745 3208 5816; x_wconf 91' lang='lat' dir='ltr'><strong>opinio</strong></span> <span class='ocrx_word' id='word_1_732' title='bbox 3237 5745 3410 5817; x_wconf 75' lang='lat' dir='ltr'><strong>vulgi,</strong></span> 
     </span>
    </p>
   </div>
   <div class='ocr_carea' id='block_1_122' title="bbox 1953 5837 3556 5914">
    <p class='ocr_par' dir='ltr' id='par_1_122' title="bbox 1953 5837 3556 5914">
     <span class='ocr_line' id='line_1_122' title="bbox 1953 5837 3556 5914; baseline -0.003 -12"><span class='ocrx_word' id='word_1_733' title='bbox 1953 5843 2222 5914; x_wconf 80' lang='lat' dir='ltr'><strong>Securus,</strong></span> <span class='ocrx_word' id='word_1_734' title='bbox 2249 5843 2437 5902; x_wconf 89' lang='lat' dir='ltr'><strong>mundi</strong></span> <span class='ocrx_word' id='word_1_735' title='bbox 2459 5842 2630 5898; x_wconf 88' lang='lat' dir='ltr'><strong>instar</strong></span> <span class='ocrx_word' id='word_1_736' title='bbox 2643 5837 2873 5905; x_wconf 78' lang='lat' dir='ltr'><strong>habens,</strong></span> <span class='ocrx_word' id='word_1_737' title='bbox 2900 5848 3065 5907; x_wconf 90' lang='lat' dir='ltr'><strong>teres,</strong></span> <span class='ocrx_word' id='word_1_738' title='bbox 3083 5847 3240 5911; x_wconf 88' lang='lat' dir='ltr'><strong>atquc</strong></span> <span class='ocrx_word' id='word_1_739' title='bbox 3263 5840 3556 5898; x_wconf 84' lang='lat' dir='ltr'><strong>rotundus:</strong></span> 
     </span>
    </p>
   </div>
  </div>
