4072 6306
605 307 708 375 οη
1998 289 2177 360 που

2298 286 2491 358 ΙΒΟΝΙΙ
3772 290 3858 362 θη

604 424 710 484 ﬂio
741 438 911 484 versus
941 421 1053 480 sine
1088 427 1300 474 auctore
1337 426 1429 473 est.
1458 414 1598 483 Quid
1628 425 1828 489 quoque
1859 411 1942 471 die
1979 409 2114 470 demi
2140 408 2202 467 de
2225 406 2282 474 Α
2303 408 2646 469 Concludens
2673 418 2956 464 numerum
2989 404 3224 478 genialia
3253 406 3391 462 festa
3421 405 3706 468 December

1105 497 1121 557 ι
1161 505 1375 560 corpore
1404 494 1654 558 oporteat.

608 607 829 680 Ungues
875 605 1162 672 Mercurio,
1207 602 1431 658 barbam
1465 599 1630 669 Jove,
1661 597 1896 672 Cypride
1923 596 2127 654 crines.

1095 718 1212 791 Hoc
1241 721 1316 776 sic
1346 717 1705 789 refellendum.

607 836 906 894 Mercurius
930 835 1056 892 furti
1090 835 1285 907 probat
1311 849 1519 906 ungues
1559 849 1779 906 semper
1808 841 2018 900 acutos,

681 929 1048 1002 Articulisque
1070 929 1240 986 aciem
1271 943 1380 984 non
1409 927 1537 984 sinit
1565 925 1832 983 imminui.

604 1023 778 1079 Barba
809 1022 952 1089 Jovi,
982 1022 1162 1078 crines
1201 1022 1397 1077 Veneri
1429 1019 1596 1076 decor
1625 1038 1636 1074 :
1679 1033 1808 1091 ergo
1837 1029 2060 1073 necesse
2089 1021 2192 1084 est,

679 1117 749 1175 Ut
775 1117 950 1174 nolint
977 1115 1144 1184 demi,
1176 1130 1284 1187 quo
1307 1115 1410 1170 sibi
1439 1123 1668 1184 uterque
1689 1113 1883 1183 placet.

604 1210 817 1265 Mavors
843 1207 1136 1272 imberbes,
1170 1215 1224 1262 et
1246 1206 1433 1261 calvos
1461 1205 1609 1260 Luna
1633 1201 1916 1258 adamasti.

672 1302 789 1359 Non
818 1300 1267 1370 probibentcomi
1301 1307 1411 1354 tum
1441 1305 1603 1368 caput
1629 1307 1791 1368 atque
1815 1309 2008 1367 genas.

601 1394 772 1452 Solet
800 1394 1066 1450 Saturnus
1097 1390 1231 1446 nihil
1255 1392 1475 1445 obstant
1504 1388 1795 1459 unguibus,
1825 1401 1957 1458 ergo

671 1487 792 1544 Non
819 1486 1073 1560 placitum
1101 1484 1251 1538 Divis
1285 1483 1416 1538 tolle
1444 1479 1888 1536 monostichium.

777 1665 855 1721 De
881 1663 1138 1719 mensibus
1158 1702 1173 1732 ,
1193 1673 1238 1716 et
1259 1671 1481 1732 quatuor
1503 1663 1632 1716 anni
1667 1658 2005 1732 temporibus.

596 1783 856 1842 (Eternos
883 1797 1122 1849 menses,
1148 1792 1202 1840 et
1223 1792 1466 1853 tempora
1492 1789 1750 1852 quattuor
1779 1779 1932 1845 anni,

595 1878 986 1947 Qualtuorista
1013 1877 1110 1932 tibi
1135 1877 1382 1946 subjecta
1409 1874 1750 1931 monosticha
1775 1872 1980 1930 dicent.

598 1971 846 2036 Martius,
888 1968 1112 2039 Aprilis,
1140 1968 1308 2023 Maius
1332 1977 1458 2022 sunt
1481 1977 1720 2036 tempora
1746 1966 1911 2020 veris.

598 2060 794 2126 Julius,
820 2060 1118 2132 Augustus,
1153 2074 1254 2115 nec
1281 2075 1388 2114 non
1421 2068 1477 2115 et
1512 2059 1727 2125 Junius,
1762 2069 1944 2112 testas.

595 2152 928 2222 Septembri,
949 2151 1174 2208 Octobri
1195 2163 1508 2218 autumnus,
1537 2160 1756 2221 totoque
1777 2149 2085 2207 Novembri.

598 2245 902 2318 Brumalcs,
927 2246 1118 2315 Janus,
1154 2246 1506 2312 Februarius,
1537 2258 1701 2317 atque
1732 2246 2050 2303 December.

1033 2433 1110 2490 De
1137 2433 1397 2490 mensibus
1424 2432 1764 2489 monastic/ta.

597 2548 812 2606 Primus
839 2548 1114 2604 Romanas
1136 2548 1336 2605 ordiris
1373 2547 1507 2604 Jane
1535 2547 1832 2604 Kalendas.
1924 2623 1927 2626 _

668 2642 880 2699 Februa
909 2644 1090 2700 vicino
1117 2658 1307 2700 mense
1335 2642 1506 2699 Numa
1537 2643 1792 2698 instituit.

598 2737 830 2794 Martius
854 2736 1059 2807 antiqui
1089 2735 1388 2807 primordia
1433 2735 1662 2806 protulit
1692 2736 1840 2791 anni.

669 2829 986 2886 Fmtiferum
1019 2830 1263 2900 Aprilem
1293 2828 1530 2886 vindicat
1550 2831 1689 2885 alma
1722 2829 1927 2885 Venus.

594 2922 860 2994 Maiorum
885 2923 1063 2980 dictus
1085 2933 1298 2994 patrum
1335 2923 1405 2981 de
1425 2923 1645 2979 nomine
1673 2923 1867 2980 Maius.

669 3015 864 3072 Junius
883 3017 1060 3072 astatis
1090 3015 1368 3086 proximus
1397 3027 1484 3073 est
1513 3016 1694 3071 titulo.

594 3111 826 3170 Nomine
855 3109 1108 3168 Czesareo
1133 3111 1464 3180 Quinctilem
1491 3111 1667 3168 Julius
1697 3121 1880 3184 auget.

665 3205 940 3276 Augustus
973 3218 1170 3260 nomen
1203 3203 1511 3260 Caesareum
1536 3206 1806 3276 sequitur.

594 3300 929 3355 Autumnum
955 3297 1192 3353 Pomona
1225 3306 1377 3352 tuum
1408 3339 1423 3362 ,
1455 3297 1799 3368 September,
1830 3296 2060 3368 opimat.

662 3391 904 3448 Triticeo
929 3391 1167 3447 October
1198 3390 1391 3446 fenore
1417 3390 1556 3445 ditat
1583 3405 1764 3460 agros.

599 3483 790 3542 Sidera
818 3483 1125 3554 praecipitas
1157 3483 1369 3554 pelago,
1405 3482 1733 3553 intempeste
1760 3482 2084 3538 November.

641 3575 748 3639 .Tu
773 3574 1040 3646 genialem
1065 3572 1323 3637 hiemem,
1353 3573 1489 3629 feste
1517 3573 1821 3632 December
1842 3573 1976 3646 agis.

978 3750 1215 3807 Disticha
1242 3752 1307 3806 de
1331 3753 1514 3807 iisdem
1544 3754 1822 3808 mensibus.

594 3865 728 3922 Jane
751 3879 913 3931 nove,
942 3866 1120 3936 primo
1149 3866 1237 3937 qui
1269 3866 1366 3922 das
1408 3876 1497 3922 tua
1544 3871 1770 3924 nomina
1805 3866 2014 3934 mensi,

667 3959 801 4016 Jane
839 3958 1068 4028 bifrons,
1096 3970 1308 4031 spectas
1342 3970 1584 4031 tempora
1613 3962 1738 4018 bina
1766 3964 1961 4020 simul.-

599 4053 732 4111 Post
751 4068 1011 4125 superum
1040 4055 1242 4122 cultus,
1277 4055 1458 4110 vicino
1491 4056 1701 4113 Februa
1728 4075 1920 4117 mense

666 4150 773 4206 Dat
789 4149 964 4206 Numa
995 4151 1240 4222 cognatis
1273 4152 1524 4208 Manibus
1561 4154 1807 4211 inferias.

594 4242 820 4300 Martius
851 4253 907 4300 et
929 4233 1148 4315 generis
1177 4244 1407 4301 Romani
1436 4248 1662 4317 praesul,
1693 4257 1749 4304 et
1773 4249 1926 4317 anni,

665 4334 845 4391 Prima
870 4334 1037 4391 dabas
1060 4334 1230 4392 Latiis
1261 4345 1511 4409 tempora
1541 4341 1880 4399 consulibus.

593 4423 903 4485 diluendum
929 4428 1175 4497 genetrix
1203 4428 1385 4485 vicino
1416 4445 1613 4487 nomen
1655 4432 1832 4504 Aprili

670 4520 770 4574 Dat
797 4518 1003 4587 Venus,
1027 4529 1112 4577 est
1129 4520 1287 4576 Marti
1315 4537 1548 4595 namque
1571 4525 1877 4595 Aplirodita
1909 4543 2116 4587 comes.

594 4613 735 4669 Maia
763 4613 892 4681 dea,
919 4630 988 4669 an
1021 4614 1216 4685 major,
1245 4614 1378 4686 Mai,
1418 4629 1472 4674 te
1498 4619 1688 4676 fecerit
1717 4631 1880 4688 aetas,

666 4703 904 4775 Ambigo
929 4722 941 4757 :
971 4704 1068 4760 sed
1106 4706 1283 4760 mensi
1314 4717 1400 4761 est
1424 4717 1619 4765 auctor
1657 4721 1883 4783 uterque
1912 4713 2114 4772 bonus.

591 4795 789 4854 Junius
820 4794 962 4851 hunc
989 4795 1239 4864 sequitur
1259 4796 1457 4866 duplici
1491 4801 1854 4859 celebrandus
1885 4804 2113 4875 honore,

667 4887 776 4944 Seu
802 4902 1002 4944 nomen
1031 4887 1196 4955 Juno,
1229 4889 1344 4944 sive
1373 4891 1602 4949 Juventa
1629 4894 1800 4952 dedit.

589 4980 723 5038 Inde
748 4980 972 5036 Dionaeo
1001 4979 1330 5052 praefulgens
1355 4981 1527 5041 Julius
1548 4995 1720 5057 astro,

661 5071 897 5130 Estatis
927 5072 1120 5130 media:
1152 5081 1396 5144 tempora
1428 5087 1575 5134 certa
1616 5088 1788 5137 tenet.

591 5166 873 5237 Augustus
893 5167 1141 5239 sequitur
1167 5176 1460 5237 cognatum
1487 5185 1516 5225 a
1546 5172 1762 5230 Caesare
1799 5189 1996 5235 nomen
2025 5196 2039 5236 :

662 5260 867 5317 Ordine
887 5261 968 5317 sic
992 5261 1122 5317 anni
1150 5261 1459 5333 proximus,
1490 5273 1548 5320 ut
1574 5266 1812 5338 generis.

587 5354 894 5414 Nectuntur
917 5367 1040 5430 post
1060 5359 1184 5427 hos,
1211 5373 1607 5431 numerumque
1630 5377 1696 5418 ex
1714 5363 1914 5423 ordine
1940 5368 2181 5440 signant:

658 5451 1003 5522 September,
1033 5453 1236 5510 Bacchi
1265 5468 1490 5512 munere
1519 5456 1684 5526 prtela
1712 5459 1898 5529 rigans
1929 5477 1945 5518 :

585 5540 659 5599 Et
684 5541 779 5614 qui
818 5547 1083 5601 sementis
1114 5562 1209 5618 per
1238 5556 1507 5617 tempora,
1552 5549 1742 5609 fenore
1773 5553 1928 5609 laetus
1952 5595 1967 5623 ,

656 5633 914 5706 October,
946 5637 1125 5708 cupidi
1149 5654 1306 5709 spem
1337 5638 1487 5696 fovet
1522 5643 1777 5714 agricolae
1811 5663 1822 5698 :

575 5727 788 5798 Quique
816 5729 936 5784 salo
964 5745 1215 5801 mergens
1250 5733 1517 5788 solemnia
1551 5736 1703 5807 signa
1730 5736 2037 5798 November

627 5822 966 5909 Praecipitat,
999 5824 1143 5882 coelo
1175 5841 1296 5885 mox
1328 5825 1570 5888 reditura
1613 5846 1735 5890 suo.

2219 3202 2267 3267 C

2376 504 2540 575 Finit,
2577 510 2632 558 ut
2661 517 2690 558 a
2712 501 2900 558 bruma
2930 515 3056 556 mox
3094 514 3270 555 novus
3299 515 3474 556 annus
3499 510 3606 557 eat.

2519 685 2745 752 Quoteni
2777 685 2886 740 dies
2916 686 3022 739 sint
3050 685 3308 740 mensium
3338 686 3675 758 singulorum.

2303 797 2535 868 lmplent
2565 797 2800 854 tricenas
2835 812 2933 870 per
2972 797 3188 870 singula
3215 807 3499 855 menstrua
3538 801 3681 856 luces

2300 888 2514 958 Junius,
2541 890 2882 962 Aprilisque,
2909 900 2962 946 et
2995 905 3118 946 cum
3140 891 3462 962 Septembre
3502 891 3800 951 November.

2302 983 2480 1041 Unum
2513 995 2596 1041 ter
2615 984 2774 1041 denis
2803 985 3138 1042 cumulatius
3171 986 3308 1042 adde
3336 986 3528 1042 diebus

2301 1077 2406 1134 Per
2434 1085 2642 1149 septem
2673 1093 2914 1148 menses,
2942 1078 3073 1136 Jani
3105 1079 3399 1148 Martisque
3427 1079 3708 1148 Kalendis,

2301 1170 2367 1225 Et
2394 1186 2530 1242 quas
2562 1171 2732 1228 Maius
2757 1174 2903 1244 agit,
2936 1189 3074 1244 quas
3102 1173 3278 1230 Julius
3299 1219 3313 1243 ,
3346 1174 3743 1246 Augustusque,

2304 1262 2372 1318 Et
2393 1279 2528 1335 quas
2555 1265 2818 1334 October,
2855 1267 3177 1338 positusque
3202 1268 3254 1324 in
3283 1267 3391 1326 (ine
3420 1268 3732 1326 December.

2305 1359 2457 1416 Unus
2488 1361 2592 1416 erit
2626 1369 2834 1416 tantum
2865 1361 3272 1433 duodetriginta
3305 1363 3539 1431 dierum,

2299 1455 2471 1522 Quem
2504 1455 2679 1512 Numa
2704 1457 2999 1528 praeposito
3025 1457 3200 1514 voluit
3224 1457 3519 1515 succedere
3550 1457 3699 1514 Jano.

2298 1548 2392 1606 Sic
2423 1548 2760 1606 tercentenis
2790 1549 2972 1607 decies
3000 1549 3267 1606 accedere
3296 1565 3492 1618 senos,

2297 1644 2799 1716 Qnadrantemque,
2820 1654 2874 1700 et
2890 1645 3132 1716 quinque
3150 1645 3267 1700 dies
3281 1645 3382 1700 sibi
3402 1652 3858 1716 computatannus.

2663 1824 2737 1880 De
2766 1826 2932 1881 tribus
2961 1827 3235 1880 menstruis
3263 1825 3532 1880 mensium.

2302 1940 2391 1996 Bis
2419 1954 2578 1997 senas
2606 1955 2750 1996 anno
2771 1948 2993 2012 reparat
3013 1939 3216 1996 Lucina
3239 1937 3536 1995 Kalendas:

2301 2037 2369 2092 Et
2397 2036 2620 2092 totidem
2655 2035 2862 2092 medias
2885 2035 2977 2091 dat
3005 2050 3230 2091 currere
3255 2033 3469 2104 Jupiter
3500 2033 3637 2088 Idus.

2303 2129 2690 2200 Nonarumqne
2720 2127 2865 2184 diem
2897 2129 3106 2184 faciunt
3132 2128 3269 2182 infra
3296 2135 3422 2183 octo
3452 2123 3694 2181 secundi.

2302 2224 2430 2282 Hznc
2459 2234 2588 2280 sunt
2620 2223 2870 2280 Romano
2902 2233 3110 2279 tantum
3146 2223 3248 2278 tria
3273 2223 3489 2277 nomina
3521 2220 3710 2285 mensi,

2300 2317 2514 2375 Canera
2539 2333 2637 2390 per
2666 2331 2924 2374 numeros
2945 2325 3073 2372 sunt
3097 2325 3458 2387 cognomenta
3500 2314 3721 2370 dierum.

2519 2503 2635 2570 Quo
2658 2518 2831 2558 mense
2851 2510 3021 2574 quota:
3050 2500 3254 2568 Name,
3284 2500 3364 2556 vel
3392 2497 3526 2556 Idus
3554 2500 3673 2554 sint.

2301 2625 2372 2680 At
2393 2623 2572 2680 Nonas
2592 2622 2756 2680 modo
2776 2631 2968 2694 quarta
2989 2620 3188 2692 aperit,
3213 2619 3377 2675 modo
3401 2628 3556 2676 sexta
3578 2617 3739 2674 refert
3766 2616 3858 2672 lus.

2301 2717 2467 2773 Sexta
2498 2715 2668 2772 refert
2701 2714 2850 2783 Maii,
2884 2713 3160 2780 Octobris,
3190 2711 3485 2782 Martisque
3525 2724 3770 2776 recursu,

2302 2811 2368 2866 Et
2393 2809 2487 2881 qui
2509 2807 2747 2864 solstitio
2769 2821 2869 2863 sua
2897 2815 3148 2876 tempora
3177 2804 3355 2860 Julius
3396 2802 3578 2859 infert.

2301 2901 2513 2956 Cmtera
2540 2914 2663 2970 pars
2691 2898 2960 2955 mensium
3002 2896 3210 2968 quartis
3256 2905 3344 2952 est
3377 2893 3601 2965 prmdita
3630 2891 3800 2949 Nonis.

2299 2992 2502 3049 Omnes
2529 3007 2663 3048 vero
2689 2991 2813 3047 ldus
2843 3000 3035 3046 octava
3062 2989 3182 3045 luce
3203 2995 3515 3044 recurrunt.

2467 3185 2649 3253 Quota:
2671 3181 2926 3238 Kalendis
2951 3183 3055 3237 sint
3096 3181 3352 3237 mensium
3383 3178 3718 3251 singulorum.

2298 3295 2428 3352 Post
2449 3293 2596 3364 ldus,
2624 3311 2760 3366 quas
2786 3297 3019 3368 quisque
3051 3309 3175 3350 suas
3205 3293 3367 3347 habet
3399 3291 3591 3348 ordine
3616 3287 3825 3353 mensis,

2299 3391 2539 3447 Diversae
2567 3403 2794 3444 numero
2826 3387 3050 3442 redeunt
3075 3385 3317 3440 variante
3344 3383 3622 3447 Kalendae,

2304 3524 2317 3536 .
2353 3524 2365 3538 .
2397 3522 2411 3537 .
2438 3524 2452 3537 .
2490 3523 2502 3537 .
2537 3483 2677 3538 Dum
2707 3495 3034 3552 rursumque
3061 3479 3366 3548 iterumque
3385 3484 3677 3544 vocantur,

2298 3574 2370 3633 Ut
2396 3574 2613 3632 tandem
2635 3573 2806 3645 optati
2843 3571 3144 3647 procedant
3173 3569 3435 3640 temporis
3461 3576 3607 3624 ortu.

2297 3668 2407 3726 Ter
2428 3670 2602 3736 senis,
2647 3682 2867 3738 unoque
2893 3666 2983 3723 die
3011 3665 3247 3737 genialia
3287 3662 3428 3720 festa

2298 3763 2556 3835 Porrigit,
2586 3771 2648 3818 ut
2669 3762 2864 3818 Janum
2897 3768 3142 3816 arcessat
3173 3772 3309 3814 nova
3339 3757 3534 3813 bruma
3561 3761 3852 3809 morantem.

2297 3857 2413 3912 lloe
2435 3870 2664 3912 numero
2689 3854 2999 3925 mensisque
3023 3851 3215 3907 Numae
3241 3851 3403 3918 redit,
3437 3847 3770 3914 autumnique

2297 3949 2630 4021 Principium
2658 3947 2908 4004 referens
2933 3943 3136 4002 Bacchi
3179 3941 3504 4013 September
3545 3938 3794 3994 alumnus.

2297 4042 2500 4109 Julius,
2532 4051 2590 4099 et
2613 4041 2807 4112 Maius,
2833 4038 3151 4112 positusque
3182 4036 3236 4091 in
3268 4035 3378 4091 ﬁne
3412 4032 3732 4097 December,

2297 4134 2642 4204 Octoberque
2661 4132 2750 4188 die
2778 4138 3067 4189 revocatur
3096 4127 3306 4184 tardius
3337 4140 3470 4182 uno.

2295 4228 2428 4286 inde
2447 4228 2536 4285 die
2566 4227 2798 4285 redeunt
2819 4227 2998 4282 minus
3027 4238 3136 4279 uno
3153 4229 3410 4294 quattuor
3435 4219 3604 4286 ultra,

2296 4329 2447 4390 Quos
2475 4336 2701 4379 numero
2721 4320 2996 4392 adjiciam,
3027 4316 3252 4374 Sextilis
3271 4358 3286 4384 ,
3325 4315 3524 4371 Junius
3552 4320 3704 4381 atque

2297 4417 2527 4488 Aprilis,
2563 4426 2686 4488 post
2704 4430 2844 4487 quos
2884 4413 3183 4486 penultima
3215 4419 3359 4468 meta
3383 4406 3699 4465 November.

2298 4509 2406 4567 Ter
2436 4511 2638 4583 quinis,
2670 4523 2890 4580 unoque
2908 4507 2998 4563 die
3032 4505 3266 4562 Junonie
3293 4504 3529 4570 Mavors,

2217 4591 2274 4654 D
2297 4602 2366 4661 Ut
2394 4603 2607 4672 redeas,
2635 4601 2951 4673 referasque
2993 4597 3213 4655 exordia
3243 4596 3438 4669 prima,
3467 4591 3642 4651 cleris.

2298 4698 2420 4756 lloc
2445 4712 2695 4766 numero,
2720 4696 2788 4754 ad
2822 4696 3044 4768 plenum
3074 4702 3294 4751 vertens
3325 4688 3659 4763 reparabitur
3681 4689 3845 4738 annus.

2403 4882 2468 4937 In
2491 4899 2593 4956 quo
2610 4896 2784 4938 mense
2805 4882 2943 4954 quod
2973 4881 3183 4953 signum
3209 4879 3276 4934 sit
3297 4875 3366 4931 ad
3389 4887 3592 4930 cursum
3617 4864 3760 4925 Solis.

2295 4997 2628 5069 Principium
2657 4997 2779 5054 Jani
2808 4996 2982 5054 sancit
3012 4994 3252 5066 tropiens
3278 4990 3654 5065 Capricornus.

2294 5092 2480 5148 Mense
2511 5091 2701 5148 Nomm
2733 5091 2786 5147 in
2815 5089 2996 5146 medio
3024 5086 3187 5143 solidi
3219 5093 3333 5144 stat
3364 5082 3504 5139 ﬁdus
3531 5074 3738 5150 Aquari.

2295 5185 2610 5242 Procedunt
2635 5183 2882 5255 duplices
2908 5183 2960 5237 in
2987 5182 3178 5238 Martia
3209 5190 3452 5249 tempora
3485 5175 3678 5232 Pisces.

2293 5277 2542 5351 Respicis
2570 5278 2809 5350 Apriles,
2843 5278 3006 5334 Aries
3029 5276 3298 5348 Pbryxee,
3336 5270 3619 5329 Kalendas.

2291 5374 2463 5446 Majus
2486 5373 2755 5444 Agenorei
2787 5372 3014 5428 miratur
3043 5383 3248 5426 cornua
3278 5365 3467 5423 Tauri.

2291 5466 2486 5526 Junius
2516 5476 2763 5538 aequatos
2806 5466 2946 5523 coelo
2974 5465 3122 5520 videt
3147 5463 3229 5520 ire
3267 5462 3526 5517 Laconas.

2287 5559 2540 5618 Solstitio
2566 5559 2809 5615 ardentis
2838 5557 3036 5614 Cancri
3075 5557 3178 5614 fert
3207 5556 3385 5612 Julius
3411 5563 3630 5609 astrum.

2288 5655 2591 5726 Augustum
2614 5668 2862 5710 mensem
2890 5652 2999 5708 Leo
3026 5649 3265 5707 fervidus
3291 5648 3415 5720 igne
3441 5642 3654 5718 perurit.

2289 5745 2480 5804 Sidere
2511 5745 2678 5818 Virgo
2711 5753 2804 5801 tuo
2846 5744 3122 5802 Bacchum
3160 5739 3481 5814 September
3510 5733 3717 5807 opimat.

2287 5837 2489 5912 {Equat
2510 5847 2566 5899 et
2589 5837 2825 5899 October
2854 5837 3119 5899 sementis
3148 5845 3395 5907 tempore
3415 5830 3645 5890 Libram.
