4072 6306
220 346 321 404 913
601 335 609 337 ’
1657 345 2039 406 ΕΡῙΒΤΟΙΛΕ.
3403 356 3512 418 9η

220 457 479 529 Scorpion
511 456 770 516 hibernus
801 472 1046 530 praeceps
1076 459 1233 531 jubet
1256 462 1338 520 ire
1367 463 1695 522 November.
1832 473 1887 532 Α
1982 467 2189 524 Laetum
2213 467 2474 530 Romanis
2504 473 2584 531 fas
2610 475 2851 533 reticere
2868 475 3036 533 diem.

218 550 492 608 Terminat
521 550 846 608 Arcitenens
875 554 1054 610 medio
1081 571 1176 611 sua
1207 557 1362 627 signa
1389 557 1698 614 Decembri.
1915 566 2077 622 Visne
2105 566 2235 638 Opis
2261 579 2388 626 ante
2417 586 2657 642 sacrum,
2691 575 2782 630 vel
2814 575 3127 632 Saturnalia
3155 574 3357 644 dicam,

219 688 280 755 ρ.
304 684 578 766 Ciceronis.
591 701 769 766 persas
795 703 856 766 ρο
892 688 1172 766 pertinent,
1207 699 1261 743 ut
1299 691 1440 766 quod
1464 690 1674 766 signum
1701 707 1806 763 quo
1911 656 2251 766 “Fataque
2280 676 2596 766 “memmi
2615 666 3102 766 cum-fafnulam‘ur
3131 667 3250 724 heri
3279 668 3301 722 ?

283 767 509 826 tempore
541 755 850 834 illustresit,
886 749 1175 834 noverimus
1201 778 1219 815 :
1241 749 1383 831 quod
1410 749 1806 834 supcrius,quo-

1602 749 1806 834 “who-
1909 749 1978 807 Et
1997 766 2289 822 numquam
2315 756 2480 810 certis
2504 757 2786 814 redeuntia
2817 759 2955 816 festa
2983 761 3174 818 diebus
3196 805 3210 829 ,

281 845 376 898 que
396 827 588 884 nostris
617 829 842 884 versibus
862 831 1152 902 expeditur.
1252 827 1263 831 ”
1474 827 1484 833 ⁷
1645 827 1656 833 ’
1686 827 1696 834 ’
1979 843 2226 914 Compita
2258 859 2355 916 per
2377 847 2530 903 vicos
2559 863 2680 907 cum
2709 866 2807 908 sua
2844 853 3076 924 quisque
3106 827 3281 910 colit?

216 965 453 1021 Flumina
487 979 654 1020 verna
677 965 827 1022 cient
851 967 1088 1024 obscuro
1117 967 1324 1024 lumine
1349 966 1557 1025 Pisces.
1906 939 2014 995 Am
2035 939 2306 1009 duplicem
2347 941 2573 1011 ⁶⁵¹¹¹ί¹¹¹τ¹⁹
2602 960 2764 1014 quem
2786 945 3115 1017 Neptunalia
3146 947 3367 1014 dicum’

213 1055 662 1130 Curriculumque
685 1060 840 1115 Aries
859 1069 1038 1131 aequat
1063 1062 1347 1132 noctisque
1377 1061 1580 1130 diique.

210 1151 415 1209 Cornua
447 1167 608 1224 quem
637 1162 858 1208 comunt
885 1153 1084 1210 ﬂorum
1121 1155 1427 1225 praenuntia
1469 1155 1654 1212 Tauri.

211 1245 478 1318 Aridaque
500 1247 708 1302 testatis
732 1246 944 1304 Gemini
978 1249 1274 1320 primordia
1317 1249 1581 1319 pandunt.

1979 1030 2049 1086 Et
2071 1047 2231 1101 quem
2261 1032 2330 1088 de
2355 1032 2536 1090 Conso
2561 1036 2918 1108 consiliisque
2945 1045 3144 1093 vocant
3171 1039 3194 1093 ?

1905 1123 2068 1180 Festa
2094 1123 2232 1190 hzec,
2262 1125 2511 1197 navigiis,
2537 1136 2629 1181 aut
2655 1143 2778 1198 quas
2807 1129 3084 1185 celebrata
3106 1128 3379 1200 quadrigis
3408 1168 3425 1195 ,

1975 1218 2215 1286 Iungunt
2237 1216 2511 1274 Romanos
2541 1218 2910 1292 ﬁnitimosque
2931 1221 3139 1279 duces?

1902 1306 2169 1378 Adjiciam
2201 1310 2399 1377 cultus,
2431 1313 2826 1384 peregrinaque
2853 1328 3007 1369 sacra
3033 1313 3256 1370 deorum
3279 1356 3294 1382 ,
3345 1318 3357 1356 ι

1972 1400 2216 1458 Natalem
2246 1402 2598 1474 Herculeum,
2634 1405 2718 1460 vel
2751 1405 2886 1461 ratis
2913 1404 3133 1462 Isiacze:

1900 1493 2012 1552 Nec
2033 1510 2139 1551 non
2166 1495 2353 1551 lascivi
2381 1496 2614 1553 Floralia
2641 1498 2762 1553 laeta
2791 1497 3018 1565 theatri,

1969 1586 2102 1656 Quae
2129 1597 2375 1658 Spectare
2407 1589 2622 1658 volunt,
2644 1590 2735 1661 qui
2769 1591 3006 1646 voluisse
3039 1599 3255 1662 negant.

1898 1680 2051 1736 Nunc
2076 1681 2241 1737 etiam
2271 1691 2485 1738 veteres
2515 1683 2863 1740 celebrantur
2888 1684 3109 1754 Equiria
3146 1684 3283 1740 ludi.

1970 1778 2150 1833 Prima
2179 1777 2294 1834 lucc
2324 1779 2604 1834 Romanus
2625 1780 2847 1836 nomina
2869 1778 3060 1836 Circus
3091 1780 3271 1836 habet.

1823 1856 1869 1918 Β
1901 1874 1967 1930 Et
1999 1875 2350 1949 Dianysiacos
2381 1877 2537 1933 Latio
2561 1879 2886 1950 cognomine
2912 1880 3071 1935 ludos

1967 1968 2139 2025 Roma
2163 1971 2310 2038 colit,
2346 1970 2508 2028 Liber
2535 1987 2656 2042 quae
2684 1972 2788 2028 sibi
2812 1982 2936 2028 vota
2958 1973 3125 2029 dicat.

1895 2060 2110 2119 Ediles
2135 2063 2333 2135 plebeii
2367 2064 2557 2131 etiam,
2587 2065 2884 2137 mdilesque
2920 2066 3139 2121 curules

1965 2156 2131 2211 Sacra
2162 2155 2474 2228 Sigillorum
2500 2156 2722 2213 nomine
2753 2157 2896 2214 dicta
2927 2159 3138 2214 colunt.

1894 2248 1958 2304 Et
1988 2248 2326 2320 gladiatores
2353 2248 2602 2305 funebria
2629 2250 2816 2320 praelia
2850 2260 3039 2306 notum

1971 2341 2289 2396 Decertasse
2321 2339 2478 2396 foro:
2512 2357 2658 2396 nunc
2685 2343 2789 2397 sibi
2823 2357 2989 2398 arena
3021 2357 3152 2398 suos

1895 2433 2162 2490 Vendicat
2184 2452 2197 2488 :
2221 2444 2472 2491 extremo
2494 2436 2583 2504 qui
2611 2435 2722 2505 jam
2764 2437 2868 2491 sub
2900 2436 3005 2491 fine
3039 2436 3349 2492 Decembris

1964 2525 2303 2597 Falcigerum
2337 2526 2557 2597 placant
2598 2525 2866 2596 sanguine
2889 2527 3236 2598 Caeligenam.

211 1340 495 1412 Longaque
519 1340 632 1411 jam
661 1341 856 1397 minuit
891 1343 1190 1412 praeclarus
1231 1344 1432 1400 lumina
1462 1343 1690 1402 Cancer.

209 1431 657 1504 Languiﬂcusque
686 1432 795 1488 Leo
823 1433 1019 1504 proﬂat
1053 1434 1202 1491 ferus
1233 1452 1331 1493 ore
1381 1438 1615 1494 calores.

209 1525 351 1595 Post,
378 1525 651 1581 modicum
683 1528 935 1598 quatiens
979 1527 1139 1600 Virgo
1162 1529 1314 1602 fugat
1338 1541 1456 1587 orta
1478 1548 1758 1605 vaporem.

207 1618 459 1696 Autumni
483 1628 694 1675 reserat
723 1629 908 1691 portas
936 1631 1228 1692 aequatque
1251 1624 1445 1680 diurna

207 1708 464 1779 Tempora
488 1711 773 1766 nocturnis
802 1711 1058 1784 dispenso
1088 1713 1268 1770 sidere
1291 1714 1472 1771 Libra.

205 1800 268 1855 Et
295 1800 428 1856 fetos
450 1816 638 1857 ramos
671 1802 896 1858 dinudat
925 1803 1142 1860 ﬂamma
1168 1804 1363 1877 Nepai.

205 1893 351 1965 Pigra
381 1894 778 1966 Sagittipotens
803 1897 1078 1966 jaculatur
1103 1897 1303 1970 frigora
1348 1903 1532 1958 terris.

203 1987 392 2044 Bruma
414 1989 540 2060 gelu
573 1989 816 2061 glacians
838 1991 1033 2063 jubare
1060 1995 1225 2064 spirat
1250 1996 1591 2066 Capricorni.

201 2083 361 2150 Quam
394 2084 648 2156 sequitur
676 2085 905 2142 nebulas
934 2102 1130 2142 rorans
1156 2089 1331 2159 liquor
1371 2091 1515 2147 altus
1537 2093 1740 2163 Aquari
1777 2111 1788 2145 :

202 2174 360 2231 Tenta
391 2191 579 2247 supra,
609 2178 864 2248 circaque
892 2178 1075 2250 vigent
1101 2179 1189 2235 ubi
1225 2181 1449 2239 ﬂumina
1473 2185 1681 2240 mundi.

201 2268 268 2322 At
289 2267 498 2334 dextra,
530 2270 777 2341 laevaque
799 2275 907 2331 ciet
930 2283 1045 2331 rota
1064 2273 1266 2346 fulgida
1291 2277 1436 2334 Solis

202 2359 388 2417 Mobile
413 2363 776 2431 curriculum,
803 2375 860 2422 et
892 2365 1056 2422 Lunae
1077 2369 1363 2425 simulacra
1391 2370 1659 2436 feruntur.

202 2451 427 2522 Squama
457 2454 565 2511 sub
593 2466 802 2512 :elerno
844 2469 1143 2530 conspectu
1176 2470 1314 2516 torta
1347 2463 1610 2520 Draconis

199 2546 418 2604 Eminet.
445 2550 606 2606 Hunc
633 2551 773 2608 inter
805 2552 1100 2625 fulgentem
1132 2555 1312 2610 sidera
1347 2567 1562 2627 septem

199 2639 375 2711 Magna
404 2645 591 2714 quatit
624 2647 854 2703 stellans
885 2666 898 2702 :
929 2663 1090 2718 quam
1131 2664 1364 2706 servans
1396 2666 1552 2708 serus
1584 2653 1635 2707 in
1679 2652 1785 2708 alta

2446 2645 2854 2660 0“.—

196 2733 446 2791 Condttur
475 2735 680 2792 Oceani
709 2739 823 2808 ripa
849 2755 972 2795 cum
994 2741 1113 2796 luce
1145 2741 1363 2798 Bootes.

2341 2730 2418 2786 De
2445 2729 2746 2786 lustralibus
2770 2731 3041 2801 agonibus.

1891 2849 2158 2918 Quattuor
2178 2851 2434 2923 antiquos
2456 2850 2757 2907 celebravit
2783 2849 2987 2906 Achaia
3023 2849 3202 2906 ludos.

493 2923 538 2976 Α
574 2922 812 2979 Solstitio
835 2927 885 2980 iu
917 2928 1281 2997 azquinoctium
1309 2928 1465 2984 ratio.
1962 2942 2101 2998 Caelii

1962 2942 2275 3000 Caelicolum
2306 2922 2416 2999 duo
2435 2954 2586 3008 sunt,
2615 2953 2670 3000 ct
2697 2943 2804 2999 duo
2836 2944 2968 2999 festa
3001 2944 3307 2999 hominum.

195 3029 278 3087 Sol
311 3033 586 3103 profectus
605 3052 634 3091 a
661 3046 852 3108 teporo
878 3041 1025 3096 veris
1055 3042 1407 3113 aequinoctio,
1891 3037 2056 3093 Sacra
2079 3037 2251 3106 Jovis,
2287 3039 2604 3109 Phoebique,
2632 3039 2978 3105 Palaemonis,
3009 3037 3442 3108 Archemorique
3469 3081 3479 3092 .

195 3121 314 3180 Post
339 3127 629 3184 semidiem
659 3140 889 3200 postque
918 3141 1059 3188 lotos
1087 3137 1377 3206 nonaginta
1410 3146 1468 3192 et
1495 3147 1746 3210 quatuor,
1962 3128 2120 3185 Serla
2141 3130 2336 3201 quibus
2363 3131 2545 3202 pinus,
2579 3130 2775 3196 malus,
2807 3130 2970 3198 oliva.
2996 3131 3200 3202 apium-

195 3211 424 3273 Fervitlis
447 3216 690 3288 ﬂagrans
730 3219 958 3278 habenis
986 3225 1202 3294 pulsum
1231 3227 1478 3283 aestivum
1506 3230 1747 3286 coniicit.
1812 3251 1858 3314 ρ

194 3303 316 3363 Inde
344 3313 655 3368 Autumnus
685 3315 859 3371 noctis
903 3317 1064 3374 horas
1097 3320 1300 3377 librans
1331 3338 1487 3393 aequo
1520 3324 1744 3392 lumine,
1819 3303 1858 3314 “
2427 3311 2507 3368 οε
2535 3314 2666 3368 ίοείδ
2702 3329 2952 3386 αθοηαηιο

195 3396 328 3456 Octo
353 3411 411 3459 et
434 3406 712 3475 octoginta
738 3409 930 3478 gnaris,
960 3420 1016 3466 et
1040 3427 1207 3482 super
1230 3415 1478 3472 ll'illOl'iO.

1889 3429 2067 3486 Prima
2092 3429 2211 3485 Jovi
2243 3442 2443 3500 magno
2465 3428 2810 3484 celebrantur
2837 3427 3087 3498 Olympia
3118 3427 3276 3482 Pisa}.

1575 3551 1587 3564 -
1669 3552 1682 3566 -
1766 3552 1781 3568 ο
1889 3521 2192 3578 Parnassus
2221 3521 2406 3578 Clario
2433 3520 2672 3576 sacravit
2702 3518 2897 3592 Pythia
2929 3518 3156 3576 Phoebo.

195 3579 316 3640 Inde
345 3586 602 3644 ﬂoridum
625 3590 847 3648 reﬂexis
878 3609 975 3651 ver
1006 3598 1193 3653 revisit
1215 3601 1358 3655 oreis
1887 3611 2113 3668 Isthmia
2148 3613 2392 3667 Portuno
2421 3613 2643 3668 bimaris
2672 3579 2818 3667 dicat
2857 3620 2974 3668 acta
3005 3609 3275 3667 Corinthi.

193 3674 398 3736 Additis
423 3681 491 3736 ad
521 3683 626 3739 hos
656 3687 871 3756 priores
896 3703 1080 3760 gmros
1116 3694 1351 3762 geminis
1371 3695 1614 3752 orbibus.
1890 3706 2216 3761 Archemori
2248 3704 2498 3761 Nemeaea
2528 3705 2715 3760 colunt
2743 3704 2989 3760 funebria
3022 3703 3246 3760 Thebae.

691 3870 770 3926 De
800 3870 972 3928 Feriis
1011 3873 1281 3932 Romanis.
2345 3886 2423 3942 De
2443 3888 2745 3942 auctoribus
2782 3903 3028 3959 agonum.

193 3972 338 4073 Nunc
367 3988 422 4035 et
449 3979 767 4052 Apollineos
793 3985 1046 4042 Tiberina
1079 4004 1176 4059 per
1209 3992 1348 4046 ostia
1382 3992 1567 4060 ludos,
1889 4002 2112 4059 Primus
2131 4000 2463 4073 Olympiacae
2484 3999 2718 4054 sacravit
2747 3997 2884 4054 festa
2905 4012 3124 4054 corona:

262 4067 329 4170 [in
355 4073 732 4170 ῃθθηθξίδθω
763 4080 953 4135 "W'is
983 4090 1173 4151 operta
1213 4085 1420 4156 mquar-
1890 4097 2098 4170 Jupiter
2121 4067 2311 4168 Argivi
2330 4095 2504 4151 stadia
2532 4095 2598 4150 ad
2628 4093 2944 4162 longissima
2965 4093 3132 4148 Circi.

196 4159 524 4238 Vulcanique
557 4168 676 4225 dies
703 4171 947 4228 autumni
983 4176 1209 4232 exordia
1241 4180 1421 4249 primi.
1894 4159 2181 4248 Proximus
2200 4159 2424 4246 Alcides
2451 4189 2666 4245 Nemeae
2686 4186 2921 4242 sacravit
2941 4185 3230 4240 honorem.

258 4255 743 4356 QnillﬂuaEPUSQlle
778 4266 898 4321 υθῖε
929 4266 1182 4325 Pallados
1209 4273 1495 4341 expediam
1527 4294 1538 4328 ε
1892 4285 2021 4340 llazc
2046 4298 2265 4356 quoque
2297 4282 2630 4353 temporibus
2653 4279 3023 4351 quinquennia
3047 4292 3200 4332 sacra
3233 4274 3485 4332 notandis

196 4343 488 4448 “Inedia,
515 4353 664 4448 Ρίῖιξεο
696 4355 838 4422 Maii,
867 4359 1210 4434 Αυειιειίαυθ
1235 4382 1460 4425 recursu
1479 4411 1494 4437 ,
1891 4343 2113 4432 Isthmia
2136 4343 2389 4448 Neptuno
2411 4343 2538 4431 data
2569 4343 2716 4441 sunt,
2749 4343 3015 4444 et'Pythia
3048 4369 3290 4436 Pbmbo,

261 4439 402 4504 Quas
423 4444 528 4499 sibi
560 4445 882 4519 Mercurius,
913 4468 1155 4527 quasque
1187 4456 1354 4514 Diana
1386 4460 1552 4518 dicat.
1897 4471 2132 4543 Ancipiti
2180 4439 2326 4526 cultu
2359 4469 2604 4526 divorum
2637 4439 3031 4538 hominumque
3061 4463 3311 4537 sepultis.

195 4526 443 4590 Matrona:
469 4553 594 4608 qua)
621 4554 775 4598 sacra
799 4545 983 4601 colant
1012 4563 1108 4617 pro
1132 4550 1289 4608 laude
1329 4553 1565 4611 virorum
1586 4597 1602 4625 ,
1626 4601 1631 4605 .

1335 4553 1565 4611 virorum
1586 4597 1602 4625 ,
1626 4601 1631 4605 .
2403 4588 2943 4605 -——-—-—-—————-

263 4625 518 4686 Mavortis
548 4634 706 4702 primi
731 4651 856 4694 cum
883 4640 1101 4698 rediere
1125 4644 1268 4702 dies.
1815 4653 1869 4714 D
2003 4654 2154 4723 Quod
2181 4653 2362 4718 iidem,
2387 4652 2474 4723 qui
2499 4650 2638 4723 sacri
2665 4664 2856 4723 agones
2883 4656 3029 4715 sunt,
3068 4654 3116 4699 et
3144 4645 3387 4716 [tinebres

195 4713 347 4772 Festa
379 4722 695 4793 Caprotinis
723 4735 1038 4792 memorabo
1063 4739 1300 4796 celebria
1334 4745 1515 4800 nonis.
1820 4713 1834 4714 ί
2008 4713 2046 4723 Ν
2347 4713 2359 4718 ⁷
2399 4713 2411 4723 ⁷
2464 4723 2574 4778 ("di
2608 4713 2914 4776 habveanmr'

259 4808 390 4867 Cum
419 4818 560 4911 Stola
591 4826 859 4881 matronis
885 4827 1102 4901 dempta
1145 4841 1293 4904 teget
1317 4833 1571 4894 famulas.
1895 4841 2193 4899 Tantalidae
2225 4839 2412 4911 Pel0pi
2442 4845 2696 4894 mres-tum
2728 4835 2873 4892 dicat
2915 4834 3027 4891 Elis
3059 4833 3344 4888 honorem.

193 4899 455 4999 Q"_a'“'""
476 4907 566 4963 in"
596 4915 759 4968 e‘im"
790 4899 1045 4976 discretis
1085 4899 1328 4993 partibus
1358 4929 1485 4984 anni
1895 4934 2217 4991 Archemori
2248 4899 2495 4989 Nemeaea
2537 4930 2724 4988 colunt
2759 4927 3128 4999 quinquennia
3159 4925 3383 4981 Thebae.

261 4996 530 5067 Solstitia,
554 5014 610 5057 et
637 5005 788 5062 luces
817 5021 996 5080 nocte,
1028 5013 1228 5086 dieque
1251 5034 1428 5088 pares.
1751 5015 1755 5018 ’
1897 5031 2121 5086 Isthmia
2149 5029 2412 5087 defuncto
2437 5029 2714 5086 celebrata
2737 5010 3073 5091 Paltcmone,
3099 5032 3310 5078 notum.

194 5084 297 5143 Nec
325 5093 665 5168 Resifugium
694 5101 864 5169 PHISiS
894 5121 961 5160 ex
985 5105 1118 5164 urbe
1138 5084 1427 5182 tyrannis,
1899 5084 2394 5194 Pythia—placando
2418 5084 2611 5192 Delphi
2644 5128 2890 5175 statuere
2925 5084 3179 5172 Draconi.

189 5235 3480 5277 —__________________________________________________________

1189 5355 2036 5448 EPISTOLARUM
2109 5362 2490 5448 LIBER.

786 5475 1116 5548 EPISTOLA
1157 5493 1198 5550 Ι.
1903 5503 2149 5560 Accessit
2172 5505 2381 5574 (grates
2415 5504 2653 5575 superis,
2688 5499 2974 5570 medioque
3005 5497 3232 5568 nepoti,

1974 5596 2108 5651 Bina
2136 5596 2288 5652 dedit
2317 5597 2519 5652 nostris
2548 5596 2640 5667 qui
2661 5595 2787 5664 juga
2815 5591 3148 5648 nominibus.

1898 5683 2029 5757 Ipse
2061 5699 2229 5755 nepos
2256 5695 2309 5741 te
2340 5687 2467 5742 fecit
2494 5700 2655 5742 avum
2684 5703 2694 5737 :
2729 5682 2863 5737 mihi
2889 5681 3030 5737 filius
3055 5679 3200 5736 idem
3221 5721 3238 5745 ,

197 5748 548 5851 θτῖάίάθτθηι
576 5757 653 5812 "il
679 5771 843 5828 Posse
871 5761 1011 5817 meis
1035 5762 1320 5822 aﬂ‘ectibus
1341 5768 1488 5839 addi,
1926 5748 1940 5757 ’
1972 5780 2042 5836 Et
2073 5748 2166 5836 tibi
2195 5795 2297 5851 ego
2329 5799 2340 5835 :
2372 5781 2472 5835 hoc
2505 5789 2631 5834 nato
2657 5790 2758 5833 nos
2778 5789 2965 5831 sumus
2999 5773 3160 5829 ambo
3188 5782 3389 5845 patres.

266 5842 405 5914 Qum,
440 5849 756 5906 venerande
786 5859 960 5922 pater,
985 5854 1278 5926 diligerere
1308 5863 1501 5932 magis.
1900 5869 2011 5928 Nec
2037 5871 2148 5944 jam
2183 5842 2296 5926 sola
2330 5871 2460 5926 mihi
2493 5869 2664 5942 pietas
2696 5883 2819 5926 mea
2847 5866 3041 5926 suadet
3075 5842 3315 5925 amorem
3343 5884 3357 5921 :

405 5618 674 5677 Ausouws
709 5623 778 5676 ad
815 5637 1026 5680 parum
1063 5627 1128 5682 de
1160 5641 1396 5702 suscepto
1444 5635 1574 5704 ﬁlio.
