  <div class='ocr_page' id='page_1' title='image "/cluster/home/n/w/nwhite01/storage/ocr_20150623/19/hvd.32044015471345/469.png"; bbox 0 0 4072 6306; ppageno 0'>
   <div class='ocr_carea' id='block_1_1' title="bbox 570 269 3821 352">
    <p class='ocr_par' dir='ltr' id='par_1_1' title="bbox 570 269 3821 352">
     <span class='ocr_line' id='line_1_1' title="bbox 570 269 3821 352; baseline -0.01 -3"><span class='ocrx_word' id='word_1_1' title='bbox 570 280 680 352; x_wconf 74' lang='lat'><strong>919</strong></span> <span class='ocrx_word' id='word_1_2' title='bbox 1961 270 2143 333; x_wconf 77' lang='lat' dir='ltr'><strong>DECI!</strong></span> <span class='ocrx_word' id='word_1_3' title='bbox 2184 270 2457 334; x_wconf 72' lang='lat' dir='ltr'><strong>AUSONII</strong></span> <span class='ocrx_word' id='word_1_4' title='bbox 3734 269 3821 333; x_wconf 62' lang='grc' dir='ltr'><strong>ωδ</strong></span> 
     </span>
    </p>
   </div>
   <div class='ocr_carea' id='block_1_2' title="bbox 1154 399 1634 461">
    <p class='ocr_par' dir='ltr' id='par_1_2' title="bbox 1154 399 1634 461">
     <span class='ocr_line' id='line_1_2' title="bbox 1154 399 1634 461; baseline -0.006 0"><span class='ocrx_word' id='word_1_5' title='bbox 1154 401 1485 461; x_wconf 75' lang='lat' dir='ltr'><strong>EPISTULA</strong></span> <span class='ocrx_word' id='word_1_6' title='bbox 1521 399 1634 459; x_wconf 71' lang='lat' dir='ltr'><strong>VII.</strong></span> 
     </span>
    </p>
   </div>
   <div class='ocr_carea' id='block_1_3' title="bbox 647 489 2098 567">
    <p class='ocr_par' dir='ltr' id='par_1_3' title="bbox 647 489 2098 567">
     <span class='ocr_line' id='line_1_3' title="bbox 647 489 2098 567; baseline -0.01 -7"><span class='ocrx_word' id='word_1_7' title='bbox 647 507 910 560; x_wconf 72' lang='lat' dir='ltr'><strong>Ansost</strong></span> <span class='ocrx_word' id='word_1_8' title='bbox 934 498 1164 562; x_wconf 76' lang='lat' dir='ltr'><strong>Tusom,</strong></span> <span class='ocrx_word' id='word_1_9' title='bbox 1195 513 1315 551; x_wconf 81' lang='lat' dir='ltr'><strong>cum</strong></span> <span class='ocrx_word' id='word_1_10' title='bbox 1336 499 1382 551; x_wconf 86' lang='lat' dir='ltr'><strong>ei</strong></span> <span class='ocrx_word' id='word_1_11' title='bbox 1400 495 1619 567; x_wconf 73' lang='lat' dir='ltr'><strong>triginta</strong></span> <span class='ocrx_word' id='word_1_12' title='bbox 1642 500 1836 567; x_wconf 81' lang='lat' dir='ltr'><strong>ostrea,</strong></span> <span class='ocrx_word' id='word_1_13' title='bbox 1875 489 2098 564; x_wconf 78' lang='lat' dir='ltr'><strong>grandia</strong></span> 
     </span>
    </p>
   </div>
   <div class='ocr_carea' id='block_1_4' title="bbox 895 565 1841 643">
    <p class='ocr_par' dir='ltr' id='par_1_4' title="bbox 895 565 1841 643">
     <span class='ocr_line' id='line_1_4' title="bbox 895 565 1841 643; baseline -0.011 -16"><span class='ocrx_word' id='word_1_14' title='bbox 895 572 1126 643; x_wconf 85' lang='lat' dir='ltr'><strong>quidem,</strong></span> <span class='ocrx_word' id='word_1_15' title='bbox 1150 570 1240 625; x_wconf 86' lang='lat' dir='ltr'><strong>sed</strong></span> <span class='ocrx_word' id='word_1_16' title='bbox 1268 580 1375 623; x_wconf 84' lang='lat' dir='ltr'><strong>tant</strong></span> <span class='ocrx_word' id='word_1_17' title='bbox 1401 565 1573 640; x_wconf 71' lang='lat' dir='ltr'><strong>pauca</strong></span> <span class='ocrx_word' id='word_1_18' title='bbox 1598 565 1841 620; x_wconf 76' lang='lat' dir='ltr'><strong>misisset.</strong></span> 
     </span>
    </p>
   </div>
   <div class='ocr_carea' id='block_1_5' title="bbox 574 679 1849 753">
    <p class='ocr_par' dir='ltr' id='par_1_5' title="bbox 574 679 1849 753">
     <span class='ocr_line' id='line_1_5' title="bbox 574 679 1849 753; baseline -0.009 -9"><span class='ocrx_word' id='word_1_19' title='bbox 574 690 765 744; x_wconf 77' lang='lat' dir='ltr'><strong>Ostrea</strong></span> <span class='ocrx_word' id='word_1_20' title='bbox 804 685 1022 743; x_wconf 81' lang='lat' dir='ltr'><strong>Baianis</strong></span> <span class='ocrx_word' id='word_1_21' title='bbox 1042 681 1335 751; x_wconf 75' lang='lat' dir='ltr'><strong>certantia,</strong></span> <span class='ocrx_word' id='word_1_22' title='bbox 1364 697 1486 753; x_wconf 77' lang='lat' dir='ltr'><strong>qua&#39;:</strong></span> <span class='ocrx_word' id='word_1_23' title='bbox 1510 679 1849 737; x_wconf 84' lang='lat' dir='ltr'><strong>Medulorum</strong></span> 
     </span>
    </p>
   </div>
   <div class='ocr_carea' id='block_1_6' title="bbox 574 771 1990 847">
    <p class='ocr_par' dir='ltr' id='par_1_6' title="bbox 574 771 1990 847">
     <span class='ocr_line' id='line_1_6' title="bbox 574 771 1990 847; baseline -0.008 -10"><span class='ocrx_word' id='word_1_24' title='bbox 574 780 832 837; x_wconf 86' lang='lat' dir='ltr'><strong>Dulcibus</strong></span> <span class='ocrx_word' id='word_1_25' title='bbox 862 779 916 834; x_wconf 91' lang='lat' dir='ltr'><strong>in</strong></span> <span class='ocrx_word' id='word_1_26' title='bbox 941 777 1146 847; x_wconf 84' lang='lat' dir='ltr'><strong>stagnis</strong></span> <span class='ocrx_word' id='word_1_27' title='bbox 1172 774 1328 830; x_wconf 87' lang='lat' dir='ltr'><strong>retlui</strong></span> <span class='ocrx_word' id='word_1_28' title='bbox 1360 776 1530 831; x_wconf 89' lang='lat' dir='ltr'><strong>maris</strong></span> <span class='ocrx_word' id='word_1_29' title='bbox 1560 783 1730 829; x_wconf 83' lang='lat' dir='ltr'><strong>aestus</strong></span> <span class='ocrx_word' id='word_1_30' title='bbox 1758 771 1990 842; x_wconf 87' lang='lat' dir='ltr'><strong>opimat,</strong></span> 
     </span>
    </p>
   </div>
   <div class='ocr_carea' id='block_1_7' title="bbox 564 866 1900 942">
    <p class='ocr_par' dir='ltr' id='par_1_7' title="bbox 564 866 1900 942">
     <span class='ocr_line' id='line_1_7' title="bbox 564 866 1900 942; baseline -0.008 -13"><span class='ocrx_word' id='word_1_31' title='bbox 564 873 792 942; x_wconf 83' lang='lat' dir='ltr'><strong>Accepi,</strong></span> <span class='ocrx_word' id='word_1_32' title='bbox 823 871 1029 926; x_wconf 77' lang='lat' dir='ltr'><strong>dilecte</strong></span> <span class='ocrx_word' id='word_1_33' title='bbox 1055 869 1269 936; x_wconf 88' lang='lat' dir='ltr'><strong>Theon,</strong></span> <span class='ocrx_word' id='word_1_34' title='bbox 1309 866 1652 923; x_wconf 90' lang='lat' dir='ltr'><strong>numerabile</strong></span> <span class='ocrx_word' id='word_1_35' title='bbox 1682 879 1900 920; x_wconf 90' lang='lat' dir='ltr'><strong>munus.</strong></span> 
     </span>
    </p>
   </div>
   <div class='ocr_carea' id='block_1_8' title="bbox 573 955 2167 1035">
    <p class='ocr_par' dir='ltr' id='par_1_8' title="bbox 573 955 2167 1035">
     <span class='ocr_line' id='line_1_8' title="bbox 573 955 2167 1035; baseline -0.005 -17"><span class='ocrx_word' id='word_1_36' title='bbox 573 964 776 1019; x_wconf 85' lang='lat' dir='ltr'><strong>Verum</strong></span> <span class='ocrx_word' id='word_1_37' title='bbox 819 972 949 1035; x_wconf 89' lang='lat' dir='ltr'><strong>quot</strong></span> <span class='ocrx_word' id='word_1_38' title='bbox 1004 961 1230 1029; x_wconf 82' lang='lat' dir='ltr'><strong>fuerim,</strong></span> <span class='ocrx_word' id='word_1_39' title='bbox 1266 960 1516 1031; x_wconf 83' lang='lat' dir='ltr'><strong>subjecta</strong></span> <span class='ocrx_word' id='word_1_40' title='bbox 1556 958 1903 1015; x_wconf 90' lang='lat' dir='ltr'><strong>monosticha</strong></span> <span class='ocrx_word' id='word_1_41' title='bbox 1931 955 2167 1028; x_wconf 90' lang='lat' dir='ltr'><strong>signant.</strong></span> 
     </span>
    </p>
   </div>
   <div class='ocr_carea' id='block_1_9' title="bbox 574 1049 2016 1125">
    <p class='ocr_par' dir='ltr' id='par_1_9' title="bbox 574 1049 2016 1125">
     <span class='ocr_line' id='line_1_9' title="bbox 574 1049 2016 1125; baseline -0.005 -14"><span class='ocrx_word' id='word_1_42' title='bbox 574 1056 721 1123; x_wconf 88' lang='lat' dir='ltr'><strong>Quot</strong></span> <span class='ocrx_word' id='word_1_43' title='bbox 747 1065 832 1112; x_wconf 88' lang='lat' dir='ltr'><strong>ter</strong></span> <span class='ocrx_word' id='word_1_44' title='bbox 868 1056 1109 1111; x_wconf 89' lang='lat' dir='ltr'><strong>luctatus</strong></span> <span class='ocrx_word' id='word_1_45' title='bbox 1136 1070 1260 1112; x_wconf 91' lang='lat' dir='ltr'><strong>cum</strong></span> <span class='ocrx_word' id='word_1_46' title='bbox 1290 1055 1493 1125; x_wconf 84' lang='lat' dir='ltr'><strong>pollice</strong></span> <span class='ocrx_word' id='word_1_47' title='bbox 1521 1059 1799 1122; x_wconf 90' lang='lat' dir='ltr'><strong>computat</strong></span> <span class='ocrx_word' id='word_1_48' title='bbox 1831 1049 2016 1106; x_wconf 82' lang='lat' dir='ltr'><strong>index.</strong></span> 
     </span>
    </p>
   </div>
   <div class='ocr_carea' id='block_1_10' title="bbox 572 1145 2004 1219">
    <p class='ocr_par' dir='ltr' id='par_1_10' title="bbox 572 1145 2004 1219">
     <span class='ocr_line' id='line_1_10' title="bbox 572 1145 2004 1219; baseline -0.008 -12"><span class='ocrx_word' id='word_1_49' title='bbox 572 1150 858 1218; x_wconf 80' lang='lat' dir='ltr'><strong>Geryones</strong></span> <span class='ocrx_word' id='word_1_50' title='bbox 885 1158 1020 1219; x_wconf 86' lang='lat' dir='ltr'><strong>quot</strong></span> <span class='ocrx_word' id='word_1_51' title='bbox 1048 1158 1232 1215; x_wconf 88' lang='lat' dir='ltr'><strong>erant,</strong></span> <span class='ocrx_word' id='word_1_52' title='bbox 1260 1147 1446 1204; x_wconf 84' lang='lat' dir='ltr'><strong>decies</strong></span> <span class='ocrx_word' id='word_1_53' title='bbox 1477 1147 1521 1203; x_wconf 90' lang='lat' dir='ltr'><strong>si</strong></span> <span class='ocrx_word' id='word_1_54' title='bbox 1552 1145 2004 1214; x_wconf 87' lang='lat' dir='ltr'><strong>multiplicemur.</strong></span> 
     </span>
    </p>
   </div>
   <div class='ocr_carea' id='block_1_11' title="bbox 573 1232 2061 1312">
    <p class='ocr_par' dir='ltr' id='par_1_11' title="bbox 573 1232 2061 1312">
     <span class='ocr_line' id='line_1_11' title="bbox 573 1232 2061 1312; baseline -0.007 -15"><span class='ocrx_word' id='word_1_55' title='bbox 573 1242 683 1297; x_wconf 87' lang='lat' dir='ltr'><strong>Ter</strong></span> <span class='ocrx_word' id='word_1_56' title='bbox 712 1249 847 1312; x_wconf 92' lang='lat' dir='ltr'><strong>quot</strong></span> <span class='ocrx_word' id='word_1_57' title='bbox 871 1250 1031 1295; x_wconf 89' lang='lat' dir='ltr'><strong>erant</strong></span> <span class='ocrx_word' id='word_1_58' title='bbox 1058 1239 1279 1312; x_wconf 79' lang='lat' dir='ltr'><strong>Phrygii</strong></span> <span class='ocrx_word' id='word_1_59' title='bbox 1303 1246 1593 1294; x_wconf 89' lang='lat' dir='ltr'><strong>numerata</strong></span> <span class='ocrx_word' id='word_1_60' title='bbox 1613 1235 1874 1291; x_wconf 90' lang='lat' dir='ltr'><strong>dceennia</strong></span> <span class='ocrx_word' id='word_1_61' title='bbox 1906 1232 2061 1289; x_wconf 87' lang='lat' dir='ltr'><strong>belli.</strong></span> 
     </span>
    </p>
   </div>
   <div class='ocr_carea' id='block_1_12' title="bbox 572 1327 2015 1401">
    <p class='ocr_par' dir='ltr' id='par_1_12' title="bbox 572 1327 2015 1401">
     <span class='ocr_line' id='line_1_12' title="bbox 572 1327 2015 1401; baseline -0.003 -13"><span class='ocrx_word' id='word_1_62' title='bbox 572 1333 683 1388; x_wconf 84' lang='lat' dir='ltr'><strong>Aut</strong></span> <span class='ocrx_word' id='word_1_63' title='bbox 713 1343 795 1389; x_wconf 90' lang='lat' dir='ltr'><strong>ter</strong></span> <span class='ocrx_word' id='word_1_64' title='bbox 823 1342 884 1389; x_wconf 90' lang='lat' dir='ltr'><strong>ut</strong></span> <span class='ocrx_word' id='word_1_65' title='bbox 920 1333 1127 1390; x_wconf 65' lang='lat' dir='ltr'><strong>Eolidi</strong></span> <span class='ocrx_word' id='word_1_66' title='bbox 1154 1332 1360 1388; x_wconf 86' lang='lat' dir='ltr'><strong>mensis</strong></span> <span class='ocrx_word' id='word_1_67' title='bbox 1396 1341 1543 1387; x_wconf 87' lang='lat' dir='ltr'><strong>tenet</strong></span> <span class='ocrx_word' id='word_1_68' title='bbox 1571 1329 1873 1401; x_wconf 89' lang='lat' dir='ltr'><strong>ignicomus</strong></span> <span class='ocrx_word' id='word_1_69' title='bbox 1897 1327 2015 1385; x_wconf 93' lang='lat' dir='ltr'><strong>Sol.</strong></span> 
     </span>
    </p>
   </div>
   <div class='ocr_carea' id='block_1_13' title="bbox 575 1420 2168 1496">
    <p class='ocr_par' dir='ltr' id='par_1_13' title="bbox 575 1420 2168 1496">
     <span class='ocr_line' id='line_1_13' title="bbox 575 1420 2168 1496; baseline -0.003 -16"><span class='ocrx_word' id='word_1_70' title='bbox 575 1425 850 1480; x_wconf 82' lang='lat' dir='ltr'><strong>Cornibus</strong></span> <span class='ocrx_word' id='word_1_71' title='bbox 881 1440 909 1477; x_wconf 92' lang='lat' dir='ltr'><strong>a</strong></span> <span class='ocrx_word' id='word_1_72' title='bbox 958 1424 1149 1492; x_wconf 87' lang='lat' dir='ltr'><strong>primis</strong></span> <span class='ocrx_word' id='word_1_73' title='bbox 1176 1433 1309 1496; x_wconf 89' lang='lat' dir='ltr'><strong>quot</strong></span> <span class='ocrx_word' id='word_1_74' title='bbox 1342 1423 1507 1479; x_wconf 89' lang='lat' dir='ltr'><strong>habet</strong></span> <span class='ocrx_word' id='word_1_75' title='bbox 1531 1437 1664 1493; x_wconf 89' lang='lat' dir='ltr'><strong>vaga</strong></span> <span class='ocrx_word' id='word_1_76' title='bbox 1691 1420 1925 1494; x_wconf 84' lang='lat' dir='ltr'><strong>Cynthia</strong></span> <span class='ocrx_word' id='word_1_77' title='bbox 1957 1431 2168 1477; x_wconf 89' lang='lat' dir='ltr'><strong>noctes.</strong></span> 
     </span>
    </p>
   </div>
   <div class='ocr_carea' id='block_1_14' title="bbox 574 1515 1885 1589">
    <p class='ocr_par' dir='ltr' id='par_1_14' title="bbox 574 1515 1885 1589">
     <span class='ocr_line' id='line_1_14' title="bbox 574 1515 1885 1589; baseline -0.004 -15"><span class='ocrx_word' id='word_1_78' title='bbox 574 1518 805 1588; x_wconf 84' lang='lat' dir='ltr'><strong>Singula</strong></span> <span class='ocrx_word' id='word_1_79' title='bbox 837 1517 1115 1589; x_wconf 88' lang='lat' dir='ltr'><strong>percurrit</strong></span> <span class='ocrx_word' id='word_1_80' title='bbox 1139 1517 1300 1573; x_wconf 82' lang='lat' dir='ltr'><strong>Titan</strong></span> <span class='ocrx_word' id='word_1_81' title='bbox 1330 1526 1459 1588; x_wconf 90' lang='lat' dir='ltr'><strong>quot</strong></span> <span class='ocrx_word' id='word_1_82' title='bbox 1483 1516 1633 1586; x_wconf 89' lang='lat' dir='ltr'><strong>signa</strong></span> <span class='ocrx_word' id='word_1_83' title='bbox 1668 1515 1885 1571; x_wconf 86' lang='lat' dir='ltr'><strong>diebus.</strong></span> 
     </span>
    </p>
   </div>
   <div class='ocr_carea' id='block_1_15' title="bbox 574 1609 2061 1682">
    <p class='ocr_par' dir='ltr' id='par_1_15' title="bbox 574 1609 2061 1682">
     <span class='ocr_line' id='line_1_15' title="bbox 574 1609 2061 1682; baseline -0.001 -17"><span class='ocrx_word' id='word_1_84' title='bbox 574 1612 826 1682; x_wconf 85' lang='lat' dir='ltr'><strong>Quotque</strong></span> <span class='ocrx_word' id='word_1_85' title='bbox 854 1611 1014 1669; x_wconf 84' lang='lat' dir='ltr'><strong>annis</strong></span> <span class='ocrx_word' id='word_1_86' title='bbox 1044 1611 1295 1668; x_wconf 88' lang='lat' dir='ltr'><strong>sublimis</strong></span> <span class='ocrx_word' id='word_1_87' title='bbox 1318 1612 1427 1682; x_wconf 82' lang='lat' dir='ltr'><strong>agit</strong></span> <span class='ocrx_word' id='word_1_88' title='bbox 1449 1626 1549 1666; x_wconf 90' lang='lat' dir='ltr'><strong>sua</strong></span> <span class='ocrx_word' id='word_1_89' title='bbox 1576 1610 1762 1667; x_wconf 89' lang='lat' dir='ltr'><strong>secula</strong></span> <span class='ocrx_word' id='word_1_90' title='bbox 1794 1609 2061 1665; x_wconf 77' lang='lat' dir='ltr'><strong>Phtenon.</strong></span> 
     </span>
    </p>
   </div>
   <div class='ocr_carea' id='block_1_16' title="bbox 571 1701 2162 1774">
    <p class='ocr_par' dir='ltr' id='par_1_16' title="bbox 571 1701 2162 1774">
     <span class='ocr_line' id='line_1_16' title="bbox 571 1701 2162 1774; baseline -0.001 -17"><span class='ocrx_word' id='word_1_91' title='bbox 571 1704 715 1773; x_wconf 84' lang='lat' dir='ltr'><strong>Quot</strong></span> <span class='ocrx_word' id='word_1_92' title='bbox 760 1719 1047 1760; x_wconf 86' lang='lat' dir='ltr'><strong>numerum</strong></span> <span class='ocrx_word' id='word_1_93' title='bbox 1094 1719 1365 1761; x_wconf 88' lang='lat' dir='ltr'><strong>annorum</strong></span> <span class='ocrx_word' id='word_1_94' title='bbox 1400 1703 1636 1759; x_wconf 89' lang='lat' dir='ltr'><strong>Vestalis</strong></span> <span class='ocrx_word' id='word_1_95' title='bbox 1680 1704 1835 1774; x_wconf 88' lang='lat' dir='ltr'><strong>virgo</strong></span> <span class='ocrx_word' id='word_1_96' title='bbox 1864 1701 2162 1768; x_wconf 85' lang='lat' dir='ltr'><strong>ministrat,</strong></span> 
     </span>
    </p>
   </div>
   <div class='ocr_carea' id='block_1_17' title="bbox 580 1794 2038 1868">
    <p class='ocr_par' dir='ltr' id='par_1_17' title="bbox 580 1794 2038 1868">
     <span class='ocr_line' id='line_1_17' title="bbox 580 1794 2038 1868; baseline -0.002 -18"><span class='ocrx_word' id='word_1_97' title='bbox 580 1796 999 1867; x_wconf 89' lang='lat' dir='ltr'><strong>Dardaniusque</strong></span> <span class='ocrx_word' id='word_1_98' title='bbox 1024 1812 1192 1867; x_wconf 83' lang='lat' dir='ltr'><strong>nepos</strong></span> <span class='ocrx_word' id='word_1_99' title='bbox 1221 1812 1389 1868; x_wconf 83' lang='lat' dir='ltr'><strong>regno</strong></span> <span class='ocrx_word' id='word_1_100' title='bbox 1419 1804 1556 1868; x_wconf 88' lang='lat' dir='ltr'><strong>quot</strong></span> <span class='ocrx_word' id='word_1_101' title='bbox 1584 1794 1816 1866; x_wconf 90' lang='lat' dir='ltr'><strong>protulit</strong></span> <span class='ocrx_word' id='word_1_102' title='bbox 1845 1808 2038 1849; x_wconf 90' lang='lat' dir='ltr'><strong>annos.</strong></span> 
     </span>
    </p>
   </div>
   <div class='ocr_carea' id='block_1_18' title="bbox 574 1886 1956 1961">
    <p class='ocr_par' dir='ltr' id='par_1_18' title="bbox 574 1886 1956 1961">
     <span class='ocr_line' id='line_1_18' title="bbox 574 1886 1956 1961; baseline -0.004 -17"><span class='ocrx_word' id='word_1_103' title='bbox 574 1888 865 1945; x_wconf 65' lang='lat' dir='ltr'><strong>Priamidae</strong></span> <span class='ocrx_word' id='word_1_104' title='bbox 890 1898 1025 1961; x_wconf 88' lang='lat' dir='ltr'><strong>quot</strong></span> <span class='ocrx_word' id='word_1_105' title='bbox 1046 1898 1225 1957; x_wconf 89' lang='lat' dir='ltr'><strong>erant,</strong></span> <span class='ocrx_word' id='word_1_106' title='bbox 1249 1891 1295 1945; x_wconf 88' lang='lat' dir='ltr'><strong>si</strong></span> <span class='ocrx_word' id='word_1_107' title='bbox 1326 1890 1409 1944; x_wconf 85' lang='lat' dir='ltr'><strong>his</strong></span> <span class='ocrx_word' id='word_1_108' title='bbox 1433 1888 1555 1943; x_wconf 87' lang='lat' dir='ltr'><strong>deni</strong></span> <span class='ocrx_word' id='word_1_109' title='bbox 1585 1886 1956 1944; x_wconf 87' lang='lat' dir='ltr'><strong>retrahantur.</strong></span> 
     </span>
    </p>
   </div>
   <div class='ocr_carea' id='block_1_19' title="bbox 580 1978 2170 2053">
    <p class='ocr_par' dir='ltr' id='par_1_19' title="bbox 580 1978 2170 2053">
     <span class='ocr_line' id='line_1_19' title="bbox 580 1978 2170 2053; baseline -0.003 -18"><span class='ocrx_word' id='word_1_110' title='bbox 580 1980 781 2053; x_wconf 87' lang='lat' dir='ltr'><strong>Bisque</strong></span> <span class='ocrx_word' id='word_1_111' title='bbox 817 1982 965 2037; x_wconf 86' lang='lat' dir='ltr'><strong>viros</strong></span> <span class='ocrx_word' id='word_1_112' title='bbox 997 1995 1275 2047; x_wconf 87' lang='lat' dir='ltr'><strong>numeres,</strong></span> <span class='ocrx_word' id='word_1_113' title='bbox 1305 1980 1397 2052; x_wconf 88' lang='lat' dir='ltr'><strong>qui</strong></span> <span class='ocrx_word' id='word_1_114' title='bbox 1428 1980 1535 2034; x_wconf 85' lang='lat' dir='ltr'><strong>fata</strong></span> <span class='ocrx_word' id='word_1_115' title='bbox 1566 1978 1894 2050; x_wconf 79' lang='lat' dir='ltr'><strong>Amphrysia</strong></span> <span class='ocrx_word' id='word_1_116' title='bbox 1921 1984 2170 2034; x_wconf 85' lang='lat' dir='ltr'><strong>servant.</strong></span> 
     </span>
    </p>
   </div>
   <div class='ocr_carea' id='block_1_20' title="bbox 575 2072 1820 2143">
    <p class='ocr_par' dir='ltr' id='par_1_20' title="bbox 575 2072 1820 2143">
     <span class='ocr_line' id='line_1_20' title="bbox 575 2072 1820 2143; baseline 0 -16"><span class='ocrx_word' id='word_1_117' title='bbox 575 2072 715 2141; x_wconf 83' lang='lat' dir='ltr'><strong>Quot</strong></span> <span class='ocrx_word' id='word_1_118' title='bbox 737 2074 925 2143; x_wconf 86' lang='lat' dir='ltr'><strong>genuit</strong></span> <span class='ocrx_word' id='word_1_119' title='bbox 950 2073 1091 2129; x_wconf 90' lang='lat' dir='ltr'><strong>fetus</strong></span> <span class='ocrx_word' id='word_1_120' title='bbox 1114 2075 1320 2130; x_wconf 88' lang='lat' dir='ltr'><strong>Albana</strong></span> <span class='ocrx_word' id='word_1_121' title='bbox 1344 2073 1446 2130; x_wconf 91' lang='lat' dir='ltr'><strong>sub</strong></span> <span class='ocrx_word' id='word_1_122' title='bbox 1468 2072 1685 2129; x_wconf 89' lang='lat' dir='ltr'><strong>ilicibus</strong></span> <span class='ocrx_word' id='word_1_123' title='bbox 1708 2087 1820 2128; x_wconf 88' lang='lat' dir='ltr'><strong>sus.</strong></span> 
     </span>
    </p>
   </div>
   <div class='ocr_carea' id='block_1_21' title="bbox 488 2162 1879 2236">
    <p class='ocr_par' dir='ltr' id='par_1_21' title="bbox 488 2162 1879 2236">
     <span class='ocr_line' id='line_1_21' title="bbox 488 2162 1879 2236; baseline 0.002 -21"><span class='ocrx_word' id='word_1_124' title='bbox 488 2180 503 2187; x_wconf 83' lang='grc'><strong>-</strong></span> <span class='ocrx_word' id='word_1_125' title='bbox 578 2162 645 2216; x_wconf 90' lang='lat' dir='ltr'><strong>Et</strong></span> <span class='ocrx_word' id='word_1_126' title='bbox 667 2171 802 2233; x_wconf 90' lang='lat' dir='ltr'><strong>quot</strong></span> <span class='ocrx_word' id='word_1_127' title='bbox 832 2174 960 2221; x_wconf 90' lang='lat' dir='ltr'><strong>sunt</strong></span> <span class='ocrx_word' id='word_1_128' title='bbox 984 2180 1157 2232; x_wconf 89' lang='lat' dir='ltr'><strong>asses,</strong></span> <span class='ocrx_word' id='word_1_129' title='bbox 1188 2166 1275 2222; x_wconf 90' lang='lat' dir='ltr'><strong>ubi</strong></span> <span class='ocrx_word' id='word_1_130' title='bbox 1307 2166 1599 2236; x_wconf 80' lang='lat' dir='ltr'><strong>nonaginta</strong></span> <span class='ocrx_word' id='word_1_131' title='bbox 1633 2165 1879 2221; x_wconf 90' lang='lat' dir='ltr'><strong>trientes.</strong></span> 
     </span>
    </p>
   </div>
   <div class='ocr_carea' id='block_1_22' title="bbox 580 2256 2025 2330">
    <p class='ocr_par' dir='ltr' id='par_1_22' title="bbox 580 2256 2025 2330">
     <span class='ocr_line' id='line_1_22' title="bbox 580 2256 2025 2330; baseline 0.001 -19"><span class='ocrx_word' id='word_1_132' title='bbox 580 2256 679 2314; x_wconf 89' lang='lat' dir='ltr'><strong>Vel</strong></span> <span class='ocrx_word' id='word_1_133' title='bbox 707 2268 842 2330; x_wconf 91' lang='lat' dir='ltr'><strong>quot</strong></span> <span class='ocrx_word' id='word_1_134' title='bbox 865 2261 1027 2315; x_wconf 88' lang='lat' dir='ltr'><strong>habet</strong></span> <span class='ocrx_word' id='word_1_135' title='bbox 1057 2268 1253 2316; x_wconf 89' lang='lat' dir='ltr'><strong>unctos</strong></span> <span class='ocrx_word' id='word_1_136' title='bbox 1277 2260 1532 2315; x_wconf 87' lang='lat' dir='ltr'><strong>Vasatica</strong></span> <span class='ocrx_word' id='word_1_137' title='bbox 1562 2259 1732 2315; x_wconf 87' lang='lat' dir='ltr'><strong>rheda</strong></span> <span class='ocrx_word' id='word_1_138' title='bbox 1765 2256 2025 2315; x_wconf 88' lang='lat' dir='ltr'><strong>caballos.</strong></span> 
     </span>
    </p>
   </div>
   <div class='ocr_carea' id='block_1_23' title="bbox 724 2350 1813 2423">
    <p class='ocr_par' dir='ltr' id='par_1_23' title="bbox 724 2350 1813 2423">
     <span class='ocr_line' id='line_1_23' title="bbox 724 2350 1813 2423; baseline 0.001 -19"><span class='ocrx_word' id='word_1_139' title='bbox 724 2350 878 2416; x_wconf 89' lang='lat' dir='ltr'><strong>Quod</strong></span> <span class='ocrx_word' id='word_1_140' title='bbox 907 2352 952 2405; x_wconf 90' lang='lat' dir='ltr'><strong>si</strong></span> <span class='ocrx_word' id='word_1_141' title='bbox 987 2351 1186 2423; x_wconf 86' lang='lat' dir='ltr'><strong>figuras</strong></span> <span class='ocrx_word' id='word_1_142' title='bbox 1217 2351 1414 2408; x_wconf 88' lang='lat' dir='ltr'><strong>fabulis</strong></span> <span class='ocrx_word' id='word_1_143' title='bbox 1442 2352 1813 2418; x_wconf 86' lang='lat' dir='ltr'><strong>adumbratas,</strong></span> 
     </span>
    </p>
   </div>
   <div class='ocr_carea' id='block_1_24' title="bbox 723 2441 2015 2516">
    <p class='ocr_par' dir='ltr' id='par_1_24' title="bbox 723 2441 2015 2516">
     <span class='ocr_line' id='line_1_24' title="bbox 723 2441 2015 2516; baseline 0.002 -20"><span class='ocrx_word' id='word_1_144' title='bbox 723 2441 1128 2511; x_wconf 88' lang='lat' dir='ltr'><strong>Numerumque</strong></span> <span class='ocrx_word' id='word_1_145' title='bbox 1155 2443 1331 2499; x_wconf 88' lang='lat' dir='ltr'><strong>doctis</strong></span> <span class='ocrx_word' id='word_1_146' title='bbox 1360 2442 1663 2498; x_wconf 89' lang='lat' dir='ltr'><strong>involutum</strong></span> <span class='ocrx_word' id='word_1_147' title='bbox 1695 2442 2015 2516; x_wconf 88' lang='lat' dir='ltr'><strong>ambagibus</strong></span> 
     </span>
    </p>
   </div>
   <div class='ocr_carea' id='block_1_25' title="bbox 720 2535 1741 2607">
    <p class='ocr_par' dir='ltr' id='par_1_25' title="bbox 720 2535 1741 2607">
     <span class='ocr_line' id='line_1_25' title="bbox 720 2535 1741 2607; baseline 0.003 -19"><span class='ocrx_word' id='word_1_148' title='bbox 720 2535 942 2607; x_wconf 83' lang='lat' dir='ltr'><strong>Ignorat</strong></span> <span class='ocrx_word' id='word_1_149' title='bbox 964 2536 1075 2591; x_wconf 87' lang='lat' dir='ltr'><strong>alto</strong></span> <span class='ocrx_word' id='word_1_150' title='bbox 1108 2552 1261 2593; x_wconf 87' lang='lat' dir='ltr'><strong>mens</strong></span> <span class='ocrx_word' id='word_1_151' title='bbox 1292 2538 1456 2593; x_wconf 88' lang='lat' dir='ltr'><strong>obesa</strong></span> <span class='ocrx_word' id='word_1_152' title='bbox 1481 2538 1693 2593; x_wconf 81' lang='lat' dir='ltr'><strong>viscere</strong></span> <span class='ocrx_word' id='word_1_153' title='bbox 1729 2556 1741 2591; x_wconf 91' lang='lat'><strong>:</strong></span> 
     </span>
    </p>
   </div>
   <div class='ocr_carea' id='block_1_26' title="bbox 718 2631 1930 2705">
    <p class='ocr_par' dir='ltr' id='par_1_26' title="bbox 718 2631 1930 2705">
     <span class='ocr_line' id='line_1_26' title="bbox 718 2631 1930 2705; baseline -0.001 -18"><span class='ocrx_word' id='word_1_154' title='bbox 718 2631 1022 2687; x_wconf 84' lang='lat' dir='ltr'><strong>Numerare</strong></span> <span class='ocrx_word' id='word_1_155' title='bbox 1043 2633 1225 2687; x_wconf 87' lang='lat' dir='ltr'><strong>saltim</strong></span> <span class='ocrx_word' id='word_1_156' title='bbox 1251 2647 1402 2688; x_wconf 90' lang='lat' dir='ltr'><strong>more</strong></span> <span class='ocrx_word' id='word_1_157' title='bbox 1424 2633 1571 2705; x_wconf 82' lang='lat' dir='ltr'><strong>vulgi</strong></span> <span class='ocrx_word' id='word_1_158' title='bbox 1596 2642 1652 2687; x_wconf 88' lang='lat' dir='ltr'><strong>ut</strong></span> <span class='ocrx_word' id='word_1_159' title='bbox 1688 2632 1930 2688; x_wconf 85' lang='lat' dir='ltr'><strong>noveris.</strong></span> 
     </span>
    </p>
   </div>
   <div class='ocr_carea' id='block_1_27' title="bbox 719 2724 1809 2793">
    <p class='ocr_par' dir='ltr' id='par_1_27' title="bbox 719 2724 1809 2793">
     <span class='ocr_line' id='line_1_27' title="bbox 719 2724 1809 2793; baseline 0.003 -14"><span class='ocrx_word' id='word_1_160' title='bbox 719 2724 777 2779; x_wconf 88' lang='lat' dir='ltr'><strong>In</strong></span> <span class='ocrx_word' id='word_1_161' title='bbox 811 2741 871 2781; x_wconf 90' lang='lat' dir='ltr'><strong>se</strong></span> <span class='ocrx_word' id='word_1_162' title='bbox 901 2735 1142 2781; x_wconf 85' lang='lat' dir='ltr'><strong>retortas</strong></span> <span class='ocrx_word' id='word_1_163' title='bbox 1165 2726 1456 2793; x_wconf 80' lang='lat' dir='ltr'><strong>explicabo</strong></span> <span class='ocrx_word' id='word_1_164' title='bbox 1488 2727 1809 2782; x_wconf 90' lang='lat' dir='ltr'><strong>summulas.</strong></span> 
     </span>
    </p>
   </div>
   <div class='ocr_carea' id='block_1_28' title="bbox 645 2816 1804 2891">
    <p class='ocr_par' dir='ltr' id='par_1_28' title="bbox 645 2816 1804 2891">
     <span class='ocr_line' id='line_1_28' title="bbox 645 2816 1804 2891; baseline 0.002 -18"><span class='ocrx_word' id='word_1_165' title='bbox 645 2816 754 2873; x_wconf 92' lang='lat' dir='ltr'><strong>Tcr</strong></span> <span class='ocrx_word' id='word_1_166' title='bbox 783 2818 977 2885; x_wconf 89' lang='lat' dir='ltr'><strong>denas,</strong></span> <span class='ocrx_word' id='word_1_167' title='bbox 1013 2829 1165 2889; x_wconf 86' lang='lat' dir='ltr'><strong>puto,</strong></span> <span class='ocrx_word' id='word_1_168' title='bbox 1199 2819 1601 2891; x_wconf 91' lang='lat' dir='ltr'><strong>quinquiesque</strong></span> <span class='ocrx_word' id='word_1_169' title='bbox 1624 2835 1804 2877; x_wconf 89' lang='lat' dir='ltr'><strong>senas.</strong></span> 
     </span>
    </p>
   </div>
   <div class='ocr_carea' id='block_1_29' title="bbox 644 2908 1962 2985">
    <p class='ocr_par' dir='ltr' id='par_1_29' title="bbox 644 2908 1962 2985">
     <span class='ocr_line' id='line_1_29' title="bbox 644 2908 1962 2985; baseline 0.004 -23"><span class='ocrx_word' id='word_1_170' title='bbox 644 2908 746 2966; x_wconf 81' lang='lat' dir='ltr'><strong>Vel</strong></span> <span class='ocrx_word' id='word_1_171' title='bbox 765 2911 849 2964; x_wconf 89' lang='lat' dir='ltr'><strong>his</strong></span> <span class='ocrx_word' id='word_1_172' title='bbox 876 2911 1142 2983; x_wconf 89' lang='lat' dir='ltr'><strong>quinque,</strong></span> <span class='ocrx_word' id='word_1_173' title='bbox 1176 2912 1394 2981; x_wconf 88' lang='lat' dir='ltr'><strong>dehinc,</strong></span> <span class='ocrx_word' id='word_1_174' title='bbox 1427 2914 1617 2969; x_wconf 90' lang='lat' dir='ltr'><strong>decem</strong></span> <span class='ocrx_word' id='word_1_175' title='bbox 1640 2914 1962 2985; x_wconf 84' lang='lat' dir='ltr'><strong>decemque.</strong></span> 
     </span>
    </p>
   </div>
   <div class='ocr_carea' id='block_1_30' title="bbox 646 3001 1764 3075">
    <p class='ocr_par' dir='ltr' id='par_1_30' title="bbox 646 3001 1764 3075">
     <span class='ocr_line' id='line_1_30' title="bbox 646 3001 1764 3075; baseline 0.004 -19"><span class='ocrx_word' id='word_1_176' title='bbox 646 3001 744 3057; x_wconf 85' lang='lat' dir='ltr'><strong>Vel</strong></span> <span class='ocrx_word' id='word_1_177' title='bbox 771 3017 933 3058; x_wconf 88' lang='lat' dir='ltr'><strong>senas</strong></span> <span class='ocrx_word' id='word_1_178' title='bbox 954 3015 1173 3075; x_wconf 89' lang='lat' dir='ltr'><strong>quater,</strong></span> <span class='ocrx_word' id='word_1_179' title='bbox 1203 3014 1258 3061; x_wconf 89' lang='lat' dir='ltr'><strong>et</strong></span> <span class='ocrx_word' id='word_1_180' title='bbox 1288 3006 1368 3062; x_wconf 92' lang='lat' dir='ltr'><strong>bis</strong></span> <span class='ocrx_word' id='word_1_181' title='bbox 1395 3005 1535 3062; x_wconf 89' lang='lat' dir='ltr'><strong>adde</strong></span> <span class='ocrx_word' id='word_1_182' title='bbox 1562 3014 1764 3062; x_wconf 89' lang='lat' dir='ltr'><strong>ternas.</strong></span> 
     </span>
    </p>
   </div>
   <div class='ocr_carea' id='block_1_31' title="bbox 646 3092 1812 3167">
    <p class='ocr_par' dir='ltr' id='par_1_31' title="bbox 646 3092 1812 3167">
     <span class='ocr_line' id='line_1_31' title="bbox 646 3092 1812 3167; baseline 0.003 -19"><span class='ocrx_word' id='word_1_183' title='bbox 646 3092 916 3162; x_wconf 90' lang='lat' dir='ltr'><strong>Septenas</strong></span> <span class='ocrx_word' id='word_1_184' title='bbox 937 3104 1152 3167; x_wconf 88' lang='lat' dir='ltr'><strong>quater,</strong></span> <span class='ocrx_word' id='word_1_185' title='bbox 1184 3095 1323 3153; x_wconf 89' lang='lat' dir='ltr'><strong>adde</strong></span> <span class='ocrx_word' id='word_1_186' title='bbox 1346 3111 1504 3150; x_wconf 90' lang='lat' dir='ltr'><strong>unam</strong></span> <span class='ocrx_word' id='word_1_187' title='bbox 1536 3104 1590 3152; x_wconf 77' lang='lat' dir='ltr'><strong>et</strong></span> <span class='ocrx_word' id='word_1_188' title='bbox 1625 3111 1812 3151; x_wconf 88' lang='lat' dir='ltr'><strong>unam.</strong></span> 
     </span>
    </p>
   </div>
   <div class='ocr_carea' id='block_1_32' title="bbox 645 3185 1699 3260">
    <p class='ocr_par' dir='ltr' id='par_1_32' title="bbox 645 3185 1699 3260">
     <span class='ocr_line' id='line_1_32' title="bbox 645 3185 1699 3260; baseline 0.004 -21"><span class='ocrx_word' id='word_1_189' title='bbox 645 3185 760 3240; x_wconf 89' lang='lat' dir='ltr'><strong>Duc</strong></span> <span class='ocrx_word' id='word_1_190' title='bbox 786 3186 941 3241; x_wconf 89' lang='lat' dir='ltr'><strong>binas</strong></span> <span class='ocrx_word' id='word_1_191' title='bbox 970 3188 1177 3255; x_wconf 88' lang='lat' dir='ltr'><strong>decies,</strong></span> <span class='ocrx_word' id='word_1_192' title='bbox 1202 3191 1480 3260; x_wconf 88' lang='lat' dir='ltr'><strong>semelque</strong></span> <span class='ocrx_word' id='word_1_193' title='bbox 1509 3188 1699 3244; x_wconf 89' lang='lat' dir='ltr'><strong>denas.</strong></span> 
     </span>
    </p>
   </div>
   <div class='ocr_carea' id='block_1_33' title="bbox 645 3279 1672 3351">
    <p class='ocr_par' dir='ltr' id='par_1_33' title="bbox 645 3279 1672 3351">
     <span class='ocr_line' id='line_1_33' title="bbox 645 3279 1672 3351; baseline 0.004 -20"><span class='ocrx_word' id='word_1_194' title='bbox 645 3279 755 3332; x_wconf 88' lang='lat' dir='ltr'><strong>Aut</strong></span> <span class='ocrx_word' id='word_1_195' title='bbox 776 3286 861 3334; x_wconf 90' lang='lat' dir='ltr'><strong>ter</strong></span> <span class='ocrx_word' id='word_1_196' title='bbox 888 3289 1123 3351; x_wconf 87' lang='lat' dir='ltr'><strong>quatuor</strong></span> <span class='ocrx_word' id='word_1_197' title='bbox 1148 3280 1288 3337; x_wconf 89' lang='lat' dir='ltr'><strong>adde</strong></span> <span class='ocrx_word' id='word_1_198' title='bbox 1317 3281 1403 3336; x_wconf 89' lang='lat' dir='ltr'><strong>bis</strong></span> <span class='ocrx_word' id='word_1_199' title='bbox 1424 3282 1672 3337; x_wconf 89' lang='lat' dir='ltr'><strong>novenis.</strong></span> 
     </span>
    </p>
   </div>
   <div class='ocr_carea' id='block_1_34' title="bbox 644 3369 1729 3443">
    <p class='ocr_par' dir='ltr' id='par_1_34' title="bbox 644 3369 1729 3443">
     <span class='ocr_line' id='line_1_34' title="bbox 644 3369 1729 3443; baseline 0.002 -17"><span class='ocrx_word' id='word_1_200' title='bbox 644 3369 881 3426; x_wconf 88' lang='lat' dir='ltr'><strong>Octonas</strong></span> <span class='ocrx_word' id='word_1_201' title='bbox 903 3383 1117 3443; x_wconf 85' lang='lat' dir='ltr'><strong>quater,</strong></span> <span class='ocrx_word' id='word_1_202' title='bbox 1144 3373 1273 3427; x_wconf 91' lang='lat' dir='ltr'><strong>hinc</strong></span> <span class='ocrx_word' id='word_1_203' title='bbox 1302 3373 1423 3428; x_wconf 71' lang='lat' dir='ltr'><strong>dua:</strong></span> <span class='ocrx_word' id='word_1_204' title='bbox 1450 3373 1729 3429; x_wconf 88' lang='lat' dir='ltr'><strong>recedant.</strong></span> 
     </span>
    </p>
   </div>
   <div class='ocr_carea' id='block_1_35' title="bbox 645 3461 1679 3535">
    <p class='ocr_par' dir='ltr' id='par_1_35' title="bbox 645 3461 1679 3535">
     <span class='ocr_line' id='line_1_35' title="bbox 645 3461 1679 3535; baseline 0.003 -19"><span class='ocrx_word' id='word_1_205' title='bbox 645 3461 812 3517; x_wconf 88' lang='lat' dir='ltr'><strong>Binas</strong></span> <span class='ocrx_word' id='word_1_206' title='bbox 836 3461 1124 3531; x_wconf 77' lang='lat' dir='ltr'><strong>terdecies,</strong></span> <span class='ocrx_word' id='word_1_207' title='bbox 1158 3464 1328 3521; x_wconf 89' lang='lat' dir='ltr'><strong>semel</strong></span> <span class='ocrx_word' id='word_1_208' title='bbox 1358 3473 1679 3535; x_wconf 89' lang='lat' dir='ltr'><strong>quaternas.</strong></span> 
     </span>
    </p>
   </div>
   <div class='ocr_carea' id='block_1_36' title="bbox 643 3556 1768 3628">
    <p class='ocr_par' dir='ltr' id='par_1_36' title="bbox 643 3556 1768 3628">
     <span class='ocr_line' id='line_1_36' title="bbox 643 3556 1768 3628; baseline 0.001 -16"><span class='ocrx_word' id='word_1_209' title='bbox 643 3557 713 3612; x_wconf 90' lang='lat' dir='ltr'><strong>Et</strong></span> <span class='ocrx_word' id='word_1_210' title='bbox 739 3572 836 3612; x_wconf 76' lang='lat' dir='ltr'><strong>sex</strong></span> <span class='ocrx_word' id='word_1_211' title='bbox 869 3556 1008 3613; x_wconf 89' lang='lat' dir='ltr'><strong>adde</strong></span> <span class='ocrx_word' id='word_1_212' title='bbox 1037 3572 1231 3614; x_wconf 89' lang='lat' dir='ltr'><strong>novem</strong></span> <span class='ocrx_word' id='word_1_213' title='bbox 1259 3558 1348 3614; x_wconf 91' lang='lat' dir='ltr'><strong>vel</strong></span> <span class='ocrx_word' id='word_1_214' title='bbox 1376 3566 1503 3614; x_wconf 91' lang='lat' dir='ltr'><strong>octo</strong></span> <span class='ocrx_word' id='word_1_215' title='bbox 1533 3566 1768 3628; x_wconf 88' lang='lat' dir='ltr'><strong>septem.</strong></span> 
     </span>
    </p>
   </div>
   <div class='ocr_carea' id='block_1_37' title="bbox 643 3651 1735 3723">
    <p class='ocr_par' dir='ltr' id='par_1_37' title="bbox 643 3651 1735 3723">
     <span class='ocr_line' id='line_1_37' title="bbox 643 3651 1735 3723; baseline 0 -18"><span class='ocrx_word' id='word_1_216' title='bbox 643 3653 755 3705; x_wconf 88' lang='lat' dir='ltr'><strong>Ant</strong></span> <span class='ocrx_word' id='word_1_217' title='bbox 782 3661 993 3721; x_wconf 88' lang='lat' dir='ltr'><strong>septem</strong></span> <span class='ocrx_word' id='word_1_218' title='bbox 1020 3652 1254 3722; x_wconf 89' lang='lat' dir='ltr'><strong>geminis</strong></span> <span class='ocrx_word' id='word_1_219' title='bbox 1286 3651 1367 3707; x_wconf 90' lang='lat' dir='ltr'><strong>bis</strong></span> <span class='ocrx_word' id='word_1_220' title='bbox 1397 3660 1523 3708; x_wconf 90' lang='lat' dir='ltr'><strong>octo</strong></span> <span class='ocrx_word' id='word_1_221' title='bbox 1549 3652 1735 3723; x_wconf 78' lang='lat' dir='ltr'><strong>iunge.</strong></span> 
     </span>
    </p>
   </div>
   <div class='ocr_carea' id='block_1_38' title="bbox 643 3741 1722 3814">
    <p class='ocr_par' dir='ltr' id='par_1_38' title="bbox 643 3741 1722 3814">
     <span class='ocr_line' id='line_1_38' title="bbox 643 3741 1722 3814; baseline 0.003 -16"><span class='ocrx_word' id='word_1_222' title='bbox 643 3741 755 3798; x_wconf 88' lang='lat' dir='ltr'><strong>Aut</strong></span> <span class='ocrx_word' id='word_1_223' title='bbox 783 3758 849 3798; x_wconf 90' lang='lat' dir='ltr'><strong>ne</strong></span> <span class='ocrx_word' id='word_1_224' title='bbox 877 3744 978 3798; x_wconf 91' lang='lat' dir='ltr'><strong>sim</strong></span> <span class='ocrx_word' id='word_1_225' title='bbox 1012 3745 1108 3800; x_wconf 91' lang='lat' dir='ltr'><strong>tibi</strong></span> <span class='ocrx_word' id='word_1_226' title='bbox 1136 3744 1385 3814; x_wconf 88' lang='lat' dir='ltr'><strong>pluribus</strong></span> <span class='ocrx_word' id='word_1_227' title='bbox 1417 3746 1680 3801; x_wconf 90' lang='lat' dir='ltr'><strong>molestus</strong></span> <span class='ocrx_word' id='word_1_228' title='bbox 1707 3788 1722 3813; x_wconf 90' lang='lat'><strong>,</strong></span> 
     </span>
    </p>
   </div>
   <div class='ocr_carea' id='block_1_39' title="bbox 643 3837 1585 3908">
    <p class='ocr_par' dir='ltr' id='par_1_39' title="bbox 643 3837 1585 3908">
     <span class='ocr_line' id='line_1_39' title="bbox 643 3837 1585 3908; baseline 0.005 -17"><span class='ocrx_word' id='word_1_229' title='bbox 643 3837 887 3908; x_wconf 86' lang='lat' dir='ltr'><strong>Triginta</strong></span> <span class='ocrx_word' id='word_1_230' title='bbox 914 3853 1142 3895; x_wconf 91' lang='lat' dir='ltr'><strong>numero</strong></span> <span class='ocrx_word' id='word_1_231' title='bbox 1168 3839 1323 3896; x_wconf 88' lang='lat' dir='ltr'><strong>fuere</strong></span> <span class='ocrx_word' id='word_1_232' title='bbox 1353 3851 1585 3897; x_wconf 60' lang='lat' dir='ltr'><strong>cunctae.</strong></span> 
     </span>
    </p>
   </div>
   <div class='ocr_carea' id='block_1_40' title="bbox 569 3926 1621 3988">
    <p class='ocr_par' dir='ltr' id='par_1_40' title="bbox 569 3926 1621 3988">
     <span class='ocr_line' id='line_1_40' title="bbox 569 3926 1621 3988; baseline 0.004 -4"><span class='ocrx_word' id='word_1_233' title='bbox 569 3926 801 3986; x_wconf 72' lang='lat' dir='ltr'><strong>Iunctus</strong></span> <span class='ocrx_word' id='word_1_234' title='bbox 830 3930 1081 3987; x_wconf 89' lang='lat' dir='ltr'><strong>Iimicolis</strong></span> <span class='ocrx_word' id='word_1_235' title='bbox 1107 3932 1386 3988; x_wconf 89' lang='lat' dir='ltr'><strong>musculus</strong></span> <span class='ocrx_word' id='word_1_236' title='bbox 1416 3933 1621 3988; x_wconf 88' lang='lat' dir='ltr'><strong>ostreis</strong></span> 
     </span>
    </p>
   </div>
   <div class='ocr_carea' id='block_1_41' title="bbox 571 4027 1610 4098">
    <p class='ocr_par' dir='ltr' id='par_1_41' title="bbox 571 4027 1610 4098">
     <span class='ocr_line' id='line_1_41' title="bbox 571 4027 1610 4098; baseline 0.005 -18"><span class='ocrx_word' id='word_1_237' title='bbox 571 4027 753 4082; x_wconf 84' lang='lat' dir='ltr'><strong>Primo</strong></span> <span class='ocrx_word' id='word_1_238' title='bbox 780 4028 1091 4098; x_wconf 90' lang='lat' dir='ltr'><strong>composuit</strong></span> <span class='ocrx_word' id='word_1_239' title='bbox 1119 4028 1327 4084; x_wconf 86' lang='lat' dir='ltr'><strong>fercula</strong></span> <span class='ocrx_word' id='word_1_240' title='bbox 1361 4029 1610 4098; x_wconf 90' lang='lat' dir='ltr'><strong>prandio,</strong></span> 
     </span>
    </p>
   </div>
   <div class='ocr_carea' id='block_1_42' title="bbox 566 4117 1505 4190">
    <p class='ocr_par' dir='ltr' id='par_1_42' title="bbox 566 4117 1505 4190">
     <span class='ocr_line' id='line_1_42' title="bbox 566 4117 1505 4190; baseline 0.002 -15"><span class='ocrx_word' id='word_1_241' title='bbox 566 4117 767 4175; x_wconf 84' lang='lat' dir='ltr'><strong>Gratus</strong></span> <span class='ocrx_word' id='word_1_242' title='bbox 795 4118 1006 4175; x_wconf 90' lang='lat' dir='ltr'><strong>deliciis</strong></span> <span class='ocrx_word' id='word_1_243' title='bbox 1037 4118 1296 4178; x_wconf 90' lang='lat' dir='ltr'><strong>nobilium</strong></span> <span class='ocrx_word' id='word_1_244' title='bbox 1327 4120 1505 4190; x_wconf 89' lang='lat' dir='ltr'><strong>cibus,</strong></span> 
     </span>
    </p>
   </div>
   <div class='ocr_carea' id='block_1_43' title="bbox 568 4210 1705 4284">
    <p class='ocr_par' dir='ltr' id='par_1_43' title="bbox 568 4210 1705 4284">
     <span class='ocr_line' id='line_1_43' title="bbox 568 4210 1705 4284; baseline 0.004 -19"><span class='ocrx_word' id='word_1_245' title='bbox 568 4210 635 4266; x_wconf 82' lang='lat' dir='ltr'><strong>Et</strong></span> <span class='ocrx_word' id='word_1_246' title='bbox 661 4221 878 4283; x_wconf 91' lang='lat' dir='ltr'><strong>sumptu</strong></span> <span class='ocrx_word' id='word_1_247' title='bbox 907 4212 1153 4269; x_wconf 88' lang='lat' dir='ltr'><strong>modicus</strong></span> <span class='ocrx_word' id='word_1_248' title='bbox 1184 4214 1518 4284; x_wconf 86' lang='lat' dir='ltr'><strong>pauperibus</strong></span> <span class='ocrx_word' id='word_1_249' title='bbox 1546 4214 1705 4271; x_wconf 88' lang='lat' dir='ltr'><strong>focis.</strong></span> 
     </span>
    </p>
   </div>
   <div class='ocr_carea' id='block_1_44' title="bbox 564 4304 1678 4379">
    <p class='ocr_par' dir='ltr' id='par_1_44' title="bbox 564 4304 1678 4379">
     <span class='ocr_line' id='line_1_44' title="bbox 564 4304 1678 4379; baseline 0.004 -20"><span class='ocrx_word' id='word_1_250' title='bbox 564 4304 683 4360; x_wconf 90' lang='lat' dir='ltr'><strong>Non</strong></span> <span class='ocrx_word' id='word_1_251' title='bbox 713 4304 802 4360; x_wconf 87' lang='lat' dir='ltr'><strong>hic</strong></span> <span class='ocrx_word' id='word_1_252' title='bbox 832 4305 1114 4377; x_wconf 84' lang='lat' dir='ltr'><strong>navifrago</strong></span> <span class='ocrx_word' id='word_1_253' title='bbox 1141 4308 1403 4377; x_wconf 70' lang='lat' dir='ltr'><strong>quaeritur</strong></span> <span class='ocrx_word' id='word_1_254' title='bbox 1433 4322 1678 4379; x_wconf 71' lang='lat' dir='ltr'><strong>aequore,</strong></span> 
     </span>
    </p>
   </div>
   <div class='ocr_carea' id='block_1_45' title="bbox 563 4397 1700 4471">
    <p class='ocr_par' dir='ltr' id='par_1_45' title="bbox 563 4397 1700 4471">
     <span class='ocr_line' id='line_1_45' title="bbox 563 4397 1700 4471; baseline 0 -18"><span class='ocrx_word' id='word_1_255' title='bbox 563 4397 634 4454; x_wconf 90' lang='lat' dir='ltr'><strong>Ut</strong></span> <span class='ocrx_word' id='word_1_256' title='bbox 661 4408 876 4453; x_wconf 88' lang='lat' dir='ltr'><strong>crescat</strong></span> <span class='ocrx_word' id='word_1_257' title='bbox 906 4401 1141 4468; x_wconf 89' lang='lat' dir='ltr'><strong>pretium</strong></span> <span class='ocrx_word' id='word_1_258' title='bbox 1169 4400 1374 4471; x_wconf 85' lang='lat' dir='ltr'><strong>grande</strong></span> <span class='ocrx_word' id='word_1_259' title='bbox 1403 4400 1661 4468; x_wconf 86' lang='lat' dir='ltr'><strong>periculis</strong></span> <span class='ocrx_word' id='word_1_260' title='bbox 1689 4418 1700 4453; x_wconf 88' lang='lat'><strong>:</strong></span> 
     </span>
    </p>
   </div>
   <div class='ocr_carea' id='block_1_46' title="bbox 560 4491 1773 4565">
    <p class='ocr_par' dir='ltr' id='par_1_46' title="bbox 560 4491 1773 4565">
     <span class='ocr_line' id='line_1_46' title="bbox 560 4491 1773 4565; baseline 0.001 -18"><span class='ocrx_word' id='word_1_261' title='bbox 560 4491 670 4547; x_wconf 90' lang='lat' dir='ltr'><strong>Sed</strong></span> <span class='ocrx_word' id='word_1_262' title='bbox 702 4493 945 4562; x_wconf 88' lang='lat' dir='ltr'><strong>primore</strong></span> <span class='ocrx_word' id='word_1_263' title='bbox 975 4493 1139 4558; x_wconf 90' lang='lat' dir='ltr'><strong>vado,</strong></span> <span class='ocrx_word' id='word_1_264' title='bbox 1167 4500 1291 4563; x_wconf 88' lang='lat' dir='ltr'><strong>post</strong></span> <span class='ocrx_word' id='word_1_265' title='bbox 1319 4492 1568 4565; x_wconf 75' lang='lat' dir='ltr'><strong>refugum</strong></span> <span class='ocrx_word' id='word_1_266' title='bbox 1601 4509 1773 4560; x_wconf 91' lang='lat' dir='ltr'><strong>mare,</strong></span> 
     </span>
    </p>
   </div>
   <div class='ocr_carea' id='block_1_47' title="bbox 562 4582 1504 4652">
    <p class='ocr_par' dir='ltr' id='par_1_47' title="bbox 562 4582 1504 4652">
     <span class='ocr_line' id='line_1_47' title="bbox 562 4582 1504 4652; baseline 0.002 -16"><span class='ocrx_word' id='word_1_267' title='bbox 562 4582 767 4651; x_wconf 88' lang='lat' dir='ltr'><strong>Algoso</strong></span> <span class='ocrx_word' id='word_1_268' title='bbox 796 4582 995 4652; x_wconf 86' lang='lat' dir='ltr'><strong>legitur</strong></span> <span class='ocrx_word' id='word_1_269' title='bbox 1025 4582 1207 4638; x_wconf 85' lang='lat' dir='ltr'><strong>littore</strong></span> <span class='ocrx_word' id='word_1_270' title='bbox 1224 4585 1504 4639; x_wconf 86' lang='lat' dir='ltr'><strong>concolor.</strong></span> 
     </span>
    </p>
   </div>
   <div class='ocr_carea' id='block_1_48' title="bbox 560 4673 1715 4749">
    <p class='ocr_par' dir='ltr' id='par_1_48' title="bbox 560 4673 1715 4749">
     <span class='ocr_line' id='line_1_48' title="bbox 560 4673 1715 4749; baseline 0.005 -21"><span class='ocrx_word' id='word_1_271' title='bbox 560 4673 693 4729; x_wconf 87' lang='lat' dir='ltr'><strong>Nam</strong></span> <span class='ocrx_word' id='word_1_272' title='bbox 721 4684 872 4729; x_wconf 72' lang='lat' dir='ltr'><strong>tesue</strong></span> <span class='ocrx_word' id='word_1_273' title='bbox 899 4676 1135 4746; x_wconf 83' lang='lat' dir='ltr'><strong>duplicis</strong></span> <span class='ocrx_word' id='word_1_274' title='bbox 1164 4677 1414 4732; x_wconf 88' lang='lat' dir='ltr'><strong>conditur</strong></span> <span class='ocrx_word' id='word_1_275' title='bbox 1440 4678 1494 4733; x_wconf 92' lang='lat' dir='ltr'><strong>in</strong></span> <span class='ocrx_word' id='word_1_276' title='bbox 1525 4693 1715 4749; x_wconf 88' lang='lat' dir='ltr'><strong>specu,</strong></span> 
     </span>
    </p>
   </div>
   <div class='ocr_carea' id='block_1_49' title="bbox 557 4766 1642 4838">
    <p class='ocr_par' dir='ltr' id='par_1_49' title="bbox 557 4766 1642 4838">
     <span class='ocr_line' id='line_1_49' title="bbox 557 4766 1642 4838; baseline 0.005 -17"><span class='ocrx_word' id='word_1_277' title='bbox 557 4768 692 4837; x_wconf 76' lang='lat' dir='ltr'><strong>Quae</strong></span> <span class='ocrx_word' id='word_1_278' title='bbox 721 4766 982 4823; x_wconf 83' lang='lat' dir='ltr'><strong>ferventis</strong></span> <span class='ocrx_word' id='word_1_279' title='bbox 1010 4782 1165 4838; x_wconf 81' lang='lat' dir='ltr'><strong>aquae</strong></span> <span class='ocrx_word' id='word_1_280' title='bbox 1192 4768 1298 4823; x_wconf 87' lang='lat' dir='ltr'><strong>fota</strong></span> <span class='ocrx_word' id='word_1_281' title='bbox 1330 4771 1642 4837; x_wconf 82' lang='lat' dir='ltr'><strong>vaporibus,</strong></span> 
     </span>
    </p>
   </div>
   <div class='ocr_carea' id='block_1_50' title="bbox 555 4860 1547 4919">
    <p class='ocr_par' dir='ltr' id='par_1_50' title="bbox 555 4860 1547 4919">
     <span class='ocr_line' id='line_1_50' title="bbox 555 4860 1547 4919; baseline 0.005 -4"><span class='ocrx_word' id='word_1_282' title='bbox 555 4860 790 4916; x_wconf 88' lang='lat' dir='ltr'><strong>Carnem</strong></span> <span class='ocrx_word' id='word_1_283' title='bbox 825 4860 1042 4916; x_wconf 91' lang='lat' dir='ltr'><strong>lacteoli</strong></span> <span class='ocrx_word' id='word_1_284' title='bbox 1075 4861 1297 4918; x_wconf 83' lang='lat' dir='ltr'><strong>visceris</strong></span> <span class='ocrx_word' id='word_1_285' title='bbox 1324 4861 1547 4919; x_wconf 88' lang='lat' dir='ltr'><strong>indicat.</strong></span> 
     </span>
    </p>
   </div>
   <div class='ocr_carea' id='block_1_51' title="bbox 627 4954 1685 5023">
    <p class='ocr_par' dir='ltr' id='par_1_51' title="bbox 627 4954 1685 5023">
     <span class='ocr_line' id='line_1_51' title="bbox 627 4954 1685 5023; baseline 0.002 -12"><span class='ocrx_word' id='word_1_286' title='bbox 627 4955 733 5012; x_wconf 84' lang='lat' dir='ltr'><strong>Sed</strong></span> <span class='ocrx_word' id='word_1_287' title='bbox 763 4955 1027 5010; x_wconf 86' lang='lat' dir='ltr'><strong>damnosa</strong></span> <span class='ocrx_word' id='word_1_288' title='bbox 1061 4954 1224 5009; x_wconf 89' lang='lat' dir='ltr'><strong>nimis</strong></span> <span class='ocrx_word' id='word_1_289' title='bbox 1252 4955 1509 5023; x_wconf 89' lang='lat' dir='ltr'><strong>panditur</strong></span> <span class='ocrx_word' id='word_1_290' title='bbox 1538 4972 1685 5013; x_wconf 88' lang='lat' dir='ltr'><strong>area.</strong></span> 
     </span>
    </p>
   </div>
   <div class='ocr_carea' id='block_1_52' title="bbox 550 5045 1740 5121">
    <p class='ocr_par' dir='ltr' id='par_1_52' title="bbox 550 5045 1740 5121">
     <span class='ocr_line' id='line_1_52' title="bbox 550 5045 1740 5121; baseline 0.006 -21"><span class='ocrx_word' id='word_1_291' title='bbox 550 5045 659 5101; x_wconf 85' lang='lat' dir='ltr'><strong>Fac</strong></span> <span class='ocrx_word' id='word_1_292' title='bbox 687 5060 939 5117; x_wconf 89' lang='lat' dir='ltr'><strong>campum</strong></span> <span class='ocrx_word' id='word_1_293' title='bbox 972 5045 1209 5118; x_wconf 90' lang='lat' dir='ltr'><strong>replices</strong></span> <span class='ocrx_word' id='word_1_294' title='bbox 1240 5046 1391 5101; x_wconf 87' lang='lat' dir='ltr'><strong>Musa</strong></span> <span class='ocrx_word' id='word_1_295' title='bbox 1416 5051 1696 5121; x_wconf 86' lang='lat' dir='ltr'><strong>papyrium</strong></span> <span class='ocrx_word' id='word_1_296' title='bbox 1723 5068 1740 5107; x_wconf 84' lang='lat'><strong>:</strong></span> 
     </span>
    </p>
   </div>
   <div class='ocr_carea' id='block_1_53' title="bbox 547 5136 1609 5210">
    <p class='ocr_par' dir='ltr' id='par_1_53' title="bbox 547 5136 1609 5210">
     <span class='ocr_line' id='line_1_53' title="bbox 547 5136 1609 5210; baseline 0.002 -17"><span class='ocrx_word' id='word_1_297' title='bbox 547 5136 659 5193; x_wconf 82' lang='lat' dir='ltr'><strong>Nec</strong></span> <span class='ocrx_word' id='word_1_298' title='bbox 683 5138 799 5210; x_wconf 86' lang='lat' dir='ltr'><strong>jam</strong></span> <span class='ocrx_word' id='word_1_299' title='bbox 831 5137 1105 5208; x_wconf 89' lang='lat' dir='ltr'><strong>tissipedis</strong></span> <span class='ocrx_word' id='word_1_300' title='bbox 1138 5153 1235 5210; x_wconf 91' lang='lat' dir='ltr'><strong>per</strong></span> <span class='ocrx_word' id='word_1_301' title='bbox 1262 5138 1457 5194; x_wconf 91' lang='lat' dir='ltr'><strong>calami</strong></span> <span class='ocrx_word' id='word_1_302' title='bbox 1492 5145 1609 5196; x_wconf 83' lang='lat' dir='ltr'><strong>vlas</strong></span> 
     </span>
    </p>
   </div>
   <div class='ocr_carea' id='block_1_54' title="bbox 544 5229 1629 5294">
    <p class='ocr_par' dir='ltr' id='par_1_54' title="bbox 544 5229 1629 5294">
     <span class='ocr_line' id='line_1_54' title="bbox 544 5229 1629 5294; baseline 0.001 -8"><span class='ocrx_word' id='word_1_303' title='bbox 544 5229 842 5287; x_wconf 87' lang='lat' dir='ltr'><strong>Grassetur</strong></span> <span class='ocrx_word' id='word_1_304' title='bbox 864 5231 1073 5288; x_wconf 80' lang='lat' dir='ltr'><strong>Cnidia:</strong></span> <span class='ocrx_word' id='word_1_305' title='bbox 1103 5232 1291 5288; x_wconf 90' lang='lat' dir='ltr'><strong>sulcus</strong></span> <span class='ocrx_word' id='word_1_306' title='bbox 1322 5232 1629 5294; x_wconf 81' lang='lat' dir='ltr'><strong>arundinis.</strong></span> 
     </span>
    </p>
   </div>
   <div class='ocr_carea' id='block_1_55' title="bbox 540 5321 1536 5396">
    <p class='ocr_par' dir='ltr' id='par_1_55' title="bbox 540 5321 1536 5396">
     <span class='ocr_line' id='line_1_55' title="bbox 540 5321 1536 5396; baseline 0.003 -18"><span class='ocrx_word' id='word_1_307' title='bbox 540 5321 781 5395; x_wconf 89' lang='lat' dir='ltr'><strong>Pingens</strong></span> <span class='ocrx_word' id='word_1_308' title='bbox 810 5323 1033 5380; x_wconf 84' lang='lat' dir='ltr'><strong>aridulae</strong></span> <span class='ocrx_word' id='word_1_309' title='bbox 1058 5323 1271 5380; x_wconf 87' lang='lat' dir='ltr'><strong>subdita</strong></span> <span class='ocrx_word' id='word_1_310' title='bbox 1304 5324 1536 5396; x_wconf 73' lang='lat' dir='ltr'><strong>paginae,</strong></span> 
     </span>
    </p>
   </div>
   <div class='ocr_carea' id='block_1_56' title="bbox 538 5414 1380 5475">
    <p class='ocr_par' dir='ltr' id='par_1_56' title="bbox 538 5414 1380 5475">
     <span class='ocr_line' id='line_1_56' title="bbox 538 5414 1380 5475; baseline -0.004 -2"><span class='ocrx_word' id='word_1_311' title='bbox 538 5414 733 5473; x_wconf 88' lang='lat' dir='ltr'><strong>Cadmi</strong></span> <span class='ocrx_word' id='word_1_312' title='bbox 765 5414 947 5472; x_wconf 82' lang='lat' dir='ltr'><strong>filiolis</strong></span> <span class='ocrx_word' id='word_1_313' title='bbox 973 5416 1380 5475; x_wconf 90' lang='lat' dir='ltr'><strong>atricoloribus.</strong></span> 
     </span>
    </p>
   </div>
   <div class='ocr_carea' id='block_1_57' title="bbox 538 5506 1657 5579">
    <p class='ocr_par' dir='ltr' id='par_1_57' title="bbox 538 5506 1657 5579">
     <span class='ocr_line' id='line_1_57' title="bbox 538 5506 1657 5579; baseline -0.004 -15"><span class='ocrx_word' id='word_1_314' title='bbox 538 5506 649 5564; x_wconf 75' lang='lat' dir='ltr'><strong>Aut</strong></span> <span class='ocrx_word' id='word_1_315' title='bbox 677 5508 891 5565; x_wconf 89' lang='lat' dir='ltr'><strong>cunctis</strong></span> <span class='ocrx_word' id='word_1_316' title='bbox 921 5508 1128 5579; x_wconf 87' lang='lat' dir='ltr'><strong>pariter</strong></span> <span class='ocrx_word' id='word_1_317' title='bbox 1160 5509 1416 5567; x_wconf 81' lang='lat' dir='ltr'><strong>versibus</strong></span> <span class='ocrx_word' id='word_1_318' title='bbox 1444 5507 1657 5567; x_wconf 89' lang='lat' dir='ltr'><strong>oblinat</strong></span> 
     </span>
    </p>
   </div>
   <div class='ocr_carea' id='block_1_58' title="bbox 532 5598 1603 5677">
    <p class='ocr_par' dir='ltr' id='par_1_58' title="bbox 532 5598 1603 5677">
     <span class='ocr_line' id='line_1_58' title="bbox 532 5598 1603 5677; baseline 0 -23"><span class='ocrx_word' id='word_1_319' title='bbox 532 5598 769 5656; x_wconf 84' lang='lat' dir='ltr'><strong>Furvam</strong></span> <span class='ocrx_word' id='word_1_320' title='bbox 800 5599 1085 5658; x_wconf 90' lang='lat' dir='ltr'><strong>lacticolor</strong></span> <span class='ocrx_word' id='word_1_321' title='bbox 1116 5605 1342 5677; x_wconf 84' lang='lat' dir='ltr'><strong>spongia</strong></span> <span class='ocrx_word' id='word_1_322' title='bbox 1370 5600 1603 5674; x_wconf 89' lang='lat' dir='ltr'><strong>sepiam.</strong></span> 
     </span>
    </p>
   </div>
   <div class='ocr_carea' id='block_1_59' title="bbox 603 5693 1683 5755">
    <p class='ocr_par' dir='ltr' id='par_1_59' title="bbox 603 5693 1683 5755">
     <span class='ocr_line' id='line_1_59' title="bbox 603 5693 1683 5755; baseline 0 -7"><span class='ocrx_word' id='word_1_323' title='bbox 603 5693 902 5750; x_wconf 89' lang='lat' dir='ltr'><strong>Parcamus</strong></span> <span class='ocrx_word' id='word_1_324' title='bbox 924 5694 1058 5752; x_wconf 88' lang='lat' dir='ltr'><strong>vitio</strong></span> <span class='ocrx_word' id='word_1_325' title='bbox 1080 5697 1424 5755; x_wconf 76' lang='lat' dir='ltr'><strong>Dumnotina:</strong></span> <span class='ocrx_word' id='word_1_326' title='bbox 1442 5697 1641 5754; x_wconf 89' lang='lat' dir='ltr'><strong>domus</strong></span> <span class='ocrx_word' id='word_1_327' title='bbox 1670 5709 1683 5748; x_wconf 90' lang='lat'><strong>:</strong></span> 
     </span>
    </p>
   </div>
   <div class='ocr_carea' id='block_1_60' title="bbox 525 5780 1553 5847">
    <p class='ocr_par' dir='ltr' id='par_1_60' title="bbox 525 5780 1553 5847">
     <span class='ocr_line' id='line_1_60' title="bbox 525 5780 1553 5847; baseline 0.004 -10"><span class='ocrx_word' id='word_1_328' title='bbox 525 5780 606 5838; x_wconf 80' lang='lat' dir='ltr'><strong>Ne</strong></span> <span class='ocrx_word' id='word_1_329' title='bbox 636 5785 706 5839; x_wconf 87' lang='lat' dir='ltr'><strong>sit</strong></span> <span class='ocrx_word' id='word_1_330' title='bbox 732 5785 921 5843; x_wconf 88' lang='lat' dir='ltr'><strong>charta</strong></span> <span class='ocrx_word' id='word_1_331' title='bbox 954 5788 1084 5843; x_wconf 87' lang='lat' dir='ltr'><strong>mihi</strong></span> <span class='ocrx_word' id='word_1_332' title='bbox 1119 5790 1297 5846; x_wconf 86' lang='lat' dir='ltr'><strong>carior</strong></span> <span class='ocrx_word' id='word_1_333' title='bbox 1328 5788 1553 5847; x_wconf 87' lang='lat' dir='ltr'><strong>ostreis.</strong></span> 
     </span>
    </p>
   </div>
   <div class='ocr_carea' id='block_1_61' title="bbox 2198 386 3296 457">
    <p class='ocr_par' dir='ltr' id='par_1_61' title="bbox 2198 386 3296 457">
     <span class='ocr_line' id='line_1_61' title="bbox 2198 386 3296 457; baseline -0.013 0"><span class='ocrx_word' id='word_1_334' title='bbox 2198 394 2256 457; x_wconf 78' lang='grc' dir='ltr'><strong>Α</strong></span> <span class='ocrx_word' id='word_1_335' title='bbox 2772 388 3110 450; x_wconf 81' lang='lat' dir='ltr'><strong>EPISTOLA</strong></span> <span class='ocrx_word' id='word_1_336' title='bbox 3162 386 3296 446; x_wconf 87' lang='lat' dir='ltr'><strong>Vlll.</strong></span> 
     </span>
    </p>
   </div>
   <div class='ocr_carea' id='block_1_62' title="bbox 2417 477 3692 543">
    <p class='ocr_par' dir='ltr' id='par_1_62' title="bbox 2417 477 3692 543">
     <span class='ocr_line' id='line_1_62' title="bbox 2417 477 3692 543; baseline -0.005 0"><span class='ocrx_word' id='word_1_337' title='bbox 2417 486 2690 543; x_wconf 76' lang='lat' dir='ltr'><strong>Ausouws</strong></span> <span class='ocrx_word' id='word_1_338' title='bbox 2735 485 2873 542; x_wconf 76' lang='lat' dir='ltr'><strong>Axio</strong></span> <span class='ocrx_word' id='word_1_339' title='bbox 2912 483 3097 540; x_wconf 75' lang='grc' dir='ltr'><strong>ΡΑυιο</strong></span> <span class='ocrx_word' id='word_1_340' title='bbox 3150 494 3385 538; x_wconf 80' lang='lat' dir='ltr'><strong>nusrom</strong></span> <span class='ocrx_word' id='word_1_341' title='bbox 3432 477 3692 538; x_wconf 72' lang='lat' dir='ltr'><strong>SALUTEI.</strong></span> 
     </span>
    </p>
   </div>
   <div class='ocr_carea' id='block_1_63' title="bbox 2276 595 3654 665">
    <p class='ocr_par' dir='ltr' id='par_1_63' title="bbox 2276 595 3654 665">
     <span class='ocr_line' id='line_1_63' title="bbox 2276 595 3654 665; baseline -0.003 -9"><span class='ocrx_word' id='word_1_342' title='bbox 2276 599 2519 657; x_wconf 86' lang='lat' dir='ltr'><strong>Tandem</strong></span> <span class='ocrx_word' id='word_1_343' title='bbox 2551 598 2778 657; x_wconf 87' lang='lat' dir='ltr'><strong>eluctati</strong></span> <span class='ocrx_word' id='word_1_344' title='bbox 2800 597 3103 655; x_wconf 89' lang='lat' dir='ltr'><strong>retinacula</strong></span> <span class='ocrx_word' id='word_1_345' title='bbox 3135 595 3333 652; x_wconf 86' lang='lat' dir='ltr'><strong>blanda</strong></span> <span class='ocrx_word' id='word_1_346' title='bbox 3364 609 3654 665; x_wconf 86' lang='lat' dir='ltr'><strong>morarum,</strong></span> 
     </span>
    </p>
   </div>
   <div class='ocr_carea' id='block_1_64' title="bbox 2349 688 3508 767">
    <p class='ocr_par' dir='ltr' id='par_1_64' title="bbox 2349 688 3508 767">
     <span class='ocr_line' id='line_1_64' title="bbox 2349 688 3508 767; baseline -0.008 -15"><span class='ocrx_word' id='word_1_347' title='bbox 2349 694 2654 767; x_wconf 69' lang='lat' dir='ltr'><strong>Burdigala:</strong></span> <span class='ocrx_word' id='word_1_348' title='bbox 2682 693 2879 750; x_wconf 88' lang='lat' dir='ltr'><strong>molles</strong></span> <span class='ocrx_word' id='word_1_349' title='bbox 2904 692 3165 763; x_wconf 86' lang='lat' dir='ltr'><strong>liquimus</strong></span> <span class='ocrx_word' id='word_1_350' title='bbox 3194 688 3508 757; x_wconf 78' lang='lat' dir='ltr'><strong>illecebras,</strong></span> 
     </span>
    </p>
   </div>
   <div class='ocr_carea' id='block_1_65' title="bbox 2277 783 3705 860">
    <p class='ocr_par' dir='ltr' id='par_1_65' title="bbox 2277 783 3705 860">
     <span class='ocr_line' id='line_1_65' title="bbox 2277 783 3705 860; baseline -0.006 -14"><span class='ocrx_word' id='word_1_351' title='bbox 2277 788 2741 860; x_wconf 89' lang='lat' dir='ltr'><strong>Santonicamque</strong></span> <span class='ocrx_word' id='word_1_352' title='bbox 2768 787 2958 843; x_wconf 89' lang='lat' dir='ltr'><strong>urbem</strong></span> <span class='ocrx_word' id='word_1_353' title='bbox 2989 783 3174 841; x_wconf 85' lang='lat' dir='ltr'><strong>vicino</strong></span> <span class='ocrx_word' id='word_1_354' title='bbox 3209 783 3542 839; x_wconf 87' lang='lat' dir='ltr'><strong>accessimus</strong></span> <span class='ocrx_word' id='word_1_355' title='bbox 3567 796 3705 854; x_wconf 86' lang='lat' dir='ltr'><strong>agro.</strong></span> 
     </span>
    </p>
   </div>
   <div class='ocr_carea' id='block_1_66' title="bbox 2344 876 3746 955">
    <p class='ocr_par' dir='ltr' id='par_1_66' title="bbox 2344 876 3746 955">
     <span class='ocr_line' id='line_1_66' title="bbox 2344 876 3746 955; baseline -0.004 -15"><span class='ocrx_word' id='word_1_356' title='bbox 2344 882 2504 951; x_wconf 85' lang='lat' dir='ltr'><strong>Quod</strong></span> <span class='ocrx_word' id='word_1_357' title='bbox 2535 883 2630 939; x_wconf 92' lang='lat' dir='ltr'><strong>tibi</strong></span> <span class='ocrx_word' id='word_1_358' title='bbox 2659 883 2707 940; x_wconf 89' lang='lat' dir='ltr'><strong>si</strong></span> <span class='ocrx_word' id='word_1_359' title='bbox 2734 893 2949 955; x_wconf 87' lang='lat' dir='ltr'><strong>gratum</strong></span> <span class='ocrx_word' id='word_1_360' title='bbox 2978 891 3083 951; x_wconf 89' lang='lat' dir='ltr'><strong>est,</strong></span> <span class='ocrx_word' id='word_1_361' title='bbox 3116 880 3325 950; x_wconf 87' lang='lat' dir='ltr'><strong>optime</strong></span> <span class='ocrx_word' id='word_1_362' title='bbox 3354 876 3540 943; x_wconf 87' lang='lat' dir='ltr'><strong>Paule,</strong></span> <span class='ocrx_word' id='word_1_363' title='bbox 3576 878 3746 948; x_wconf 86' lang='lat' dir='ltr'><strong>proba.</strong></span> 
     </span>
    </p>
   </div>
   <div class='ocr_carea' id='block_1_67' title="bbox 2276 968 3621 1047">
    <p class='ocr_par' dir='ltr' id='par_1_67' title="bbox 2276 968 3621 1047">
     <span class='ocr_line' id='line_1_67' title="bbox 2276 968 3621 1047; baseline -0.006 -16"><span class='ocrx_word' id='word_1_364' title='bbox 2276 975 2619 1047; x_wconf 85' lang='lat' dir='ltr'><strong>Cornipedes</strong></span> <span class='ocrx_word' id='word_1_365' title='bbox 2653 976 2867 1047; x_wconf 88' lang='lat' dir='ltr'><strong>rapiant</strong></span> <span class='ocrx_word' id='word_1_366' title='bbox 2898 973 3136 1043; x_wconf 88' lang='lat' dir='ltr'><strong>imposta</strong></span> <span class='ocrx_word' id='word_1_367' title='bbox 3166 971 3401 1044; x_wconf 86' lang='lat' dir='ltr'><strong>petorita</strong></span> <span class='ocrx_word' id='word_1_368' title='bbox 3430 968 3621 1025; x_wconf 59' lang='lat' dir='ltr'><strong>mulae:</strong></span> 
     </span>
    </p>
   </div>
   <div class='ocr_carea' id='block_1_68' title="bbox 2351 1064 3452 1139">
    <p class='ocr_par' dir='ltr' id='par_1_68' title="bbox 2351 1064 3452 1139">
     <span class='ocr_line' id='line_1_68' title="bbox 2351 1064 3452 1139; baseline -0.006 -14"><span class='ocrx_word' id='word_1_369' title='bbox 2351 1069 2453 1125; x_wconf 91' lang='lat' dir='ltr'><strong>Vcl</strong></span> <span class='ocrx_word' id='word_1_370' title='bbox 2479 1069 2617 1127; x_wconf 90' lang='lat' dir='ltr'><strong>cisio</strong></span> <span class='ocrx_word' id='word_1_371' title='bbox 2646 1068 2829 1139; x_wconf 88' lang='lat' dir='ltr'><strong>trijugi</strong></span> <span class='ocrx_word' id='word_1_372' title='bbox 2851 1110 2867 1135; x_wconf 93' lang='lat'><strong>,</strong></span> <span class='ocrx_word' id='word_1_373' title='bbox 2896 1067 2942 1122; x_wconf 91' lang='lat' dir='ltr'><strong>si</strong></span> <span class='ocrx_word' id='word_1_374' title='bbox 2973 1065 3169 1138; x_wconf 89' lang='lat' dir='ltr'><strong>placet,</strong></span> <span class='ocrx_word' id='word_1_375' title='bbox 3205 1064 3452 1122; x_wconf 86' lang='lat' dir='ltr'><strong>insilias:</strong></span> 
     </span>
    </p>
   </div>
   <div class='ocr_carea' id='block_1_69' title="bbox 2278 1161 3823 1231">
    <p class='ocr_par' dir='ltr' id='par_1_69' title="bbox 2278 1161 3823 1231">
     <span class='ocr_line' id='line_1_69' title="bbox 2278 1161 3823 1231; baseline 0.001 -13"><span class='ocrx_word' id='word_1_376' title='bbox 2278 1162 2375 1219; x_wconf 91' lang='lat' dir='ltr'><strong>Vel</strong></span> <span class='ocrx_word' id='word_1_377' title='bbox 2407 1162 2649 1220; x_wconf 88' lang='lat' dir='ltr'><strong>celerem</strong></span> <span class='ocrx_word' id='word_1_378' title='bbox 2689 1178 2986 1225; x_wconf 88' lang='lat' dir='ltr'><strong>manuum,</strong></span> <span class='ocrx_word' id='word_1_379' title='bbox 3032 1162 3116 1217; x_wconf 90' lang='lat' dir='ltr'><strong>vel</strong></span> <span class='ocrx_word' id='word_1_380' title='bbox 3166 1167 3387 1231; x_wconf 89' lang='lat' dir='ltr'><strong>ruptum</strong></span> <span class='ocrx_word' id='word_1_381' title='bbox 3428 1167 3575 1231; x_wconf 86' lang='lat' dir='ltr'><strong>terga</strong></span> <span class='ocrx_word' id='word_1_382' title='bbox 3602 1161 3823 1219; x_wconf 80' lang='lat' dir='ltr'><strong>veredum</strong></span> 
     </span>
    </p>
   </div>
   <div class='ocr_carea' id='block_1_70' title="bbox 2346 1250 3687 1325">
    <p class='ocr_par' dir='ltr' id='par_1_70' title="bbox 2346 1250 3687 1325">
     <span class='ocr_line' id='line_1_70' title="bbox 2346 1250 3687 1325; baseline -0.004 -15"><span class='ocrx_word' id='word_1_383' title='bbox 2346 1251 2725 1321; x_wconf 84' lang='lat' dir='ltr'><strong>Conscendas,</strong></span> <span class='ocrx_word' id='word_1_384' title='bbox 2762 1268 2995 1325; x_wconf 89' lang='lat' dir='ltr'><strong>propere</strong></span> <span class='ocrx_word' id='word_1_385' title='bbox 3022 1250 3321 1308; x_wconf 86' lang='lat' dir='ltr'><strong>dummodo</strong></span> <span class='ocrx_word' id='word_1_386' title='bbox 3343 1250 3455 1321; x_wconf 88' lang='lat' dir='ltr'><strong>jam</strong></span> <span class='ocrx_word' id='word_1_387' title='bbox 3490 1250 3687 1306; x_wconf 78' lang='lat' dir='ltr'><strong>venias.</strong></span> 
     </span>
    </p>
   </div>
   <div class='ocr_carea' id='block_1_71' title="bbox 2276 1342 3679 1417">
    <p class='ocr_par' dir='ltr' id='par_1_71' title="bbox 2276 1342 3679 1417">
     <span class='ocr_line' id='line_1_71' title="bbox 2276 1342 3679 1417; baseline -0.002 -16"><span class='ocrx_word' id='word_1_388' title='bbox 2276 1346 2537 1402; x_wconf 88' lang='lat' dir='ltr'><strong>Instantis</strong></span> <span class='ocrx_word' id='word_1_389' title='bbox 2564 1358 2824 1402; x_wconf 87' lang='lat' dir='ltr'><strong>revocant</strong></span> <span class='ocrx_word' id='word_1_390' title='bbox 2847 1348 2976 1417; x_wconf 89' lang='lat' dir='ltr'><strong>quia</strong></span> <span class='ocrx_word' id='word_1_391' title='bbox 3005 1360 3105 1403; x_wconf 89' lang='lat' dir='ltr'><strong>nos</strong></span> <span class='ocrx_word' id='word_1_392' title='bbox 3127 1343 3399 1402; x_wconf 89' lang='lat' dir='ltr'><strong>solemnia</strong></span> <span class='ocrx_word' id='word_1_393' title='bbox 3430 1342 3679 1399; x_wconf 78' lang='lat' dir='ltr'><strong>Pasclne:</strong></span> 
     </span>
    </p>
   </div>
   <div class='ocr_carea' id='block_1_72' title="bbox 2351 1437 3410 1497">
    <p class='ocr_par' dir='ltr' id='par_1_72' title="bbox 2351 1437 3410 1497">
     <span class='ocr_line' id='line_1_72' title="bbox 2351 1437 3410 1497; baseline -0.001 -3"><span class='ocrx_word' id='word_1_394' title='bbox 2351 1439 2542 1495; x_wconf 89' lang='lat' dir='ltr'><strong>Libera</strong></span> <span class='ocrx_word' id='word_1_395' title='bbox 2570 1454 2673 1497; x_wconf 90' lang='lat' dir='ltr'><strong>nec</strong></span> <span class='ocrx_word' id='word_1_396' title='bbox 2699 1440 2855 1496; x_wconf 84' lang='lat' dir='ltr'><strong>nobis</strong></span> <span class='ocrx_word' id='word_1_397' title='bbox 2879 1449 2963 1495; x_wconf 90' lang='lat' dir='ltr'><strong>est</strong></span> <span class='ocrx_word' id='word_1_398' title='bbox 2989 1454 3139 1495; x_wconf 90' lang='lat' dir='ltr'><strong>mora</strong></span> <span class='ocrx_word' id='word_1_399' title='bbox 3161 1437 3410 1495; x_wconf 74' lang='lat' dir='ltr'><strong>desidiae.</strong></span> 
     </span>
    </p>
   </div>
   <div class='ocr_carea' id='block_1_73' title="bbox 2277 1530 3648 1604">
    <p class='ocr_par' dir='ltr' id='par_1_73' title="bbox 2277 1530 3648 1604">
     <span class='ocr_line' id='line_1_73' title="bbox 2277 1530 3648 1604; baseline -0.001 -16"><span class='ocrx_word' id='word_1_400' title='bbox 2277 1533 2468 1590; x_wconf 81' lang='lat' dir='ltr'><strong>Perfer</strong></span> <span class='ocrx_word' id='word_1_401' title='bbox 2496 1533 2550 1589; x_wconf 90' lang='lat' dir='ltr'><strong>in</strong></span> <span class='ocrx_word' id='word_1_402' title='bbox 2579 1548 2815 1590; x_wconf 78' lang='lat' dir='ltr'><strong>excursu</strong></span> <span class='ocrx_word' id='word_1_403' title='bbox 2847 1533 2934 1590; x_wconf 90' lang='lat' dir='ltr'><strong>vel</strong></span> <span class='ocrx_word' id='word_1_404' title='bbox 2966 1533 3174 1604; x_wconf 88' lang='lat' dir='ltr'><strong>terjuga</strong></span> <span class='ocrx_word' id='word_1_405' title='bbox 3206 1532 3379 1589; x_wconf 87' lang='lat' dir='ltr'><strong>millia</strong></span> <span class='ocrx_word' id='word_1_406' title='bbox 3408 1530 3648 1602; x_wconf 88' lang='lat' dir='ltr'><strong>epodon,</strong></span> 
     </span>
    </p>
   </div>
   <div class='ocr_carea' id='block_1_74' title="bbox 2354 1626 3586 1699">
    <p class='ocr_par' dir='ltr' id='par_1_74' title="bbox 2354 1626 3586 1699">
     <span class='ocr_line' id='line_1_74' title="bbox 2354 1626 3586 1699; baseline -0.001 -17"><span class='ocrx_word' id='word_1_407' title='bbox 2354 1628 2450 1683; x_wconf 85' lang='lat' dir='ltr'><strong>Vel</strong></span> <span class='ocrx_word' id='word_1_408' title='bbox 2477 1627 2645 1684; x_wconf 71' lang='lat' dir='ltr'><strong>falsas</strong></span> <span class='ocrx_word' id='word_1_409' title='bbox 2666 1627 2821 1692; x_wconf 74' lang='lat' dir='ltr'><strong>lites,</strong></span> <span class='ocrx_word' id='word_1_410' title='bbox 2841 1641 2980 1699; x_wconf 89' lang='lat' dir='ltr'><strong>quas</strong></span> <span class='ocrx_word' id='word_1_411' title='bbox 3006 1627 3191 1684; x_wconf 84' lang='lat' dir='ltr'><strong>schola</strong></span> <span class='ocrx_word' id='word_1_412' title='bbox 3223 1635 3409 1682; x_wconf 83' lang='lat' dir='ltr'><strong>vestra</strong></span> <span class='ocrx_word' id='word_1_413' title='bbox 3430 1626 3586 1682; x_wconf 90' lang='lat' dir='ltr'><strong>serit.</strong></span> 
     </span>
    </p>
   </div>
   <div class='ocr_carea' id='block_1_75' title="bbox 2280 1719 3776 1792">
    <p class='ocr_par' dir='ltr' id='par_1_75' title="bbox 2280 1719 3776 1792">
     <span class='ocr_line' id='line_1_75' title="bbox 2280 1719 3776 1792; baseline -0.002 -15"><span class='ocrx_word' id='word_1_414' title='bbox 2280 1720 2573 1777; x_wconf 87' lang='lat' dir='ltr'><strong>Nobiscum</strong></span> <span class='ocrx_word' id='word_1_415' title='bbox 2603 1721 2849 1777; x_wconf 87' lang='lat' dir='ltr'><strong>invenies</strong></span> <span class='ocrx_word' id='word_1_416' title='bbox 2882 1721 3078 1776; x_wconf 88' lang='lat' dir='ltr'><strong>nullas.</strong></span> <span class='ocrx_word' id='word_1_417' title='bbox 3112 1719 3252 1787; x_wconf 86' lang='lat' dir='ltr'><strong>Quia</strong></span> <span class='ocrx_word' id='word_1_418' title='bbox 3278 1719 3539 1792; x_wconf 88' lang='lat' dir='ltr'><strong>liquimus</strong></span> <span class='ocrx_word' id='word_1_419' title='bbox 3565 1719 3677 1775; x_wconf 89' lang='lat' dir='ltr'><strong>istic</strong></span> <span class='ocrx_word' id='word_1_420' title='bbox 3770 1723 3776 1729; x_wconf 83' lang='lat'><strong><em>&#39;</em></strong></span> 
     </span>
    </p>
   </div>
   <div class='ocr_carea' id='block_1_76' title="bbox 2204 1782 3492 1888">
    <p class='ocr_par' dir='ltr' id='par_1_76' title="bbox 2204 1782 3492 1888">
     <span class='ocr_line' id='line_1_76' title="bbox 2204 1782 3492 1888; baseline -0.001 -17"><span class='ocrx_word' id='word_1_421' title='bbox 2204 1782 2254 1851; x_wconf 73' lang='grc' dir='ltr'><strong>Β</strong></span> <span class='ocrx_word' id='word_1_422' title='bbox 2351 1815 2628 1888; x_wconf 85' lang='lat' dir='ltr'><strong>Nugarum</strong></span> <span class='ocrx_word' id='word_1_423' title='bbox 2661 1824 2883 1872; x_wconf 86' lang='lat' dir='ltr'><strong>veteres</strong></span> <span class='ocrx_word' id='word_1_424' title='bbox 2914 1831 3037 1871; x_wconf 88' lang='lat' dir='ltr'><strong>cum</strong></span> <span class='ocrx_word' id='word_1_425' title='bbox 3065 1815 3182 1871; x_wconf 87' lang='lat' dir='ltr'><strong>sale</strong></span> <span class='ocrx_word' id='word_1_426' title='bbox 3208 1814 3492 1887; x_wconf 85' lang='lat' dir='ltr'><strong>reliquias.</strong></span> 
     </span>
    </p>
   </div>
   <div class='ocr_carea' id='block_1_77' title="bbox 2822 1948 3296 2007">
    <p class='ocr_par' dir='ltr' id='par_1_77' title="bbox 2822 1948 3296 2007">
     <span class='ocr_line' id='line_1_77' title="bbox 2822 1948 3296 2007; baseline -0.004 -1"><span class='ocrx_word' id='word_1_427' title='bbox 2822 1948 3156 2007; x_wconf 74' lang='lat' dir='ltr'><strong>EPISTULA</strong></span> <span class='ocrx_word' id='word_1_428' title='bbox 3203 1949 3296 2005; x_wconf 80' lang='lat' dir='ltr'><strong>IX.</strong></span> 
     </span>
    </p>
   </div>
   <div class='ocr_carea' id='block_1_78' title="bbox 2821 2043 3341 2099">
    <p class='ocr_par' dir='ltr' id='par_1_78' title="bbox 2821 2043 3341 2099">
     <span class='ocr_line' id='line_1_78' title="bbox 2821 2043 3341 2099; baseline -0.002 -1"><span class='ocrx_word' id='word_1_429' title='bbox 2821 2043 3087 2099; x_wconf 75' lang='lat' dir='ltr'><strong>Ausoutus</strong></span> <span class='ocrx_word' id='word_1_430' title='bbox 3135 2043 3341 2099; x_wconf 63' lang='lat' dir='ltr'><strong>Pauca.</strong></span> 
     </span>
    </p>
   </div>
   <div class='ocr_carea' id='block_1_79' title="bbox 2278 2157 3631 2228">
    <p class='ocr_par' dir='ltr' id='par_1_79' title="bbox 2278 2157 3631 2228">
     <span class='ocr_line' id='line_1_79' title="bbox 2278 2157 3631 2228; baseline -0.003 -13"><span class='ocrx_word' id='word_1_431' title='bbox 2278 2157 2469 2215; x_wconf 87' lang='lat' dir='ltr'><strong>Ostrea</strong></span> <span class='ocrx_word' id='word_1_432' title='bbox 2503 2157 2767 2217; x_wconf 90' lang='lat' dir='ltr'><strong>nobilium</strong></span> <span class='ocrx_word' id='word_1_433' title='bbox 2796 2159 2993 2226; x_wconf 72' lang='lat' dir='ltr'><strong>omnis,</strong></span> <span class='ocrx_word' id='word_1_434' title='bbox 3018 2168 3349 2228; x_wconf 87' lang='lat' dir='ltr'><strong>sumptoque</strong></span> <span class='ocrx_word' id='word_1_435' title='bbox 3381 2166 3631 2228; x_wconf 83' lang='lat' dir='ltr'><strong>nepotum</strong></span> 
     </span>
    </p>
   </div>
   <div class='ocr_carea' id='block_1_80' title="bbox 2276 2247 3664 2321">
    <p class='ocr_par' dir='ltr' id='par_1_80' title="bbox 2276 2247 3664 2321">
     <span class='ocr_line' id='line_1_80' title="bbox 2276 2247 3664 2321; baseline -0.004 -14"><span class='ocrx_word' id='word_1_436' title='bbox 2276 2248 2502 2321; x_wconf 85' lang='lat' dir='ltr'><strong>Cognita</strong></span> <span class='ocrx_word' id='word_1_437' title='bbox 2528 2292 2543 2315; x_wconf 93' lang='lat'><strong>,</strong></span> <span class='ocrx_word' id='word_1_438' title='bbox 2571 2248 2902 2321; x_wconf 89' lang='lat' dir='ltr'><strong>diversoque</strong></span> <span class='ocrx_word' id='word_1_439' title='bbox 2934 2249 3101 2305; x_wconf 89' lang='lat' dir='ltr'><strong>maris</strong></span> <span class='ocrx_word' id='word_1_440' title='bbox 3130 2247 3353 2306; x_wconf 86' lang='lat' dir='ltr'><strong>defensa</strong></span> <span class='ocrx_word' id='word_1_441' title='bbox 3384 2247 3664 2318; x_wconf 89' lang='lat' dir='ltr'><strong>profundo,</strong></span> 
     </span>
    </p>
   </div>
   <div class='ocr_carea' id='block_1_81' title="bbox 2277 2339 3640 2419">
    <p class='ocr_par' dir='ltr' id='par_1_81' title="bbox 2277 2339 3640 2419">
     <span class='ocr_line' id='line_1_81' title="bbox 2277 2339 3640 2419; baseline -0.001 -23"><span class='ocrx_word' id='word_1_442' title='bbox 2277 2344 2387 2396; x_wconf 82' lang='lat' dir='ltr'><strong>Aut</strong></span> <span class='ocrx_word' id='word_1_443' title='bbox 2412 2340 2614 2412; x_wconf 84' lang='lat' dir='ltr'><strong>refugis</strong></span> <span class='ocrx_word' id='word_1_444' title='bbox 2644 2339 2849 2396; x_wconf 86' lang='lat' dir='ltr'><strong>nudata</strong></span> <span class='ocrx_word' id='word_1_445' title='bbox 2879 2339 3053 2419; x_wconf 86' lang='lat' dir='ltr'><strong>vadis,</strong></span> <span class='ocrx_word' id='word_1_446' title='bbox 3078 2350 3171 2395; x_wconf 88' lang='lat' dir='ltr'><strong>aut</strong></span> <span class='ocrx_word' id='word_1_447' title='bbox 3200 2355 3430 2410; x_wconf 84' lang='lat' dir='ltr'><strong>scrupea</strong></span> <span class='ocrx_word' id='word_1_448' title='bbox 3456 2339 3640 2395; x_wconf 87' lang='lat' dir='ltr'><strong>subter</strong></span> 
     </span>
    </p>
   </div>
   <div class='ocr_carea' id='block_1_82' title="bbox 2277 2432 3701 2505">
    <p class='ocr_par' dir='ltr' id='par_1_82' title="bbox 2277 2432 3701 2505">
     <span class='ocr_line' id='line_1_82' title="bbox 2277 2432 3701 2505; baseline -0.004 -15"><span class='ocrx_word' id='word_1_449' title='bbox 2277 2433 2477 2498; x_wconf 87' lang='lat' dir='ltr'><strong>Antra,</strong></span> <span class='ocrx_word' id='word_1_450' title='bbox 2512 2442 2568 2489; x_wconf 90' lang='lat' dir='ltr'><strong>et</strong></span> <span class='ocrx_word' id='word_1_451' title='bbox 2596 2433 2855 2489; x_wconf 84' lang='lat' dir='ltr'><strong>muriccis</strong></span> <span class='ocrx_word' id='word_1_452' title='bbox 2886 2432 3235 2505; x_wconf 88' lang='lat' dir='ltr'><strong>scopulorum</strong></span> <span class='ocrx_word' id='word_1_453' title='bbox 3270 2447 3448 2489; x_wconf 87' lang='lat' dir='ltr'><strong>mersa</strong></span> <span class='ocrx_word' id='word_1_454' title='bbox 3480 2432 3701 2496; x_wconf 87' lang='lat' dir='ltr'><strong>lacunis,</strong></span> 
     </span>
    </p>
   </div>
   <div class='ocr_carea' id='block_1_83' title="bbox 2278 2523 3739 2597">
    <p class='ocr_par' dir='ltr' id='par_1_83' title="bbox 2278 2523 3739 2597">
     <span class='ocr_line' id='line_1_83' title="bbox 2278 2523 3739 2597; baseline -0.003 -14"><span class='ocrx_word' id='word_1_455' title='bbox 2278 2529 2413 2597; x_wconf 87' lang='lat' dir='ltr'><strong>Quae</strong></span> <span class='ocrx_word' id='word_1_456' title='bbox 2441 2526 2631 2584; x_wconf 89' lang='lat' dir='ltr'><strong>viridis</strong></span> <span class='ocrx_word' id='word_1_457' title='bbox 2662 2541 2908 2595; x_wconf 87' lang='lat' dir='ltr'><strong>muscus,</strong></span> <span class='ocrx_word' id='word_1_458' title='bbox 2932 2543 3051 2597; x_wconf 77' lang='lat' dir='ltr'><strong>qua:</strong></span> <span class='ocrx_word' id='word_1_459' title='bbox 3076 2526 3314 2585; x_wconf 76' lang='lat' dir='ltr'><strong>dedecOr</strong></span> <span class='ocrx_word' id='word_1_460' title='bbox 3338 2526 3461 2597; x_wconf 88' lang='lat' dir='ltr'><strong>alga</strong></span> <span class='ocrx_word' id='word_1_461' title='bbox 3488 2523 3739 2589; x_wconf 87' lang='lat' dir='ltr'><strong>recondit,</strong></span> 
     </span>
    </p>
   </div>
   <div class='ocr_carea' id='block_1_84' title="bbox 2277 2621 3662 2692">
    <p class='ocr_par' dir='ltr' id='par_1_84' title="bbox 2277 2621 3662 2692">
     <span class='ocr_line' id='line_1_84' title="bbox 2277 2621 3662 2692; baseline -0.004 -14"><span class='ocrx_word' id='word_1_462' title='bbox 2277 2624 2409 2692; x_wconf 81' lang='lat' dir='ltr'><strong>Qua:</strong></span> <span class='ocrx_word' id='word_1_463' title='bbox 2441 2623 2596 2678; x_wconf 89' lang='lat' dir='ltr'><strong>testis</strong></span> <span class='ocrx_word' id='word_1_464' title='bbox 2624 2630 2879 2680; x_wconf 87' lang='lat' dir='ltr'><strong>concreta</strong></span> <span class='ocrx_word' id='word_1_465' title='bbox 2913 2622 3052 2689; x_wconf 84' lang='lat' dir='ltr'><strong>suis,</strong></span> <span class='ocrx_word' id='word_1_466' title='bbox 3084 2636 3184 2679; x_wconf 90' lang='lat' dir='ltr'><strong>ceu</strong></span> <span class='ocrx_word' id='word_1_467' title='bbox 3213 2636 3344 2677; x_wconf 73' lang='lat' dir='ltr'><strong>saxa</strong></span> <span class='ocrx_word' id='word_1_468' title='bbox 3372 2621 3662 2686; x_wconf 63' lang='lat' dir='ltr'><strong>cohaerent,</strong></span> 
     </span>
    </p>
   </div>
   <div class='ocr_carea' id='block_1_85' title="bbox 2276 2712 3627 2786">
    <p class='ocr_par' dir='ltr' id='par_1_85' title="bbox 2276 2712 3627 2786">
     <span class='ocr_line' id='line_1_85' title="bbox 2276 2712 3627 2786; baseline -0.001 -17"><span class='ocrx_word' id='word_1_469' title='bbox 2276 2715 2409 2784; x_wconf 63' lang='lat' dir='ltr'><strong>Quae</strong></span> <span class='ocrx_word' id='word_1_470' title='bbox 2441 2723 2647 2772; x_wconf 86' lang='lat' dir='ltr'><strong>mutata</strong></span> <span class='ocrx_word' id='word_1_471' title='bbox 2676 2716 2827 2784; x_wconf 93' lang='lat' dir='ltr'><strong>loco,</strong></span> <span class='ocrx_word' id='word_1_472' title='bbox 2862 2714 3045 2786; x_wconf 88' lang='lat' dir='ltr'><strong>pingui</strong></span> <span class='ocrx_word' id='word_1_473' title='bbox 3073 2730 3201 2769; x_wconf 77' lang='lat' dir='ltr'><strong>mox</strong></span> <span class='ocrx_word' id='word_1_474' title='bbox 3226 2712 3447 2769; x_wconf 88' lang='lat' dir='ltr'><strong>condita</strong></span> <span class='ocrx_word' id='word_1_475' title='bbox 3480 2713 3627 2780; x_wconf 89' lang='lat' dir='ltr'><strong>limo,</strong></span> 
     </span>
    </p>
   </div>
   <div class='ocr_carea' id='block_1_86' title="bbox 2276 2806 3529 2879">
    <p class='ocr_par' dir='ltr' id='par_1_86' title="bbox 2276 2806 3529 2879">
     <span class='ocr_line' id='line_1_86' title="bbox 2276 2806 3529 2879; baseline -0.004 -13"><span class='ocrx_word' id='word_1_476' title='bbox 2276 2810 2464 2866; x_wconf 80' lang='lat' dir='ltr'><strong>Nutrit</strong></span> <span class='ocrx_word' id='word_1_477' title='bbox 2484 2815 2729 2867; x_wconf 83' lang='lat' dir='ltr'><strong>secretus</strong></span> <span class='ocrx_word' id='word_1_478' title='bbox 2751 2809 3028 2866; x_wconf 78' lang='lat' dir='ltr'><strong>conclusae</strong></span> <span class='ocrx_word' id='word_1_479' title='bbox 3061 2806 3278 2879; x_wconf 89' lang='lat' dir='ltr'><strong>uliginis</strong></span> <span class='ocrx_word' id='word_1_480' title='bbox 3309 2806 3529 2875; x_wconf 89' lang='lat' dir='ltr'><strong>humor,</strong></span> 
     </span>
    </p>
   </div>
   <div class='ocr_carea' id='block_1_87' title="bbox 2276 2895 3724 2973">
    <p class='ocr_par' dir='ltr' id='par_1_87' title="bbox 2276 2895 3724 2973">
     <span class='ocr_line' id='line_1_87' title="bbox 2276 2895 3724 2973; baseline -0.004 -14"><span class='ocrx_word' id='word_1_481' title='bbox 2276 2903 2613 2959; x_wconf 82' lang='lat' dir='ltr'><strong>Enumerare</strong></span> <span class='ocrx_word' id='word_1_482' title='bbox 2641 2902 2828 2973; x_wconf 90' lang='lat' dir='ltr'><strong>jubes,</strong></span> <span class='ocrx_word' id='word_1_483' title='bbox 2859 2911 3016 2958; x_wconf 88' lang='lat' dir='ltr'><strong>vetus</strong></span> <span class='ocrx_word' id='word_1_484' title='bbox 3046 2918 3081 2958; x_wconf 94' lang='lat' dir='ltr'><strong>o</strong></span> <span class='ocrx_word' id='word_1_485' title='bbox 3111 2900 3266 2967; x_wconf 90' lang='lat' dir='ltr'><strong>mihi,</strong></span> <span class='ocrx_word' id='word_1_486' title='bbox 3292 2900 3483 2966; x_wconf 77' lang='lat' dir='ltr'><strong>Paule,</strong></span> <span class='ocrx_word' id='word_1_487' title='bbox 3515 2895 3724 2965; x_wconf 87' lang='lat' dir='ltr'><strong>sodalis,</strong></span> 
     </span>
    </p>
   </div>
   <div class='ocr_carea' id='block_1_88' title="bbox 2276 2993 3510 3067">
    <p class='ocr_par' dir='ltr' id='par_1_88' title="bbox 2276 2993 3510 3067">
     <span class='ocr_line' id='line_1_88' title="bbox 2276 2993 3510 3067; baseline -0.005 -14"><span class='ocrx_word' id='word_1_488' title='bbox 2276 2995 2596 3054; x_wconf 85' lang='lat' dir='ltr'><strong>Assuefacte</strong></span> <span class='ocrx_word' id='word_1_489' title='bbox 2623 2997 2759 3054; x_wconf 87' lang='lat' dir='ltr'><strong>meis</strong></span> <span class='ocrx_word' id='word_1_490' title='bbox 2786 2996 3021 3067; x_wconf 71' lang='lat' dir='ltr'><strong>ioculari</strong></span> <span class='ocrx_word' id='word_1_491' title='bbox 3049 2995 3290 3052; x_wconf 87' lang='lat' dir='ltr'><strong>carmine</strong></span> <span class='ocrx_word' id='word_1_492' title='bbox 3326 2993 3510 3064; x_wconf 88' lang='lat' dir='ltr'><strong>nugis,</strong></span> 
     </span>
    </p>
   </div>
   <div class='ocr_carea' id='block_1_89' title="bbox 2277 3084 3627 3160">
    <p class='ocr_par' dir='ltr' id='par_1_89' title="bbox 2277 3084 3627 3160">
     <span class='ocr_line' id='line_1_89' title="bbox 2277 3084 3627 3160; baseline -0.005 -14"><span class='ocrx_word' id='word_1_493' title='bbox 2277 3088 2609 3160; x_wconf 84' lang='lat' dir='ltr'><strong>Aggrediar;</strong></span> <span class='ocrx_word' id='word_1_494' title='bbox 2639 3089 2884 3160; x_wconf 88' lang='lat' dir='ltr'><strong>quamvis</strong></span> <span class='ocrx_word' id='word_1_495' title='bbox 2909 3103 3097 3144; x_wconf 90' lang='lat' dir='ltr'><strong>curam</strong></span> <span class='ocrx_word' id='word_1_496' title='bbox 3133 3101 3239 3142; x_wconf 90' lang='lat' dir='ltr'><strong>non</strong></span> <span class='ocrx_word' id='word_1_497' title='bbox 3271 3085 3374 3142; x_wconf 90' lang='lat' dir='ltr'><strong>ista</strong></span> <span class='ocrx_word' id='word_1_498' title='bbox 3401 3084 3627 3141; x_wconf 90' lang='lat' dir='ltr'><strong>senilem</strong></span> 
     </span>
    </p>
   </div>
   <div class='ocr_carea' id='block_1_90' title="bbox 2197 3167 3628 3256">
    <p class='ocr_par' dir='ltr' id='par_1_90' title="bbox 2197 3167 3628 3256">
     <span class='ocr_line' id='line_1_90' title="bbox 2197 3167 3628 3256; baseline -0.008 -11"><span class='ocrx_word' id='word_1_499' title='bbox 2197 3167 2244 3231; x_wconf 68' lang='grc' dir='ltr'><strong>Ο</strong></span> <span class='ocrx_word' id='word_1_500' title='bbox 2278 3184 2608 3255; x_wconf 84' lang='lat' dir='ltr'><strong>Sollicitent,</strong></span> <span class='ocrx_word' id='word_1_501' title='bbox 2641 3184 2890 3256; x_wconf 86' lang='lat' dir='ltr'><strong>frugiquc</strong></span> <span class='ocrx_word' id='word_1_502' title='bbox 2916 3184 3033 3238; x_wconf 91' lang='lat' dir='ltr'><strong>viro</strong></span> <span class='ocrx_word' id='word_1_503' title='bbox 3063 3180 3333 3254; x_wconf 88' lang='lat' dir='ltr'><strong>diguanda</strong></span> <span class='ocrx_word' id='word_1_504' title='bbox 3358 3187 3628 3251; x_wconf 89' lang='lat' dir='ltr'><strong>putentur.</strong></span> 
     </span>
    </p>
   </div>
   <div class='ocr_carea' id='block_1_91' title="bbox 2275 3268 3765 3347">
    <p class='ocr_par' dir='ltr' id='par_1_91' title="bbox 2275 3268 3765 3347">
     <span class='ocr_line' id='line_1_91' title="bbox 2275 3268 3765 3347; baseline -0.007 -13"><span class='ocrx_word' id='word_1_505' title='bbox 2275 3278 2411 3334; x_wconf 82' lang='lat' dir='ltr'><strong>Nam</strong></span> <span class='ocrx_word' id='word_1_506' title='bbox 2441 3278 2573 3334; x_wconf 89' lang='lat' dir='ltr'><strong>mihi</strong></span> <span class='ocrx_word' id='word_1_507' title='bbox 2602 3293 2709 3333; x_wconf 90' lang='lat' dir='ltr'><strong>non</strong></span> <span class='ocrx_word' id='word_1_508' title='bbox 2741 3277 2938 3333; x_wconf 90' lang='lat' dir='ltr'><strong>saliare</strong></span> <span class='ocrx_word' id='word_1_509' title='bbox 2966 3275 3208 3347; x_wconf 89' lang='lat' dir='ltr'><strong>epulum,</strong></span> <span class='ocrx_word' id='word_1_510' title='bbox 3240 3290 3347 3329; x_wconf 90' lang='lat' dir='ltr'><strong>non</strong></span> <span class='ocrx_word' id='word_1_511' title='bbox 3377 3287 3533 3331; x_wconf 66' lang='lat' dir='ltr'><strong>caena</strong></span> <span class='ocrx_word' id='word_1_512' title='bbox 3558 3268 3765 3340; x_wconf 86' lang='lat' dir='ltr'><strong>dapalis,</strong></span> 
     </span>
    </p>
   </div>
   <div class='ocr_carea' id='block_1_92' title="bbox 2273 3369 3736 3442">
    <p class='ocr_par' dir='ltr' id='par_1_92' title="bbox 2273 3369 3736 3442">
     <span class='ocr_line' id='line_1_92' title="bbox 2273 3369 3736 3442; baseline -0.003 -18"><span class='ocrx_word' id='word_1_513' title='bbox 2273 3371 2499 3441; x_wconf 90' lang='lat' dir='ltr'><strong>Qualem</strong></span> <span class='ocrx_word' id='word_1_514' title='bbox 2532 3371 2834 3442; x_wconf 87' lang='lat' dir='ltr'><strong>Penelopes</strong></span> <span class='ocrx_word' id='word_1_515' title='bbox 2865 3369 3202 3426; x_wconf 89' lang='lat' dir='ltr'><strong>nebulonum</strong></span> <span class='ocrx_word' id='word_1_516' title='bbox 3233 3382 3417 3423; x_wconf 88' lang='lat' dir='ltr'><strong>mensa</strong></span> <span class='ocrx_word' id='word_1_517' title='bbox 3443 3377 3736 3438; x_wconf 87' lang='lat' dir='ltr'><strong>procorum,</strong></span> 
     </span>
    </p>
   </div>
   <div class='ocr_carea' id='block_1_93' title="bbox 2275 3461 3686 3536">
    <p class='ocr_par' dir='ltr' id='par_1_93' title="bbox 2275 3461 3686 3536">
     <span class='ocr_line' id='line_1_93' title="bbox 2275 3461 3686 3536; baseline -0.004 -15"><span class='ocrx_word' id='word_1_518' title='bbox 2275 3464 2594 3536; x_wconf 84' lang='lat' dir='ltr'><strong>Alcinoique</strong></span> <span class='ocrx_word' id='word_1_519' title='bbox 2627 3464 2817 3521; x_wconf 90' lang='lat' dir='ltr'><strong>habuit</strong></span> <span class='ocrx_word' id='word_1_520' title='bbox 2846 3464 3033 3520; x_wconf 82' lang='lat' dir='ltr'><strong>nitidae</strong></span> <span class='ocrx_word' id='word_1_521' title='bbox 3061 3464 3202 3519; x_wconf 91' lang='lat' dir='ltr'><strong>cutis</strong></span> <span class='ocrx_word' id='word_1_522' title='bbox 3225 3471 3385 3518; x_wconf 88' lang='lat' dir='ltr'><strong>uncta</strong></span> <span class='ocrx_word' id='word_1_523' title='bbox 3414 3461 3686 3532; x_wconf 85' lang='lat' dir='ltr'><strong>juventus.</strong></span> 
     </span>
    </p>
   </div>
   <div class='ocr_carea' id='block_1_94' title="bbox 2274 3555 3656 3627">
    <p class='ocr_par' dir='ltr' id='par_1_94' title="bbox 2274 3555 3656 3627">
     <span class='ocr_line' id='line_1_94' title="bbox 2274 3555 3656 3627; baseline -0.003 -14"><span class='ocrx_word' id='word_1_524' title='bbox 2274 3556 2623 3614; x_wconf 86' lang='lat' dir='ltr'><strong>Enumerabo</strong></span> <span class='ocrx_word' id='word_1_525' title='bbox 2656 3566 2857 3623; x_wconf 88' lang='lat' dir='ltr'><strong>tamen,</strong></span> <span class='ocrx_word' id='word_1_526' title='bbox 2892 3555 3089 3612; x_wconf 85' lang='lat' dir='ltr'><strong>famam</strong></span> <span class='ocrx_word' id='word_1_527' title='bbox 3119 3566 3395 3627; x_wconf 71' lang='lat' dir='ltr'><strong>lcetcsque</strong></span> <span class='ocrx_word' id='word_1_528' title='bbox 3422 3564 3656 3616; x_wconf 83' lang='lat' dir='ltr'><strong>secutus,</strong></span> 
     </span>
    </p>
   </div>
   <div class='ocr_carea' id='block_1_95' title="bbox 2272 3648 3750 3721">
    <p class='ocr_par' dir='ltr' id='par_1_95' title="bbox 2272 3648 3750 3721">
     <span class='ocr_line' id='line_1_95' title="bbox 2272 3648 3750 3721; baseline -0.005 -14"><span class='ocrx_word' id='word_1_529' title='bbox 2272 3652 2377 3707; x_wconf 89' lang='lat' dir='ltr'><strong>Pro</strong></span> <span class='ocrx_word' id='word_1_530' title='bbox 2405 3650 2598 3708; x_wconf 88' lang='lat' dir='ltr'><strong>studiis</strong></span> <span class='ocrx_word' id='word_1_531' title='bbox 2627 3650 2907 3706; x_wconf 89' lang='lat' dir='ltr'><strong>hominum</strong></span> <span class='ocrx_word' id='word_1_532' title='bbox 2937 3664 3155 3721; x_wconf 88' lang='lat' dir='ltr'><strong>semper</strong></span> <span class='ocrx_word' id='word_1_533' title='bbox 3178 3648 3393 3705; x_wconf 89' lang='lat' dir='ltr'><strong>diversa</strong></span> <span class='ocrx_word' id='word_1_534' title='bbox 3422 3648 3750 3719; x_wconf 84' lang='lat' dir='ltr'><strong>probantum.</strong></span> 
     </span>
    </p>
   </div>
   <div class='ocr_carea' id='block_1_96' title="bbox 2268 3742 3734 3816">
    <p class='ocr_par' dir='ltr' id='par_1_96' title="bbox 2268 3742 3734 3816">
     <span class='ocr_line' id='line_1_96' title="bbox 2268 3742 3734 3816; baseline -0.005 -13"><span class='ocrx_word' id='word_1_535' title='bbox 2268 3746 2376 3803; x_wconf 87' lang='lat' dir='ltr'><strong>Sed</strong></span> <span class='ocrx_word' id='word_1_536' title='bbox 2403 3746 2538 3803; x_wconf 90' lang='lat' dir='ltr'><strong>mihi</strong></span> <span class='ocrx_word' id='word_1_537' title='bbox 2567 3762 2675 3815; x_wconf 70' lang='lat' dir='ltr'><strong>przc</strong></span> <span class='ocrx_word' id='word_1_538' title='bbox 2704 3746 2919 3802; x_wconf 89' lang='lat' dir='ltr'><strong>cunctis</strong></span> <span class='ocrx_word' id='word_1_539' title='bbox 2944 3745 3239 3812; x_wconf 84' lang='lat' dir='ltr'><strong>ditissima,</strong></span> <span class='ocrx_word' id='word_1_540' title='bbox 3268 3759 3390 3816; x_wconf 66' lang='lat' dir='ltr'><strong>quae</strong></span> <span class='ocrx_word' id='word_1_541' title='bbox 3418 3742 3734 3799; x_wconf 78' lang='lat' dir='ltr'><strong>Medulorum</strong></span> 
     </span>
    </p>
   </div>
   <div class='ocr_carea' id='block_1_97' title="bbox 2271 3837 3576 3910">
    <p class='ocr_par' dir='ltr' id='par_1_97' title="bbox 2271 3837 3576 3910">
     <span class='ocr_line' id='line_1_97' title="bbox 2271 3837 3576 3910; baseline -0.004 -14"><span class='ocrx_word' id='word_1_542' title='bbox 2271 3838 2763 3907; x_wconf 88' lang='lat' dir='ltr'><strong>EducatOceanus,</strong></span> <span class='ocrx_word' id='word_1_543' title='bbox 2797 3854 2919 3910; x_wconf 63' lang='lat' dir='ltr'><strong>qua:</strong></span> <span class='ocrx_word' id='word_1_544' title='bbox 2949 3837 3355 3909; x_wconf 86' lang='lat' dir='ltr'><strong>Burdigalensia</strong></span> <span class='ocrx_word' id='word_1_545' title='bbox 3380 3851 3576 3893; x_wconf 89' lang='lat' dir='ltr'><strong>nomen</strong></span> 
     </span>
    </p>
   </div>
   <div class='ocr_carea' id='block_1_98' title="bbox 2266 3932 3582 4008">
    <p class='ocr_par' dir='ltr' id='par_1_98' title="bbox 2266 3932 3582 4008">
     <span class='ocr_line' id='line_1_98' title="bbox 2266 3932 3582 4008; baseline -0.004 -17"><span class='ocrx_word' id='word_1_546' title='bbox 2266 3933 2452 4008; x_wconf 86' lang='lat' dir='ltr'><strong>Usque</strong></span> <span class='ocrx_word' id='word_1_547' title='bbox 2481 3934 2545 3989; x_wconf 89' lang='lat' dir='ltr'><strong>ad</strong></span> <span class='ocrx_word' id='word_1_548' title='bbox 2567 3932 2849 3990; x_wconf 85' lang='lat' dir='ltr'><strong>Caesareas</strong></span> <span class='ocrx_word' id='word_1_549' title='bbox 2873 3933 2999 3989; x_wconf 86' lang='lat' dir='ltr'><strong>tulit</strong></span> <span class='ocrx_word' id='word_1_550' title='bbox 3023 3932 3313 3989; x_wconf 89' lang='lat' dir='ltr'><strong>admiratio</strong></span> <span class='ocrx_word' id='word_1_551' title='bbox 3344 3946 3582 3999; x_wconf 88' lang='lat' dir='ltr'><strong>mensas,</strong></span> 
     </span>
    </p>
   </div>
   <div class='ocr_carea' id='block_1_99' title="bbox 2266 4026 3613 4099">
    <p class='ocr_par' dir='ltr' id='par_1_99' title="bbox 2266 4026 3613 4099">
     <span class='ocr_line' id='line_1_99' title="bbox 2266 4026 3613 4099; baseline -0.006 -13"><span class='ocrx_word' id='word_1_552' title='bbox 2266 4028 2384 4086; x_wconf 81' lang='lat' dir='ltr'><strong>Non</strong></span> <span class='ocrx_word' id='word_1_553' title='bbox 2418 4028 2633 4085; x_wconf 88' lang='lat' dir='ltr'><strong>laudata</strong></span> <span class='ocrx_word' id='word_1_554' title='bbox 2666 4028 2847 4084; x_wconf 88' lang='lat' dir='ltr'><strong>minus</strong></span> <span class='ocrx_word' id='word_1_555' title='bbox 2879 4027 3050 4084; x_wconf 90' lang='lat' dir='ltr'><strong>nostri</strong></span> <span class='ocrx_word' id='word_1_556' title='bbox 3083 4042 3247 4099; x_wconf 89' lang='lat' dir='ltr'><strong>quam</strong></span> <span class='ocrx_word' id='word_1_557' title='bbox 3279 4026 3453 4098; x_wconf 89' lang='lat' dir='ltr'><strong>gloria</strong></span> <span class='ocrx_word' id='word_1_558' title='bbox 3483 4026 3613 4080; x_wconf 89' lang='lat' dir='ltr'><strong>vini.</strong></span> 
     </span>
    </p>
   </div>
   <div class='ocr_carea' id='block_1_100' title="bbox 2266 4120 3632 4192">
    <p class='ocr_par' dir='ltr' id='par_1_100' title="bbox 2266 4120 3632 4192">
     <span class='ocr_line' id='line_1_100' title="bbox 2266 4120 3632 4192; baseline -0.003 -16"><span class='ocrx_word' id='word_1_559' title='bbox 2266 4121 2396 4178; x_wconf 70' lang='lat' dir='ltr'><strong>llazc</strong></span> <span class='ocrx_word' id='word_1_560' title='bbox 2426 4121 2566 4176; x_wconf 89' lang='lat' dir='ltr'><strong>inter</strong></span> <span class='ocrx_word' id='word_1_561' title='bbox 2590 4131 2817 4177; x_wconf 89' lang='lat' dir='ltr'><strong>cunctas</strong></span> <span class='ocrx_word' id='word_1_562' title='bbox 2844 4121 3078 4192; x_wconf 86' lang='lat' dir='ltr'><strong>palmam</strong></span> <span class='ocrx_word' id='word_1_563' title='bbox 3107 4135 3362 4177; x_wconf 89' lang='lat' dir='ltr'><strong>meruere</strong></span> <span class='ocrx_word' id='word_1_564' title='bbox 3393 4120 3632 4191; x_wconf 90' lang='lat' dir='ltr'><strong>priorem</strong></span> 
     </span>
    </p>
   </div>
   <div class='ocr_carea' id='block_1_101' title="bbox 2265 4211 3668 4285">
    <p class='ocr_par' dir='ltr' id='par_1_101' title="bbox 2265 4211 3668 4285">
     <span class='ocr_line' id='line_1_101' title="bbox 2265 4211 3668 4285; baseline -0.002 -17"><span class='ocrx_word' id='word_1_565' title='bbox 2265 4214 2530 4269; x_wconf 84' lang='lat' dir='ltr'><strong>Omnibus</strong></span> <span class='ocrx_word' id='word_1_566' title='bbox 2556 4228 2622 4269; x_wconf 82' lang='lat' dir='ltr'><strong>ex</strong></span> <span class='ocrx_word' id='word_1_567' title='bbox 2657 4213 2819 4285; x_wconf 87' lang='lat' dir='ltr'><strong>longo</strong></span> <span class='ocrx_word' id='word_1_568' title='bbox 2850 4213 3191 4269; x_wconf 88' lang='lat' dir='ltr'><strong>cedentibus.</strong></span> <span class='ocrx_word' id='word_1_569' title='bbox 3215 4212 3321 4268; x_wconf 68' lang='lat' dir='ltr'><strong>l~ta</strong></span> <span class='ocrx_word' id='word_1_570' title='bbox 3354 4222 3408 4267; x_wconf 91' lang='lat' dir='ltr'><strong>et</strong></span> <span class='ocrx_word' id='word_1_571' title='bbox 3439 4211 3601 4282; x_wconf 81' lang='lat' dir='ltr'><strong>Opimi</strong></span> <span class='ocrx_word' id='word_1_572' title='bbox 3630 4211 3668 4280; x_wconf 30' lang='lat'><strong>,1</strong></span> 
     </span>
    </p>
   </div>
   <div class='ocr_carea' id='block_1_102' title="bbox 2264 4303 3698 4377">
    <p class='ocr_par' dir='ltr' id='par_1_102' title="bbox 2264 4303 3698 4377">
     <span class='ocr_line' id='line_1_102' title="bbox 2264 4303 3698 4377; baseline 0.003 -17"><span class='ocrx_word' id='word_1_573' title='bbox 2264 4304 2529 4371; x_wconf 76' lang='lat' dir='ltr'><strong>Visceris,</strong></span> <span class='ocrx_word' id='word_1_574' title='bbox 2557 4316 2616 4364; x_wconf 90' lang='lat' dir='ltr'><strong>et</strong></span> <span class='ocrx_word' id='word_1_575' title='bbox 2648 4307 2818 4371; x_wconf 88' lang='lat' dir='ltr'><strong>nivei,</strong></span> <span class='ocrx_word' id='word_1_576' title='bbox 2848 4304 3110 4377; x_wconf 90' lang='lat' dir='ltr'><strong>dulcique</strong></span> <span class='ocrx_word' id='word_1_577' title='bbox 3141 4303 3436 4363; x_wconf 87' lang='lat' dir='ltr'><strong>tenerrima</strong></span> <span class='ocrx_word' id='word_1_578' title='bbox 3462 4317 3655 4370; x_wconf 83' lang='lat' dir='ltr'><strong>succo,</strong></span> <span class='ocrx_word' id='word_1_579' title='bbox 3687 4304 3698 4365; x_wconf 66' lang='grc' dir='ltr'>ί</span> 
     </span>
    </p>
   </div>
   <div class='ocr_carea' id='block_1_103' title="bbox 2262 4397 3642 4470">
    <p class='ocr_par' dir='ltr' id='par_1_103' title="bbox 2262 4397 3642 4470">
     <span class='ocr_line' id='line_1_103' title="bbox 2262 4397 3642 4470; baseline -0.004 -17"><span class='ocrx_word' id='word_1_580' title='bbox 2262 4397 2490 4455; x_wconf 86' lang='lat' dir='ltr'><strong>Miscent</strong></span> <span class='ocrx_word' id='word_1_581' title='bbox 2518 4412 2829 4470; x_wconf 64' lang='lat' dir='ltr'><strong>arquoreum</strong></span> <span class='ocrx_word' id='word_1_582' title='bbox 2858 4398 3006 4454; x_wconf 89' lang='lat' dir='ltr'><strong>tenui</strong></span> <span class='ocrx_word' id='word_1_583' title='bbox 3038 4397 3153 4454; x_wconf 89' lang='lat' dir='ltr'><strong>sale</strong></span> <span class='ocrx_word' id='word_1_584' title='bbox 3183 4399 3348 4454; x_wconf 87' lang='lat' dir='ltr'><strong>tincta</strong></span> <span class='ocrx_word' id='word_1_585' title='bbox 3380 4410 3642 4469; x_wconf 88' lang='lat' dir='ltr'><strong>saporem.</strong></span> 
     </span>
    </p>
   </div>
   <div class='ocr_carea' id='block_1_104' title="bbox 2263 4489 3688 4564">
    <p class='ocr_par' dir='ltr' id='par_1_104' title="bbox 2263 4489 3688 4564">
     <span class='ocr_line' id='line_1_104' title="bbox 2263 4489 3688 4564; baseline -0.003 -18"><span class='ocrx_word' id='word_1_586' title='bbox 2263 4491 2518 4548; x_wconf 80' lang='lat' dir='ltr'><strong>Proxima</strong></span> <span class='ocrx_word' id='word_1_587' title='bbox 2549 4493 2658 4548; x_wconf 91' lang='lat' dir='ltr'><strong>sint</strong></span> <span class='ocrx_word' id='word_1_588' title='bbox 2684 4494 2910 4564; x_wconf 64' lang='lat' dir='ltr'><strong>quasvis,</strong></span> <span class='ocrx_word' id='word_1_589' title='bbox 2934 4490 3030 4548; x_wconf 91' lang='lat' dir='ltr'><strong>sed</strong></span> <span class='ocrx_word' id='word_1_590' title='bbox 3054 4492 3214 4563; x_wconf 89' lang='lat' dir='ltr'><strong>longe</strong></span> <span class='ocrx_word' id='word_1_591' title='bbox 3245 4492 3486 4563; x_wconf 80' lang='lat' dir='ltr'><strong>proxima</strong></span> <span class='ocrx_word' id='word_1_592' title='bbox 3510 4489 3688 4554; x_wconf 91' lang='lat' dir='ltr'><strong>multo,</strong></span> 
     </span>
    </p>
   </div>
   <div class='ocr_carea' id='block_1_105' title="bbox 2187 4569 3422 4655">
    <p class='ocr_par' dir='ltr' id='par_1_105' title="bbox 2187 4569 3422 4655">
     <span class='ocr_line' id='line_1_105' title="bbox 2187 4569 3422 4655; baseline -0.001 -16"><span class='ocrx_word' id='word_1_593' title='bbox 2187 4569 2240 4630; x_wconf 79' lang='grc'><strong>1)</strong></span> <span class='ocrx_word' id='word_1_594' title='bbox 2263 4582 2343 4639; x_wconf 75' lang='lat' dir='ltr'><strong>Ex</strong></span> <span class='ocrx_word' id='word_1_595' title='bbox 2368 4584 2653 4640; x_wconf 87' lang='lat' dir='ltr'><strong>intervallo</strong></span> <span class='ocrx_word' id='word_1_596' title='bbox 2679 4601 2692 4639; x_wconf 91' lang='lat'><strong>:</strong></span> <span class='ocrx_word' id='word_1_597' title='bbox 2721 4600 2842 4655; x_wconf 66' lang='lat' dir='ltr'><strong>quae</strong></span> <span class='ocrx_word' id='word_1_598' title='bbox 2864 4583 3217 4640; x_wconf 80' lang='lat' dir='ltr'><strong>Massiliensia</strong></span> <span class='ocrx_word' id='word_1_599' title='bbox 3240 4594 3422 4655; x_wconf 91' lang='lat' dir='ltr'><strong>portu,</strong></span> 
     </span>
    </p>
   </div>
   <div class='ocr_carea' id='block_1_106' title="bbox 2258 4673 3691 4748">
    <p class='ocr_par' dir='ltr' id='par_1_106' title="bbox 2258 4673 3691 4748">
     <span class='ocr_line' id='line_1_106' title="bbox 2258 4673 3691 4748; baseline -0.002 -20"><span class='ocrx_word' id='word_1_600' title='bbox 2258 4677 2389 4742; x_wconf 77' lang='lat' dir='ltr'><strong>Quae</strong></span> <span class='ocrx_word' id='word_1_601' title='bbox 2409 4675 2592 4733; x_wconf 85' lang='lat' dir='ltr'><strong>Narbo</strong></span> <span class='ocrx_word' id='word_1_602' title='bbox 2615 4675 2680 4731; x_wconf 90' lang='lat' dir='ltr'><strong>ad</strong></span> <span class='ocrx_word' id='word_1_603' title='bbox 2708 4676 2935 4731; x_wconf 82' lang='lat' dir='ltr'><strong>Veneris</strong></span> <span class='ocrx_word' id='word_1_604' title='bbox 2960 4677 3162 4742; x_wconf 89' lang='lat' dir='ltr'><strong>nutrit;</strong></span> <span class='ocrx_word' id='word_1_605' title='bbox 3189 4677 3446 4748; x_wconf 90' lang='lat' dir='ltr'><strong>cultuque</strong></span> <span class='ocrx_word' id='word_1_606' title='bbox 3470 4673 3691 4732; x_wconf 86' lang='lat' dir='ltr'><strong>carentia</strong></span> 
     </span>
    </p>
   </div>
   <div class='ocr_carea' id='block_1_107' title="bbox 2260 4770 3555 4844">
    <p class='ocr_par' dir='ltr' id='par_1_107' title="bbox 2260 4770 3555 4844">
     <span class='ocr_line' id='line_1_107' title="bbox 2260 4770 3555 4844; baseline 0.001 -19"><span class='ocrx_word' id='word_1_607' title='bbox 2260 4771 2681 4841; x_wconf 83' lang='lat' dir='ltr'><strong>llelleSpomiaci</strong></span> <span class='ocrx_word' id='word_1_608' title='bbox 2712 4786 2831 4842; x_wconf 74' lang='lat' dir='ltr'><strong>qum</strong></span> <span class='ocrx_word' id='word_1_609' title='bbox 2860 4774 3102 4843; x_wconf 81' lang='lat' dir='ltr'><strong>protegit</strong></span> <span class='ocrx_word' id='word_1_610' title='bbox 3127 4786 3315 4842; x_wconf 72' lang='lat' dir='ltr'><strong>a&#39;qnor</strong></span> <span class='ocrx_word' id='word_1_611' title='bbox 3340 4770 3513 4844; x_wconf 83' lang='lat' dir='ltr'><strong>Abydi</strong></span> <span class='ocrx_word' id='word_1_612' title='bbox 3540 4788 3555 4826; x_wconf 88' lang='lat'><strong>:</strong></span> 
     </span>
    </p>
   </div>
   <div class='ocr_carea' id='block_1_108' title="bbox 2257 4863 3520 4935">
    <p class='ocr_par' dir='ltr' id='par_1_108' title="bbox 2257 4863 3520 4935">
     <span class='ocr_line' id='line_1_108' title="bbox 2257 4863 3520 4935; baseline 0.002 -18"><span class='ocrx_word' id='word_1_613' title='bbox 2257 4863 2353 4920; x_wconf 89' lang='lat' dir='ltr'><strong>Vel</strong></span> <span class='ocrx_word' id='word_1_614' title='bbox 2384 4880 2508 4933; x_wconf 68' lang='lat' dir='ltr'><strong>quae</strong></span> <span class='ocrx_word' id='word_1_615' title='bbox 2536 4864 2755 4922; x_wconf 87' lang='lat' dir='ltr'><strong>Baianis</strong></span> <span class='ocrx_word' id='word_1_616' title='bbox 2789 4863 3022 4934; x_wconf 74' lang='lat' dir='ltr'><strong>pendent</strong></span> <span class='ocrx_word' id='word_1_617' title='bbox 3046 4865 3312 4921; x_wconf 83' lang='lat' dir='ltr'><strong>fluitantia</strong></span> <span class='ocrx_word' id='word_1_618' title='bbox 3345 4864 3520 4935; x_wconf 87' lang='lat' dir='ltr'><strong>palis:</strong></span> 
     </span>
    </p>
   </div>
   <div class='ocr_carea' id='block_1_109' title="bbox 2253 4952 3661 5027">
    <p class='ocr_par' dir='ltr' id='par_1_109' title="bbox 2253 4952 3661 5027">
     <span class='ocr_line' id='line_1_109' title="bbox 2253 4952 3661 5027; baseline -0.002 -15"><span class='ocrx_word' id='word_1_619' title='bbox 2253 4954 2549 5012; x_wconf 90' lang='lat' dir='ltr'><strong>Santonico</strong></span> <span class='ocrx_word' id='word_1_620' title='bbox 2582 4971 2705 5027; x_wconf 76' lang='lat' dir='ltr'><strong>qua:</strong></span> <span class='ocrx_word' id='word_1_621' title='bbox 2738 4965 2879 5011; x_wconf 88' lang='lat' dir='ltr'><strong>tecta</strong></span> <span class='ocrx_word' id='word_1_622' title='bbox 2910 4957 3026 5012; x_wconf 91' lang='lat' dir='ltr'><strong>salo</strong></span> <span class='ocrx_word' id='word_1_623' title='bbox 3054 4977 3063 5010; x_wconf 88' lang='lat'>:</span> <span class='ocrx_word' id='word_1_624' title='bbox 3093 4972 3213 5027; x_wconf 63' lang='lat' dir='ltr'><strong>qua:</strong></span> <span class='ocrx_word' id='word_1_625' title='bbox 3239 4967 3366 5012; x_wconf 89' lang='lat' dir='ltr'><strong>nota</strong></span> <span class='ocrx_word' id='word_1_626' title='bbox 3394 4952 3661 5014; x_wconf 84' lang='lat' dir='ltr'><strong>Genonis:</strong></span> 
     </span>
    </p>
   </div>
   <div class='ocr_carea' id='block_1_110' title="bbox 2254 5047 3713 5122">
    <p class='ocr_par' dir='ltr' id='par_1_110' title="bbox 2254 5047 3713 5122">
     <span class='ocr_line' id='line_1_110' title="bbox 2254 5047 3713 5122; baseline -0.001 -19"><span class='ocrx_word' id='word_1_627' title='bbox 2254 5050 2362 5104; x_wconf 87' lang='lat' dir='ltr'><strong>Aut</strong></span> <span class='ocrx_word' id='word_1_628' title='bbox 2390 5049 2631 5105; x_wconf 85' lang='lat' dir='ltr'><strong>Eborum</strong></span> <span class='ocrx_word' id='word_1_629' title='bbox 2661 5051 2860 5106; x_wconf 84' lang='lat' dir='ltr'><strong>mixtus</strong></span> <span class='ocrx_word' id='word_1_630' title='bbox 2891 5050 3081 5121; x_wconf 87' lang='lat' dir='ltr'><strong>pelago</strong></span> <span class='ocrx_word' id='word_1_631' title='bbox 3108 5066 3231 5122; x_wconf 68' lang='lat' dir='ltr'><strong>qua:</strong></span> <span class='ocrx_word' id='word_1_632' title='bbox 3260 5053 3493 5121; x_wconf 87' lang='lat' dir='ltr'><strong>protegit</strong></span> <span class='ocrx_word' id='word_1_633' title='bbox 3522 5047 3713 5110; x_wconf 85' lang='lat' dir='ltr'><strong>amnis.</strong></span> 
     </span>
    </p>
   </div>
   <div class='ocr_carea' id='block_1_111' title="bbox 2255 5141 3584 5215">
    <p class='ocr_par' dir='ltr' id='par_1_111' title="bbox 2255 5141 3584 5215">
     <span class='ocr_line' id='line_1_111' title="bbox 2255 5141 3584 5215; baseline 0.002 -18"><span class='ocrx_word' id='word_1_634' title='bbox 2255 5141 2322 5197; x_wconf 89' lang='lat' dir='ltr'><strong>Ut</strong></span> <span class='ocrx_word' id='word_1_635' title='bbox 2354 5142 2522 5198; x_wconf 87' lang='lat' dir='ltr'><strong>multo</strong></span> <span class='ocrx_word' id='word_1_636' title='bbox 2546 5143 2766 5214; x_wconf 88' lang='lat' dir='ltr'><strong>jaceant</strong></span> <span class='ocrx_word' id='word_1_637' title='bbox 2793 5142 3034 5215; x_wconf 66' lang='lat' dir='ltr'><strong>algarum</strong></span> <span class='ocrx_word' id='word_1_638' title='bbox 3066 5143 3301 5199; x_wconf 88' lang='lat' dir='ltr'><strong>obducta</strong></span> <span class='ocrx_word' id='word_1_639' title='bbox 3332 5158 3584 5209; x_wconf 84' lang='lat' dir='ltr'><strong>recessu;</strong></span> 
     </span>
    </p>
   </div>
   <div class='ocr_carea' id='block_1_112' title="bbox 2246 5235 3531 5312">
    <p class='ocr_par' dir='ltr' id='par_1_112' title="bbox 2246 5235 3531 5312">
     <span class='ocr_line' id='line_1_112' title="bbox 2246 5235 3531 5312; baseline 0.006 -24"><span class='ocrx_word' id='word_1_640' title='bbox 2246 5235 2451 5303; x_wconf 56' lang='lat' dir='ltr'><strong>Asiiera</strong></span> <span class='ocrx_word' id='word_1_641' title='bbox 2478 5251 2601 5307; x_wconf 66' lang='lat' dir='ltr'><strong>qua:</strong></span> <span class='ocrx_word' id='word_1_642' title='bbox 2628 5239 2806 5305; x_wconf 86' lang='lat' dir='ltr'><strong>testis,</strong></span> <span class='ocrx_word' id='word_1_643' title='bbox 2835 5247 2890 5294; x_wconf 85' lang='lat' dir='ltr'><strong>et</strong></span> <span class='ocrx_word' id='word_1_644' title='bbox 2916 5238 3098 5293; x_wconf 91' lang='lat' dir='ltr'><strong>dulcia</strong></span> <span class='ocrx_word' id='word_1_645' title='bbox 3126 5237 3287 5294; x_wconf 89' lang='lat' dir='ltr'><strong>farris</strong></span> <span class='ocrx_word' id='word_1_646' title='bbox 3317 5240 3531 5312; x_wconf 84' lang='lat' dir='ltr'><strong>opimae.</strong></span> 
     </span>
    </p>
   </div>
   <div class='ocr_carea' id='block_1_113' title="bbox 2247 5327 3605 5401">
    <p class='ocr_par' dir='ltr' id='par_1_113' title="bbox 2247 5327 3605 5401">
     <span class='ocr_line' id='line_1_113' title="bbox 2247 5327 3605 5401; baseline 0 -18"><span class='ocrx_word' id='word_1_647' title='bbox 2247 5327 2384 5383; x_wconf 88' lang='lat' dir='ltr'><strong>Sunt</strong></span> <span class='ocrx_word' id='word_1_648' title='bbox 2416 5336 2472 5383; x_wconf 90' lang='lat' dir='ltr'><strong>et</strong></span> <span class='ocrx_word' id='word_1_649' title='bbox 2500 5327 2803 5385; x_wconf 84' lang='lat' dir='ltr'><strong>Aremorici</strong></span> <span class='ocrx_word' id='word_1_650' title='bbox 2834 5329 2925 5401; x_wconf 90' lang='lat' dir='ltr'><strong>qui</strong></span> <span class='ocrx_word' id='word_1_651' title='bbox 2964 5330 3187 5387; x_wconf 88' lang='lat' dir='ltr'><strong>laudent</strong></span> <span class='ocrx_word' id='word_1_652' title='bbox 3215 5340 3397 5385; x_wconf 88' lang='lat' dir='ltr'><strong>ostrea</strong></span> <span class='ocrx_word' id='word_1_653' title='bbox 3427 5329 3605 5401; x_wconf 84' lang='lat' dir='ltr'><strong>ponti:</strong></span> 
     </span>
    </p>
   </div>
   <div class='ocr_carea' id='block_1_114' title="bbox 2246 5422 3620 5498">
    <p class='ocr_par' dir='ltr' id='par_1_114' title="bbox 2246 5422 3620 5498">
     <span class='ocr_line' id='line_1_114' title="bbox 2246 5422 3620 5498; baseline -0.001 -19"><span class='ocrx_word' id='word_1_654' title='bbox 2246 5422 2316 5479; x_wconf 84' lang='lat' dir='ltr'><strong>Et</strong></span> <span class='ocrx_word' id='word_1_655' title='bbox 2343 5438 2464 5494; x_wconf 73' lang='lat' dir='ltr'><strong>qum</strong></span> <span class='ocrx_word' id='word_1_656' title='bbox 2497 5423 2757 5481; x_wconf 81' lang='lat' dir='ltr'><strong>Pictonici</strong></span> <span class='ocrx_word' id='word_1_657' title='bbox 2788 5425 2918 5498; x_wconf 88' lang='lat' dir='ltr'><strong>legit</strong></span> <span class='ocrx_word' id='word_1_658' title='bbox 2942 5426 3127 5482; x_wconf 86' lang='lat' dir='ltr'><strong>accola</strong></span> <span class='ocrx_word' id='word_1_659' title='bbox 3150 5425 3353 5482; x_wconf 87' lang='lat' dir='ltr'><strong>littoris</strong></span> <span class='ocrx_word' id='word_1_660' title='bbox 3383 5444 3395 5479; x_wconf 88' lang='lat'>:</span> <span class='ocrx_word' id='word_1_661' title='bbox 3430 5434 3486 5481; x_wconf 92' lang='lat' dir='ltr'><strong>ct</strong></span> <span class='ocrx_word' id='word_1_662' title='bbox 3506 5437 3620 5495; x_wconf 64' lang='lat' dir='ltr'><strong>quae</strong></span> 
     </span>
    </p>
   </div>
   <div class='ocr_carea' id='block_1_115' title="bbox 2239 5515 3601 5589">
    <p class='ocr_par' dir='ltr' id='par_1_115' title="bbox 2239 5515 3601 5589">
     <span class='ocr_line' id='line_1_115' title="bbox 2239 5515 3601 5589; baseline -0.001 -19"><span class='ocrx_word' id='word_1_663' title='bbox 2239 5515 2371 5570; x_wconf 76' lang='lat' dir='ltr'><strong>Mira</strong></span> <span class='ocrx_word' id='word_1_664' title='bbox 2399 5515 2731 5573; x_wconf 88' lang='lat' dir='ltr'><strong>Caledonius</strong></span> <span class='ocrx_word' id='word_1_665' title='bbox 2753 5533 3159 5589; x_wconf 84' lang='lat' dir='ltr'><strong>nonnumquam</strong></span> <span class='ocrx_word' id='word_1_666' title='bbox 3190 5517 3397 5589; x_wconf 88' lang='lat' dir='ltr'><strong>detegit</strong></span> <span class='ocrx_word' id='word_1_667' title='bbox 3422 5527 3601 5573; x_wconf 64' lang='lat' dir='ltr'><strong>aestus.</strong></span> 
     </span>
    </p>
   </div>
   <div class='ocr_carea' id='block_1_116' title="bbox 2240 5604 3658 5683">
    <p class='ocr_par' dir='ltr' id='par_1_116' title="bbox 2240 5604 3658 5683">
     <span class='ocr_line' id='line_1_116' title="bbox 2240 5604 3658 5683; baseline -0.001 -22"><span class='ocrx_word' id='word_1_668' title='bbox 2240 5604 2519 5663; x_wconf 84' lang='lat' dir='ltr'><strong>Accedunt</strong></span> <span class='ocrx_word' id='word_1_669' title='bbox 2538 5648 2553 5674; x_wconf 94' lang='lat'><strong>,</strong></span> <span class='ocrx_word' id='word_1_670' title='bbox 2585 5623 2706 5681; x_wconf 73' lang='lat' dir='ltr'><strong>qua:</strong></span> <span class='ocrx_word' id='word_1_671' title='bbox 2734 5608 2911 5683; x_wconf 89' lang='lat' dir='ltr'><strong>(fama</strong></span> <span class='ocrx_word' id='word_1_672' title='bbox 2941 5610 3167 5680; x_wconf 89' lang='lat' dir='ltr'><strong>recens)</strong></span> <span class='ocrx_word' id='word_1_673' title='bbox 3198 5609 3455 5682; x_wconf 86' lang='lat' dir='ltr'><strong>Byzantia</strong></span> <span class='ocrx_word' id='word_1_674' title='bbox 3485 5606 3658 5663; x_wconf 71' lang='lat' dir='ltr'><strong>aubtcr</strong></span> 
     </span>
    </p>
   </div>
   <div class='ocr_carea' id='block_1_117' title="bbox 2238 5696 3607 5773">
    <p class='ocr_par' dir='ltr' id='par_1_117' title="bbox 2238 5696 3607 5773">
     <span class='ocr_line' id='line_1_117' title="bbox 2238 5696 3607 5773; baseline -0.001 -21"><span class='ocrx_word' id='word_1_675' title='bbox 2238 5696 2468 5763; x_wconf 81' lang='lat' dir='ltr'><strong>Littera,</strong></span> <span class='ocrx_word' id='word_1_676' title='bbox 2496 5707 2551 5754; x_wconf 89' lang='lat' dir='ltr'><strong>et</strong></span> <span class='ocrx_word' id='word_1_677' title='bbox 2580 5700 2771 5755; x_wconf 77' lang='lat' dir='ltr'><strong>insana</strong></span> <span class='ocrx_word' id='word_1_678' title='bbox 2799 5708 3056 5773; x_wconf 88' lang='lat' dir='ltr'><strong>generata</strong></span> <span class='ocrx_word' id='word_1_679' title='bbox 3089 5699 3435 5770; x_wconf 84' lang='lat' dir='ltr'><strong>PrOpontidis</strong></span> <span class='ocrx_word' id='word_1_680' title='bbox 3464 5707 3607 5760; x_wconf 86' lang='lat' dir='ltr'><strong>acta,</strong></span> 
     </span>
    </p>
   </div>
   <div class='ocr_carea' id='block_1_118' title="bbox 2236 5789 3598 5864">
    <p class='ocr_par' dir='ltr' id='par_1_118' title="bbox 2236 5789 3598 5864">
     <span class='ocr_line' id='line_1_118' title="bbox 2236 5789 3598 5864; baseline -0.001 -18"><span class='ocrx_word' id='word_1_681' title='bbox 2236 5789 2478 5848; x_wconf 83' lang='lat' dir='ltr'><strong>Promoti</strong></span> <span class='ocrx_word' id='word_1_682' title='bbox 2504 5792 2772 5850; x_wconf 75' lang='lat' dir='ltr'><strong>celebrata</strong></span> <span class='ocrx_word' id='word_1_683' title='bbox 2802 5794 2956 5854; x_wconf 89' lang='lat' dir='ltr'><strong>ducis</strong></span> <span class='ocrx_word' id='word_1_684' title='bbox 2988 5795 3061 5852; x_wconf 91' lang='lat' dir='ltr'><strong>de</strong></span> <span class='ocrx_word' id='word_1_685' title='bbox 3086 5794 3326 5864; x_wconf 91' lang='lat' dir='ltr'><strong>nomine,</strong></span> <span class='ocrx_word' id='word_1_686' title='bbox 3364 5792 3598 5848; x_wconf 88' lang='lat' dir='ltr'><strong>laudant.</strong></span> 
     </span>
    </p>
   </div>
  </div>
