4072 6306
240 447 369 502 Hmc
398 441 500 498 tibi
534 453 644 496 non
673 444 851 505 vates,
882 448 991 492 non
1023 431 1337 498 historicus,
1368 440 1545 500 neque
1574 432 1690 482 toto

238 540 383 597 Orbe
412 550 590 608 vagus
619 532 847 591 conviva
880 531 1094 599 loquor,
1125 526 1222 583 sed
1255 522 1451 580 tradita
1474 520 1693 578 multis:

239 633 308 692 Ut
332 633 590 695 solitum,
622 625 878 699 quotiens
902 623 1113 679 dextra:
1139 618 1398 675 invitatio
1426 628 1630 673 mensa

238 725 511 785 Sollicitat
544 727 720 780 lenem
749 718 893 776 comi
925 729 1183 773 sermone
1204 712 1446 785 Lyaeum.

241 821 367 876 Haec
403 833 517 873 non
548 830 647 887 per
671 813 894 884 vulgum
931 807 1063 864 mihi
1095 805 1334 877 cognita,
1359 814 1567 874 perque
1586 796 1837 870 popinas.

240 916 345 969 Aut
367 910 742 982 parasitorum
772 902 1003 975 collegia
1037 899 1411 956 Plautinorum
1436 911 1452 951 :

241 1005 346 1062 Sed
368 1049 384 1072 ,
417 1001 593 1058 festos
622 997 752 1070 quia
781 1010 929 1066 saepe
958 992 1078 1048 dies
1112 990 1308 1061 partim
1338 987 1455 1057 ipse
1484 998 1732 1041 meorum

239 1096 497 1161 Excolui,
532 1093 693 1162 inque
726 1090 902 1145 vicem
933 1084 1168 1142 conviva
1201 1090 1423 1138 vocatus
1448 1077 1624 1146 adivi,

239 1187 448 1245 Natalis
473 1186 520 1240 si
554 1184 695 1240 forte
724 1181 829 1238 fuit
855 1178 1116 1237 solemnis
1145 1176 1345 1240 amico,

238 1281 627 1353 Coniugioque
654 1277 845 1346 dapes,
878 1282 972 1329 aut
1000 1286 1155 1329 sacra
1182 1260 1397 1340 fepotia
1423 1273 1641 1339 patrum
1661 1303 1678 1330 ,

238 1377 434 1435 Audivi
460 1393 476 1433 :
503 1372 842 1442 meminique
869 1369 1046 1424 bonos
1076 1364 1301 1422 laudare
1330 1362 1665 1432 frequentes.

813 1478 1153 1540 EPISTOLA
1198 1476 1270 1534 X.

753 1578 1020 1633 Ausomus
1057 1573 1263 1628 Psuao.

235 1698 290 1755 Si
322 1712 428 1769 qua
461 1693 601 1750 lides
631 1689 785 1749 falsis
811 1700 1074 1759 umquam
1104 1692 1189 1740 est
1215 1676 1524 1736 adhibenda
1552 1673 1729 1746 poetis
1748 1715 1763 1741 ,

305 1790 416 1846 Nec
443 1789 659 1859 plasma
691 1797 908 1853 semper
936 1780 1170 1835 allinunt
1190 1819 1204 1844 ,

234 1884 431 1951 Paule,
458 1881 824 1937 Camenarum
851 1873 1212 1931 celeberrime
1234 1869 1600 1927 Castaliarum

303 1979 546 2034 Alumne
574 1974 874 2047 quondam,
911 1983 1055 2026 nunc
1084 1977 1261 2039 pater,

237 2076 343 2131 Aut
372 2085 535 2142 avus,
565 2079 661 2125 aut
690 2067 909 2140 proavis
934 2063 1235 2136 antiquior,
1270 2068 1329 2115 ut
1361 2058 1461 2114 luit
1489 2056 1620 2113 olim

304 2166 716 2224 Tartessiorum
745 2162 963 2235 regulus
993 2179 1006 2213 :

237 2261 563 2317 lntemerata
598 2255 695 2311 tibi
724 2260 986 2311 maneant
1017 2247 1285 2320 promissa
1319 2250 1619 2313 memento.

304 2354 553 2411 thbus
572 2351 730 2423 jubet
755 2363 945 2405 verum
975 2344 1145 2416 loqui.

239 2447 302 2503 Et
329 2446 373 2501 si
402 2443 612 2500 Pierias
639 2441 843 2513 patitur
866 2438 1037 2493 lirare
1069 2447 1287 2490 sorores
1304 2475 1319 2496 ,

307 2540 616 2610 Numquam
652 2537 768 2606 ipse
798 2541 1018 2603 torquet
1043 2527 1265 2589 αὔλακα.

238 2635 313 2692 Te
340 2647 565 2707 quoque
593 2646 664 2707 ne
689 2629 873 2700 pigeat
902 2624 1198 2693 conSpousi
1233 2617 1490 2677 foederis:
1523 2626 1573 2673 et
1599 2615 1711 2687 jam

306 2703 617 2785 Citusvven'i
649 2737 835 2787 remo,
868 2730 959 2781 aut
988 2727 1131 2773 rota.

242 2822 505 2895 Equoris
531 2818 730 2875 undosi
755 2830 861 2888 qua
892 2796 1527 2881 multiplicata'recurSu,

307 2917 588 2974 Garumna
619 2922 844 2984 pontum
876 2916 1159 2980 provocat.

240 3013 344 3069 Aut
375 3013 696 3068 iteratarum
726 3021 830 3077 qua
857 3004 1041 3075 glarea
1067 3001 1191 3057 trita
1218 2997 1455 3063 viarum,

307 3107 436 3163 Fert
471 3104 763 3160 militarent
790 3101 856 3156 ad
881 3099 1149 3154 Blaviam.

237 3197 345 3256 Nos
370 3198 580 3255 etenim
617 3194 806 3265 primis
832 3200 1078 3248 sanctum
1115 3195 1237 3261 post
1263 3183 1471 3242 Pascha
1502 3180 1696 3239 diebus

306 3294 551 3349 Avernus
583 3302 771 3358 agrum
802 3286 1004 3342 visere.

239 3387 368 3444 Nam
398 3383 594 3458 p0puli
623 3391 817 3449 cintus,
846 3390 903 3436 et
934 3377 1173 3448 compita
1204 3371 1425 3429 sordida
1462 3369 1596 3425 rixis

306 3481 684 3537 Fastidientes
707 3519 722 3543 ,
753 3475 1031 3532 cernimus

237 3580 516 3647 Augustas
544 3576 754 3629 fervere
787 3571 927 3636 vias,
956 3576 1013 3624 et
1042 3579 1314 3637 congrege
1342 3562 1505 3633 vulgo

304 3670 519 3727 Nomen
546 3666 756 3738 plateas
787 3661 1040 3733 perdere.

237 3761 478 3818 Turbida
504 3758 785 3830 congestis
814 3756 1072 3811 referitur
1095 3748 1325 3806 vocibus
1355 3744 1528 3811 Echo,

303 3858 459 3915 Tene
479 3898 495 3923 ,
525 3854 624 3910 feri
646 3896 661 3920 ,
691 3851 827 3918 duc,
859 3851 960 3916 da,
992 3862 1164 3905 cave:

236 3947 338 4006 Sus
373 3949 648 4003 lutulenta
682 3942 851 4013 fugit,
885 3939 1109 3996 rabidus
1135 3936 1287 3994 canis
1318 3933 1523 4005 impete
1548 3942 1729 3994 saevo,

305 4041 379 4098 Et
409 4042 648 4110 impares
671 4036 915 4107 pIaIISll‘O
937 4033 1125 4090 boves.

236 4133 343 4189 Nec
377 4131 602 4203 prodest
632 4125 916 4197 penetrale
945 4124 1139 4181 domus
1167 4129 1219 4177 et
1248 4126 1438 4191 operta
1465 4115 1651 4172 subire
1678 4131 1689 4167 :

306 4228 414 4283 Per
442 4232 586 4280 tecta
611 4221 883 4278 clamores
913 4223 1118 4272 meant.

239 4323 392 4387 llaec,
422 4328 477 4375 et
508 4333 630 4390 qutc
660 4321 892 4389 possunt
921 4309 1162 4382 placidos
1188 4305 1473 4365 otTendere
1504 4314 1720 4368 mores,

308 4416 526 4486 Cogunt
552 4408 782 4481 relinqui
815 4406 1047 4463 muenia:

240 4507 430 4565 Dulcia
455 4504 653 4562 secreti
685 4508 999 4569 repetantur
1023 4507 1081 4553 ut
1111 4496 1219 4553 otia
1246 4494 1390 4550 ruris

306 4600 478 4674 Nugis
507 4611 721 4655 alumna
753 4595 937 4651 seriis.

236 4692 513 4765 Tempora
536 4690 797 4760 diSpouas
824 4687 913 4741 ubi
945 4697 998 4740 tu
1031 4691 1122 4739 tua
1150 4682 1380 4753 :jusque
1414 4689 1566 4734 tuum
1592 4676 1693 4744 sit,

313 4787 383 4845 Ut
418 4786 492 4842 nil
526 4799 689 4854 agas,
723 4782 804 4837 vel
834 4779 977 4851 quod
1003 4777 1176 4831 voles.

241 4882 318 4939 Ad
347 4895 469 4951 quas
497 4880 539 4933 si
571 4890 857 4949 properas,
891 4881 1002 4929 tota
1032 4886 1156 4927 cum
1188 4882 1369 4925 merce
1398 4873 1623 4921 tuarum

312 4975 452 5030 Veni
484 4974 843 5027 Cambuarum
876 4969 1043 5024 citus.

214 5062 585 5138 ’Dactylicos,
613 5063 819 5132 elegos,
850 5058 1229 5116 choriamhum
1261 5067 1511 5119 carmen,
1537 5049 1767 5122 epodos,

311 5161 468 5216 Socci
496 5167 549 5213 et
581 5155 836 5212 cothurni
871 5154 1169 5217 musicam,

241 5253 777 5326 Carpentisimpoue
802 5249 946 5303 tuis:
973 5261 1100 5301 nam
1136 5252 1246 5298 tota
1277 5239 1522 5312 supellex

315 5349 507 5403 Vatum
538 5344 748 5416 piorum
777 5341 1002 5396 cltarlea
1032 5349 1137 5395 est.

246 5439 543 5497 Nobiscum
576 5434 830 5492 invenies
854 5431 1183 5501 catenOplia,
1212 5430 1257 5486 si
1292 5427 1424 5484 libet
1463 5425 1538 5482 uti
1560 5465 1576 5491 ,

318 5533 435 5589 Non
461 5531 629 5588 Poena
649 5568 664 5594 ,
694 5526 790 5584 sed
819 5525 1011 5583 Graeca
1041 5522 1169 5578 ﬁde.

322 5667 517 5723 Versus
539 5680 682 5720 meos
706 5662 827 5718 utili
852 5671 900 5718 et
929 5658 1137 5713 conscio
1160 5657 1258 5712 sibi
1281 5658 1482 5730 pudore
1506 5654 1698 5711 celatos
1725 5669 1843 5708 car-

248 5762 385 5817 mine
412 5771 502 5815 tuo
545 5767 592 5813 et
632 5772 870 5811 sermone
913 5751 1195 5823 praemissis
1248 5752 1373 5805 dum
1405 5760 1557 5820 putas
1584 5749 1720 5813 elici,
1760 5765 1843 5804 re-

243 5853 497 5923 pressisti.
530 5850 673 5905 Nam
699 5849 788 5918 qui
830 5850 940 5918 ipse
967 5844 1244 5915 facundus,
1275 5852 1323 5897 et
1348 5843 1575 5898 musicus
1623 5840 1842 5898 editioni

1670 301 2062 367 ‘EPIS'I‘OLE.
2136 324 2141 329 ι

1869 418 1923 481 Α
1947 418 2133 475 aliene
2173 420 2445 488 prolectat,
2489 419 2770 475 audaciam
2799 418 3039 487 consilio,
3088 432 3194 492 quo
3221 415 3426 480 suadet,
3457 430 3547 469 erc—

1860 4595 1922 4658 D

3436 294 3547 358 ΜΞ

1945 521 2122 569 terret.
2154 511 2316 585 Tegat
2344 522 2548 583 oportet
2575 515 2785 569 auditor
2805 514 3101 568 doctrinam
3127 528 3302 582 suam,
3333 510 3424 583 qui
3450 523 3542 563 vo-

1945 606 2015 661 let
2052 607 2119 661 ad
2167 605 2438 661 dicendum
2470 606 2756 661 sollicitare
2786 608 3132 676 trepidantem
3158 621 3177 661 :
3201 620 3296 660 nec
3326 599 3542 658 emerita

1943 697 2216 753 adversum
2238 699 2540 768 tyrunculos
2556 715 2703 753 arma
2722 697 2982 754 concutiat
2997 706 3240 753 veterana
3257 693 3543 750 calliditas.
3568 687 3572 691 ’

1945 791 2121 850 Sensit
2140 790 2235 845 hoc
2265 788 2440 847 Venus
2461 790 2527 845 de
2549 792 2956 864 pulchritudinis
2977 791 3156 863 palma
3178 790 3270 845 diu
3298 787 3545 861 ambiguo

1942 883 2194 953 ampliata
2212 882 2440 954 judicio.
2475 879 2745 937 Pudenter
2773 884 2908 938 enim
2939 892 2991 936 ut
3025 881 3169 953 apud
3195 890 3419 952 patrem.
3450 895 3546 934 ve-

1943 978 2051 1032 lata
2069 984 2384 1031 certaverat:
2405 991 2570 1046 neque
2585 975 2870 1030 deterrebat
2893 973 3111 1030 romulus
3131 982 3345 1030 ornatus
3364 988 3545 1043 atqua-

1942 1070 2028 1124 lis.
2070 1069 2140 1123 At
2174 1076 2448 1140 postquam
2494 1068 2549 1121 in
2583 1067 2810 1140 pastoris
2848 1083 3062 1123 examen
3111 1066 3330 1121 deducta
3356 1074 3432 1120 est
3477 1064 3545 1118 lis

1941 1163 2177 1228 dearum,
2210 1160 2380 1231 qualis
2410 1169 2683 1215 emerserat
2710 1160 2866 1225 mari,
2894 1169 2982 1212 aut
3011 1175 3127 1214 cum
3152 1157 3325 1213 Marte
3352 1172 3542 1212 conve-

1942 1264 2110 1321 nerat,
2144 1262 2194 1309 et
2213 1254 2561 1310 consternavit
2590 1253 2871 1319 arbitrum,
2903 1260 2949 1306 et
2976 1250 3392 1305 contendentium
3429 1264 3546 1303 cer-

1943 1359 2113 1404 tamen
2147 1347 2419 1420 oppressit.
2452 1344 2593 1418 Ergo
2616 1345 2717 1400 nisi
2741 1345 2936 1400 delirus
2966 1352 3084 1397 tuus
3110 1344 3163 1396 in
3186 1358 3242 1396 re
3272 1341 3412 1396 tenui
3439 1355 3545 1394 non

1941 1441 2160 1495 tenuiter
2183 1438 2453 1494 laboratas
2476 1436 2729 1507 opuscula
2754 1452 2890 1503 mea,
2918 1449 3033 1505 qua:
3049 1433 3218 1505 promi
3237 1432 3545 1495 studueras,

1939 1534 2273 1598 retardasset,
2312 1532 2630 1606 jamdudum
2675 1545 2790 1603 ego,
2823 1538 2876 1582 ut
2908 1525 3106 1598 palmes
3160 1523 3441 1589 audacior,
3487 1521 3543 1575 in

1942 1628 2195 1700 hybernas
2220 1626 2390 1682 adhuc
2422 1642 2572 1680 curas
2602 1623 2896 1691 improbum
2931 1636 3139 1693 germen
3182 1618 3423 1691 egissem,
3457 1631 3545 1685 pe-

1941 1722 2169 1778 riculum
2179 1720 2370 1793 judicii
2393 1719 2561 1791 gravis
2581 1715 2878 1772 inconsulta
2901 1712 3227 1785 festinatione
3249 1709 3543 1765 subiturus.

1874 1805 1919 1868 Β
1946 1813 2183 1884 Denique
2224 1812 2514 1878 dissonum,
2543 1826 2695 1879 quem
2724 1808 3033 1862 colonomou
3070 1803 3306 1859 existimo
3330 1799 3546 1873 proprie

1945 1926 1978 1964 a
2015 1905 2294 1979 philologis
2342 1904 2691 1974 appellatum,
2725 1901 2947 1968 accrevi,
2987 1908 3041 1953 ut
3080 1897 3302 1971 jubebas
3350 1892 3549 1949 recenti

1940 2015 2185 2056 versuum
2216 2009 2421 2053 tuorum
2469 1995 2693 2051 lectione
2735 2009 2835 2048 non
2881 2008 3039 2047 ausus
3076 2007 3140 2044 ea
3168 2003 3282 2056 qua!
3310 1985 3400 2040 tibi
3423 1985 3541 2055 jam

1944 2094 2138 2149 cursim
2167 2096 2375 2163 fuerant
2405 2090 2643 2155 recitata,
2681 2083 2970 2141 transmisi.
3008 2079 3222 2136 Etenim
3247 2079 3343 2132 hoc
3373 2090 3543 2148 papa-

1941 2188 2108 2255 scisti,
2135 2196 2283 2257 atque
2310 2183 2367 2238 id
2396 2200 2486 2256 ego
2514 2181 2701 2250 malui,
2733 2188 2789 2234 tu
2819 2187 2877 2233 ut
2904 2187 2991 2233 tua
3027 2174 3180 2248 culpa
3210 2174 3276 2228 ad
3305 2171 3545 2228 eumdem

1942 2278 2171 2352 lapidem
2192 2277 2268 2332 bis
2293 2274 2605 2344 oﬂenderes,
2633 2289 2728 2345 ego
2755 2280 2949 2338 autem,
2979 2281 3312 2340 quaecumque
3332 2265 3544 2337 fortuna

1943 2380 2094 2439 esset,
2120 2371 2274 2427 semel
2303 2369 2670 2425 erubescerem.

2501 2481 2833 2541 EPISTOLA
2893 2478 2993 2536 XI.

2364 2580 2632 2637 Ausoutus
2666 2577 2850 2634 PAULO
2888 2575 3126 2630 salutem.

2023 2697 2178 2764 Vide,
2208 2697 2281 2752 mi
2299 2694 2498 2765 Paule,
2530 2710 2685 2766 quam
2710 2693 2945 2761 ineptum
2972 2687 3278 2756 lucessieris,
3297 2686 3352 2741 in
3379 2684 3543 2741 verbis

1942 2793 2168 2858 rudem,
2209 2791 2264 2845 in
2312 2789 2601 2861 eloquendo
2650 2786 2902 2853 hiulcum,
2950 2801 2983 2838 a
3032 2782 3312 2854 propositis
3341 2780 3541 2835 discre-

1942 2896 2180 2961 pantem,
2200 2887 2256 2941 in
2292 2885 2520 2940 versibus
2545 2879 2961 2938 concinnationis
2986 2886 3243 2953 expertem
3260 2918 3274 2941 ,
3296 2876 3350 2931 in
3380 2874 3540 2929 cavil-

1944 2981 2102 3036 lando
2151 2987 2343 3034 natura
2388 2979 2716 3032 invenustum
2756 2991 2848 3030 nec
2893 2982 3005 3028 arte
3051 2971 3339 3040 conditum,
3387 2969 3545 3024 diluti

1944 3073 2070 3127 salis
2100 3083 2147 3127 et
2174 3072 2315 3143 fellis
2341 3070 2516 3143 ignaui
2542 3110 2557 3134 ,
2589 3084 2680 3123 nec
2720 3068 2784 3122 de
2814 3066 2972 3121 mimo
3018 3063 3349 3138 planipedem
3377 3103 3394 3130 ,
3450 3077 3544 3117 nec

1867 3200 1915 3264 Ο
1944 3165 2008 3219 de
2033 3164 2302 3218 comoediis
2346 3161 2673 3217 histrionem.
2725 3160 2799 3215 Ac
2850 3158 2953 3213 nisi
2989 3156 3100 3213 hac
3147 3172 3178 3209 a
3206 3154 3353 3210 nobis
3384 3152 3545 3207 missa

1944 3257 2053 3330 ipse
2084 3260 2314 3310 lecturus
2357 3270 2510 3322 esses,
2559 3254 2717 3309 etiam
2763 3253 2826 3307 de
2875 3246 3298 3325 pronuntiatione
3325 3246 3541 3301 rideres.

1948 3347 2108 3403 Nunc
2140 3346 2484 3403 commodiore
2511 3347 2621 3419 fato
2651 3355 2806 3410 sunt,
2836 3344 2978 3417 quod
3006 3341 3123 3397 licet
3154 3339 3295 3413 apud
3325 3355 3419 3395 nos
3455 3353 3544 3409 ge-

1947 3443 2109 3497 nuina
2127 3485 2142 3512 ,
2172 3440 2317 3509 apud
2346 3451 2391 3495 te
2420 3448 2569 3495 erunt
2601 3439 2868 3510 adoptiva.

2094 3557 2292 3613 Vinum
2325 3570 2448 3611 eum
2477 3554 2663 3626 bijugo
2692 3552 2894 3625 parabo
2920 3552 3168 3623 plaustro

2088 3647 2273 3705 Primo
2302 3659 2549 3720 tempore
2570 3647 2846 3704 Santonos
2875 3644 3183 3702 vehendum
3205 3683 3221 3710 ,

2091 3742 2265 3798 Ovum
2297 3752 2350 3796 tu
2374 3757 2592 3813 quoque
2625 3741 2864 3811 passeris
2892 3738 3120 3806 marini,

2088 3836 2246 3903 Quod
2279 3848 2424 3889 nunc
2465 3847 2689 3905 promus
2718 3835 2798 3887 ait
2829 3832 3021 3902 procul
3050 3830 3302 3886 relictum

2093 3930 2150 3985 In
2184 3927 2352 3984 fundo
2384 3927 2575 4000 patria:
2608 3926 2987 3998 Bigerritanaa.

2478 4040 2817 4099 EPISTULA
2876 4040 2996 4097 XII.

2460 4144 2749 4195 A’IZO‘NIOS
2786 4142 3016 4192 ΠΔΥΛΩ.

2013 4252 2302 4316 suasua;
2329 4254 2567 4327 μετέχων
2593 4253 2819 4315 Μούσης,
2850 4249 3128 4319 Latiaeque
3153 4246 3429 4312 Camenae,

1942 4348 2087 4422 Ἀξίῳ
2109 4345 2349 4410 Αὐσόνιος
2374 4360 2627 4402 sermone
2653 4345 2832 4400 alludo
2863 4343 3108 4414 bilingui.

1943 4442 2137 4509 Musas,
2166 4441 2295 4514 quid
2327 4440 2592 4496 iacimus?
2618 4442 2671 4497 τί
2706 4447 2926 4495 κεναῖσιν
2954 4437 3033 4494 ἐπ’
3052 4439 3249 4494 ἐλπίσιν
3268 4435 3439 4497 αὕτως

1943 4535 2204 4593 Ludimus
2223 4534 2545 4609 ἀφραδίῃσιν,
2576 4535 2625 4587 ἐν
2651 4533 2813 4606 ἤματι
2838 4532 3209 4608 γηράσκοντιςε

1944 4636 2251 4689 Σαντονικοῐς
2277 4642 2560 4698 campotcm
2588 4624 2693 4684 ὅπη
2719 4627 2871 4702 κρύος
2898 4620 3121 4680 ἅσπετόν
3148 4623 3306 4688 ἐστιν,

1939 4721 2198 4778 Erramus
2229 4719 2407 4791 gelido
2427 4722 2669 4796 τρομεροὶ
2694 4717 2959 4788 rigidique
2990 4726 3183 4787 poetae.

1943 4812 2183 4890 Πιερίδων
2205 4811 2655 4891 τερενοπλοκάμων
2679 4813 2990 4890 θεράποντες
3012 4811 3241 4866 inertes.

1942 4910 2110 4966 Πάντα
2137 4905 2183 4963 δ’
2200 4905 2320 4980 ἔχει
2354 4907 2577 4982 παγετός
2599 4927 2655 4964 τε
2682 4905 2879 4977 pedum
2903 4910 2988 4961 καὶ
3011 4903 3206 4981 κρυμὸς
3229 4899 3470 4965 ὀδόντων,

1944 5001 2199 5076 Θαλπωρὴ
2221 5000 2344 5070 quia
2365 4999 2514 5055 nulla
2539 4999 2678 5055 πέλει
2704 4995 2948 5071 χιονώδεί
2972 5000 3144 5072 χώρῃ,

1947 5094 2016 5150 Ει
2044 5093 2322 5163 duplicant
2350 5092 2521 5165 frigus
2550 5093 2751 5171 ψυχρὰ
2777 5091 3018 5149 carmina
3049 5086 3374 5162 μητιόωντες.

1945 5186 2255 5267 Ἀρχόμενος
2281 5183 2326 5242 δ’
2346 5183 2450 5260 ἄρα
2473 5200 2618 5259 μῆνιν
2649 5189 2789 5243 ἐὼῑα.
2830 5226 2843 5240 .
2872 5222 2889 5238 .
2917 5222 2934 5239 .
2969 5223 2982 5237 .

1949 5280 2222 5336 Primitias
2248 5282 2428 5354 Παύλῳ
2460 5290 2652 5335 nostro
2675 5278 2867 5353 πέμψω
2896 5273 3166 5349 μελιηδής.

1948 5375 2276 5446 Μνημοσύνης
2306 5373 2716 5450 κρηδεμνοκόμου
2738 5372 2867 5427 πολύ
2895 5368 3090 5439 inclyta
3113 5368 3263 5423 τέκνα

1947 5468 2118 5523 Ἐννέα
2137 5467 2402 5533 verbosa
2425 5467 2797 5545 κρινοστέφανοί
2814 5485 2870 5519 τε
2894 5461 3107 5533 puella).

1948 5557 2076 5615 ’Ἔνθ’
2102 5556 2193 5633 ἆγε
2217 5581 2303 5633 μοι
2321 5543 2620 5617 soluit-sus?
2643 5557 2762 5625 ἔπη,
2793 5554 3053 5630 κουρώδεα
3091 5543 3306 5627 μολπήν.

1948 5652 2218 5725 ψρὸνῑίϋυε
2242 5656 2513 5731 ἡμετέραις
2534 5654 2770 5725 πτέρινον
2790 5650 3044 5719 praelerte
3072 5646 3313 5703 libellum

1950 5756 2236 5817 Υματαρ..;
2270 5748 2479 5818 στίχον.
2515 5786 2528 5798 .
2564 5783 2579 5796 .
2613 5780 2629 5796 .
2665 5781 2679 5794 .

1949 5839 2128 5913 Παύλῳ
2149 5840 2464 5918 imparem
2489 5837 2863 5911 μεμιγμένην...
2887 5835 3040 5907 ᾠδήν.
