4072 6306
1915 312 2096 373 DECII

819 413 911 471 Sic
941 414 1233 474 Gratianus
1262 419 1407 478 hunc
1427 435 1624 481 novum

816 507 986 579 Stirpi
1014 507 1209 566 futurae
1236 515 1473 584 copulet.

818 599 954 656 Rata
982 614 1111 659 sunt
1136 604 1336 673 futura,
1368 623 1492 679 qua:
1520 611 1732 682 loquor.

808 692 901 751 Sic
929 697 1144 764 merita,
1176 700 1260 757 sic
1287 700 1457 758 fatum
1474 704 1649 775 iubet.

814 785 921 842 Sed
939 787 1050 858 iam
1078 799 1136 845 ut
1165 791 1415 864 loquatur
1443 796 1641 861 Julius.
1672 868 1699 872 _

811 878 979 936 Fandi
1012 883 1231 941 modum
1258 886 1424 944 invita
1455 890 1641 963 accipe

818 970 1139 1047 Volucripes
1169 976 1445 1038 dimetria.

817 1066 1044 1140 Aveque
1065 1069 1234 1144 dicto,
1258 1072 1365 1140 dic,
1399 1074 1552 1133 Vale.

1060 1204 1398 1275 EPISTULA
1421 1211 1582 1268 XVII.

521 1306 918 1389 Adlinsuwu,
960 1323 1361 1389 grammaticum
1411 1324 1766 1382 Trevirorum:
1803 1331 1888 1385 cui
1914 1341 2119 1389 strenas

591 1379 825 1469 lfalendis
861 1379 1138 1447 Jan'uariis
1185 1394 1249 1448 ab
1281 1379 2120 1469 imperatore—

592 1455 734 1523 fecit.

521 1564 738 1625 Primus
753 1569 978 1642 iucundi
1010 1575 1105 1632 fuit
1123 1577 1213 1635 hic
1236 1581 1331 1637 tibi
1364 1582 1576 1642 fructus
1604 1585 1848 1656 honoris,

593 1659 857 1734 Augusta:
884 1663 1121 1725 faustum
1151 1688 1349 1731 munus
1382 1677 1584 1735 habere
1605 1696 1818 1737 manus.

520 1747 810 1810 Proximus
838 1772 903 1813 ex
936 1758 1099 1832 longo
1118 1766 1325 1834 gradus
1349 1776 1453 1836 est,
1478 1769 1778 1839 Quaestoris
1806 1775 1970 1832 annici

587 1844 789 1903 Curam
817 1865 919 1921 pro
940 1858 1148 1913 strenis
1178 1864 1511 1920 excubuisse
1551 1867 1676 1921 tuis.

519 1933 687 2007 Ergo,
723 1939 1064 2016 interceptos
1087 1951 1272 2021 regale
1299 1956 1567 2014 nomisma
1594 1959 1870 2034 Philippos

591 2028 794 2101 Accipe
817 2042 896 2090 tot
913 2052 1163 2108 numero,
1192 2054 1326 2116 quot
1354 2046 1465 2103 duo
1491 2028 1793 2123 Geryones.

517 2118 660 2186 Quot
685 2126 824 2181 terni
852 2127 1099 2203 biiuges:
1140 2134 1470 2212 demptoque
1496 2118 1697 2202 triente
1725 2147 2018 2208 Camenae:

590 2212 841 2286 Quotque
870 2220 1036 2279 doces
1062 2224 1237 2298 boris,
1269 2238 1512 2305 quotque
1538 2236 1686 2295 domi
1716 2242 1941 2299 resides.

516 2304 663 2362 Ostia
692 2321 824 2382 quot
851 2329 950 2384 pro
979 2328 1134 2389 parte
1164 2325 1343 2394 aperit
1370 2304 1656 2386 stridentia
1684 2332 1904 2392 Circus:

589 2400 854 2476 Excepto,
888 2410 1127 2469 medium
1151 2417 1296 2486 quod
1330 2429 1478 2490 patet
1505 2423 1571 2479 ad
1603 2426 1867 2485 stadium.

513 2492 658 2561 Quoi
679 2497 909 2567 pedibus
930 2504 1253 2574 gradiuntur
1279 2526 1433 2583 apes,
1474 2524 1528 2572 et
1555 2532 1745 2576 versus
1764 2521 2029 2581 ‘Homeri:

586 2588 836 2664 Quotque
869 2596 1018 2654 horis
1050 2601 1273 2676 pelagus
1296 2607 1535 2679 profluit,
1558 2622 1657 2669 aut
1675 2614 1875 2673 reﬂuit.

514 2678 753 2740 Protulit
783 2686 838 2743 in
870 2705 1088 2750 scenam
1119 2709 1247 2767 quot
1271 2678 1527 2758 dramata
1551 2704 1868 2766 tabellarum

583 2777 833 2869 Arcadia:
856 2785 1041 2842 medio
1070 2792 1160 2860 qui
1183 2792 1327 2869 iacet
1357 2797 1408 2852 in
1441 2800 1673 2869 gremio.

512 2863 609 2924 Vel
633 2881 766 2941 quot
790 2874 1073 2945 iuncturas
1094 2864 1425 2955 geometrica
1444 2863 1616 2949 forma
1646 2894 1891 2953 favorum

581 2960 835 3024 Conserit
854 2977 1115 3031 extremis
1144 2981 1417 3053 omnibus,
1445 2994 1503 3042 et
1531 2989 1746 3046 mediis.

508 3052 655 3122 Quot
678 3058 836 3116 telios
868 3065 1077 3134 primus
1106 3074 1370 3142 numeris,
1397 3079 1658 3151 solusque
1679 3083 1977 3152 probatur;

579 3153 725 3220 Quot
752 3174 872 3230 par,
899 3173 1063 3236 atque
1085 3168 1261 3240 impar
1290 3175 1538 3243 partibus
1566 3180 1885 3250 aequiparat.

508 3244 597 3302 Bis
629 3256 834 3322 ternos,
867 3268 923 3312 et
956 3271 1040 3316 ter
1063 3261 1221 3320 binos
1250 3269 1342 3335 qui
1365 3272 1605 3329 conserit
1632 3290 1805 3331 unus:

577 3339 680 3408 Qui
708 3344 861 3401 solus
891 3351 1115 3409 totidem
1143 3362 1559 3430 congeminatus
1583 3364 1766 3423 habet.

506 3430 650 3498 Quot
678 3432 891 3495 faciunt
910 3443 1084 3512 juncti
1111 3449 1409 3522 subterque
1431 3469 1704 3530 supraque
1732 3462 1916 3533 locati,

574 3524 677 3593 Qui
711 3543 1003 3591 numerant
1033 3537 1270 3610 Hyadas,
1303 3524 1660 3621 Pleiadasque
1690 3554 1872 3612 simul.

579 3708 797 3787 Ursule,
831 3718 1039 3793 collega
1071 3726 1266 3784 nobilis
1300 3730 1619 3794 Harmonia.

504 3801 823 3879 Harmonio,
853 3829 1012 3885 quem
1042 3816 1326 3894 Claranus,
1351 3844 1513 3901 quem
1539 3832 1799 3907 Scaurus,
1831 3849 1885 3895 et
1900 3840 2095 3915 Asper,

577 3897 751 4002 Quem
782 3904 885 3962 sibi
917 3910 1187 3970 conferret
1222 3897 1413 3989 Varro,
1442 3925 1698 3999 priorque
1727 3897 1950 4003 Crates,

500 3988 712 4063 Quique
739 4000 879 4055 sacri
915 4000 1155 4063 lacerum
1189 4011 1411 4084 collegit
1440 4031 1640 4089 corpus
1672 4022 1915 4091 Homeri,

570 4083 785 4182 Quique
812 4101 972 4150 notas
1000 4100 1204 4171 spuriis
1231 4083 1483 4165 verSibus
1508 4083 1789 4182 apposuit:

502 4175 782 4249 Cecropia:
811 4198 1102 4247 commune
1128 4192 1318 4261 decus,
1350 4199 1603 4274 latizeqne
1632 4223 1901 4281 camenae,

568 4268 732 4329 Solus
762 4279 854 4348 qui
879 4279 1075 4339 Chium
1099 4287 1310 4358 miscet,
1335 4302 1390 4348 et
1417 4268 1786 4371 Am-mineum,

1020 4419 1357 4483 EPISTOLA
1390 4429 1574 4490 XVIII.

887 4529 1155 4591 Ausomus
1182 4536 1390 4598 Pou'rto
1428 4544 1687 4606 Panemo.

490 4635 824 4695 Condiderat
849 4643 957 4715 iam
989 4649 1123 4704 solis
1147 4668 1316 4725 equos
1341 4657 1617 4721 Tartessia
1644 4668 1845 4743 Calpe:

491 4734 879 4812 Stridebatque
902 4741 1044 4801 freto
1071 4748 1229 4806 Titan
1256 4753 1485 4826 insignis
1506 4761 1659 4820 Ibero
1685 4785 1698 4820 :

489 4828 609 4885 Jam
641 4835 1001 4895 succedentes
1038 4846 1314 4912 quatiebat
1344 4834 1494 4909 Luna
1516 4856 1820 4931 iuvencas;

495 4920 747 4980 Vinceret
777 4935 836 4983 ut
864 4931 1118 4989 tenebras
1147 4937 1335 5005 radiis,
1365 4920 1733 5008 velut‘aemula
1767 4920 1970 5014 fratris.

485 5014 608 5070 Jam
637 5019 915 5091 volucres,
950 5025 1344 5102 hominumque
1385 5050 1556 5106 genus
1576 5049 1885 5113 superabile
1910 5054 2080 5124 curis,

485 5106 794 5171 Mulcebant
819 5118 1013 5186 placidi
1036 5123 1327 5194 tranquilla
1357 5128 1553 5188 oblivia
1577 5106 1774 5194 somni.

486 5200 837 5266 Transierant
864 5213 1008 5280 idus,
1040 5219 1253 5275 medius
1275 5235 1529 5292 suprema
1557 5229 1849 5293 december

483 5294 753 5369 Tempora
784 5317 1014 5364 venturo
1047 5314 1383 5382 properabat
1401 5316 1634 5389 iungere
1661 5324 1819 5383 Jano.

489 5389 554 5444 Et
579 5406 751 5449 nonas
778 5395 1023 5457 decimas
1055 5403 1125 5458 ab
1150 5418 1210 5460 se
1238 5422 1343 5463 nox
1374 5408 1534 5482 longa
1561 5411 1823 5474 kalendas

485 5484 700 5556 Jugiter
727 5491 888 5549 acciri
910 5496 1234 5557 celebranda
1266 5504 1333 5558 ad
1364 5502 1501 5560 festa
1533 5507 1777 5578 iubebat.

562 5623 767 5694 Nescis,
788 5639 934 5701 puto,
965 5634 1093 5704 quid
1112 5638 1260 5694 velim
1291 5650 1367 5696 tot
1391 5644 1617 5700 versibus
1651 5647 1848 5717 dicere;
1879 5655 2078 5711 medius

488 5714 646 5783 ﬁdius
676 5735 838 5791 neque
859 5724 969 5792 ipse
999 5728 1121 5784 bene
1169 5732 1403 5806 intelligo
1423 5753 1443 5791 :
1473 5747 1639 5794 tamen
1670 5714 1922 5810 suspicor.
1952 5746 2076 5803 lam

485 5806 656 5876 prima
677 5826 695 5864 ν
713 5826 780 5867 οτι
804 5824 914 5870 erat
933 5828 1053 5875 ante
1081 5822 1215 5879 diem
1247 5842 1444 5883 nonum
1469 5830 1722 5887 decimum
1740 5831 2075 5897 kalendarum

2136 312 2415 376 AUSONtl
3717 340 3810 399 923

2153 433 2204 493 Α
2232 430 2631 505 Ianuariarum,
2657 452 2772 493 cum
2800 440 3024 499 reddita:
3038 445 3299 501 suntmilci
3319 446 3625 509 litterwtua:
3635 460 3809 530 oppido

2226 542 2380 597 quam
2402 528 2665 586 litterata.
2697 530 2797 587 llis
2828 534 2977 609 longe
3009 538 3449 607 iucundissimum
3489 563 3671 616 poema
3696 528 3808 609 sub-

2227 618 2457 689 dideras,
2489 624 2626 691 quod
2672 624 2737 680 de
2775 627 2935 684 tribus
2972 629 3213 688 Suetonii
3242 633 3410 703 libris,
3448 654 3579 709 quos
3628 642 3716 699 ille
3754 647 3809 703 de

2226 710 2434 781 regibus
2465 713 2630 780 dedit,
2670 718 2725 771 in
2779 719 3033 790 epitomen
3085 725 3316 795 coegisti,
3357 737 3505 785 tanta
3536 731 3805 806 elegantia,

2224 805 2367 858 solus
2388 816 2445 860 ut
2466 806 2595 863 mihi
2620 810 2824 867 videare
2849 826 3138 883 assecutus,
3160 821 3303 890 quod
3330 832 3510 877 contra
3534 841 3703 882 rerum
3726 805 3809 886 na-

2226 904 2398 953 turam
2424 909 2520 967 est,
2551 900 2774 960 brevitas
2798 915 2852 961 ut
2874 907 3089 964 obscura
3114 927 3217 967 non
3232 923 3381 970 esset.
3404 913 3474 970 In
3493 914 3577 973 Itis
3598 922 3806 979 versibus

2224 1004 2317 1062 ego
2341 990 2445 1046 ista
2469 996 2707 1064 cognovi.
3258 1010 3269 1021 '

2222 1144 2606 1221 Europamque
2628 1152 2927 1226 Asiamque
2951 1155 3063 1214 duo
3083 1160 3165 1214 vel
3198 1161 3432 1220 maxima
3466 1173 3625 1224 terra:

2222 1237 2464 1296 Membra
2490 1259 2504 1296 :
2534 1244 2733 1315 quibus
2764 1245 2989 1321 Libyam
3014 1251 3181 1309 dubie
3207 1253 3498 1314 Sallustius
3527 1260 3677 1318 addit

2223 1327 2458 1403 EurOpae
2488 1333 2803 1404 adiunctam
2834 1380 2846 1404 ,
2882 1341 3057 1410 possit
3085 1356 3210 1399 cum
3244 1346 3407 1403 tertia
3434 1348 3570 1405 dici:

2222 1420 2496 1494 Regnatas
2514 1427 2721 1497 multis,
2757 1446 2891 1499 quos
2923 1431 3070 1490 fama
3104 1436 3395 1494 obliterat:
3426 1450 3482 1498 et
3511 1457 3646 1513 quos

2220 1514 2454 1573 Barbara
2485 1518 2745 1578 Romanae
2770 1539 2875 1580 non
2910 1528 3130 1584 tradunt
3170 1533 3391 1589 nomina
3426 1535 3643 1608 linguae,

2223 1606 2525 1680 lllibanum,
2551 1612 2947 1690 Numidamque
2974 1621 3210 1691 Avelim,
3231 1606 3602 1701 Parthumque
3629 1624 3793 1690 Vono?

2221 1699 2291 1757 Et
2314 1702 2605 1774 Caranum,
2630 1707 2828 1766 Pellaea
2849 1711 2998 1769 dedit
3023 1716 3112 1787 qui
3141 1719 3362 1775 nomina
3387 1699 3601 1793 regum.
3639 1726 3795 1800 [nem,

2144 1829 2192 1891 Β
2220 1793 2435 1867 Quique
2475 1814 2663 1870 magos
2690 1801 2875 1859 docuit
2906 1809 3164 1878 mysteria
3194 1826 3329 1867 vana
3358 1793 3664 1886 Necepsus':

2221 1889 2397 1962 thui
2429 1894 2678 1964 regnavit
2707 1897 2826 1954 sine
2850 1900 3077 1958 nomine
3108 1917 3234 1961 mox
3261 1903 3587 1967 Sesoostris.

2287 2068 2417 2127 Haec
2442 2081 2498 2127 tu
2526 2090 2681 2145 quam
2700 2076 2888 2150 perite,
2916 2090 2965 2134 et
2993 2083 3263 2153 concinne,
3282 2101 3439 2157 quam
3458 2090 3738 2161 modulate,
3757 2104 3800 2151 et

2214 2158 2455 2233 dulciter,
2510 2168 2588 2223 ita
2619 2173 2782 2243 juxta
2832 2183 3076 2231 naturam
3120 2177 3475 2237 Romanorum
3507 2195 3797 2243 accentuum

2214 2260 2514 2329 enuntiasti,
2543 2271 2598 2316 ut
2628 2274 2803 2320 tamen
2830 2269 2983 2335 veris,
3022 2286 3086 2325 ac
3116 2273 3438 2345 primigeniis
3462 2279 3670 2335 vocibus
3713 2298 3797 2337 sua

2213 2353 2427 2426 fastigia
2456 2371 2561 2411 non
2587 2359 2838 2430 perirent.
2882 2361 3007 2419 .lam
3033 2367 3160 2435 quid
3195 2370 3257 2423 de
3279 2370 3578 2443 eloquentia
3608 2376 3799 2433 dicant!

2211 2445 2407 2515 liquide
2427 2447 2677 2521 adjurare
2704 2469 2936 2522 possum,
2979 2459 3186 2514 nullum
3213 2462 3307 2517 tibi
3345 2464 3417 2518 ad
3448 2469 3699 2536 poeticam
3725 2472 3799 2543 fa-

2212 2538 2460 2593 cundiam
2494 2539 2744 2598 llomanw
2780 2545 3062 2612 iuuentutis
3109 2555 3335 2623 (aquari.
3369 2552 3523 2612 Certe
3562 2560 3638 2615 ita

2212 2631 2429 2687 videris.
2482 2634 2546 2689 Si
2565 2652 2706 2705 erro,
2754 2650 2903 2710 pater
2949 2660 3086 2712 sum,
3139 2651 3219 2719 fer
3247 2665 3359 2704 me:
3380 2661 3432 2705 et
3474 2653 3585 2709 noli
3609 2656 3797 2730 exigere

2202 2721 2489 2794 judicium,
2521 2726 2757 2783 obstante
2807 2731 3016 2803 pietate.
3059 2734 3252 2791 Verum
3296 2755 3414 2796 cum
3445 2743 3529 2811 pie
3570 2721 3792 2820 diligant,

2209 2814 2407 2872 sincere
2428 2833 2490 2872 ac
2508 2824 2686 2877 sev‘ere
2726 2823 2926 2889 iudico.
2976 2827 3131 2899 Aliice
3178 2846 3282 2897 me,
3312 2848 3427 2899 ora,
3473 2835 3570 2889 tali
3598 2852 3797 2895 munere

2208 2907 2537 2979 frequenter:
2558 2929 2659 2983 quo
2674 2924 2725 2969 et
2740 2915 2986 2987 oblector,
3016 2930 3062 2975 et
3090 2920 3337 2979 honoror.
3364 2926 3595 2983 Accessit
3612 2929 3704 2983 tibi
3734 2931 3796 2985 ad

2209 3009 2414 3069 partem
2451 3007 2709 3076 poeticam
2733 3008 2922 3067 mellea
2963 3014 3272 3072 modulatio.
3301 3018 3442 3088 Quid
3478 3023 3613 3078 enim
3663 3025 3796 3080 aliud

2207 3105 2393 3165 agunt,

2131 3222 2178 3286 C
2278 3232 2469 3289 Audax
2501 3234 2674 3292 Icario
2694 3239 2784 3309 qui
2813 3240 2938 3297 fecit
2967 3244 3180 3300 nomina
3212 3257 3396 3318 ponto,

2280 3324 2349 3381 Et
2369 3329 2457 3398 qui
2485 3329 2829 3390 Chalcidicas
2862 3336 3143 3396 moderate
3172 3342 3355 3397 enavit
3382 3344 3451 3400 ad
3483 3360 3667 3417 arces,

2204 3485 2305 3538 nisi
2332 3496 2385 3540 ut
2413 3496 2462 3541 et
2486 3499 2738 3560 vegetam,
2760 3503 2809 3548 et
2863 3495 3134 3553 sublimem
3158 3499 3483 3559 alacritatem
3528 3517 3689 3574 tuam,
3717 3518 3789 3564 te-

2203 3577 2494 3635 meritatem
2523 3598 2702 3638 voces:
2724 3601 2805 3639 me
2830 3602 2970 3655 vero,
2995 3599 3046 3645 et
3066 3593 3385 3661 consultum,
3410 3606 3461 3651 et
3485 3615 3635 3667 quem
3657 3599 3791 3672 filius

2203 3667 2382 3725 debeat
2392 3672 2605 3741 imitari,
2624 3676 2849 3732 salutari
2863 3682 3141 3767 prudentia
3153 3676 3432 3755 praeditum
3446 3691 3592 3744 dicas
3607 3693 3633 3747 ?
3646 3667 3789 3761 Quod

2201 3764 2437 3835 equidem
2457 3776 2639 3821 contra
2660 3778 2757 3827 est.
2790 3770 2930 3827 Nam
2954 3764 3015 3828 tu
3039 3792 3241 3832 summa
3260 3780 3335 3834 sic
3358 3785 3583 3854 appetis,
3618 3794 3673 3839 ut
3695 3802 3788 3841 non

2202 3858 2415 3913 decidas
2438 3876 2457 3915 :
2485 3873 2720 3918 senectus
2749 3881 2863 3920 mea
2899 3872 3024 3925 satis
3053 3870 3228 3941 habet,
3280 3874 3327 3928 si
3354 3879 3630 3938 consistat.
3667 3879 3787 3935 Htec

2200 3951 2270 4005 ad
2284 3960 2333 4006 te
2353 3952 2594 4023 breviter,
2633 3944 2683 4011 et
2720 3958 2886 4027 illico,
2925 3964 3151 4034 uesperis
3167 3964 3310 4021 illius
3324 3978 3497 4024 secuto
3513 3987 3664 4026 mane
3687 3972 3786 4026 dic-

2200 4047 2321 4100 tavi.
2358 4045 2443 4101 Ita
2468 4050 2606 4104 enim
2641 4052 2946 4110 tabellarius
2992 4067 3138 4125 tuus,
3167 4070 3227 4116 ut
3256 4062 3535 4132 epistolam
3562 4066 3780 4136 referret,

2197 4140 2445 4196 instabat.
2501 4142 2643 4199 Nam
2672 4147 2720 4201 si
2748 4149 2879 4203 mihi
2906 4150 3070 4206 otium
3098 4154 3278 4222 fuerit,
3310 4155 3611 4213 oblectabile
3637 4174 3783 4229 nego-

2198 4237 2327 4289 tium
2357 4239 2544 4293 eritad
2565 4248 2615 4294 te
2641 4242 2905 4312 prolixius
2937 4244 3183 4315 delirare,
3236 4258 3285 4305 te
3317 4259 3372 4304 ut
3410 4250 3637 4318 eliciam,
3663 4252 3780 4307 milii

2198 4337 2256 4383 ut
2296 4330 2640 4400 satisfaciam.
2680 4331 2829 4391 Vale.

2718 4493 3058 4554 EPISTOLA
3079 4499 3223 4559 XIX.

2114 4608 2172 4672 Ῐ)
2195 4624 2432 4683 Ρωωκο
2456 4629 2742 4687 Αυθοκιυε.
2768 4631 2997 4691 Metrnm
3028 4638 3109 4694 sic
3135 4640 3329 4707 suasit,
3362 4652 3420 4699 ut
3447 4656 3594 4700 esses

2264 4721 2344 4777 Tu
2379 4726 2550 4793 prior,
2581 4733 2637 4780 et
2667 4741 2864 4801 nomen
2898 4732 3308 4802 pra-grederere
3327 4751 3528 4793 meum.

2191 4811 2527 4883 Quamquam
2555 4825 2608 4873 et
2630 4817 2889 4876 fastorum
2917 4821 3072 4878 titulo
3105 4825 3275 4895 prior,
3310 4836 3364 4885 et
3386 4839 3474 4885 tua
3506 4829 3682 4885 Romae

2261 4906 2548 4965 Praecessit
2578 4920 2826 4968 nostrum
2856 4914 2990 4971 sella
3023 4917 3235 4975 curulis
3260 4920 3417 4978 ebur.

2188 4997 2258 5054 Et
2284 5015 2404 5071 qua:
2422 5002 2740 5071 iamdudum
2766 5006 2859 5062 tibi
2892 5008 3068 5076 palma
3093 5014 3309 5080 poetica
3342 5015 3528 5085 pollet.

2262 5091 2554 5150 Lcmnisco
2581 5106 2775 5152 ornata
2798 5110 2903 5168 est,
2937 5115 3047 5173 quo
3076 5117 3197 5158 mea
3216 5106 3392 5175 palma
3418 5117 3588 5166 caret.

2186 5182 2475 5257 Longaeva:
2498 5195 2706 5245 tantum
2738 5203 3068 5261 superamus
3098 5193 3311 5254 honore
3339 5210 3592 5259 senectae.

2258 5278 2395 5347 Quid
2420 5280 2624 5337 refert?
2640 5284 2832 5340 cornix
2858 5301 2967 5341 non
2991 5286 3116 5344 ideo
3136 5298 3264 5347 ante
3280 5304 3535 5365 cycnum.

2185 5370 2300 5429 Nec
2328 5373 2454 5443 quia
2484 5375 2633 5430 mille
2660 5390 2838 5433 annos
2864 5379 2995 5435 vivit
3026 5379 3361 5454 Gangeticus
3395 5385 3529 5454 ales,

2261 5464 2441 5522 Vincit
2465 5476 2682 5524 centum
2704 5470 2912 5542 oculos,
2937 5474 3089 5545 regie
3114 5474 3270 5547 pave,
3295 5487 3436 5535 tuos.

2180 5553 2440 5614 Cedimus
2470 5560 2705 5631 ingenio,
2736 5574 2997 5634 quantum
3028 5568 3393 5638 praecedimus
3420 5588 3553 5629 aevo.

2257 5650 2505 5723 Assurgit
2530 5653 2693 5712 Musae
2719 5669 2906 5713 nostra
2930 5657 3162 5718 Camena
3197 5671 3321 5720 tuae.

2186 5746 2341 5815 Vive,
2369 5749 2525 5807 vale:
2557 5761 2613 5808 et
2636 5754 2862 5811 totidem
2891 5766 3153 5816 venturos
3179 5775 3413 5832 congere
3439 5760 3617 5826 ianos,

2255 5841 2397 5910 Quot
2427 5852 2570 5911 tuus,
2599 5855 2693 5902 aut
2716 5859 2905 5907 noster
2933 5866 3261 5913 conseruere
3288 5865 3486 5925 patres.
