4072 6306
820 373 1150 441 EPISTOLA
1193 376 1312 442 XX.

583 463 856 524 Ausoutus
893 467 1133 527 Psouuo
1169 484 1267 530 suo
1303 471 1547 532 salutem.

331 577 547 644 Quanto
579 595 659 634 me
686 580 859 649 affecit
890 581 1151 654 beneficio,
1178 601 1286 641 non
1312 587 1486 643 delata
1512 589 1739 659 quidem,
1780 591 1872 645 sed

253 681 497 745 suscepta
520 673 847 744 querimonia
881 692 1013 747 mea,
1054 677 1280 735 Pauline
1306 681 1421 751 ﬁli!
1460 682 1648 739 veritus
1685 684 1872 754 displi-

253 766 428 821 cuisse
470 766 660 832 oleum,
704 768 846 838 quod
892 770 1129 839 miseras,
1179 789 1365 828 munus
1408 773 1648 830 iterasti:
1691 776 1869 832 addito

254 858 416 913 etiam
472 858 871 917 Barcinonensis
925 865 1107 920 marite
1174 866 1500 922 condimento
1555 871 1869 926 cumulatius

254 954 571 1025 praestitisti.
607 955 725 1013 Scis
752 966 923 1013 autem
955 975 1035 1015 me
1061 962 1115 1016 id
1161 978 1343 1018 nomen
1387 962 1685 1033 MURIJZ,
1727 967 1869 1040 quod

252 1050 308 1103 in
335 1065 437 1104 usu
462 1049 602 1122 uulgi
643 1060 740 1120 est,
795 1068 888 1107 nec
934 1055 1118 1122 solere,
1169 1074 1259 1112 nec
1305 1074 1454 1127 posse
1495 1060 1703 1117 dicere:
1750 1077 1868 1117 cum

252 1141 586 1198 scientissimi
615 1153 864 1213 ueterum,
914 1158 963 1202 et
1008 1146 1189 1205 Grteca
1233 1152 1481 1208 vocabula
1525 1155 1865 1225 fastidientes,

251 1232 507 1291 Latinum
536 1236 591 1290 in
618 1235 793 1294 CAR!
823 1240 1174 1312 appellatione
1198 1261 1301 1300 non
1335 1244 1582 1302 habeant.
1628 1247 1737 1305 Sed
1772 1265 1865 1320 ego

249 1345 574 1400 quocumque
617 1333 822 1388 nomine
867 1334 1072 1408 loquar,
1123 1338 1291 1410 liquor
1338 1340 1435 1396 iste
1471 1338 1861 1400 SUCIURUM

249 1434 490 1480 vocatur.
528 1422 681 1481 Vale.

249 1559 373 1615 Jam
407 1561 624 1633 patinas
656 1563 895 1635 implebo
926 1583 1100 1635 meas,
1134 1580 1191 1627 ut
1215 1573 1431 1643 parcior
1453 1575 1542 1632 ille

247 1653 522 1726 Maiorum
552 1657 759 1715 mensis
783 1662 1026 1731 applaria
1054 1679 1245 1723 succus
1274 1667 1518 1726 inundet.

1745 266 2133 342 εριετοιδ.

1889 386 1948 453 Α
1972 386 2212 461 Amicus,
2250 400 2304 451 et
2329 394 2556 466 vicinus,
2591 407 2646 456 et
2674 399 2852 461 fautor
2882 416 3026 470 tuus.

3468 297 3575 367 ΘΜ

1973 478 2208 538 llonoris
2237 495 2444 556 auctor,
2476 490 2619 546 altor
2647 491 2825 563 ingeni
2856 495 2951 552 lui.

1975 569 2075 627 Dic
2100 582 2156 629 et
2183 577 2461 647 magister,
2485 579 2572 637 die
2600 598 2818 653 parens,
2847 585 2935 643 dic
2963 591 3146 647 omnia

1971 662 2176 720 Blanda
2208 675 2372 736 atque
2400 682 2587 729 sancta
2614 675 2894 734 charitatis
2924 683 3163 741 nomina.

1971 757 2199 829 Aveque
2225 759 2391 829 dicto,
2422 763 2511 843 dic
2538 766 2691 837 Vale,
2723 782 2779 826 et
2809 781 3050 832 actutum
3077 777 3219 834 redi.

1971 846 2124 916 Quod
2159 851 2205 907 si
2235 855 2467 925 rogabit,
2494 860 2623 929 quid
2648 876 2811 933 super
2835 863 3057 937 scriptis
3084 870 3241 943 novis

1971 945 2215 1005 Maturus
2245 952 2368 1022 sevi,
2407 968 2509 1010 nec
2534 955 2683 1013 rudis
2714 958 3005 1029 dijudicem
3033 982 3049 1020 :

1969 1036 2194 1097 Nescire
2220 1040 2395 1113 dices,
2422 1045 2518 1101 sed
2546 1056 2792 1118 paratum
2819 1050 2929 1121 jam
2960 1053 3080 1112 lore

1972 1129 2324 1191 Hernicorum
2358 1151 2613 1194 versuum
2645 1140 2864 1211 plenum
2893 1146 3164 1206 essedum.

1968 1223 2067 1280 Cui
2093 1227 2395 1301 subjugabo
2419 1231 2488 1287 de
2520 1234 2787 1291 molarum
2817 1239 3154 1312 ambagibus,

1968 1317 2070 1388 Qui
2094 1323 2384 1379 machinati
2416 1340 2547 1382 saxa
2581 1328 2802 1385 volvunt
2830 1333 3091 1402 pondere,

1969 1412 2232 1485 Tripodes
2256 1418 2494 1476 caballos
2522 1430 2672 1493 terga
2702 1435 2893 1494 ruptos
2919 1429 3168 1488 verbere.

1968 1506 2063 1563 llis
2090 1517 2147 1564 ut
2171 1511 2439 1569 vehantur
2466 1524 2576 1572 tres
2603 1518 2821 1577 sodales
2849 1523 3044 1579 nuntii.

1968 1597 2104 1655 Fors
2134 1609 2189 1657 et
2215 1604 2450 1675 rogabit,
2476 1622 2615 1679 quos
2645 1610 2864 1669 sodales
2892 1614 3102 1673 dixeris

1968 1690 2141 1748 Simul
2172 1695 2397 1754 venire:
2428 1697 2537 1764 dic,
2568 1700 2865 1760 'l‘rinodem
2891 1705 3166 1781 dactylum
3268 1726 3300 1754 ο

323 1788 471 1857 Quid
500 1801 672 1847 autent
698 1770 803 1849 tam
842 1797 1084 1866 amabile,
1134 1809 1340 1873 tantque
1382 1802 1660 1876 hospitale,
1706 1823 1861 1879 quam
1885 1782 1937 1845 Β
1965 1782 2089 1879 Yidi
2120 1797 2363 1879 Panum)
2394 1790 2660 1849 crudam
2685 1799 2969 1856 Camerio:

246 1881 389 1952 quod
411 1892 495 1952 tu,
525 1893 582 1939 ut
610 1901 690 1939 me
715 1890 1017 1961 participes,
1048 1891 1262 1950 delicias
1288 1905 1402 1951 tuas
1432 1899 1487 1953 in
1523 1899 1638 1967 ipsa
1676 1902 1861 1973 primi-

248 1973 447 2028 tiarum
490 1977 712 2033 nouitate
756 1980 1080 2051 defraudas?
1112 2001 1142 2038 ο
1183 1985 1335 2042 melle
1362 1987 1586 2057 dulcior,
1621 2008 1651 2046 ο
1677 1995 1861 2064 gratia:

248 2074 512 2121 venustate
534 2070 785 2139 festiuior,
809 2087 839 2125 ο
862 2072 925 2127 ab
950 2076 1181 2131 omnibus
1211 2079 1383 2147 patrio
1403 2083 1699 2154 stringende
1720 2099 1860 2140 cont-

245 2154 441 2225 plexu!
470 2158 577 2216 Sed
598 2158 732 2229 hare,
762 2172 912 2232 atque
940 2165 1048 2220 alia
1073 2166 1373 2237 huiusmodi
1401 2170 1715 2229 documenta
1736 2175 1860 2231 libe-

244 2249 373 2304 ralis
399 2252 585 2318 animi,
614 2253 775 2310 alicui
804 2259 1050 2328 fortasse,
1079 2269 1127 2314 et
1162 2260 1468 2332 aliquando,
1507 2266 1737 2334 quamvis
1774 2283 1860 2322 ra-

176 2332 183 2333 ί
245 2341 354 2399 rius
375 2359 396 2399 :
423 2343 561 2400 illud
586 2347 650 2401 de
671 2348 1010 2420 epistularum
1032 2362 1243 2409 tuarum
1269 2332 1587 2425 eruditione,
1632 2359 1696 2415 de
1736 2377 1860 2431 poe-

246 2436 403 2492 matis
422 2438 781 2511 jucunditate,
810 2442 873 2498 de
892 2444 1206 2514 inventione,
1231 2456 1278 2503 et
1298 2450 1715 2521 concinnatione,
1730 2455 1859 2524 juro

249 2532 450 2601 omnia,
480 2533 616 2589 nulli
636 2551 881 2608 umquam
922 2539 1178 2596 imitabile
1206 2542 1464 2613 futurum,
1502 2546 1596 2601 etsi
1632 2547 1860 2617 fateatur

247 2625 579 2683 imitandum.
603 2626 684 2685 De
709 2647 813 2702 quo
839 2633 1116 2705 opusculo,
1146 2644 1203 2690 ut
1221 2636 1397 2709 jubes,
1420 2640 1630 2711 faciam.
1661 2641 1860 2713 Exqui-

247 2718 399 2776 sitius
431 2722 672 2778 universa
700 2723 891 2781 limabo
913 2743 932 2781 :
958 2736 1007 2781 et
1037 2733 1275 2800 quamvis
1302 2749 1394 2804 per
1419 2744 1466 2789 te
1492 2752 1678 2791 manus
1720 2754 1862 2793 sunt-

248 2826 332 2865 ma
362 2814 663 2886 contigerit,
701 2818 885 2872 caelum
911 2822 1193 2891 superﬂuae
1212 2824 1544 2895 eapolitionis
1568 2826 1825 2884 adhibebo
1840 2845 1861 2885 :

249 2906 419 2977 magis
447 2917 505 2961 ut
535 2908 627 2962 tibi
652 2926 885 2981 parcam,
915 2929 1071 2982 quam
1108 2925 1163 2970 ut
1195 2919 1436 2987 perfectis
1475 2922 1676 2993 aliquid
1716 2923 1860 2992 adii-

247 3000 406 3056 ciam.
436 3000 649 3057 Interea
679 3014 869 3073 tamen,
899 3025 963 3063 ne
991 3009 1102 3064 sine
1144 3010 1424 3067 corollario
1463 3017 1662 3084 poetico
1697 3016 1861 3073 tabel-

248 3091 418 3148 larius
434 3103 555 3150 tuus
570 3096 777 3165 rediret,
800 3100 979 3170 paucis
992 3103 1226 3159 iambicis
1239 3103 1824 3181 praeludendumputaui
1838 3125 1856 3164 :

248 3185 374 3241 dum
400 3188 562 3257 illud,
585 3191 722 3261 quod
741 3208 775 3245 a
803 3209 881 3247 me
901 3195 1110 3251 heroico
1136 3207 1299 3254 metro
1329 3200 1618 3271 desideras,
1645 3202 1859 3259 inchoa-

249 3287 349 3336 tur.
387 3279 493 3337 Isti
517 3292 708 3353 tamen,
747 3286 820 3341 ita
862 3296 910 3342 te
945 3298 993 3343 et
1037 3289 1358 3361 Hesperium
1403 3294 1572 3349 salvos
1618 3295 1858 3366 habeam,

170 3438 183 3447 Ι
248 3374 387 3443 quod
410 3377 582 3447 spatio
626 3377 1096 3436 lucubratiuncqu
1142 3384 1300 3438 unius
1345 3382 1504 3452 effusi
1551 3404 1862 3459 quamquam

250 3464 346 3520 hoc
376 3466 482 3538 ipsi
509 3469 575 3522 de
600 3485 655 3524 se
679 3471 990 3544 probabunt,
1016 3483 1191 3531 tantcn
1231 3475 1362 3532 nihil
1403 3478 1692 3549 diligentia:
1729 3482 1861 3539 utte-

248 3562 407 3618 rioris
436 3563 746 3621 habuerunt.
782 3566 931 3625 Vale.

319 3719 509 3778 lambe
536 3722 770 3792 Parthis,
798 3734 853 3782 et
878 3725 1162 3799 Cydonum
1195 3729 1438 3802 spiculis,

251 3811 437 3871 lambe
463 3814 643 3886 pinnis
673 3816 863 3873 alitum
897 3819 1158 3892 velocior,

255 3906 386 3965 Padi
416 3909 622 3966 ruentis
653 3910 858 3983 impetu
891 3916 1209 3985 torrentior,

251 3998 446 4074 Magna
477 4016 692 4059 sonorae
720 4005 1004 4076 grandinis
1034 4007 1087 4063 vi
1121 4008 1363 4078 densior,

252 4090 519 4151 Flammis
543 4096 751 4153 corusci
781 4096 1024 4156 fulminis
1052 4100 1337 4171 vibratior,

252 4184 373 4244 Jam
404 4204 547 4245 nunc
574 4204 670 4261 per
699 4188 867 4248 auras’
889 4193 1073 4251 Persei
1104 4196 1390 4263 talaribus,

254 4280 559 4354 Petasoque
585 4283 712 4341 ditis
740 4285 985 4345 Arcados
1016 4299 1225 4360 vectus,
1255 4291 1399 4348 vola.

251 4373 307 4431 Si
341 4390 470 4433 vera
498 4375 639 4434 fama
669 4388 754 4435 est
781 4380 1142 4454 Hippocrene,
1174 4400 1335 4455 quam
1369 4384 1525 4458 pedis

252 4468 420 4526 Pulsu
448 4472 664 4528 citatam
697 4475 950 4545 cornipes
982 4475 1122 4532 fudit
1149 4477 1388 4535 tremens
1415 4497 1429 4534 :

252 4563 335 4621 Tu
358 4563 510 4623 fonte
538 4566 590 4622 in
616 4567 737 4639 ipso
767 4579 1088 4640 procreatus
1119 4572 1332 4645 Pegasi,

250 4659 474 4718 Primus
503 4676 769 4720 novorum
798 4674 968 4722 metra
996 4667 1229 4737 junxisti
1257 4669 1452 4741 pedum
1477 4689 1489 4727 :

252 4751 476 4826 lllicque
505 4756 674 4812 musis
702 4759 1120 4816 concinentibus
1152 4777 1373 4831 novem,

252 4845 471 4904 Caedem
504 4849 558 4903 in
588 4848 841 4907 draconis
866 4853 1150 4910 concitasti
1179 4856 1408 4912 Delium.

255 4939 359 4998 Fer
383 4943 527 4999 hanc
557 4944 784 5000 salutem
818 4960 1028 5019 praepes
1056 4958 1111 5005 et
1138 4950 1448 5023 volucripes

254 5030 465 5089 Paulini
495 5033 561 5089 ad
589 5049 760 5106 usque
786 5039 1009 5106 mmnia,
1040 5041 1439 5118 llebromagum
1473 5046 1683 5120 loquor.

254 5113 324 5184 Et
348 5127 617 5199 protinus,
640 5129 755 5202 jam
783 5132 828 5188 si
864 5135 1157 5208 resumptis
1184 5113 1391 5195 viribus

254 5220 434 5278 Alacri
468 5221 656 5279 refecti
686 5226 931 5296 corporis
960 5237 1108 5285 motu
1138 5229 1303 5302 viget,

256 5312 481 5371 Salvere
498 5313 712 5386 jussum
742 5332 867 5374 mox
895 5334 1121 5390 reposce
1152 5333 1419 5381 mutuum.

255 5404 402 5463 Nihil
426 5407 696 5465 moreris:
722 5408 946 5481 jamque
972 5412 1100 5469 dum
1130 5414 1344 5486 loquor,
1374 5415 1513 5484 redi,

255 5498 499 5559 Imitatus
528 5500 679 5558 illum
706 5501 890 5573 stirpis
919 5514 1197 5563 auctorem
1225 5518 1350 5567 tuac.

254 5592 482 5668 Triplici
511 5594 783 5654 furentem
813 5599 905 5668 qui
933 5597 1543 5666 Chimteram‘incendio

252 5688 659 5762 Supervolavit,
690 5698 840 5746 tutus
869 5691 993 5763 igne
1020 5693 1283 5763 proximo.

258 5783 357 5843 Dic
386 5793 442 5844 et
478 5782 706 5842 Valere:
735 5782 844 5855 dic,
877 5785 1054 5841 Avere
1084 5792 1136 5843 te
1158 5785 1317 5857 jubet

1963 1874 2253 1953 Spondeus
2285 1881 2362 1937 illi
2393 1882 2625 1956 lentipes
2650 1888 2760 1944 ibat
2787 1906 2992 1961 comes,

1962 1969 2190 2027 Paribus
2219 1985 2462 2032 moratur
2483 1979 2571 2048 qui
2604 1979 2738 2037 locis
2764 1997 2988 2041 cursum
3021 2004 3200 2046 meum
3227 2009 3241 2045 :

1962 2062 2202 2135 Mihique
2225 2066 2440 2135 similis,
2469 2084 2686 2142 semper
2709 2074 2969 2134 adversus
3000 2088 3204 2151 tamen,

1961 2153 2073 2211 Nec
2103 2172 2219 2226 par,
2252 2174 2355 2215 nec
2383 2159 2579 2233 impar,
2610 2166 2702 2235 qui
2732 2165 3028 2227 Trochaeus
3058 2172 3275 2232 dicitur.

1961 2248 2090 2307 llaec
2119 2244 2234 2308 tare
2260 2255 2484 2327 cursim,
2520 2273 2620 2315 nec
2648 2272 2890 2319 moratus
2921 2269 3162 2337 pervola,

1961 2341 2178 2415 Aliquid
2209 2355 2493 2415 reportans
2522 2349 2745 2409 interim
2771 2361 3081 2418 munusculi

1963 2437 2039 2495 De
2069 2438 2320 2510 largitate
2352 2444 2545 2501 musici
2575 2451 2911 2519 promptarii.

2503 2590 2832 2653 EPISTOLA
2874 2597 3017 2655 XXI.

2272 2706 2539 2765 Ausonws
2577 2708 2815 2799 Ptuatuo
2858 2729 2956 2772 suo
3005 2718 3246 2778 salutem.

2037 2844 2237 2904 Multas
2264 2859 2312 2904 et
2353 2856 2646 2924 frequentes
2674 2859 2804 2913 mihi
2833 2862 3017 2932 gratia:
3045 2874 3147 2922 tute
3182 2885 3370 2927 causas
3398 2885 3450 2930 et
3476 2889 3566 2930 oe-

1963 2940 2105 2994 casio
2129 2941 2357 2998 subinde
2389 2956 2516 3001 nala
2549 2952 2847 3021 concinnat,
2878 2967 2927 3009 et
2973 2967 3180 3017 natura:
3207 2972 3308 3019 tua:
3333 2966 3567 3035 facilitas

1964 3032 2188 3106 benigna
2211 3040 2479 3104 conciliat,
2525 3041 2752 3100 Pauline
2780 3049 2881 3117 ﬁli.
2906 3048 3067 3123 Nam,
3099 3055 3227 3125 quia
3257 3032 3413 3128 nihil,
3438 3078 3563 3133 pass

1963 3138 2109 3183 cente
2130 3146 2229 3198 me,
2259 3132 2467 3205 abnuis,
2487 3138 2654 3212 magis
2681 3143 2831 3196 acuis
2856 3148 3174 3217 procaciam,
3211 3168 3367 3223 quam
3388 3132 3567 3210 retun—

1964 3218 2080 3275 dis:
2127 3231 2182 3276 ut
2227 3240 2364 3279 nunc
2392 3244 2599 3301 quoque
2638 3232 2691 3285 in
2731 3250 2891 3290 causa
2930 3235 3175 3296 Philonis
3212 3249 3567 3315 procuratoris

1960 3316 2225 3384 quondam
2262 3320 2362 3375 mei
2387 3323 2681 3393 experiere,
2726 3330 2820 3398 qui
2846 3331 2987 3402 apud
3014 3332 3409 3394 Hebromanum
3435 3355 3566 3396 con-

1963 3407 2083 3463 ditis
2131 3410 2383 3468 mercibus
2406 3457 2420 3481 ,
2454 3432 2582 3487 quas
2613 3435 2704 3489 per
2733 3437 2888 3492 agros
2930 3424 3161 3482 diversos
3209 3431 3416 3499 coemit,
3442 3449 3567 3489 con-

1963 3518 2106 3560 cesso
2135 3505 2199 3559 ab
2227 3507 2523 3564 hominibus
2553 3514 2657 3569 tuis
2695 3531 2816 3570 usus
2866 3519 3094 3591 hospitio
3134 3522 3411 3581 immature
3429 3529 3566 3599 peri-

1962 3594 2178 3652 clitatur
2196 3602 2410 3672 expelli.
2448 3603 2603 3671 Quod
2628 3607 2734 3661 nisi
2756 3609 3063 3682 indulseris,
3104 3628 3323 3688 rogante
3363 3594 3472 3688 me,
3506 3628 3565 3674 ut

1962 3697 2012 3743 et
2059 3706 2204 3747 mora
2255 3694 2524 3752 habitandi
2566 3700 2637 3753 ad
2686 3706 3014 3761 commodum
3061 3725 3216 3764 suum
3256 3720 3470 3769 utatur:
3516 3724 3564 3770 et

1962 3798 2151 3854 nausa,
2184 3788 2395 3859 aliaque
2421 3794 2605 3862 quavis
2633 3798 2752 3851 navi
2777 3815 2939 3871 usque
2963 3802 3035 3856 ad
3049 3806 3299 3875 oppidum
3321 3809 3563 3877 prwbita,

1963 3876 2135 3947 frugis
2163 3876 2544 3950 aliquantulum
2573 3898 2767 3943 nostra:
2807 3892 2990 3946 advehi
3019 3897 3203 3964 possit,
3232 3876 3565 3958 Lucaniacus

1964 3979 2020 4023 ut
2051 3970 2230 4043 inapia
2275 3974 2519 4031 liberetur
2550 3989 2784 4034 mature:
2831 3993 2939 4039 tota
2965 3983 3061 4040 illa
3090 3988 3299 4057 familia
3342 3991 3566 4050 [remittis

1963 4059 2180 4118 litterati
2207 4081 2312 4121 non
2341 4066 2411 4123 ad
2434 4066 2601 4125 Tullii
2630 4076 3047 4144 frumentariam,
3079 4082 3171 4135 sed
3192 4083 3261 4136 ad
3290 4082 3564 4142 Curculio-

1963 4172 2077 4210 nem
2111 4156 2295 4214 Ptauti
2331 4163 2627 4233 pertinebit.
2660 4164 2782 4221 Hoc
2810 4185 2913 4239 quo
2957 4172 3166 4242 facilius
3199 4175 3564 4248 impetrarent,

1964 4260 2052 4307 aut
2078 4268 2179 4324 quo
2208 4257 2461 4325 majorem
2492 4260 2738 4315 eerereris
2760 4264 3082 4334 molestiam,
3109 4268 3156 4321 si
3176 4285 3413 4341 negares,
3441 4288 3567 4330 con-

1964 4345 2227 4401 cinnatam
2253 4348 2474 4417 iambis,
2528 4353 2895 4426 signatamque
2923 4356 2995 4411 ad
3025 4367 3072 4413 te
3106 4361 3376 4431 epistolam
3408 4366 3565 4421 misi:

1965 4452 2028 4492 ne
2057 4437 2391 4496 subornatum
2423 4441 2625 4500 diceres
2654 4444 2981 4503 tabellarium
3002 4491 3018 4519 ,
3052 4451 3098 4504 si
3124 4450 3192 4505 ad
3215 4461 3264 4509 te
3292 4454 3404 4510 sine
3430 4455 3568 4528 signi
3595 4500 3609 4511 .

1884 4558 1940 4619 D
1966 4531 2070 4600 fide
2099 4532 2309 4589 veniret.
2339 4533 2558 4608 Signavi
2598 4546 2771 4592 autem
2794 4580 2809 4606 ,
2859 4557 2964 4596 non
2994 4552 3051 4597 ut
3080 4541 3306 4601 Plautus
3334 4548 3409 4602 ait
3430 4588 3447 4614 ,
3475 4565 3566 4617 per

1961 4643 2155 4696 ceram,
2187 4637 2235 4684 et
2266 4628 2452 4696 tinum,
2479 4628 2782 4704 litterasque
2818 4634 3148 4707 interpretes,
3171 4639 3263 4694 sed
3292 4656 3381 4710 per
3401 4642 3567 4713 poeti-

1960 4737 2076 4775 cum
2103 4720 2457 4777 characterem
2498 4725 2662 4797 magis
2693 4727 2980 4784 notavimus
3002 4774 3017 4801 ,
3050 4739 3312 4804 tamquam
3359 4733 3566 4805 signum

1959 4813 2268 4885 impressunt
2285 4815 2581 4887 judicares.

1960 4947 2179 5017 Philon,
2212 4949 2349 5006 meis
2378 4951 2471 5021 qui
2497 4951 2764 5009 villicatus
2793 4953 3035 5024 praediis,

2030 5042 2099 5100 Ut
2128 5043 2246 5115 ipse
2275 5044 2410 5114 vult,
2443 5046 2759 5119 epitropos;

1959 5137 2129 5210 (Nam
2154 5139 2451 5212 gloriosum
2478 5141 2760 5202 Graeculus
2789 5158 2992 5200 nomen
3024 5150 3200 5227 putat,

2029 5234 2184 5305 Quod
2213 5249 2395 5293 sermo
2424 5236 2575 5295 fucat
2601 5236 2871 5307 Doricus)

1954 5323 2081 5385 Suis
2107 5327 2347 5400 querelis
2374 5331 2573 5388 asserit
2603 5338 2817 5388 nostras
2848 5339 3075 5400 preces:

2027 5419 2174 5487 Quas
2201 5421 2317 5492 ipse
2348 5420 2524 5480 lentus
2550 5435 2866 5494 prosequor.

1959 5508 2183 5569 Videbis
2210 5511 2411 5584 ipsum,
2440 5514 2618 5586 qualis
2648 5513 2827 5570 adstet
2856 5509 3126 5578 cominus,

2026 5605 2207 5680 Imago
2234 5608 2466 5665 fortuna;
2494 5624 2629 5677 suae,

1955 5701 2158 5768 Canus,
2188 5714 2463 5767 comosus,
2497 5699 2765 5770 hispidus,
2799 5706 2940 5766 trux,
2969 5696 3215 5768 attubus,

2026 5793 2389 5855 Terentianus
2418 5792 2695 5853 Phormio.
