4072 6306
547 290 647 349 sat
1924 251 2108 314 oscu
2143 248 2424 313 ausosu
3304 233 3308 236 ’
3705 245 3800 314 ea

551 411 794 466 Horrens
823 401 1032 473 capillis
1058 405 1116 452 ut
1147 392 1388 450 marinus
1411 384 1621 457 asperis

621 500 878 560 Echinus,
908 503 1000 548 aut
1025 503 1216 547 versus
1247 485 1369 540 mei.

549 595 652 650 Hic
680 606 826 660 saepe
854 587 1018 642 falsus
1045 582 1310 638 messibus
1337 571 1715 647 vcgrandibus,

620 686 827 742 Nomen
857 693 1082 752 perosus
1113 672 1296 738 villici,

549 782 806 838 Setnente
836 787 978 836 seru,
1007 770 1123 827 sive
1155 766 1378 822 multum
1414 771 1722 833 praecoqua,

621 876 688 930 Et
715 868 935 928 siderall
967 865 1200 926 inscitia,
1643 934 1649 939 '

547 966 756 1024 Caelum
787 965 1080 1024 lacessens,
1114 966 1281 1026 seque
1309 953 1481 1022 culpa:
1509 944 1853 1010 subtrahens,

621 1062 762 1116 Reos
794 1055 1001 1128 peregit
1027 1053 1261 1108 caelites.

547 1153 664 1210 Non
695 1153 872 1206 cultor
904 1150 1134 1210 instans,
1170 1159 1275 1198 non
1307 1147 1487 1194 arator
1514 1132 1782 1206 gnaruris,

621 1247 978 1312 Promusque,
1009 1253 1168 1309 quam
1201 1233 1408 1290 condes
1439 1231 1628 1298 magis,

547 1341 774 1397 Terram
809 1335 1105 1400 inﬁdelem,
1137 1341 1235 1386 nec
1264 1328 1496 1383 feracem
1527 1322 1848 1382 criminans,

619 1430 890 1503 Negotiari
918 1425 1123 1483 maluit.

550 1525 819 1582 Mereatur
845 1535 1060 1593 quoquo
1091 1516 1208 1570 foro
1239 1511 1526 1568 venalium.

621 1617 895 1672 Mutuatur
922 1612 988 1666 ad
1015 1607 1257 1665 Graecam
1291 1603 1475 1658 ﬁdem.

547 1709 882 1780 Sapiensqbe
906 1715 1070 1774 supra
1094 1697 1318 1756 Grterize
1345 1701 1552 1764 septem
1588 1687 1751 1752 viros,

618 1803 850 1855 Octavus
878 1794 1107 1850 accessit
1135 1789 1357 1859 saphos.

549 1894 616 1948 Et
646 1906 788 1946 nunc
816 1888 1029 1962 par‘avit
1061 1884 1295 1938 triticum
1323 1892 1484 1934 caseo
1511 1873 1648 1940 sale,

619 1987 908 2052 Novusque
940 1980 1108 2050 pollet
1136 1987 1411 2046 emporus.

550 2079 677 2134 Adit
705 2074 1020 2148 inquilinos,
1054 2086 1202 2134 rura,
1235 2068 1409 2132 vicos,
1443 2059 1658 2133 Oppida.

619 2171 732 2228 Soli
759 2180 817 2225 et
843 2168 940 2224 sali
969 2163 1315 2222 commercio.

549 2265 755 2329 Acatis,
785 2260 1041 2333 phaselis,
1074 2255 1346 2318 lintribus,
1382 2250 1579 2308 stlatis,
1614 2253 1754 2308 rate,

619 2356 839 2414 Tarnim
870 2363 925 2409 et
949 2352 1278 2408 Garumnam
1308 2349 1564 2414 permeat.

547 2458 624 2510 Ac
649 2453 796 2507 lucra
825 2445 1058 2511 damnis,
1086 2444 1280 2499 damna
1311 2447 1526 2493 mutans
1553 2431 1850 2493 fraudibus,

617 2546 691 2601 Se
718 2543 872 2608 ditat,
906 2550 960 2596 et
989 2553 1076 2593 me
1107 2541 1387 2607 pauperat.

545 2640 594 2695 Is
625 2649 768 2692 nunc
793 2635 856 2689 ad
890 2646 1065 2702 usque
1093 2637 1283 2684 vectus
1314 2623 1710 2691 Ilebromagum
1742 2627 1912 2678 tuam,

615 2729 811 2786 Sedem
843 2723 1043 2780 locavit
1067 2719 1355 2777 mercibus.

543 2865 563 2885 ο
639 2867 655 2883 ο
733 2865 748 2880 ι
827 2861 842 2878 ο
924 2863 936 2874 ε
1017 2859 1032 2875 ο
1112 2858 1127 2873 ο
1206 2856 1221 2871 ο
1299 2853 1316 2870 ο
1383 2851 1408 2880 ,ο
1487 2851 1504 2867 ο
1583 2847 1597 2861 ο
1677 2845 1692 2860 ο
1773 2844 1788 2859 ο
1867 2841 1880 2856 ι
1961 2839 1976 2855 ο

1389 2881 1395 2889 ι.

614 3107 841 3166 Nostros
866 3107 918 3162 in
949 3118 1101 3170 usus,
1129 3110 1188 3156 ut
1217 3097 1404 3162 refert,

541 3203 694 3260 llunc
727 3217 826 3273 ego
855 3199 1060 3273 paucis,
1094 3211 1163 3251 ne
1194 3190 1437 3264 graveris
1469 3185 1758 3256 hospitem.

538 3389 769 3461 Adjutus
799 3396 856 3442 ut
881 3400 1007 3440 mox
1034 3382 1184 3438 navis
1213 3377 1412 3434 auxilio
1439 3384 1566 3441 tuae,

610 3481 692 3539 Ad
723 3495 898 3550 usque
919 3487 1108 3548 portus
1137 3470 1344 3542 oppidi,

535 3576 656 3631 Jam
684 3573 794 3642 jam
823 3569 1109 3631 Perusina,
1141 3575 1196 3619 ct
1221 3560 1516 3633 Saguntina
1545 3556 1706 3620 fame,

614 3665 973 3722 Lucaniacum
1002 3660 1220 3716 liberet.

537 3763 652 3818 Hoc
679 3760 727 3817 si
755 3761 1096 3830 impetratum
1126 3769 1325 3810 munus
1353 3751 1449 3807 abs
1482 3759 1534 3805 te
1561 3759 1846 3816 accepero,

610 3854 761 3910 Prior
791 3851 998 3916 colere,
1027 3864 1187 3919 quam
1217 3848 1404 3902 Ceres.

539 3945 912 4017 Triptolemon
944 3941 1094 4008 olim,
1125 3939 1239 3996 sive
1270 3937 1646 4011 Epimenidem
1675 3938 1892 3998 vocant,

546 4106 548 4108 ν
610 4043 718 4096 Aut
741 4039 1028 4095 Bnlianum
1060 4036 1332 4106 Buzygen,

539 4134 654 4190 Tuo
684 4133 874 4189 locabo
902 4129 1284 4203 postferendos
1315 4125 1552 4182 nomini“

535 4227 578 4301 ᾗ
606 4226 742 4284 Nam
773 4240 974 4284 munus
1005 4225 1109 4280 hoc
1139 4224 1231 4278 ﬁet
1263 4231 1434 4277 tuutn.

1067 4357 1406 4415 EPISTOLA
1444 4352 1610 4410 XXII.

926 4480 1189 4533 Ausomus
1231 4473 1469 4528 PAULINO
1506 4467 1747 4522 salutent.

538 4589 794 4649 Proxima
825 4605 943 4661 quae
977 4599 1178 4644 nostrae
1212 4586 1392 4641 fuerat
1419 4578 1753 4654 querimonia
1780 4574 2005 4641 charta},

535 4683 912 4748 Credideram,
943 4680 1086 4752 quod
1117 4689 1189 4744 te,
1219 4678 1463 4744 Pauline,
1494 4673 1772 4728 inﬂectere
1801 4675 2006 4739 posset,

535 4777 880 4846 Eliccretque
908 4784 1051 4828 tuam
1079 4771 1273 4826 blanda
1301 4767 1602 4836 obiurgatio
1630 4779 1844 4821 vocem.

537 4869 648 4928 Sed
680 4881 734 4924 tu
757 4867 953 4938 juratis
984 4865 1132 4921 velut
1159 4864 1266 4917 alta
1293 4861 1511 4916 silentia
1536 4860 1707 4914 sacris

537 4963 777 5019 Devotus
808 4971 1014 5024 teneas,
1047 4965 1260 5028 perstas
1288 4953 1341 5008 in
1371 4953 1490 5023 lege
1521 4951 1756 5008 tacendi.

535 5055 654 5112 Non
683 5055 846 5110 licet:
877 5067 1019 5108 anne
1048 5049 1232 5122 pudet,
1265 5049 1309 5103 si
1341 5047 1458 5117 quis
1488 5045 1582 5101 tibi
1613 5046 1734 5116 jure
1762 5053 1989 5116 paterno

534 5146 702 5202 Vivat
729 5147 933 5201 amicus
963 5143 1161 5206 adhuc,
1187 5153 1513 5208 maneasque
1536 5138 1802 5193 obnoxius
1830 5133 2041 5192 hteres?

535 5243 764 5314 Ignavos
793 5243 959 5312 agitet
987 5239 1108 5294 talis
1139 5238 1334 5298 timor;
1368 5240 1423 5286 at
1453 5231 1550 5286 tibi
1579 5231 1756 5285 nullus

534 5336 620 5393 Sit
646 5344 822 5391 metus
840 5352 866 5400 ι,
889 5344 944 5390 et
965 5345 1172 5388 morem
1205 5329 1384 5384 missw
1408 5333 1750 5392 acceptaeque
1780 5320 1968 5377 salutis

535 5427 809 5485 Audacter
839 5426 1045 5491 retine;
1075 5424 1164 5480 vel
1195 5423 1239 5477 si
1272 5419 1368 5476 tibi
1401 5415 1644 5488 proditor
1672 5416 1857 5481 instat,

535 5526 639 5580 Aut
665 5523 968 5596 quaesitoris
995 5521 1208 5591 gravior
1232 5529 1460 5573 censura
1488 5513 1731 5578 timetur,

531 5618 770 5674 Occurre
799 5615 1037 5686 ingenio,
1069 5629 1176 5684 quo
1206 5627 1352 5682 saepe
1380 5607 1590 5666 occulta
1620 5613 1893 5677 teguntur.

535 5709 770 5766 Threicii
802 5707 1071 5779 quondam
1103 5722 1264 5778 quam
1297 5719 1440 5760 saeva
1470 5700 1689 5756 licentia
1718 5699 1859 5770 regis

534 5797 762 5860 Fecerat
789 5800 1079 5873 elinguem,
1114 5813 1212 5868 per
1242 5795 1363 5855 licia
1393 5800 1539 5852 texta
1568 5791 1817 5862 querelas

2163 371 2218 433 Α
2242 377 2444 444 Edidit,
2475 381 2530 430 et
2555 371 2738 430 tacitis
2769 369 3045 426 mandavit
3071 369 3297 426 crimina
3331 368 3470 422 telis.

2249 471 2317 525 Et
2347 465 2660 539 pudibunda
2689 477 2817 518 suos
2845 462 2988 516 malo
3013 458 3284 516 commisit
3311 472 3521 514 amores

2253 562 2436 633 Virgo,
2469 575 2566 615 nec
2593 558 2810 614 erubuit
2841 556 3072 610 tacituro
3099 554 3315 610 conscia
3343 566 3519 620 ponto.

2248 653 2527 724 Depressis
2557 651 2840 713 scrobibus
2869 648 3056 704 vitium
3091 646 3270 716 regale
3299 644 3540 698 minister

2248 745 2511 810 Credidit,
2543 745 2702 814 idque
2728 742 2817 798 diu
2851 743 2981 796 texit
3008 739 3266 794 ﬁdissima
3297 736 3487 791 tellus:

2249 841 2514 910 lnspirata
2543 839 2738 892 dehinc
2763 843 2928 892 vento
2959 833 3197 889 cantavit
3224 829 3453 886 arundo.

2248 932 2415 989 Lacte
2440 931 2618 988 incide
2647 938 2801 986 notas
2827 947 2839 983 :
2874 940 3130 984 arcscens
3159 924 3345 979 charta
3378 921 3579 978 tenebit

2249 1027 2475 1094 Semper
2508 1024 2811 1092 inaspicnas
2837 1038 2852 1076 ;
2883 1019 3180 1090 prodentur
3210 1017 3410 1084 scripta
3440 1013 3640 1069 favillis.

2254 1119 2347 1174 γει
2372 1116 2834 1173 Lacedaamoniam
2868 1113 3112 1184 scytalen
3146 1111 3380 1173 imitare,
3417 1106 3580 1162 libelli

2250 1211 2502 1280 Segmina
2538 1208 2812 1277 I’ergamei
2845 1205 3002 1260 tereti
3031 1201 3362 1258 circumdata
3390 1201 3530 1271 ligno

2252 1302 2520 1372 Perpetuo
2547 1299 2847 1355 inscribens
2879 1312 3065 1360 versu;
3092 1296 3182 1366 qui
3209 1291 3407 1347 deinde
3438 1291 3635 1346 Solutus

2251 1393 2370 1448 Non
2402 1390 2795 1460 respondentes
2827 1405 3017 1458 sparso
3046 1388 3192 1441 dabit
3223 1383 3415 1439 ordine
3447 1382 3658 1450 formas,

2253 1485 2437 1540 Donec
2465 1483 2765 1539 consimilis
2796 1482 2921 1550 ligni
2957 1480 3245 1548 replicetur
3271 1477 3321 1530 in
3355 1475 3557 1530 orbem.

2253 1577 2567 1633 Innumeras
2601 1590 2817 1645 possum
2848 1573 3057 1630 celandi
3090 1571 3381 1628 ostendere
3408 1569 3621 1636 formas,

2255 1671 2320 1726 Et
2352 1670 2714 1727 clandestinae
2744 1677 2986 1721 veterum
3020 1679 3266 1721 reserare
3297 1661 3562 1733 loquelas,

2175 1765 2226 1829 Β
2251 1763 2306 1820 Si
2333 1763 2506 1835 prodi,
2536 1762 2782 1828 Pauline,
2816 1763 2994 1824 times,
3022 1768 3330 1827 nostraeque
3361 1754 3568 1810 vereris

2254 1857 2468 1911 Crimen
2502 1853 2775 1909 amicitiae.
2807 1852 3072 1921 Tanaquil
3105 1863 3193 1905 tua
3225 1848 3429 1904 nesciat
3455 1847 3613 1903 istud.

2255 1949 2335 2005 Tu
2364 1959 2657 2006 contemne
2682 1947 2847 2012 alios;
2884 1961 2985 2001 nec
3010 1942 3306 2015 dedignare
3339 1949 3611 2011 parentem

2254 2047 2420 2105 Affari
2451 2047 2650 2102 verbis.
2680 2045 2791 2116 Ego
2820 2059 2938 2098 sum
2971 2053 3092 2098 tuus
3118 2041 3279 2105 altor,
3311 2048 3364 2093 et
3394 2038 3484 2092 ille

2251 2141 2563 2209 Prmeeptor
2591 2141 2821 2210 primus,
2853 2139 3058 2207 primus
3086 2136 3313 2204 largitor
3343 2134 3624 2198 honorum,

2255 2235 2465 2291 Primus
2495 2235 2549 2291 in
2580 2232 2852 2288 Aonidum
2881 2233 2972 2300 qui
3009 2242 3058 2286 te
3087 2230 3317 2299 collegia
3347 2228 3496 2284 duxi.

2768 2343 3104 2401 EPISTULA
3147 2342 3336 2398 XXIII.

2621 2441 2888 2497 Ausornus
2929 2439 3168 2494 Panemo
3206 2436 3450 2491 salutem.

2252 2535 2603 2600 Discutimus,
2634 2534 2873 2598 Pauline,
2903 2534 3110 2603 jugnm,
3142 2531 3284 2602 quod
3311 2540 3460 2586 certa
3493 2528 3697 2584 fovebat

2251 2627 2599 2698 Temperies:
2633 2627 2749 2681 leve
2779 2625 2922 2695 quod
2965 2625 3160 2694 positu,
3202 2631 3260 2679 et
3305 2617 3587 2677 tolerabile
3622 2618 3814 2690 junctis,

2252 2722 2544 2777 Tractabat
2572 2721 2795 2791 paribus
2820 2718 3107 2776 concordia
3139 2718 3285 2772 mitis
3314 2715 3559 2783 habenis,

2249 2815 2404 2885 Quod
2433 2829 2528 2885 per
2556 2823 2665 2869 tam
2694 2816 2905 2884 longam
2936 2814 3132 2867 seriem
3163 2809 3506 2865 volventibus
3534 2807 3685 2864 annis

2252 2908 2454 2964 Fabula
2486 2922 2592 2963 non
2623 2922 2904 2977 umquam,
2943 2919 3233 2974 numquam
3283 2903 3620 2972 querimonia
3653 2901 3815 2968 movit,

2190 2993 2194 3002 ’
2250 3004 2402 3060 Nulla
2435 3003 2653 3075 querela
2684 3003 2804 3058 loco
2833 3001 3058 3071 pepulit,
3094 3011 3201 3054 non
3232 2999 3333 3065 ira,
3365 3013 3466 3052 nec
3491 3009 3664 3060 error,

2252 3099 2360 3156 Nec
2389 3113 2510 3171 quas
2540 3099 2856 3169 compositis
2886 3095 3211 3152 malesuada
3237 3094 3454 3150 credula
3479 3094 3673 3159 causis,

2247 3194 2553 3248 Concinnat
2582 3191 2893 3246 verisimilis
2918 3188 3157 3260 suspicio
3184 3188 3392 3256 culpas.

2248 3285 2378 3340 Tam
2410 3284 2700 3355 placidum,
2732 3291 2841 3338 tam
2875 3282 3005 3338 mite
3026 3282 3211 3353 jugum
3239 3297 3250 3333 :
3291 3279 3438 3349 quod
3479 3287 3813 3421 utequuewga-

3593 3365 3682 3406 ren

3593 3365 3682 3406 ron

2246 3454 2328 3509 Ad
2360 3453 2569 3509 senium
2603 3451 2772 3508 nostri
2802 3462 3018 3505 traxere
3043 3449 3111 3502 ab
3137 3447 3346 3517 origine
3373 3445 3532 3499 vitas:

2248 3545 2669 3619 [inpositumque
2703 3543 2802 3612 piis
2828 3540 3157 3603 hmredibus,
3189 3553 3358 3607 usque
3385 3550 3605 3592 manere

2244 3639 2534 3709 Optartmt,
2562 3639 2690 3694 dum
2718 3637 2874 3706 longa
2905 3635 3020 3689 dies
3053 3633 3376 3688 dissolveret
3402 3647 3597 3688 aevum.

2246 3736 2314 3790 Et
2343 3734 2560 3802 mansit,
2593 3733 2721 3788 dum
2756 3733 2876 3786 laeta
2912 3730 3066 3795 ﬁdes,
3098 3745 3196 3783 nec
3230 3744 3359 3784 cura
3393 3727 3602 3782 laborat

2245 3829 2418 3884 Officii
2451 3843 2670 3884 servare
2700 3827 2845 3882 vices
2872 3844 2885 3879 :
2919 3825 3012 3880 sed
3045 3833 3239 3894 sponte
3266 3824 3513 3877 feruntur

2248 3919 2632 3976 Incustoditum
2659 3917 2760 3973 sibi
2791 3916 3160 3972 continuantia
3191 3929 3431 3969 cursum.

2245 4015 2357 4070 IIoc
2390 4027 2496 4071 tam
2527 4015 2653 4069 mite
2677 4013 2866 4082 jugum
2894 4010 3054 4066 docili
3087 4010 3299 4066 cervice
3332 4008 3574 4063 subirent

2242 4109 2426 4164 Martis
2454 4109 2597 4179 equi,
2635 4107 2957 4177 stabnloqne
2991 4105 3089 4160 feri
3120 4104 3398 4159 Diomedis
3427 4102 3598 4158 abacti
3626 4120 3637 4154 :

2245 4204 2310 4258 Et
2337 4204 2425 4273 qui
2459 4202 2679 4256 mutatis
2705 4199 2870 4269 ignoti
2903 4196 3036 4252 solis
3065 4197 3292 4252 habenis

2242 4296 2584 4352 Fulmineum
2616 4293 2951 4348 Phaethonta
2983 4291 3130 4346 Pado
3163 4306 3407 4346 mersere
3433 4289 3655 4360 jngales.

2247 4389 2594 4456 Discutimus,
2631 4386 2872 4450 Pauline,
2910 4395 3127 4440 tamen:
3163 4399 3263 4439 nec
3292 4383 3447 4454 culpa
3480 4382 3699 4438 duorum

2244 4482 2372 4548 Ista,
2399 4481 2494 4536 sed
2525 4479 2679 4534 unius
2712 4487 2919 4531 tantum
2954 4489 3080 4531 tua:
3111 4490 3343 4546 namque
3375 4491 3476 4545 ego
3505 4488 3714 4544 semper

2161 4548 2215 4610 Ῑ)
2242 4573 2505 4628 Contenta
2532 4569 2742 4624 cervice
2775 4568 2973 4634 feram;
3004 4578 3256 4622 consorte
3285 4568 3530 4622 laborum

2243 4665 2548 4729 Destituor;
2580 4678 2680 4718 nec
2705 4670 2812 4714 tam
2848 4670 3152 4731 promptum
3184 4668 3390 4730 gestata
3421 4659 3630 4714 duobus

2243 4757 2419 4814 Unum
2450 4755 2735 4812 deﬁciente
2760 4757 2872 4825 pari
2906 4755 3150 4824 perferre
3177 4753 3439 4808 sodalem.

2243 4853 2357 4908 Non
2387 4851 2619 4916 animus,
2651 4850 2904 4918 viresque
2933 4848 3117 4902 labant
3146 4865 3158 4900 :
3193 4847 3285 4902 sed
3321 4847 3504 4916 iniqua
3533 4841 3739 4900 ferendo

2241 4945 2492 5004 Conditio
2521 4954 2604 5001 est
2633 4945 2803 5010 oneri,
2839 4958 2961 4998 eum
2994 4942 3205 5011 pondus
3232 4949 3524 5010 utrumque
3552 4938 3732 4995 relicto

2241 5038 2477 5111 Ingruit;
2506 5036 2874 5105 acceduntque
2901 5035 3092 5088 alienae
3121 5034 3358 5104 pondera
3387 5032 3561 5087 librte.

2239 5135 2328 5192 Sic
2351 5151 2474 5206 pars
2501 5148 2643 5205 mgra
2674 5131 2909 5184 hominis
2939 5129 3105 5184 trahit
3130 5129 3194 5183 ad
3223 5128 3473 5198 contagia
3503 5139 3688 5181 sanum

2240 5230 2447 5300 Corpus
2475 5248 2486 5283 :
2517 5237 2572 5284 et
2600 5224 2776 5295 exigui
2805 5223 3050 5294 quamvis
3080 5222 3394 5277 discrimine
3421 5218 3668 5285 membri,

2241 5324 2374 5379 Tota
2403 5338 2499 5394 per
2524 5322 2839 5377 innumeros
2868 5329 3019 5371 artus
3046 5329 3306 5385 compago
3334 5313 3568 5368 vacillat.

2241 5419 2450 5474 Obruar
2474 5429 2640 5486 usque
2677 5422 2883 5476 tamen,
2912 5412 3113 5466 veteris
3146 5424 3214 5464 ne
3235 5409 3377 5464 desit
3403 5406 3559 5462 amici

2241 5511 2326 5564 Me
2357 5509 2585 5563 durante
2618 5504 2782 5560 ﬁdes:
2815 5504 3150 5572 memorique
3177 5508 3236 5555 ut
3267 5499 3366 5554 ﬁxa
3399 5497 3499 5553 sub
3525 5510 3638 5552 arvo

2237 5601 2550 5656 Restituam
2573 5596 2856 5668 profugum
2880 5596 3072 5651 solatia
3103 5603 3250 5649 casta
3282 5591 3540 5647 sodalem.

2240 5697 2425 5766 Impic,
2452 5695 2694 5751 Pirithoo
2717 5691 3029 5762 disiungere
3042 5693 3251 5748 Thesea
3281 5692 3474 5760 possis,

2241 5788 2640 5860 Euryalumque
2661 5801 2761 5844 suo
2784 5785 2984 5841 socium
3015 5798 3300 5842 secernere
3326 5781 3476 5838 Niso.
