  <div class='ocr_page' id='page_1' title='image "/cluster/home/n/w/nwhite01/storage/ocr_20150623/19/hvd.32044015471345/476.png"; bbox 0 0 4072 6306; ppageno 0'>
   <div class='ocr_carea' id='block_1_1' title="bbox 242 300 345 359">
    <p class='ocr_par' dir='ltr' id='par_1_1' title="bbox 242 300 345 359">
     <span class='ocr_line' id='line_1_1' title="bbox 242 300 345 359; baseline 0.019 -2"><span class='ocrx_word' id='word_1_1' title='bbox 242 300 345 359; x_wconf 78' lang='grc'><strong>955</strong></span> 
     </span>
    </p>
   </div>
   <div class='ocr_carea' id='block_1_2' title="bbox 242 418 1676 495">
    <p class='ocr_par' dir='ltr' id='par_1_2' title="bbox 242 418 1676 495">
     <span class='ocr_line' id='line_1_2' title="bbox 242 418 1676 495; baseline 0.006 -20"><span class='ocrx_word' id='word_1_2' title='bbox 242 419 317 475; x_wconf 90' lang='lat' dir='ltr'><strong>Te</strong></span> <span class='ocrx_word' id='word_1_3' title='bbox 340 418 615 477; x_wconf 92' lang='lat' dir='ltr'><strong>suadente</strong></span> <span class='ocrx_word' id='word_1_4' title='bbox 639 420 841 492; x_wconf 81' lang='lat' dir='ltr'><strong>fugam,</strong></span> <span class='ocrx_word' id='word_1_5' title='bbox 876 420 1107 494; x_wconf 79' lang='lat' dir='ltr'><strong>Pylades</strong></span> <span class='ocrx_word' id='word_1_6' title='bbox 1125 422 1369 495; x_wconf 81' lang='lat' dir='ltr'><strong>liquisset</strong></span> <span class='ocrx_word' id='word_1_7' title='bbox 1398 423 1676 495; x_wconf 80' lang='lat' dir='ltr'><strong>Orestem;</strong></span> 
     </span>
    </p>
   </div>
   <div class='ocr_carea' id='block_1_3' title="bbox 241 510 1542 576">
    <p class='ocr_par' dir='ltr' id='par_1_3' title="bbox 241 510 1542 576">
     <span class='ocr_line' id='line_1_3' title="bbox 241 510 1542 576; baseline 0.007 -8"><span class='ocrx_word' id='word_1_8' title='bbox 241 510 351 569; x_wconf 88' lang='lat' dir='ltr'><strong>Nec</strong></span> <span class='ocrx_word' id='word_1_9' title='bbox 375 512 716 570; x_wconf 89' lang='lat' dir='ltr'><strong>custodisset</strong></span> <span class='ocrx_word' id='word_1_10' title='bbox 740 513 956 571; x_wconf 88' lang='lat' dir='ltr'><strong>Siculus</strong></span> <span class='ocrx_word' id='word_1_11' title='bbox 980 516 1285 573; x_wconf 89' lang='lat' dir='ltr'><strong>vadimonia</strong></span> <span class='ocrx_word' id='word_1_12' title='bbox 1318 517 1542 576; x_wconf 84' lang='lat' dir='ltr'><strong>Damon.</strong></span> 
     </span>
    </p>
   </div>
   <div class='ocr_carea' id='block_1_4' title="bbox 240 604 1728 681">
    <p class='ocr_par' dir='ltr' id='par_1_4' title="bbox 240 604 1728 681">
     <span class='ocr_line' id='line_1_4' title="bbox 240 604 1728 681; baseline 0.008 -23"><span class='ocrx_word' id='word_1_13' title='bbox 240 604 516 673; x_wconf 85' lang='lat' dir='ltr'><strong>Quantum</strong></span> <span class='ocrx_word' id='word_1_14' title='bbox 542 605 885 664; x_wconf 90' lang='lat' dir='ltr'><strong>oblectamen</strong></span> <span class='ocrx_word' id='word_1_15' title='bbox 919 609 1129 680; x_wconf 76' lang='lat' dir='ltr'><strong>pepuli,</strong></span> <span class='ocrx_word' id='word_1_16' title='bbox 1163 626 1283 681; x_wconf 67' lang='lat' dir='ltr'><strong>qua:</strong></span> <span class='ocrx_word' id='word_1_17' title='bbox 1304 621 1430 667; x_wconf 88' lang='lat' dir='ltr'><strong>v0ta</strong></span> <span class='ocrx_word' id='word_1_18' title='bbox 1463 610 1728 670; x_wconf 75' lang='lat' dir='ltr'><strong>bellorum</strong></span> 
     </span>
    </p>
   </div>
   <div class='ocr_carea' id='block_1_5' title="bbox 236 698 1465 769">
    <p class='ocr_par' dir='ltr' id='par_1_5' title="bbox 236 698 1465 769">
     <span class='ocr_line' id='line_1_5' title="bbox 236 698 1465 769; baseline 0.002 -13"><span class='ocrx_word' id='word_1_19' title='bbox 236 698 467 769; x_wconf 90' lang='lat' dir='ltr'><strong>Sperato</strong></span> <span class='ocrx_word' id='word_1_20' title='bbox 500 699 746 756; x_wconf 81' lang='lat' dir='ltr'><strong>fraudata</strong></span> <span class='ocrx_word' id='word_1_21' title='bbox 780 703 957 757; x_wconf 79' lang='lat' dir='ltr'><strong>bono?</strong></span> <span class='ocrx_word' id='word_1_22' title='bbox 984 702 1258 758; x_wconf 90' lang='lat' dir='ltr'><strong>Gratantia</strong></span> <span class='ocrx_word' id='word_1_23' title='bbox 1285 702 1465 761; x_wconf 89' lang='lat' dir='ltr'><strong>cuncti</strong></span> 
     </span>
    </p>
   </div>
   <div class='ocr_carea' id='block_1_6' title="bbox 243 790 1748 869">
    <p class='ocr_par' dir='ltr' id='par_1_6' title="bbox 243 790 1748 869">
     <span class='ocr_line' id='line_1_6' title="bbox 243 790 1748 869; baseline 0.006 -24"><span class='ocrx_word' id='word_1_24' title='bbox 243 790 416 848; x_wconf 86' lang='lat' dir='ltr'><strong>Verba</strong></span> <span class='ocrx_word' id='word_1_25' title='bbox 446 791 846 864; x_wconf 82' lang='lat' dir='ltr'><strong>loquebantur;</strong></span> <span class='ocrx_word' id='word_1_26' title='bbox 878 794 990 865; x_wconf 85' lang='lat' dir='ltr'><strong>jam</strong></span> <span class='ocrx_word' id='word_1_27' title='bbox 1024 795 1240 851; x_wconf 91' lang='lat' dir='ltr'><strong>nomina</strong></span> <span class='ocrx_word' id='word_1_28' title='bbox 1270 804 1461 851; x_wconf 88' lang='lat' dir='ltr'><strong>nostra</strong></span> <span class='ocrx_word' id='word_1_29' title='bbox 1486 796 1748 869; x_wconf 88' lang='lat' dir='ltr'><strong>parabant</strong></span> 
     </span>
    </p>
   </div>
   <div class='ocr_carea' id='block_1_7' title="bbox 238 883 1411 959">
    <p class='ocr_par' dir='ltr' id='par_1_7' title="bbox 238 883 1411 959">
     <span class='ocr_line' id='line_1_7' title="bbox 238 883 1411 959; baseline 0.006 -22"><span class='ocrx_word' id='word_1_30' title='bbox 238 883 490 941; x_wconf 88' lang='lat' dir='ltr'><strong>inserere</strong></span> <span class='ocrx_word' id='word_1_31' title='bbox 520 886 761 959; x_wconf 85' lang='lat' dir='ltr'><strong>antiquis</strong></span> <span class='ocrx_word' id='word_1_32' title='bbox 790 885 890 942; x_wconf 69' lang='lat' dir='ltr'><strong>Levi</strong></span> <span class='ocrx_word' id='word_1_33' title='bbox 923 886 1164 944; x_wconf 87' lang='lat' dir='ltr'><strong>melioris</strong></span> <span class='ocrx_word' id='word_1_34' title='bbox 1194 886 1411 954; x_wconf 87' lang='lat' dir='ltr'><strong>amicis;</strong></span> 
     </span>
    </p>
   </div>
   <div class='ocr_carea' id='block_1_8' title="bbox 237 972 1623 1053">
    <p class='ocr_par' dir='ltr' id='par_1_8' title="bbox 237 972 1623 1053">
     <span class='ocr_line' id='line_1_8' title="bbox 237 972 1623 1053; baseline 0.006 -23"><span class='ocrx_word' id='word_1_35' title='bbox 237 972 482 1031; x_wconf 88' lang='lat' dir='ltr'><strong>Cedebat</strong></span> <span class='ocrx_word' id='word_1_36' title='bbox 507 976 739 1049; x_wconf 80' lang='lat' dir='ltr'><strong>Pylades</strong></span> <span class='ocrx_word' id='word_1_37' title='bbox 765 997 775 1032; x_wconf 92' lang='lat'><strong>:</strong></span> <span class='ocrx_word' id='word_1_38' title='bbox 822 978 1041 1051; x_wconf 84' lang='lat' dir='ltr'><strong>Phrygii</strong></span> <span class='ocrx_word' id='word_1_39' title='bbox 1071 995 1286 1053; x_wconf 87' lang='lat' dir='ltr'><strong>quoque</strong></span> <span class='ocrx_word' id='word_1_40' title='bbox 1313 982 1482 1053; x_wconf 79' lang='lat' dir='ltr'><strong>gloria</strong></span> <span class='ocrx_word' id='word_1_41' title='bbox 1510 980 1623 1039; x_wconf 84' lang='lat' dir='ltr'><strong>Nisi</strong></span> 
     </span>
    </p>
   </div>
   <div class='ocr_carea' id='block_1_9' title="bbox 238 1066 1802 1141">
    <p class='ocr_par' dir='ltr' id='par_1_9' title="bbox 238 1066 1802 1141">
     <span class='ocr_line' id='line_1_9' title="bbox 238 1066 1802 1141; baseline 0.009 -18"><span class='ocrx_word' id='word_1_42' title='bbox 238 1066 357 1123; x_wconf 74' lang='lat' dir='ltr'><strong>Iam</strong></span> <span class='ocrx_word' id='word_1_43' title='bbox 393 1069 600 1140; x_wconf 88' lang='lat' dir='ltr'><strong>minor,</strong></span> <span class='ocrx_word' id='word_1_44' title='bbox 635 1079 693 1126; x_wconf 92' lang='lat' dir='ltr'><strong>et</strong></span> <span class='ocrx_word' id='word_1_45' title='bbox 725 1072 990 1141; x_wconf 87' lang='lat' dir='ltr'><strong>promissa</strong></span> <span class='ocrx_word' id='word_1_46' title='bbox 1025 1071 1214 1129; x_wconf 90' lang='lat' dir='ltr'><strong>obiens</strong></span> <span class='ocrx_word' id='word_1_47' title='bbox 1240 1073 1546 1133; x_wconf 87' lang='lat' dir='ltr'><strong>vadimonia</strong></span> <span class='ocrx_word' id='word_1_48' title='bbox 1579 1076 1802 1137; x_wconf 87' lang='lat' dir='ltr'><strong>Damon.</strong></span> 
     </span>
    </p>
   </div>
   <div class='ocr_carea' id='block_1_10' title="bbox 241 1160 1601 1244">
    <p class='ocr_par' dir='ltr' id='par_1_10' title="bbox 241 1160 1601 1244">
     <span class='ocr_line' id='line_1_10' title="bbox 241 1160 1601 1244; baseline 0.01 -28"><span class='ocrx_word' id='word_1_49' title='bbox 241 1160 347 1217; x_wconf 84' lang='lat' dir='ltr'><strong>Nos</strong></span> <span class='ocrx_word' id='word_1_50' title='bbox 375 1160 710 1219; x_wconf 90' lang='lat' dir='ltr'><strong>documenta</strong></span> <span class='ocrx_word' id='word_1_51' title='bbox 736 1166 907 1237; x_wconf 87' lang='lat' dir='ltr'><strong>magis</strong></span> <span class='ocrx_word' id='word_1_52' title='bbox 940 1166 1144 1225; x_wconf 80' lang='lat' dir='ltr'><strong>felicia:</strong></span> <span class='ocrx_word' id='word_1_53' title='bbox 1174 1169 1356 1241; x_wconf 86' lang='lat' dir='ltr'><strong>qualia</strong></span> <span class='ocrx_word' id='word_1_54' title='bbox 1375 1187 1601 1244; x_wconf 83' lang='lat' dir='ltr'><strong>magnus</strong></span> 
     </span>
    </p>
   </div>
   <div class='ocr_carea' id='block_1_11' title="bbox 234 1255 1483 1332">
    <p class='ocr_par' dir='ltr' id='par_1_11' title="bbox 234 1255 1483 1332">
     <span class='ocr_line' id='line_1_11' title="bbox 234 1255 1483 1332; baseline 0.009 -22"><span class='ocrx_word' id='word_1_55' title='bbox 234 1255 442 1325; x_wconf 86' lang='lat' dir='ltr'><strong>Scipio,</strong></span> <span class='ocrx_word' id='word_1_56' title='bbox 480 1255 821 1329; x_wconf 83' lang='lat' dir='ltr'><strong>longaevique</strong></span> <span class='ocrx_word' id='word_1_57' title='bbox 848 1258 996 1315; x_wconf 88' lang='lat' dir='ltr'><strong>dedit</strong></span> <span class='ocrx_word' id='word_1_58' title='bbox 1025 1261 1286 1332; x_wconf 83' lang='lat' dir='ltr'><strong>sapientia</strong></span> <span class='ocrx_word' id='word_1_59' title='bbox 1324 1263 1483 1331; x_wconf 84' lang='lat' dir='ltr'><strong>Laeli;</strong></span> 
     </span>
    </p>
   </div>
   <div class='ocr_carea' id='block_1_12' title="bbox 230 1347 1705 1425">
    <p class='ocr_par' dir='ltr' id='par_1_12' title="bbox 230 1347 1705 1425">
     <span class='ocr_line' id='line_1_12' title="bbox 230 1347 1705 1425; baseline 0.01 -23"><span class='ocrx_word' id='word_1_60' title='bbox 230 1347 344 1403; x_wconf 86' lang='lat' dir='ltr'><strong>Nos</strong></span> <span class='ocrx_word' id='word_1_61' title='bbox 374 1347 572 1405; x_wconf 87' lang='lat' dir='ltr'><strong>studiis</strong></span> <span class='ocrx_word' id='word_1_62' title='bbox 591 1351 901 1422; x_wconf 86' lang='lat' dir='ltr'><strong>animisque</strong></span> <span class='ocrx_word' id='word_1_63' title='bbox 930 1355 1141 1425; x_wconf 88' lang='lat' dir='ltr'><strong>iisdem,</strong></span> <span class='ocrx_word' id='word_1_64' title='bbox 1178 1358 1436 1415; x_wconf 89' lang='lat' dir='ltr'><strong>miracula</strong></span> <span class='ocrx_word' id='word_1_65' title='bbox 1460 1362 1705 1418; x_wconf 86' lang='lat' dir='ltr'><strong>cunctis:</strong></span> 
     </span>
    </p>
   </div>
   <div class='ocr_carea' id='block_1_13' title="bbox 232 1438 1694 1523">
    <p class='ocr_par' dir='ltr' id='par_1_13' title="bbox 232 1438 1694 1523">
     <span class='ocr_line' id='line_1_13' title="bbox 232 1438 1694 1523; baseline 0.011 -31"><span class='ocrx_word' id='word_1_66' title='bbox 232 1438 350 1494; x_wconf 86' lang='lat' dir='ltr'><strong>lloc</strong></span> <span class='ocrx_word' id='word_1_67' title='bbox 375 1440 609 1510; x_wconf 77' lang='lat' dir='ltr'><strong>majora,</strong></span> <span class='ocrx_word' id='word_1_68' title='bbox 638 1457 801 1514; x_wconf 86' lang='lat' dir='ltr'><strong>pares</strong></span> <span class='ocrx_word' id='word_1_69' title='bbox 831 1444 1031 1502; x_wconf 82' lang='lat' dir='ltr'><strong>fuimus</strong></span> <span class='ocrx_word' id='word_1_70' title='bbox 1060 1448 1203 1519; x_wconf 91' lang='lat' dir='ltr'><strong>quod</strong></span> <span class='ocrx_word' id='word_1_71' title='bbox 1234 1449 1452 1523; x_wconf 82' lang='lat' dir='ltr'><strong>dispare</strong></span> <span class='ocrx_word' id='word_1_72' title='bbox 1475 1452 1530 1509; x_wconf 89' lang='lat' dir='ltr'><strong>in</strong></span> <span class='ocrx_word' id='word_1_73' title='bbox 1552 1466 1694 1510; x_wconf 72' lang='lat' dir='ltr'><strong>:evo.</strong></span> 
     </span>
    </p>
   </div>
   <div class='ocr_carea' id='block_1_14' title="bbox 230 1533 1267 1607">
    <p class='ocr_par' dir='ltr' id='par_1_14' title="bbox 230 1533 1267 1607">
     <span class='ocr_line' id='line_1_14' title="bbox 230 1533 1267 1607; baseline 0.01 -18"><span class='ocrx_word' id='word_1_74' title='bbox 230 1534 414 1605; x_wconf 83' lang='lat' dir='ltr'><strong>Ocyus</strong></span> <span class='ocrx_word' id='word_1_75' title='bbox 440 1533 533 1589; x_wconf 88' lang='lat' dir='ltr'><strong>illa</strong></span> <span class='ocrx_word' id='word_1_76' title='bbox 558 1534 674 1607; x_wconf 88' lang='lat' dir='ltr'><strong>jugi</strong></span> <span class='ocrx_word' id='word_1_77' title='bbox 704 1535 882 1593; x_wconf 82' lang='lat' dir='ltr'><strong>fatalis</strong></span> <span class='ocrx_word' id='word_1_78' title='bbox 912 1539 1126 1597; x_wconf 90' lang='lat' dir='ltr'><strong>solvere</strong></span> <span class='ocrx_word' id='word_1_79' title='bbox 1149 1541 1267 1598; x_wconf 89' lang='lat' dir='ltr'><strong>lora</strong></span> 
     </span>
    </p>
   </div>
   <div class='ocr_carea' id='block_1_15' title="bbox 229 1624 1604 1707">
    <p class='ocr_par' dir='ltr' id='par_1_15' title="bbox 229 1624 1604 1707">
     <span class='ocr_line' id='line_1_15' title="bbox 229 1624 1604 1707; baseline 0.009 -27"><span class='ocrx_word' id='word_1_80' title='bbox 229 1624 501 1682; x_wconf 86' lang='lat' dir='ltr'><strong>Pellaeum</strong></span> <span class='ocrx_word' id='word_1_81' title='bbox 526 1629 774 1697; x_wconf 85' lang='lat' dir='ltr'><strong>potuisse</strong></span> <span class='ocrx_word' id='word_1_82' title='bbox 798 1629 989 1686; x_wconf 85' lang='lat' dir='ltr'><strong>ducem</strong></span> <span class='ocrx_word' id='word_1_83' title='bbox 1023 1647 1169 1699; x_wconf 91' lang='lat' dir='ltr'><strong>reor,</strong></span> <span class='ocrx_word' id='word_1_84' title='bbox 1192 1632 1373 1691; x_wconf 88' lang='lat' dir='ltr'><strong>abdita</strong></span> <span class='ocrx_word' id='word_1_85' title='bbox 1399 1636 1604 1707; x_wconf 89' lang='lat' dir='ltr'><strong>opertis</strong></span> 
     </span>
    </p>
   </div>
   <div class='ocr_carea' id='block_1_16' title="bbox 231 1715 1520 1794">
    <p class='ocr_par' dir='ltr' id='par_1_16' title="bbox 231 1715 1520 1794">
     <span class='ocr_line' id='line_1_16' title="bbox 231 1715 1520 1794; baseline 0.009 -23"><span class='ocrx_word' id='word_1_86' title='bbox 231 1715 558 1787; x_wconf 83' lang='lat' dir='ltr'><strong>Principiis,</strong></span> <span class='ocrx_word' id='word_1_87' title='bbox 588 1727 644 1774; x_wconf 88' lang='lat' dir='ltr'><strong>et</strong></span> <span class='ocrx_word' id='word_1_88' title='bbox 667 1729 897 1791; x_wconf 91' lang='lat' dir='ltr'><strong>utroque</strong></span> <span class='ocrx_word' id='word_1_89' title='bbox 918 1732 1079 1794; x_wconf 82' lang='lat' dir='ltr'><strong>eaput</strong></span> <span class='ocrx_word' id='word_1_90' title='bbox 1103 1726 1331 1780; x_wconf 85' lang='lat' dir='ltr'><strong>celantia</strong></span> <span class='ocrx_word' id='word_1_91' title='bbox 1354 1726 1520 1782; x_wconf 89' lang='lat' dir='ltr'><strong>nodo.</strong></span> 
     </span>
    </p>
   </div>
   <div class='ocr_carea' id='block_1_17' title="bbox 224 1811 1708 1893">
    <p class='ocr_par' dir='ltr' id='par_1_17' title="bbox 224 1811 1708 1893">
     <span class='ocr_line' id='line_1_17' title="bbox 224 1811 1708 1893; baseline 0.011 -28"><span class='ocrx_word' id='word_1_92' title='bbox 224 1811 448 1867; x_wconf 84' lang='lat' dir='ltr'><strong>Grande</strong></span> <span class='ocrx_word' id='word_1_93' title='bbox 479 1813 701 1885; x_wconf 89' lang='lat' dir='ltr'><strong>aliquod</strong></span> <span class='ocrx_word' id='word_1_94' title='bbox 736 1817 959 1873; x_wconf 87' lang='lat' dir='ltr'><strong>verbum</strong></span> <span class='ocrx_word' id='word_1_95' title='bbox 993 1819 1248 1875; x_wconf 88' lang='lat' dir='ltr'><strong>nimirum</strong></span> <span class='ocrx_word' id='word_1_96' title='bbox 1279 1820 1537 1893; x_wconf 80' lang='lat' dir='ltr'><strong>diximus,</strong></span> <span class='ocrx_word' id='word_1_97' title='bbox 1564 1832 1619 1879; x_wconf 93' lang='lat' dir='ltr'><strong>ut</strong></span> <span class='ocrx_word' id='word_1_98' title='bbox 1648 1838 1708 1881; x_wconf 90' lang='lat' dir='ltr'><strong>se</strong></span> 
     </span>
    </p>
   </div>
   <div class='ocr_carea' id='block_1_18' title="bbox 223 1905 1463 1983">
    <p class='ocr_par' dir='ltr' id='par_1_18' title="bbox 223 1905 1463 1983">
     <span class='ocr_line' id='line_1_18' title="bbox 223 1905 1463 1983; baseline 0.009 -22"><span class='ocrx_word' id='word_1_99' title='bbox 223 1905 460 1961; x_wconf 89' lang='lat' dir='ltr'><strong>Inferret</strong></span> <span class='ocrx_word' id='word_1_100' title='bbox 492 1907 678 1964; x_wconf 91' lang='lat' dir='ltr'><strong>nimiis</strong></span> <span class='ocrx_word' id='word_1_101' title='bbox 712 1909 910 1967; x_wconf 81' lang='lat' dir='ltr'><strong>vindex</strong></span> <span class='ocrx_word' id='word_1_102' title='bbox 936 1912 1269 1970; x_wconf 82' lang='lat' dir='ltr'><strong>Rhamnusia</strong></span> <span class='ocrx_word' id='word_1_103' title='bbox 1294 1917 1463 1983; x_wconf 91' lang='lat' dir='ltr'><strong>votis;</strong></span> 
     </span>
    </p>
   </div>
   <div class='ocr_carea' id='block_1_19' title="bbox 221 1996 1675 2081">
    <p class='ocr_par' dir='ltr' id='par_1_19' title="bbox 221 1996 1675 2081">
     <span class='ocr_line' id='line_1_19' title="bbox 221 1996 1675 2081; baseline 0.01 -29"><span class='ocrx_word' id='word_1_104' title='bbox 221 1996 505 2055; x_wconf 76' lang='lat' dir='ltr'><strong>Arsacidae</strong></span> <span class='ocrx_word' id='word_1_105' title='bbox 539 2010 596 2057; x_wconf 88' lang='lat' dir='ltr'><strong>ut</strong></span> <span class='ocrx_word' id='word_1_106' title='bbox 624 2002 894 2073; x_wconf 89' lang='lat' dir='ltr'><strong>quondam</strong></span> <span class='ocrx_word' id='word_1_107' title='bbox 925 2007 1070 2076; x_wconf 88' lang='lat' dir='ltr'><strong>regis</strong></span> <span class='ocrx_word' id='word_1_108' title='bbox 1094 2023 1205 2062; x_wconf 95' lang='lat' dir='ltr'><strong>non</strong></span> <span class='ocrx_word' id='word_1_109' title='bbox 1228 2007 1350 2063; x_wconf 68' lang='lat' dir='ltr'><strong>ireta</strong></span> <span class='ocrx_word' id='word_1_110' title='bbox 1382 2010 1675 2081; x_wconf 83' lang='lat' dir='ltr'><strong>triumphis</strong></span> 
     </span>
    </p>
   </div>
   <div class='ocr_carea' id='block_1_20' title="bbox 220 2087 1660 2163">
    <p class='ocr_par' dir='ltr' id='par_1_20' title="bbox 220 2087 1660 2163">
     <span class='ocr_line' id='line_1_20' title="bbox 220 2087 1660 2163; baseline 0.01 -19"><span class='ocrx_word' id='word_1_111' title='bbox 220 2087 465 2147; x_wconf 84' lang='lat' dir='ltr'><strong>Grandia</strong></span> <span class='ocrx_word' id='word_1_112' title='bbox 496 2091 666 2148; x_wconf 83' lang='lat' dir='ltr'><strong>verba</strong></span> <span class='ocrx_word' id='word_1_113' title='bbox 699 2110 950 2163; x_wconf 89' lang='lat' dir='ltr'><strong>premens</strong></span> <span class='ocrx_word' id='word_1_114' title='bbox 978 2097 1137 2152; x_wconf 83' lang='lat' dir='ltr'><strong>ultrix</strong></span> <span class='ocrx_word' id='word_1_115' title='bbox 1164 2098 1262 2154; x_wconf 92' lang='lat' dir='ltr'><strong>dea</strong></span> <span class='ocrx_word' id='word_1_116' title='bbox 1291 2099 1498 2156; x_wconf 85' lang='lat' dir='ltr'><strong>Medica</strong></span> <span class='ocrx_word' id='word_1_117' title='bbox 1530 2100 1660 2158; x_wconf 90' lang='lat' dir='ltr'><strong>belli</strong></span> 
     </span>
    </p>
   </div>
   <div class='ocr_carea' id='block_1_21' title="bbox 223 2181 1728 2269">
    <p class='ocr_par' dir='ltr' id='par_1_21' title="bbox 223 2181 1728 2269">
     <span class='ocr_line' id='line_1_21' title="bbox 223 2181 1728 2269; baseline 0.011 -30"><span class='ocrx_word' id='word_1_118' title='bbox 223 2181 438 2241; x_wconf 88' lang='lat' dir='ltr'><strong>Sistere</strong></span> <span class='ocrx_word' id='word_1_119' title='bbox 463 2185 829 2256; x_wconf 89' lang='lat' dir='ltr'><strong>Cecropidum</strong></span> <span class='ocrx_word' id='word_1_120' title='bbox 860 2191 913 2244; x_wconf 93' lang='lat' dir='ltr'><strong>in</strong></span> <span class='ocrx_word' id='word_1_121' title='bbox 948 2191 1109 2247; x_wconf 92' lang='lat' dir='ltr'><strong>terris</strong></span> <span class='ocrx_word' id='word_1_122' title='bbox 1135 2204 1484 2269; x_wconf 71' lang='lat' dir='ltr'><strong>monumenta</strong></span> <span class='ocrx_word' id='word_1_123' title='bbox 1513 2197 1728 2267; x_wconf 88' lang='lat' dir='ltr'><strong>paranti</strong></span> 
     </span>
    </p>
   </div>
   <div class='ocr_carea' id='block_1_22' title="bbox 217 2274 1525 2358">
    <p class='ocr_par' dir='ltr' id='par_1_22' title="bbox 217 2274 1525 2358">
     <span class='ocr_line' id='line_1_22' title="bbox 217 2274 1525 2358; baseline 0.008 -25"><span class='ocrx_word' id='word_1_124' title='bbox 217 2274 489 2333; x_wconf 86' lang='lat' dir='ltr'><strong>Obstitit:</strong></span> <span class='ocrx_word' id='word_1_125' title='bbox 524 2288 579 2334; x_wconf 92' lang='lat' dir='ltr'><strong>et</strong></span> <span class='ocrx_word' id='word_1_126' title='bbox 600 2278 765 2336; x_wconf 84' lang='lat' dir='ltr'><strong>Graio</strong></span> <span class='ocrx_word' id='word_1_127' title='bbox 782 2281 893 2350; x_wconf 86' lang='lat' dir='ltr'><strong>jam</strong></span> <span class='ocrx_word' id='word_1_128' title='bbox 920 2281 1031 2354; x_wconf 82' lang='lat' dir='ltr'><strong>jam</strong></span> <span class='ocrx_word' id='word_1_129' title='bbox 1063 2283 1273 2355; x_wconf 84' lang='lat' dir='ltr'><strong>ﬁgenda</strong></span> <span class='ocrx_word' id='word_1_130' title='bbox 1296 2293 1525 2358; x_wconf 67' lang='lat' dir='ltr'><strong>tropaeo,</strong></span> 
     </span>
    </p>
   </div>
   <div class='ocr_carea' id='block_1_23' title="bbox 217 2369 1644 2439">
    <p class='ocr_par' dir='ltr' id='par_1_23' title="bbox 217 2369 1644 2439">
     <span class='ocr_line' id='line_1_23' title="bbox 217 2369 1644 2439; baseline 0.009 -13"><span class='ocrx_word' id='word_1_131' title='bbox 217 2369 377 2426; x_wconf 89' lang='lat' dir='ltr'><strong>Ultro</strong></span> <span class='ocrx_word' id='word_1_132' title='bbox 405 2372 574 2428; x_wconf 89' lang='lat' dir='ltr'><strong>etiam</strong></span> <span class='ocrx_word' id='word_1_133' title='bbox 596 2374 754 2431; x_wconf 89' lang='lat' dir='ltr'><strong>victis</strong></span> <span class='ocrx_word' id='word_1_134' title='bbox 780 2374 1026 2433; x_wconf 85' lang='lat' dir='ltr'><strong>Nemesis</strong></span> <span class='ocrx_word' id='word_1_135' title='bbox 1054 2380 1207 2435; x_wconf 88' lang='lat' dir='ltr'><strong>stetit</strong></span> <span class='ocrx_word' id='word_1_136' title='bbox 1238 2379 1414 2436; x_wconf 90' lang='lat' dir='ltr'><strong>Attica</strong></span> <span class='ocrx_word' id='word_1_137' title='bbox 1441 2381 1644 2439; x_wconf 87' lang='lat' dir='ltr'><strong>Persis.</strong></span> 
     </span>
    </p>
   </div>
   <div class='ocr_carea' id='block_1_24' title="bbox 215 2461 1685 2540">
    <p class='ocr_par' dir='ltr' id='par_1_24' title="bbox 215 2461 1685 2540">
     <span class='ocr_line' id='line_1_24' title="bbox 215 2461 1685 2540; baseline 0.01 -24"><span class='ocrx_word' id='word_1_138' title='bbox 215 2461 349 2529; x_wconf 64' lang='lat' dir='ltr'><strong>Quae</strong></span> <span class='ocrx_word' id='word_1_139' title='bbox 376 2462 475 2519; x_wconf 89' lang='lat' dir='ltr'><strong>tibi</strong></span> <span class='ocrx_word' id='word_1_140' title='bbox 508 2463 830 2522; x_wconf 82' lang='lat' dir='ltr'><strong>Romulidas</strong></span> <span class='ocrx_word' id='word_1_141' title='bbox 853 2484 1110 2540; x_wconf 86' lang='lat' dir='ltr'><strong>proceres</strong></span> <span class='ocrx_word' id='word_1_142' title='bbox 1142 2486 1344 2528; x_wconf 85' lang='lat' dir='ltr'><strong>vexare</strong></span> <span class='ocrx_word' id='word_1_143' title='bbox 1370 2472 1537 2529; x_wconf 73' lang='lat' dir='ltr'><strong>libid’o</strong></span> <span class='ocrx_word' id='word_1_144' title='bbox 1558 2474 1685 2533; x_wconf 79' lang='lat' dir='ltr'><strong>est?</strong></span> 
     </span>
    </p>
   </div>
   <div class='ocr_carea' id='block_1_25' title="bbox 218 2553 1680 2635">
    <p class='ocr_par' dir='ltr' id='par_1_25' title="bbox 218 2553 1680 2635">
     <span class='ocr_line' id='line_1_25' title="bbox 218 2553 1680 2635; baseline 0.012 -26"><span class='ocrx_word' id='word_1_145' title='bbox 218 2553 273 2609; x_wconf 88' lang='lat' dir='ltr'><strong>in</strong></span> <span class='ocrx_word' id='word_1_146' title='bbox 304 2555 524 2620; x_wconf 86' lang='lat' dir='ltr'><strong>Medos,</strong></span> <span class='ocrx_word' id='word_1_147' title='bbox 553 2559 872 2632; x_wconf 86' lang='lat' dir='ltr'><strong>Arabasque</strong></span> <span class='ocrx_word' id='word_1_148' title='bbox 902 2573 1020 2619; x_wconf 90' lang='lat' dir='ltr'><strong>tuos</strong></span> <span class='ocrx_word' id='word_1_149' title='bbox 1054 2579 1150 2634; x_wconf 93' lang='lat' dir='ltr'><strong>per</strong></span> <span class='ocrx_word' id='word_1_150' title='bbox 1179 2567 1387 2635; x_wconf 89' lang='lat' dir='ltr'><strong>nubila,</strong></span> <span class='ocrx_word' id='word_1_151' title='bbox 1418 2577 1471 2624; x_wconf 91' lang='lat' dir='ltr'><strong>et</strong></span> <span class='ocrx_word' id='word_1_152' title='bbox 1503 2581 1680 2627; x_wconf 90' lang='lat' dir='ltr'><strong>atrum</strong></span> 
     </span>
    </p>
   </div>
   <div class='ocr_carea' id='block_1_26' title="bbox 215 2646 1712 2728">
    <p class='ocr_par' dir='ltr' id='par_1_26' title="bbox 215 2646 1712 2728">
     <span class='ocr_line' id='line_1_26' title="bbox 215 2646 1712 2728; baseline 0.011 -24"><span class='ocrx_word' id='word_1_153' title='bbox 215 2646 392 2719; x_wconf 90' lang='lat' dir='ltr'><strong>Perge</strong></span> <span class='ocrx_word' id='word_1_154' title='bbox 423 2649 623 2707; x_wconf 81' lang='lat' dir='ltr'><strong>chaos.</strong></span> <span class='ocrx_word' id='word_1_155' title='bbox 651 2652 894 2710; x_wconf 81' lang='lat' dir='ltr'><strong>Romana</strong></span> <span class='ocrx_word' id='word_1_156' title='bbox 928 2658 1120 2728; x_wconf 91' lang='lat' dir='ltr'><strong>procul</strong></span> <span class='ocrx_word' id='word_1_157' title='bbox 1151 2658 1246 2716; x_wconf 90' lang='lat' dir='ltr'><strong>tibi</strong></span> <span class='ocrx_word' id='word_1_158' title='bbox 1280 2662 1499 2717; x_wconf 92' lang='lat' dir='ltr'><strong>nomina</strong></span> <span class='ocrx_word' id='word_1_159' title='bbox 1529 2674 1712 2723; x_wconf 89' lang='lat' dir='ltr'><strong>sunto.</strong></span> 
     </span>
    </p>
   </div>
   <div class='ocr_carea' id='block_1_27' title="bbox 216 2739 1403 2818">
    <p class='ocr_par' dir='ltr' id='par_1_27' title="bbox 216 2739 1403 2818">
     <span class='ocr_line' id='line_1_27' title="bbox 216 2739 1403 2818; baseline 0.011 -25"><span class='ocrx_word' id='word_1_160' title='bbox 216 2739 330 2795; x_wconf 89' lang='lat' dir='ltr'><strong>Illic</strong></span> <span class='ocrx_word' id='word_1_161' title='bbox 354 2756 546 2812; x_wconf 57' lang='lat' dir='ltr'><strong>quaere</strong></span> <span class='ocrx_word' id='word_1_162' title='bbox 571 2743 708 2800; x_wconf 91' lang='lat' dir='ltr'><strong>alios</strong></span> <span class='ocrx_word' id='word_1_163' title='bbox 739 2757 1120 2818; x_wconf 90' lang='lat' dir='ltr'><strong>oppugnatura</strong></span> <span class='ocrx_word' id='word_1_164' title='bbox 1151 2751 1403 2808; x_wconf 88' lang='lat' dir='ltr'><strong>sodales:</strong></span> 
     </span>
    </p>
   </div>
   <div class='ocr_carea' id='block_1_28' title="bbox 215 2832 1620 2916">
    <p class='ocr_par' dir='ltr' id='par_1_28' title="bbox 215 2832 1620 2916">
     <span class='ocr_line' id='line_1_28' title="bbox 215 2832 1620 2916; baseline 0.014 -29"><span class='ocrx_word' id='word_1_165' title='bbox 215 2832 387 2890; x_wconf 83' lang='lat' dir='ltr'><strong>Livor</strong></span> <span class='ocrx_word' id='word_1_166' title='bbox 415 2834 514 2890; x_wconf 85' lang='lat' dir='ltr'><strong>ubi</strong></span> <span class='ocrx_word' id='word_1_167' title='bbox 546 2835 648 2891; x_wconf 90' lang='lat' dir='ltr'><strong>iste</strong></span> <span class='ocrx_word' id='word_1_168' title='bbox 674 2847 817 2906; x_wconf 89' lang='lat' dir='ltr'><strong>tuus,</strong></span> <span class='ocrx_word' id='word_1_169' title='bbox 844 2839 1319 2916; x_wconf 86' lang='lat' dir='ltr'><strong>ferrugineumque</strong></span> <span class='ocrx_word' id='word_1_170' title='bbox 1347 2862 1620 2908; x_wconf 87' lang='lat' dir='ltr'><strong>venenum</strong></span> 
     </span>
    </p>
   </div>
   <div class='ocr_carea' id='block_1_29' title="bbox 215 2927 1367 3006">
    <p class='ocr_par' dir='ltr' id='par_1_29' title="bbox 215 2927 1367 3006">
     <span class='ocr_line' id='line_1_29' title="bbox 215 2927 1367 3006; baseline 0.008 -21"><span class='ocrx_word' id='word_1_171' title='bbox 215 2927 541 2998; x_wconf 87' lang='lat' dir='ltr'><strong>Opportuna</strong></span> <span class='ocrx_word' id='word_1_172' title='bbox 568 2932 677 2986; x_wconf 89' lang='lat' dir='ltr'><strong>tuis</strong></span> <span class='ocrx_word' id='word_1_173' title='bbox 700 2932 944 2991; x_wconf 90' lang='lat' dir='ltr'><strong>inimicat</strong></span> <span class='ocrx_word' id='word_1_174' title='bbox 970 2945 1190 3006; x_wconf 85' lang='lat' dir='ltr'><strong>pectora</strong></span> <span class='ocrx_word' id='word_1_175' title='bbox 1210 2939 1367 2995; x_wconf 92' lang='lat' dir='ltr'><strong>fucis.</strong></span> 
     </span>
    </p>
   </div>
   <div class='ocr_carea' id='block_1_30' title="bbox 216 3021 1781 3106">
    <p class='ocr_par' dir='ltr' id='par_1_30' title="bbox 216 3021 1781 3106">
     <span class='ocr_line' id='line_1_30' title="bbox 216 3021 1781 3106; baseline 0.012 -29"><span class='ocrx_word' id='word_1_176' title='bbox 216 3021 536 3101; x_wconf 84' lang='lat' dir='ltr'><strong>Paulinum,</strong></span> <span class='ocrx_word' id='word_1_177' title='bbox 564 3026 996 3100; x_wconf 89' lang='lat' dir='ltr'><strong>Ausoniumque,</strong></span> <span class='ocrx_word' id='word_1_178' title='bbox 1028 3030 1201 3101; x_wconf 89' lang='lat' dir='ltr'><strong>viros,</strong></span> <span class='ocrx_word' id='word_1_179' title='bbox 1226 3049 1364 3103; x_wconf 91' lang='lat' dir='ltr'><strong>quos</strong></span> <span class='ocrx_word' id='word_1_180' title='bbox 1385 3048 1540 3090; x_wconf 91' lang='lat' dir='ltr'><strong>sacra</strong></span> <span class='ocrx_word' id='word_1_181' title='bbox 1572 3035 1781 3106; x_wconf 86' lang='lat' dir='ltr'><strong>Quirini</strong></span> 
     </span>
    </p>
   </div>
   <div class='ocr_carea' id='block_1_31' title="bbox 212 3113 1576 3199">
    <p class='ocr_par' dir='ltr' id='par_1_31' title="bbox 212 3113 1576 3199">
     <span class='ocr_line' id='line_1_31' title="bbox 212 3113 1576 3199; baseline 0.011 -29"><span class='ocrx_word' id='word_1_182' title='bbox 212 3113 487 3187; x_wconf 91' lang='lat' dir='ltr'><strong>Purpura,</strong></span> <span class='ocrx_word' id='word_1_183' title='bbox 522 3126 579 3172; x_wconf 92' lang='lat' dir='ltr'><strong>et</strong></span> <span class='ocrx_word' id='word_1_184' title='bbox 607 3128 825 3174; x_wconf 89' lang='lat' dir='ltr'><strong>auratus</strong></span> <span class='ocrx_word' id='word_1_185' title='bbox 851 3121 1050 3177; x_wconf 83' lang='lat' dir='ltr'><strong>trabeae</strong></span> <span class='ocrx_word' id='word_1_186' title='bbox 1075 3122 1279 3180; x_wconf 84' lang='lat' dir='ltr'><strong>velavit</strong></span> <span class='ocrx_word' id='word_1_187' title='bbox 1308 3128 1539 3184; x_wconf 84' lang='lat' dir='ltr'><strong>amictus</strong></span> <span class='ocrx_word' id='word_1_188' title='bbox 1558 3172 1576 3199; x_wconf 92' lang='lat'><strong>,</strong></span> 
     </span>
    </p>
   </div>
   <div class='ocr_carea' id='block_1_32' title="bbox 211 3206 1492 3283">
    <p class='ocr_par' dir='ltr' id='par_1_32' title="bbox 211 3206 1492 3283">
     <span class='ocr_line' id='line_1_32' title="bbox 211 3206 1492 3283; baseline 0.01 -21"><span class='ocrx_word' id='word_1_189' title='bbox 211 3206 329 3262; x_wconf 93' lang='lat' dir='ltr'><strong>Non</strong></span> <span class='ocrx_word' id='word_1_190' title='bbox 355 3208 514 3265; x_wconf 89' lang='lat' dir='ltr'><strong>decet</strong></span> <span class='ocrx_word' id='word_1_191' title='bbox 539 3209 761 3266; x_wconf 89' lang='lat' dir='ltr'><strong>insidiis</strong></span> <span class='ocrx_word' id='word_1_192' title='bbox 783 3216 1082 3283; x_wconf 85' lang='lat' dir='ltr'><strong>peregrinae</strong></span> <span class='ocrx_word' id='word_1_193' title='bbox 1112 3217 1309 3273; x_wconf 87' lang='lat' dir='ltr'><strong>cedere</strong></span> <span class='ocrx_word' id='word_1_194' title='bbox 1335 3218 1492 3275; x_wconf 65' lang='lat' dir='ltr'><strong>divae.</strong></span> 
     </span>
    </p>
   </div>
   <div class='ocr_carea' id='block_1_33' title="bbox 210 3301 1679 3378">
    <p class='ocr_par' dir='ltr' id='par_1_33' title="bbox 210 3301 1679 3378">
     <span class='ocr_line' id='line_1_33' title="bbox 210 3301 1679 3378; baseline 0.011 -23"><span class='ocrx_word' id='word_1_195' title='bbox 210 3301 354 3369; x_wconf 83' lang='lat' dir='ltr'><strong>Quid</strong></span> <span class='ocrx_word' id='word_1_196' title='bbox 381 3317 611 3373; x_wconf 89' lang='lat' dir='ltr'><strong>queror,</strong></span> <span class='ocrx_word' id='word_1_197' title='bbox 635 3304 841 3378; x_wconf 90' lang='lat' dir='ltr'><strong>Eoique</strong></span> <span class='ocrx_word' id='word_1_198' title='bbox 867 3307 1109 3364; x_wconf 79' lang='lat' dir='ltr'><strong>insector</strong></span> <span class='ocrx_word' id='word_1_199' title='bbox 1137 3311 1367 3367; x_wconf 91' lang='lat' dir='ltr'><strong>crimina</strong></span> <span class='ocrx_word' id='word_1_200' title='bbox 1410 3313 1679 3371; x_wconf 81' lang='lat' dir='ltr'><strong>monstri?</strong></span> 
     </span>
    </p>
   </div>
   <div class='ocr_carea' id='block_1_34' title="bbox 210 3399 1428 3474">
    <p class='ocr_par' dir='ltr' id='par_1_34' title="bbox 210 3399 1428 3474">
     <span class='ocr_line' id='line_1_34' title="bbox 210 3399 1428 3474; baseline 0.007 -18"><span class='ocrx_word' id='word_1_201' title='bbox 210 3399 439 3456; x_wconf 88' lang='lat' dir='ltr'><strong>Occidui</strong></span> <span class='ocrx_word' id='word_1_202' title='bbox 465 3416 555 3457; x_wconf 90' lang='lat' dir='ltr'><strong>me</strong></span> <span class='ocrx_word' id='word_1_203' title='bbox 585 3402 702 3472; x_wconf 88' lang='lat' dir='ltr'><strong>ripa</strong></span> <span class='ocrx_word' id='word_1_204' title='bbox 741 3402 894 3474; x_wconf 88' lang='lat' dir='ltr'><strong>Tagi,</strong></span> <span class='ocrx_word' id='word_1_205' title='bbox 926 3421 1013 3461; x_wconf 91' lang='lat' dir='ltr'><strong>me</strong></span> <span class='ocrx_word' id='word_1_206' title='bbox 1041 3406 1247 3464; x_wconf 91' lang='lat' dir='ltr'><strong>Punica</strong></span> <span class='ocrx_word' id='word_1_207' title='bbox 1274 3409 1428 3465; x_wconf 75' lang='lat' dir='ltr'><strong>Izedit</strong></span> 
     </span>
    </p>
   </div>
   <div class='ocr_carea' id='block_1_35' title="bbox 213 3493 1583 3576">
    <p class='ocr_par' dir='ltr' id='par_1_35' title="bbox 213 3493 1583 3576">
     <span class='ocr_line' id='line_1_35' title="bbox 213 3493 1583 3576; baseline 0.008 -28"><span class='ocrx_word' id='word_1_208' title='bbox 213 3493 474 3561; x_wconf 89' lang='lat' dir='ltr'><strong>Barcino,</strong></span> <span class='ocrx_word' id='word_1_209' title='bbox 509 3509 599 3549; x_wconf 90' lang='lat' dir='ltr'><strong>mc</strong></span> <span class='ocrx_word' id='word_1_210' title='bbox 632 3495 854 3552; x_wconf 87' lang='lat' dir='ltr'><strong>bimaris</strong></span> <span class='ocrx_word' id='word_1_211' title='bbox 876 3499 1001 3569; x_wconf 79' lang='lat' dir='ltr'><strong>jnga</strong></span> <span class='ocrx_word' id='word_1_212' title='bbox 1032 3499 1283 3570; x_wconf 79' lang='lat' dir='ltr'><strong>ninguida</strong></span> <span class='ocrx_word' id='word_1_213' title='bbox 1316 3503 1583 3576; x_wconf 68' lang='lat' dir='ltr'><strong>Pyrenaei.</strong></span> 
     </span>
    </p>
   </div>
   <div class='ocr_carea' id='block_1_36' title="bbox 212 3587 1659 3671">
    <p class='ocr_par' dir='ltr' id='par_1_36' title="bbox 212 3587 1659 3671">
     <span class='ocr_line' id='line_1_36' title="bbox 212 3587 1659 3671; baseline 0.011 -30"><span class='ocrx_word' id='word_1_214' title='bbox 212 3587 486 3645; x_wconf 62' lang='lat' dir='ltr'><strong>Moenibus</strong></span> <span class='ocrx_word' id='word_1_215' title='bbox 516 3602 547 3644; x_wconf 90' lang='lat' dir='ltr'><strong>e</strong></span> <span class='ocrx_word' id='word_1_216' title='bbox 582 3589 775 3658; x_wconf 92' lang='lat' dir='ltr'><strong>patriis</strong></span> <span class='ocrx_word' id='word_1_217' title='bbox 806 3589 986 3646; x_wconf 90' lang='lat' dir='ltr'><strong>forsan</strong></span> <span class='ocrx_word' id='word_1_218' title='bbox 1019 3609 1235 3664; x_wconf 92' lang='lat' dir='ltr'><strong>quoque</strong></span> <span class='ocrx_word' id='word_1_219' title='bbox 1268 3598 1431 3652; x_wconf 89' lang='lat' dir='ltr'><strong>vestis</strong></span> <span class='ocrx_word' id='word_1_220' title='bbox 1454 3610 1506 3654; x_wconf 90' lang='lat' dir='ltr'><strong>et</strong></span> <span class='ocrx_word' id='word_1_221' title='bbox 1528 3600 1659 3671; x_wconf 87' lang='lat' dir='ltr'><strong>oris,</strong></span> 
     </span>
    </p>
   </div>
   <div class='ocr_carea' id='block_1_37' title="bbox 209 3677 1603 3756">
    <p class='ocr_par' dir='ltr' id='par_1_37' title="bbox 209 3677 1603 3756">
     <span class='ocr_line' id='line_1_37' title="bbox 209 3677 1603 3756; baseline 0.009 -24"><span class='ocrx_word' id='word_1_222' title='bbox 209 3677 501 3750; x_wconf 81' lang='lat' dir='ltr'><strong>Quemque</strong></span> <span class='ocrx_word' id='word_1_223' title='bbox 533 3694 633 3736; x_wconf 90' lang='lat' dir='ltr'><strong>suo</strong></span> <span class='ocrx_word' id='word_1_224' title='bbox 668 3681 826 3753; x_wconf 86' lang='lat' dir='ltr'><strong>longe</strong></span> <span class='ocrx_word' id='word_1_225' title='bbox 865 3683 1083 3740; x_wconf 87' lang='lat' dir='ltr'><strong>dirimat</strong></span> <span class='ocrx_word' id='word_1_226' title='bbox 1115 3687 1396 3756; x_wconf 89' lang='lat' dir='ltr'><strong>provincia</strong></span> <span class='ocrx_word' id='word_1_227' title='bbox 1431 3699 1603 3747; x_wconf 89' lang='lat' dir='ltr'><strong>tractu</strong></span> 
     </span>
    </p>
   </div>
   <div class='ocr_carea' id='block_1_38' title="bbox 207 3771 1815 3853">
    <p class='ocr_par' dir='ltr' id='par_1_38' title="bbox 207 3771 1815 3853">
     <span class='ocr_line' id='line_1_38' title="bbox 207 3771 1815 3853; baseline 0.009 -26"><span class='ocrx_word' id='word_1_228' title='bbox 207 3771 387 3827; x_wconf 83' lang='lat' dir='ltr'><strong>Trans</strong></span> <span class='ocrx_word' id='word_1_229' title='bbox 406 3781 649 3843; x_wconf 86' lang='lat' dir='ltr'><strong>montes,</strong></span> <span class='ocrx_word' id='word_1_230' title='bbox 667 3774 946 3845; x_wconf 86' lang='lat' dir='ltr'><strong>solemque</strong></span> <span class='ocrx_word' id='word_1_231' title='bbox 963 3777 1151 3844; x_wconf 84' lang='lat' dir='ltr'><strong>alium;</strong></span> <span class='ocrx_word' id='word_1_232' title='bbox 1170 3789 1314 3834; x_wconf 88' lang='lat' dir='ltr'><strong>trans</strong></span> <span class='ocrx_word' id='word_1_233' title='bbox 1329 3780 1550 3836; x_wconf 81' lang='lat' dir='ltr'><strong>flumina</strong></span> <span class='ocrx_word' id='word_1_234' title='bbox 1563 3790 1618 3837; x_wconf 90' lang='lat' dir='ltr'><strong>et</strong></span> <span class='ocrx_word' id='word_1_235' title='bbox 1636 3782 1815 3853; x_wconf 86' lang='lat' dir='ltr'><strong>urbes,</strong></span> 
     </span>
    </p>
   </div>
   <div class='ocr_carea' id='block_1_39' title="bbox 209 3864 1508 3940">
    <p class='ocr_par' dir='ltr' id='par_1_39' title="bbox 209 3864 1508 3940">
     <span class='ocr_line' id='line_1_39' title="bbox 209 3864 1508 3940; baseline 0.008 -22"><span class='ocrx_word' id='word_1_236' title='bbox 209 3864 279 3919; x_wconf 88' lang='lat' dir='ltr'><strong>Et</strong></span> <span class='ocrx_word' id='word_1_237' title='bbox 306 3864 457 3937; x_wconf 91' lang='lat' dir='ltr'><strong>quod</strong></span> <span class='ocrx_word' id='word_1_238' title='bbox 482 3873 753 3922; x_wconf 91' lang='lat' dir='ltr'><strong>terrarum</strong></span> <span class='ocrx_word' id='word_1_239' title='bbox 777 3870 1008 3940; x_wconf 86' lang='lat' dir='ltr'><strong>coelique</strong></span> <span class='ocrx_word' id='word_1_240' title='bbox 1025 3872 1336 3929; x_wconf 75' lang='lat' dir='ltr'><strong>extenditur</strong></span> <span class='ocrx_word' id='word_1_241' title='bbox 1365 3874 1508 3932; x_wconf 89' lang='lat' dir='ltr'><strong>inter</strong></span> 
     </span>
    </p>
   </div>
   <div class='ocr_carea' id='block_1_40' title="bbox 210 3958 1594 4037">
    <p class='ocr_par' dir='ltr' id='par_1_40' title="bbox 210 3958 1594 4037">
     <span class='ocr_line' id='line_1_40' title="bbox 210 3958 1594 4037; baseline 0.009 -22"><span class='ocrx_word' id='word_1_242' title='bbox 210 3958 576 4016; x_wconf 87' lang='lat' dir='ltr'><strong>Emeritensis</strong></span> <span class='ocrx_word' id='word_1_243' title='bbox 606 3962 761 4031; x_wconf 67' lang='lat' dir='ltr'><strong>Ante,</strong></span> <span class='ocrx_word' id='word_1_244' title='bbox 798 3963 1030 4037; x_wconf 73' lang='lat' dir='ltr'><strong>latasque</strong></span> <span class='ocrx_word' id='word_1_245' title='bbox 1058 3965 1258 4022; x_wconf 83' lang='lat' dir='ltr'><strong>ﬂuenta</strong></span> <span class='ocrx_word' id='word_1_246' title='bbox 1282 3967 1594 4028; x_wconf 64' lang='lat' dir='ltr'><strong>Garumna).</strong></span> 
     </span>
    </p>
   </div>
   <div class='ocr_carea' id='block_1_41' title="bbox 207 4051 1530 4125">
    <p class='ocr_par' dir='ltr' id='par_1_41' title="bbox 207 4051 1530 4125">
     <span class='ocr_line' id='line_1_41' title="bbox 207 4051 1530 4125; baseline 0.008 -19"><span class='ocrx_word' id='word_1_247' title='bbox 207 4051 369 4120; x_wconf 87' lang='lat' dir='ltr'><strong>Quod</strong></span> <span class='ocrx_word' id='word_1_248' title='bbox 395 4053 441 4107; x_wconf 90' lang='lat' dir='ltr'><strong>si</strong></span> <span class='ocrx_word' id='word_1_249' title='bbox 466 4054 769 4110; x_wconf 88' lang='lat' dir='ltr'><strong>intervallis</strong></span> <span class='ocrx_word' id='word_1_250' title='bbox 797 4057 1032 4125; x_wconf 89' lang='lat' dir='ltr'><strong>spatium</strong></span> <span class='ocrx_word' id='word_1_251' title='bbox 1066 4058 1346 4115; x_wconf 85' lang='lat' dir='ltr'><strong>tolerabile</strong></span> <span class='ocrx_word' id='word_1_252' title='bbox 1374 4056 1530 4119; x_wconf 91' lang='lat' dir='ltr'><strong>limes</strong></span> 
     </span>
    </p>
   </div>
   <div class='ocr_carea' id='block_1_42' title="bbox 208 4144 1681 4228">
    <p class='ocr_par' dir='ltr' id='par_1_42' title="bbox 208 4144 1681 4228">
     <span class='ocr_line' id='line_1_42' title="bbox 208 4144 1681 4228; baseline 0.01 -29"><span class='ocrx_word' id='word_1_253' title='bbox 208 4144 455 4202; x_wconf 88' lang='lat' dir='ltr'><strong>Poneret</strong></span> <span class='ocrx_word' id='word_1_254' title='bbox 483 4144 712 4216; x_wconf 79' lang='lat' dir='ltr'><strong>exiguus</strong></span> <span class='ocrx_word' id='word_1_255' title='bbox 736 4147 1008 4219; x_wconf 86' lang='lat' dir='ltr'><strong>(quamvis</strong></span> <span class='ocrx_word' id='word_1_256' title='bbox 1034 4148 1192 4222; x_wconf 88' lang='lat' dir='ltr'><strong>longa</strong></span> <span class='ocrx_word' id='word_1_257' title='bbox 1223 4153 1403 4208; x_wconf 88' lang='lat' dir='ltr'><strong>omnia</strong></span> <span class='ocrx_word' id='word_1_258' title='bbox 1435 4154 1681 4228; x_wconf 87' lang='lat' dir='ltr'><strong>credant,</strong></span> 
     </span>
    </p>
   </div>
   <div class='ocr_carea' id='block_1_43' title="bbox 208 4236 1823 4323">
    <p class='ocr_par' dir='ltr' id='par_1_43' title="bbox 208 4236 1823 4323">
     <span class='ocr_line' id='line_1_43' title="bbox 208 4236 1823 4323; baseline 0.011 -32"><span class='ocrx_word' id='word_1_259' title='bbox 208 4236 495 4305; x_wconf 85' lang='lat' dir='ltr'><strong>Quisimul</strong></span> <span class='ocrx_word' id='word_1_260' title='bbox 518 4252 639 4293; x_wconf 89' lang='lat' dir='ltr'><strong>esse</strong></span> <span class='ocrx_word' id='word_1_261' title='bbox 652 4238 889 4310; x_wconf 85' lang='lat' dir='ltr'><strong>volunt),</strong></span> <span class='ocrx_word' id='word_1_262' title='bbox 915 4240 1121 4299; x_wconf 89' lang='lat' dir='ltr'><strong>faceret</strong></span> <span class='ocrx_word' id='word_1_263' title='bbox 1144 4252 1323 4301; x_wconf 89' lang='lat' dir='ltr'><strong>tamen</strong></span> <span class='ocrx_word' id='word_1_264' title='bbox 1344 4246 1459 4318; x_wconf 88' lang='lat' dir='ltr'><strong>ipsa</strong></span> <span class='ocrx_word' id='word_1_265' title='bbox 1479 4250 1823 4323; x_wconf 79' lang='lat' dir='ltr'><strong>propinquos</strong></span> 
     </span>
    </p>
   </div>
   <div class='ocr_carea' id='block_1_44' title="bbox 208 4330 1559 4406">
    <p class='ocr_par' dir='ltr' id='par_1_44' title="bbox 208 4330 1559 4406">
     <span class='ocr_line' id='line_1_44' title="bbox 208 4330 1559 4406; baseline 0.009 -19"><span class='ocrx_word' id='word_1_266' title='bbox 208 4330 348 4389; x_wconf 90' lang='lat' dir='ltr'><strong>Cura</strong></span> <span class='ocrx_word' id='word_1_267' title='bbox 381 4334 557 4399; x_wconf 86' lang='lat' dir='ltr'><strong>locos,</strong></span> <span class='ocrx_word' id='word_1_268' title='bbox 589 4334 781 4390; x_wconf 92' lang='lat' dir='ltr'><strong>mediis</strong></span> <span class='ocrx_word' id='word_1_269' title='bbox 805 4335 1039 4406; x_wconf 71' lang='lat' dir='ltr'><strong>iungens</strong></span> <span class='ocrx_word' id='word_1_270' title='bbox 1067 4338 1326 4395; x_wconf 86' lang='lat' dir='ltr'><strong>distantia</strong></span> <span class='ocrx_word' id='word_1_271' title='bbox 1353 4342 1559 4401; x_wconf 84' lang='lat' dir='ltr'><strong>verbis.</strong></span> 
     </span>
    </p>
   </div>
   <div class='ocr_carea' id='block_1_45' title="bbox 205 4426 1757 4511">
    <p class='ocr_par' dir='ltr' id='par_1_45' title="bbox 205 4426 1757 4511">
     <span class='ocr_line' id='line_1_45' title="bbox 205 4426 1757 4511; baseline 0.01 -28"><span class='ocrx_word' id='word_1_272' title='bbox 205 4426 486 4483; x_wconf 87' lang='lat' dir='ltr'><strong>Santonus</strong></span> <span class='ocrx_word' id='word_1_273' title='bbox 514 4435 571 4482; x_wconf 93' lang='lat' dir='ltr'><strong>ut</strong></span> <span class='ocrx_word' id='word_1_274' title='bbox 600 4429 699 4485; x_wconf 87' lang='lat' dir='ltr'><strong>sibi</strong></span> <span class='ocrx_word' id='word_1_275' title='bbox 732 4429 1099 4501; x_wconf 70' lang='lat' dir='ltr'><strong>Burdigalam,</strong></span> <span class='ocrx_word' id='word_1_276' title='bbox 1128 4449 1254 4490; x_wconf 83' lang='lat' dir='ltr'><strong>mox</strong></span> <span class='ocrx_word' id='word_1_277' title='bbox 1283 4434 1459 4508; x_wconf 80' lang='lat' dir='ltr'><strong>jungit</strong></span> <span class='ocrx_word' id='word_1_278' title='bbox 1485 4439 1757 4511; x_wconf 88' lang='lat' dir='ltr'><strong>Aginnum</strong></span> 
     </span>
    </p>
   </div>
   <div class='ocr_carea' id='block_1_46' title="bbox 205 4518 1587 4593">
    <p class='ocr_par' dir='ltr' id='par_1_46' title="bbox 205 4518 1587 4593">
     <span class='ocr_line' id='line_1_46' title="bbox 205 4518 1587 4593; baseline 0.008 -20"><span class='ocrx_word' id='word_1_279' title='bbox 205 4518 304 4574; x_wconf 83' lang='lat' dir='ltr'><strong>Illa</strong></span> <span class='ocrx_word' id='word_1_280' title='bbox 334 4520 438 4575; x_wconf 91' lang='lat' dir='ltr'><strong>sibi</strong></span> <span class='ocrx_word' id='word_1_281' title='bbox 462 4528 518 4575; x_wconf 93' lang='lat' dir='ltr'><strong>et</strong></span> <span class='ocrx_word' id='word_1_282' title='bbox 546 4522 773 4591; x_wconf 86' lang='lat' dir='ltr'><strong>populos</strong></span> <span class='ocrx_word' id='word_1_283' title='bbox 804 4524 1121 4593; x_wconf 83' lang='lat' dir='ltr'><strong>Aquitanica</strong></span> <span class='ocrx_word' id='word_1_284' title='bbox 1149 4541 1273 4582; x_wconf 89' lang='lat' dir='ltr'><strong>rura</strong></span> <span class='ocrx_word' id='word_1_285' title='bbox 1304 4530 1548 4587; x_wconf 87' lang='lat' dir='ltr'><strong>colentes</strong></span> <span class='ocrx_word' id='word_1_286' title='bbox 1573 4549 1587 4584; x_wconf 93' lang='lat'><strong>:</strong></span> 
     </span>
    </p>
   </div>
   <div class='ocr_carea' id='block_1_47' title="bbox 178 4611 1545 4695">
    <p class='ocr_par' dir='ltr' id='par_1_47' title="bbox 178 4611 1545 4695">
     <span class='ocr_line' id='line_1_47' title="bbox 178 4611 1545 4695; baseline 0.01 -28"><span class='ocrx_word' id='word_1_287' title='bbox 178 4660 191 4686; x_wconf 10' lang='grc' dir='ltr'><strong>ὐ.</strong></span> <span class='ocrx_word' id='word_1_288' title='bbox 205 4611 389 4683; x_wconf 90' lang='lat' dir='ltr'><strong>thue</strong></span> <span class='ocrx_word' id='word_1_289' title='bbox 418 4613 620 4685; x_wconf 83' lang='lat' dir='ltr'><strong>duplex</strong></span> <span class='ocrx_word' id='word_1_290' title='bbox 656 4617 864 4683; x_wconf 79' lang='lat' dir='ltr'><strong>Arelas,</strong></span> <span class='ocrx_word' id='word_1_291' title='bbox 900 4619 1106 4689; x_wconf 68' lang='lat' dir='ltr'><strong>Alpinae</strong></span> <span class='ocrx_word' id='word_1_292' title='bbox 1134 4629 1273 4677; x_wconf 88' lang='lat' dir='ltr'><strong>tecta</strong></span> <span class='ocrx_word' id='word_1_293' title='bbox 1300 4622 1545 4695; x_wconf 69' lang='lat' dir='ltr'><strong>Viennae,</strong></span> 
     </span>
    </p>
   </div>
   <div class='ocr_carea' id='block_1_48' title="bbox 204 4703 1667 4781">
    <p class='ocr_par' dir='ltr' id='par_1_48' title="bbox 204 4703 1667 4781">
     <span class='ocr_line' id='line_1_48' title="bbox 204 4703 1667 4781; baseline 0.01 -21"><span class='ocrx_word' id='word_1_294' title='bbox 204 4703 631 4776; x_wconf 84' lang='lat' dir='ltr'><strong>Narbonemque</strong></span> <span class='ocrx_word' id='word_1_295' title='bbox 662 4710 778 4779; x_wconf 90' lang='lat' dir='ltr'><strong>pari</strong></span> <span class='ocrx_word' id='word_1_296' title='bbox 811 4713 987 4781; x_wconf 90' lang='lat' dir='ltr'><strong>spatio</strong></span> <span class='ocrx_word' id='word_1_297' title='bbox 1017 4712 1117 4767; x_wconf 91' lang='lat' dir='ltr'><strong>sibi</strong></span> <span class='ocrx_word' id='word_1_298' title='bbox 1150 4715 1389 4772; x_wconf 89' lang='lat' dir='ltr'><strong>conserit</strong></span> <span class='ocrx_word' id='word_1_299' title='bbox 1416 4733 1430 4771; x_wconf 94' lang='lat'><strong>:</strong></span> <span class='ocrx_word' id='word_1_300' title='bbox 1462 4725 1516 4773; x_wconf 90' lang='lat' dir='ltr'><strong>et</strong></span> <span class='ocrx_word' id='word_1_301' title='bbox 1542 4734 1667 4775; x_wconf 83' lang='lat' dir='ltr'><strong>mox</strong></span> 
     </span>
    </p>
   </div>
   <div class='ocr_carea' id='block_1_49' title="bbox 205 4797 1732 4874">
    <p class='ocr_par' dir='ltr' id='par_1_49' title="bbox 205 4797 1732 4874">
     <span class='ocr_line' id='line_1_49' title="bbox 205 4797 1732 4874; baseline 0.012 -23"><span class='ocrx_word' id='word_1_302' title='bbox 205 4797 624 4868; x_wconf 87' lang='lat' dir='ltr'><strong>Quincuplicem</strong></span> <span class='ocrx_word' id='word_1_303' title='bbox 646 4802 821 4858; x_wconf 89' lang='lat' dir='ltr'><strong>socias</strong></span> <span class='ocrx_word' id='word_1_304' title='bbox 849 4804 963 4871; x_wconf 88' lang='lat' dir='ltr'><strong>tibi,</strong></span> <span class='ocrx_word' id='word_1_305' title='bbox 998 4804 1190 4860; x_wconf 85' lang='lat' dir='ltr'><strong>Martie</strong></span> <span class='ocrx_word' id='word_1_306' title='bbox 1216 4805 1420 4874; x_wconf 88' lang='lat' dir='ltr'><strong>Narbo,</strong></span> <span class='ocrx_word' id='word_1_307' title='bbox 1456 4809 1732 4869; x_wconf 88' lang='lat' dir='ltr'><strong>Tolosam.</strong></span> 
     </span>
    </p>
   </div>
   <div class='ocr_carea' id='block_1_50' title="bbox 205 4891 1532 4974">
    <p class='ocr_par' dir='ltr' id='par_1_50' title="bbox 205 4891 1532 4974">
     <span class='ocr_line' id='line_1_50' title="bbox 205 4891 1532 4974; baseline 0.011 -27"><span class='ocrx_word' id='word_1_308' title='bbox 205 4891 323 4949; x_wconf 29' lang='lat' dir='ltr'><strong>I‘loc</strong></span> <span class='ocrx_word' id='word_1_309' title='bbox 346 4893 481 4948; x_wconf 87' lang='lat' dir='ltr'><strong>mihi</strong></span> <span class='ocrx_word' id='word_1_310' title='bbox 507 4893 551 4948; x_wconf 90' lang='lat' dir='ltr'><strong>si</strong></span> <span class='ocrx_word' id='word_1_311' title='bbox 584 4896 814 4966; x_wconf 87' lang='lat' dir='ltr'><strong>spatium</strong></span> <span class='ocrx_word' id='word_1_312' title='bbox 846 4897 1035 4952; x_wconf 88' lang='lat' dir='ltr'><strong>vicinis</strong></span> <span class='ocrx_word' id='word_1_313' title='bbox 1065 4900 1335 4958; x_wconf 68' lang='lat' dir='ltr'><strong>moenibus</strong></span> <span class='ocrx_word' id='word_1_314' title='bbox 1362 4913 1532 4974; x_wconf 83' lang='lat' dir='ltr'><strong>esset,</strong></span> 
     </span>
    </p>
   </div>
   <div class='ocr_carea' id='block_1_51' title="bbox 205 4982 1766 5064">
    <p class='ocr_par' dir='ltr' id='par_1_51' title="bbox 205 4982 1766 5064">
     <span class='ocr_line' id='line_1_51' title="bbox 205 4982 1766 5064; baseline 0.013 -25"><span class='ocrx_word' id='word_1_315' title='bbox 205 4982 362 5041; x_wconf 84' lang='lat' dir='ltr'><strong>Tunc</strong></span> <span class='ocrx_word' id='word_1_316' title='bbox 392 4998 497 5056; x_wconf 88' lang='lat' dir='ltr'><strong>ego</strong></span> <span class='ocrx_word' id='word_1_317' title='bbox 527 4993 578 5042; x_wconf 92' lang='lat' dir='ltr'><strong>te</strong></span> <span class='ocrx_word' id='word_1_318' title='bbox 601 4995 656 5041; x_wconf 92' lang='lat' dir='ltr'><strong>ut</strong></span> <span class='ocrx_word' id='word_1_319' title='bbox 682 4989 880 5045; x_wconf 80' lang='lat' dir='ltr'><strong>nostris</strong></span> <span class='ocrx_word' id='word_1_320' title='bbox 901 4998 1085 5060; x_wconf 90' lang='lat' dir='ltr'><strong>aptum</strong></span> <span class='ocrx_word' id='word_1_321' title='bbox 1109 4994 1504 5064; x_wconf 87' lang='lat' dir='ltr'><strong>complecterer</strong></span> <span class='ocrx_word' id='word_1_322' title='bbox 1537 4999 1717 5058; x_wconf 91' lang='lat' dir='ltr'><strong>ulnis:</strong></span> <span class='ocrx_word' id='word_1_323' title='bbox 1762 4999 1766 5003; x_wconf 61' lang='grc'><em>“</em></span> 
     </span>
    </p>
   </div>
   <div class='ocr_carea' id='block_1_52' title="bbox 205 5077 1528 5159">
    <p class='ocr_par' dir='ltr' id='par_1_52' title="bbox 205 5077 1528 5159">
     <span class='ocr_line' id='line_1_52' title="bbox 205 5077 1528 5159; baseline 0.008 -25"><span class='ocrx_word' id='word_1_324' title='bbox 205 5077 548 5150; x_wconf 84' lang='lat' dir='ltr'><strong>Affiaretque</strong></span> <span class='ocrx_word' id='word_1_325' title='bbox 576 5089 692 5136; x_wconf 91' lang='lat' dir='ltr'><strong>tuas</strong></span> <span class='ocrx_word' id='word_1_326' title='bbox 720 5096 880 5139; x_wconf 91' lang='lat' dir='ltr'><strong>aures</strong></span> <span class='ocrx_word' id='word_1_327' title='bbox 906 5093 1105 5141; x_wconf 78' lang='lat' dir='ltr'><strong>nostra:</strong></span> <span class='ocrx_word' id='word_1_328' title='bbox 1127 5100 1259 5141; x_wconf 89' lang='lat' dir='ltr'><strong>aura</strong></span> <span class='ocrx_word' id='word_1_329' title='bbox 1279 5088 1528 5159; x_wconf 65' lang='lat' dir='ltr'><strong>loquelae.</strong></span> 
     </span>
    </p>
   </div>
   <div class='ocr_carea' id='block_1_53' title="bbox 202 5170 1641 5258">
    <p class='ocr_par' dir='ltr' id='par_1_53' title="bbox 202 5170 1641 5258">
     <span class='ocr_line' id='line_1_53' title="bbox 202 5170 1641 5258; baseline 0.011 -31"><span class='ocrx_word' id='word_1_330' title='bbox 202 5170 364 5229; x_wconf 82' lang='lat' dir='ltr'><strong>Nunc</strong></span> <span class='ocrx_word' id='word_1_331' title='bbox 394 5172 491 5229; x_wconf 85' lang='lat' dir='ltr'><strong>tibi</strong></span> <span class='ocrx_word' id='word_1_332' title='bbox 522 5180 676 5229; x_wconf 86' lang='lat' dir='ltr'><strong>trans</strong></span> <span class='ocrx_word' id='word_1_333' title='bbox 699 5176 886 5246; x_wconf 82' lang='lat' dir='ltr'><strong>Alpes,</strong></span> <span class='ocrx_word' id='word_1_334' title='bbox 919 5190 973 5234; x_wconf 92' lang='lat' dir='ltr'><strong>et</strong></span> <span class='ocrx_word' id='word_1_335' title='bbox 999 5196 1359 5238; x_wconf 89' lang='lat' dir='ltr'><strong>marmoream</strong></span> <span class='ocrx_word' id='word_1_336' title='bbox 1389 5184 1641 5258; x_wconf 87' lang='lat' dir='ltr'><strong>Pyrenen</strong></span> 
     </span>
    </p>
   </div>
   <div class='ocr_carea' id='block_1_54' title="bbox 205 5264 1740 5350">
    <p class='ocr_par' dir='ltr' id='par_1_54' title="bbox 205 5264 1740 5350">
     <span class='ocr_line' id='line_1_54' title="bbox 205 5264 1740 5350; baseline 0.012 -31"><span class='ocrx_word' id='word_1_337' title='bbox 205 5264 479 5321; x_wconf 73' lang='lat' dir='ltr'><strong>Caesarea:</strong></span> <span class='ocrx_word' id='word_1_338' title='bbox 508 5264 763 5336; x_wconf 62' lang='lat' dir='ltr'><strong>Augustae</strong></span> <span class='ocrx_word' id='word_1_339' title='bbox 792 5268 983 5327; x_wconf 88' lang='lat' dir='ltr'><strong>domus</strong></span> <span class='ocrx_word' id='word_1_340' title='bbox 1012 5281 1118 5328; x_wconf 89' lang='lat' dir='ltr'><strong>est.</strong></span> <span class='ocrx_word' id='word_1_341' title='bbox 1159 5273 1493 5347; x_wconf 89' lang='lat' dir='ltr'><strong>Tyrrhenica</strong></span> <span class='ocrx_word' id='word_1_342' title='bbox 1520 5289 1740 5350; x_wconf 87' lang='lat' dir='ltr'><strong>propter</strong></span> 
     </span>
    </p>
   </div>
   <div class='ocr_carea' id='block_1_55' title="bbox 207 5357 1696 5443">
    <p class='ocr_par' dir='ltr' id='par_1_55' title="bbox 207 5357 1696 5443">
     <span class='ocr_line' id='line_1_55' title="bbox 207 5357 1696 5443; baseline 0.009 -30"><span class='ocrx_word' id='word_1_343' title='bbox 207 5357 471 5426; x_wconf 88' lang='lat' dir='ltr'><strong>Tarraco,</strong></span> <span class='ocrx_word' id='word_1_344' title='bbox 503 5367 559 5414; x_wconf 92' lang='lat' dir='ltr'><strong>et</strong></span> <span class='ocrx_word' id='word_1_345' title='bbox 586 5359 838 5416; x_wconf 89' lang='lat' dir='ltr'><strong>ostrifero</strong></span> <span class='ocrx_word' id='word_1_346' title='bbox 867 5365 1217 5433; x_wconf 90' lang='lat' dir='ltr'><strong>superaddita</strong></span> <span class='ocrx_word' id='word_1_347' title='bbox 1246 5368 1475 5426; x_wconf 86' lang='lat' dir='ltr'><strong>Barcino</strong></span> <span class='ocrx_word' id='word_1_348' title='bbox 1510 5382 1696 5443; x_wconf 90' lang='lat' dir='ltr'><strong>ponto.</strong></span> 
     </span>
    </p>
   </div>
   <div class='ocr_carea' id='block_1_56' title="bbox 204 5448 1516 5523">
    <p class='ocr_par' dir='ltr' id='par_1_56' title="bbox 204 5448 1516 5523">
     <span class='ocr_line' id='line_1_56' title="bbox 204 5448 1516 5523; baseline 0.012 -18"><span class='ocrx_word' id='word_1_349' title='bbox 204 5448 292 5505; x_wconf 83' lang='lat' dir='ltr'><strong>Me</strong></span> <span class='ocrx_word' id='word_1_350' title='bbox 313 5450 442 5520; x_wconf 88' lang='lat' dir='ltr'><strong>juga</strong></span> <span class='ocrx_word' id='word_1_351' title='bbox 470 5449 794 5523; x_wconf 65' lang='lat' dir='ltr'><strong>Burdigalae,</strong></span> <span class='ocrx_word' id='word_1_352' title='bbox 838 5455 981 5511; x_wconf 92' lang='lat' dir='ltr'><strong>trino</strong></span> <span class='ocrx_word' id='word_1_353' title='bbox 1005 5473 1090 5514; x_wconf 90' lang='lat' dir='ltr'><strong>me</strong></span> <span class='ocrx_word' id='word_1_354' title='bbox 1120 5460 1344 5519; x_wconf 86' lang='lat' dir='ltr'><strong>flumina</strong></span> <span class='ocrx_word' id='word_1_355' title='bbox 1371 5473 1516 5522; x_wconf 62' lang='lat' dir='ltr'><strong>cuitu</strong></span> 
     </span>
    </p>
   </div>
   <div class='ocr_carea' id='block_1_57' title="bbox 209 5536 1554 5623">
    <p class='ocr_par' dir='ltr' id='par_1_57' title="bbox 209 5536 1554 5623">
     <span class='ocr_line' id='line_1_57' title="bbox 209 5536 1554 5623; baseline 0.013 -26"><span class='ocrx_word' id='word_1_356' title='bbox 209 5536 521 5609; x_wconf 77' lang='lat' dir='ltr'><strong>Secelount</strong></span> <span class='ocrx_word' id='word_1_357' title='bbox 547 5544 721 5601; x_wconf 87' lang='lat' dir='ltr'><strong>turbis</strong></span> <span class='ocrx_word' id='word_1_358' title='bbox 742 5547 1096 5618; x_wconf 85' lang='lat' dir='ltr'><strong>popularibus</strong></span> <span class='ocrx_word' id='word_1_359' title='bbox 1121 5570 1133 5604; x_wconf 91' lang='lat'><strong>:</strong></span> <span class='ocrx_word' id='word_1_360' title='bbox 1164 5553 1383 5623; x_wconf 79' lang='lat' dir='ltr'><strong>otiaque</strong></span> <span class='ocrx_word' id='word_1_361' title='bbox 1414 5557 1554 5617; x_wconf 75' lang='lat' dir='ltr'><strong>inter</strong></span> 
     </span>
    </p>
   </div>
   <div class='ocr_carea' id='block_1_58' title="bbox 207 5634 1509 5714">
    <p class='ocr_par' dir='ltr' id='par_1_58' title="bbox 207 5634 1509 5714">
     <span class='ocr_line' id='line_1_58' title="bbox 207 5634 1509 5714; baseline 0.012 -24"><span class='ocrx_word' id='word_1_362' title='bbox 207 5634 431 5692; x_wconf 69' lang='lat' dir='ltr'><strong>Vitiferi</strong></span> <span class='ocrx_word' id='word_1_363' title='bbox 458 5648 715 5693; x_wconf 77' lang='lat' dir='ltr'><strong>exercent</strong></span> <span class='ocrx_word' id='word_1_364' title='bbox 742 5640 931 5706; x_wconf 87' lang='lat' dir='ltr'><strong>colles,</strong></span> <span class='ocrx_word' id='word_1_365' title='bbox 964 5641 1265 5714; x_wconf 66' lang='lat' dir='ltr'><strong>laetumque</strong></span> <span class='ocrx_word' id='word_1_366' title='bbox 1288 5648 1509 5706; x_wconf 89' lang='lat' dir='ltr'><strong>colonis</strong></span> 
     </span>
    </p>
   </div>
   <div class='ocr_carea' id='block_1_59' title="bbox 210 5725 1727 5806">
    <p class='ocr_par' dir='ltr' id='par_1_59' title="bbox 210 5725 1727 5806">
     <span class='ocr_line' id='line_1_59' title="bbox 210 5725 1727 5806; baseline 0.013 -22"><span class='ocrx_word' id='word_1_367' title='bbox 210 5725 363 5784; x_wconf 85' lang='lat' dir='ltr'><strong>Uber</strong></span> <span class='ocrx_word' id='word_1_368' title='bbox 383 5730 523 5799; x_wconf 91' lang='lat' dir='ltr'><strong>agri,</strong></span> <span class='ocrx_word' id='word_1_369' title='bbox 551 5738 661 5784; x_wconf 89' lang='lat' dir='ltr'><strong>tum</strong></span> <span class='ocrx_word' id='word_1_370' title='bbox 696 5741 851 5800; x_wconf 88' lang='lat' dir='ltr'><strong>prata</strong></span> <span class='ocrx_word' id='word_1_371' title='bbox 873 5732 1128 5800; x_wconf 87' lang='lat' dir='ltr'><strong>virentia,</strong></span> <span class='ocrx_word' id='word_1_372' title='bbox 1154 5743 1268 5791; x_wconf 89' lang='lat' dir='ltr'><strong>tum</strong></span> <span class='ocrx_word' id='word_1_373' title='bbox 1290 5753 1481 5797; x_wconf 89' lang='lat' dir='ltr'><strong>nemus</strong></span> <span class='ocrx_word' id='word_1_374' title='bbox 1506 5744 1727 5806; x_wconf 73' lang='lat' dir='ltr'><strong>umbris.</strong></span> 
     </span>
    </p>
   </div>
   <div class='ocr_carea' id='block_1_60' title="bbox 206 5815 1659 5914">
    <p class='ocr_par' dir='ltr' id='par_1_60' title="bbox 206 5815 1659 5914">
     <span class='ocr_line' id='line_1_60' title="bbox 206 5815 1659 5914; baseline 0.01 -37"><span class='ocrx_word' id='word_1_375' title='bbox 206 5815 523 5890; x_wconf 66' lang='lat' dir='ltr'><strong>nobilibus,</strong></span> <span class='ocrx_word' id='word_1_376' title='bbox 548 5816 858 5893; x_wconf 85' lang='lat' dir='ltr'><strong>celebrique</strong></span> <span class='ocrx_word' id='word_1_377' title='bbox 884 5820 1143 5896; x_wconf 82' lang='lat' dir='ltr'><strong>frequens</strong></span> <span class='ocrx_word' id='word_1_378' title='bbox 1174 5825 1407 5889; x_wconf 77' lang='lat' dir='ltr'><strong>ecclesia</strong></span> <span class='ocrx_word' id='word_1_379' title='bbox 1437 5834 1599 5899; x_wconf 72' lang='lat' dir='ltr'><strong>vico;</strong></span> <span class='ocrx_word' id='word_1_380' title='bbox 1644 5908 1659 5914; x_wconf 97' lang='lat'>_</span> 
     </span>
    </p>
   </div>
   <div class='ocr_carea' id='block_1_61' title="bbox 1710 282 2137 369">
    <p class='ocr_par' dir='ltr' id='par_1_61' title="bbox 1710 282 2137 369">
     <span class='ocr_line' id='line_1_61' title="bbox 1710 282 2137 369; baseline 0.005 -4"><span class='ocrx_word' id='word_1_381' title='bbox 1710 282 2091 369; x_wconf 67' lang='lat' dir='ltr'><strong>EPIS‘I‘DLAI.</strong></span> <span class='ocrx_word' id='word_1_382' title='bbox 2120 324 2137 338; x_wconf 68' lang='grc' dir='ltr'>ι</span> 
     </span>
    </p>
   </div>
   <div class='ocr_carea' id='block_1_62' title="bbox 1876 428 3486 511">
    <p class='ocr_par' dir='ltr' id='par_1_62' title="bbox 1876 428 3486 511">
     <span class='ocr_line' id='line_1_62' title="bbox 1876 428 3486 511; baseline 0.003 -22"><span class='ocrx_word' id='word_1_383' title='bbox 1876 428 1928 489; x_wconf 78' lang='grc' dir='ltr'><strong>Δ</strong></span> <span class='ocrx_word' id='word_1_384' title='bbox 1954 428 2170 500; x_wconf 85' lang='lat' dir='ltr'><strong>Totque</strong></span> <span class='ocrx_word' id='word_1_385' title='bbox 2199 443 2318 488; x_wconf 86' lang='lat' dir='ltr'><strong>mea</strong></span> <span class='ocrx_word' id='word_1_386' title='bbox 2346 433 2400 488; x_wconf 90' lang='lat' dir='ltr'><strong>in</strong></span> <span class='ocrx_word' id='word_1_387' title='bbox 2423 432 2635 491; x_wconf 82' lang='lat' dir='ltr'><strong>Novero</strong></span> <span class='ocrx_word' id='word_1_388' title='bbox 2660 436 2762 494; x_wconf 90' lang='lat' dir='ltr'><strong>sibi</strong></span> <span class='ocrx_word' id='word_1_389' title='bbox 2795 436 3046 509; x_wconf 75' lang='lat' dir='ltr'><strong>proxima</strong></span> <span class='ocrx_word' id='word_1_390' title='bbox 3072 436 3277 509; x_wconf 70' lang='lat' dir='ltr'><strong>praedia</strong></span> <span class='ocrx_word' id='word_1_391' title='bbox 3304 438 3486 511; x_wconf 80' lang='lat' dir='ltr'><strong>pago,‘</strong></span> 
     </span>
    </p>
   </div>
   <div class='ocr_carea' id='block_1_63' title="bbox 1957 521 3320 600">
    <p class='ocr_par' dir='ltr' id='par_1_63' title="bbox 1957 521 3320 600">
     <span class='ocr_line' id='line_1_63' title="bbox 1957 521 3320 600; baseline 0.008 -23"><span class='ocrx_word' id='word_1_392' title='bbox 1957 521 2243 592; x_wconf 88' lang='lat' dir='ltr'><strong>Dispositis</strong></span> <span class='ocrx_word' id='word_1_393' title='bbox 2273 532 2448 583; x_wconf 90' lang='lat' dir='ltr'><strong>totum</strong></span> <span class='ocrx_word' id='word_1_394' title='bbox 2476 528 2684 586; x_wconf 81' lang='lat' dir='ltr'><strong>vicibus</strong></span> <span class='ocrx_word' id='word_1_395' title='bbox 2713 530 2916 586; x_wconf 87' lang='lat' dir='ltr'><strong>variata</strong></span> <span class='ocrx_word' id='word_1_396' title='bbox 2953 544 3049 600; x_wconf 89' lang='lat' dir='ltr'><strong>per</strong></span> <span class='ocrx_word' id='word_1_397' title='bbox 3076 542 3277 587; x_wconf 88' lang='lat' dir='ltr'><strong>annum</strong></span> <span class='ocrx_word' id='word_1_398' title='bbox 3303 547 3320 589; x_wconf 91' lang='lat'><strong>:</strong></span> 
     </span>
    </p>
   </div>
   <div class='ocr_carea' id='block_1_64' title="bbox 1957 612 3466 695">
    <p class='ocr_par' dir='ltr' id='par_1_64' title="bbox 1957 612 3466 695">
     <span class='ocr_line' id='line_1_64' title="bbox 1957 612 3466 695; baseline 0.007 -27"><span class='ocrx_word' id='word_1_399' title='bbox 1957 612 2197 686; x_wconf 83' lang='lat' dir='ltr'><strong>Egelidae</strong></span> <span class='ocrx_word' id='word_1_400' title='bbox 2224 623 2284 672; x_wconf 92' lang='lat' dir='ltr'><strong>ut</strong></span> <span class='ocrx_word' id='word_1_401' title='bbox 2315 627 2530 690; x_wconf 88' lang='lat' dir='ltr'><strong>tepeant</strong></span> <span class='ocrx_word' id='word_1_402' title='bbox 2563 618 2791 691; x_wconf 80' lang='lat' dir='ltr'><strong>hiemes,</strong></span> <span class='ocrx_word' id='word_1_403' title='bbox 2824 620 3148 695; x_wconf 80' lang='lat' dir='ltr'><strong>rabidosque</strong></span> <span class='ocrx_word' id='word_1_404' title='bbox 3173 638 3271 695; x_wconf 88' lang='lat' dir='ltr'><strong>per</strong></span> <span class='ocrx_word' id='word_1_405' title='bbox 3298 632 3466 680; x_wconf 66' lang='lat' dir='ltr'><strong>aestus</strong></span> 
     </span>
    </p>
   </div>
   <div class='ocr_carea' id='block_1_65' title="bbox 1954 708 3201 789">
    <p class='ocr_par' dir='ltr' id='par_1_65' title="bbox 1954 708 3201 789">
     <span class='ocr_line' id='line_1_65' title="bbox 1954 708 3201 789; baseline 0.009 -26"><span class='ocrx_word' id='word_1_406' title='bbox 1954 708 2212 779; x_wconf 91' lang='lat' dir='ltr'><strong>Aspirent</strong></span> <span class='ocrx_word' id='word_1_407' title='bbox 2238 718 2426 768; x_wconf 89' lang='lat' dir='ltr'><strong>tenues</strong></span> <span class='ocrx_word' id='word_1_408' title='bbox 2451 713 2621 787; x_wconf 88' lang='lat' dir='ltr'><strong>frigus</strong></span> <span class='ocrx_word' id='word_1_409' title='bbox 2645 716 2843 773; x_wconf 84' lang='lat' dir='ltr'><strong>subtile</strong></span> <span class='ocrx_word' id='word_1_410' title='bbox 2874 718 3159 789; x_wconf 85' lang='lat' dir='ltr'><strong>aquilones</strong></span> <span class='ocrx_word' id='word_1_411' title='bbox 3186 735 3201 774; x_wconf 87' lang='lat'><strong>:</strong></span> 
     </span>
    </p>
   </div>
   <div class='ocr_carea' id='block_1_66' title="bbox 1954 800 3365 879">
    <p class='ocr_par' dir='ltr' id='par_1_66' title="bbox 1954 800 3365 879">
     <span class='ocr_line' id='line_1_66' title="bbox 1954 800 3365 879; baseline 0.007 -22"><span class='ocrx_word' id='word_1_412' title='bbox 1954 800 2034 857; x_wconf 90' lang='lat' dir='ltr'><strong>Te</strong></span> <span class='ocrx_word' id='word_1_413' title='bbox 2062 801 2182 859; x_wconf 89' lang='lat' dir='ltr'><strong>sine</strong></span> <span class='ocrx_word' id='word_1_414' title='bbox 2208 803 2303 859; x_wconf 89' lang='lat' dir='ltr'><strong>sed</strong></span> <span class='ocrx_word' id='word_1_415' title='bbox 2334 804 2514 861; x_wconf 88' lang='lat' dir='ltr'><strong>nullus</strong></span> <span class='ocrx_word' id='word_1_416' title='bbox 2540 816 2689 876; x_wconf 88' lang='lat' dir='ltr'><strong>grata</strong></span> <span class='ocrx_word' id='word_1_417' title='bbox 2719 811 2836 866; x_wconf 85' lang='lat' dir='ltr'><strong>vice</strong></span> <span class='ocrx_word' id='word_1_418' title='bbox 2866 813 3119 879; x_wconf 81' lang='lat' dir='ltr'><strong>provenit</strong></span> <span class='ocrx_word' id='word_1_419' title='bbox 3147 822 3365 877; x_wconf 84' lang='lat' dir='ltr'><strong>annus;</strong></span> 
     </span>
    </p>
   </div>
   <div class='ocr_carea' id='block_1_67' title="bbox 1957 893 3458 973">
    <p class='ocr_par' dir='ltr' id='par_1_67' title="bbox 1957 893 3458 973">
     <span class='ocr_line' id='line_1_67' title="bbox 1957 893 3458 973; baseline 0.007 -24"><span class='ocrx_word' id='word_1_420' title='bbox 1957 893 2067 951; x_wconf 84' lang='lat' dir='ltr'><strong>Ver</strong></span> <span class='ocrx_word' id='word_1_421' title='bbox 2087 896 2325 966; x_wconf 87' lang='lat' dir='ltr'><strong>pluvium</strong></span> <span class='ocrx_word' id='word_1_422' title='bbox 2347 898 2469 955; x_wconf 84' lang='lat' dir='ltr'><strong>sine</strong></span> <span class='ocrx_word' id='word_1_423' title='bbox 2494 896 2629 956; x_wconf 83' lang='lat' dir='ltr'><strong>ﬂore</strong></span> <span class='ocrx_word' id='word_1_424' title='bbox 2661 901 2831 973; x_wconf 85' lang='lat' dir='ltr'><strong>fugit;</strong></span> <span class='ocrx_word' id='word_1_425' title='bbox 2865 904 3015 959; x_wconf 87' lang='lat' dir='ltr'><strong>canis</strong></span> <span class='ocrx_word' id='word_1_426' title='bbox 3044 903 3255 961; x_wconf 63' lang='lat' dir='ltr'><strong>mstifer</strong></span> <span class='ocrx_word' id='word_1_427' title='bbox 3273 904 3458 971; x_wconf 83' lang='lat' dir='ltr'><strong>ardet;</strong></span> 
     </span>
    </p>
   </div>
   <div class='ocr_carea' id='block_1_68' title="bbox 1953 984 3233 1068">
    <p class='ocr_par' dir='ltr' id='par_1_68' title="bbox 1953 984 3233 1068">
     <span class='ocr_line' id='line_1_68' title="bbox 1953 984 3233 1068; baseline 0.011 -28"><span class='ocrx_word' id='word_1_428' title='bbox 1953 984 2107 1042; x_wconf 91' lang='lat' dir='ltr'><strong>Nulla</strong></span> <span class='ocrx_word' id='word_1_429' title='bbox 2138 985 2482 1046; x_wconf 76' lang='lat' dir='ltr'><strong>autumnales</strong></span> <span class='ocrx_word' id='word_1_430' title='bbox 2514 991 2685 1048; x_wconf 84' lang='lat' dir='ltr'><strong>variat</strong></span> <span class='ocrx_word' id='word_1_431' title='bbox 2711 993 2947 1051; x_wconf 85' lang='lat' dir='ltr'><strong>Pomona</strong></span> <span class='ocrx_word' id='word_1_432' title='bbox 2977 988 3233 1068; x_wconf 69' lang='lat' dir='ltr'><strong>saporcsi</strong></span> 
     </span>
    </p>
   </div>
   <div class='ocr_carea' id='block_1_69' title="bbox 1953 1076 3316 1158">
    <p class='ocr_par' dir='ltr' id='par_1_69' title="bbox 1953 1076 3316 1158">
     <span class='ocr_line' id='line_1_69' title="bbox 1953 1076 3316 1158; baseline 0.01 -27"><span class='ocrx_word' id='word_1_433' title='bbox 1953 1076 2248 1147; x_wconf 84' lang='lat' dir='ltr'><strong>Efi‘usaque</strong></span> <span class='ocrx_word' id='word_1_434' title='bbox 2280 1082 2512 1138; x_wconf 85' lang='lat' dir='ltr'><strong>hiemem</strong></span> <span class='ocrx_word' id='word_1_435' title='bbox 2546 1085 2830 1141; x_wconf 85' lang='lat' dir='ltr'><strong>contristat</strong></span> <span class='ocrx_word' id='word_1_436' title='bbox 2855 1085 3123 1158; x_wconf 87' lang='lat' dir='ltr'><strong>Aquarius</strong></span> <span class='ocrx_word' id='word_1_437' title='bbox 3153 1090 3316 1146; x_wconf 88' lang='lat' dir='ltr'><strong>unda.</strong></span> 
     </span>
    </p>
   </div>
   <div class='ocr_carea' id='block_1_70' title="bbox 1950 1170 3326 1254">
    <p class='ocr_par' dir='ltr' id='par_1_70' title="bbox 1950 1170 3326 1254">
     <span class='ocr_line' id='line_1_70' title="bbox 1950 1170 3326 1254; baseline 0.008 -29"><span class='ocrx_word' id='word_1_438' title='bbox 1950 1170 2287 1242; x_wconf 87' lang='lat' dir='ltr'><strong>Agnoscisne</strong></span> <span class='ocrx_word' id='word_1_439' title='bbox 2311 1182 2480 1244; x_wconf 90' lang='lat' dir='ltr'><strong>tuam,</strong></span> <span class='ocrx_word' id='word_1_440' title='bbox 2507 1173 2667 1232; x_wconf 85' lang='lat' dir='ltr'><strong>Ponti</strong></span> <span class='ocrx_word' id='word_1_441' title='bbox 2699 1177 3032 1249; x_wconf 86' lang='lat' dir='ltr'><strong>dulcissime,</strong></span> <span class='ocrx_word' id='word_1_442' title='bbox 3064 1183 3278 1254; x_wconf 85' lang='lat' dir='ltr'><strong>culpam</strong></span> <span class='ocrx_word' id='word_1_443' title='bbox 3299 1183 3326 1236; x_wconf 69' lang='lat'><strong><em>2</em></strong></span> 
     </span>
    </p>
   </div>
   <div class='ocr_carea' id='block_1_71' title="bbox 1947 1259 3449 1350">
    <p class='ocr_par' dir='ltr' id='par_1_71' title="bbox 1947 1259 3449 1350">
     <span class='ocr_line' id='line_1_71' title="bbox 1947 1259 3449 1350; baseline 0.012 -34"><span class='ocrx_word' id='word_1_444' title='bbox 1947 1259 2081 1318; x_wconf 88' lang='lat' dir='ltr'><strong>Nam</strong></span> <span class='ocrx_word' id='word_1_445' title='bbox 2113 1264 2243 1320; x_wconf 88' lang='lat' dir='ltr'><strong>mihi</strong></span> <span class='ocrx_word' id='word_1_446' title='bbox 2275 1276 2425 1323; x_wconf 90' lang='lat' dir='ltr'><strong>certa</strong></span> <span class='ocrx_word' id='word_1_447' title='bbox 2447 1264 2603 1337; x_wconf 83' lang='lat' dir='ltr'><strong>fides,</strong></span> <span class='ocrx_word' id='word_1_448' title='bbox 2634 1284 2735 1326; x_wconf 90' lang='lat' dir='ltr'><strong>nec</strong></span> <span class='ocrx_word' id='word_1_449' title='bbox 2765 1274 3166 1331; x_wconf 81' lang='lat' dir='ltr'><strong>commutabilis</strong></span> <span class='ocrx_word' id='word_1_450' title='bbox 3195 1288 3449 1350; x_wconf 86' lang='lat' dir='ltr'><strong>umquam</strong></span> 
     </span>
    </p>
   </div>
   <div class='ocr_carea' id='block_1_72' title="bbox 1947 1353 3110 1422">
    <p class='ocr_par' dir='ltr' id='par_1_72' title="bbox 1947 1353 3110 1422">
     <span class='ocr_line' id='line_1_72' title="bbox 1947 1353 3110 1422; baseline 0.009 -13"><span class='ocrx_word' id='word_1_451' title='bbox 1947 1353 2159 1410; x_wconf 88' lang='lat' dir='ltr'><strong>Paulini</strong></span> <span class='ocrx_word' id='word_1_452' title='bbox 2188 1357 2330 1414; x_wconf 89' lang='lat' dir='ltr'><strong>illius</strong></span> <span class='ocrx_word' id='word_1_453' title='bbox 2358 1360 2562 1416; x_wconf 85' lang='lat' dir='ltr'><strong>veteris</strong></span> <span class='ocrx_word' id='word_1_454' title='bbox 2591 1366 2894 1419; x_wconf 81' lang='lat' dir='ltr'><strong>reverentia</strong></span> <span class='ocrx_word' id='word_1_455' title='bbox 2917 1365 3110 1422; x_wconf 87' lang='lat' dir='ltr'><strong>durat:</strong></span> 
     </span>
    </p>
   </div>
   <div class='ocr_carea' id='block_1_73' title="bbox 1946 1444 3408 1532">
    <p class='ocr_par' dir='ltr' id='par_1_73' title="bbox 1946 1444 3408 1532">
     <span class='ocr_line' id='line_1_73' title="bbox 1946 1444 3408 1532; baseline 0.01 -32"><span class='ocrx_word' id='word_1_456' title='bbox 1946 1444 2191 1518; x_wconf 63' lang='lat' dir='ltr'><strong>Quaeque</strong></span> <span class='ocrx_word' id='word_1_457' title='bbox 2219 1463 2365 1519; x_wconf 89' lang='lat' dir='ltr'><strong>meo,</strong></span> <span class='ocrx_word' id='word_1_458' title='bbox 2406 1456 2572 1521; x_wconf 87' lang='lat' dir='ltr'><strong>atque</strong></span> <span class='ocrx_word' id='word_1_459' title='bbox 2601 1462 2697 1508; x_wconf 91' lang='lat' dir='ltr'><strong>tuo</strong></span> <span class='ocrx_word' id='word_1_460' title='bbox 2724 1454 2899 1510; x_wconf 86' lang='lat' dir='ltr'><strong>fuerat</strong></span> <span class='ocrx_word' id='word_1_461' title='bbox 2924 1458 3218 1514; x_wconf 84' lang='lat' dir='ltr'><strong>concordia</strong></span> <span class='ocrx_word' id='word_1_462' title='bbox 3246 1462 3408 1532; x_wconf 84' lang='lat' dir='ltr'><strong>patri.</strong></span> 
     </span>
    </p>
   </div>
   <div class='ocr_carea' id='block_1_74' title="bbox 1945 1536 3279 1625">
    <p class='ocr_par' dir='ltr' id='par_1_74' title="bbox 1945 1536 3279 1625">
     <span class='ocr_line' id='line_1_74' title="bbox 1945 1536 3279 1625; baseline 0.012 -27"><span class='ocrx_word' id='word_1_463' title='bbox 1945 1541 2002 1598; x_wconf 92' lang='lat' dir='ltr'><strong>Si</strong></span> <span class='ocrx_word' id='word_1_464' title='bbox 2029 1542 2178 1599; x_wconf 90' lang='lat' dir='ltr'><strong>tendi</strong></span> <span class='ocrx_word' id='word_1_465' title='bbox 2203 1543 2375 1601; x_wconf 86' lang='lat' dir='ltr'><strong>facilis</strong></span> <span class='ocrx_word' id='word_1_466' title='bbox 2396 1548 2646 1618; x_wconf 77' lang='lat' dir='ltr'><strong>cuiquam</strong></span> <span class='ocrx_word' id='word_1_467' title='bbox 2680 1548 2782 1605; x_wconf 83' lang='lat' dir='ltr'><strong>fuit</strong></span> <span class='ocrx_word' id='word_1_468' title='bbox 2805 1560 2961 1608; x_wconf 82' lang='lat' dir='ltr'><strong>arcus</strong></span> <span class='ocrx_word' id='word_1_469' title='bbox 2991 1553 3193 1625; x_wconf 80' lang='lat' dir='ltr'><strong>Ulixei,</strong></span> <span class='ocrx_word' id='word_1_470' title='bbox 3268 1536 3279 1564; x_wconf 72' lang='grc'><strong><em>⁸</em></strong></span> 
     </span>
    </p>
   </div>
   <div class='ocr_carea' id='block_1_75' title="bbox 1946 1635 3377 1715">
    <p class='ocr_par' dir='ltr' id='par_1_75' title="bbox 1946 1635 3377 1715">
     <span class='ocr_line' id='line_1_75' title="bbox 1946 1635 3377 1715; baseline 0.011 -27"><span class='ocrx_word' id='word_1_471' title='bbox 1946 1635 2055 1689; x_wconf 90' lang='lat' dir='ltr'><strong>Aut</strong></span> <span class='ocrx_word' id='word_1_472' title='bbox 2080 1645 2279 1705; x_wconf 74' lang='lat' dir='ltr'><strong>praeter</strong></span> <span class='ocrx_word' id='word_1_473' title='bbox 2307 1636 2585 1695; x_wconf 87' lang='lat' dir='ltr'><strong>dominum</strong></span> <span class='ocrx_word' id='word_1_474' title='bbox 2617 1640 2901 1699; x_wconf 88' lang='lat' dir='ltr'><strong>vibrabilis</strong></span> <span class='ocrx_word' id='word_1_475' title='bbox 2928 1658 3096 1701; x_wconf 84' lang='lat' dir='ltr'><strong>ornus</strong></span> <span class='ocrx_word' id='word_1_476' title='bbox 3121 1644 3377 1715; x_wconf 76' lang='lat' dir='ltr'><strong>Achillei,</strong></span> 
     </span>
    </p>
   </div>
   <div class='ocr_carea' id='block_1_76' title="bbox 1944 1724 3453 1803">
    <p class='ocr_par' dir='ltr' id='par_1_76' title="bbox 1944 1724 3453 1803">
     <span class='ocr_line' id='line_1_76' title="bbox 1944 1724 3453 1803; baseline 0.009 -24"><span class='ocrx_word' id='word_1_477' title='bbox 1944 1724 2055 1781; x_wconf 87' lang='lat' dir='ltr'><strong>Nos</strong></span> <span class='ocrx_word' id='word_1_478' title='bbox 2078 1742 2296 1797; x_wconf 90' lang='lat' dir='ltr'><strong>quoque</strong></span> <span class='ocrx_word' id='word_1_479' title='bbox 2322 1737 2433 1784; x_wconf 90' lang='lat' dir='ltr'><strong>tam</strong></span> <span class='ocrx_word' id='word_1_480' title='bbox 2460 1731 2624 1803; x_wconf 88' lang='lat' dir='ltr'><strong>longo</strong></span> <span class='ocrx_word' id='word_1_481' title='bbox 2652 1732 2987 1791; x_wconf 81' lang='lat' dir='ltr'><strong>Rhamnusia</strong></span> <span class='ocrx_word' id='word_1_482' title='bbox 3023 1738 3229 1795; x_wconf 56' lang='lat' dir='ltr'><strong>fudere</strong></span> <span class='ocrx_word' id='word_1_483' title='bbox 3254 1740 3453 1797; x_wconf 83' lang='lat' dir='ltr'><strong>solvet.</strong></span> 
     </span>
    </p>
   </div>
   <div class='ocr_carea' id='block_1_77' title="bbox 1865 1815 3377 1890">
    <p class='ocr_par' dir='ltr' id='par_1_77' title="bbox 1865 1815 3377 1890">
     <span class='ocr_line' id='line_1_77' title="bbox 1865 1815 3377 1890; baseline 0.011 -17"><span class='ocrx_word' id='word_1_484' title='bbox 1865 1820 1916 1885; x_wconf 69' lang='grc' dir='ltr'><strong>Β</strong></span> <span class='ocrx_word' id='word_1_485' title='bbox 1941 1815 2048 1874; x_wconf 90' lang='lat' dir='ltr'><strong>Sed</strong></span> <span class='ocrx_word' id='word_1_486' title='bbox 2074 1832 2170 1876; x_wconf 88' lang='lat' dir='ltr'><strong>cur</strong></span> <span class='ocrx_word' id='word_1_487' title='bbox 2195 1829 2303 1877; x_wconf 89' lang='lat' dir='ltr'><strong>tam</strong></span> <span class='ocrx_word' id='word_1_488' title='bbox 2331 1832 2529 1880; x_wconf 67' lang='lat' dir='ltr'><strong>maesto</strong></span> <span class='ocrx_word' id='word_1_489' title='bbox 2552 1838 2677 1882; x_wconf 86' lang='lat' dir='ltr'><strong>sero</strong></span> <span class='ocrx_word' id='word_1_490' title='bbox 2703 1829 2874 1884; x_wconf 87' lang='lat' dir='ltr'><strong>tristia</strong></span> <span class='ocrx_word' id='word_1_491' title='bbox 2906 1833 3144 1887; x_wconf 87' lang='lat' dir='ltr'><strong>carmina</strong></span> <span class='ocrx_word' id='word_1_492' title='bbox 3170 1834 3377 1890; x_wconf 78' lang='lat' dir='ltr'><strong>versui</strong></span> 
     </span>
    </p>
   </div>
   <div class='ocr_carea' id='block_1_78' title="bbox 1937 1910 3353 1996">
    <p class='ocr_par' dir='ltr' id='par_1_78' title="bbox 1937 1910 3353 1996">
     <span class='ocr_line' id='line_1_78' title="bbox 1937 1910 3353 1996; baseline 0.012 -31"><span class='ocrx_word' id='word_1_493' title='bbox 1937 1910 2006 1965; x_wconf 89' lang='lat' dir='ltr'><strong>Et</strong></span> <span class='ocrx_word' id='word_1_494' title='bbox 2034 1925 2140 1967; x_wconf 92' lang='lat' dir='ltr'><strong>non</strong></span> <span class='ocrx_word' id='word_1_495' title='bbox 2167 1911 2219 1967; x_wconf 93' lang='lat' dir='ltr'><strong>in</strong></span> <span class='ocrx_word' id='word_1_496' title='bbox 2246 1914 2469 1971; x_wconf 88' lang='lat' dir='ltr'><strong>meliora</strong></span> <span class='ocrx_word' id='word_1_497' title='bbox 2501 1917 2711 1973; x_wconf 87' lang='lat' dir='ltr'><strong>animus</strong></span> <span class='ocrx_word' id='word_1_498' title='bbox 2739 1932 2799 1975; x_wconf 89' lang='lat' dir='ltr'><strong>se</strong></span> <span class='ocrx_word' id='word_1_499' title='bbox 2829 1930 2951 1976; x_wconf 87' lang='lat' dir='ltr'><strong>vota</strong></span> <span class='ocrx_word' id='word_1_500' title='bbox 2982 1925 3353 1996; x_wconf 78' lang='lat' dir='ltr'><strong>propinquat?</strong></span> 
     </span>
    </p>
   </div>
   <div class='ocr_carea' id='block_1_79' title="bbox 1935 2000 3322 2085">
    <p class='ocr_par' dir='ltr' id='par_1_79' title="bbox 1935 2000 3322 2085">
     <span class='ocr_line' id='line_1_79' title="bbox 1935 2000 3322 2085; baseline 0.012 -28"><span class='ocrx_word' id='word_1_501' title='bbox 1935 2000 2017 2057; x_wconf 89' lang='lat' dir='ltr'><strong>Sit</strong></span> <span class='ocrx_word' id='word_1_502' title='bbox 2039 2004 2226 2072; x_wconf 90' lang='lat' dir='ltr'><strong>procul</strong></span> <span class='ocrx_word' id='word_1_503' title='bbox 2242 2006 2357 2062; x_wconf 81' lang='lat' dir='ltr'><strong>‘iste</strong></span> <span class='ocrx_word' id='word_1_504' title='bbox 2379 2018 2558 2064; x_wconf 91' lang='lat' dir='ltr'><strong>metus</strong></span> <span class='ocrx_word' id='word_1_505' title='bbox 2585 2028 2597 2062; x_wconf 90' lang='lat'><strong>:</strong></span> <span class='ocrx_word' id='word_1_506' title='bbox 2629 2018 2778 2066; x_wconf 84' lang='lat' dir='ltr'><strong>certa</strong></span> <span class='ocrx_word' id='word_1_507' title='bbox 2811 2023 2892 2067; x_wconf 87' lang='lat' dir='ltr'><strong>est</strong></span> <span class='ocrx_word' id='word_1_508' title='bbox 2916 2014 3108 2070; x_wconf 82' lang='lat' dir='ltr'><strong>ﬁducia</strong></span> <span class='ocrx_word' id='word_1_509' title='bbox 3143 2017 3322 2085; x_wconf 87' lang='lat' dir='ltr'><strong>nobis,</strong></span> 
     </span>
    </p>
   </div>
   <div class='ocr_carea' id='block_1_80' title="bbox 1934 2093 3265 2175">
    <p class='ocr_par' dir='ltr' id='par_1_80' title="bbox 1934 2093 3265 2175">
     <span class='ocr_line' id='line_1_80' title="bbox 1934 2093 3265 2175; baseline 0.014 -25"><span class='ocrx_word' id='word_1_510' title='bbox 1934 2093 1993 2150; x_wconf 92' lang='lat' dir='ltr'><strong>Si</strong></span> <span class='ocrx_word' id='word_1_511' title='bbox 2020 2097 2235 2166; x_wconf 80' lang='lat' dir='ltr'><strong>genitor</strong></span> <span class='ocrx_word' id='word_1_512' title='bbox 2262 2109 2529 2171; x_wconf 90' lang='lat' dir='ltr'><strong>natusque</strong></span> <span class='ocrx_word' id='word_1_513' title='bbox 2551 2101 2647 2158; x_wconf 90' lang='lat' dir='ltr'><strong>Dei</strong></span> <span class='ocrx_word' id='word_1_514' title='bbox 2679 2104 2765 2175; x_wconf 90' lang='lat' dir='ltr'><strong>pia</strong></span> <span class='ocrx_word' id='word_1_515' title='bbox 2801 2108 2965 2162; x_wconf 87' lang='lat' dir='ltr'><strong>verba</strong></span> <span class='ocrx_word' id='word_1_516' title='bbox 2985 2110 3265 2168; x_wconf 81' lang='lat' dir='ltr'><strong>volentum</strong></span> 
     </span>
    </p>
   </div>
   <div class='ocr_carea' id='block_1_81' title="bbox 1933 2188 3163 2272">
    <p class='ocr_par' dir='ltr' id='par_1_81' title="bbox 1933 2188 3163 2272">
     <span class='ocr_line' id='line_1_81' title="bbox 1933 2188 3163 2272; baseline 0.012 -28"><span class='ocrx_word' id='word_1_517' title='bbox 1933 2188 2205 2261; x_wconf 86' lang='lat' dir='ltr'><strong>Accipiat,</strong></span> <span class='ocrx_word' id='word_1_518' title='bbox 2238 2200 2428 2250; x_wconf 92' lang='lat' dir='ltr'><strong>nostro</strong></span> <span class='ocrx_word' id='word_1_519' title='bbox 2455 2195 2608 2252; x_wconf 90' lang='lat' dir='ltr'><strong>reddi</strong></span> <span class='ocrx_word' id='word_1_520' title='bbox 2639 2206 2691 2253; x_wconf 90' lang='lat' dir='ltr'><strong>te</strong></span> <span class='ocrx_word' id='word_1_521' title='bbox 2714 2212 2875 2269; x_wconf 89' lang='lat' dir='ltr'><strong>posse</strong></span> <span class='ocrx_word' id='word_1_522' title='bbox 2898 2212 3123 2272; x_wconf 87' lang='lat' dir='ltr'><strong>precatu</strong></span> <span class='ocrx_word' id='word_1_523' title='bbox 3149 2221 3163 2258; x_wconf 92' lang='lat'><strong>:</strong></span> 
     </span>
    </p>
   </div>
   <div class='ocr_carea' id='block_1_82' title="bbox 1931 2280 3545 2368">
    <p class='ocr_par' dir='ltr' id='par_1_82' title="bbox 1931 2280 3545 2368">
     <span class='ocr_line' id='line_1_82' title="bbox 1931 2280 3545 2368; baseline 0.014 -31"><span class='ocrx_word' id='word_1_524' title='bbox 1931 2280 2013 2338; x_wconf 89' lang='lat' dir='ltr'><strong>Ne</strong></span> <span class='ocrx_word' id='word_1_525' title='bbox 2040 2296 2287 2352; x_wconf 88' lang='lat' dir='ltr'><strong>sparsam</strong></span> <span class='ocrx_word' id='word_1_526' title='bbox 2316 2294 2637 2359; x_wconf 85' lang='lat' dir='ltr'><strong>raptamque</strong></span> <span class='ocrx_word' id='word_1_527' title='bbox 2665 2290 2907 2360; x_wconf 90' lang='lat' dir='ltr'><strong>domum,</strong></span> <span class='ocrx_word' id='word_1_528' title='bbox 2940 2293 3282 2368; x_wconf 88' lang='lat' dir='ltr'><strong>lacerataque</strong></span> <span class='ocrx_word' id='word_1_529' title='bbox 3327 2309 3545 2358; x_wconf 85' lang='lat' dir='ltr'><strong>centum</strong></span> 
     </span>
    </p>
   </div>
   <div class='ocr_carea' id='block_1_83' title="bbox 1930 2375 3290 2455">
    <p class='ocr_par' dir='ltr' id='par_1_83' title="bbox 1930 2375 3290 2455">
     <span class='ocr_line' id='line_1_83' title="bbox 1930 2375 3290 2455; baseline 0.012 -25"><span class='ocrx_word' id='word_1_530' title='bbox 1930 2375 2037 2431; x_wconf 88' lang='lat' dir='ltr'><strong>Per</strong></span> <span class='ocrx_word' id='word_1_531' title='bbox 2066 2375 2339 2445; x_wconf 89' lang='lat' dir='ltr'><strong>dominos,</strong></span> <span class='ocrx_word' id='word_1_532' title='bbox 2373 2381 2579 2437; x_wconf 87' lang='lat' dir='ltr'><strong>veteris</strong></span> <span class='ocrx_word' id='word_1_533' title='bbox 2604 2381 2813 2439; x_wconf 85' lang='lat' dir='ltr'><strong>Paulini</strong></span> <span class='ocrx_word' id='word_1_534' title='bbox 2844 2400 3009 2455; x_wconf 85' lang='lat' dir='ltr'><strong>regna</strong></span> <span class='ocrx_word' id='word_1_535' title='bbox 3040 2386 3290 2446; x_wconf 81' lang='lat' dir='ltr'><strong>fleamus.</strong></span> 
     </span>
    </p>
   </div>
   <div class='ocr_carea' id='block_1_84' title="bbox 1929 2466 3400 2554">
    <p class='ocr_par' dir='ltr' id='par_1_84' title="bbox 1929 2466 3400 2554">
     <span class='ocr_line' id='line_1_84' title="bbox 1929 2466 3400 2554; baseline 0.012 -32"><span class='ocrx_word' id='word_1_536' title='bbox 1929 2466 2119 2539; x_wconf 86' lang='lat' dir='ltr'><strong>Teque</strong></span> <span class='ocrx_word' id='word_1_537' title='bbox 2147 2482 2343 2540; x_wconf 82' lang='lat' dir='ltr'><strong>vagum</strong></span> <span class='ocrx_word' id='word_1_538' title='bbox 2373 2480 2492 2528; x_wconf 91' lang='lat' dir='ltr'><strong>toto</strong></span> <span class='ocrx_word' id='word_1_539' title='bbox 2521 2488 2680 2544; x_wconf 89' lang='lat' dir='ltr'><strong>quam</strong></span> <span class='ocrx_word' id='word_1_540' title='bbox 2713 2476 2875 2547; x_wconf 87' lang='lat' dir='ltr'><strong>longa</strong></span> <span class='ocrx_word' id='word_1_541' title='bbox 2902 2477 3168 2549; x_wconf 80' lang='lat' dir='ltr'><strong>Hispania</strong></span> <span class='ocrx_word' id='word_1_542' title='bbox 3196 2478 3400 2554; x_wconf 80' lang='lat' dir='ltr'><strong>fructu,</strong></span> 
     </span>
    </p>
   </div>
   <div class='ocr_carea' id='block_1_85' title="bbox 1928 2558 3383 2641">
    <p class='ocr_par' dir='ltr' id='par_1_85' title="bbox 1928 2558 3383 2641">
     <span class='ocr_line' id='line_1_85' title="bbox 1928 2558 3383 2641; baseline 0.01 -25"><span class='ocrx_word' id='word_1_543' title='bbox 1928 2558 2307 2618; x_wconf 87' lang='lat' dir='ltr'><strong>Immemorem</strong></span> <span class='ocrx_word' id='word_1_544' title='bbox 2336 2570 2605 2632; x_wconf 91' lang='lat' dir='ltr'><strong>veterum,</strong></span> <span class='ocrx_word' id='word_1_545' title='bbox 2633 2569 2937 2641; x_wconf 80' lang='lat' dir='ltr'><strong>peregrinis</strong></span> <span class='ocrx_word' id='word_1_546' title='bbox 2967 2571 3139 2629; x_wconf 86' lang='lat' dir='ltr'><strong>fidere</strong></span> <span class='ocrx_word' id='word_1_547' title='bbox 3172 2577 3383 2633; x_wconf 80' lang='lat' dir='ltr'><strong>amicis.</strong></span> 
     </span>
    </p>
   </div>
   <div class='ocr_carea' id='block_1_86' title="bbox 1925 2649 3413 2741">
    <p class='ocr_par' dir='ltr' id='par_1_86' title="bbox 1925 2649 3413 2741">
     <span class='ocr_line' id='line_1_86' title="bbox 1925 2649 3413 2741; baseline 0.013 -35"><span class='ocrx_word' id='word_1_548' title='bbox 1925 2649 2190 2719; x_wconf 79' lang='lat' dir='ltr'><strong>Accurre,</strong></span> <span class='ocrx_word' id='word_1_549' title='bbox 2217 2669 2252 2710; x_wconf 94' lang='lat' dir='ltr'><strong>o</strong></span> <span class='ocrx_word' id='word_1_550' title='bbox 2280 2664 2526 2712; x_wconf 90' lang='lat' dir='ltr'><strong>nostrum</strong></span> <span class='ocrx_word' id='word_1_551' title='bbox 2552 2658 2742 2728; x_wconf 84' lang='lat' dir='ltr'><strong>decus,</strong></span> <span class='ocrx_word' id='word_1_552' title='bbox 2773 2676 2807 2716; x_wconf 91' lang='grc' dir='ltr'>ο</span> <span class='ocrx_word' id='word_1_553' title='bbox 2836 2676 2957 2719; x_wconf 89' lang='lat' dir='ltr'><strong>mea</strong></span> <span class='ocrx_word' id='word_1_554' title='bbox 2986 2667 3223 2723; x_wconf 85' lang='lat' dir='ltr'><strong>maxima</strong></span> <span class='ocrx_word' id='word_1_555' title='bbox 3251 2684 3413 2741; x_wconf 88' lang='lat' dir='ltr'><strong>cura,</strong></span> 
     </span>
    </p>
   </div>
   <div class='ocr_carea' id='block_1_87' title="bbox 1929 2742 3395 2830">
    <p class='ocr_par' dir='ltr' id='par_1_87' title="bbox 1929 2742 3395 2830">
     <span class='ocr_line' id='line_1_87' title="bbox 1929 2742 3395 2830; baseline 0.014 -32"><span class='ocrx_word' id='word_1_556' title='bbox 1929 2742 2106 2812; x_wconf 85' lang='lat' dir='ltr'><strong>Votis,</strong></span> <span class='ocrx_word' id='word_1_557' title='bbox 2139 2747 2521 2820; x_wconf 81' lang='lat' dir='ltr'><strong>ominibusque</strong></span> <span class='ocrx_word' id='word_1_558' title='bbox 2550 2751 2728 2821; x_wconf 81' lang='lat' dir='ltr'><strong>bonis,</strong></span> <span class='ocrx_word' id='word_1_559' title='bbox 2763 2756 3126 2830; x_wconf 86' lang='lat' dir='ltr'><strong>precibusque</strong></span> <span class='ocrx_word' id='word_1_560' title='bbox 3150 2771 3395 2830; x_wconf 82' lang='lat' dir='ltr'><strong>vocatus,</strong></span> 
     </span>
    </p>
   </div>
   <div class='ocr_carea' id='block_1_88' title="bbox 1925 2838 3437 2917">
    <p class='ocr_par' dir='ltr' id='par_1_88' title="bbox 1925 2838 3437 2917">
     <span class='ocr_line' id='line_1_88' title="bbox 1925 2838 3437 2917; baseline 0.014 -24"><span class='ocrx_word' id='word_1_561' title='bbox 1925 2838 2276 2911; x_wconf 85' lang='lat' dir='ltr'><strong>Appropera:</strong></span> <span class='ocrx_word' id='word_1_562' title='bbox 2307 2840 2437 2899; x_wconf 87' lang='lat' dir='ltr'><strong>dum</strong></span> <span class='ocrx_word' id='word_1_563' title='bbox 2461 2852 2515 2900; x_wconf 92' lang='lat' dir='ltr'><strong>tu</strong></span> <span class='ocrx_word' id='word_1_564' title='bbox 2540 2845 2778 2917; x_wconf 79' lang='lat' dir='ltr'><strong>juvenis,</strong></span> <span class='ocrx_word' id='word_1_565' title='bbox 2808 2849 2938 2905; x_wconf 83' lang='lat' dir='ltr'><strong>dum</strong></span> <span class='ocrx_word' id='word_1_566' title='bbox 2964 2863 3150 2908; x_wconf 89' lang='lat' dir='ltr'><strong>nostra</strong></span> <span class='ocrx_word' id='word_1_567' title='bbox 3182 2866 3437 2915; x_wconf 87' lang='lat' dir='ltr'><strong>senectus</strong></span> 
     </span>
    </p>
   </div>
   <div class='ocr_carea' id='block_1_89' title="bbox 1926 2926 3284 3016">
    <p class='ocr_par' dir='ltr' id='par_1_89' title="bbox 1926 2926 3284 3016">
     <span class='ocr_line' id='line_1_89' title="bbox 1926 2926 3284 3016; baseline 0.013 -31"><span class='ocrx_word' id='word_1_568' title='bbox 1926 2926 2125 2987; x_wconf 80' lang='lat' dir='ltr'><strong>Servat</strong></span> <span class='ocrx_word' id='word_1_569' title='bbox 2151 2932 2535 2992; x_wconf 79' lang='lat' dir='ltr'><strong>inexhaustum</strong></span> <span class='ocrx_word' id='word_1_570' title='bbox 2570 2939 2661 2994; x_wconf 83' lang='lat' dir='ltr'><strong>tibi</strong></span> <span class='ocrx_word' id='word_1_571' title='bbox 2688 2941 2990 3011; x_wconf 77' lang='lat' dir='ltr'><strong>gratificata</strong></span> <span class='ocrx_word' id='word_1_572' title='bbox 3022 2945 3284 3016; x_wconf 86' lang='lat' dir='ltr'><strong>vigorem.</strong></span> 
     </span>
    </p>
   </div>
   <div class='ocr_carea' id='block_1_90' title="bbox 1927 3021 3285 3103">
    <p class='ocr_par' dir='ltr' id='par_1_90' title="bbox 1927 3021 3285 3103">
     <span class='ocr_line' id='line_1_90' title="bbox 1927 3021 3285 3103; baseline 0.015 -26"><span class='ocrx_word' id='word_1_573' title='bbox 1927 3021 1999 3078; x_wconf 86' lang='lat' dir='ltr'><strong>Et</strong></span> <span class='ocrx_word' id='word_1_574' title='bbox 2017 3026 2237 3095; x_wconf 85' lang='lat' dir='ltr'><strong>quando</strong></span> <span class='ocrx_word' id='word_1_575' title='bbox 2256 3027 2363 3085; x_wconf 91' lang='lat' dir='ltr'><strong>iste</strong></span> <span class='ocrx_word' id='word_1_576' title='bbox 2381 3044 2533 3088; x_wconf 88' lang='lat' dir='ltr'><strong>meas</strong></span> <span class='ocrx_word' id='word_1_577' title='bbox 2560 3032 2804 3103; x_wconf 87' lang='lat' dir='ltr'><strong>impellet</strong></span> <span class='ocrx_word' id='word_1_578' title='bbox 2834 3039 3054 3094; x_wconf 89' lang='lat' dir='ltr'><strong>nuntius</strong></span> <span class='ocrx_word' id='word_1_579' title='bbox 3079 3055 3241 3097; x_wconf 87' lang='lat' dir='ltr'><strong>aures</strong></span> <span class='ocrx_word' id='word_1_580' title='bbox 3260 3042 3285 3096; x_wconf 84' lang='lat'><strong>?</strong></span> 
     </span>
    </p>
   </div>
   <div class='ocr_carea' id='block_1_91' title="bbox 1927 3114 3372 3208">
    <p class='ocr_par' dir='ltr' id='par_1_91' title="bbox 1927 3114 3372 3208">
     <span class='ocr_line' id='line_1_91' title="bbox 1927 3114 3372 3208; baseline 0.015 -37"><span class='ocrx_word' id='word_1_581' title='bbox 1927 3114 2077 3174; x_wconf 76' lang='lat' dir='ltr'><strong>Ecce</strong></span> <span class='ocrx_word' id='word_1_582' title='bbox 2102 3128 2227 3175; x_wconf 87' lang='lat' dir='ltr'><strong>tuus</strong></span> <span class='ocrx_word' id='word_1_583' title='bbox 2250 3119 2506 3179; x_wconf 86' lang='lat' dir='ltr'><strong>Paulinus</strong></span> <span class='ocrx_word' id='word_1_584' title='bbox 2536 3125 2855 3199; x_wconf 84' lang='lat' dir='ltr'><strong>adest;jam</strong></span> <span class='ocrx_word' id='word_1_585' title='bbox 2889 3130 3147 3202; x_wconf 83' lang='lat' dir='ltr'><strong>ninguida</strong></span> <span class='ocrx_word' id='word_1_586' title='bbox 3178 3135 3372 3208; x_wconf 81' lang='lat' dir='ltr'><strong>linquit</strong></span> 
     </span>
    </p>
   </div>
   <div class='ocr_carea' id='block_1_92' title="bbox 1848 3209 3315 3294">
    <p class='ocr_par' dir='ltr' id='par_1_92' title="bbox 1848 3209 3315 3294">
     <span class='ocr_line' id='line_1_92' title="bbox 1848 3209 3315 3294; baseline 0.014 -31"><span class='ocrx_word' id='word_1_587' title='bbox 1848 3217 1901 3283; x_wconf 67' lang='grc' dir='ltr'><strong>(ξ</strong></span> <span class='ocrx_word' id='word_1_588' title='bbox 1925 3209 2134 3281; x_wconf 89' lang='lat' dir='ltr'><strong>Oppida</strong></span> <span class='ocrx_word' id='word_1_589' title='bbox 2166 3212 2466 3286; x_wconf 73' lang='lat' dir='ltr'><strong>lberorum,</strong></span> <span class='ocrx_word' id='word_1_590' title='bbox 2496 3217 2803 3276; x_wconf 85' lang='lat' dir='ltr'><strong>Tarbelliea</strong></span> <span class='ocrx_word' id='word_1_591' title='bbox 2831 3222 2939 3293; x_wconf 79' lang='lat' dir='ltr'><strong>jam</strong></span> <span class='ocrx_word' id='word_1_592' title='bbox 2970 3235 3118 3282; x_wconf 89' lang='lat' dir='ltr'><strong>tenet</strong></span> <span class='ocrx_word' id='word_1_593' title='bbox 3145 3242 3273 3283; x_wconf 90' lang='lat' dir='ltr'><strong>arva</strong></span> <span class='ocrx_word' id='word_1_594' title='bbox 3300 3244 3315 3294; x_wconf 94' lang='lat'><strong>;</strong></span> 
     </span>
    </p>
   </div>
   <div class='ocr_carea' id='block_1_93' title="bbox 1928 3300 3363 3387">
    <p class='ocr_par' dir='ltr' id='par_1_93' title="bbox 1928 3300 3363 3387">
     <span class='ocr_line' id='line_1_93' title="bbox 1928 3300 3363 3387; baseline 0.015 -31"><span class='ocrx_word' id='word_1_595' title='bbox 1928 3300 2256 3376; x_wconf 83' lang='lat' dir='ltr'><strong>Hebromagi</strong></span> <span class='ocrx_word' id='word_1_596' title='bbox 2275 3306 2390 3376; x_wconf 81' lang='lat' dir='ltr'><strong>jam</strong></span> <span class='ocrx_word' id='word_1_597' title='bbox 2421 3317 2569 3365; x_wconf 77' lang='lat' dir='ltr'><strong>tecta</strong></span> <span class='ocrx_word' id='word_1_598' title='bbox 2595 3312 2780 3380; x_wconf 81' lang='lat' dir='ltr'><strong>subit;</strong></span> <span class='ocrx_word' id='word_1_599' title='bbox 2799 3313 2915 3385; x_wconf 83' lang='lat' dir='ltr'><strong>jam</strong></span> <span class='ocrx_word' id='word_1_600' title='bbox 2942 3318 3145 3387; x_wconf 65' lang='lat' dir='ltr'><strong>praedia</strong></span> <span class='ocrx_word' id='word_1_601' title='bbox 3175 3320 3363 3378; x_wconf 89' lang='lat' dir='ltr'><strong>fratris</strong></span> 
     </span>
    </p>
   </div>
   <div class='ocr_carea' id='block_1_94' title="bbox 1924 3392 3343 3483">
    <p class='ocr_par' dir='ltr' id='par_1_94' title="bbox 1924 3392 3343 3483">
     <span class='ocr_line' id='line_1_94' title="bbox 1924 3392 3343 3483; baseline 0.018 -38"><span class='ocrx_word' id='word_1_602' title='bbox 1924 3392 2113 3452; x_wconf 85' lang='lat' dir='ltr'><strong>Vicina</strong></span> <span class='ocrx_word' id='word_1_603' title='bbox 2144 3398 2485 3469; x_wconf 85' lang='lat' dir='ltr'><strong>ingreditur;</strong></span> <span class='ocrx_word' id='word_1_604' title='bbox 2514 3402 2630 3473; x_wconf 86' lang='lat' dir='ltr'><strong>jam</strong></span> <span class='ocrx_word' id='word_1_605' title='bbox 2661 3404 2862 3462; x_wconf 82' lang='lat' dir='ltr'><strong>labitur</strong></span> <span class='ocrx_word' id='word_1_606' title='bbox 2884 3422 3042 3466; x_wconf 86' lang='lat' dir='ltr'><strong>amne</strong></span> <span class='ocrx_word' id='word_1_607' title='bbox 3066 3415 3343 3483; x_wconf 88' lang='lat' dir='ltr'><strong>secundo;</strong></span> 
     </span>
    </p>
   </div>
   <div class='ocr_carea' id='block_1_95' title="bbox 1922 3485 3522 3580">
    <p class='ocr_par' dir='ltr' id='par_1_95' title="bbox 1922 3485 3522 3580">
     <span class='ocr_line' id='line_1_95' title="bbox 1922 3485 3522 3580; baseline 0.017 -38"><span class='ocrx_word' id='word_1_608' title='bbox 1922 3485 2151 3559; x_wconf 84' lang='lat' dir='ltr'><strong>Jamque</strong></span> <span class='ocrx_word' id='word_1_609' title='bbox 2168 3490 2229 3545; x_wconf 85' lang='lat' dir='ltr'><strong>in</strong></span> <span class='ocrx_word' id='word_1_610' title='bbox 2244 3505 2543 3564; x_wconf 86' lang='lat' dir='ltr'><strong>conspectu</strong></span> <span class='ocrx_word' id='word_1_611' title='bbox 2564 3504 2678 3563; x_wconf 88' lang='lat' dir='ltr'><strong>est;</strong></span> <span class='ocrx_word' id='word_1_612' title='bbox 2705 3497 2815 3569; x_wconf 85' lang='lat' dir='ltr'><strong>jam</strong></span> <span class='ocrx_word' id='word_1_613' title='bbox 2838 3500 2999 3572; x_wconf 80' lang='lat' dir='ltr'><strong>prora</strong></span> <span class='ocrx_word' id='word_1_614' title='bbox 3019 3504 3322 3564; x_wconf 87' lang='lat' dir='ltr'><strong>obvertitur</strong></span> <span class='ocrx_word' id='word_1_615' title='bbox 3342 3512 3522 3580; x_wconf 87' lang='lat' dir='ltr'><strong>amui;</strong></span> 
     </span>
    </p>
   </div>
   <div class='ocr_carea' id='block_1_96' title="bbox 1924 3580 3235 3669">
    <p class='ocr_par' dir='ltr' id='par_1_96' title="bbox 1924 3580 3235 3669">
     <span class='ocr_line' id='line_1_96' title="bbox 1924 3580 3235 3669; baseline 0.014 -33"><span class='ocrx_word' id='word_1_616' title='bbox 1924 3580 2310 3657; x_wconf 87' lang='lat' dir='ltr'><strong>ingressusque</strong></span> <span class='ocrx_word' id='word_1_617' title='bbox 2334 3587 2416 3643; x_wconf 82' lang='lat' dir='ltr'><strong>sui</strong></span> <span class='ocrx_word' id='word_1_618' title='bbox 2442 3589 2716 3647; x_wconf 85' lang='lat' dir='ltr'><strong>celebrata</strong></span> <span class='ocrx_word' id='word_1_619' title='bbox 2744 3607 2842 3662; x_wconf 91' lang='lat' dir='ltr'><strong>per</strong></span> <span class='ocrx_word' id='word_1_620' title='bbox 2868 3597 3011 3651; x_wconf 85' lang='lat' dir='ltr'><strong>ostia</strong></span> <span class='ocrx_word' id='word_1_621' title='bbox 3040 3609 3235 3669; x_wconf 89' lang='lat' dir='ltr'><strong>portus</strong></span> 
     </span>
    </p>
   </div>
   <div class='ocr_carea' id='block_1_97' title="bbox 1923 3671 3344 3763">
    <p class='ocr_par' dir='ltr' id='par_1_97' title="bbox 1923 3671 3344 3763">
     <span class='ocr_line' id='line_1_97' title="bbox 1923 3671 3344 3763; baseline 0.018 -38"><span class='ocrx_word' id='word_1_622' title='bbox 1923 3671 2122 3729; x_wconf 88' lang='lat' dir='ltr'><strong>Totum</strong></span> <span class='ocrx_word' id='word_1_623' title='bbox 2152 3676 2490 3736; x_wconf 69' lang='lat' dir='ltr'><strong>occursantis</strong></span> <span class='ocrx_word' id='word_1_624' title='bbox 2516 3683 2700 3753; x_wconf 89' lang='lat' dir='ltr'><strong>populi</strong></span> <span class='ocrx_word' id='word_1_625' title='bbox 2736 3689 3076 3754; x_wconf 63' lang='lat' dir='ltr'><strong>praevertitur</strong></span> <span class='ocrx_word' id='word_1_626' title='bbox 3106 3708 3300 3763; x_wconf 83' lang='lat' dir='ltr'><strong>agmen</strong></span> <span class='ocrx_word' id='word_1_627' title='bbox 3328 3714 3344 3751; x_wconf 87' lang='lat'><strong>:</strong></span> 
     </span>
    </p>
   </div>
   <div class='ocr_carea' id='block_1_98' title="bbox 1922 3764 3315 3856">
    <p class='ocr_par' dir='ltr' id='par_1_98' title="bbox 1922 3764 3315 3856">
     <span class='ocr_line' id='line_1_98' title="bbox 1922 3764 3315 3856; baseline 0.019 -39"><span class='ocrx_word' id='word_1_628' title='bbox 1922 3764 2108 3820; x_wconf 78' lang='lat' dir='ltr'><strong>Etaua</strong></span> <span class='ocrx_word' id='word_1_629' title='bbox 2137 3772 2480 3840; x_wconf 76' lang='lat' dir='ltr'><strong>prteteriens,</strong></span> <span class='ocrx_word' id='word_1_630' title='bbox 2507 3773 2619 3841; x_wconf 86' lang='lat' dir='ltr'><strong>jam</strong></span> <span class='ocrx_word' id='word_1_631' title='bbox 2645 3776 2759 3846; x_wconf 84' lang='lat' dir='ltr'><strong>jam</strong></span> <span class='ocrx_word' id='word_1_632' title='bbox 2788 3788 2877 3836; x_wconf 86' lang='lat' dir='ltr'><strong>tua</strong></span> <span class='ocrx_word' id='word_1_633' title='bbox 2897 3782 3084 3838; x_wconf 87' lang='lat' dir='ltr'><strong>limina</strong></span> <span class='ocrx_word' id='word_1_634' title='bbox 3116 3788 3315 3856; x_wconf 86' lang='lat' dir='ltr'><strong>pulsat.</strong></span> 
     </span>
    </p>
   </div>
   <div class='ocr_carea' id='block_1_99' title="bbox 1923 3856 3461 3954">
    <p class='ocr_par' dir='ltr' id='par_1_99' title="bbox 1923 3856 3461 3954">
     <span class='ocr_line' id='line_1_99' title="bbox 1923 3856 3461 3954; baseline 0.019 -41"><span class='ocrx_word' id='word_1_635' title='bbox 1923 3856 2232 3930; x_wconf 85' lang='lat' dir='ltr'><strong>Credimus,</strong></span> <span class='ocrx_word' id='word_1_636' title='bbox 2255 3878 2323 3918; x_wconf 89' lang='lat' dir='ltr'><strong>an</strong></span> <span class='ocrx_word' id='word_1_637' title='bbox 2355 3866 2447 3935; x_wconf 90' lang='lat' dir='ltr'><strong>qui</strong></span> <span class='ocrx_word' id='word_1_638' title='bbox 2474 3879 2681 3935; x_wconf 86' lang='lat' dir='ltr'><strong>amant,</strong></span> <span class='ocrx_word' id='word_1_639' title='bbox 2713 3870 2817 3939; x_wconf 86' lang='lat' dir='ltr'><strong>ipsi</strong></span> <span class='ocrx_word' id='word_1_640' title='bbox 2846 3874 2949 3929; x_wconf 87' lang='lat' dir='ltr'><strong>sibi</strong></span> <span class='ocrx_word' id='word_1_641' title='bbox 2976 3882 3186 3935; x_wconf 86' lang='lat' dir='ltr'><strong>somnia</strong></span> <span class='ocrx_word' id='word_1_642' title='bbox 3216 3882 3461 3954; x_wconf 81' lang='lat' dir='ltr'><strong>ﬁngunt?</strong></span> 
     </span>
    </p>
   </div>
   <div class='ocr_carea' id='block_1_100' title="bbox 2438 3957 3017 4022">
    <p class='ocr_par' dir='ltr' id='par_1_100' title="bbox 2438 3957 3017 4022">
     <span class='ocr_line' id='line_1_100' title="bbox 2438 3957 3017 4022; baseline 0.017 -10"><span class='ocrx_word' id='word_1_643' title='bbox 2438 3957 2776 4016; x_wconf 72' lang='lat' dir='ltr'><strong>EPISTULA</strong></span> <span class='ocrx_word' id='word_1_644' title='bbox 2818 3963 3017 4022; x_wconf 74' lang='lat' dir='ltr'><strong>XXIV.</strong></span> 
     </span>
    </p>
   </div>
   <div class='ocr_carea' id='block_1_101' title="bbox 2250 4053 3208 4120">
    <p class='ocr_par' dir='ltr' id='par_1_101' title="bbox 2250 4053 3208 4120">
     <span class='ocr_line' id='line_1_101' title="bbox 2250 4053 3208 4120; baseline 0.016 -15"><span class='ocrx_word' id='word_1_645' title='bbox 2250 4053 2518 4108; x_wconf 77' lang='lat' dir='ltr'><strong>Ausomus</strong></span> <span class='ocrx_word' id='word_1_646' title='bbox 2559 4054 2799 4112; x_wconf 59' lang='lat' dir='ltr'><strong>Panum</strong></span> <span class='ocrx_word' id='word_1_647' title='bbox 2834 4074 2934 4115; x_wconf 80' lang='lat' dir='ltr'><strong>suo</strong></span> <span class='ocrx_word' id='word_1_648' title='bbox 2971 4063 3208 4120; x_wconf 76' lang='lat' dir='ltr'><strong>salutem.</strong></span> 
     </span>
    </p>
   </div>
   <div class='ocr_carea' id='block_1_102' title="bbox 1922 4141 3363 4230">
    <p class='ocr_par' dir='ltr' id='par_1_102' title="bbox 1922 4141 3363 4230">
     <span class='ocr_line' id='line_1_102' title="bbox 1922 4141 3363 4230; baseline 0.015 -35"><span class='ocrx_word' id='word_1_649' title='bbox 1922 4141 2123 4209; x_wconf 83' lang='lat' dir='ltr'><strong>Quarta</strong></span> <span class='ocrx_word' id='word_1_650' title='bbox 2154 4141 2252 4199; x_wconf 90' lang='lat' dir='ltr'><strong>tibi</strong></span> <span class='ocrx_word' id='word_1_651' title='bbox 2283 4143 2401 4200; x_wconf 79' lang='lat' dir='ltr'><strong>haec</strong></span> <span class='ocrx_word' id='word_1_652' title='bbox 2431 4154 2590 4202; x_wconf 88' lang='lat' dir='ltr'><strong>notos</strong></span> <span class='ocrx_word' id='word_1_653' title='bbox 2616 4147 2822 4204; x_wconf 74' lang='lat' dir='ltr'><strong>detexit</strong></span> <span class='ocrx_word' id='word_1_654' title='bbox 2851 4153 3083 4222; x_wconf 89' lang='lat' dir='ltr'><strong>epistola</strong></span> <span class='ocrx_word' id='word_1_655' title='bbox 3113 4167 3363 4230; x_wconf 85' lang='lat' dir='ltr'><strong>questus,</strong></span> 
     </span>
    </p>
   </div>
   <div class='ocr_carea' id='block_1_103' title="bbox 1926 4234 3299 4306">
    <p class='ocr_par' dir='ltr' id='par_1_103' title="bbox 1926 4234 3299 4306">
     <span class='ocr_line' id='line_1_103' title="bbox 1926 4234 3299 4306; baseline 0.013 -18"><span class='ocrx_word' id='word_1_656' title='bbox 1926 4234 2173 4300; x_wconf 85' lang='lat' dir='ltr'><strong>Pauline,</strong></span> <span class='ocrx_word' id='word_1_657' title='bbox 2207 4244 2262 4290; x_wconf 91' lang='lat' dir='ltr'><strong>et</strong></span> <span class='ocrx_word' id='word_1_658' title='bbox 2284 4235 2488 4292; x_wconf 87' lang='lat' dir='ltr'><strong>blando</strong></span> <span class='ocrx_word' id='word_1_659' title='bbox 2514 4238 2749 4295; x_wconf 90' lang='lat' dir='ltr'><strong>residem</strong></span> <span class='ocrx_word' id='word_1_660' title='bbox 2776 4257 3033 4301; x_wconf 88' lang='lat' dir='ltr'><strong>sermone</strong></span> <span class='ocrx_word' id='word_1_661' title='bbox 3059 4247 3299 4306; x_wconf 89' lang='lat' dir='ltr'><strong>lacessit.</strong></span> 
     </span>
    </p>
   </div>
   <div class='ocr_carea' id='block_1_104' title="bbox 1921 4326 3283 4412">
    <p class='ocr_par' dir='ltr' id='par_1_104' title="bbox 1921 4326 3283 4412">
     <span class='ocr_line' id='line_1_104' title="bbox 1921 4326 3283 4412; baseline 0.01 -27"><span class='ocrx_word' id='word_1_662' title='bbox 1921 4326 2172 4385; x_wconf 88' lang='lat' dir='ltr'><strong>Officium</strong></span> <span class='ocrx_word' id='word_1_663' title='bbox 2199 4329 2294 4386; x_wconf 87' lang='lat' dir='ltr'><strong>sed</strong></span> <span class='ocrx_word' id='word_1_664' title='bbox 2336 4331 2483 4386; x_wconf 92' lang='lat' dir='ltr'><strong>nulla</strong></span> <span class='ocrx_word' id='word_1_665' title='bbox 2513 4332 2659 4402; x_wconf 83' lang='lat' dir='ltr'><strong>pium</strong></span> <span class='ocrx_word' id='word_1_666' title='bbox 2691 4334 2823 4390; x_wconf 84' lang='lat' dir='ltr'><strong>mihi</strong></span> <span class='ocrx_word' id='word_1_667' title='bbox 2853 4338 3042 4408; x_wconf 88' lang='lat' dir='ltr'><strong>pagina</strong></span> <span class='ocrx_word' id='word_1_668' title='bbox 3074 4342 3283 4412; x_wconf 88' lang='lat' dir='ltr'><strong>reddit,</strong></span> 
     </span>
    </p>
   </div>
   <div class='ocr_carea' id='block_1_105' title="bbox 1923 4421 3168 4495">
    <p class='ocr_par' dir='ltr' id='par_1_105' title="bbox 1923 4421 3168 4495">
     <span class='ocr_line' id='line_1_105' title="bbox 1923 4421 3168 4495; baseline 0.011 -18"><span class='ocrx_word' id='word_1_669' title='bbox 1923 4421 2124 4479; x_wconf 88' lang='lat' dir='ltr'><strong>Fausta</strong></span> <span class='ocrx_word' id='word_1_670' title='bbox 2151 4424 2462 4495; x_wconf 87' lang='lat' dir='ltr'><strong>salutigeris</strong></span> <span class='ocrx_word' id='word_1_671' title='bbox 2490 4428 2769 4485; x_wconf 88' lang='lat' dir='ltr'><strong>ascribens</strong></span> <span class='ocrx_word' id='word_1_672' title='bbox 2797 4445 2921 4488; x_wconf 90' lang='lat' dir='ltr'><strong>orsa</strong></span> <span class='ocrx_word' id='word_1_673' title='bbox 2951 4433 3168 4493; x_wconf 89' lang='lat' dir='ltr'><strong>libellis.</strong></span> 
     </span>
    </p>
   </div>
   <div class='ocr_carea' id='block_1_106' title="bbox 1923 4516 3342 4605">
    <p class='ocr_par' dir='ltr' id='par_1_106' title="bbox 1923 4516 3342 4605">
     <span class='ocr_line' id='line_1_106' title="bbox 1923 4516 3342 4605; baseline 0.013 -33"><span class='ocrx_word' id='word_1_674' title='bbox 1923 4516 2081 4573; x_wconf 89' lang='lat' dir='ltr'><strong>Unde</strong></span> <span class='ocrx_word' id='word_1_675' title='bbox 2109 4518 2273 4575; x_wconf 85' lang='lat' dir='ltr'><strong>istam</strong></span> <span class='ocrx_word' id='word_1_676' title='bbox 2299 4521 2501 4575; x_wconf 87' lang='lat' dir='ltr'><strong>meruit</strong></span> <span class='ocrx_word' id='word_1_677' title='bbox 2527 4536 2635 4577; x_wconf 89' lang='lat' dir='ltr'><strong>non</strong></span> <span class='ocrx_word' id='word_1_678' title='bbox 2664 4524 2795 4579; x_wconf 77' lang='lat' dir='ltr'><strong>felix</strong></span> <span class='ocrx_word' id='word_1_679' title='bbox 2827 4526 3013 4584; x_wconf 87' lang='lat' dir='ltr'><strong>cltarta</strong></span> <span class='ocrx_word' id='word_1_680' title='bbox 3043 4531 3342 4605; x_wconf 86' lang='lat' dir='ltr'><strong>repulsam,</strong></span> 
     </span>
    </p>
   </div>
   <div class='ocr_carea' id='block_1_107' title="bbox 1769 4607 3257 4686">
    <p class='ocr_par' dir='ltr' id='par_1_107' title="bbox 1769 4607 3257 4686">
     <span class='ocr_line' id='line_1_107' title="bbox 1769 4607 3257 4686; baseline 0.015 -28"><span class='ocrx_word' id='word_1_681' title='bbox 1769 4630 1776 4637; x_wconf 69' lang='grc' dir='ltr'><em>ι</em></span> <span class='ocrx_word' id='word_1_682' title='bbox 1840 4608 1896 4672; x_wconf 85' lang='lat' dir='ltr'><strong>D</strong></span> <span class='ocrx_word' id='word_1_683' title='bbox 1921 4607 2143 4679; x_wconf 86' lang='lat' dir='ltr'><strong>Spernit</strong></span> <span class='ocrx_word' id='word_1_684' title='bbox 2174 4618 2285 4665; x_wconf 80' lang='lat' dir='ltr'><strong>tam</strong></span> <span class='ocrx_word' id='word_1_685' title='bbox 2306 4611 2468 4683; x_wconf 81' lang='lat' dir='ltr'><strong>longo</strong></span> <span class='ocrx_word' id='word_1_686' title='bbox 2498 4614 2735 4669; x_wconf 83' lang='lat' dir='ltr'><strong>cessatio</strong></span> <span class='ocrx_word' id='word_1_687' title='bbox 2758 4631 2923 4686; x_wconf 89' lang='lat' dir='ltr'><strong>quam</strong></span> <span class='ocrx_word' id='word_1_688' title='bbox 2953 4629 3048 4676; x_wconf 78' lang='lat' dir='ltr'><strong>tua</strong></span> <span class='ocrx_word' id='word_1_689' title='bbox 3064 4621 3207 4679; x_wconf 90' lang='lat' dir='ltr'><strong>fastu</strong></span> <span class='ocrx_word' id='word_1_690' title='bbox 3233 4624 3257 4679; x_wconf 75' lang='lat'><strong>7</strong></span> 
     </span>
    </p>
   </div>
   <div class='ocr_carea' id='block_1_108' title="bbox 1920 4702 3444 4779">
    <p class='ocr_par' dir='ltr' id='par_1_108' title="bbox 1920 4702 3444 4779">
     <span class='ocr_line' id='line_1_108' title="bbox 1920 4702 3444 4779; baseline 0.014 -21"><span class='ocrx_word' id='word_1_691' title='bbox 1920 4702 2106 4759; x_wconf 83' lang='lat' dir='ltr'><strong>Hostis</strong></span> <span class='ocrx_word' id='word_1_692' title='bbox 2132 4702 2203 4758; x_wconf 81' lang='lat' dir='ltr'><strong>ab</strong></span> <span class='ocrx_word' id='word_1_693' title='bbox 2231 4704 2393 4760; x_wconf 82' lang='lat' dir='ltr'><strong>hoste</strong></span> <span class='ocrx_word' id='word_1_694' title='bbox 2418 4712 2601 4762; x_wconf 87' lang='lat' dir='ltr'><strong>tamen</strong></span> <span class='ocrx_word' id='word_1_695' title='bbox 2633 4722 2733 4777; x_wconf 89' lang='lat' dir='ltr'><strong>per</strong></span> <span class='ocrx_word' id='word_1_696' title='bbox 2758 4710 2989 4769; x_wconf 84' lang='lat' dir='ltr'><strong>barbara</strong></span> <span class='ocrx_word' id='word_1_697' title='bbox 3021 4717 3185 4773; x_wconf 85' lang='lat' dir='ltr'><strong>verba</strong></span> <span class='ocrx_word' id='word_1_698' title='bbox 3213 4719 3444 4779; x_wconf 86' lang='lat' dir='ltr'><strong>salutem</strong></span> 
     </span>
    </p>
   </div>
   <div class='ocr_carea' id='block_1_109' title="bbox 1918 4795 3196 4868">
    <p class='ocr_par' dir='ltr' id='par_1_109' title="bbox 1918 4795 3196 4868">
     <span class='ocr_line' id='line_1_109' title="bbox 1918 4795 3196 4868; baseline 0.013 -17"><span class='ocrx_word' id='word_1_699' title='bbox 1918 4795 2132 4867; x_wconf 88' lang='lat' dir='ltr'><strong>Accipit</strong></span> <span class='ocrx_word' id='word_1_700' title='bbox 2155 4814 2168 4849; x_wconf 92' lang='lat'><strong>:</strong></span> <span class='ocrx_word' id='word_1_701' title='bbox 2191 4807 2247 4852; x_wconf 85' lang='lat' dir='ltr'><strong>et</strong></span> <span class='ocrx_word' id='word_1_702' title='bbox 2269 4796 2433 4854; x_wconf 79' lang='lat' dir='ltr'><strong>Salve</strong></span> <span class='ocrx_word' id='word_1_703' title='bbox 2463 4798 2662 4858; x_wconf 79' lang='lat' dir='ltr'><strong>mediis</strong></span> <span class='ocrx_word' id='word_1_704' title='bbox 2689 4803 2987 4863; x_wconf 83' lang='lat' dir='ltr'><strong>intervenit</strong></span> <span class='ocrx_word' id='word_1_705' title='bbox 3009 4811 3196 4868; x_wconf 81' lang='lat' dir='ltr'><strong>armis.</strong></span> 
     </span>
    </p>
   </div>
   <div class='ocr_carea' id='block_1_110' title="bbox 1919 4887 3385 4962">
    <p class='ocr_par' dir='ltr' id='par_1_110' title="bbox 1919 4887 3385 4962">
     <span class='ocr_line' id='line_1_110' title="bbox 1919 4887 3385 4962; baseline 0.014 -20"><span class='ocrx_word' id='word_1_706' title='bbox 1919 4887 2274 4959; x_wconf 86' lang='lat' dir='ltr'><strong>Respondent</strong></span> <span class='ocrx_word' id='word_1_707' title='bbox 2301 4899 2509 4948; x_wconf 66' lang='lat' dir='ltr'><strong>essen</strong></span> <span class='ocrx_word' id='word_1_708' title='bbox 2540 4892 2765 4952; x_wconf 82' lang='lat' dir='ltr'><strong>homini.</strong></span> <span class='ocrx_word' id='word_1_709' title='bbox 2798 4897 3099 4958; x_wconf 87' lang='lat' dir='ltr'><strong>Percussus</strong></span> <span class='ocrx_word' id='word_1_710' title='bbox 3123 4903 3194 4958; x_wconf 87' lang='lat' dir='ltr'><strong>ab</strong></span> <span class='ocrx_word' id='word_1_711' title='bbox 3212 4906 3385 4962; x_wconf 87' lang='lat' dir='ltr'><strong>antris</strong></span> 
     </span>
    </p>
   </div>
   <div class='ocr_carea' id='block_1_111' title="bbox 1917 4983 3346 5071">
    <p class='ocr_par' dir='ltr' id='par_1_111' title="bbox 1917 4983 3346 5071">
     <span class='ocr_line' id='line_1_111' title="bbox 1917 4983 3346 5071; baseline 0.012 -30"><span class='ocrx_word' id='word_1_712' title='bbox 1917 4983 2113 5041; x_wconf 86' lang='lat' dir='ltr'><strong>Sermo</strong></span> <span class='ocrx_word' id='word_1_713' title='bbox 2137 4986 2299 5058; x_wconf 77' lang='lat' dir='ltr'><strong>redit,</strong></span> <span class='ocrx_word' id='word_1_714' title='bbox 2328 4988 2473 5045; x_wconf 77' lang='lat' dir='ltr'><strong>redit</strong></span> <span class='ocrx_word' id='word_1_715' title='bbox 2499 4997 2554 5045; x_wconf 90' lang='lat' dir='ltr'><strong>et</strong></span> <span class='ocrx_word' id='word_1_716' title='bbox 2579 5006 2865 5050; x_wconf 86' lang='lat' dir='ltr'><strong>nemorum</strong></span> <span class='ocrx_word' id='word_1_717' title='bbox 2895 4997 3101 5054; x_wconf 82' lang='lat' dir='ltr'><strong>vocalis</strong></span> <span class='ocrx_word' id='word_1_718' title='bbox 3124 5002 3304 5071; x_wconf 84' lang='lat' dir='ltr'><strong>imago</strong></span> <span class='ocrx_word' id='word_1_719' title='bbox 3330 5019 3346 5058; x_wconf 90' lang='lat'><strong>:</strong></span> 
     </span>
    </p>
   </div>
   <div class='ocr_carea' id='block_1_112' title="bbox 1920 5076 3302 5163">
    <p class='ocr_par' dir='ltr' id='par_1_112' title="bbox 1920 5076 3302 5163">
     <span class='ocr_line' id='line_1_112' title="bbox 1920 5076 3302 5163; baseline 0.014 -31"><span class='ocrx_word' id='word_1_720' title='bbox 1920 5076 2152 5134; x_wconf 90' lang='lat' dir='ltr'><strong>Littorei</strong></span> <span class='ocrx_word' id='word_1_721' title='bbox 2173 5080 2410 5137; x_wconf 89' lang='lat' dir='ltr'><strong>clamant</strong></span> <span class='ocrx_word' id='word_1_722' title='bbox 2438 5086 2679 5155; x_wconf 87' lang='lat' dir='ltr'><strong>scopuli,</strong></span> <span class='ocrx_word' id='word_1_723' title='bbox 2711 5088 2849 5145; x_wconf 84' lang='lat' dir='ltr'><strong>dant</strong></span> <span class='ocrx_word' id='word_1_724' title='bbox 2872 5106 3148 5148; x_wconf 84' lang='lat' dir='ltr'><strong>murmura</strong></span> <span class='ocrx_word' id='word_1_725' title='bbox 3171 5093 3302 5163; x_wconf 80' lang='lat' dir='ltr'><strong>rivi,</strong></span> 
     </span>
    </p>
   </div>
   <div class='ocr_carea' id='block_1_113' title="bbox 1922 5170 3121 5250">
    <p class='ocr_par' dir='ltr' id='par_1_113' title="bbox 1922 5170 3121 5250">
     <span class='ocr_line' id='line_1_113' title="bbox 1922 5170 3121 5250; baseline 0.012 -25"><span class='ocrx_word' id='word_1_726' title='bbox 1922 5170 2170 5243; x_wconf 74' lang='lat' dir='ltr'><strong>Hybiaais</strong></span> <span class='ocrx_word' id='word_1_727' title='bbox 2187 5174 2387 5244; x_wconf 84' lang='lat' dir='ltr'><strong>apibus</strong></span> <span class='ocrx_word' id='word_1_728' title='bbox 2410 5191 2568 5246; x_wconf 89' lang='lat' dir='ltr'><strong>sepes</strong></span> <span class='ocrx_word' id='word_1_729' title='bbox 2595 5179 2823 5250; x_wconf 87' lang='lat' dir='ltr'><strong>depasta</strong></span> <span class='ocrx_word' id='word_1_730' title='bbox 2849 5196 3121 5239; x_wconf 86' lang='lat' dir='ltr'><strong>susurrat.</strong></span> 
     </span>
    </p>
   </div>
   <div class='ocr_carea' id='block_1_114' title="bbox 1921 5264 3207 5350">
    <p class='ocr_par' dir='ltr' id='par_1_114' title="bbox 1921 5264 3207 5350">
     <span class='ocr_line' id='line_1_114' title="bbox 1921 5264 3207 5350; baseline 0.012 -30"><span class='ocrx_word' id='word_1_731' title='bbox 1921 5264 2021 5322; x_wconf 89' lang='lat' dir='ltr'><strong>Est</strong></span> <span class='ocrx_word' id='word_1_732' title='bbox 2050 5275 2103 5322; x_wconf 91' lang='lat' dir='ltr'><strong>et</strong></span> <span class='ocrx_word' id='word_1_733' title='bbox 2131 5269 2451 5326; x_wconf 81' lang='lat' dir='ltr'><strong>arundineis</strong></span> <span class='ocrx_word' id='word_1_734' title='bbox 2476 5272 2773 5332; x_wconf 82' lang='lat' dir='ltr'><strong>modulatio</strong></span> <span class='ocrx_word' id='word_1_735' title='bbox 2802 5278 3005 5333; x_wconf 87' lang='lat' dir='ltr'><strong>musica</strong></span> <span class='ocrx_word' id='word_1_736' title='bbox 3037 5278 3207 5350; x_wconf 87' lang='lat' dir='ltr'><strong>ripis:</strong></span> 
     </span>
    </p>
   </div>
   <div class='ocr_carea' id='block_1_115' title="bbox 1920 5355 3509 5441">
    <p class='ocr_par' dir='ltr' id='par_1_115' title="bbox 1920 5355 3509 5441">
     <span class='ocr_line' id='line_1_115' title="bbox 1920 5355 3509 5441; baseline 0.013 -28"><span class='ocrx_word' id='word_1_737' title='bbox 1920 5355 2173 5428; x_wconf 71' lang='lat' dir='ltr'><strong>Cumque</strong></span> <span class='ocrx_word' id='word_1_738' title='bbox 2199 5360 2317 5415; x_wconf 77' lang='lat' dir='ltr'><strong>suis</strong></span> <span class='ocrx_word' id='word_1_739' title='bbox 2346 5361 2587 5433; x_wconf 70' lang='lat' dir='ltr'><strong>loquitur</strong></span> <span class='ocrx_word' id='word_1_740' title='bbox 2611 5368 2909 5422; x_wconf 83' lang='lat' dir='ltr'><strong>tremulum</strong></span> <span class='ocrx_word' id='word_1_741' title='bbox 2934 5384 3087 5424; x_wconf 86' lang='lat' dir='ltr'><strong>coma</strong></span> <span class='ocrx_word' id='word_1_742' title='bbox 3121 5373 3281 5441; x_wconf 87' lang='lat' dir='ltr'><strong>pinea</strong></span> <span class='ocrx_word' id='word_1_743' title='bbox 3311 5375 3509 5433; x_wconf 86' lang='lat' dir='ltr'><strong>ventis.</strong></span> 
     </span>
    </p>
   </div>
   <div class='ocr_carea' id='block_1_116' title="bbox 1919 5447 3169 5532">
    <p class='ocr_par' dir='ltr' id='par_1_116' title="bbox 1919 5447 3169 5532">
     <span class='ocr_line' id='line_1_116' title="bbox 1919 5447 3169 5532; baseline 0.012 -28"><span class='ocrx_word' id='word_1_744' title='bbox 1919 5447 2166 5505; x_wconf 88' lang='lat' dir='ltr'><strong>Incubuit</strong></span> <span class='ocrx_word' id='word_1_745' title='bbox 2193 5450 2337 5508; x_wconf 78' lang='lat' dir='ltr'><strong>foliis</strong></span> <span class='ocrx_word' id='word_1_746' title='bbox 2364 5457 2583 5524; x_wconf 78' lang='lat' dir='ltr'><strong>quoties</strong></span> <span class='ocrx_word' id='word_1_747' title='bbox 2609 5457 2747 5514; x_wconf 83' lang='lat' dir='ltr'><strong>levis</strong></span> <span class='ocrx_word' id='word_1_748' title='bbox 2773 5458 2950 5515; x_wconf 83' lang='lat' dir='ltr'><strong>Eurus</strong></span> <span class='ocrx_word' id='word_1_749' title='bbox 2974 5463 3169 5532; x_wconf 88' lang='lat' dir='ltr'><strong>acutis,</strong></span> 
     </span>
    </p>
   </div>
   <div class='ocr_carea' id='block_1_117' title="bbox 1919 5542 3270 5636">
    <p class='ocr_par' dir='ltr' id='par_1_117' title="bbox 1919 5542 3270 5636">
     <span class='ocr_line' id='line_1_117' title="bbox 1919 5542 3270 5636; baseline 0.013 -40"><span class='ocrx_word' id='word_1_750' title='bbox 1919 5542 2184 5614; x_wconf 85' lang='lat' dir='ltr'><strong>Dindyma</strong></span> <span class='ocrx_word' id='word_1_751' title='bbox 2209 5544 2507 5617; x_wconf 83' lang='lat' dir='ltr'><strong>Gargarico</strong></span> <span class='ocrx_word' id='word_1_752' title='bbox 2527 5551 2861 5636; x_wconf 74' lang='lat' dir='ltr'><strong>respondeat</strong></span> <span class='ocrx_word' id='word_1_753' title='bbox 2886 5556 3100 5612; x_wconf 87' lang='lat' dir='ltr'><strong>cantica</strong></span> <span class='ocrx_word' id='word_1_754' title='bbox 3124 5558 3270 5615; x_wconf 91' lang='lat' dir='ltr'><strong>luco.</strong></span> 
     </span>
    </p>
   </div>
   <div class='ocr_carea' id='block_1_118' title="bbox 1916 5632 3150 5719">
    <p class='ocr_par' dir='ltr' id='par_1_118' title="bbox 1916 5632 3150 5719">
     <span class='ocr_line' id='line_1_118' title="bbox 1916 5632 3150 5719; baseline 0.015 -32"><span class='ocrx_word' id='word_1_755' title='bbox 1916 5632 2000 5689; x_wconf 93' lang='lat' dir='ltr'><strong>Nil</strong></span> <span class='ocrx_word' id='word_1_756' title='bbox 2028 5644 2238 5690; x_wconf 89' lang='lat' dir='ltr'><strong>mutum</strong></span> <span class='ocrx_word' id='word_1_757' title='bbox 2266 5648 2455 5695; x_wconf 89' lang='lat' dir='ltr'><strong>natura</strong></span> <span class='ocrx_word' id='word_1_758' title='bbox 2487 5641 2637 5698; x_wconf 89' lang='lat' dir='ltr'><strong>dedit</strong></span> <span class='ocrx_word' id='word_1_759' title='bbox 2664 5661 2678 5697; x_wconf 86' lang='lat'><strong>:</strong></span> <span class='ocrx_word' id='word_1_760' title='bbox 2707 5633 2817 5699; x_wconf 73' lang='lat' dir='ltr'><strong>non~</strong></span> <span class='ocrx_word' id='word_1_761' title='bbox 2840 5647 2982 5703; x_wconf 86' lang='lat' dir='ltr'><strong>aeris</strong></span> <span class='ocrx_word' id='word_1_762' title='bbox 3010 5649 3150 5719; x_wconf 90' lang='lat' dir='ltr'><strong>ales,</strong></span> 
     </span>
    </p>
   </div>
   <div class='ocr_carea' id='block_1_119' title="bbox 1917 5726 3451 5824">
    <p class='ocr_par' dir='ltr' id='par_1_119' title="bbox 1917 5726 3451 5824">
     <span class='ocr_line' id='line_1_119' title="bbox 1917 5726 3451 5824; baseline 0.018 -41"><span class='ocrx_word' id='word_1_763' title='bbox 1917 5726 2375 5800; x_wconf 85' lang='lat' dir='ltr'><strong>Quadrupedesve</strong></span> <span class='ocrx_word' id='word_1_764' title='bbox 2398 5732 2583 5801; x_wconf 81' lang='lat' dir='ltr'><strong>silent,</strong></span> <span class='ocrx_word' id='word_1_765' title='bbox 2618 5736 2782 5793; x_wconf 85' lang='lat' dir='ltr'><strong>habet</strong></span> <span class='ocrx_word' id='word_1_766' title='bbox 2812 5747 2868 5794; x_wconf 92' lang='lat' dir='ltr'><strong>et</strong></span> <span class='ocrx_word' id='word_1_767' title='bbox 2894 5756 2989 5797; x_wconf 87' lang='lat' dir='ltr'><strong>sua</strong></span> <span class='ocrx_word' id='word_1_768' title='bbox 3016 5744 3174 5802; x_wconf 90' lang='lat' dir='ltr'><strong>sibila</strong></span> <span class='ocrx_word' id='word_1_769' title='bbox 3205 5764 3451 5824; x_wconf 85' lang='lat' dir='ltr'><strong>serpens,</strong></span> 
     </span>
    </p>
   </div>
   <div class='ocr_carea' id='block_1_120' title="bbox 1918 5819 3291 5901">
    <p class='ocr_par' dir='ltr' id='par_1_120' title="bbox 1918 5819 3291 5901">
     <span class='ocr_line' id='line_1_120' title="bbox 1918 5819 3291 5901; baseline 0.025 -35"><span class='ocrx_word' id='word_1_770' title='bbox 1918 5819 1993 5880; x_wconf 48' lang='lat' dir='ltr'><strong>Et</strong></span> <span class='ocrx_word' id='word_1_771' title='bbox 2010 5834 2183 5895; x_wconf 13' lang='lat' dir='ltr'><strong>im</strong></span> <span class='ocrx_word' id='word_1_772' title='bbox 2204 5837 2525 5897; x_wconf 57' lang='lat' dir='ltr'><strong>mnuum</strong></span> <span class='ocrx_word' id='word_1_773' title='bbox 2548 5825 2698 5886; x_wconf 85' lang='lat' dir='ltr'><strong>tenui</strong></span> <span class='ocrx_word' id='word_1_774' title='bbox 2724 5829 2844 5890; x_wconf 76' lang='lat' dir='ltr'><strong>vice</strong></span> <span class='ocrx_word' id='word_1_775' title='bbox 2874 5834 3023 5895; x_wconf 81' lang='lat' dir='ltr'><strong>vocis</strong></span> <span class='ocrx_word' id='word_1_776' title='bbox 3051 5836 3291 5901; x_wconf 79' lang='lat' dir='ltr'><strong>anhelat.</strong></span> 
     </span>
    </p>
   </div>
  </div>
