4072 6306
590 238 703 303 Nil

586 354 850 432 Cymbala
872 358 1005 417 dant
1024 355 1173 415 tllolu
1196 356 1457 421 sonltum.
1490 353 1620 412 dant
1649 350 1853 425 pulpita
1877 352 2020 412 saltu

585 446 700 504 Icta
731 449 960 519 pedum:
989 448 1153 504 tentis
1175 446 1404 503 reboant
1428 460 1557 503 cava
1584 454 1836 518 tympana
1866 444 2031 519 tergis
2056 460 2071 503 :

586 542 794 599 lsiacos
819 541 1020 614 agitant
1050 540 1342 597 Marcolica
1376 539 1539 596 sistra
1566 538 1830 595 tumultus
1857 554 1874 604 ;

587 634 700 692 Nec
731 633 988 690 Dodonasi
1008 642 1187 691 cessat
1218 632 1444 689 tinnitus
1471 630 1658 698 aheni,

587 724 646 782 ln
680 740 967 782 numerum
997 725 1252 796 quotiens
1283 723 1449 780 radiis
1476 722 1797 780 ferientibus
1828 721 1947 778 ictae

586 818 938 891 Respondent
967 817 1174 875 dociles
1198 816 1477 873 modulato
1514 815 1747 873 verbere
1777 814 1980 886 pelves.

587 911 667 967 Tu
691 912 840 968 velut
862 910 1106 968 OEbaliis
1134 911 1346 968 habites
1376 912 1677 968 taciturnus
1709 908 1974 982 Amyclis,

583 1003 694 1060 Aut
718 1013 807 1061 tua
832 1002 1072 1077 Sigalion
1104 1002 1400 1076 Egyptius
1421 1002 1608 1059 oscula
1635 1003 1836 1073 signet,

584 1097 878 1166 Obnisum,
912 1096 1159 1166 Pauline,
1199 1108 1368 1153 taces.
1412 1099 1664 1168 Agnosco
1699 1096 1958 1166 pudorem
1987 1112 1999 1147 :

584 1189 740 1258 Quod
768 1189 957 1247 vitium
988 1189 1137 1247 fovet
1164 1188 1281 1260 ipsa
1312 1205 1471 1245 suum
1499 1189 1734 1246 cessatio
1755 1186 1920 1258 jugis.

586 1283 836 1356 Dumque
857 1283 1024 1356 pudet
1050 1284 1283 1341 tacuisse
1309 1283 1424 1349 diu,
1459 1284 1637 1354 placet
1662 1282 1968 1339 ofﬁciorum

584 1376 705 1434 Non
736 1391 959 1434 servare
982 1377 1130 1433 vices
1157 1394 1172 1431 :
1201 1386 1258 1433 et
1277 1386 1458 1432 amant
1485 1377 1643 1447 longa
1671 1376 1779 1431 otia
1810 1376 2047 1446 culpam.

584 1470 722 1540 Quis
749 1471 1000 1542 prohibet
1027 1470 1187 1527 Salve
1211 1478 1374 1542 atque
1406 1469 1537 1526 Vale
1564 1470 1834 1527 brevitate
1867 1476 2056 1539 parata

586 1562 882 1619 Scribere?
904 1562 1195 1634 felicesque
1222 1571 1379 1618 notas
1410 1561 1672 1617 mandare
1704 1561 1947 1618 libellis?

584 1657 703 1714 Non
724 1673 826 1730 ego
856 1658 1183 1729 longinquos
1210 1666 1267 1712 ut
1296 1664 1445 1713 texat
1471 1657 1663 1728 pagina
1697 1672 1888 1713 versus

584 1748 837 1806 Postulo:
872 1748 1267 1819 multiplicique
1288 1762 1485 1804 oneres
1512 1763 1769 1805 sermone
1792 1747 2040 1805 tabellas.

582 1841 702 1899 Una
733 1842 834 1898 fuit
863 1850 1092 1910 tantum,
1119 1856 1222 1912 qua
1251 1841 1587 1911 respondere
1612 1841 1880 1908 Lacones,

581 1932 786 1989 Littera
812 1952 824 1988 :
856 1942 913 1990 et
939 1934 1079 1990 irato
1102 1934 1215 2003 regi
1245 1933 1496 2006 placuere
1519 1943 1797 2005 negantes.

582 2025 683 2081 Est
701 2025 905 2082 etenim
933 2027 1106 2082 comis
1133 2026 1391 2081 brevitas.
1428 2025 1520 2082 Sic
1543 2025 1686 2080 fama
1716 2034 1965 2082 renatum

580 2117 943 2190 Pythagoram
966 2117 1219 2174 docuisse
1242 2118 1429 2184 refert,
1462 2133 1585 2173 cum
1618 2118 1787 2172 multa
1812 2119 2070 2189 loquaces

576 2211 862 2282 Ambiguis
890 2221 1137 2267 sererent
1165 2210 1369 2274 verbis,
1400 2217 1590 2266 contra
1614 2211 1796 2266 omnia
1824 2212 2001 2268 solum

577 2302 698 2372 Est,
732 2305 1119 2377 respondebat,
1145 2304 1231 2360 vel
1262 2320 1393 2361 non.
1438 2304 1483 2360 Ο
1514 2312 1663 2360 certa
1694 2303 1950 2375 loquendi

576 2398 815 2471 Regula!
846 2411 970 2455 nam
998 2399 1224 2455 brevius
1254 2396 1388 2453 nihil
1413 2406 1520 2464 est,
1547 2412 1650 2454 nec
1681 2397 1893 2468 plenius
1918 2397 2035 2454 istis
2060 2416 2074 2451 ε

576 2494 707 2564 Quae
734 2492 950 2549 ﬁrmata
978 2492 1234 2564 probant,
1262 2501 1358 2547 aut
1380 2491 1651 2547 inﬁrmata
1680 2490 1943 2547 relidunt.

573 2590 746 2649 Nemo
774 2590 943 2646 silens
974 2588 1175 2660 placuit
1201 2605 1213 2640 :
1248 2587 1404 2642 multi
1427 2586 1695 2643 brevitate
1722 2583 2001 2657 loquendi.

580 2683 777 2741 Verum
805 2696 908 2754 ego
935 2695 1045 2753 quo
1069 2681 1233 2736 stulte
1254 2678 1457 2735 dudum
1485 2679 1730 2750 spatiosa
1755 2679 1974 2735 locutus

574 2774 896 2833 Provehor?
921 2782 983 2830 ut
1007 2773 1220 2830 diversa
1243 2772 1348 2828 sibi
1369 2773 1661 2844 vicinaque
1687 2771 1850 2843 culpa
1875 2779 1982 2837 est,

574 2868 738 2925 Multa
763 2867 1016 2939 loquens,
1037 2876 1094 2923 et
1112 2876 1309 2922 cuncta
1329 2865 1527 2921 silens!
1554 2880 1662 2921 non
1685 2865 1846 2920 ambo
1866 2865 2169 2935 placemus:

574 2961 686 3019 Nec
715 2976 933 3032 possum
963 2960 1217 3026 reticere,
1242 2959 1428 3029 jugum
1458 2959 1605 3030 quod
1641 2958 1816 3014 libera
1841 2972 2136 3027 numquam

573 3054 704 3112 Fert
733 3055 923 3125 pietas,
957 3068 1058 3110 nec
1084 3060 1231 3108 amat
1257 3050 1476 3109 blandis
1504 3059 1839 3123 postponere
1862 3066 2073 3108 verum.

571 3147 820 3217 Vertisti,
849 3147 1097 3215 Pauline,
1127 3156 1247 3202 tuos
1275 3145 1590 3203 dulcissime
1612 3160 1794 3202 mores
1815 3147 1839 3200 ?

575 3240 838 3296 Vasconis
868 3239 972 3296 hoc
1000 3239 1194 3305 saltus,
1229 3248 1286 3294 et
1317 3238 1575 3309 ninguida
1600 3238 1847 3308 Pyrenaei

572 3333 839 3404 llospitia,
871 3341 926 3389 et
956 3333 1128 3388 nostri
1161 3331 1292 3387 facit
1319 3331 1425 3387 hoc
1450 3331 1658 3387 oblivio
1685 3333 1849 3388 cteli?

570 3423 842 3497 lmprecer
861 3439 930 3481 ex
953 3423 1148 3479 merito
1174 3423 1304 3494 quid
1332 3439 1442 3477 non
1470 3423 1589 3492 tibi,
1617 3424 1839 3480 Hiberia
1867 3425 2072 3482 tellus?

571 3515 649 3574 'l'e
680 3516 942 3588 populent
964 3515 1119 3571 Pmni
1145 3531 1161 3571 :
1194 3524 1246 3571 te
1272 3513 1512 3585 perﬁdus
1541 3516 1774 3572 Annibal
1807 3528 1928 3572 urat
1952 3533 1965 3570 :

572 3607 651 3665 Te
678 3608 806 3665 belli
832 3607 1016 3665 sedem
1041 3615 1257 3679 repetat
1277 3605 1551 3664 Sertorius
1575 3608 1751 3665 exsul.

576 3700 723 3774 Ergo
752 3716 954 3770 meum,
999 3702 1297 3773 patriaeque
1327 3701 1516 3769 decus,
1545 3704 1904 3777 columenque
1930 3707 2125 3770 senati,

572 3791 803 3863 Bilbilis,
830 3802 926 3851 aut
954 3793 1169 3851 haerens
1196 3794 1457 3866 sc0pulis,
1484 3794 1797 3870 Calagorris
1826 3799 2088 3856 habebit?

568 3886 673 3942 Aut
700 3901 822 3958 quae
853 3886 1080 3957 deiectis
1105 3889 1231 3958 juga
1263 3902 1363 3960 par
1392 3903 1655 3962 scruposa
1684 3891 1857 3947 ruinis

569 3977 736 4035 Arida
765 3988 1067 4039 torrentem
1088 3982 1317 4040 Sicorim
1347 3982 1629 4055 despectat
1655 3984 1922 4042 Hilerda?

567 4069 668 4128 Hic
689 4072 950 4141 trabeam,
980 4074 1227 4143 Pauline,
1254 4086 1424 4143 tuam,
1458 4076 1779 4150 Latiamque
1808 4079 2055 4136 curulem

563 4163 881 4233 Constituis.
920 4168 1235 4240 patriosque
1263 4170 1425 4227 isthic
1451 4172 1708 4242 sepelibis
1739 4173 2018 4231 honores?

564 4257 697 4327 Quis
723 4268 901 4318 tamen
933 4260 1034 4319 ista
1064 4262 1160 4318 tibi
1193 4270 1300 4319 tam
1329 4263 1487 4336 longa
1513 4266 1732 4323 silentia
1761 4267 1974 4324 suasit?

563 4347 766 4421 Impius
793 4362 851 4409 ut
881 4353 1059 4411 nullos
1085 4354 1178 4410 hic
1206 4370 1400 4413 vocem
1429 4368 1606 4414 vertat
1630 4360 1685 4414 in
1716 4374 1880 4416 usus:

562 4443 771 4503 Gaudia
793 4462 900 4504 non
923 4449 1078 4505 illum
1106 4458 1399 4522 vegetent:
1433 4467 1540 4509 non
1563 4453 1742 4510 dulcia
1772 4463 1954 4512 vatum

561 4534 838 4607 Carmina,
872 4554 978 4596 non
1007 4540 1226 4598 blandae
1252 4542 1554 4601 modulatio
1583 4545 1723 4603 ﬁexa
1752 4548 2007 4618 querelae,

558 4627 680 4685 Non
701 4629 838 4697 fera,
867 4646 974 4688 non
1007 4631 1162 4688 illum
1188 4635 1447 4704 pecudes,
1475 4652 1582 4694 non
1610 4637 1844 4695 mulceat
1871 4640 2006 4710 ales,

558 4720 677 4780 Non
704 4739 825 4797 qua:
855 4736 1133 4795 pastorum
1166 4729 1535 4787 nemoralibus
1554 4730 1738 4787 abdita
1764 4732 1900 4789 lucis

557 4816 778 4875 Solatur
806 4829 1023 4877 nostras
1049 4822 1197 4879 Eclio
1220 4835 1469 4882 resecuta
1500 4826 1768 4898 loquelas.

556 4911 771 4984 Tristis,
799 4929 986 4984 egens,
1008 4914 1226 4973 deserta
1250 4918 1393 4975 colat
1420 4939 1431 4974 :
1469 4922 1771 4994 tacitusque
1798 4934 2047 4996 pererret

556 5003 737 5075 Alpini
765 5020 1006 5063 convexa
1030 5008 1145 5080 jugi
1171 5027 1186 5065 :
1221 5024 1320 5067 ceu
1349 5011 1548 5069 dicitur
1576 5015 1705 5071 olim

556 5096 757 5154 Mentis
783 5098 961 5171 inops,
993 5109 1171 5158 cintus
1193 5103 1489 5175 hominum,
1517 5118 1573 5164 et
1601 5108 1830 5179 vestigia
1859 5110 2057 5181 vitans,

554 5189 689 5247 Avia
722 5191 1086 5262 perlustrasse
1108 5211 1275 5268 vagus
1299 5197 1422 5255 loca
1447 5199 1925 5270 Bellerophontes.

626 5283 755 5342 “me
783 5300 1015 5357 precor:
1046 5288 1187 5348 hanc
1214 5306 1428 5361 vocem,
1452 5294 1660 5350 Bantia
1683 5296 1931 5369 numina,
1956 5298 2142 5373 Musae,

555 5376 824 5450 Accipite,
845 5388 903 5437 et
920 5380 1089 5439 Latiis
1112 5394 1293 5442 vatem
1315 5393 1572 5443 revocate
1599 5384 1872 5447 Camenis.

1074 5526 1414 5585 EPISTULA
1450 5526 1621 5583 XXV.

1025 5637 1305 5705 Αυεοκιυε,
1357 5640 1678 5725 Svuuscuo.

615 5740 777 5805 Modo
805 5747 1060 5824 intelligo,
1079 5767 1235 5823 quam
1256 5752 1441 5813 mellea
1468 5770 1549 5813 res
1565 5755 1635 5813 sit
1655 5759 1843 5829 oratio,
1871 5779 2027 5833 quam
2052 5766 2140 5822 de-

1992 227 2143 310 ποι

2268 226 2488 301 υῑοωι
3774 237 3857 305 036

2207 353 2261 420 Α
2288 352 2498 421 lanifica
2523 393 2539 419 ,
2581 363 2628 411 et
2677 367 2837 426 quam
2881 354 3047 413 suada
3091 353 3355 425 facundia.
3398 351 3711 414 Persuade“
3755 356 3859 419 nillil

2287 445 2428 516 quod
2456 444 2691 514 epistola:
2717 461 2842 501 mete
2870 446 3011 518 apud
3045 444 3280 518 Capuam
3307 445 3401 500 tibi
3432 445 3648 502 reddita:
3676 449 3857 502 concin-

2287 536 2434 591 natio
2461 535 2746 592 inhumana
2772 552 2875 592 non
2896 546 3049 592 esset.
3083 536 3190 593 Sed
3211 536 3305 591 hoc
3337 553 3438 592 non
3465 536 3661 592 diutius
3688 581 3702 604 ,
3730 555 3859 609 quam

2290 629 2418 684 dum
2444 630 2715 701 epistolam
2743 640 2885 685 tuam
2914 630 3038 703 legi,
3070 646 3185 702 quas
3206 647 3285 685 me
3311 630 3580 687 blanditiis
3606 631 3860 687 inhiantem

2287 720 2427 786 tuis,
2472 719 2611 776 velut
2653 738 2811 777 succo
2853 722 3077 776 nectaris
3119 720 3380 791 delibuta,
3429 722 3593 777 ducit.
3633 721 3732 778 Ubi
3766 741 3859 780 vero

2287 813 2585 869 chartulam
2614 831 2753 886 pono
2774 857 2788 880 ,
2838 825 2887 871 et
2936 802 3198 886 meipsum'
3233 817 3492 889 interrogo
3515 857 3530 882 ,
3565 823 3674 870 tum
3701 816 3859 888 absyn-

2287 908 2455 962 thium
2486 925 2653 964 meum
2683 909 2885 980 resipit,
2911 919 2959 965 et
2986 909 3279 964 circumlita
3299 909 3453 964 melle
3472 921 3562 965 tuo
3584 910 3760 977 pocula
3777 903 3860 966 ide-

2286 1000 2571 1069 prehendo.
2598 999 2659 1057 Si
2684 1017 2805 1056 vero
2829 1043 2845 1068 ,
2894 1000 2949 1056 id
2977 1002 3120 1073 quod
3162 1019 3299 1072 sarpe
3325 1002 3482 1074 facio,
3515 1002 3586 1056 ad
3611 1002 3857 1072 epistolam

2286 1100 2432 1146 tuam
2460 1092 2615 1156 redii,
2645 1109 2830 1149 rursus
2861 1094 3076 1159 illicior,
3102 1103 3147 1149 et
3176 1110 3384 1148 rursum
3406 1094 3497 1149 ille
3523 1095 3857 1162 suauissimus,

2285 1188 2375 1243 ille
2402 1189 2629 1259 ﬂoridus
2658 1192 2735 1243 tui
2755 1192 3008 1245 sermonis
3034 1190 3247 1259 affatus,
3269 1191 3502 1260 deposita
3533 1190 3764 1256 lectione,
3786 1207 3857 1244 ua-

2285 1282 2485 1349 nescit,
2529 1293 2578 1337 et
2607 1283 2886 1337 testimonii
2912 1283 3119 1355 pondus
3146 1282 3380 1356 prohibet
3407 1286 3577 1338 inesse
3597 1283 3853 1339 dulcedini.

2287 1373 2405 1429 Hoc
2430 1391 2511 1429 me
2539 1374 2675 1430 velut
2703 1376 2874 1431 aerius
2902 1377 3121 1432 bractetc
3154 1381 3305 1449 fucus
3322 1422 3337 1446 ,
3367 1386 3462 1432 aut
3507 1379 3651 1451 picta
3677 1376 3856 1446 nebula,

2286 1480 2390 1519 non
2420 1465 2649 1537 longius,
2671 1482 2829 1538 quam
2849 1467 2977 1522 dum
2999 1467 3226 1536 videtur,
3248 1467 3508 1523 oblectat:
3541 1466 3859 1525 Chamaeleon-

2287 1559 2351 1613 tis
2381 1559 2611 1615 bestiola
2626 1561 2757 1627 vice,
2781 1577 2897 1633 qua:
2923 1560 2989 1616 de
3016 1562 3254 1633 subjectis
3284 1563 3441 1618 sumit
3462 1562 3710 1618 colorem.
3732 1562 3861 1618 Aliud

2284 1652 2453 1706 sentio
2481 1669 2547 1707 ea:
2576 1652 2795 1724 epistola
2818 1662 2927 1721 tua,
2961 1654 3107 1711 aliud
3136 1672 3199 1711 ea:
3228 1655 3547 1711 conscientia
3574 1672 3730 1712 mea:
3754 1667 3794 1712 et
3817 1666 3863 1710 tu

2218 1746 2267 1807 B
2294 1763 2373 1801 me
2404 1747 2563 1803 audes
2595 1748 3093 1818 facundissimorum
3122 1750 3388 1829 hominum
3428 1752 3593 1806 laude
3636 1749 3863 1824 dignari?

2285 1848 2372 1905 tu,
2403 1839 2615 1909 inquam
2655 1840 2781 1894 mihi
2828 1841 2952 1908 ista,
2982 1842 3071 1912 qui
3094 1852 3140 1896 te
3161 1842 3302 1897 ultra
3336 1844 3750 1898 emendationem
3775 1860 3863 1897 out-

2284 1930 2428 1985 niunt
2456 1932 2767 2002 protulisti?
2786 1942 2878 1987 aut
2908 1933 3180 2005 quisquam
3203 1935 3278 1989 ita
3302 1935 3451 2002 nitet,
3476 1945 3534 1989 ut
3557 1944 3864 2009 comparatus

2284 2023 2381 2078 tibi
2412 2040 2517 2079 non
2548 2025 2799 2081 sordeat?
2822 2025 2952 2094 Quis
2979 2028 3055 2081 ita
3083 2026 3153 2080 ad
3189 2026 3382 2100 Esopi
3402 2023 3746 2096 venustatem,
3769 2030 3864 2101 quis

2281 2117 2352 2171 ad
2373 2118 2683 2189 saphisticas
2709 2116 2959 2175 Isocratis
2981 2118 3361 2186 conclusiones,
3392 2123 3509 2192 quis
3539 2122 3611 2175 ad
3625 2120 3866 2192 enthyme-

2282 2220 2421 2264 mata
2438 2207 2822 2277 Demosthenis,
2848 2223 2940 2265 aut
2956 2214 3273 2282 opulentiam
3294 2211 3621 2281 Tullianam,
3649 2223 3737 2268 aut
3762 2232 3866 2285 pro-

2281 2302 2557 2372 prietatem
2612 2306 2776 2359 nostri
2822 2304 3061 2360 Maronis
3096 2306 3355 2361 accedat?
3399 2309 3517 2379 quis
3565 2308 3641 2362 ita
3688 2306 3864 2376 affectu

2278 2392 2512 2466 singula,
2539 2405 2593 2449 ut
2616 2405 2671 2449 tu
2699 2396 2879 2468 imples
2898 2398 3113 2453 omnia?
3137 2398 3277 2466 Quid
3293 2400 3433 2454 enim
3456 2400 3609 2455 aliud
3630 2418 3702 2468 es,
3729 2419 3862 2470 quam

2277 2499 2344 2540 ea:
2372 2486 2512 2541 omni
2542 2488 2797 2542 bonarum
2842 2490 3036 2545 artium
3082 2492 3289 2564 ingenio
3344 2491 3564 2548 collecta
3592 2496 3864 2567 perfectio?

2279 2575 2431 2645 ch,
2470 2577 2678 2635 domine
2704 2580 2773 2634 mi
2816 2582 2895 2649 ﬁli
2922 2582 3257 2654 Symmache,
3292 2602 3395 2640 non
3426 2603 3637 2656 vereor,
3668 2589 3795 2642 nein
3821 2598 3862 2644 te

2279 2670 2519 2725 blandius
2542 2672 2683 2727 dicta
2710 2673 2981 2730 uideantur
3009 2693 3116 2732 esse
3154 2695 3308 2751 quam
3330 2680 3520 2737 verius.
3554 2680 3620 2735 Et
3641 2692 3861 2754 expertus

2278 2777 2330 2817 es
2351 2763 2511 2832 ﬁdens
2540 2781 2706 2820 meam
2738 2771 2922 2824 mentis
2943 2780 3097 2842 atque
3122 2774 3401 2842 dictorum,
3437 2774 3567 2829 dum
3595 2776 3648 2831 in
3669 2778 3863 2832 comita-

2280 2867 2335 2912 tu
2374 2857 2612 2933 degimus
2641 2862 2792 2917 ambo
2838 2880 2943 2920 azvo
2985 2866 3186 2936 dispari
3209 2884 3227 2921 :
3271 2868 3353 2923 ubi
3382 2878 3436 2923 tu
3468 2871 3651 2925 veteris
3681 2871 3861 2926 militia:

2278 2954 2493 3021 praemia
2525 2964 2639 3026 lyro
2687 2957 2935 3022 meruisti,
2987 2975 3077 3031 ego
3107 2960 3419 3031 tyrocinium
3455 2964 3572 3031 jam
3609 2973 3860 3019 veteranus

2276 3047 2503 3100 exercui.
2535 3045 2603 3100 In
2629 3049 2878 3105 comitatu
2911 3052 3003 3106 tibi
3027 3067 3173 3108 uerus
3198 3055 3296 3124 fui,
3328 3056 3519 3110 nedum
3558 3073 3638 3110 me
3666 3073 3859 3129 peregre

2196 3138 2244 3204 Ο
2275 3141 2536 3197 existimes
2563 3144 2849 3215 composita
2875 3144 3121 3212 fabulari.
3146 3145 3209 3201 in
3227 3148 3507 3217 comitatu,
3530 3151 3761 3223 inquam,
3783 3151 3858 3223 qui

2276 3233 2472 3304 frontes
2492 3233 2763 3290 hominum
2788 3238 2974 3308 operit,
3002 3250 3195 3294 mentes
3226 3242 3370 3312 tegit,
3399 3241 3471 3296 ibi
3500 3259 3581 3296 me
3610 3254 3658 3298 et
3681 3260 3855 3310 paren-

2273 3334 2397 3393 tem,
2421 3339 2470 3384 et
2495 3329 2741 3400 amicum,
2772 3339 2821 3385 et
2842 3332 2886 3386 si
2906 3333 3032 3403 quid
3060 3344 3276 3405 utroque
3297 3336 3506 3391 cltarius
3536 3348 3636 3403 est,
3666 3338 3857 3393 chorio-

2270 3437 2379 3477 rem
2432 3425 2591 3495 fuisse
2619 3426 2847 3480 sensisti.
2884 3427 2990 3482 Sed
3020 3428 3262 3484 abeamus
3310 3431 3374 3485 ab
3422 3433 3504 3486 his
3526 3477 3541 3498 ,
3590 3450 3653 3488 ne
3691 3435 3858 3488 istlnec

2271 3518 2693 3571 commemoratio
2725 3517 2795 3571 ad
2836 3517 2985 3572 illam
3029 3519 3197 3577 Sosiw
3245 3524 3585 3593 formidinem
3636 3526 3857 3579 videatur

2269 3606 2531 3663 accedere.
2557 3606 2709 3663 Illud
2732 3611 2874 3680 quod
2895 3628 3025 3682 pene
3052 3616 3300 3683 praeterii,
3324 3627 3522 3684 quanta
3537 3618 3856 3687 affectatione

2268 3698 2566 3754 addidisti?
2610 3708 2667 3754 ut
2691 3701 2762 3754 ad
2781 3711 2831 3757 te
2858 3701 3229 3760 didascalicum
3258 3706 3471 3779 aliquod
3520 3708 3851 3780 apusculum,

2266 3800 2358 3844 aut
2385 3806 2675 3847 sermonem
2702 3795 3073 3866 protrepticum
3118 3797 3393 3857 mitterem.
3438 3798 3555 3874 Ego
3584 3813 3633 3857 te
3674 3801 3854 3857 docebo

2268 3885 2530 3941 docendus
2561 3886 2754 3955 adhuc,
2786 3889 2831 3943 si
2857 3905 3022 3945 essem
3046 3890 3103 3945 id
3123 3894 3314 3962 (etatis,
3342 3901 3399 3948 ut
3430 3894 3679 3952 discerem
3722 3897 3748 3951 Ρ
3768 3904 3852 3950 aut

2266 3992 2361 4048 ego
2396 3986 2445 4032 te
2482 3987 2750 4050 vegetum,
2810 3990 2963 4052 atque
3005 3982 3235 4040 alacrem
3264 3988 3645 4043 commonebo?
3686 3989 3853 4044 eadem

2265 4085 2423 4141 opera
2450 4079 2501 4125 et
2524 4088 2697 4126 musas
2733 4072 3008 4142 hortabor,
3043 4087 3099 4131 ut
3122 4089 3345 4146 canant,
3398 4090 3445 4136 et
3493 4082 3662 4136 maria
3700 4094 3752 4136 ut
3780 4082 3854 4152 ef-

2263 4166 2451 4235 fluant,
2482 4175 2529 4220 et
2556 4182 2717 4222 auras
2746 4176 2804 4222 ut
2834 4168 3061 4242 vigeant,
3093 4182 3141 4227 et
3183 4173 3326 4247 ignes
3352 4182 3409 4228 ut
3439 4174 3642 4231 caleant
3678 4176 3850 4231 admo-

2264 4246 2392 4312 nebo
2416 4274 2434 4312 :
2461 4267 2551 4313 aut
2580 4260 2624 4314 si
2650 4259 2777 4330 quid
2807 4262 2981 4318 invitis
3009 4246 3214 4338 quoque
3252 4268 3399 4322 nobis
3427 4279 3617 4325 natura
3643 4272 3701 4340 ﬁt
3721 4312 3737 4339 ,
3767 4286 3850 4324 su-

2263 4355 2501 4425 perﬂuus
2555 4357 2834 4434 instigator
2883 4362 3113 4435 agitabo.
3163 4365 3261 4422 Sat
3303 4378 3377 4424 est
3424 4369 3579 4423 unius
3635 4368 3850 4425 erroris:

2261 4447 2402 4517 quod
2425 4450 2626 4523 aliquid
2647 4468 2879 4509 meorum
2896 4472 2974 4512 me
3000 4458 3277 4529 pamitente
3292 4462 3556 4534 vulgatum
3581 4471 3688 4518 est:
3717 4460 3848 4532 quod

2183 4527 2233 4588 Ῑ)
2259 4540 2395 4597 bona
2413 4546 2625 4616 fortuna
2648 4547 2705 4601 in
2735 4564 2920 4605 manus
2950 4551 3235 4609 amicorum
3254 4555 3455 4610 incidit.
3488 4554 3633 4611 Nam
3657 4556 3702 4611 si
3726 4571 3844 4609 con-

2254 4641 2336 4688 tra
2364 4634 2421 4688 id
2447 4639 2715 4707 evenisset,
2763 4657 2856 4696 nec
2904 4652 2959 4697 tu
2994 4644 3124 4699 mihi
3160 4646 3499 4715 persuaderes
3529 4649 3735 4722 placere
3773 4662 3846 4702 me

2258 4740 2427 4796 posse.
2456 4727 2588 4785 Hcce
2617 4732 2685 4785 ad
2713 4730 2917 4789 litteras
2946 4743 3060 4793 tuas
3085 4753 3333 4812 responsa
3363 4742 3502 4797 sint:
3524 4751 3709 4798 uetera
3736 4754 3844 4811 qua

2259 4836 2469 4877 noscere
2496 4823 2672 4893 habes,
2703 4831 3000 4898 compendii
3024 4832 3233 4902 faciant.
3265 4833 3359 4891 Sic
3383 4852 3591 4906 quoque
3611 4838 3721 4910 jam
3741 4836 3843 4890 lon-

2257 4928 2326 4983 ga
2365 4923 2442 4968 est
2482 4915 2722 4989 epistola.
2764 4918 3037 4979 lulianum
3079 4934 3249 4981 tamen
3307 4928 3626 4998 familiarem
3666 4930 3841 4983 domus

2258 5015 2469 5072 nostra,
2493 5009 2539 5063 si
2562 5012 2688 5081 quid
2708 5012 2773 5067 de
2797 5015 2945 5071 nobis
2967 5019 3376 5085 percontandum
3405 5022 3696 5091 arbitraris,
3725 5020 3842 5075 alle-

2254 5114 2339 5168 go.
2373 5099 2549 5156 Simul
2592 5104 2877 5175 admoneo,
2929 5118 2985 5163 ut
3035 5126 3151 5165 cum
3197 5128 3409 5168 causam
3456 5114 3707 5170 adauctus
3731 5116 3838 5185 ejus

2252 5195 2547 5266 agnoveris,
2565 5196 2717 5268 juves
2743 5200 2993 5274 studium,
3026 5209 3165 5275 quod
3190 5222 3256 5263 ea:
3274 5215 3427 5278 parte
3451 5209 3643 5281 fovisti.
3695 5206 3836 5262 Vale.

2311 5466 2461 5518 Nota.
2502 5468 2535 5519 S

2311 5470 2461 5539 illata.
2502 5470 2821 5581 ernmachus
2860 5481 2914 5525 et
2956 5473 3207 5536 Paulinus,
3244 5475 3422 5540 quibus
3462 5474 3644 5543 direxit
3665 5472 3837 5538 plures

2251 5528 2489 5590 epistolas
2573 5535 2799 5590 usonius.
2847 5536 3066 5588 Ausonio
3104 5539 3210 5587 vice
3251 5540 3609 5590 rosa-inserunt
3647 5535 3829 5590 plures.

2573 5535 2799 5601 usonius,
2847 5536 3210 5601 Attsonio‘vice
3251 5535 3609 5601 rescripseram
3626 5535 3829 5601 plures.

2248 5588 2583 5666 Quasyides‘is
2602 5596 2709 5648 sive
2729 5588 2861 5666 tumo
2886 5598 3199 5666 praecedenti
3236 5602 3289 5666 in
3308 5588 3603 5666 Epistolario
3620 5588 3834 5662 S'ymma-

2244 5650 2471 5767 ῗξὲὶὗῧὲἓεῗ
2493 5655 2553 5707 ad
2586 5668 2758 5723 poetas
2785 5650 3085 5715 Christianos
3119 5650 3275 5728 quinti
3310 5650 3506 5727 saeculi,
3532 5650 3829 5723 inter'olte"
