4072 6306
220 285 322 340 937

1187 286 1280 343 AD
1321 285 1821 344 IilPERATUREM
1861 287 2273 346 GRATIARUM
2311 287 2542 348 ACTIO.

3421 301 3527 357 938

226 421 3508 450 MM

259 503 750 589 AUSONII
802 500 960 590 AD
1021 503 1751 593 GRATIANUM
1804 503 2696 600 IMPERATOREM
2751 462 3497 606 DISCIPULUM

1132 665 1617 732 GRATIARUM
1661 668 1906 732 ACTIO
1949 669 2105 732 PRO
2148 669 2638 739 CONSULATU.

294 933 412 1004 Ago
455 931 552 988 tibi
598 933 802 1004 gratias
823 973 840 999 ,
877 931 1173 1004 imperator
1199 933 1462 1004 Auguste.
1491 931 1548 988 Si
1586 945 1821 1002 possem,
1853 933 1901 994 Α
1934 939 2016 984 ter
2041 929 2237 987 divinis
2268 932 2565 991 honoribus
2596 951 2967 1011 consecratus,
3001 942 3172 1001 instar
3200 945 3292 1003 filii
3325 945 3391 1005 ad
3426 950 3523 1005 im.

229 1028 390 1082 etiam
420 1026 704 1083 referrem.
725 1027 830 1082 Sed
852 1041 952 1082 nec
984 1037 1072 1081 tua
1102 1027 1314 1082 fortuna
1343 1026 1614 1082 desiderat
1639 1041 1825 1081 remu-

225 1117 451 1173 nerandi
479 1119 676 1184 vicem,
705 1135 806 1176 nec
837 1130 1018 1176 nostra
1044 1119 1282 1191 suggerit
1310 1117 1632 1175 restituendi
1661 1118 1826 1172 facul-

225 1223 410 1269 tatem.
437 1214 780 1271 Privatorum
809 1217 905 1270 ista
937 1215 1092 1286 copia
1122 1226 1226 1280 est.
1251 1217 1394 1272 inter
1416 1232 1475 1271 se
1502 1230 1624 1272 esse
1653 1215 1829 1270 muni-

226 1305 376 1359 ficos.
413 1304 530 1361 Tua
559 1306 824 1362 beneficia
857 1316 914 1362 ut
942 1307 1227 1378 majestate
1249 1307 1589 1380 praecellunt,
1614 1309 1686 1362 ita
1711 1323 1829 1362 mtt-

223 1408 372 1454 tuum
401 1415 511 1455 non
542 1405 855 1473 reposcunt.
891 1402 1046 1470 Quod
1075 1404 1251 1459 solum
1283 1404 1445 1474 igitur
1475 1411 1677 1459 nostra:
1707 1402 1829 1473 opis

230 1505 332 1563 est,
359 1497 564 1566 gratias
585 1512 686 1569 ago
713 1517 724 1550 :
752 1513 937 1554 verum
962 1501 1055 1565 ita,
1079 1507 1140 1554 ut
1163 1499 1304 1570 apud
1326 1500 1494 1555 Deum
1520 1499 1637 1555 ﬁeri
1659 1509 1824 1566 amat,

195 1575 198 1578 ’
235 1589 528 1645 sentiendo
584 1589 853 1661 cepiosius
892 1606 1054 1663 quam
1096 1593 1364 1663 loquendo
1397 1609 1411 1647 :
1441 1601 1606 1661 atque
1635 1608 1739 1645 non
1775 1592 1826 1645 in

233 1680 476 1735 sacrario
505 1681 668 1737 modo
703 1683 999 1752 imperialis
1037 1684 1263 1752 oraculi,
1297 1685 1385 1755 qni
1421 1683 1572 1738 locus
1603 1683 1830 1738 horrore

237 1773 532 1844 tranquillo
573 1783 627 1829 et
666 1789 866 1844 pavore
902 1777 1194 1832 venerabili
1245 1792 1369 1832 raro
1417 1777 1667 1832 eumdem
1714 1776 1832 1830 ani-

228 1880 374 1919 mum
419 1875 649 1936 praestat
689 1876 746 1922 et
786 1869 1011 1923 vultum.
1053 1869 1158 1926 Sed
1202 1885 1589 1941 usquequaque
1627 1869 1830 1941 gratias

225 1975 360 2029 ago,
393 1968 504 2015 tum
552 1970 763 2026 tacens,
794 1971 904 2017 tum
944 1963 1194 2033 loquens,
1229 1973 1341 2018 tum
1385 1963 1436 2018 in
1467 1972 1611 2018 coetu
1654 1961 1831 2016 homi-

226 2069 376 2118 num,
406 2055 524 2124 ipse
555 2070 792 2122 mecum,
827 2066 881 2111 et
908 2070 1031 2111 cum
1063 2065 1196 2113 vo‘ce
1223 2057 1393 2128 patui,
1426 2066 1482 2112 et
1509 2071 1632 2112 cum
1660 2055 1833 2112 medi-

233 2150 435 2205 tatione
461 2148 690 2218 secessi,
718 2150 866 2206 omni
898 2150 1041 2220 loco,
1074 2161 1219 2218 actu,
1255 2151 1441 2206 habitu
1481 2160 1536 2206 et
1566 2159 1829 2222 tempore.

227 2239 334 2296 Nec
376 2241 571 2297 mirum
594 2283 609 2308 ,
643 2241 689 2297 si
719 2258 818 2311 ego
866 2244 1156 2299 terminum
1187 2259 1296 2299 non
1328 2253 1509 2300 statuo
1542 2253 1646 2300 tam
1679 2255 1830 2316 grata

1931 1017 2142 1093 perium
2175 1024 2341 1080 frater
2365 1030 2588 1096 ascitus,
2609 1037 2978 1090 acontumelia
3001 1038 3128 1094 belli
3162 1050 3383 1110 patruus
3410 1045 3528 1099 vin-

1928 1113 2160 1184 dicatus,
2177 1116 2244 1172 ad
2266 1120 2600 1188 praefectura:
2618 1125 2900 1196 collegium
2920 1129 3063 1184 filius
3081 1146 3201 1186 cum
3227 1143 3378 1203 patre
3400 1150 3531 1190 con-

1925 1206 2169 1277 junctns,
2187 1213 2253 1265 ad
2272 1215 2611 1271 consulatum
2634 1229 2934 1290 praeceptor
2951 1223 3172 1280 eiectus.
3201 1226 3424 1283 Possum
3450 1229 3530 1284 ire

1931 1315 2030 1370 per
2047 1306 2644 1376 omnes'appeliationes
2674 1319 2810 1379 tuas,
2830 1328 2963 1381 quas
2997 1315 3122 1369 olim
3151 1318 3324 1373 virtus
3355 1320 3525 1387 dedit,

1931 1407 2064 1463 quas
2104 1397 2350 1466 proxime
2390 1397 2606 1455 fortuna
2649 1406 2942 1474 concessit,
2984 1421 3118 1477 quas
3149 1409 3324 1465 adhuc
3354 1412 3532 1467 indui-

1931 1488 2110 1556 gentia
2140 1488 2318 1544 divina
2361 1491 2674 1548 meditatur.
2715 1495 2981 1554 Vocarem
3012 1499 3394 1558 Germanicum
3427 1502 3529 1558 de—

1931 1577 2138 1635 ditione
2180 1583 2488 1651 gentilium,
2531 1585 2904 1643 Alemanicum
2957 1592 3298 1648 traductione
3339 1604 3530 1665 capto—

1931 1688 2073 1739 rum,
2101 1676 2367 1732 viucendo
2387 1692 2442 1732 et
2463 1679 2792 1750 ignoscendo
2817 1682 3201 1741 Sarmaticum.
3226 1685 3537 1744 Connectc-

1932 1783 2047 1822 rem
2077 1768 2259 1824 omnia
2296 1773 2487 1827 merita
2511 1774 2750 1841 virtutis,
2780 1787 2834 1832 et
2860 1781 3180 1850 cognomina
3213 1782 3490 1837 felicitatis
3519 1802 3534 1838 :

1933 1859 2028 1915 sed
2062 1861 2166 1914 alia
2198 1870 2284 1916 est
2311 1861 2411 1916 ista
2453 1865 2680 1920 materia
2713 1877 2766 1921 et
2796 1883 2896 1923 suo
2927 1854 3110 1940 parat‘a
3146 1883 3380 1940 secreto,
3412 1891 3537 1930 cum

1935 1952 2202 2022 placuerit
2234 1955 2530 2026 signanter,
2564 1967 2617 2012 et
2646 1959 2885 2016 breviter
2908 1965 3087 2018 omnia
3129 1982 3250 2034 quae
3284 1967 3538 2022 novimus

1939 2047 2200 2118 indicare,
2233 2065 2334 2106 nec
2361 2055 2642 2124 persequi,
2671 2065 2731 2109 ut
2761 2058 2849 2125 qui
2879 2067 3146 2113 terrarum
3170 2061 3356 2116 orbem
3381 2063 3544 2118 unius

1936 2141 2134 2198 tabulae
2162 2143 2372 2198 ambitu
2409 2147 2876 2205 circumscribunt
2905 2150 3180 2221 aliquanto
3208 2153 3543 2210 detrimento

1935 2237 2344 2308 magnitudinis,
2373 2240 2528 2295 nullo
2554 2241 2843 2311 dispendio
2875 2248 3140 2301 veritatis.
3169 2247 3322 2305 Nunc
3355 2260 3538 2306 autem

229 2335 550 2404 promendi,
593 2351 715 2391 cum
751 2347 805 2391 tu
852 2337 1012 2392 finem
1052 2337 1234 2394 facere
1265 2339 1477 2394 nescias
1506 2337 1830 2394 honorandi.

1940 2328 2079 2398 quod
2102 2329 2206 2386 diei
2231 2330 2389 2400 hujus
2411 2334 2714 2404 proprium,
2731 2336 2800 2392 de
2820 2338 3102 2394 consulatu
3125 2342 3327 2411 gratias
3348 2358 3539 2413 agam:

225 2427 355 2495 Quis
398 2429 546 2484 enim
583 2429 735 2485 locus
769 2439 852 2485 cst
888 2441 982 2487 aut
1010 2431 1151 2497 dies,
1181 2434 1271 2503 qui
1300 2447 1409 2487 non
1439 2447 1525 2487 me
1557 2431 1716 2502 hujus
1746 2440 1838 2487 aut

227 2520 424 2577 similis
478 2522 858 2594 gratulationis
907 2523 1232 2579 admoneat?
1275 2524 1577 2580 Admoneat
1619 2525 1837 2580 autem?

226 2614 272 2670 0
297 2615 549 2670 inertiam
569 2616 1222 2689 significationisignavat.
1248 2618 1657 2688 Quis,inquam,
1685 2617 1837 2674 locus

226 2718 330 2772 eSt,
360 2709 451 2779 qui
487 2725 594 2764 non
627 2710 908 2766 beneflciis
940 2710 1046 2765 tuis
1071 2712 1260 2782 agitet,
1289 2709 1624 2767 inflammet?
1646 2709 1836 2766 Nullus

225 2801 472 2870 inquam,
508 2802 807 2873 imperator
843 2805 1105 2872 Auguste,
1139 2806 1268 2874 quin
1305 2803 1681 2860 admirandam
1711 2819 1838 2876 spe-

225 2895 364 2950 ciem
395 2904 501 2952 tuae
528 2897 896 2954 venerationis
925 2899 1150 2955 incutiat
1174 2917 1186 2953 :
1221 2899 1340 2955 Non
1374 2901 1662 2968 Palatium,
1689 2900 1834 2972 quod

235 2999 289 3042 tu
320 3004 443 3044 cum
479 2990 726 3047 terribile
752 2993 1052 3063 acceperis,
1084 2993 1319 3049 amabile
1366 2993 1683 3062 praestitisti.
1712 2993 1832 3050 Non

229 3080 410 3136 forum
437 3123 453 3150 ,
495 3093 549 3138 et
583 3082 808 3138 basilice
848 3083 977 3139 olim
1017 3085 1248 3156 negotiis
1287 3086 1470 3157 plena,
1500 3103 1643 3143 nunc
1672 3087 1834 3154 votis,

232 3173 486 3244 votisque
528 3191 628 3245 pro
667 3185 755 3232 tua
801 3176 976 3233 salute
1019 3179 1308 3250 susceptis.
1340 3179 1470 3234 Nam
1509 3178 1579 3236 de
1620 3195 1717 3236 sua
1748 3179 1836 3237 cui

243 3284 350 3325 non
391 3278 444 3324 te
477 3269 779 3341 imperante
815 3273 1113 3327 securitas?
1149 3272 1267 3329 Non
1299 3273 1471 3340 curia,
1519 3273 1836 3331 honorificis

236 3361 398 3417 modo
433 3363 551 3418 laeta
585 3363 851 3430 decretis,
883 3365 1011 3420 olim
1051 3365 1299 3422 sollicitis
1339 3377 1530 3423 mmsta
1561 3367 1838 3438 querimo-

233 3455 356 3510 niis.
387 3455 501 3509 Non
526 3456 818 3526 publicum,
843 3456 896 3511 in
924 3473 1031 3528 quo
1054 3473 1312 3516 occursus
1335 3462 1684 3531 gaudentium
1711 3462 1835 3533 piu-

232 3546 499 3602 rimorum
532 3547 802 3604 neminem
831 3549 1032 3619 patitur
1063 3551 1238 3606 solum
1268 3552 1557 3621 gratulari.
1591 3552 1707 3609 Non
1737 3553 1839 3609 do-

231 3653 354 3694 mus
381 3654 673 3695 commune
699 3649 994 3697 secretum.
1020 3641 1217 3698 Lectus
1242 3641 1361 3713 ipse
1385 3643 1452 3698 ad
1479 3645 1717 3714 quietem
1741 3645 1837 3700 da-

1940 2420 2035 2476 sed
2077 2433 2406 2492 procurrunt
2447 2433 2502 2481 et
2533 2425 2656 2481 aliae
2695 2427 3011 2499 dignitates,
3044 2444 3208 2504 atque
3255 2435 3309 2488 in
3350 2450 3540 2492 vocem

1939 2514 2317 2585 gratulationis
2347 2528 2660 2590 erumpunt,
2687 2535 2752 2576 ac
2777 2536 2838 2577 se
2871 2522 3017 2593 prius
3048 2523 3250 2580 debere
3281 2529 3545 2596 profiten-

1940 2614 2048 2660 tur.
2083 2606 2186 2662 Tot
2223 2608 2424 2679 gradus
2467 2612 2692 2667 nomine
2727 2613 2943 2669 comitis
2975 2627 3199 2687 propter
3231 2629 3316 2673 tua
3361 2620 3542 2677 incre-

1939 2706 2121 2754 menta
2157 2703 2398 2770 congesti
2439 2718 2505 2758 ex
2537 2711 2634 2758 tuo
2665 2705 2878 2773 merito,
2909 2715 2963 2764 te
2999 2722 3062 2763 ac
3096 2717 3249 2780 patre
3287 2712 3550 2782 principi-

1940 2793 2062 2848 bus.
2097 2793 2386 2861 Qutestura
2415 2798 2743 2866 communis,
2773 2807 2830 2854 et
2870 2799 2946 2855 tui
2980 2809 3185 2858 tantum
3217 2804 3545 2874 prtefectura

1939 2884 2211 2954 beneficii,
2245 2903 2366 2958 quae
2408 2899 2464 2945 et
2494 2889 2612 2960 ipsa
2645 2907 2752 2947 non
2781 2893 2901 2948 vult
2928 2894 3046 2950 vice
3093 2897 3326 2967 simplici
3359 2910 3547 2969 gratu-

1939 2976 2060 3040 lari,
2095 2978 2379 3036 liberalius
2409 2971 2594 3037 divisa
2639 2999 2799 3054 quam
2826 2985 3013 3055 juncta
3035 3028 3052 3054 ,
3084 3002 3207 3043 cum
3258 2997 3544 3046 teneamus

1939 3070 2048 3126 duo
2076 3073 2342 3144 integrum
2371 3119 2385 3144 ,
2421 3085 2615 3133 neuter
2644 3076 2921 3135 desiderat
2949 3090 3285 3152 separatum.
3320 3083 3430 3139 Sed
3464 3085 3545 3140 illi

1939 3165 2024 3238 (ut
2048 3167 2210 3237 paulo
2240 3177 2368 3225 ante
2399 3171 2647 3242 promisi)
2680 3172 2964 3230 habebunt
2993 3177 3076 3231 sui
3106 3177 3346 3234 muneris
3373 3193 3544 3250 pecu-

1940 3259 2075 3317 liare
2115 3272 2409 3318 secretum.
2436 3261 2763 3322 Consulatus
2803 3266 2892 3322 hic
2925 3283 3078 3324 meus
3105 3280 3224 3325 orat
3253 3279 3418 3342 atque
3447 3272 3547 3327 ob-

1938 3360 2142 3421 secrat,
2171 3364 2229 3409 ut
2259 3355 2549 3412 obnoxiam
2582 3359 2675 3414 tibi
2707 3359 2798 3415 uni
2833 3361 2980 3416 sinas
3012 3361 3130 3418 ﬁeri
3163 3363 3281 3434 ejus
3311 3364 3545 3435 dignita-

1941 3453 2072 3512 tem,
2101 3461 2260 3517 quem
2287 3449 2540 3505 omnibus
2572 3451 2883 3522 praetulisti.
2915 3453 3070 3523 Quod
3096 3456 3315 3526 quidem
3341 3466 3396 3512 et
3427 3457 3548 3527 ipse

1939 3537 2042 3592 sibi
2077 3539 2287 3596 invenit
2311 3541 2532 3613 gradus,
2555 3559 2680 3600 cum
2711 3546 3014 3603 clarissimo
3038 3547 3156 3604 viro
3182 3551 3393 3621 collega
3421 3566 3545 3607 meo

1940 3629 2146 3688 honore
2183 3635 2538 3707 coniunctus,
2589 3643 2996 3710 nuncupatione
3045 3644 3302 3715 prmlatus
3351 3645 3546 3702 consul

232 3740 339 3797 tus,
380 3732 767 3789 beneficiorum
817 3741 1035 3790 tuorum
1079 3735 1423 3806 reputatione
1467 3735 1827 3806 tranquillior.
1861 3721 1908 3785 C
1937 3739 2059 3796 ego.
2093 3724 2393 3797 imperator
2442 3729 2707 3800 Auguste,
2741 3749 2969 3790 tttunerc
3028 3745 3120 3793 tuo
3176 3753 3286 3794 non
3347 3755 3544 3808 passus

233 3826 474 3883 Somnus
503 3827 739 3883 abolitor
769 3829 1036 3900 omnium,
1071 3829 1337 3901 imagines
1366 3839 1486 3885 tuas
1517 3831 1694 3887 affert.
1729 3829 1834 3886 ista

241 3930 424 3978 autem
463 3921 623 3978 sedes
650 3921 896 3993 honoris,
931 3923 1063 3980 sella
1094 3925 1320 3990 curulis,
1351 3923 1585 3995 gloriosa
1624 3923 1837 3996 pompis

231 4011 530 4084 imperialis
553 4013 716 4071 officii
747 4015 824 4087 (in
855 4015 1010 4086 cujus
1039 4031 1127 4073 me
1155 4016 1368 4088 fastigio
1395 4033 1462 4073 ex
1493 4033 1598 4089 qua
1630 4016 1838 4073 medio-

232 4107 430 4164 critate
462 4109 724 4182 posuisti)
747 4111 958 4181 quoties
1012 4125 1041 4166 a
1086 4126 1174 4167 me
1196 4113 1486 4183 cogitatur,
1511 4111 1700 4167 vincor
1719 4125 1836 4166 ma-

233 4200 538 4270 gnitudine,
568 4211 623 4257 et
653 4201 874 4273 redigor
903 4203 969 4257 ad
1001 4203 1300 4268 silentium,
1333 4219 1440 4258 non
1473 4203 1715 4274 ingratus
1744 4202 1838 4259 be-

231 4293 475 4362 neficiis,
520 4293 617 4351 sed
659 4310 973 4366 Oppressus.
1019 4295 1166 4352 Ades
1212 4297 1354 4353 enim
1387 4295 1523 4354 locis
1559 4296 1836 4362 omnibus,

234 4401 339 4442 nec
371 4387 486 4458 jam
523 4387 788 4445 miramur
827 4389 1104 4445 licentiam
1145 4397 1428 4460 poetarum
1456 4432 1471 4458 ,
1519 4391 1611 4461 qui
1657 4388 1838 4445 omnia

234 4477 340 4535 deo
369 4479 528 4550 plena
553 4479 833 4536 dixerunt.
863 4481 1024 4551 Spem
1057 4495 1312 4552 superas,
1336 4481 1602 4553 cupienda
1631 4495 1841 4552 praeve-

237 4573 343 4640 nis,
386 4581 512 4628 vota
553 4575 867 4644 praecurris,
902 4588 1130 4645 qumque
1176 4575 1340 4629 animi
1387 4574 1559 4630 nostri
1589 4573 1841 4630 celeritas

236 4665 426 4721 Divum
462 4667 632 4722 instar
661 4666 904 4734 affectat,
928 4667 1206 4724 beneficiis
1233 4668 1604 4739 prmeuntibus
1626 4677 1844 4724 antece-

232 4756 398 4814 ditur.
431 4757 699 4814 Prtestare
727 4760 823 4815 tibi
852 4768 939 4816 est
960 4775 1120 4830 quam
1151 4760 1308 4816 nobis
1359 4769 1547 4832 optare
1577 4759 1839 4816 velocius.

235 4848 352 4920 Ago
377 4849 543 4921 igitur
559 4850 786 4922 gratias,
811 4852 1018 4922 optimc
1036 4852 1353 4922 imperator,
1384 4867 1449 4908 ac
1476 4853 1522 4908 si
1546 4851 1668 4923 quis
1694 4851 1842 4908 hunc

239 4957 554 5000 sermonem
588 4957 769 5000 meum
805 4944 996 5000 iisdem
1027 4943 1210 5000 verbis
1237 4953 1345 4998 tam
1377 4958 1521 5015 saepe
1553 4944 1841 5014 repetitum

237 5039 437 5111 inopiae
479 5038 752 5110 loquentis
781 5040 1044 5112 assignat,
1078 5038 1391 5110 experiatur
1415 5037 1520 5094 hoc
1550 5037 1691 5093 idem
1720 5053 1843 5108 pro-

1938 3827 2114 3887 septa,
2171 3835 2350 3890 neque
2405 3836 2678 3892 campum,
2740 3841 2845 3880 non
2903 3826 3179 3898 suffragia,
3237 3846 3344 3885 non
3399 3847 3543 3900 pun-

1938 3919 2046 3981 cta,
2089 3927 2196 3967 non
2238 3913 2448 3970 loculos
2502 3934 2513 3968 :
2569 3917 2658 3986 qui
2713 3931 2822 3972 non
2881 3934 3267 3990 prensaveram
3326 3939 3542 3991 manus,

1940 4019 2044 4062 nec
2089 4020 2211 4061 cum
2267 4007 2624 4064 salutantium
2672 4010 2930 4066 confusus
2985 4025 3266 4070 occursu:
3307 4026 3402 4070 aut
3443 4032 3544 4072 sua

1940 4099 2132 4156 amicis
2176 4102 2394 4156 nomina
2438 4117 2544 4158 non
2588 4102 2952 4170 reddiderint,
2995 4115 3087 4161 aut
3135 4106 3313 4162 aliena
3368 4109 3544 4177 impo-

1940 4193 2184 4262 suerim,
2229 4196 2321 4267 qui
2379 4195 2554 4251 tribus
2606 4212 2712 4252 non
2763 4197 3086 4265 circumivi,
3129 4201 3402 4257 centurias
3432 4218 3544 4258 non

1942 4286 2198 4359 adulavi,
2223 4290 2431 4345 vocatis
2458 4289 2724 4345 classibus
2763 4305 2870 4345 non
2913 4292 3200 4358 intremui,
3241 4295 3374 4350 nihil
3415 4311 3541 4351 cum

1945 4391 2229 4453 sequestre
2268 4382 2528 4454 deposui,
2573 4398 2695 4440 cum
2719 4384 3074 4442 distributore
3097 4387 3173 4442 nil
3205 4390 3405 4460 pepigi.
3433 4390 3546 4445 Ilo-

1946 4489 2144 4533 manus
2176 4477 2428 4547 populus,
2463 4475 2687 4532 Martius
2715 4492 2961 4548 campus,
3001 4489 3056 4535 et
3099 4489 3353 4551 equester
3380 4481 3544 4549 ordo,

1944 4577 2158 4637 rostra,
2190 4569 2392 4636 ovilia,
2441 4577 2694 4636 senatus,
2753 4571 2936 4636 curia,
2992 4587 3132 4628 unus
3174 4573 3306 4629 mihi
3359 4577 3544 4631 omnia

1944 4660 2259 4719 Gratianus.
2291 4661 2423 4718 Jurc
2469 4677 2628 4726 meo,
2674 4663 2917 4735 Auguste
2966 4667 3227 4735 maxime,
3272 4666 3548 4724 affirmare

1946 4767 2204 4826 pOSSum,
2263 4754 2525 4810 incolumi
2576 4756 2816 4813 omnium
2875 4759 3044 4829 gratia
3075 4802 3089 4827 ,
3141 4761 3232 4831 qui
3283 4759 3349 4814 ad
3404 4761 3549 4814 hunc

1949 4847 2213 4904 honorem
2242 4849 2459 4906 diversa
2492 4866 2752 4922 umquam
2791 4851 2994 4910 virtute
3023 4863 3327 4923 venerunt,
3357 4863 3552 4910 ventu-

1948 4940 2105 5012 rique
2142 4950 2290 4998 sunt.
2331 4943 2510 5014 (Suus
2531 4944 2676 4999 enim
2707 4946 2905 5017 cuique
2934 4947 3169 5016 animus,
3198 4962 3354 5003 suum
3384 4947 3549 5002 meri-

1947 5042 2062 5091 tum
2084 5079 2099 5105 ,
2129 5037 2342 5109 sibique
2371 5053 2528 5094 mens
2555 5039 2776 5095 conscia
2806 5039 2938 5113 est.)
2970 5041 3120 5105 Jure,
3147 5042 3364 5111 inquam
3383 5080 3400 5108 ,
3425 5055 3550 5096 meo

238 5133 419 5206 sequi,
455 5133 550 5189 sed
583 5131 715 5189 nihil
746 5135 947 5205 poterit
977 5132 1222 5206 proferre
1252 5131 1562 5188 facundius.
1593 5133 1842 5203 Aguntur
1868 5122 1923 5184 D
1946 5127 2227 5184 affirmare
2257 5144 2477 5199 possum
2499 5172 2512 5194 .
2543 5147 2630 5192 me
2657 5132 2789 5186 mihi
2815 5133 2991 5188 videri
3019 5148 3047 5187 a
3070 5133 3285 5188 caeteris
3314 5147 3436 5189 esse
3463 5148 3552 5189 sc-

237 5232 386 5288 enim
429 5229 643 5300 gratim,
676 5244 782 5284 non
828 5239 1051 5302 propter
1087 5228 1388 5301 majestatis
1429 5226 1716 5294 ambitum,
1745 5240 1848 5282 nec

240 5326 360 5381 sine
399 5321 772 5393 argumentis,
820 5323 1132 5394 imperatori
1173 5322 1469 5378 fortissimo
1513 5339 1524 5374 :
1565 5319 1721 5377 testis
1766 5329 1850 5376 est

240 5433 351 5473 uno
387 5425 612 5488 pacatus
642 5431 786 5471 anno
825 5426 881 5471 et
922 5416 1152 5471 Danubii
1194 5415 1354 5472 limes
1381 5423 1433 5470 et
1462 5412 1668 5480 Rheni;
1712 5411 1847 5468 iibe-

241 5507 525 5566 ralissimo
549 5525 561 5561 :
582 5500 823 5563 ostentat
849 5506 952 5563 hoc
977 5505 1132 5562 dives
1161 5508 1466 5574 exercitus;
1493 5505 1853 5578 indulgentis-

243 5601 386 5659 simo
404 5619 413 5656 :
433 5601 593 5657 docet
614 5601 880 5656 securitas
902 5599 1111 5654 erroris
1132 5599 1384 5664 humani;
1407 5598 1811 5655 consultissimo
1832 5616 1844 5652 :

246 5693 448 5766 probat
487 5692 594 5749 hoc
627 5691 717 5746 tali
748 5691 997 5762 principe
1024 5690 1216 5746 Oriens
1245 5690 1555 5757 ordinatus;
1575 5691 1850 5762 piissimo:

246 5785 409 5861 hujus
430 5799 564 5844 vero
581 5782 1248 5854 laudisloenpletissimum
1281 5783 1649 5843 testimonium
1669 5795 1753 5844 est
1769 5800 1856 5858 pa-

701 5881 979 5943 Ρηιιοι..
1025 5875 1207 5943 ΧΙΧ.

1950 5229 2181 5279 cretum.
2227 5221 2367 5278 Sunt
2407 5238 2544 5295 quos
2589 5234 2837 5280 votorum
2879 5224 3084 5280 cruciat
3131 5226 3385 5281 inanitas.
3431 5225 3550 5282 Non

1951 5315 2156 5389 optavi.
2196 5317 2344 5386 Quos
2373 5327 2595 5376 exercet
2623 5319 2876 5375 ambitus.
2909 5317 3026 5374 Non
3061 5319 3245 5390 petivi.
3277 5318 3378 5386 Qui
3411 5321 3554 5376 assi-

1953 5412 2159 5468 duitate
2185 5411 2515 5482 exprimunt.
2557 5412 2674 5468 Non
2712 5411 2888 5482 coegi.
2928 5411 3029 5479 Qui
3061 5411 3367 5468 offeruntur
3394 5427 3561 5469 occa-

1956 5506 2133 5563 sione.
2181 5507 2298 5565 Non
2327 5507 2475 5564 affui.
2509 5509 2657 5577 Quos
2688 5509 2838 5577 juvat
2861 5508 3160 5578 opulentia.
3194 5508 3389 5565 Obstat
3419 5519 3557 5567 tem-

1956 5613 2146 5670 porum
2168 5598 2474 5670 disciplina.
2497 5601 2615 5656 Non
2637 5599 2763 5656 erri.
2789 5598 2901 5655 Nec
2924 5615 3142 5670 possum
3165 5601 3557 5658 continentiam

1956 5691 2186 5762 jactare.
2219 5691 2337 5748 Non
2372 5693 2534 5748 habui
2559 5709 2575 5747 :
2604 5707 2767 5746 unum
2801 5700 3066 5760 prmstare
3097 5694 3300 5750 tentavi
3322 5735 3338 5758 ,
3366 5704 3424 5750 et
3455 5695 3560 5752 hoc

1967 5784 2142 5858 ipsum
2181 5786 2336 5858 quasi
2376 5801 2556 5844 meum
2597 5782 2870 5842 vindicare
2914 5801 3023 5842 non
3063 5800 3303 5856 possum.
3358 5787 3416 5844 in
3465 5797 3557 5846 tua

3058 5880 3136 5942 30
