4072 6306
559 302 666 365 939

1952 286 2133 353 BECII

2240 284 2448 351 JSDNII
3396 322 3414 331 -
3747 300 3838 361 ΜΟ

551 419 700 479 enim
732 417 963 492 positum
994 420 1079 474 est
1106 413 1385 488 opinione,
1419 412 1463 471 si
1490 410 1686 471 merui.
1716 406 1918 469 Fecisti
1948 420 2153 476 autem,
2183 395 2235 471 Α
2261 418 2469 468 stantes
2494 398 2750 468 inclinata
2784 409 2836 468 in
2864 418 2952 470 me
2982 411 3296 485 dignatione
3325 415 3652 487 praeteritos,
3679 428 3736 475 ut
3763 436 3836 478 es-

550 524 611 573 et
648 514 813 571 facies
855 513 991 570 alios
1030 526 1251 584 quoque
1289 508 1568 575 consules,
1600 507 1843 579 piissime
1868 505 2147 572 Gratiane,

556 606 654 665 sed
676 621 786 663 non
818 614 874 663 et
902 620 1065 663 causa
1093 606 1209 677 pari
1239 606 1385 661 viros
1412 603 1600 676 gloriae
1630 601 1880 658 militaris
1906 617 1921 657 :
1949 600 2151 656 habent

551 700 697 756 enim
719 707 896 757 tecum
920 706 979 755 ut
1004 713 1221 770 semper
1249 697 1475 764 laboris,
1501 697 1572 752 ita
1600 694 1882 768 dignitatis
1910 694 2150 765 plerum-

553 809 690 865 que,
731 792 1089 860 consortium,
1124 790 1339 846 virtutis
1370 803 1530 862 quam
1569 788 1797 844 honoris
1844 785 2149 856 antiquiore

549 886 824 958 collegio,
872 884 1020 941 viros
1066 882 1369 939 nobilitatis
1413 881 1647 952 antiqua:
1693 897 1706 935 :
1759 879 1958 935 dantur
2001 877 2144 933 enim

546 979 718 1036 multa
749 978 1083 1047 nominibus,
1114 984 1168 1034 et
1196 984 1277 1033 est
1300 974 1470 1031 Roma
1496 991 1593 1047 pro
1615 974 1834 1040 merito,
1868 974 2015 1027 viros
2041 968 2146 1026 title

545 1072 819 1147 inclytos,
860 1080 915 1129 et
948 1071 1145 1128 ofﬁciis
1185 1070 1475 1141 probatos,
1513 1084 1743 1139 quorum
1783 1082 1868 1124 me
1905 1066 2143 1122 ctsimon

541 1180 776 1223 secerno
802 1180 1054 1235 numero,
1085 1172 1266 1221 tamen
1288 1209 1302 1234 ,
1328 1161 1472 1234 quod
1501 1160 1569 1217 ad
1602 1159 1822 1216 honoris
1849 1155 1990 1215 viain
2022 1174 2145 1230 per-

544 1261 705 1328 tinet,
737 1262 951 1318 ratione
979 1258 1265 1330 dispertio.
1298 1258 1559 1328 Quartum
1592 1255 1734 1311 hunc
1765 1253 1990 1329 gradum
2018 1252 2144 1310 novi

539 1356 816 1425 beneﬁcii,
836 1364 915 1425 tu,
940 1356 1201 1427 Auguste,
1218 1351 1501 1410 conStituis
1522 1347 1738 1406 deferre
1772 1348 1867 1404 tibi
1890 1349 2013 1421 ipsi,
2035 1363 2143 1420 quo

540 1452 681 1508 alter
727 1460 974 1518 ornetur,
1022 1449 1168 1505 bena
1213 1445 1381 1502 animi
1426 1445 1503 1501 tui
1547 1441 1614 1500 ad
1658 1434 1890 1500 alienam
1929 1441 2143 1499 referre

534 1544 943 1616 praestantiam,
996 1540 1465 1612 eruditionemque
1512 1547 1756 1604 naturae,
1794 1551 1954 1608 quam
2001 1535 2136 1607 Deo,

540 1646 599 1694 et
640 1637 804 1707 patri,
846 1645 902 1693 et
941 1630 1034 1692 tibi
1075 1635 1280 1701 debes,
1321 1632 1389 1688 ad
1417 1628 1641 1687 alterius
1667 1630 1898 1704 gratiam
1931 1628 2138 1686 rectius

538 1737 895 1801 retorquere,
936 1743 1100 1800 quam
1140 1725 1343 1783 verius.
1388 1724 1502 1781 Tua
1535 1724 1653 1781 hrec
1682 1725 1849 1780 verba
1875 1731 2001 1779 sunt
2029 1738 2058 1777 a
2086 1734 2138 1779 te

2253 504 2337 561 set
2357 516 2519 576 quem
2549 506 2603 561 tit
2629 502 2841 562 matura
2863 514 3026 565 rotate
3042 504 3157 578 jam
3181 500 3519 565 subcinctum
3547 525 3643 581 per
3663 518 3837 572 omnes

2252 598 2519 655 honorum
2558 601 2763 670 gradus
2804 600 3057 658 festinata
3098 603 3342 660 bonitate
3376 606 3724 676 proveheres.
3751 606 3835 663 Ti-

2251 706 2402 748 mere
2429 700 2488 748 ut
2515 692 2806 759 videreris,
2839 708 2905 751 tie
2934 694 2990 751 i'n
3023 711 3113 753 me
3136 697 3244 752 vita
3273 696 3567 766 deﬁceret,
3601 699 3726 756 dum
3756 701 3833 757 tibi

2250 783 2430 841 adhuc
2470 785 2672 856 aliquid
2720 787 2863 859 quod
2908 787 3137 845 deberes
3183 800 3471 861 praestare,
3520 804 3833 863 superesset.

2249 875 2418 948 Negat
2460 876 2655 934 Cicero
2693 880 2997 937 consularis
3039 882 3179 937 ultra
3217 898 3278 939 se
3315 883 3549 952 habere,
3579 886 3722 954 quod
3757 901 3836 942 cu-

2248 970 2380 1042 piat.
2413 966 2528 1043 Ego
2558 980 2737 1028 autem
2762 972 2873 1045 jam
2903 973 3094 1031 consul
3127 984 3178 1031 et
3204 991 3405 1047 senex,
3431 975 3611 1034 adhuc
3630 976 3836 1035 avidita-

2248 1072 2357 1119 tem
2384 1080 2560 1120 meam
2587 1062 2698 1136 jam
2728 1065 2961 1133 fatebor,
2995 1078 3048 1124 te
3074 1066 3261 1126 videre
3288 1071 3489 1140 saepius
3518 1070 3571 1125 in
3606 1066 3706 1127 hoc
3732 1088 3834 1127 ma-

2244 1156 2500 1229 gistratu,
2525 1158 2805 1226 Gratiane,
2830 1159 3102 1229 desidero,
3131 1170 3190 1219 ut
3229 1171 3283 1220 et
3330 1179 3425 1221 sex
3456 1164 3575 1221 Val.
3607 1166 3830 1236 Corvini,

2245 1260 2301 1307 et
2327 1260 2535 1324 septem
2562 1251 2624 1309 C.
2661 1237 2849 1321 Marii,
2893 1262 2948 1311 et
2987 1255 3327 1327 cognominis
3364 1256 3440 1321 tui
3483 1258 3710 1331 Augusti
3741 1268 3833 1317 tre-

2243 1341 2419 1400 decim
2448 1344 2762 1401 consulatus
2791 1348 2929 1402 unus
2957 1348 3284 1420 mquipares.
3314 1348 3433 1405 Tibi
3466 1351 3653 1424 plures
3678 1361 3834 1423 potest

2243 1444 2378 1492 mtas
2414 1444 2468 1493 et
2507 1426 2720 1494 fortuna
2760 1438 2850 1494 tua
2878 1450 3162 1513 praestare,
3189 1458 3378 1499 verum
3406 1448 3511 1515 ego
3542 1443 3595 1500 in
3622 1460 3832 1501 numero

2241 1528 2636 1608 parcior,_qnia
2665 1528 2718 1588 tu
2749 1532 2800 1590 in
2827 1550 3054 1592 munere
3083 1522 3377 1592 liberalior.
3408 1522 3591 1608 ipsum
3620 1538 3761 1595 enim
3788 1548 3830 1595 te

2242 1622 2444 1693 sacpius
2488 1606 2594 1679 hoc
2633 1622 2843 1683 bo'nore
2879 1622 3203 1696 defraudas,
3251 1632 3310 1684 ut
3338 1638 3391 1685 et
3418 1628 3543 1685 aliis
3578 1620 3827 1701 largiaris.

2240 1715 2362 1772 Scis
2392 1716 2563 1783 enim,
2619 1714 2919 1789 imperator
2942 1714 3259 1777 doctissime
3284 1721 3700 1793 (rursnmenim
3729 1732 3832 1779 utar

532 1821 668 1878 mihi
696 1797 899 1894 gmw
918 1863 934 1887 ,
955 1797 1193 1878 Solvere
1223 1827 1278 1874 te
1308 1818 1451 1889 quod
1481 1814 1742 1883 debebas,
1774 1815 2021 1873 etadlmc
2044 1815 2137 1871 dc-
2166 1797 2217 1859 B
2244 1802 2401 1867 laude
2419 1804 2673 1883 privata),
2695 1813 2824 1878 scis,
2844 1813 3085 1886 inquam,
3106 1823 3339 1885 septem,
3358 1831 3422 1873 ac
3443 1809 3637 1874 decem
3666 1804 3830 1874 Domi-

532 1914 667 1971 bere
692 1912 837 1985 quod
864 1913 1124 1969 solveris.
1158 1911 1203 1967 0
1228 1910 1428 1966 mentis
1453 1925 1636 1966 aureas
1656 1908 1859 1965 dictum
1892 1909 2138 1965 bractea-

534 2016 685 2075 tum,
725 2021 760 2062 0
786 2003 855 2062 de
879 2012 1101 2077 pectore
1130 2000 1515 2059 candidissimo
1543 2001 1702 2058 lactei
1737 2001 2011 2057 sermonis
2041 2000 2136 2055 ali-

528 2096 797 2156 moniam.
841 2098 1206 2169 Quisquamne
1228 2106 1335 2150 tam
1360 2108 1556 2165 parcus
1577 2102 1663 2149 est
1694 2093 1746 2149 in
1772 2091 2136 2149 ostentatione

530 2189 819 2250 beneﬁcii?
861 2191 1144 2263 quisquam
1185 2187 1395 2260 pondus
1431 2187 1619 2256 gratia:
1656 2201 1772 2244 sum
1810 2185 1921 2242 vim
1955 2184 2134 2242 meriti

527 2280 820 2357 proﬁtetur
859 2270 1057 2339 alieni?
1093 2281 1378 2353 quisquam
1419 2280 1653 2352 denique
1679 2277 1822 2349 quod
1852 2276 2132 2350 indulget,

525 2377 682 2450 quasi
710 2376 776 2433 ab
806 2375 1045 2433 obnoxio
1077 2373 1382 2441 deferatur,
1418 2372 1651 2443 pretium
1679 2370 1883 2426 mavult
1912 2386 2132 2441 vocare,

528 2485 691 2541 quam
717 2454 959 2526 donum?
984 2465 1211 2524 Certent
1239 2465 1366 2522 huic
1393 2465 1679 2522 sententia:
1703 2474 1919 2521 veteres
1949 2460 2051 2532 illi,
2082 2474 2136 2521 et

529 2562 807 2622 Homerici
848 2570 1126 2627 oratores,
1166 2558 1385 2616 subtilis
1411 2557 1645 2615 deducta
1676 2558 1924 2614 oratione
1954 2556 2136 2613 illene-

526 2657 673 2725 laus,
700 2665 757 2713 et
782 2655 953 2712 instar
982 2652 1263 2726 profunda:
1291 2652 1567 2725 grandinis
1595 2646 1789 2708 ductor
1810 2646 2131 2722 lthacensis,

534 2758 593 2807 et
614 2748 812 2806 melleo
840 2744 1110 2805 delibutus
1134 2742 1353 2817 eloquio
1373 2743 1484 2817 jam
1518 2744 1691 2800 tertia:
1713 2740 1909 2800 Nestor
1935 2743 2131 2799 aetatis.

530 2842 641 2901 Sed
668 2856 846 2915 neque
874 2840 968 2897 ille
988 2838 1313 2895 concinnius
1341 2832 1648 2909 eloquetur,
1672 2836 1848 2909 quise
1870 2834 2133 2892 Laconica

531 2935 800 2993 brevitate
846 2931 1111 3003 collegit:
1156 2945 1336 3002 neque
1372 2929 1463 2986 ille
1502 2928 1835 2997 contortius,
1878 2928 1968 3000 qui
2010 2944 2132 2983 cum

532 3028 787 3087 sensibus
822 3026 985 3083 verba
1016 3025 1337 3098 glomeravit
1368 3040 1384 3083 ;
1418 3038 1519 3080 nec
1548 3008 1789 3092 dulcius,
1813 3023 1968 3095 cujus
1998 3021 2135 3078 lenis

532 3124 714 3180 oratio
741 3119 1030 3179 mulrendo
1062 3120 1239 3192 potius
1258 3162 1273 3185 ,
1303 3135 1467 3191 quam
1496 3114 1872 3191 extorquendo
1900 3132 2127 3189 persua.

531 3218 623 3274 sit.
646 3217 870 3275 Solvere
892 3224 944 3271 te
965 3189 1123 3277 dicis,
1143 3212 1286 3283 quod
1312 3189 1569 3280 debebas,
1587 3222 1643 3267 et
1662 3189 1968 3267 debiturum
1991 3224 2137 3277 esse,
2164 3189 2212 3255 ο

531 3326 657 3368 cum
697 3307 949 3367 solveris.
991 3307 1235 3378 Auguste
1269 3306 1518 3376 juvenis,
1550 3303 1672 3360 creti
1704 3302 1798 3360 tibi
1829 3311 1885 3359 et
1917 3301 2139 3359 humani

534 3403 753 3476 generis
792 3409 973 3458 rector
1008 3399 1116 3455 hoc
1158 3397 1465 3468 tribuebat,
1498 3405 1557 3451 ut
1587 3395 1849 3467 praelatus
1880 3394 2137 3465 antiquis,

533 3510 673 3567 quos
705 3493 872 3549 etiam
917 3490 1186 3561 elegantia
1232 3487 1518 3543 sententim
1565 3487 1726 3543 istius
1771 3483 2137 3553 antecessisti,

535 3587 727 3644 vincas
757 3583 979 3657 propria
1010 3583 1343 3655 singulorum
1376 3581 1427 3635 in
1452 3579 1701 3636 Menelao
1723 3580 1925 3652 regiam
1947 3579 2138 3651 digna-

536 3680 777 3750 tionem,
813 3679 866 3733 in
896 3676 1090 3748 Ulysse
1122 3674 1492 3746 prudentiam,
1532 3673 1585 3729 in
1628 3671 1859 3731 Nestore
1899 3684 2139 3730 senectu-

529 3784 667 3832 tem.
709 3771 972 3844 Suhjiciet
1012 3770 1211 3842 aliquis
1231 3812 1248 3837 ,
1278 3764 1385 3825 ista
1412 3767 1634 3841 quidem
1664 3767 1892 3840 adeptus
1917 3783 2007 3835 es,
2042 3765 2137 3823 sed

536 3873 706 3931 effare
740 3888 847 3945 quo
888 3868 1127 3927 merito?
1167 3864 1306 3938 Quid
1332 3882 1420 3924 me
1446 3881 1643 3923 oneras
1676 3865 2024 3922 sciscitatur?
2053 3878 2140 3919 ra-

535 3967 743 4024 tionem
776 3962 1051 4021 fclicitatis
1082 3977 1240 4019 nemo
1266 3959 1466 4017 reddit.
1508 3959 1648 4015 Deus
1676 3966 1731 4015 et
1754 3959 1844 4031 qui
1877 3958 1988 4014 Deo
2014 3971 2141 4029 pro-

536 4062 722 4119 ximus
752 4059 922 4116 tacito
951 4071 1179 4114 munera
1210 4055 1463 4127 dispertit
1492 4052 1738 4122 arbitrio,
1774 4063 1828 4110 et
1847 4052 2142 4110 beneﬁcio-

534 4169 658 4211 rum
688 4167 910 4209 suorum
938 4149 1246 4221 indignatus
1277 4162 1372 4218 per
1400 4145 1651 4202 homines
1679 4154 1822 4201 stare
1847 4144 2135 4216 judicium,

536 4247 745 4304 mavult
780 4244 849 4301 de
889 4242 1118 4300 subditis
1147 4239 1365 4297 dedisse
1394 4239 1733 4296 miraculum.
1764 4240 1901 4309 Quo,
1937 4239 2137 4310 inquis,

535 4338 774 4396 merito?
806 4353 906 4409 ego
935 4336 1143 4392 nullum
1178 4334 1316 4401 scio,
1354 4332 1460 4389 nisi
1489 4332 1630 4404 quod
1665 4342 1742 4401 tu,
1770 4331 2014 4404 piissime
2039 4331 2140 4386 im-

539 4441 781 4504 perator,
804 4430 1006 4487 debere
1025 4439 1077 4485 te
1104 4429 1263 4498 dicis,
1293 4426 1472 4487 ethoc
1494 4426 1695 4484 debere
1721 4425 1984 4482 latissime
2017 4440 2141 4497 per-

540 4529 703 4583 tinet.
735 4525 859 4582 Sive
887 4522 990 4581 hoc
1020 4523 1341 4580 eruditionis
1365 4532 1471 4578 tute
1493 4520 1645 4578 fenus
1667 4523 1967 4578 existimas.
2012 4519 2139 4578 Sive

2243 1905 2372 1961 tiani
2403 1904 2746 1977 censulatus,
2779 1912 2914 1981 quos
2943 1898 3034 1965 ille
3055 1908 3261 1965 invidia
3284 1910 3489 1967 alteros
3512 1910 3827 1982 provehendi

2239 1998 2610 2058 continuando
2637 2002 2948 2073 conseruit,
2990 2002 3065 2059 ita
3092 2006 3145 2060 in
3177 2003 3297 2075 ejus
3323 2002 3583 2062 aviditate
3609 1990 3827 2075 derisus,

2239 2097 2300 2146 ut
2328 2089 2429 2147 hoe
2457 2107 2580 2147 eum
2614 2093 2807 2165 pagina
2831 2090 3094 2150 fastorum
3126 2109 3373 2163 suorum,
3398 2096 3565 2153 immo
3594 2082 3828 2153 fastidio-

2240 2188 2361 2241 ritm
2405 2182 2596 2243 fecerit
2631 2187 2958 2244 insolentem
2982 2232 2995 2255 ,
3033 2206 3133 2246 nec
3162 2190 3400 2261 potuerit
3429 2200 3695 2263 praestare
3721 2179 3828 2249 feli-

2238 2293 2378 2334 cem.
2424 2278 2578 2347 Quod
2618 2279 2664 2334 si
2709 2280 2941 2354 principi
2982 2274 3205 2339 honoris
3244 2284 3399 2340 istius
3431 2286 3732 2357 tetnperata
3762 2288 3830 2358 (et

2237 2385 2361 2442 qua:
2388 2378 2611 2428 vocatur
2636 2373 2826 2444 aurea)
2852 2374 3013 2431 debet
3041 2390 3163 2432 esse
3185 2377 3445 2434 mediocri
3455 2387 3559 2450 tas,
3583 2377 3711 2449 quid
3733 2379 3830 2450 pri-

2237 2461 2348 2517 vati
2389 2466 2562 2521 status
2605 2463 2948 2523 hominibus?
2990 2466 3126 2536 Quid
3173 2462 3528 2542 reqttanimis?
3566 2458 3705 2541 Quid
3730 2473 3826 2543 jam

2238 2555 2460 2612 senibus
2489 2558 2617 2630 erga
2645 2571 2707 2615 se
2728 2559 2945 2628 oportet
2974 2575 3098 2618 esse
3128 2562 3558 2621 moderaminis?
3588 2558 3701 2636 Ego
3722 2564 3830 2636 qui-

2238 2648 2395 2716 dem,
2425 2642 2571 2724 Quod
2602 2649 2669 2707 ad
2698 2650 2934 2709 hondrcs
2959 2669 3108 2711 meos
3138 2657 3411 2725 pertinet,
3441 2663 3498 2714 et
3535 2668 3659 2714 vota
3695 2668 3830 2715 satu-

2238 2742 2375 2799 ravi.
2421 2742 2503 2801 Tu
2546 2750 2765 2813 tamen,
2810 2744 3109 2819 imperator
3147 2750 3387 2821 optime,
3420 2758 3477 2807 tu
3505 2752 3750 2824 piisime,
3780 2762 3828 2809 tu

2236 2844 2399 2907 quem
2442 2853 2551 2894 non
2596 2836 2784 2911 fatigat
2824 2840 3156 2911 liberalitas,
3208 2844 3311 2901 nisi
3341 2847 3561 2918 quando
3590 2849 3827 2906 cessavit.

2236 2930 2317 2989 Tit
2340 2974 2355 3000 ,
2383 2930 2634 3004 inquam,
2669 2932 3144 3007 indulgentissime
3170 2937 3458 3010 Gratiane,
3499 2951 3559 2998 ut
3587 2940 3653 2998 ad
3685 2943 3830 3000 bene-

2235 3020 2544 3084 faciendum‘
2574 3026 2754 3085 subito
2783 3044 2846 3087 es
2865 3073 2882 3099 ,
2913 3047 3011 3087 nec
3037 3033 3231 3103 opinus
3260 3034 3512 3107 ingenio,
3540 3036 3719 3094 adhuc
3739 3038 3830 3094 ali-

2237 3116 2364 3192 quid
2389 3165 2403 3190 ,
2448 3110 2595 3193 quod
2635 3121 2738 3179 hoc
2777 3124 2996 3180 nomine
3044 3125 3174 3181 mihi
3227 3136 3539 3198 praestetur,
3570 3126 3826 3187 invenies.

2246 3212 2335 3269 Sic
2372 3208 2693 3279 intellexere
2736 3224 2959 3287 omnes,
2991 3216 3072 3275 sic
3101 3216 3260 3275 nobis
3286 3221 3533 3277 ordinem
3565 3222 3682 3294 ipse
3712 3223 3829 3280 feci-

2243 3300 2312 3360 stl
2333 3345 2348 3371 ,
2378 3306 2459 3362 sic
2483 3308 2694 3363 amicus
2724 3304 2836 3365 Deo
2865 3324 2925 3366 es
2946 3355 2961 3381 ,
2996 3319 3051 3365 ut
3077 3325 3105 3365 a
3140 3310 3193 3368 te
3214 3310 3326 3381 jam
3354 3312 3708 3385 impetratum
3736 3316 3828 3383 sit,

2242 3396 2386 3469 quod
2419 3413 2525 3455 non
2554 3406 2773 3473 optatur
2796 3398 2865 3459 ab
2892 3402 3105 3475 aliquo,
3154 3413 3209 3460 et
3238 3402 3383 3476 quod
3414 3407 3655 3464 nondum
3686 3418 3828 3481 opta-

2243 3496 2398 3561 mhs,
2448 3492 2791 3566 adipiscitur.
2841 3496 2910 3552 Et
2952 3513 3167 3553 rursum
3209 3496 3405 3571 aliquis
3453 3499 3710 3571 adjiciet,
3749 3509 3832 3556 aut

2241 3599 2493 3643 sermone
2521 3582 2710 3658 libere,
2738 3590 2835 3645 aut
2862 3588 3187 3662 cogitatione
3218 3588 3459 3648 liberius.
3502 3593 3693 3650 Nonne
3712 3594 3828 3649 olim

2242 3687 2297 3735 et
2318 3678 2459 3750 apud
2488 3687 2705 3737 veteres
2726 3680 2878 3738 multi
2911 3680 3180 3755 ejusmodi
3211 3670 3467 3741 doctores
3496 3683 3742 3742 fuerunt?
3768 3702 3827 3741 an

2243 3781 2300 3829 tu
2339 3772 2491 3829 solus
2526 3783 2832 3846 praeceptor
2857 3773 3133 3848 ,Augusti?
3174 3775 3346 3834 Immo
3375 3793 3480 3851 ego
3506 3795 3632 3836 eum
3662 3780 3831 3836 multis

2242 3866 2569 3939 conjunctus
2615 3867 2828 3936 ofﬁcio,
2881 3869 2979 3926 sed
3032 3886 3153 3926 cum
3203 3872 3550 3943 paucissimis
3600 3883 3831 3931 secretus

2242 3961 2515 4033 exemplo.
2550 3954 2685 4016 Nolo
2723 3959 3064 4019 Constantini
3106 3972 3413 4035 temporum
3453 3974 3641 4024 taxare
3678 3967 3832 4024 colle-

2190 4054 2205 4059 “
2240 4071 2337 4126 gas
2372 4074 2384 4109 :
2416 4055 2664 4113 Cmsares
2702 4054 3058 4114 docebantur.
3111 4056 3404 4126 Superiora
3452 4061 3826 4133 exstinguam:

2241 4147 2395 4205 dives
2409 4148 2615 4207 Seneca
2635 4165 2737 4206 nec
2755 4158 2933 4206 tamen
2952 4152 3141 4208 consul
3159 4162 3418 4225 arguetur
3436 4155 3665 4223 rectius,
3679 4168 3827 4225 quam

2240 4241 2646 4313 praedicabitur,
2673 4260 2781 4299 non
2805 4244 3070 4317 erudiisse
3092 4240 3331 4302 indolem
3352 4244 3616 4319 Neronis,
3640 4248 3732 4304 sed
3751 4262 3831 4302 ar-

2241 4351 2422 4392 masse
2443 4337 2729 4392 saevitiam.
2755 4336 3123 4406 Quintilianus
3144 4338 3447 4394 consularia
3472 4355 3569 4411 per
3587 4340 3829 4397 Clemen-

2243 4436 2351 4485 tem
2380 4438 2702 4486 ornamenta
2730 4430 2955 4486 sortitus
2974 4475 2989 4498 ,
3030 4429 3455 4489 honestamenta
3489 4434 3720 4489 nominis
3741 4447 3831 4504 po.

2244 4522 2349 4578 tius
2365 4521 2751 4594 videturquam
2772 4524 2997 4597 insignia
3016 4528 3298 4596 potestatis
3316 4525 3589 4584 habuisse.
3605 4528 3831 4598 Quomo-

539 4618 661 4674 sine
686 4616 880 4673 fenore
901 4615 1129 4686 gloriam
1157 4610 1497 4672 liberalitatis
1518 4614 1759 4671 affectas.
1782 4614 1909 4672 Site
1930 4624 1982 4671 te
2006 4630 2140 4685 pon-
2165 4592 2221 4657 Ῑ)
2246 4612 2315 4671 do
2336 4606 2581 4672 Titianus
2608 4592 2903 4686 magister;
2920 4592 3311 4690 sed-gloriosus
3340 4619 3433 4677 ille
3457 4592 3827 4693 municipalem

541 4709 676 4767 dere
706 4717 985 4778 conceptae
1013 4706 1323 4777 sponsionis
1350 4722 1634 4764 exoneras.
1678 4706 1785 4765 Seu
1821 4707 1944 4764 ﬁdei
1984 4723 2137 4764 com-

539 4803 771 4860 missum
816 4800 989 4872 patris
1031 4799 1287 4854 exsolvis.
1318 4798 1425 4854 Seu
1454 4800 1895 4871 magnanimitate
1932 4800 2139 4857 caelesti

537 4893 908 4953 05teutatione
944 4905 1241 4962 suppressa
1272 4890 1363 4946 Dei
1402 4906 1597 4947 munus
1637 4890 1887 4947 imitaris.
1926 4891 2138 4949 Debere

541 5004 596 5052 te
626 4994 784 5052 dicis.
826 4992 966 5049 Cui?
1001 4987 1264 5060 Quando?
1299 4988 1417 5058 Quo
1451 4990 1710 5047 nomine?
1749 4990 1891 5063 Lege
1913 5005 2138 5063 syngra-

537 5086 724 5158 pham.
755 5083 986 5142 Nomina
1013 5080 1364 5139 creditorem.
1397 5083 1620 5154 Accepti
1642 5091 1699 5140 ct
1726 5084 1949 5155 expensi
1978 5086 2133 5141 tabu-

539 5182 611 5238 lte
637 5180 1008 5238 conferantur.
1049 5174 1274 5234 Videbis
1309 5175 1414 5232 alio
1452 5191 1677 5234 summa:
1717 5179 1871 5234 istius
1903 5181 2134 5236 transire

536 5277 844 5342 rationem,
890 5272 986 5329 tibi
1024 5270 1191 5343 coepit
1234 5270 1376 5326 Deus
1415 5266 1618 5326 debere
1658 5278 1757 5343 pro
1783 5266 1962 5329 nobis.
1993 5274 2130 5342 Quid

534 5381 719 5428 autem
764 5367 898 5426 mihi
941 5366 1144 5437 debes,
1193 5363 1504 5438 gratissime
1550 5365 1881 5436 imperator?
1924 5367 2132 5424 Patitur

535 5464 683 5520 enim
723 5463 1034 5519 humanitas
1075 5469 1194 5528 tua,
1236 5465 1297 5514 ut
1328 5465 1526 5529 prmter
1554 5460 1733 5530 regias
1765 5460 1994 5517 virtutes
2020 5458 2133 5533 pri-

530 5566 656 5612 vata
690 5554 1052 5627 appellatione
1090 5552 1350 5609 lauderis.
1397 5546 1540 5619 Quid
1569 5558 1626 5606 tu
1667 5550 1799 5607 mihi
1834 5546 2040 5611 debes?
2075 5563 2132 5611 et

533 5657 724 5705 contra
755 5648 884 5720 quid
915 5664 1022 5704 non
1053 5662 1157 5719 ego
1188 5645 1284 5702 tibi
1313 5643 1528 5701 debeo?
1556 5659 1697 5700 anne
1747 5645 1887 5716 quod
1933 5646 2132 5704 docui?

532 5739 642 5796 hoc
666 5754 767 5812 ego
797 5754 1017 5811 possum
1049 5739 1233 5795 verius
1263 5743 1615 5808 retorquere,
1660 5732 1882 5810 dignum
1912 5755 1997 5798 me
2026 5739 2125 5798 ha-

531 5828 702 5889 bitum
720 5871 736 5902 ,
767 5832 862 5906 qui
894 5828 1145 5892 docerem
1165 5873 1181 5903 ,
1222 5836 1302 5890 tot
1328 5829 1580 5891 facundia
1610 5820 1964 5907 doctrinaque
1991 5850 2131 5910 prae-

2240 4711 2480 4767 scholam
2521 4708 2666 4783 apud
2709 4711 3085 4769 Visontionem
3125 4713 3556 4787 Lugdunumque
3584 4716 3830 4773 varianda

2240 4820 2347 4861 non
2363 4812 2523 4861 mtate
2535 4804 2777 4876 quidem,
2793 4803 2887 4862 sed
2906 4805 3113 4863 vilitate
3131 4809 3435 4863 consenuit.
3453 4798 3622 4866 Unica
3639 4809 3763 4865 mihi
3777 4816 3830 4864 et

2237 4898 2610 4970 amplectenda
2641 4907 2723 4956 est
2744 4897 3033 4955 Frontonis
3056 4899 3305 4965 imitatio,
3331 4917 3494 4972 quem
3526 4909 3699 4959 tamen
3726 4905 3829 4957 Au-

2237 4991 2379 5063 gusti
2432 4993 2753 5063 magistrum
2803 4992 2884 5049 sic
2932 4995 3246 5049 consulatus
3280 4996 3539 5063 ornavit,
3589 5006 3647 5052 ut
3691 5009 3821 5067 prec.

2243 5084 2445 5139 lectura
2468 5099 2575 5139 non
2604 5085 2873 5156 cingeret.
2903 5082 3009 5141 Sed
3032 5084 3349 5147 consulatus
3397 5086 3491 5143 ille
3535 5086 3825 5159 cujusmodi

2243 5174 2526 5233 ordinario
2553 5174 2837 5247 sutl‘ectus,
2872 5176 3121 5234 bimestri
3158 5180 3333 5249 spatio
3370 5178 3739 5252 interpositus,
3773 5182 3823 5235 in

2241 5278 2394 5327 sexta
2436 5271 2562 5327 anni
2596 5282 2752 5343 parte
2778 5264 3169 5343 eonsumptus,
3201 5274 3558 5345 quaerendum
3604 5278 3657 5331 ut
3702 5273 3824 5331 reli-

2239 5369 2420 5441 querit
2477 5376 2659 5424 tantus
2710 5378 2923 5436 orator,
2982 5367 3182 5438 quibus
3234 5368 3553 5427 consulibus
3604 5368 3826 5441 gesserit

2238 5445 2605 5519 consulatum.
2658 5461 2798 5518 Ecce
2843 5456 2990 5515 aliud
3039 5460 3185 5532 quod
3230 5460 3432 5532 aliquis
3478 5468 3732 5535 opponat,
3764 5460 3819 5515 in

2234 5553 2374 5611 tanti
2401 5569 2532 5628 ergo
2562 5565 2615 5613 te
2642 5555 2878 5611 oratoris
2908 5554 3187 5624 fastigium
3214 5562 3269 5611 te
3288 5554 3566 5627 gloriosus
3591 5549 3821 5609 attollis?

2232 5649 2321 5705 cui
2355 5649 2480 5704 talia
2516 5649 2817 5721 requirenti
2860 5647 3208 5720 respondebo
3259 5647 3504 5706 breviter
3528 5690 3543 5717 ,
3575 5647 3687 5704 Non
3722 5658 3819 5715 ego

2234 5759 2323 5800 me
2366 5743 2643 5801 contendo
2671 5742 2958 5813 Frontoni,
2993 5742 3089 5800 sed
3116 5742 3394 5800 Antonino
3426 5744 3652 5813 praefero
3690 5740 3817 5797 Gra-

2238 5837 2467 5895 tianum.
2488 5830 2783 5899 Celebrant
2799 5834 3020 5908 quidem
3047 5833 3322 5895 solemnes
3347 5835 3485 5895 istos
3504 5835 3620 5895 dies
3636 5841 3815 5892 omnes
