4072 6306
228 278 336 374 ὀμ

1206 304 1301 364 AD
1338 284 1852 367 IMPERATOBEM
1881 282 2304 359 ﬁRA'l'lAltUM
2343 296 2567 357 ACTIO.

3433 288 3541 354 οη

246 426 442 499 ubique
469 424 660 490 urbes,
707 434 829 493 quae
861 418 961 478 sub
998 420 1208 494 legibus
1240 429 1439 493 agunt,
1484 428 1538 476 et
1558 417 1733 475 Roma
1756 500 1757 503 η
1777 408 1847 472 de
1872 413 1922 476 Α
1950 433 2017 475 an
2048 418 2276 490 utquod
2303 416 2357 476 in
2389 416 2685 492 procinctu.
2702 409 3019 475 Centur’iata
3059 403 3360 474 dicentur?
3387 426 3454 471 an
3486 422 3548 471 ut:

250 532 420 585 more,
465 524 521 572 ct
549 513 1056 585 Constantinopolis
1094 513 1163 570 de
1190 512 1518 581 imitatione,
1549 506 1876 568 Antiochia'
1949 507 2221 585 quondam
2250 504 2581 584 pontificalia
2607 511 2950 570 vocabuntur
2991 508 3112 567 sine
3140 508 3376 565 arbitrio
3403 507 3548 563 mul-

255 627 352 687 pro
380 612 535 674 luxu,
570 619 626 666 et
655 608 930 680 Carthago
957 604 1245 678 discincta,
1277 615 1333 664 et
1357 606 1554 665 domus
1601 594 1847 660 fulminis
1952 600 2198 665 titudinis
2227 610 2572 667 sacerdotum
2612 618 2788 667 tracta
2819 608 3049 682 collegio
3071 608 3094 663 ?
3115 608 3209 665 Sic
3236 606 3439 678 potius,
3465 605 3547 661 sic

261 704 609 770 Alexandria,
641 704 737 761 sed
768 700 980 761 Treviri
1015 696 1276 775 principis
1313 701 1604 768 beneficio,
1638 707 1692 755 et
1721 712 1847 754 mox
1950 704 2725 775 vocentur,quaztu,pontifex
2748 702 3171 771 maximus,Deo
3187 700 3547 773 participatus

257 812 375 857 Cum
402 797 524 868 ipso
554 805 747 852 θυῑοτθ
774 793 1026 851 bellom“
1058 788 1178 850 ἷοω
1208 788 1354 849 inter
1382 802 1442 849 se
1474 791 1701 857 distat“,
1727 798 1847 847 νοω
1955 795 2349 855 babuisti.Non
2368 797 2661 869 estingenii
2683 795 3402 869 mei,piissimeimperator,
3420 792 3548 849 talia

259 893 625 951 consentiunt.
678 889 831 948 Unus
870 883 929 945 in
974 902 1072 946 ore
1121 882 1361 945 omnium
1410 884 1703 945 Gratianus
1751 896 1850 955 po-

262 994 454 1043 testate
485 983 807 1056 imperator,
841 982 1046 1038 virtute
1091 981 1303 1050 victor,
1340 972 1617 1053 Augustus
1647 970 1854 1036 sancti-

265 1087 404 1147 tate,
435 1077 681 1151 pnntifex
731 1075 1039 1148 religione,
1088 1072 1421 1147 indulgentia
1469 1078 1644 1147 pater,
1694 1080 1855 1128 actate

265 1172 441 1239 ﬁlius,
492 1170 698 1242 pietate
741 1176 1061 1241 utrumque.
1117 1164 1239 1224 Non
1286 1174 1506 1239 possum
1537 1164 1663 1223 lidei
1693 1177 1857 1222 causa

265 1263 553 1322 ostendere
595 1262 865 1332 imagines
896 1260 1168 1332 majorum
1200 1267 1443 1340 meorum
1490 1258 1572 1332 (ut
1602 1258 1677 1314 ait
1714 1254 1859 1328 apud

265 1356 578 1416 Sallustium
612 1353 835 1427 Marius)
865 1362 965 1412 nec
1000 1344 1290 1410 deductum
1316 1346 1385 1410 ab
1406 1342 1666 1409 heroibus
1689 1362 1860 1423 genus

267 1450 331 1509 ad
357 1451 584 1507 deorum
618 1452 851 1505 stemma
893 1444 1184 1519 replicare,
1216 1454 1319 1503 nec
1363 1438 1576 1517 ignotas
1619 1452 1773 1515 opes,
1808 1451 1864 1500 et

268 1542 590 1617 patrimonia
625 1550 818 1613 sparsa
847 1536 951 1598 sub
982 1540 1185 1614 regnis,
1214 1539 1309 1596 scd
1334 1548 1398 1596 ea
1425 1546 1545 1612 qua:
1561 1546 1691 1597 nota
1715 1540 1863 1605 sunt,

270 1639 451 1695 dicere
475 1636 683 1708 potius,
713 1646 874 1707 quam
909 1634 1228 1705 prtedicare.
1257 1622 1496 1689 Patriam
1525 1646 1633 1689 non
1666 1630 1867 1715 obscu:

1957 882 2321 954 comminisci.
2357 891 2534 949 Verba
2583 898 2713 948 sunt
2758 891 3062 947 litterarum
3090 899 3328 954 tuarum,
3357 886 3554 957 quibus

1961 987 2102 1060 apud
2135 1001 2223 1043 me
2250 986 2631 1043 auctoritatem
2658 985 2856 1042 summi
2878 984 3140 1051 numinis,
3163 992 3218 1041 et
3241 992 3350 1038 tute
3367 981 3560 1038 volun-

1962 1082 2091 1136 tatis
2135 1077 2455 1151 amplilicas.
2488 1078 2580 1135 Sic
2617 1078 2762 1139 enim
2803 1077 3076 1150 loqueris:
3106 1076 3238 1133 Cum
3273 1075 3339 1131 de
3363 1091 3558 1132 consu-

1963 1173 2099 1228 libus
2132 1173 2190 1229 in
2229 1189 2422 1228 annum
2452 1172 2688 1229 creandis
2716 1172 2857 1227 solus
2885 1186 3086 1227 mecum
3138 1171 3422 1227 volutarent
3447 1206 3464 1237 ,
3508 1175 3565 1223 nt

1964 1282 2044 1324 me
2072 1265 2228 1336 nosti,
2258 1273 2411 1339 atque
2439 1276 2495 1321 ut
2520 1265 2693 1337 facere
2718 1264 2894 1333 debui,
2922 1272 2980 1319 ut
3007 1263 3135 1320 velle
3186 1272 3235 1319 te
3260 1263 3410 1331 scivi,
3440 1277 3565 1317 con-

1965 1358 2142 1415 silium
2166 1366 2341 1415 meum
2365 1358 2434 1413 ad
2455 1357 2625 1415 Deum
2640 1358 2819 1426 retuli,
2847 1361 2961 1432 ejus
2980 1358 3280 1413 auctoritati
3302 1357 3572 1413 obsecutus

1969 1460 2017 1508 te
2040 1453 2301 1508 consulem
2325 1453 2618 1527 designavi,
2646 1461 2694 1509 et
2719 1452 3003 1519 declaravi,
3033 1460 3082 1509 ct
3106 1451 3336 1523 priorem
3368 1466 3572 1506 nuncu-

1970 1540 2107 1619 pavi.
2158 1540 2329 1619 Cujus
2373 1535 2640 1604 orationis
2682 1547 2820 1604 ordo
2847 1545 3119 1604 lucidior?
3152 1560 3280 1618 quae
3322 1544 3573 1602 doctrina

1974 1651 2083 1696 tam
2111 1638 2345 1710 diligens
2396 1639 2632 1711 propriis
2671 1639 3018 1697 comitiorum
3058 1638 3246 1696 verbis
3273 1637 3443 1709 loqui,
3470 1650 3575 1692 nec

273 1740 386 1787 fam
406 1774 424 1801 ν
455 1727 718 1785 familiam
756 1740 864 1783 που
900 1724 1271 1798 Ρωιιίιθηάῐηη
1295 1769 1311 1795 ν
1345 1716 1567 1781 domum
1607 1716 1869 1781 ἶηηοεϐη·
1900 1804 1909 1805 ί
1974 1722 2256 1788 vocabulis
2282 1733 2453 1790 moris
2480 1731 2692 1801 antiqui
2722 1731 2943 1789 nomina
2966 1731 3252 1805 peregrina
3292 1729 3577 1786 miscere?

276 1833 402 1890 tem,
450 1821 825 1879 innocentiam
857 1828 966 1877 non
997 1826 1266 1890 coactam,
1297 1824 1555 1891 angustas
1600 1826 1755 1891 opes,
1783 1822 1876 1874 ve-
1898 1804 1952 1874 ’Β
1985 1822 2173 1880 Valete
2194 1812 2360 1879 modo
2387 1824 2617 1891 classes,
2642 1822 2854 1894 populi,
2891 1831 2948 1879 et
2974 1804 3309 1879 urbanarum
3342 1820 3581 1878 tribuum

273 1924 582 1974 rumtamen
631 1910 817 1984 libris,
856 1922 914 1972 et
942 1906 1130 1973 liberis
1172 1906 1464 1984 dilatata's,
1504 1910 1875 1986 frugalitatem

279 2018 395 2072 sine
440 2008 722 2083 sordibus,
770 2010 1046 2083 ingenium
1074 2000 1329 2078 liberale,
1359 2003 1601 2067 animum
1633 2024 1739 2065 non
1771 2002 1881 2065 illi-

281 2109 550 2181 beralem,
585 2098 810 2176 victum,
858 2102 1146 2174 vestitum,
1175 2100 1601 2177 supellectilem,
1653 2101 1879 2171 munda,

280 2210 385 2262 n'on
415 2192 723 2274 splendida.
753 2196 1045 2267 Veteribus
1070 2204 1126 2255 ut
1148 2194 1256 2255 illis
1280 2198 1605 2256 consulibus
1628 2196 1881 2271 (excepta

279 2312 398 2370 quae
416 2305 537 2353 tum
569 2304 686 2352 erat
709 2292 1030 2352 bellicarum
1060 2288 1353 2350 collatione
1378 2288 1666 2364 virtutum)
1693 2289 1737 2346 si
1761 2291 1883 2361 quis

282 2405 369 2449 me
397 2389 656 2447 conferre
689 2387 963 2460 dignetur,
996 2395 1224 2460 seponat
1252 2377 1614 2458 opulentiam,
1654 2400 1762 2441 non
1790 2382 1887 2441 de-

286 2492 579 2557 rogaturus
604 2480 952 2539 industriam.
984 2476 1188 2537 Verum
1212 2479 1469 2549 quoniam
1499 2469 1689 2550 gratiis
1723 2482 1888 2550 agen-

285 2580 367 2638 dis
388 2570 717 2653 jamdudum
748 2575 1049 2634 succumbo
1072 2575 1350 2644 ‘mate‘rim,
1377 2585 1433 2630 tu
1463 2571 1697 2630 orationi
1728 2580 1887 2638 mete,

286 2666 572 2741 Gratiane,
606 2669 859 2727 succede.
892 2662 998 2736 Tu,
1026 2657 1306 2736 Gratiane,
1335 2667 1426 2738 qui
1455 2658 1559 2723 boc
1584 2672 1786 2722 nemon
1812 2665 1891 2721 sic

285 2785 382 2842 per
406 2760 692 2826 fortunam
721 2756 953 2837 adeptus
978 2779 1060 2833 es,
1088 2770 1149 2818 ‘ut
1174 2776 1338 2818 nemo
1380 2761 1567 2820 verius
1594 2759 1893 2817 ambitione

289 2864 596 2938 quaesierit.
630 2861 820 2935 Neque
853 2859 998 2918 enim
1026 2857 1225 2931 justius
1254 2848 1506 2915 Metellus
1534 2864 1896 2930 cognomento

288 2948 444 3026 Pius,
475 2965 632 3028 patre
648 2961 927 3020 revocato,
955 2952 1211 3023 quiesset
1232 2942 1432 3022 impius
1458 2949 1773 3005 exsulante:
1806 2953 1899 3002 aut

289 3050 478 3106 verius
506 3045 659 3120 Sylla
705 3036 855 3111 felix,
902 3050 1064 3116 quam
1112 3034 1364 3109 felicior,
1408 3047 1698 3113 antequam
1743 3052 1902 3097 voca-

288 3148 467 3211 retur,
521 3154 683 3216 quam
714 3148 803 3209 tu,
834 3139 1124 3206 Gratiane,
1154 3137 1238 3194 cui
1267 3142 1323 3193 et
1351 3136 1455 3193 hoc
1486 3150 1684 3193 nomen
1713 3135 1818 3203 est,
1847 3140 1903 3190 et

293 3232 387 3294 illa
413 3232 644 3304 Metelli,
668 3228 942 3308 Syllazque
972 3230 1324 3303 'coguomin‘a.
1352 3224 1458 3299 Tu,
1491 3224 1735 3301 inquam,
1766 3224 1903 3284 Gra-

294 3329 475 3397 tiane,
513 3326 606 3397 qui
655 3327 758 3381 boc
802 3336 912 3380 non
967 3320 1196 3395 singulis
1244 3321 1424 3393 factis,
1475 3312 1573 3378 sed
1640 3328 1901 3393 perpetua

295 3437 456 3497 grate
497 3419 694 3495 agendi
720 3419 1056 3493 benignitate
1085 3410 1372 3493 mer/nisti:
1407 3408 1522 3483 cui,
1556 3404 1662 3470 nisi
1691 3408 1762 3469 ab
1803 3425 1905 3468 avo

298 3516 599 3574 deductum
624 3521 790 3581 esset,
821 3512 892 3567 ab
912 3504 1165 3567 omnibus
1193 3504 1503 3567 adderetur.
1522 3500 1605 3563 'l‘u
1634 3508 1752 3579 ipse
1783 3500 1903 3577 tibi,

298 3611 548 3682 inquam,
579 3621 681 3679 pro
710 3616 798 3662 ‘me
819 3589 1046 3678 gratiam
1087 3601 1256 3672 refer,
1300 3606 1383 3671 tu,
1407 3610 1623 3672 tumque
1649 3592 1903 3656 virtutes.

298 3703 549 3772 Bonitas,
570 3700 675 3772 qua
706 3700 759 3755 in
790 3712 980 3755 omnes
1009 3695 1253 3769 proliitus
1273 3700 1355 3764 es,
1394 3696 1689 3766 perpetuus
1714 3688 1771 3748 in
1798 3704 1906 3748 me.

301 3797 514 3864 Pietas,
544 3806 647 3867 qua
680 3793 864 3850 orbem
908 3796 1060 3847 tuum
1090 3799 1388 3861 temperas,
1432 3800 1704 3858 quamque
1734 3785 1786 3840 in
1823 3778 1910 3839 ul-

304 3886 570 3948 ciscendo
620 3895 817 3959 patruo
846 3880 1069 3956 probas,
1103 3880 1305 3938 tuendo
1337 3880 1392 3937 in
1442 3878 1610 3935 fratre
1638 3876 1911 3944 cumulas,

305 3981 559 4040 ornando
581 3981 633 4037 in
666 3986 1004 4052 praeceptore
1035 3976 1386 4048 multiplicas.
1413 3975 1549 4046 Agat
1577 3973 1784 4046 gratias
1806 3970 1916 4029 cle-

310 4075 542 4144 mentia,
576 4086 737 4146 quam
770 4073 1009 4129 humano
1037 4071 1221 4142 generi
1268 4069 1557 4140 impertis:
1591 4058 1912 4135 liberalitas,

310 4185 418 4243 qua
443 4167 586 4225 ditas
610 4155 799 4223 omnes
827 4181 840 4220 :
870 4163 1156 4232 fortitudo,
1183 4161 1490 4234 quajvincis
1514 4177 1528 4215 :
1556 4168 1611 4216 et
1631 4174 1783 4216 mens
1814 4158 1918 4214 ista

317 4278 506 4331 aurea,
536 4270 700 4334 quam
721 4261 790 4318 de
814 4258 1091 4316 communi
1115 4257 1219 4315 deo
1250 4258 1392 4329 plus,
1422 4271 1583 4330 quam
1616 4271 1758 4312 unus
1784 4254 1922 4311 bau-

316 4358 462 4417 sisti.
487 4354 668 4429 Agunt
696 4362 752 4412 et
785 4370 886 4426 pro
904 4368 992 4411 me
1013 4354 1220 4426 gratias
1248 4367 1413 4410 voces
1442 4351 1686 4409 omnium
1716 4348 1922 4406 Gallia-

317 4468 467 4524 rum,
515 4464 744 4523 quarum
791 4448 1053 4522 praefecto
1096 4446 1238 4505 banc
1266 4444 1736 4505 honorificentiam
1767 4443 1925 4501 detu-

322 4547 439 4603 listi
464 4563 479 4601 :
512 4546 652 4602 ultra
680 4542 1035 4616 progredior,
1069 4552 1126 4600 et
1155 4542 1259 4599 hoc
1285 4543 1415 4613 quia
1455 4539 1657 4599 debere
1689 4550 1742 4597 te
1763 4536 1923 4596 dicis.

324 4641 465 4713 Agat
494 4653 616 4711 quae
638 4607 844 4709 optime
865 4607 1031 4709 agere
1049 4643 1251 4707 potest,
1268 4607 1376 4690 vox
1396 4634 1525 4701 ista,
1549 4648 1712 4705 quam
1740 4629 1921 4689 docui.
1950 4607 2007 4672 Ῑ)

325 4716 659 4793 Iamdudum
690 4738 873 4788 autem
917 4745 1079 4803 quam
1110 4730 1247 4802 grati
1297 4728 1484 4796 animi,
1520 4736 1627 4783 tam
1659 4716 1929 4784 sermonis

333 4826 516 4900 exigui
562 4825 648 4899 (ut
700 4836 864 4896 supra
915 4823 1120 4880 dictum
1174 4822 1279 4896 est)
1309 4821 1603 4879 succumbo
1647 4820 1928 4887 materiae,

330 4935 509 4993 neque
553 4918 732 4975 adhuc
776 4918 865 4975 illa
915 4918 1238 4989 perstrinxi,
1272 4931 1394 4989 qua:
1426 4932 1495 4973 ne
1532 4916 1932 4973 infantissimus

332 5014 579 5088 quidem,
596 5013 700 5069 nisi
717 5012 858 5069 idem
882 5011 1258 5084 impiissimus,
1275 5010 1570 5067 eminentia
1589 5025 1687 5082 per
1708 5009 1930 5079 famam,

336 5116 392 5166 et
419 5105 664 5165 omnium
692 5104 910 5176 gaudiis
945 5111 1142 5161 testata
1181 5104 1563 5175 supprimeret.
1596 5102 1730 5172 Quae
1776 5118 1939 5176 supra

336 5203 487 5261 vires
507 5199 726 5257 dicendi
758 5212 908 5257 meas
934 5197 1112 5271 posita
1155 5206 1383 5255 cunctor
1421 5199 1711 5270 attingere,
1739 5207 1831 5253 aut
1853 5197 1940 5254 in-

337 5298 479 5371 grati
520 5294 752 5353 crimine
798 5290 1138 5368 arguendus,
1169 5297 1263 5349 aut
1301 5291 1574 5349 temerarii
1606 5290 1945 5363 professione

345 5389 670 5465 culpandus,
696 5398 880 5446 tamen
927 5388 1161 5446 alterum
1191 5403 1314 5445 cum
1344 5385 1684 5444 subeundum
1728 5388 1819 5452 sit,
1851 5396 1949 5443 au-

353 5486 571 5544 daciam
613 5496 774 5556 quam
824 5474 1263 5537 malevolentiam
1295 5480 1439 5537 malo
1462 5479 1812 5553 reprehendi.
1844 5478 1949 5548 Tu,

356 5582 602 5652 Auguste
632 5575 984 5642 venerabilis,
1018 5574 1302 5631 districtus
1330 5577 1569 5632 maximo
1590 5574 1955 5644 bello,'assul-

1983 1920 2391 1989 pracrogativze,
2413 1966 2419 1972 .
2443 1928 2499 1974 et
2524 1917 2790 1974 centuria:
2828 1917 2956 1988 jure
2983 1927 3277 1975 revocatas.
3314 1917 3447 1986 Quae
3486 1930 3583 1973 co-

1987 2008 2134 2066 mitia
2166 2000 2417 2083 pleniora
2445 2026 2703 2083 umquam
2735 2008 2978 2080 fuerunt,
3023 2025 3186 2083 quam
3213 2011 3412 2083 quibus
3439 2026 3584 2082 prte-

1985 2105 2125 2161 stitit
2150 2104 2297 2162 Deus
2318 2104 2630 2175 consilium,
2659 2106 2958 2177 imperator
2972 2104 3333 2179 obsequium?
3355 2105 3425 2162 Et
3441 2120 3588 2163 nunc

1987 2213 2112 2270 ego,
2136 2197 2380 2269 piissime
2401 2200 2719 2272 imperator,
2747 2214 2818 2256 ne
2839 2198 3115 2271 fastigium
3134 2200 3394 2256 auditorii
3416 2200 3587 2269 sacri,

1988 2294 2261 2352 dictorum
2293 2303 2507 2351 tuorum
2545 2292 2768 2351 timidus
2804 2294 3080 2365 interpres
3122 2292 3420 2365 oil’endam,
3451 2293 3592 2350 divi-

1990 2389 2177 2446 nitatis
2196 2390 2304 2447 tum
2328 2404 2499 2462 prope
2520 2404 2644 2446 cum
2664 2389 2885 2462 piaculo
2904 2388 3069 2447 verba
3095 2398 3434 2447 transcurro.
3457 2389 3593 2445 Cum

1992 2483 2057 2539 de
2104 2483 2402 2541 consulibus
2424 2525 2440 2553 ,
2475 2484 2689 2557 inquis,
2728 2482 2787 2541 in
2828 2498 3029 2539 annum
3068 2483 3352 2540 creandis:
3381 2480 3599 2540 erudita

1992 2591 2121 2643 vox,
2152 2585 2209 2633 et
2228 2591 2362 2635 cura
2384 2577 2648 2635 solemnis
2671 2578 2686 2633 l
2712 2576 2844 2633 Cum
2866 2577 3015 2634 satus
3041 2592 3243 2634 meeum
3269 2576 3556 2634 volutet-em
3576 2592 3596 2631 :

1995 2686 2031 2728 ο
2058 2662 2313 2742 profundi
2357 2672 2589 2729 altitudo
2626 2672 2867 2730 secreti!
2896 2671 3070 2730 babes
3110 2684 3246 2745 ergo
3280 2672 3603 2730 consiliato-

1999 2782 2139 2835 rem,
2174 2776 2237 2824 et
2265 2782 2372 2824 non
2422 2766 2624 2825 metuis
2652 2766 3013 2838 proditorem.
3046 2764 3117 2823 Ut
3142 2783 3225 2822 me
3260 2766 3397 2823 nosti
3420 2783 3435 2822 :
3462 2765 3603 2837 quid

1999 2860 2356 2919 familiarius?
2391 2860 2461 2919 Ut
2506 2866 2684 2935 facere
2717 2861 2874 2918 debui
2898 2876 2920 2917 :
2940 2859 3076 2932 quid
3105 2859 3490 2917 constantius?
3530 2856 3606 2915 Ut

2002 2958 2131 3014 velle
2155 2965 2203 3013 te
2238 2958 2363 3013 scivi
2389 2972 2410 3015 :
2438 2955 2569 3029 quid
2597 2956 2705 3014 dici
2758 2954 3012 3012 blandius
3054 2954 3284 3027 potest?
3314 2953 3605 3011 Consilium

2004 3069 2173 3109 meum
2204 3052 2275 3108 ad
2309 3051 2477 3108 Deum
2504 3051 2681 3109 retuli.
2704 3049 2778 3108 Et
2815 3048 3273 3123 quemadmodum
3302 3049 3475 3116 solus,
3516 3047 3611 3103 cui

2002 3150 2209 3216 praesto
2237 3154 2326 3201 est
2352 3155 2460 3202 tam
2499 3142 2704 3216 grande
2746 3142 3075 3200 consilium?
3103 3139 3188 3197 An
3226 3141 3443 3215 plenius
3478 3152 3610 3196 cum

2007 3248 2201 3297 senatu
2223 3280 2241 3307 ,
2289 3253 2413 3295 cum
2459 3237 2700 3311 equestri
2728 3236 2921 3313 ordine
2942 3280 2956 3308 ,
2987 3250 3111 3293 cum
3150 3235 3311 3308 plebe
3341 3236 3610 3304 Romana,

2008 3347 2131 3390 cum
2182 3333 2424 3389 exercitu
2476 3341 2608 3399 tuo,
2661 3340 2721 3389 et
2762 3330 3062 3404 provinciis
3108 3329 3363 3386 omnibus
3404 3329 3617 3386 delibe-

2008 3425 2230 3482 rasses?
2267 3422 2557 3481 Consilium
2600 3439 2776 3480 meum
2803 3424 2875 3478 ad
2902 3423 3075 3479 Deum
3114 3423 3298 3480 retuli.
3354 3421 3473 3479 Non
3520 3430 3614 3492 ut,

2009 3517 2199 3587 credo,
2239 3533 2439 3576 novum
2463 3532 2740 3588 sumeres,
2760 3517 2863 3576 sed
2895 3526 2955 3579 ut
2983 3516 3227 3576 sanctius
3253 3516 3429 3586 fieret,
3462 3515 3613 3589 quod

2008 3612 2233 3669 volebas
2251 3613 2375 3685 ejus
2400 3612 2714 3671 auctoritati
2736 3612 3034 3670 obsecutus
3058 3611 3298 3680 scilicet,
3329 3618 3391 3668 ut
3410 3611 3464 3667 in
3480 3623 3618 3668 con-

2012 3705 2281 3761 secrando
2324 3715 2504 3777 patre,
2532 3705 2590 3760 in
2619 3705 2934 3762 ulciscendo
2964 3714 3182 3777 patruo,
3225 3705 3283 3761 in
3308 3703 3622 3776 coaptando

2013 3798 2180 3856 fratre
2209 3798 2407 3856 fecisti.
2449 3798 2524 3855 Te
2555 3800 2824 3860 consulem
2850 3800 3143 3874 designavi,
3172 3809 3223 3857 et
3256 3799 3539 3869 declaravi,
3572 3809 3622 3854 et

2016 3893 2242 3964 priorem
2271 3891 2585 3964 nuncupavi.
2622 3890 2759 3960 Quis
2786 3891 2904 3948 hmo
2943 3891 3113 3948 verba
3161 3900 3217 3947 te
3260 3891 3488 3948 docuit?
3515 3906 3619 3962 ego

2020 3995 2127 4042 tam
2153 3987 2371 4058 propria
2388 4027 2405 4056 ,
2449 3996 2507 4043 et
2529 3993 2639 4042 tam
2666 3984 2856 4043 Latina
2883 3985 3105 4054 nescivi,
3135 3985 3425 4057 designavi,
3457 3994 3506 4041 et
3530 3986 3626 4040 tte-

2020 4080 2237 4148 claravi,
2264 4090 2314 4137 et
2343 4080 2658 4152 nuncupavi.
2684 4078 2805 4136 Non
2836 4080 2899 4136 fit
2927 4079 3031 4135 hoc
3057 4088 3287 4149 temere,
3318 4078 3490 4146 habet
3506 4092 3630 4134 mo-

2021 4160 2112 4228 ras
2138 4186 2264 4229 suas
2292 4170 2594 4245 dispartitis
2628 4171 2892 4244 gradibus
2935 4178 3051 4228 tam
3078 4179 3289 4227 matura
3324 4171 3623 4226 cunctatio.

2022 4264 2133 4323 Has
2169 4280 2274 4338 ego
2304 4266 2512 4323 litteras
2539 4272 2661 4322 tuas
2702 4265 2756 4322 in
2792 4263 3046 4321 omnibus
3073 4262 3225 4335 pilis,
3254 4269 3419 4335 atque
3448 4262 3626 4333 porti-

2025 4356 2183 4416 cibus
2210 4358 2380 4432 (unde
2407 4358 2479 4415 de
2504 4358 2670 4431 plano
2698 4356 2803 4430 legi
2834 4357 3070 4428 possint)
3096 4354 3271 4413 instar
3297 4354 3463 4412 edicti
3489 4369 3626 4426 pcn-

2028 4453 2158 4511 dere
2184 4451 2542 4511 mandavero.
2574 4451 2766 4509 Nonne
2797 4461 2875 4508 tot
2904 4451 3100 4509 statuis
3141 4449 3474 4518 bonorabor,
3493 4457 3631 4521 quot

2029 4548 2237 4606 fuerint
2274 4547 2488 4620 paginae
2524 4544 2882 4602 libellorum?
2906 4542 3006 4601 sed
3034 4541 3102 4601 ad
3126 4540 3380 4615 planiora
3402 4541 3628 4598 festino.

2030 4641 2115 4698 Ab
2158 4639 2260 4698 bac
2298 4640 2447 4699 enim
2498 4638 2806 4696 litterarum
2850 4637 2919 4694 ad
2957 4651 3048 4695 me
3090 4635 3342 4694 datarum
3369 4642 3524 4708 parte
3549 4634 3637 4690 di-

2031 4748 2278 4807 gressus,
2305 4747 2373 4792 eo
2396 4744 2615 4806 quoque
2644 4730 3012 4801 descendisti,
3038 4739 3102 4788 ut
3128 4738 3425 4802 quaret-es,
3457 4726 3635 4799 qualis

2035 4826 2101 4883 ad
2133 4841 2223 4885 me
2250 4825 2436 4884 trabea
2457 4825 2790 4882 mitteretur.
2821 4825 2994 4883 Omne
3022 4822 3372 4897 largitionum
3412 4831 3631 4877 tuarum

2036 4917 2396 5000 ministerium
2442 4916 2809 4974 sollicitudine
2838 4916 3098 4988 fatigasti.
3130 4914 3250 4971 Non
3290 4925 3425 4984 ergo
3465 4923 3633 4981 supra

2037 5012 2381 5070 consulatum
2417 5009 2551 5067 mihi
2592 5019 2679 5068 est
2720 5009 2961 5068 adhibita
3002 5022 3101 5080 per
3129 5014 3185 5063 te
3211 5019 3341 5061 cura
3370 5013 3482 5059 tam
3508 5001 3638 5059 dili-

2042 5120 2199 5179 gens.
2252 5105 2363 5163 Pro
2407 5119 2497 5162 me
2530 5117 2666 5162 cura
2708 5113 2818 5162 tam
2851 5101 3022 5161 felix?
3058 5098 3280 5171 Illyrico
3315 5110 3466 5153 arma
3502 5110 3643 5168 qua-

2045 5201 2277 5257 tiuntur.
2308 5198 2392 5257 Tu
2415 5212 2535 5256 mea
2559 5213 2727 5256 causa
2748 5213 2847 5270 per
2880 5194 3088 5252 Gallias
3109 5190 3350 5249 civilium
3380 5190 3645 5249 decorum

2049 5294 2368 5352 indumenta
2391 5293 2699 5366 dispensas.
2720 5291 3008 5350 Loricatus
3026 5287 3097 5345 de
3125 5295 3249 5358 toga
3278 5299 3399 5342 mea
3419 5292 3648 5341 tractas.

2052 5389 2112 5447 In
2148 5388 2430 5463 procinctu
2460 5399 2515 5447 et
2543 5389 2780 5447 maxime
2814 5383 3169 5443 dimicaturus
3197 5379 3450 5453 palmata;
3477 5377 3653 5436 vestis

2057 5498 2196 5545 meae
2234 5492 2557 5542 ornamenta
2591 5479 2840 5554 disponis
2879 5475 3148 5543 feliciter,
3178 5482 3237 5532 et
3259 5473 3407 5531 bono
3442 5471 3655 5529 omine.

2056 5568 2303 5648 Namque
2330 5576 2434 5634 iste
2474 5575 2695 5632 habitus
2720 5580 2782 5629 ut
2820 5569 2877 5627 in
2907 5582 3043 5642 pace
3067 5566 3312 5627 consulis
3340 5573 3445 5634 est,
3476 5565 3559 5622 sic
3595 5564 3656 5620 in

350 5677 595 5734 tantibus
635 5681 721 5730 tot
762 5671 1006 5730 millibus
1059 5666 1446 5740 Barbarorum,
1488 5671 1685 5744 quibus
1724 5669 1959 5728 Danubii
2059 5667 2291 5727 victoria
2333 5666 2739 5740 triumphantis.
2779 5663 2982 5721 Parum
3022 5669 3143 5730 est,
3171 5659 3220 5716 si
3248 5658 3428 5730 qualis
3452 5658 3524 5715 ad
3564 5672 3658 5717 me

352 5784 451 5828 ora
479 5766 809 5841 proteritur,
830 5760 1383 5821 comitiaconsulatus
1405 5760 1512 5819 mei
1534 5772 1776 5820 armatus
1797 5776 1962 5820 cxer-
2063 5762 2252 5821 trabea
2323 5764 2570 5820 mittatur
2604 5803 2622 5834 ,
2685 5758 2994 5833 interroges
3028 5792 3049 5825 ,
3111 5763 3169 5813 te
3229 5767 3416 5812 coram
3482 5751 3663 5841 promi

353 5868 469 5924 cos.
504 5854 810 5919 Tribunitia
838 5855 945 5916 ista
967 5852 1112 5926 quod
1149 5853 1206 5913 in
1244 5850 1381 5911 urbe
1411 5851 1630 5927 Syrmio
1667 5864 1957 5929 geruntur,

2063 5851 2241 5926 iubes.
2288 5852 2402 5915 Nec
2447 5854 2580 5914 satis
2627 5850 2848 5925 babes,
2906 5854 2969 5908 ut
3014 5844 3389 5922 largitionum
3426 5840 3667 5930 ministri
