4072 6306
469 273 574 332 ωδ

1874 261 2055 322 DECII
2093 262 2369 324 AUSONII

3668 267 3769 322 944

463 406 532 448 ex
571 401 724 446 more
769 387 1079 460 fungantur.
1130 383 1296 458 Eligis
1325 383 1442 456 ipse
1479 383 1550 440 de
1587 381 1809 446 multis,
1851 388 2060 437 etcum
2092 381 2144 442 Α
2170 382 2360 437 nuiore
2405 378 2503 434 filo
2544 378 2626 451 (ιιι
2667 375 2894 448 dicitur)
2936 375 3166 433 deducta
3216 374 3543 440 libaverim,
3593 376 3766 448 aliqua

462 485 715 557 elegeris,
752 497 980 538 munera
1007 490 1095 537 tua
1129 481 1418 537 verborum
1451 477 1662 533 honore
1691 474 2064 548 prosequeris.

460 575 786 642 Palmatam,
818 575 1018 646 inquis,
1071 573 1163 628 tibi
1198 573 1337 640 misi,
1372 573 1428 626 in
1458 587 1560 640 qua
1588 569 1739 624 divus
1775 566 2069 622 Constanti-

463 683 562 722 nus
589 683 777 738 parens
807 676 981 722 uoster
1009 664 1240 720 intextus
1277 672 1374 720 est.
1415 662 1497 718 Me
1526 662 1767 729 beatum,
1803 660 1957 729 cujus
1987 657 2070 714 iu-

461 758 706 830 signibus
738 759 859 814 talis
904 773 1034 814 cura
1080 767 1396 830 przrstetur.
1444 755 1572 812 limo
1612 755 1793 827 plane,
1825 751 1942 809 haec
1984 759 2071 808 est

460 849 608 920 picta
632 849 720 920 (ut
757 847 977 920 dicitur)
1006 849 1175 905 vestis
1219 863 1326 904 non
1367 847 1539 919 magis
1578 860 1712 903 auro
1741 859 1863 912 suo,
1905 857 2066 915 quam

463 942 573 997 tuis
602 941 807 997 verbis.
848 940 957 998 Sed
1009 941 1180 998 multo
1217 941 1374 1013 plura
1425 948 1554 998 sunt
1588 940 1640 995 in
1687 938 1806 1008 ejus
1848 944 2068 1002 ornatu,

463 1047 586 1104 quae
616 1048 712 1103 per
743 1043 797 1090 te
823 1034 1123 1090 instructus
1155 1035 1422 1106 intelligo.
1453 1033 1741 1090 Geminum
1773 1031 1976 1102 quippe
1997 1031 2066 1102 ,in

463 1141 574 1182 uno
604 1127 790 1184 habitu
834 1128 1016 1184 radiat
1055 1143 1254 1185 nomen
1285 1128 1537 1200 Augusti.
1583 1126 1973 1182 Constantinus
2013 1122 2066 1177 in

459 1231 779 1292 argumento
796 1223 966 1278 vestis
997 1221 1283 1288 intexitur,
1309 1221 1597 1278 Gratianus
1626 1223 1678 1275 in
1703 1219 1942 1275 muneris
1965 1217 2065 1273 ho-

459 1328 595 1370 nore
637 1315 896 1370 sentitur.
942 1316 1194 1371 Accessit
1235 1325 1343 1368 tam
1386 1315 1633 1385 impenso
1675 1313 1942 1370 beneficio
1974 1321 2067 1366 tuo

461 1404 676 1477 pondus
702 1405 1066 1477 quorumdam
1103 1405 1478 1463 sciscitatione
1501 1407 1855 1463 cumulatum.
1891 1403 2067 1460 Inter-

462 1509 708 1572 rogatus,
753 1518 913 1572 quem
954 1503 1189 1573 priorem
1223 1505 1554 1560 deccrneres
1605 1501 1888 1558 consulem
1919 1519 1932 1556 :
1966 1514 2068 1556 nec

461 1594 820 1652 dubitandum
848 1610 972 1652 esse
994 1595 1180 1652 dixisti
1213 1605 1292 1664 tu,
1325 1605 1382 1652 et
1410 1597 1501 1667 qui
1535 1605 1715 1652 tecum
1758 1595 1886 1650 boni
1913 1604 2063 1660 sunt,

461 1689 713 1745 dubitare
755 1704 862 1745 non
897 1696 1168 1760 poterant.
1221 1689 1331 1746 Sed
1376 1699 1556 1744 tamen
1603 1688 1672 1743 ad
1713 1687 1818 1743 hoc
1855 1687 2062 1742 dictum

2170 491 2258 532 me
2288 474 2453 530 etiam
2499 471 2568 528 de
2614 472 2915 540 maiestatis
2960 482 3067 526 tua:
3110 469 3361 525 laudibus
3403 470 3605 526 debere
3647 487 3764 541 per-

2166 569 2456 640 stringere.
2483 567 2820 636 Quamquam
2852 582 2939 622 me
2987 566 3147 621 istam
3175 565 3414 620 dixerim
3462 567 3765 636 seposuisse

2169 661 2478 731 materiam,
2511 669 2566 716 et
2593 659 2646 715 in
2690 669 2904 731 tempus
2934 659 3085 714 aliud
3130 673 3454 715 reservare:
3496 658 3767 716 nihilomi-

2169 770 2271 812 nus
2298 765 2477 811 tamen
2509 763 2570 810 ut
2600 769 2744 810 nunc
2779 754 2961 826 aliqua
2987 754 3325 825 contingam,
3360 764 3494 811 nutu
3523 766 3578 811 et
3608 772 3768 826 prope

2169 864 2453 906 murmure
2499 849 2878 904 cohortantur.
2929 847 3120 919 Itaque
3163 847 3383 916 faciam,
3423 849 3642 920 quando
3679 866 3768 906 co-

2168 935 2299 1014 gunt
2322 941 2597 997 volentem
2621 957 2632 994 :
2658 940 2754 995 sed
2778 939 3079 1010 majoribus
3095 941 3364 1010 separatis
3387 941 3636 996 tenuiora
3660 957 3764 996 mc-

2169 1035 2422 1100 morabo,
2456 1035 2607 1089 nulla
2641 1048 2738 1102 spe
2767 1032 2834 1088 ad
2867 1033 3088 1104 plenum
3116 1034 3483 1105 exsequendi,
3526 1033 3620 1090 sed
3654 1036 3766 1089 uni—

2168 1130 2312 1186 versi
2361 1137 2420 1184 ut
2458 1128 2770 1198 intelligant
2819 1143 3009 1184 eorum
3061 1143 3184 1199 qua:
3234 1127 3379 1182 intus
3426 1128 3763 1198 praedicanda

2166 1229 2319 1287 sunt,
2349 1236 2378 1276 a
2409 1237 2494 1276 me
2523 1219 2851 1292 poscendam
2881 1234 3001 1275 esse
3029 1218 3305 1285 notitiam,
3336 1221 3406 1275 ab
3435 1219 3560 1274 aliis
3592 1219 3762 1290 digni-

2170 1325 2361 1372 tatem.
2417 1315 2527 1371 Nec
2565 1313 2919 1380 excellentia,
2971 1315 3070 1369 sed
3128 1312 3446 1384 quotidiana
3497 1297 3755 1370 tractabo.

2169 1410 2387 1466 Nullum
2421 1419 2475 1464 tu
2525 1425 2783 1480 umquam
2826 1408 2968 1463 diem
3005 1407 3076 1461 ab
3122 1406 3490 1462 adolescentia
3528 1415 3617 1460 tua
3666 1405 3762 1461 nisi

2167 1504 2400 1560 adorato
2428 1503 2516 1559 dei
2548 1503 2771 1558 numine
2813 1513 2866 1558 et
2897 1516 3024 1557 reus
3054 1501 3166 1556 voti
3199 1509 3254 1555 et
3293 1499 3445 1555 illico
3487 1499 3765 1555 absolutus

2169 1597 2352 1669 egisti,
2399 1598 2562 1652 lautis
2616 1596 2894 1663 manibus,
2945 1603 3131 1650 mente
3176 1609 3336 1665 pura,
3384 1593 3761 1650 immaculabili

2169 1691 2529 1757 conscientia,
2573 1699 2625 1745 et
2655 1689 2798 1761 quod
2845 1690 2898 1744 in
2931 1690 3116 1759 paucis
3143 1697 3248 1754 est,
3283 1688 3618 1759 cogitatione
3661 1687 3767 1742 sin-

457 1793 754 1840 erexerant
785 1783 1020 1850 animos,
1070 1783 1162 1854 qui
1207 1782 1444 1838 libenter
1472 1781 1841 1838 clarissimum
1887 1780 2063 1834 virum
2097 1767 2318 1839 Bcera,
2373 1781 2539 1853 Cujus
2585 1795 2766 1838 autem
2819 1797 3072 1852 umquam
3133 1797 3390 1852 egressus
3437 1781 3766 1851 auspicantu-

460 1876 724 1948 collegam
753 1891 955 1944 meum,
999 1891 1161 1947 quem
1201 1885 1529 1945 praesentem
1564 1873 1800 1930 habebat
1825 1872 2062 1937 occasio,

463 1971 749 2040 prailatum
772 1969 1154 2026 credidissent.
1187 1968 1497 2039 Fatigantcs
1527 1978 1708 2024 tamen
1736 1968 1880 2040 quod
1905 1967 2064 2022 intel-

466 2063 732 2130 lexerant,
775 2061 1150 2132 requirebant.
1183 2061 1280 2116 llic
1311 2071 1388 2126 tu,
1433 2063 1576 2118 sicut
1612 2062 1744 2116 mihi
1788 2060 2066 2116 renuntia-

467 2163 581 2210 tum
609 2162 717 2224 cst,
744 2164 873 2210 noto
906 2153 1000 2210 illo
1025 2155 1230 2225 pudore
1263 2160 1354 2208 tuo
1383 2154 1656 2224 paulisper
1685 2153 1891 2210 luesisti
1920 2171 1931 2205 :
1955 2167 2062 2208 non

466 2248 695 2304 rationis
725 2247 1032 2318 ambiguus,
1061 2248 1156 2304 sed
1187 2263 1376 2303 eorum
1407 2247 1804 2304 dubitationem
1831 2248 1981 2302 vultu
2011 2255 2066 2303 et

463 2340 668 2396 rubore
711 2340 1101 2410 eondemnans,
1135 2341 1227 2412 qui
1252 2340 1493 2396 studium
1534 2356 1690 2396 suum
1737 2341 2065 2410 interpreta-

465 2432 633 2488 tionis
681 2447 868 2488 crrore
917 2432 1231 2504 palpabant.
1286 2433 1493 2490 Deinde
1548 2431 1694 2488 illico
1747 2431 2060 2488 subdidisti.

463 2524 604 2594 Quid
631 2523 700 2582 de
728 2525 942 2580 duobus
971 2525 1284 2582 consulibus
1311 2525 1608 2596 designatis
1639 2526 1917 2596 qumritis:
1944 2527 2066 2597 quis

462 2619 601 2674 ordo
629 2619 704 2674 sit
725 2619 1176 2690 nuncupationis?
1206 2621 1364 2677 Anne
1387 2621 1526 2676 alius
1549 2637 1710 2689 quam
1740 2635 1900 2692 quem
1923 2635 2064 2692 pra:-

465 2712 678 2768 fectura
707 2711 1030 2769 constituit?
1051 2714 1094 2769 0
1117 2713 1327 2770 felicem
1360 2715 1752 2770 verecundiam
1783 2725 1952 2781 tuam,
1977 2713 2067 2770 cui

467 2807 570 2862 ista
613 2807 892 2878 pepularis
929 2807 1072 2864 ratio
1103 2816 1211 2864 tam
1256 2808 1556 2879 prudenter
1599 2811 1871 2867 occurrit!
1905 2809 2067 2868 Scisti

465 2900 641 2966 aliud,
671 2901 949 2971 Gratiane,
980 2903 1126 2974 quod
1156 2902 1404 2960 diceres:
1437 2903 1531 2961 sed
1560 2916 1784 2978 propter
1807 2919 2070 2976 quorum-

467 2995 590 3050 dam
618 2997 1006 3052 verecundiam
1051 2998 1236 3054 dicere
1285 2997 1530 3054 noluisti.
1578 2998 1945 3070 Scrupulosus
1977 2996 2068 3052 hic

465 3088 601 3144 mihi
641 3087 794 3144 locus
842 3096 930 3146 est
960 3105 975 3145 :
1005 3099 1060 3145 et
1095 3099 1322 3162 propter
1376 3105 1520 3160 eam,
1557 3107 1720 3162 quam
1769 3109 2063 3165 numquam

466 3181 726 3252 appetivi,
757 3181 992 3252 gloriam
1018 3182 1368 3238 recusandus.
1407 3182 1543 3238 Cum
1573 3183 1757 3253 priore
1787 3187 2068 3243 renuntia-

468 3281 556 3331 tus
582 3276 707 3341 sim,
740 3277 873 3332 satis
900 3285 985 3332 est
1016 3286 1166 3332 tuum
1194 3287 1382 3334 tenere
1405 3278 1693 3348 judicium.
1737 3278 2069 3350 interpretes

468 3369 647 3427 valete
691 3371 1036 3428 meritorum.
1079 3369 1269 3442 Neque
1311 3381 1493 3428 autem
1543 3388 1668 3443 ego,
1701 3375 2072 3433 sacratissime

469 3461 790 3533 imperator,
822 3464 875 3518 in
899 3463 1049 3518 tenui
1077 3462 1346 3519 beneficio
1388 3463 1615 3534 gradum
1651 3468 2075 3538 nuncupationis

472 3557 794 3626 amplector.
842 3554 987 3611 Num
1033 3564 1120 3611 est
1169 3555 1286 3610 hinc
1332 3554 1508 3626 gloria
1559 3556 1742 3626 ignota
1787 3558 2078 3616 Ciceroni?

475 3648 766 3704 Prwtorem
792 3665 894 3719 me,
935 3647 1135 3719 inquit,
1163 3647 1305 3720 Pop.
1349 3649 1506 3705 Rom.
1532 3651 1759 3722 primum
1785 3653 1907 3724 fecit
1955 3672 2078 3710 con-

478 3741 642 3797 sulem
667 3741 934 3814 'priorcm.
985 3740 1064 3796 Ex
1103 3739 1217 3814 ipsa
1265 3742 1385 3813 ejus
1423 3745 1690 3800 sententia
1734 3747 2076 3818 intelligitur,

479 3834 971 3894 commendabilius
1014 3835 1063 3890 ei
1107 3834 1280 3891 videri
1326 3837 1421 3892 uni
1462 3853 1623 3908 quam
1658 3839 1908 3910 pluribus
1955 3857 2078 3900 esse

479 3929 831 4001 praepositum
866 3945 881 3983 :
910 3927 1060 3983 nulla
1088 3928 1233 3984 enim
1272 3939 1356 3985 est
1385 3930 1604 4000 quidem
1636 3935 1966 3990 contumelia
1993 3951 2082 3992 se-

476 4021 664 4088 cundi,
695 4021 788 4078 sed
817 4037 884 4078 ex
916 4020 1132 4078 duobus
1158 4021 1331 4094 gloria
1363 4039 1556 4095 magna
1589 4027 1820 4095 praalati.
1845 4027 2081 4085 Alexan-

478 4115 564 4172 dri
594 4114 906 4185 Macedonis
928 4113 1034 4171 hoc
1059 4115 1251 4182 fertur,
1277 4130 1402 4172 cum
1429 4117 1652 4188 legisset
1681 4116 1814 4188 illos.
1834 4119 2084 4178 llomeri—

481 4223 578 4265 cos
618 4223 836 4278 versus,
879 4208 1098 4280 quibus,
1145 4207 1384 4266 Hectore
1423 4219 1778 4281 provocante,
1813 4227 1846 4268 e
1883 4228 2080 4272 novem

485 4300 736 4369 ducibus,
767 4302 859 4372 qui
889 4316 1083 4358 omnes
1111 4315 1356 4373 pugnare
1385 4303 1702 4374 cupiebant,
1731 4321 1895 4362 unum
1921 4306 2085 4380 deligi

483 4397 731 4468 placeret
769 4398 934 4454 sortis
960 4406 1180 4467 eventu,
1215 4398 1427 4471 trepida
1467 4399 1560 4456 ubi
1599 4404 1961 4475 conceptione
1989 4419 2087 4460 vo-

486 4499 668 4544 torum
715 4490 908 4546 Jovem
957 4493 1226 4561 optimum
1283 4493 1579 4550 maximum
1634 4503 1781 4552 totus
1827 4505 2086 4568 precatur

2171 1879 2312 1934 fuit?
2347 1887 2440 1932 aut
2479 1877 2730 1932 incessus
2769 1875 3103 1932 modestior?
3133 1885 3227 1930 aut
3256 1874 3524 1930 habitudo
3560 1873 3765 1930 cohibi-

2169 1972 2317 2026 tior?
2345 1981 2436 2024 aut
2481 1969 2770 2024 familiaris
2804 1968 3018 2024 habitus
3047 1967 3479 2024 condeeentior?
3509 1977 3605 2023 aut
3633 1967 3766 2022 mili-

2167 2064 2298 2118 taris
2329 2062 2667 2117 accinetior?
2699 2061 2757 2116 in
2789 2060 3101 2129 exercendo
3139 2074 3373 2130 corpore
3404 2059 3528 2130 quis
3552 2073 3764 2114 cursum

2169 2167 2275 2213 tam
2312 2156 2608 2228 perniciter
2637 2153 2918 2210 incitavit?
2943 2153 3078 2222 Quis
3113 2153 3424 2223 palaestram
3456 2161 3568 2207 tam
3599 2151 3765 2207 lubri-

2167 2265 2264 2306 cus
2294 2249 2608 2320 expedivit?
2636 2246 2768 2315 Quis
2795 2246 2995 2301 saltum
3020 2247 3073 2301 in
3106 2254 3213 2320 tam
3247 2244 3485 2301 sublime
3516 2243 3766 2313 collegit?

2165 2345 2335 2401 Nemo
2363 2343 2650 2399 abductius
2677 2343 2855 2413 jaeula
2887 2341 3182 2406 contorsit,
3210 2353 3372 2396 nemo
3401 2337 3616 2410 spicula
3656 2351 3767 2392 cre-

2167 2436 2319 2494 brius
2342 2436 2500 2506 jecit,
2531 2445 2626 2490 aut
2655 2435 2861 2490 certius
2902 2432 3172 2488 destinata
3202 2431 3495 2502 percussit.
3539 2429 3764 2485 Miraba-

2167 2546 2291 2587 mur
2317 2539 2564 2601 poetam,
2597 2529 2688 2599 qui
2719 2527 2959 2583 infrenes
2989 2525 3209 2581 dixerat
3236 2524 3531 2591 Numidas;
3558 2531 3614 2579 et
3645 2522 3769 2577 alte-

2165 2640 2309 2692 rum,
2343 2625 2434 2696 qui
2461 2625 2535 2679 ita
2556 2624 2874 2695 collegerat,
2903 2629 2963 2676 ttt
2984 2620 3196 2676 diceret
3235 2619 3289 2674 in
3321 2617 3623 2689 equitando
3654 2623 3769 2672 ver-

2167 2718 2324 2786 bera,
2356 2727 2412 2775 et
2439 2726 2711 2790 praecepta
2759 2730 2880 2771 esse
2923 2714 3088 2784 fugae,
3131 2721 3187 2768 et
3216 2721 3491 2783 praecepta
3520 2708 3766 2765 sistendi.

2167 2813 2472 2869 Obscurum
2504 2811 2609 2866 hoc
2630 2809 2789 2865 nobis
2816 2808 3128 2880 legentibus
3155 2815 3294 2862 erat.
3329 2804 3704 2861 intelleximus
3723 2810 3770 2856 te

2167 2906 2418 2963 videntes
2439 2921 2562 2961 cum
2589 2904 2732 2960 idem
2761 2919 2948 2958 arcum
2977 2901 3315 2966 intenderes,
3348 2909 3406 2957 et
3428 2899 3671 2955 habenas
3693 2911 3771 2952 rc-

2169 3002 2444 3070 mitteres,
2477 3010 2568 3054 aut
2598 3013 2798 3069 equum
2824 2996 3047 3067 segnius
3076 3003 3300 3050 euntem
3329 2992 3562 3048 verbere
3589 2991 3769 3046 conci-

2172 3103 2342 3161 tares,
2364 3093 2452 3148 vel
2475 3091 2668 3149 eodem
2696 3091 2928 3148 verbere
2955 3087 3432 3160 intemperantiam
3456 3101 3762 3144 coercercs.

2171 3188 2273 3256 Qui
2323 3195 2376 3242 te
2423 3186 2520 3243 visi
2565 3196 2692 3242 sunt
2727 3184 2833 3242 hoc
2863 3183 3143 3249 docuisse,
3188 3197 3298 3238 non
3336 3179 3565 3237 faciunt.
3603 3180 3766 3235 Immo

2174 3279 2266 3350 qui
2300 3277 2408 3333 visi
2439 3277 2868 3346 suntdocuisse,
2901 3291 3045 3332 nunc
3067 3275 3302 3331 discunt.
3336 3274 3394 3330 ln
3427 3274 3567 3330 cibis
3599 3281 3770 3327 autem

2175 3372 2331 3441 cujus
2380 3371 2684 3427 sacerdotis
2729 3369 3095 3426 abstinentior
3135 3367 3495 3423 ceremonia?
3545 3367 3602 3422 ln
3653 3365 3772 3419 vino

2178 3465 2336 3535 cujus
2372 3465 2524 3519 senis
2567 3478 2756 3520 mensa
2809 3461 3102 3533 frugalior?
3142 3460 3348 3530 Operto
3379 3457 3660 3514 conclavis
3704 3455 3774 3511 tui

2179 3576 2290 3617 non
2318 3560 2560 3617 sanctior
2589 3574 2684 3614 ara
2722 3557 2986 3620 Vestalis,
3020 3569 3128 3611 non
3166 3553 3441 3626 pontiﬁcis
3469 3552 3650 3608 cubile
3691 3565 3778 3605 ca-

2180 3656 2340 3724 stius,
2372 3671 2473 3711 nec
2497 3655 2748 3726 pulvinar
2778 3653 3015 3709 ﬂaminis
3044 3659 3156 3706 tam
3188 3649 3466 3720 pudicum.
3498 3647 3556 3701 ln
3589 3645 3776 3702 officiis

2181 3749 2488 3806 amicorum
2509 3763 2615 3805 non
2649 3748 2774 3803 dico
2802 3746 2951 3818 paria
2982 3744 3172 3801 reddi:
3204 3742 3516 3799 antevenis.
3549 3740 3619 3796 Et
3646 3755 3776 3812 quo-

2183 3842 2288 3898 ties
2328 3843 2381 3897 in
2431 3839 2784 3913 obsequendo
2829 3838 3210 3918 praecedimus,
3255 3837 3536 3893 erubescis
3577 3835 3777 3908 pudore

2184 3943 2293 3990 tam
2319 3934 2587 4001 olmoxio,
2621 3949 2782 4006 quam
2813 3933 2870 3988 in
2913 3932 3074 3988 nobis
3105 3945 3227 3987 esse
3258 3930 3486 3987 deberet
3515 3931 3586 3986 ab
3616 3931 3778 4000 impc-

2185 4038 2370 4085 ratore
2399 4029 2712 4099 prmventis.
2744 4026 2802 4082 In
2831 4025 2933 4081 ista
2967 4039 3102 4080 vero
3128 4023 3258 4082 sede
3291 4024 3375 4093 (ut
3404 4039 3475 4080 ex
3523 4037 3675 4078 more
3704 4023 3778 4077 lo-

2187 4123 2426 4194 quimur,
2454 4121 2788 4189 consistorii,
2813 4129 2874 4176 ut
2899 4135 3000 4192 ego
3023 4119 3202 4175 sentio
3229 4118 3456 4175 sacrarii
3482 4118 3580 4188 tui)
3604 4116 3778 4172 nullus

2188 4231 2445 4287 umquam
2475 4216 2816 4288 superiorum
2861 4225 2954 4270 aut
2979 4212 3210 4270 dicenda
3246 4212 3470 4283 pcnsius
3497 4210 3776 4284 cogitavit,

2189 4317 2286 4366 aut
2313 4310 2618 4365 consultius
2659 4307 2893 4380 cogitata
2920 4306 3220 4378 disposuit,
3258 4313 3352 4361 aut
3376 4303 3641 4376 disposita
3673 4319 3780 4358 ma-

2191 4403 2364 4458 turius
2405 4403 2700 4473 expedivit.
2754 4403 2819 4457 Et
2863 4401 3043 4472 aliqua
3084 4401 3154 4456 de
3199 4400 3456 4456 oratoriis
3496 4398 3782 4454 virtutibus

2190 4497 2298 4551 tuis
2325 4495 2589 4563 dicerem,
2622 4495 2727 4550 nisi
2747 4510 2970 4551 vererer
2997 4493 3128 4549 mihi
3156 4493 3467 4566 gratificari.
3499 4491 3618 4548 Non
3639 4492 3776 4548 enim

488 4581 783 4648 exercitus,
813 4590 873 4636 ut
899 4581 1119 4652 Ajacem
1149 4584 1237 4640 vel
1267 4583 1441 4656 Tydei
1472 4586 1640 4642 lilium
1667 4598 1761 4644 aut
1793 4549 1970 4660 ipsum
1997 4604 2086 4645 re-
2110 4549 2168 4613 Β
2195 4586 2464 4659 Snlpitius
2487 4587 2668 4643 acrior
2692 4587 2744 4641 in
2773 4549 3200 4652 conditionibus,
3233 4601 3335 4642 nec
3365 4583 3590 4655 majoris
3618 4583 3780 4640 Graec

489 4692 613 4749 gem
641 4675 834 4731 ditium
866 4675 1213 4746 Mycenarum
1241 4679 1427 4734 sortiri
1459 4681 1697 4750 patiatur
1725 4684 2094 4756 Agamemno-

494 4784 621 4825 nem
655 4786 667 4822 :
698 4767 1018 4834 Occiderem,
1051 4768 1244 4841 inquit,
1275 4771 1427 4825 illum
1452 4773 1544 4843 qui
1571 4789 1650 4828 me
1679 4776 1888 4830 tertium
1917 4777 2088 4830 nomio

493 4872 690 4919 nosset.
719 4862 765 4918 Ο
795 4862 1295 4933 magnanimitatem
1330 4863 1618 4922 fortissimi
1650 4867 1772 4923 viri.
1809 4867 2092 4924 Nominari

493 4955 638 5011 inter
679 4967 879 5010 novem
925 4955 1120 5009 tertius
1162 4955 1472 5022 recusabat,
1518 4957 1608 5012 ubi
1658 4967 1810 5015 certe
1845 4958 2095 5030 pluribus

495 5048 874 5117 antecelleret,
907 5061 1069 5119 quam
1098 5046 1371 5104 subesset.
1396 5047 1606 5116 Quanta
1647 5050 1736 5106 hic
1763 5051 2092 5110 verecundia

495 5151 815 5214 gravaretur
845 5139 1120 5214 posterior
1159 5140 1227 5197 de
1265 5139 1515 5196 duobus?
1560 5143 1660 5200 Est
1695 5143 1844 5201 enim
1888 5147 1941 5202 in
1987 5146 2093 5202 hoc

494 5249 726 5292 numero
767 5234 954 5292 arduae
982 5234 1142 5306 plena
1188 5233 1520 5305 dignationis
1551 5236 1771 5306 electio,
1817 5253 1940 5296 cum
1972 5239 2095 5295 uni-

493 5329 675 5384 versis
705 5327 1030 5384 mortalibus
1059 5327 1169 5383 duo
1194 5327 1286 5400 qui
1312 5325 1467 5395 ﬁant,
1500 5330 1757 5386 consules
1783 5331 2092 5404 praeferun-

495 5429 607 5476 tur.
644 5420 749 5490 Qui
796 5420 954 5478 alteri
1001 5421 1360 5492 praeponitur,
1405 5434 1512 5477 non
1544 5423 1658 5489 uni,
1704 5425 1800 5482 sed
1841 5426 2094 5483 omnibus

499 5512 830 5569 antefertur.
856 5513 1193 5584 Exspectare
1219 5529 1361 5572 nunc
1386 5529 1548 5571 aures
1576 5518 1924 5585 praesentium
1955 5521 2093 5587 scio,

497 5615 556 5662 et
577 5605 819 5663 eminere
845 5608 900 5661 in
929 5606 1173 5663 omnium
1207 5609 1361 5664 vultu
1405 5608 1677 5679 intelligo,
1705 5611 1850 5679 quod
1877 5612 2097 5670 deside-

494 5698 584 5754 rio
604 5697 945 5770 concipiatur
967 5701 1293 5757 animorum.
1326 5700 1660 5757 Existimant
1687 5702 1856 5772 enim,
1887 5721 2007 5762 cum
2029 5723 2093 5764 ea

495 5805 620 5865 qua:
649 5792 718 5849 ad
758 5801 945 5866 grates
981 5794 1222 5866 agendas
1261 5795 1639 5868 pertinebant,
1670 5799 1981 5857 summatim
2012 5811 2093 5859 te-

2195 4680 2281 4737 chi
2329 4678 2818 4737 eommendahilior
2869 4675 3142 4735 modestia
3178 4678 3302 4746 fuit,
3343 4694 3446 4735 nec
3493 4678 3666 4750 patris
3706 4676 3778 4732 tui

2197 4775 2414 4848 gravior
2459 4776 2780 4832 auctoritas.
2822 4774 2925 4843 Qui
2969 4783 3127 4830 tenor
3173 4773 3360 4839 vocis,
3395 4789 3523 4830 cum
3576 4773 3784 4828 incitata

2197 4867 2556 4940 pronuntias?
2585 4868 2718 4935 Quae
2757 4866 2997 4935 inflexio,
3028 4882 3152 4922 cum
3195 4866 3460 4922 remissa?
3489 4866 3621 4933 Qua:
3661 4874 3788 4920 tem-

2197 4964 2432 5036 peratio,
2463 4978 2586 5019 cum
2619 4971 2845 5034 utraque
2873 4962 3194 5033 diSpensas?
3216 4962 3347 5029 Quis
3367 4970 3650 5016 oratorum
3674 4960 3787 5015 lieta

2193 5057 2509 5128 jucundius,
2543 5057 2773 5113 facunda
2804 5057 3024 5128 cultius,
3058 5057 3352 5128 pugnantia
3377 5056 3628 5123 densius,
3659 5056 3787 5111 den-

2199 5161 2316 5207 sata
2346 5151 2722 5222 glomeratius,
2755 5159 2848 5206 aut
2882 5147 3039 5215 dixit,
3089 5158 3202 5218 aut,
3231 5148 3376 5220 quod
3423 5157 3510 5206 est
3540 5149 3789 5213 liberum,

2200 5245 2498 5317 cogitavit?
2524 5245 2735 5302 Vellem
2771 5244 2840 5314 (si
2872 5260 3054 5301 rerum
3089 5253 3282 5300 natura
3313 5243 3644 5316 pateretur),
3684 5242 3788 5297 Xe-

2200 5340 2424 5410 nOpbon
2451 5339 2653 5408 Attice,
2687 5340 2740 5394 in
2770 5355 2945 5394 aevum
2978 5348 3224 5395 nostrum
3253 5338 3496 5409 venires,
3535 5348 3591 5393 tu
3613 5338 3701 5406 qui
3728 5334 3791 5389 ad

2201 5430 2327 5503 Cyri
2367 5433 2598 5488 virtutes
2646 5430 3029 5503 exsequendas
3074 5440 3256 5486 votum
3287 5433 3466 5502 potius
3507 5445 3669 5502 quam
3709 5428 3789 5483 hi-

2195 5524 2427 5579 storiam
2449 5524 2836 5592 commodasti,
2861 5539 2986 5579 cum
3008 5523 3245 5590 diceres,
3276 5539 3384 5579 non
3415 5523 3602 5594 qualis
3631 5526 3799 5584 esset,

2198 5617 2295 5676 sed
2341 5618 2518 5686 qualis
2562 5633 2685 5676 esse
2732 5619 2974 5674 deberet.
3024 5618 3084 5674 Si
3118 5636 3262 5676 nunc
3304 5620 3357 5674 in
3404 5627 3648 5690 tempora
3695 5617 3788 5670 ista

2198 5711 2552 5782 proccdercs,
2603 5713 2657 5768 in
2709 5722 2900 5768 nostro
2941 5711 3201 5770 Gratiano
3232 5729 3513 5781 cerneres,
3557 5709 3700 5784 quod
3739 5709 3789 5762 in

2196 5804 2345 5879 Cyro
2369 5813 2458 5863 tuo
2480 5820 2588 5868 non
2615 5806 2857 5878 videras,
2877 5806 2974 5864 sed
3002 5807 3249 5880 optabas.
3274 5806 3452 5880 Atque
3474 5806 3578 5864 ista
3603 5801 3780 5863 omnia
