4072 6306
343 307 449 367 945

1316 314 1410 372 AD
1447 311 1951 373 IMPERATOREM
1986 309 2398 372 GRATIARUM
2435 315 2662 375 ACTIO.
3385 318 3398 388 ξ

3541 319 3648 379 946

342 429 490 500 quasi
533 430 753 500 punctis
794 433 1115 502 quihusdam
1148 435 1453 491 acuminata
1503 433 1734 506 signavi.
1769 433 1829 492 Si
1861 433 1940 490 fa-
1966 435 2019 496 Α
2045 439 2101 488 et
2145 431 2449 503 legionibus
2477 435 2763 493 familiaris
2786 435 3116 492 humanitas.
3139 434 3248 493 Sed
3273 449 3375 508 ego
3399 435 3525 492 nolo
3549 434 3646 490 be-

343 512 537 580 cundia
583 539 684 595 pro
730 526 1008 582 voluntate
1058 536 1394 597 suppeteret,
1440 542 1772 598 quamquam
1827 541 1936 581 non

339 617 598 687 copiosus
629 632 964 690 exsequerer
1001 620 1305 677 ubertatem
1346 621 1492 694 stylo
1521 637 1705 678 rerum
1733 620 1942 690 magni-

340 710 526 767 tudine
575 721 940 784 suggerente:
973 713 1070 770 sed
1109 728 1214 770 nec
1259 714 1418 784 hujus
1459 713 1588 779 diei,
1637 729 1739 770 nec
1775 712 1938 784 hujus

338 803 440 860 ista
471 806 738 862 materize.
771 807 878 874 Qui
919 807 1118 863 dicturi
1147 808 1278 864 estis
1308 807 1500 864 laudes
1531 807 1792 879 principis
1838 821 1938 863 no-

336 898 456 966 stri,
492 898 708 954 habetis
738 901 887 956 velut
914 901 1292 968 seminarium,
1325 901 1470 958 unde
1497 901 1804 956 orationum
1837 915 1935 956 ve-

335 999 573 1046 strarum
604 990 796 1062 jugera
827 993 1167 1063 compleatis.
1202 994 1318 1065 Ego
1353 993 1460 1050 ista
1491 994 1807 1063 perstrinxi.
1841 993 1936 1049 At-

332 1098 458 1155 que,
497 1093 556 1139 ut
586 1084 766 1140 sciunt
811 1101 1026 1155 omnes,
1060 1102 1281 1158 possum
1307 1086 1480 1144 videri
1511 1085 1798 1143 familiaris
1825 1101 1931 1142 no-

334 1177 465 1234 titia:
507 1187 761 1235 secretus
787 1180 1084 1252 interpres,
1118 1182 1422 1239 domestica
1452 1180 1646 1238 isthmc
1679 1196 1786 1237 non
1820 1191 1926 1237 tam

333 1271 652 1340 praedicare,
683 1288 847 1342 quam
879 1273 1134 1344 prodere.
1158 1277 1337 1347 Atque
1367 1285 1427 1331 ut
1454 1275 1556 1332 ista
1583 1274 1696 1332 dixi
1724 1275 1795 1331 de
1836 1289 1932 1332 co-

327 1365 491 1436 gnitis
522 1365 658 1422 mihi
691 1376 856 1439 atque
888 1368 1036 1424 intra
1068 1369 1250 1425 aulam
1291 1369 1673 1437 familiaribus,
1709 1385 1927 1440 possem

327 1469 382 1516 et
409 1459 544 1515 foris
583 1461 856 1518 celebrata
899 1478 1232 1530 memorare,
1276 1463 1383 1518 nisi
1415 1463 1596 1518 omnia
1645 1477 1837 1518 omnes
1871 1470 1929 1519 et

324 1557 628 1627 separatim
669 1557 774 1613 sibi
823 1558 1054 1629 quisque
1084 1559 1350 1615 novisset.
1382 1557 1604 1613 Possem
1649 1558 1766 1628 pari
1800 1557 1925 1614 bre-

323 1650 490 1705 vitate
555 1649 742 1706 dicere
803 1651 1111 1721 superiora.
1170 1648 1614 1705 Emendatissimi
1672 1648 1777 1703 viri
1843 1658 1927 1704 est

322 1741 561 1814 pigenda
615 1758 723 1798 non
781 1742 980 1803 facere.
1037 1744 1109 1799 At
1154 1751 1212 1799 tu
1261 1757 1561 1812 numquam
1609 1740 1923 1812 ptenitentla

2043 525 2410 584 nevolentiam
2464 539 2613 585 tuam
2671 531 2898 588 aliorum
2949 531 3244 588 collatione
3291 529 3636 602 prtecellere.

2041 617 2406 675 Abundantin
2441 630 2495 677 te
2522 637 2585 677 ea
2618 622 2875 680 bonitatis
2907 622 3201 680 etvirtutis
3223 621 3497 692 exempla,
3517 637 3640 692 qua:

2039 711 2194 783 sequi
2225 711 2408 782 cupiat
2434 721 2662 770 ventura
2695 716 2990 786 posteritas
3011 756 3028 783 ,
3067 724 3122 770 et
3149 714 3196 770 si
3231 729 3412 771 rerum
3447 721 3640 769 natura

2038 813 2340 875 pateretur,
2364 807 2562 862 ascribi
2591 808 2694 864 sibi
2728 809 2994 866 voluisset
3035 809 3352 881 antiquitas.
3398 807 3636 865 Necesse

2036 908 2120 954 est
2149 907 2328 956 tamen
2357 900 2559 972 aliquid
2590 904 2920 976 comparari,
2947 914 3008 960 ut
3037 905 3212 976 possit
3234 903 3464 975 intelligi
3493 904 3636 960 bona

2035 1001 2226 1048 nostra
2270 1007 2379 1064 quo
2425 1003 2708 1064 prmstent.
2737 995 3089 1066 .‘Egrotantes
3126 996 3334 1053 amicos
3363 995 3638 1066 Trajanns

2034 1087 2215 1143 visere
2241 1087 2476 1155 solebat,
2526 1088 2791 1145 hactenus
2816 1089 2871 1145 in
2897 1104 2964 1146 eo
3005 1091 3240 1146 comitas
3281 1088 3628 1160 praedicanda

2033 1190 2139 1237 est.
2171 1180 2250 1235 Tu
2277 1189 2334 1236 et
2361 1181 2541 1238 visere
2568 1183 2762 1238 solitus
2783 1223 2800 1250 ,
2826 1191 2882 1238 et
2920 1184 3127 1239 mederi
3159 1202 3171 1237 :
3214 1184 3430 1256 praebes
3474 1184 3633 1239 mini-

2032 1283 2198 1341 stros,
2231 1273 2455 1330 instruis
2486 1274 2662 1344 cibos,
2693 1276 2933 1332 fomenta
2979 1276 3264 1348 dispensas
3287 1318 3303 1344 ,
3354 1285 3629 1347 sumptum

2030 1367 2224 1440 adjicis
2253 1369 2613 1436 medelarum,
2646 1369 2946 1426 consolaris
2979 1369 3204 1426 allectos
3229 1413 3244 1437 ,
3286 1369 3632 1425 revalescen-

2031 1460 2176 1516 tibus
2206 1461 2519 1530 gratularis.
2547 1460 2603 1515 In
2632 1470 2764 1533 quot
2794 1461 2912 1516 vias
2943 1461 3011 1518 de
3031 1476 3137 1517 una
3155 1461 3274 1532 ejus
3292 1459 3632 1517 humanitate

2029 1553 2419 1626 progrederis?
2445 1554 2774 1626 Legionibus
2802 1554 3078 1611 universis
3101 1595 3119 1623 ,
3167 1563 3226 1611 ut
3269 1555 3324 1610 in
3355 1555 3634 1610 communi

2027 1649 2200 1704 Marte
2227 1648 2430 1714 evenit,
2464 1650 2510 1703 si
2542 1647 2671 1720 quid
2697 1647 2912 1704 adversi
2944 1647 3224 1705 acciderat
3244 1691 3260 1715 ,
3305 1647 3416 1702 vidi
3442 1657 3493 1704 te
3521 1647 3630 1702 cir-

2023 1739 2232 1796 cumire
2261 1741 2495 1796 tentoria
2516 1785 2529 1809 ,
2560 1741 2875 1798 satin’salve
2905 1757 3155 1812 quwrere
3181 1782 3196 1807 ,
3242 1749 3480 1796 tractare
3505 1739 3627 1795 vul-

319 1835 535 1906 fecisti,
584 1845 640 1892 ct
678 1850 894 1908 semper
949 1837 1161 1893 veniam
1215 1836 1601 1908 paenitentibus
1650 1835 1916 1892 obtulisti.
1952 1824 2000 1884 B
2027 1846 2157 1886 nera
2189 1832 2524 1899 sauciorum,
2549 1843 2603 1889 et
2637 1842 2695 1888 ut
2717 1833 3020 1890 salutiferae
3069 1841 3474 1904 apponerentur
3511 1848 3626 1889 me-

318 1929 615 1985 Pulchrum
667 1938 750 1986 est
799 1930 1083 2002 indulgere
1133 1931 1470 1987 timentibus.
1532 1929 1640 1986 Sed
1689 1939 1742 1985 tu
1795 1945 1922 2002 per-

317 2031 495 2090 petuae
564 2021 824 2077 bonitatis
885 2021 1077 2079 edictis
1138 2023 1419 2079 occurristi
1482 2021 1776 2088 omnibus,
1847 2037 1918 2079 ne

318 2113 594 2170 timerent.
651 2114 993 2186 Magnificum
1051 2115 1235 2186 largiri
1288 2114 1547 2171 honores.
1599 2114 1681 2171 Tu
1744 2115 1915 2173 hono-

313 2213 463 2261 ratos
517 2216 570 2261 et
624 2206 949 2262 liberalitate
998 2206 1206 2262 (litasti.
1263 2205 1555 2262 Laudabile
1605 2215 1692 2262 est
1742 2209 1915 2277 impe-

313 2308 553 2354 ratorem
611 2300 800 2354 faciles
857 2299 1334 2370 interpellantibus
1385 2299 1634 2369 praebere
1685 2300 1908 2372 aditus,

311 2407 412 2447 nec
461 2391 532 2448 de
582 2381 943 2463 oceupatione
994 2394 1233 2450 causari.
1281 2397 1363 2453 Tu
1414 2398 1709 2454 conlirmas
1761 2394 1913 2450 adire

303 2493 651 2556 cunctantes,
703 2488 868 2542 etiam
918 2488 1276 2559 querimoniis
1324 2493 1628 2562 explicatis,
1680 2506 1749 2547 ne
1781 2491 1911 2562 quid

301 2575 488 2631 adhuc
537 2577 799 2645 sileatur,
848 2580 1174 2652 interrogas.
1228 2583 1462 2640 Celebre
1503 2583 1608 2639 fuit
1651 2584 1758 2640 Titi
1794 2585 1914 2640 Ca:-

297 2671 448 2726 saris
479 2670 708 2739 dictum,
746 2673 1052 2738 perdidisse
1075 2676 1341 2743 se,diem,
1369 2693 1477 2747 quo
1507 2677 1640 2734 nihil
1671 2678 1800 2735 boni
1833 2679 1911 2735 fe-

293 2771 477 2817 cerat.
528 2763 635 2820 Sed
678 2765 898 2821 celebre
953 2767 1071 2836 fuit,
1104 2770 1232 2840 quia
1266 2769 1586 2841 VeSpasiani
1620 2787 1911 2828 successor

292 2854 541 2923 dixerat,
597 2857 751 2928 cujus
782 2860 946 2914 nimia
996 2863 1364 2932 parcimonia,
1409 2874 1467 2920 et
1495 2867 1787 2921 austeritas
1818 2868 1908 2922 vix

294 2944 533 3004 ferenda
568 2951 760 3006 miram
810 2951 1016 3009 fecerat
1053 2954 1148 3010 lilii
1199 2956 1503 3013 lenitatem.
1549 2959 1631 3015 Tu
1661 2959 1907 3016 Valenti-

294 3041 467 3097 niano
492 3043 733 3112 genitus,
769 3045 926 3114 cujus
954 3047 1062 3102 alta
1094 3048 1333 3116 bonitas,
1378 3068 1621 3122 praesens
1651 3057 1903 3122 comitas,

295 3142 606 3205 temperata
630 3139 897 3195 severitas
928 3139 1049 3203 fuit.
1078 3152 1234 3212 parto
1251 3153 1306 3200 et
1331 3146 1553 3203 condito
1576 3149 1781 3218 optime
1804 3152 1908 3207 rei-

2023 1923 2184 1992 delaz,
2215 1935 2378 1995 atque
2406 1933 2467 1982 ut
2500 1942 2604 1980 non
2636 1933 2968 1992 cessaretur,
3002 1926 3227 1981 instare.
3279 1923 3407 1981 Vidi
3451 1939 3625 1995 quos-

2021 2014 2145 2069 dam
2166 2015 2528 2087 fastidientes,
2547 2017 2752 2084 cibum,
2774 2025 2828 2073 te
2841 2016 3283 2084 commendante,
3300 2016 3622 2085 sumpsisse.

2019 2107 2215 2164 Audivi
2247 2111 2628 2167 conflrmantia
2651 2111 2716 2166 ad
2732 2111 2965 2168 salutem
2996 2109 3164 2167 verba
3184 2109 3416 2182 profari;
3435 2096 3636 2165 occur;

2018 2215 2142 2256 rere
2159 2201 2456 2258 desideriis.
2473 2203 2836 2274 singulorum;
2857 2205 3017 2274 hujus
3039 2204 3282 2261 sarcinas
3307 2203 3468 2258 mulis
3488 2202 3626 2258 auli-

2014 2294 2096 2350 eis
2108 2295 2326 2362 vehere;
2345 2297 2427 2351 his
2441 2299 2703 2368 specialia
2717 2298 2963 2368 jumenta
2979 2297 3365 2370 praebere:illis
3378 2297 3625 2354 ministe-

2014 2389 2094 2442 ria
2145 2388 2486 2458 perditorum
2536 2391 2849 2448 instaurare
2895 2391 3169 2458 lixarum;
3219 2391 3452 2447 aliorum
3495 2405 3622 2461 ege-

2013 2490 2209 2538 statem
2252 2483 2490 2541 tolerare
2531 2495 2784 2556 sumptu;
2837 2486 3032 2542 horum
3087 2486 3393 2542 nuditatem
3434 2486 3624 2541 velare

2015 2575 2248 2643 vestitu;
2294 2578 2477 2632 omnia
2524 2593 2692 2649 agere
2722 2578 2996 2635 indefesse
3036 2589 3090 2635 et
3122 2578 3382 2650 benigne,
3414 2579 3620 2648 pietate

2012 2670 2275 2738 maxima,
2309 2672 2682 2729 ostentatione
2711 2673 2894 2740 nulla;
2929 2672 3113 2729 omnia
3151 2673 3398 2742 praebere
3426 2673 3616 2743 :rgris,

2012 2760 2147 2816 nihil
2181 2762 2518 2834 exprobrare
2544 2764 2772 2821 sanatis.
2811 2763 2943 2822 Inde
2973 2765 3189 2822 cunctis
3218 2764 3394 2821 salute
3431 2772 3620 2820 nostra

2010 2858 2230 2917 charior
2246 2859 2418 2916 factus
2443 2862 2710 2930 meruisti,
2741 2871 2803 2918 ut
2823 2862 3054 2919 haberes
3082 2861 3292 2918 amicos
3319 2860 3617 2926 obnoxios,

2009 2965 2333 3027 promptos,
2367 2957 2594 3013 devotos
2617 2997 2635 3024 ,
2669 2955 2862 3012 ﬁdeles
2887 2956 2942 3012 in
2975 2971 3156 3012 aevum
3195 2970 3356 3011 omne
3399 2970 3619 3010 mansn-

2008 3065 2098 3107 ros
2132 3068 2146 3106 :
2181 3051 2369 3120 quales
2399 3050 2643 3106 charitas
2674 3049 2856 3120 potius
2890 3063 3052 3120 quam
3079 3047 3302 3104 fortuna
3331 3047 3610 3104 conciliat.

2004 3141 2342 3200 Concludam
2374 3144 2632 3214 deinceps
2653 3143 2962 3200 orationem
2985 3157 3188 3209 meam,
3218 3141 3462 3216 piissime
3488 3139 3616 3194 Au-

292 3226 537 3300 gublica:
565 3236 731 3300 statu,
781 3230 1052 3303 intelligis
1083 3249 1242 3305 posse
1273 3245 1327 3293 te
1368 3253 1490 3295 esse
1533 3217 1902 3307 lenissimum,
1935 3217 1980 3281 C
2009 3249 2168 3311 guste
2191 3285 2205 3309 ,
2245 3238 2519 3296 sermonis
2568 3239 2740 3311 magis
2781 3239 2889 3294 line
2925 3252 3088 3308 quam
3126 3237 3335 3309 gratiae.
3371 3234 3618 3305 Namque

291 3319 422 3374 sine
447 3318 736 3391 dispendio
760 3321 1090 3394 disciplima.
1117 3327 1304 3398 Neque
1335 3345 1467 3404 vero
1493 3348 1656 3388 unum
1680 3333 1901 3405 aliquod

289 3411 504 3466 bonum
537 3429 644 3468 uno
688 3415 780 3472 die
811 3426 1060 3486 praestas,
1092 3419 1189 3476 sed
1219 3421 1582 3494 indulgentias
1609 3427 1901 3483 saeculares

289 3520 400 3578 per
431 3506 641 3578 singula
673 3509 931 3566 horarum
957 3521 1233 3569 momenta
1264 3516 1736 3584 multiplicas.VeI
1770 3520 1901 3576 illud

289 3613 468 3653 unum
497 3599 803 3670 cujusmodi
831 3613 937 3671 est,
971 3603 1038 3661 de
1064 3606 1388 3664 eondonatis
1418 3611 1648 3668 residuis
1672 3612 1902 3670 tributo-

288 3706 420 3747 rum
451 3692 474 3746 ?
501 3691 658 3759 Quod
689 3704 744 3749 tu
773 3711 936 3766 quam
969 3699 1242 3754 cumulata
1272 3700 1513 3757 bonitate
1531 3702 1742 3758 fecisti?
1767 3703 1901 3770 Quis

287 3800 556 3854 umquam
589 3788 984 3858 imperatorum
1031 3791 1134 3848 hoc
1165 3794 1457 3862 provinciis
1487 3797 1600 3852 suis
1647 3795 1740 3851 aut
1768 3797 1902 3853 ube-

287 3879 447 3934 riore
473 3879 806 3950 indulgentia
835 3884 1004 3950 dedit,
1040 3896 1135 3941 aut
1161 3887 1398 3944 certiore
1442 3891 1738 3945 securitate
1771 3905 1898 3960 pro-

285 3971 501 4040 spexit,
548 3980 644 4026 aut
675 3973 956 4042 prudentia
991 3977 1333 4035 consultiore
1377 3981 1639 4036 munivit?
1673 3981 1902 4038 Fecerat

284 4071 347 4119 et
382 4061 654 4132 Trajanns
681 4067 832 4132 olim,
860 4068 956 4123 scd
981 4071 1227 4140 partibus
1254 4075 1505 4146 retentis,
1535 4091 1644 4131 non
1666 4075 1900 4132 habebat

284 4166 506 4214 tantam
535 4160 956 4219 oblectationem
988 4169 1236 4222 concessi
1267 4167 1435 4223 debiti
1469 4171 1668 4239 portio,
1695 4182 1899 4240 quanta

286 4253 519 4308 suberat
544 4256 852 4313 amaritudo
893 4260 1118 4314 servati.
1156 4261 1223 4315 Et
1271 4261 1542 4318 Antonius
1572 4263 1894 4333 indulserat,

289 4346 389 4401 sed
427 4345 660 4416 imperii,
693 4365 801 4404 non
849 4349 1100 4408 beneﬁcii
1129 4367 1418 4409 successor
1463 4354 1678 4420 invidit,
1712 4354 1802 4426 qui
1829 4371 1898 4412 ex

290 4436 641 4493 documentis
687 4439 998 4513 tabulisque
1043 4444 1229 4513 pepuli
1279 4445 1586 4501 contlonata
1620 4447 1892 4518 repetivit.

290 4530 376 4586 Tu
409 4544 725 4602 argumenta
754 4538 934 4591 omnia
955 4537 1225 4609 flagitandi
1253 4540 1544 4609 publicitus
1572 4541 1898 4612 arderejus-

291 4623 436 4679 sisti.
492 4624 691 4682 Videre
741 4628 792 4683 in
843 4629 957 4684 suis
985 4645 1216 4700 quaeque
1263 4629 1395 4686 foris
1422 4646 1620 4686 omnes
1647 4632 1896 4687 civitates
1920 4601 1975 4663 D

187 4763 198 4772 .
293 4719 784 4789 conllagrationem
814 4723 1052 4780 salubris
1078 4724 1334 4781 incendii.
1377 4724 1657 4782 Ardebant
1696 4726 1896 4796 stirpes

293 4811 547 4866 fraudum
582 4823 825 4869 veterum
864 4834 874 4868 :
925 4814 1192 4872 ardebant
1221 4817 1514 4874 seminaria
1565 4817 1893 4873 futurarum.

291 4904 413 4961 .lam
448 4923 507 4962 se
533 4924 652 4962 cum
689 4910 912 4979 pulvere
945 4910 1124 4968 favilla
1157 4910 1471 4968 miscuerat.
1509 4912 1628 4968 Jam
1661 4911 1898 4968 nubibus

296 4999 484 5054 fumus
537 5001 863 5068 involverat,
897 5013 954 5059 et
983 5003 1162 5059 adhuc
1192 5004 1414 5060 obnoxii
1446 5005 1500 5060 in
1529 5005 1741 5076 paginis
1768 5018 1899 5060 con-

291 5094 558 5149 crematis
584 5094 782 5153 ductus
813 5098 1026 5166 apicum
1058 5108 1115 5154 et
1153 5098 1529 5154 sestertiorum
1576 5108 1733 5154 notas
1768 5113 1893 5154 cum

291 5184 542 5255 juvantia
565 5187 634 5243 dc
663 5189 875 5246 ratione
901 5191 1221 5257 cernebant,
1253 5189 1397 5261 quod
1430 5190 1794 5245 meminerant
1817 5191 1896 5246 le-

292 5289 442 5336 ctum
478 5281 579 5353 legi
611 5297 773 5354 posse
799 5293 855 5339 et
881 5295 1155 5342 verentes.
1180 5285 1320 5354 Quid
1346 5294 1417 5354 te,
1453 5285 1755 5357 imperator
1784 5284 1894 5339 Au-

291 5386 472 5446 guste,
513 5376 924 5449 indulgentius?
955 5378 1093 5446 Quid
1143 5389 1320 5450 potest
1370 5393 1494 5436 esse
1547 5378 1892 5435 consultius?

294 5467 436 5535 Quae
466 5469 604 5525 bona
630 5479 880 5542 praestas,
913 5471 1103 5539 ellicis,
1137 5487 1205 5528 ne
1228 5467 1432 5529 caduca
1461 5472 1592 5528 sint.
1626 5471 1758 5539 Quae
1778 5485 1894 5527 ma-

296 5561 348 5617 la
378 5563 592 5631 adimis,
627 5565 892 5635 prospicis
921 5578 988 5619 ne
1029 5566 1239 5634 possint
1286 5581 1409 5623 esse
1455 5566 1716 5622 recidiva.
1766 5564 1893 5622 llaec

295 5659 726 5725 provincialibus
776 5659 1126 5729 indulgentiae
1169 5661 1330 5716 bona.
1384 5663 1522 5731 Quid
1568 5663 1660 5719 illa
1704 5670 1894 5716 nostro

297 5750 510 5806 ordini?
563 5753 699 5819 Quid
753 5752 842 5806 illa
899 5751 1160 5808 militibus
1205 5751 1606 5810 Antoninorum
1661 5754 1891 5812 comitas

297 5840 446 5901 fuit?
479 5847 544 5902 Et
570 5847 680 5919 jam
711 5845 835 5904 inde
857 5845 1308 5904 Germanicorum
1337 5849 1561 5907 cohorte
1589 5847 1890 5906 amicorum

2003 3331 2098 3387 illa
2122 3342 2386 3403 perpetua
2414 3341 2520 3399 est,
2553 3339 2611 3388 et
2648 3329 2828 3402 spatio
2856 3344 2965 3385 non
2996 3327 3393 3398 transmeabili,
3427 3325 3616 3382 termi-

2005 3442 2132 3482 num
2162 3427 2328 3482 calcis
2361 3427 2597 3496 ignorat.
2622 3424 2794 3480 Flexu
2827 3433 3010 3478 tamen
3039 3435 3211 3492 parvo
3236 3434 3338 3476 nec
3356 3434 3388 3475 a
3413 3428 3466 3474 te
3489 3433 3617 3488 pro-

2003 3518 2094 3575 cul
2125 3527 2414 3574 convertar
2453 3516 2521 3573 ad
2553 3516 2764 3573 Deum:
2797 3514 3030 3572 Aﬁterne
3072 3511 3315 3569 onmium
3361 3510 3576 3581 genitor
3597 3551 3616 3576 ,

2003 3609 2124 3679 ipse
2155 3626 2264 3666 non
2298 3611 2481 3681 genite
2528 3610 2738 3680 Opil'ex,
2776 3617 2832 3664 et
2860 3622 3026 3664 causa
3062 3604 3292 3672 mundi,
3345 3602 3616 3674 principio

2003 3703 2279 3770 antiquior
2301 3741 2316 3767 ,
2356 3702 2466 3757 fine
2497 3701 2839 3769 diuturnior,
2875 3699 2970 3770 qui
3001 3698 3204 3768 templa
3251 3696 3353 3751 tibi
3394 3705 3452 3753 et
3486 3709 3614 3784 aras

2002 3798 2382 3868 penetralibus
2437 3797 2774 3854 initiatorum
2834 3797 3115 3876 mentibus
3169 3794 3501 3860 condidisti,
3557 3803 3616 3848 tu

2003 3891 2263 3948 Gratiano
2303 3892 2662 3947 humanarum
2697 3903 2879 3944 rerum
2913 3877 3174 3952 domino,
3212 3885 3480 3954 ejusmodi
3519 3900 3613 3940 se-

2002 3987 2151 4043 mina
2207 3986 2380 4042 nostri
2423 3985 2634 4040 amoris
2686 3981 2929 4049 inolesti,
2989 3989 3052 4036 ut
3093 3979 3234 4036 nihil
3275 3977 3328 4033 in
3359 3978 3611 4050 digressu

2002 4079 2222 4152 segnior
2249 4078 2426 4134 factus
2445 4118 2461 4144 ,
2490 4075 2834 4132 meminisset
2856 4084 2911 4129 et
2933 4073 3109 4130 relicti
3133 4114 3150 4141 ,
3180 4072 3482 4128 illustraret
3509 4071 3580 4125 ab

2000 4183 2238 4239 sentem,
2272 4169 2633 4240 praisentibus
2661 4165 2982 4224 anteferret.
3020 4165 3158 4222 Dein
3183 4164 3311 4235 quia
3340 4166 3615 4221 interesse
3660 4166 3664 4168 ’

2001 4262 2319 4337 primordiis
2340 4259 2622 4332 dignitatis
2648 4273 2747 4330 per
2782 4257 3026 4313 locorum
3059 4255 3347 4312 intervalla
3379 4270 3488 4310 non
3511 4269 3610 4325 po-.

1999 4369 2165 4424 terat,
2193 4357 2261 4413 ad
2294 4355 2696 4413 solemnitatem
2715 4350 2988 4408 condendi
3017 4349 3244 4406 honoris
3265 4358 3605 4414 occurreret,

1999 4449 2285 4508 beneflciis
2322 4463 2390 4503 ne
2425 4446 2647 4503 deesset
2683 4443 2945 4500 officium.
2973 4442 3108 4510 Qua:
3137 4441 3284 4496 enim
3316 4439 3605 4506 memoria,

2002 4543 2282 4609 memoria,
2310 4541 2553 4613 inquam,
2570 4549 2947 4594 transcursum
2973 4545 3137 4592 tanta:
3159 4532 3456 4592 celeritatis
3472 4575 3489 4599 ,
3519 4533 3608 4588 vel

2001 4635 2055 4692 in
2078 4634 2376 4690 audacibus
2405 4632 2720 4688 Graecorum
2767 4627 2966 4686 fabulis
3001 4634 3311 4684 commenta
3349 4626 3472 4682 est?
3505 4624 3608 4680 Pe-

1999 4743 2164 4800 gasus
2192 4727 2416 4782 volucer
2453 4731 2609 4778 actus
2638 4737 2667 4776 a
2693 4721 2861 4794 Lycia
2890 4734 3000 4777 non
3029 4721 3171 4776 ultra
3200 4718 3446 4774 Ciliciam
3475 4729 3607 4785 per-

2001 4820 2221 4878 meavit.
2259 4817 2512 4889 Cyllarus
2539 4823 2704 4885 atque
2734 4814 2903 4870 Arion
2934 4812 3079 4870 inter
3106 4811 3285 4882 Argos
3321 4807 3609 4865 Nemeam-

1999 4930 2106 4988 que
2139 4893 2459 4970 senuerunt.
2505 4909 2616 4981 Ipsi
2656 4908 2947 4966 Castorum
2976 4907 3125 4978 equi,
3174 4902 3320 4976 quod
3355 4899 3610 4972 longissi-

2000 5025 2150 5065 mum
2181 5009 2284 5064 iter
2307 5015 2413 5074 est,
2444 5020 2552 5060 non
2584 5003 2690 5059 nisi
2719 5011 2930 5059 mutato
2959 5007 3182 5057 vectore
3198 5004 3604 5052 transcurrunt.

1999 5101 2103 5170 Tu,
2123 5100 2400 5168 Gratiane,
2431 5106 2508 5154 tot
2526 5096 2761 5152 Romani
2787 5093 3004 5165 imperii
3033 5092 3254 5153 limites,
3280 5096 3360 5143 tot
3382 5087 3608 5142 ﬂumina

1999 5205 2054 5252 et
2082 5195 2255 5260 lacus,
2291 5199 2373 5248 tot
2412 5199 2659 5247 veterum
2690 5189 2991 5256 intersepta
3026 5194 3326 5253 regnorum
3357 5178 3606 5247 abusque

1997 5285 2234 5344 Thracia
2261 5299 2360 5356 per
2388 5292 2559 5338 totum
2585 5282 2771 5354 (quam
2793 5277 2989 5346 longus
3018 5273 3127 5343 est)
3157 5271 3336 5326 locmn
3377 5266 3603 5340 lllyrici,

1998 5379 2305 5445 Venetiam,
2338 5376 2756 5448 Liguriamque,
2791 5381 2845 5428 et
2877 5367 3112 5424 Galliam
3138 5373 3404 5430 veterem,
3445 5363 3603 5417 insu-

1995 5469 2257 5545 perabilia
2290 5469 2533 5535 Rhetiae,
2584 5464 2760 5522 Rheni
2807 5461 3070 5527 accolas,
3102 5457 3485 5528 Sequanorum
3516 5455 3607 5511 in-

1997 5567 2106 5631 via,
2134 5577 2380 5635 porrecta
2405 5561 2734 5625 Germaniae,
2761 5553 3028 5612 celeriore
3057 5561 3379 5608 transcursu
3403 5589 3419 5616 ,
3443 5561 3606 5619 quam

1999 5668 2084 5715 est
2113 5655 2423 5728 properatio
2447 5652 2620 5710 nostri
2650 5647 2944 5714 sermonis,
2984 5642 3215 5710 evolvis,
3238 5640 3386 5697 nulla
3414 5638 3608 5712 requie

1999 5753 2120 5821 etii,
2152 5766 2221 5808 ne
2250 5749 2432 5806 somni
2457 5743 2678 5818 quidem
2710 5749 2806 5798 aut
2829 5740 2971 5811 cibi,
3000 5750 3229 5797 munere
3249 5733 3490 5802 liberali,
3519 5744 3601 5802 ut,

2000 5845 2206 5910 Gallias
2237 5854 2356 5908 tuas
2381 5839 2689 5914 inopinatus
2719 5837 2959 5902 illustres
2980 5880 2995 5910 ,
3035 5842 3092 5899 ut
3121 5830 3401 5897 consulem
3430 5838 3605 5902 tuum,
