4072 6306
528 248 633 309 947

1932 254 2115 347 nam!
2153 260 2428 351 Arsami

3722 290 3821 373 9n

531 364 777 437 quamvis
807 365 1166 437 desideratus,
1193 368 1485 443 anticipes,
1506 376 1567 428 ut
1596 370 1743 428 illam
1774 372 1947 445 ipsam
1963 415 1985 463 ,η
2006 391 2127 447 qum
2151 380 2208 442 Α
2231 380 2500 467 sermonis
2524 379 2761 454 dignitas
2789 383 3122 459 honestavit,
3151 393 3295 466 apud
3313 394 3518 454 Gallias
3538 364 3821 477 illustriora

530 474 692 516 auras
716 460 1031 532 praecedere
1058 462 1216 533 solet,
1249 464 1448 520 famam
1474 464 1641 523 facias
1669 454 1985 525 tardiorem.
2014 464 2131 528 Hoc

527 553 799 609 senectuti
820 567 977 620 mete,
1005 552 1109 611 hoc
1138 553 1334 612 honori
1357 564 1463 614 ate
1482 556 1691 628 datum,
1722 574 2010 631 supremus
2036 562 2130 619 ille

530 644 749 715 imperii
776 653 831 700 et
854 645 1210 703 consiliorum
1237 657 1451 706 tuorum
1470 649 1607 708 deus
1636 654 1916 722 conscius,
1956 664 2014 713 et
2039 673 2129 712 ar-

526 739 672 795 biter
696 747 753 795 et
780 738 988 795 auctori
1012 738 1238 810 ndulsit,
1257 750 1320 799 ut
1343 743 1534 801 sellam
1564 747 1830 818 curulem,
1857 749 2013 820 cujus
2041 764 2128 808 se-

526 831 651 887 dem
682 831 998 905 frequenter
1034 836 1287 908 ornabis,
1337 847 1399 895 ut
1433 849 1752 913 praetextam
1789 859 1964 902 meam
1996 861 2124 918 pur-

525 937 677 994 pura:
698 932 804 982 tua:
840 927 963 983 luce
988 926 1222 986 fucatam
1242 970 1260 1000 ,
1300 940 1361 1011 ut
1387 933 1630 991 trabeam
1655 920 1764 993 non
1794 939 1967 1010 magis
1990 954 2123 997 auro

525 1029 626 1071 suo
651 1033 816 1101 quam
854 1036 1086 1081 munere
1114 1031 1207 1082 tuo
1248 1026 1590 1099 splendidam
1610 1070 1627 1099 ,
1654 1046 1776 1103 quae
1805 1032 1875 1089 ab
1908 1033 2123 1117 lliyrico

2234 462 2568 553 prmstares‘,
2605 495 2932 555 qurestorem
2963 498 3023 546 ut
3068 499 3220 550 tuum
3248 494 3573 566 praefectum
3596 541 3612 569 ,
3644 509 3701 556 ut
3737 510 3822 559 tuo

2235 564 2491 644 praetorio
2537 579 2820 635 consulem
2869 590 3055 650 tuum,
3103 594 3159 641 et
3212 564 3357 658 quod
3406 584 3824 652 adhuc'cunctis

2232 660 2373 743 meis
2420 668 2733 749 nominibus
2783 678 3119 753 anteponis,
3179 692 3575 754 praeceptorem
3645 694 3821 757 tuum,

2230 775 2393 831 quem
2425 763 2511 841 pia
2539 779 2673 822 voce
2714 760 3113 845 declaraveras,
3148 773 3293 849 justa
3327 770 3542 835 ratione
3576 770 3819 850 praetule-

2231 870 2343 926 ras,
2370 857 2583 935 liberali
2612 860 2862 951 largitate
2893 863 3190 939 ditaveras,
3220 872 3480 944 Augusta:
3505 860 3822 955 dignationis

2230 948 2428 1028 ofﬁciis
2456 940 2832 1015 consecrares.
3334 958 3341 963 ’

2612 1049 2771 1123 Apud
2794 1052 3108 1114 Gratianum
3136 1060 3453 1135 Augustum.

780 1249 1418 1355 PERIOCH/E
1490 1259 1617 1347 IN
1686 1262 2168 1357 HOMERI
2238 1214 2633 1369 ILIADA
2707 1282 2859 1369 ET
2934 1234 3597 1423 omissum.
3778 1238 3785 1241 ’

1908 1413 2435 1441 -—-——‘

595 1476 655 1534 Si
687 1474 1017 1549 llomerum,
1056 1480 1383 1554 scriptorem
1412 1484 1594 1546 Troici
1631 1489 1800 1563 belli,
1850 1506 2119 1570 eatenus,

524 1586 633 1643 qua
659 1572 889 1629 lliadem
920 1589 1074 1632 suam
1109 1577 1317 1650 incipit,
1347 1596 1568 1655 quaque
1595 1584 1757 1657 linit,
1798 1605 2126 1679 percensea-

522 1680 686 1736 mus,
732 1682 919 1724 orsum
964 1669 1031 1725 ab
1076 1671 1363 1732 iracundia
1407 1676 1640 1738 Achillis
1670 1683 1739 1739 ad
1788 1674 2123 1758 sepulturam

522 1759 799 1830 Hectoris,
830 1772 1065 1834 quatuor
1091 1774 1149 1823 et
1173 1767 1365 1841 viginti
1395 1771 1568 1831 libros
1592 1781 1943 1840 contexuisse
1967 1800 2126 1843 mon-
2154 1812 2205 1875 Β

522 1853 839 1911 strabimus.
867 1856 994 1913 [iure
1015 1858 1136 1928 ejus
1159 1863 1375 1932 species
1397 1876 1626 1937 apparet
1651 1885 1919 1930 summam
1942 1885 2125 1936 cutem

526 1948 689 2017 primi
718 1949 901 2021 operis
930 1950 1188 2010 intuenti.
1242 1954 1443 2015 Verum
1483 1959 1588 2020 hoc
1627 1966 1917 2038 scriptura:
1956 1972 2125 2043 ipsius

525 2050 744 2114 tempus
772 2044 1013 2116 Trojano
1044 2047 1191 2106 bello
1213 2065 1326 2108 non
1348 2063 1544 2126 totum,
1576 2058 1674 2115 sed
1704 2054 1845 2132 pene
1868 2065 2122 2139 ultimum

522 2134 644 2191 fuit.
676 2135 811 2194 Nam
837 2140 883 2195 si
912 2141 1056 2198 ratio
1088 2145 1329 2214 putanda
1356 2156 1442 2204 est
1471 2146 1895 2224 oppugnationis
1923 2134 2125 2219 decen-

521 2227 630 2297 nis,
660 2245 839 2286 nonus
861 2230 978 2289 fere
1003 2248 1183 2292 annus
1206 2279 1221 2303 ,
1265 2238 1517 2314 idemque
1546 2259 1721 2317 prope
1747 2248 1912 2307 linem
1943 2255 2028 2310 sui
2058 2270 2121 2314 ea

521 2322 744 2392 negotia
771 2325 1093 2398 continebit,
1125 2345 1248 2402 quae
1276 2331 1345 2390 ab
1374 2334 1576 2416 injuria
1602 2342 2028 2420 Agamemnonis
2058 2366 2122 2409 ac

518 2412 786 2473 Briseidis
816 2420 1174 2491 usurpatione
1196 2439 1367 2498 usque
1394 2426 1463 2485 ad
1490 2412 1667 2491 funus?
1684 2412 1935 2498 llectoris
1959 2442 2121 2516 digna

516 2517 824 2565 memoratu
851 2519 1035 2568 erunt.
1065 2513 1162 2571 illa
1194 2525 1498 2591 temporum
1521 2527 1716 2603 series,
1742 2546 1866 2602 qum
1886 2534 1954 2591 ab
1976 2513 2122 2607 ejus-

517 2597 645 2689 dem
692 2598 827 2657 belli
862 2604 1047 2662 causis
1096 2613 1262 2680 atque
1301 2611 1515 2685 origine
1563 2597 1803 2689 pertinet
1850 2626 1918 2681 ad
1966 2597 2120 2686 urbis

518 2688 814 2749 excidium.
840 2694 1020 2766 Atque
1047 2712 1116 2755 ex
1141 2715 1209 2757 eo
1238 2705 1477 2785 eveniet,
1509 2688 1575 2763 ut
1602 2709 1805 2782 ignaris
1840 2715 2118 2787 iudicandi

520 2789 577 2835 et
604 2786 925 2843 meonomizc
955 2779 1299 2863 expertibus,
1345 2798 1517 2856 multa
1547 2779 1753 2860 nobilia
1793 2779 2119 2891 abexordio

520 2875 652 2966 belli
700 2893 871 2950 usque
917 2882 985 2939 ad
1026 2885 1257 2946 Achillis
1292 2892 1534 2966 jurgium
1562 2901 1767 2957 omissa
1811 2882 2116 2966 videantur.

519 2965 631 3023 Nec
676 2970 858 3028 minus
888 2976 1053 3035 multa
1084 2978 1153 3035 ab
1181 2981 1431 3041 Hectoris
1473 2990 1661 3048 funere
1693 2994 1934 3068 aduSque
1964 2965 2117 3058 dele;

450 3126 455 3129 τ
519 3070 631 3117 tum
661 3063 1090 3135 llinm.Quorum
1119 3074 1340 3145 quidem
1373 3082 1606 3138 maxima
1629 3063 1969 3158 exspectatio
1998 3103 2118 3169 erat

517 3165 744 3227 proptt-r
775 3170 881 3218 tam
911 3162 1061 3235 longi
1085 3170 1404 3228 certaminis
1433 3182 1981 3241 consummationem.
2007 3166 2113 3244 Sed

519 3259 577 3307 ut
601 3252 844 3310 divinum
880 3270 1122 3328 poetam,
1155 3263 1290 3323 nihil
1317 3268 1462 3338 quod
1495 3270 1711 3330 illustre
1742 3275 1925 3349 fuerit,
1975 3285 2117 3340 omi-

515 3343 659 3401 sisse
697 3363 1000 3419 appareat,
1042 3362 1207 3425 utque
1242 3360 1428 3419 omnia
1470 3378 1592 3433 quae
1638 3366 1784 3422 iiuiri
1830 3376 2116 3443 oportuit,

514 3442 850 3511 contigisse,
885 3446 1156 3513 breviter,
1187 3460 1241 3506 et
1272 3453 1327 3507 in
1359 3455 1621 3526 Epitomae
1658 3464 1898 3530 speciem
1924 3507 1941 3533 ,
1988 3467 2116 3527 belli

2232 1506 2483 1565 ultimum
2508 1510 2746 1572 furorem
2776 1520 3028 1592 progredi
3055 1522 3296 1602 Minerva
3327 1529 3619 1603 vetuisset.
3652 1536 3693 1590 Α
3724 1551 3820 1609 quo

2230 1598 2439 1661 Briseis
2467 1608 2773 1684 concubina
2804 1611 2859 1668 in
2887 1613 3065 1687 locum
3107 1598 3469 1693 Chryseidis,
3524 1642 3647 1698 qua:
3687 1598 3817 1700 patri

2232 1692 2587 1768 reddebatur,
2632 1701 2866 1761 abducta
2906 1716 3011 1763 est.
3043 1706 3174 1795 inde
3206 1710 3395 1771 Thetis
3428 1692 3605 1775 mater
3629 1692 3705 1777 ad
3722 1739 3821 1783 coe-

2232 1787 2340 1843 lum
2368 1830 2383 1855 ,
2427 1789 2699 1873 lacrymas
2737 1803 2793 1852 et
2826 1787 3212 1860 contumeliam
3247 1806 3349 1863 filii
3376 1810 3645 1879 miserata
3673 1814 3823 1886 proft-

2229 1881 2475 1940 ciscitur.
2508 1884 2643 1956 Qua:
2676 1889 2873 1948 fiducia
2900 1894 3107 1969 defensi
3134 1899 3408 1974 quondam
3440 1918 3564 1959 cum
3589 1881 3823 1977 Egeoue

2227 1974 2381 2032 Jovis
2408 1978 2582 2035 ultttm
2615 1981 2682 2038 iri
2710 1982 2984 2043 aﬁ‘ectanti
3016 1987 3266 2061 iujuriam
3290 2036 3305 2061 ,
3340 1974 3818 2058 obtestatursum-

2227 2084 2378 2126 mum
2406 2071 2660 2146 deorum,
2694 2087 2754 2134 ut
2779 2078 3047 2153 Trojanos
3078 2078 3133 2140 in
3168 2086 3332 2157 rebus
3360 2087 3494 2145 belli
3522 2093 3819 2162 superiores

2226 2175 2350 2219 esse
2379 2167 2639 2235 patiatur.
2662 2162 3067 2241 'Quibus'Juno
3111 2180 3408 2249 compertis
3447 2181 3707 2240 iracunde
3733 2185 3819 2242 ad-

2226 2271 2443 2313 versum
2470 2261 2757 2333 conjugem
2783 2278 3180 2325 commovetur.
3202 2270 3308 2328 Sed
3331 2272 3574 2344 gliscens
3594 2276 3813 2350 jurgium

2226 2346 2713 2423 perderidicuium,
2750 2358 3094 2419 ministrante
3119 2362 3381 2433 Vulcano,
3423 2369 3587 2426 simul
3615 2372 3815 2431 consilii

2225 2445 2412 2516 specie
2439 2445 2817 2526 intercedente
2848 2453 3071 2512 lenitur.

2659 2585 2918 2659 Parios/ta
2946 2590 3065 2665 libri
3092 2607 3134 2663 tt
3164 2590 3389 2659 Iliados.

2350 2700 2610 2776 mlestes,
2633 2703 2989 2776 hominumque
3009 2722 3172 2774 genus
3193 2714 3485 2776 superabile
3509 2718 3644 2768 curis

2347 2763 2633 2837 'l'ranquilla
2660 2769 2857 2837 obscuri
2881 2763 3150 2837 carpEbant
3166 2763 3575 2832 muhérﬁonui

2348 2825 2412 2902 ‘At
2434 2825 2531 2902 non
2555 2825 2847 2902 pervigilem
2871 2825 3535 2902 nos"irreqttietatonantein

2346 2888 2533 2967 genii},
2556 2888 2842 2967 immodicos
2860 2888 3139 2967 volvente.th
3157 2888 3325 2967 corde
3352 2888 3575 2967 parat—tis,

2350 2950 2574 3006 Caedibus
2592 2963 2644 3035 ut
2665 2955 2862 3031 Graium
2885 2958 3054 3021 laesum
3072 2950 3334 3031 ulciscatur
3353 2950 3623 3035 ﬁebilis—2m.

2292 3079 2505 3151 Jupiter
2518 3085 2555 3137 Δ
2566 3098 2978 3155 gamemnonem
3000 3105 3194 3148 somno
3209 3103 3392 3150 monet
3406 3097 3578 3166 praelii
3594 3097 3809 3157 faciendi

2145 3214 2192 3287 c
2224 3180 2439 3244 tempus
2461 3176 2659 3243 adesse
2684 3223 2698 3247 ,
2745 3194 2816 3235 ne
2838 3191 3121 3239 cunctetur
3145 3185 3432 3245 dimicare.
3466 3190 3606 3248 Tum
3639 3192 3729 3249 ille
3758 3186 3803 3248 in

2223 3269 2514 3326 consilium
2549 3272 2867 3342 proceribus
2893 3275 3197 3347 advocatis,
3234 3282 3553 3339 mandatum
3585 3284 3736 3341 lovis
3759 3296 3808 3342 et

2219 3361 2463 3431 speciem
2492 3373 2771 3420 nocturnae
2799 3367 2999 3438 quietis
3027 3370 3304 3441 explanat.
3330 3373 3450 3430 Mox
3477 3376 3532 3431 in
3551 3378 3805 3459 concione

2220 3453 2575 3512 multitudine
2604 3469 2957 3531 congregata,
2990 3468 3259 3534 pert'cntat
3289 3468 3530 3524 militum
3562 3453 3803 3527 volunta-

516 3529 701 3587 Troici
731 3549 950 3590 causam
979 3540 1223 3610 originis,
1254 3555 1657 3621 apparatusque
1685 3568 1806 3624 qua:
1836 3559 1997 3615 annis
2026 3577 2117 3618 su-

2221 3556 2331 3604 tem
2353 3589 2369 3615 ,
2411 3558 2578 3622 utque
2624 3529 2876 3623 deposito
2918 3529 3063 3613 bello
3092 3558 3159 3614 ad
3194 3576 3290 3617 sua
3318 3562 3524 3635 quique
3550 3566 3802 3634 redeant,

514 3626 825 3689 periorihus
855 3631 1209 3703 acciderunt,
1240 3641 1600 3699 retexuimus.
1633 3645 1837 3706 Horum
1869 3655 2113 3713 omnium

513 3715 689 3821 prima
714 3718 869 3791 origo
894 3731 982 3779 est
1007 3724 1220 3785 Paridis
1239 3730 1503 3801 judicium
1529 3735 1675 3795 inter
1699 3741 1850 3815 dcas,
1882 3747 2113 3821 denique

514 3805 706 3864 classis
734 3817 1044 3887 contentio,
1076 3834 1185 3891 qua
1215 3823 1357 3881 idem
1384 3826 1539 3886 Paris
1569 3832 1623 3887 in
1652 3805 1925 3912 Europam
1957 3805 2111 3900 navi-

509 3901 679 3968 gavit.
709 3903 843 3961 Tum
877 3911 1052 3980 raptio
1076 3913 1299 3974 Helena:
1322 3961 1338 3987 ,
1389 3937 1510 3993 quae
1560 3901 1821 3997 opinione
1845 3944 2108 3994 veterum

510 3997 767 4067 bipartita
795 4012 901 4072 est,
930 4008 1075 4078 quod
1103 4011 1349 4085 plerique
1377 4015 1643 4077 Helenam
1665 4023 1819 4095 juxta
1860 4029 2111 4088 Homeri-

509 4103 632 4146 cum
658 4094 872 4163 plasma
899 4099 967 4156 ad
997 4099 1219 4175 Troiam
1254 4105 1596 4179 deportatum
1630 4094 1802 4174 Fuisse
1831 4120 2111 4177 existima-

506 4194 736 4254 verunt,
768 4192 1017 4249 nonnulli
1043 4205 1229 4254 autem
1250 4200 1456 4271 opinati
1481 4217 1631 4276 sunt,
1659 4223 1782 4268 cum
1798 4212 2110 4273 Alexander

506 4292 671 4336 cursu
699 4280 1044 4357 deerrasset,
1084 4288 1412 4366 delatosque
1440 4297 1507 4354 ad
1534 4288 1831 4375 Egyptum
1871 4306 2104 4379 fuisset,

505 4375 724 4445 cognita
775 4377 1062 4452 hospitalis
1106 4383 1333 4445 fmderis
1377 4391 1572 4463 injuria
1598 4437 1615 4464 ,
1660 4414 1761 4470 per
1787 4375 2103 4485 Egyptium

503 4486 691 4543 regem
719 4511 735 4538 ,
764 4476 1234 4536 servantissimum
1262 4482 1398 4553 justi
1425 4488 1603 4545 virum
1631 4531 1647 4555 .
1686 4476 1948 4555 Helenam
1980 4515 2103 4560 cum

496 4563 592 4631 iis,
621 4580 879 4685 quiz'una
904 4584 1028 4626 cum
1059 4573 1253 4632 eadem
1279 4578 1493 4685 fuerant
1512 4625 1529 4653 ,
1556 4586 1863 4662 abreptam,
1895 4592 2104 4655 Paridi-
2132 4613 2181 4685 ι)

501 4673 610 4729 que
638 4659 931 4737 sublatam,
981 4676 1292 4738 expugnato
1324 4671 1546 4733 demum
1582 4659 1707 4749 ilio,
1736 4659 1984 4747 Menelao
2013 4707 2103 4749 re-

494 4752 765 4810 stitutam.

878 4846 1139 4907 Periocha
1163 4852 1285 4911 libri
1311 4860 1468 4930 primi
1494 4861 1717 4922 Iliadas.

624 4963 785 5032 iram,
803 4962 938 5030 diva,
968 4963 1109 5017 refer
1132 4970 1235 5032 uati
1258 4969 1441 5027 Peleos
1461 4977 1673 5032 Achillei

622 5026 940 5092 restiterant;
967 5041 1080 5092 quae
1099 5029 1235 5081 mille
1257 5034 1396 5086 dedit
1418 5026 1700 5097 discrimina
1724 5045 1939 5102 Achivis.

568 5132 810 5208 Chryses
838 5135 1110 5209 Apollinis
1132 5140 1395 5200 sacerdos
1418 5146 1488 5203 ob
1516 5151 1892 5217 redimendam
1922 5158 2089 5218 ﬁliam

494 5239 618 5283 cum
633 5230 1032 5303 Agamemnoni
1057 5231 1421 5304 supplicasset
1438 5247 1493 5295 et
1506 5249 1894 5310 contumeliose
1910 5255 2091 5327 repul-

491 5330 589 5374 sus
602 5318 777 5395 [supp.
792 5320 982 5394 esset],
998 5322 1032 5378 d
1042 5337 1165 5379 eum
1179 5334 1433 5395 precatur
1446 5331 1695 5393 ultorem:
1712 5334 1955 5407 insecuta
1969 5318 2091 5405 sub-

488 5408 619 5469 inde
630 5410 782 5481 gravi
792 5413 1123 5485 pestilentia,
1140 5430 1263 5474 cum
1276 5417 1592 5491 Graecorum
1606 5434 1879 5493 exercitus
1895 5437 2089 5497 interi-

485 5506 597 5566 ret,
619 5500 766 5571 cogit
784 5501 1026 5561 Achilles
1048 5507 1363 5583 coucilium,
1384 5516 1526 5574 etab
1538 5519 1728 5578 eodem
1743 5524 1946 5587 invitus
1964 5520 2088 5590 Cal-

482 5589 621 5646 chas
641 5590 820 5648 morbi
839 5606 1060 5652 causam
1082 5602 1428 5673 compellitur
1448 5607 1721 5672 indicare:
1741 5634 1843 5690 qua
1866 5622 2084 5696 cognita

467 5681 865 5787 ~.Agametunon
902 5691 1207 5787 concitatur
1250 5695 1307 5755 in
1336 5700 1626 5762 Achillem.
1687 5681 1791 5778 Qui
1837 5681 2081 5787 percitus

478 5771 765 5864 iracundia
794 5780 964 5861 etiam
989 5783 1193 5880 caedem
1224 5791 1370 5885 regis
1410 5794 1645 5889 audebat
1669 5771 2077 5888 ,wnisi.eut:u

2217 3641 2563 3699 cohortatur.
2595 3643 2825 3719 Jamque
2864 3650 3118 3707 omnibus
3167 3654 3573 3725 navigationem
3616 3659 3804 3716 adhor-

2216 3734 2478 3801 tantibus,
2496 3735 2640 3793 foeda
2664 3738 2932 3796 discessio
2961 3742 3030 3797 ab
3056 3743 3252 3816 Ulysse
3278 3746 3594 3807 Cohibetur.
3632 3752 3677 3808 A
3703 3768 3803 3824 quo

2214 3827 2378 3883 etiam
2407 3827 2688 3886 Thersites
2715 3830 2975 3890 deformis
3005 3843 3063 3891 et
3090 3837 3291 3908 loquax
3317 3884 3331 3910 ,
3377 3848 3435 3897 et
3474 3842 3530 3899 in
3573 3844 3800 3901 Heroum

2213 3921 2573 3977 contumelias
2598 3923 2891 3980 verborum
2912 3926 3136 3983 licentia
3165 3942 3447 4002 promptus
3467 3949 3592 3992 cum
3617 3939 3799 3995 acerba

2212 4010 2599 4083 objurgatione
2624 4015 2887 4087 pulsatur.
2914 4016 3036 4089 ipse
3064 4020 3322 4081 Minervre
3351 4029 3560 4108 monitu
3588 4041 3800 4107 cunctos
3886 4084 3893 4089 .

2211 4120 2242 4161 a
2267 4106 2607 4178 profectione
2630 4112 2889 4170 deterret.
2940 4115 3170 4189 Sumpto
3192 4106 3393 4180 deinde
3415 4122 3546 4183 cibo
3568 4122 3801 4184 armatur

2210 4198 2509 4256 exercitus.
2557 4201 2745 4274 Neque
2783 4206 2964 4262 secius
2989 4223 3017 4261 a
3048 4208 3302 4281 Trojanis
3349 4215 3619 4297 instructa
3663 4218 3800 4276 acies

2209 4288 2351 4347 iride
2387 4293 2459 4349 ita
2487 4302 2747 4352 monente
2789 4298 3131 4369 producitur.
3177 4288 3435 4377 Sequitur
3472 4312 3800 4368 enumeratio

2208 4382 2491 4451 copiarum
2522 4385 2725 4443 viritim
2746 4435 2761 4460 ,
2806 4398 2864 4445 ut
2903 4407 2999 4463 per
3028 4396 3266 4469 catalogi
3305 4401 3506 4458 seriem
3556 4404 3754 4461 milites
3778 4450 3793 4477 ,

2208 4490 2399 4548 naves,
2432 4478 2621 4550 duces,
2654 4482 2844 4555 patriae
2866 4487 3197 4547 referantur.

2635 4618 2894 4691 Periocha
2920 4625 3041 4683 libri
3062 4644 3121 4703 ιιι
3148 4629 3373 4691 Iliados.

2326 4733 2889 4817 amensamens
2910 4740 3044 4817 astes
3066 4743 3116 4795 in
3142 4744 3272 4799 bella
3295 4759 3599 4817 sequamur.

2325 4792 2559 4876 Bispositi
2576 4792 2823 4876 in'ttt'rma‘s
2839 4792 3061 4876 equitum
3078 4792 3673 4876 giniiéas'qné‘ﬁéé'éEir’es.

2324 4855 2546 4909 Turbida
2575 4858 2869 4924 clangentes
2888 4855 3196 4919 "confundunt
3212 4855 3411 4935 egisti;
3421 4855 3611 4928 "free-3:

2270 4979 2603 5071 Instructam
2631 4984 2821 5061 praelia
2850 4990 3149 5048 exercitum
3178 5035 3196 5063 ,
3251 4997 3572 5075 priusquam
3612 4995 3791 5081 feriret

2198 5073 2366 5145 acies,
2394 5060 2645 5132 Priamus
2666 5087 2877 5149 spectat
2899 5096 2931 5138 e
2952 5086 3144 5154 muris,
3174 5096 3230 5142 et
3252 5060 3557 5161 monstratu
3582 5074 3790 5155 Helena:

2195 5164 2265 5222 de
2294 5166 2425 5221 viris
2459 5167 2763 5240 insignibus
2804 5171 3085 5233 edocetur.
3144 5179 3352 5240 Dehinc
3400 5185 3683 5247 Menelaus
3723 5191 3786 5265 ad

2192 5257 2470 5330 singulare
2516 5269 2793 5319 certamen
2834 5266 2902 5322 ab
2928 5264 3241 5329 Alexandro
3290 5290 3623 5347 provocatur
3656 5302 3667 5339 :
3700 5257 3785 5355 qui

2191 5341 2394 5440 frustra
2421 5352 2836 5437 Agamemnone
2861 5357 3210 5434 dehortante,
3240 5341 3625 5440 congreditur:
3655 5341 3786 5432 facta

2188 5430 2623 5518 interutrasque
2648 5434 2876 5521 populos
2904 5430 3225 5526 sponsione,
3260 5470 3316 5517 et
3344 5430 3555 5522 foedere
3578 5483 3676 5557 per
3698 5483 3783 5524 sa-

2196 5528 2279 5557 Α..-
2312 5534 2522 5557 n__--.-
2602 5539 2689 5557 -__1
2740 5556 2749 5557 κ
2951 5544 3030 5557 ..γ’
3330 5555 3339 5557 _

2192 5528 2284 5591 cra
2311 5534 2529 5595 firmato
2550 5580 2565 5608 ,
2598 5539 2700 5596 sub
2730 5556 2792 5597 ea
2823 5544 3165 5619 conditione,
3198 5562 3259 5607 ut
3288 5555 3555 5615 victorem
3578 5528 3782 5639 rHelena

2192 5639 2317 5682 cum
2345 5626 2474 5685 dote
2498 5641 2839 5702 sequeretur.
2874 5636 2982 5695 Sed
3016 5655 3305 5725 superatus
3332 5646 3488 5706 Paris
3512 5692 3528 5718 ,
3577 5626 3782 5731 regres-

2190 5732 2392 5790 susque
2428 5720 2732 5823 ad‘urbem
2758 5726 2939 5802 jurgio
2982 5720 3173 5794 ureris
3210 5739 3508 5814 excipitur,
3550 5720 3781 5823 ablegat:

2188 5824 2480 5893 memnone
2504 5811 2730 5897 foederis
2754 5828 2913 5905 pacta
2938 5832 3285 5911 repetuntur.
3320 5811 3355 5902 ,ί
