4072 6306
234 305 334 373 θιθ

362 396 397 417 ,Ι
447 404 461 417 s

680 412 940 478 Periocha
976 408 1046 476 lib
1082 423 1139 473 tv
1175 405 1398 485 Iliadas.

368 545 605 608 Iuppiter
629 540 825 608 interea
849 547 959 586 cum
981 533 1077 583 diis
1097 528 1510 608 genitelibus_uea

366 589 642 660 Donatium
666 602 802 667 cogit
823 609 1058 667 superum
1082 589 1147 665 de
1168 594 1324 661 rebus
1344 589 1557 658 Achivis.

244 744 247 745 ί
309 712 433 771 Jovi
465 710 653 783 placet
681 706 868 779 delere
891 702 1133 775 Trajan),
1164 697 1233 774 ad
1255 696 1396 771 quod
1423 692 1721 770 pertinacia
1748 691 1845 750 Ju-

242 807 400 881 nonis
426 812 673 877 urgetur.
707 799 952 879 Cumque
987 795 1038 851 id
1072 791 1190 865 tieri
1220 791 1463 868 Minerva
1499 793 1841 863 praperaret,

238 879 527 979 dissidinm
567 891 791 953 hederis
820 884 1271 961 comminiscitur,
1304 890 1360 941 et
1396 879 1704 949 Pandarum
1752 892 1840 951 sa-

240 972 471 1075 gittandi
503 989 738 1063 peritum
768 993 889 1040 astu
913 979 1191 1049 suadentis
1213 975 1543 1051 aggreditur,
1580 982 1641 1029 ut
1672 972 1841 1061 clam,

244 1062 530 1155 vulnerato
552 1076 822 1151 Menelao,
854 1073 983 1147 belli
1014 1085 1177 1129 causa
1199 1068 1505 1141 crudescat.
1531 1064 1648 1134 Quo
1678 1062 1842 1147 facto,

241 1194 271 1234 a
301 1175 512 1249 Grmcis
540 1171 787 1246 pra‘lium
825 1168 1180 1237 instauratur,
1225 1159 1645 1250 congressisque
1689 1172 1847 1231 exer-

246 1268 448 1349 citibus
474 1274 661 1335 mutua
688 1262 842 1321 clade
870 1259 1206 1327 decernitur.

691 1396 952 1457 Periocha
989 1395 1079 1452 lib.
1110 1409 1145 1450 v
1184 1392 1412 1449 Iliados.

370 1519 465 1572 Hic
488 1522 543 1568 et
564 1514 803 1580 Tydidem
822 1512 1060 1580 monitum
1078 1506 1300 1580 '[ritonia
1322 1503 1485 1580 Pallas

368 1568 561 1632 Audaci
580 1568 765 1692 virtute
788 1574 973 1639 replet,
999 1573 1149 1622 vomit
1174 1582 1327 1619 aurea
1350 1568 1569 1633 ﬂammas

368 1645 552 1692 Cassis.
580 1656 608 1692 e
656 1639 920 1689 undantem
944 1635 1145 1692 elypeus
1167 1628 1569 1692 defulguratigni

368 1628 561 1705 Eassis,
580 1628 920 1705 etundantém
944 1628 1145 1705 clypeus
1167 1628 1452 1705 defulgnrat
1468 1628 1659 1693 ignem.

367 1693 485 1770 l—pse
510 1693 780 1756 autumnali
797 1700 980 1750 clarum
990 1693 1147 1746 'micat
1161 1693 1367 1744 aemulus
1384 1697 1533 1742 astro.

314 1811 616 1870 Diomedes
644 1808 850 1865 auxilio
876 1805 1133 1862 Minervae
1162 1810 1383 1859 strenue
1412 1796 1708 1870 prazliatur.
1746 1794 1850 1851 Ve-
1879 1796 1926 1861 Β

245 1925 348 1967 nus
387 1920 610 1991 quoque
648 1903 757 1959 ﬁlio
808 1899 1098 1981 subvenire
1135 1903 1351 1961 conata,
1395 1893 1622 1950 vulnere
1661 1889 1854 1947 atfecta

245 1983 573 2074 digreditur.
616 1997 758 2054 Mars
789 1995 953 2051 etiam
983 1993 1045 2048 fit
1073 1990 1292 2047 saucius
1333 1986 1656 2059 cxceditque
1685 1983 1853 2057 bello.

246 2066 513 2167 Sequitur
550 2086 891 2159 Tlepolemi,
932 2081 1378 2167 Sarpedonisque
1416 2066 1753 2150 congressio.
1788 2075 1857 2132 Et

246 2166 605 2260 Tlepolemus
651 2180 904 2240 Herculis
954 2166 1103 2233 filius
1150 2173 1453 2263 certamine
1497 2172 1674 2228 victus
1711 2167 1854 2226 occi-

248 2283 412 2340 duum
719 2345 977 2405 Periocha
1014 2344 1105 2402 lib.
1132 2357 1186 2399 Vt
1222 2341 1450 2397 Iliados.

371 2466 507 2520 Solae
531 2465 792 2527 decertant
810 2462 963 2523 acies,
988 2461 1102 2527 sine
1124 2458 1327 2508 numine
1355 2456 1539 2527 divum,

372 2518 619 2582 Cessante
644 2518 827 2576 auxilio
852 2539 864 2576 :
889 2518 1131 2585 vacuique
1146 2532 1337 2585 exorsa
1362 2518 1599 2585 laborem,

371 2580 779 2654 Fortunamque;
806 2588 973 2638 ferunt
996 2580 1177 2649 proprii
1196 2582 1477 2633 discrimine
1500 2580 1603 2629 fati.

317 2698 579 2770 Troianis
618 2697 842 2755 fortuna
891 2691 1236 2755 inclinatiore
1277 2688 1673 2763 pugnantibus,
1702 2694 1854 2744 vates

247 2795 497 2852 llelenus
522 2789 739 2861 suadet,
772 2797 832 2861 ut
871 2786 1112 2865 Minerva
1140 2784 1405 2859 placetur.
1437 2781 1606 2861 igitur
1636 2779 1853 2855 Hecuba

245 2889 312 2959 ab
338 2887 587 2973 ﬂectore
614 2884 847 2957 monita,
867 2887 928 2938 ut
958 2877 1175 2952 peplum
1198 2875 1252 2945 in
1276 2890 1457 2957 arcem
1488 2875 1705 2947 inferat,
1730 2887 1854 2944 per-

248 2965 355 3054 agit
375 2965 521 3034 vota
544 2992 667 3033 cum
700 2973 984 3031 matribus.
1014 2970 1325 3043 Alexander
1345 2969 1662 3041 objurgatns
1689 2982 1719 3022 a
1744 2965 1854 3033 fra-

249 3063 328 3128 tre
364 3071 550 3147 pergit
585 3070 638 3125 in
669 3067 938 3140 prmlium.
978 3064 1217 3122 Glaucus
1260 3062 1483 3137 Lycius,
1528 3060 1854 3147 (Etolusque

254 3155 558 3243 Diomedes
597 3162 878 3235 congressi
908 3172 968 3216 ut
998 3159 1344 3239 dimicarent,
1383 3170 1506 3239 cum
1532 3143 1643 3235 jam
1675 3166 1854 3235 eerta-

250 3274 383 3327 men
423 3255 689 3327 oriretur,
733 3263 957 3328 paterna
991 3253 1134 3309 inter
1162 3267 1223 3308 se
1271 3246 1508 3329 hospitia
1561 3245 1855 3323 recordati,

252 3352 399 3409 facta
426 3364 702 3411 armorum
733 3347 1136 3423 permutatione
1164 3344 1473 3419 discedunt.

661 3481 959 3555 gPeriocha
989 3481 1079 3537 lib.
1110 3484 1185 3538 vu'
1224 3478 1449 3536 Iliados.

389 3602 510 3654 Haec
534 3601 621 3652 ubi
644 3599 769 3652 dicta
790 3599 947 3663 dedit,
966 3598 1121 3662 portis
1143 3608 1260 3647 sese
1277 3593 1457 3647 extulit
1471 3592 1682 3645 Hector.

325 3714 615 3784 Minervae,
647 3711 1024 3784 Apollinisqne
1043 3721 1314 3765 consensu
1341 3704 1671 3761 fortissimus
1711 3704 1864 3761 Grae-

255 3823 448 3867 corum
506 3808 575 3864 ab
624 3806 859 3865 Hectore
892 3811 1243 3878 provocatur.
1287 3799 1495 3859 Novem
1536 3796 1763 3854 ducibus
1792 3797 1868 3854 ad

259 3899 634 3979 dimicandum
665 3897 886 3971 paratis,
915 3905 1276 3980 pugnaturum
1303 3890 1467 3969 deligi
1490 3889 1671 3963 placet
1695 3889 1866 3961 sortis

257 4005 485 4055 eventu.
520 3994 605 4050 Ab
628 3993 793 4069 Aiace
814 3989 1133 4048 Telamonio
1154 3987 1401 4060 praelium
1433 3984 1710 4055 singulare
1735 3996 1867 4038 con-

260 4090 489 4156 seritur,
513 4087 570 4142 in
603 4099 708 4158 quo
739 4084 939 4140 Hector
969 4081 1148 4153 lapide
1185 4081 1323 4137 ictus
1352 4079 1406 4135 in
1438 4091 1662 4133 suorum
1694 4089 1755 4131 se
1780 4090 1868 4131 re-

261 4183 397 4273 cipit
413 4178 835 4236 multitudinem.
858 4175 1250 4232 Perseverante
1267 4170 1569 4228 certamine
1594 4168 1867 4230 caducea-

262 4262 351 4333 tor
378 4275 555 4331 Idaeus
577 4270 887 4328 intervenit.
917 4268 1055 4324 Tum
1086 4267 1316 4323 invicem
1344 4263 1527 4321 missis
1555 4262 1869 4320 muneribus

264 4384 446 4442 pugna
501 4364 747 4422 sedatur.
790 4364 992 4422 Hector
1038 4360 1264 4433 Ajacem
1300 4358 1501 4435 gladio,
1550 4357 1691 4429 Ajax
1732 4355 1870 4411 llec—

263 4475 446 4521 torem
485 4461 667 4517 balteo
708 4466 1048 4533 muneratur.
1089 4453 1395 4511 lntercessu
1445 4453 1620 4527 noctis
1653 4450 1869 4508 exerci-

269 4570 359 4615 tus
401 4557 605 4630 quique
647 4556 702 4612 in
733 4569 827 4610 sua
859 4551 1166 4631 discedunt.
1196 4549 1297 4605 Die
1338 4549 1512 4604 altero
1557 4546 1870 4602 interfecto-

269 4670 392 4710 rum
437 4650 683 4707 humatio
712 4628 1061 4721 procuratur.
1094 4645 1407 4701 Grmeorum
1450 4639 1614 4697 etiam
1655 4638 1868 4695 navalia

271 4747 419 4804 fossa
448 4759 514 4802 ac
538 4743 685 4800 vallo
712 4740 1046 4816 circumdata
1067 4738 1409 4812 muniuntur.

682 4883 943 4942 Periocha
979 4880 1071 4936 lib.
1111 4893 1205 4935 vm
1243 4875 1468 4933 Iliados.

402 5010 593 5067 Aurora
613 5005 666 5054 in
688 5002 879 5052 croceis
897 4996 1121 5061 fulgebat
1142 4993 1282 5043 lutea
1298 4991 1447 5053 bigis.

350 5117 493 5172 Acto
531 5110 756 5167 deorum
780 5101 1046 5167 concilio,
1074 5097 1288 5169 Jupiter
1315 5109 1414 5168 pro
1446 5100 1599 5166 parte
1645 5106 1881 5166 pronun-

281 5210 399 5276 tiat,
447 5218 545 5260 sua
587 5201 817 5273 quisque
858 5194 1133 5253 exercitus
1173 5197 1324 5246 sorte
1361 5187 1645 5252 decernat,
1704 5184 1881 5241 nullus

281 5309 511 5365 deorum
534 5300 662 5358 odio
692 5299 745 5355 in
778 5296 1005 5353 alterius
1043 5291 1286 5348 favorem
1318 5284 1600 5361 procedat.
1648 5284 1706 5339 in
1734 5282 1881 5341 Idam

283 5407 528 5459 montem
555 5397 671 5466 ipse
688 5390 993 5463 digressus,
1018 5384 1161 5441 unde
1188 5382 1361 5440 Graeci
1394 5379 1640 5436 immisso
1671 5386 1882 5433 terrore

284 5486 595 5555 conterriti,
626 5482 768 5553 turpi
801 5479 924 5548 fuga
946 5475 1012 5530 ad
1042 5475 1382 5531 munimenta
1410 5470 1705 5543 compulsi,
1734 5468 1881 5523 fossa

1354 278 1728 353 ΡΕῐὶιΟϐΒῶ
1767 274 1836 349 ιη
1874 268 2137 349 ἢοκβιὶι
2172 268 2421 335 iLlADA.
3094 354 3102 365 '

1868 397 1920 466 Α
1947 380 2241 466 multisque
2276 389 2493 464 ignibus
2540 385 2701 457 factis
2737 397 2838 463 per
2867 387 3036 455 totam
3066 382 3285 453 noctem
3325 374 3396 436 de
3415 372 3552 437 belli

3440 251 3550 323 950

1941 493 2157 551 ratione
2178 490 2514 563 consultant.

2366 584 2624 641 Periocha
2660 583 2752 674 lib.
2794 596 2854 639 Ix
2893 579 3119 637 Iliados.

2066 704 2266 757 Interea
2288 701 2488 766 vigilum
2505 700 2732 753 excubiis
2754 698 3052 751 cohibentur
3074 694 3267 747 Achivi.

2013 812 2226 872 Graecis
2273 819 2330 868 et
2360 808 2635 883 praeterita
2666 807 3022 864 dimicatione
3047 796 3337 876 perculsis,
3369 804 3424 856 et
3455 797 3543 854 in-

1945 916 2126 966 stante
2172 902 2521 979 conterritis,
2572 914 2833 975 proceres
2877 899 2945 955 ab
2975 897 3385 968 Agamemnone
3412 906 3546 948 con-

1945 1009 2235 1059 vocantur.
2283 998 2491 1070 Quibus
2533 1011 2634 1053 rex
2683 994 2824 1066 fugae
2873 990 3100 1063 consilia
3139 997 3195 1044 et
3221 992 3548 1061 apparatum

1951 1099 2267 1167 ordinanda;
2285 1112 2383 1173 per
2409 1102 2626 1152 noctem
2649 1087 3008 1161 navigationis
3038 1082 3252 1153 indicit,
3283 1076 3548 1137 Diomede

1947 1204 2004 1253 et
2048 1176 2299 1250 Nestore
2326 1184 2765 1245 dehortantibus.
2796 1179 3071 1238 Suadente
3100 1184 3281 1233 autem
3311 1172 3544 1241 Nestore

1946 1288 2087 1360 Ajax
2115 1292 2172 1344 et
2208 1284 2432 1357 Ulysses
2457 1281 2710 1353 legantur
2749 1275 2818 1332 ad
2847 1272 3115 1331 Achillem
3137 1269 3279 1325 dona
3308 1263 3554 1337 ingentia

1950 1358 2298 1454 pollicentes.
2323 1376 2367 1432 si
2393 1374 2626 1433 desistat
2656 1368 2842 1439 irasci,
2872 1376 2928 1426 et
2948 1380 3008 1423 se
3030 1363 3409 1421 auxiliatorem
3441 1358 3554 1413 fes-

1949 1452 2027 1532 sis
2060 1473 2226 1537 rebus
2246 1466 2645 1539 accommodet.
2672 1463 2779 1522 Sed
2804 1460 3016 1529 Achille
3044 1452 3392 1523 iniracundia
3419 1464 3548 1522 per-

1949 1565 2200 1623 tinaciter
2234 1568 2618 1635 permanente,
2645 1556 2811 1630 legati
2834 1553 3193 1619 Achivorum,
3222 1561 3281 1605 rc
3310 1558 3419 1605 non
3446 1540 3548 1601 im—

1950 1666 2185 1733 petrata,
2215 1656 2354 1715 irriti
2375 1661 2746 1713 revertuntur.

2384 1774 2647 1830 Periocha
2684 1770 2777 1826 lib.
2820 1785 2855 1826 χ
2893 1767 3124 1823 Iliados.

2086 1894 2279 1945 Caetera
2303 1903 2393 1955 per
2410 1900 2560 1955 naves
2584 1896 2754 1937 somno
2776 1885 2934 1955 sopita
2954 1880 3187 1955 manebat

2081 1938 2465 2013 ﬁiﬁi'eaéam,
2485 1938 2645 2002 solum
2661 1959 2780 1998 cura
2801 1938 2947 1997 anxia
2972 1948 3124 1994 vexat
3143 1938 3385 1993 Atridem.

2027 2063 2255 2137 Ulysses
2282 2069 2337 2118 et
2374 2055 2664 2115 Diomedes
2700 2050 3040 2137 speculatum
3080 2053 3243 2102 nocte
3272 2038 3555 2114 progressi

1956 2128 2222 2216 Dolonem
2247 2153 2662 2225 conspicantur,
2688 2129 2782 2220 qui
2812 2154 2868 2202 et
2895 2144 3013 2216 ipse
3042 2137 3328 2212 promissis
3354 2128 3559 2192 Hecto-

1954 2253 2033 2309 ris
2062 2251 2340 2314 incitatus,
2373 2236 2689 2303 Grmcorum
2719 2237 2946 2296 consilia
2973 2233 3316 2305 exploratum
3338 2225 3562 2300 prodie-

1956 2353 2064 2403 rat.
2109 2343 2181 2400 Et
2217 2339 2373 2397 fateri
2400 2337 2668 2412 universa
2709 2329 3052 2402 compulsum
3095 2323 3290 2381 eodem
3329 2321 3452 2376 loco
3482 2318 3567 2374 in-

1965 2439 2261 2497 terﬁciunt.
2309 2437 2352 2490 A
2384 2408 2492 2504 quo
2520 2429 2589 2487 de
2625 2427 2861 2482 adventu
2890 2419 3084 2477 ωιωεί
3113 2410 3385 2473 Thracum
3414 2408 3561 2482 regis

1958 2530 2160 2596 edocti,
2195 2530 2375 2602 ipsum
2409 2524 2574 2599 etiam
2605 2534 2730 2585 cum
2774 2531 2842 2583 eo
2879 2514 3231 2579 obtruncant,
3280 2516 3560 2576 equosque

1957 2627 2075 2699 ejus
2101 2622 2384 2699 prmmium
2415 2596 2583 2691 simul
2607 2623 2665 2673 et
2686 2609 3051 2671 testimonium
3077 2598 3437 2679 grassationis
3459 2596 3560 2652 ad-

1956 2689 2161 2780 ducunt
2190 2689 2431 2790 insignes
2454 2689 2714 2775 candore
2744 2716 2799 2765 et
2827 2702 3130 2775 celeritate,
3164 2703 3223 2771 ut
3259 2701 3315 2753 et
3337 2689 3554 2755 nivibus

1957 2828 2014 2887 et
2042 2814 2220 2883 ventis
2246 2807 2659 2885 antecederent.
3317 2815 3359 2862 ιλ

2374 2924 2633 2985 Periocha
2669 2920 2760 2978 lib.
2804 2933 2858 2977 ιι
2896 2917 3121 2981 Iliados.
3314 2913 3337 2983 ,ς

2081 3043 2284 3096 Tithoni
2307 3050 2538 3093 croceum
2559 3035 2796 3096 linquens
2818 3030 3007 3081 Aurora
3030 3023 3195 3096 cubile

2081 3048 2284 3096 Tithoni
2307 3050 2538 3093 croceum
2562 3048 2630 3087 un
2668 3048 2796 3084 nens
2818 3048 3007 3081 aurora
3030 3048 3195 3077 ωυιιυ

2080 3106 2359 3173 Spargebat
2381 3111 2557 3164 terras,
2582 3048 2817 3155 τέξει-θος
2837 3103 2990 3159 opera
3013 3097 3163 3154 atque
3187 3083 3406 3139 labores.

1884 3197 1931 3262 Ο
2035 3215 2120 3275 Ab
2144 3210 2403 3270 omnibus
2444 3205 2650 3266 Graecis
2675 3201 2892 3277 egregie
2921 3196 3167 3272 quidem,
3200 3192 3301 3263 sed
3328 3191 3563 3263 impros-

1968 3325 2101 3384 pere
2122 3306 2435 3365 dimicatur.
2458 3301 2701 3372 Quorum
2731 3292 3056 3369 proceribus
3089 3283 3391 3359 vulneratis
3413 3283 3569 3349 inco-

1964 3374 2130 3478 gnitas
2178 3395 2515 3458 multitudini
2553 3404 2732 3465 pugna
2788 3385 3172 3453 committitur.
3230 3379 3349 3448 Qua
3392 3374 3566 3447 afflic-

1967 3471 2116 3555 tione
2142 3489 2641 3563 fortunaejAchilles
2673 3484 2950 3558 paulisper
2982 3478 3217 3545 inﬂexus
3252 3471 3569 3543 Patroclum

1966 3590 2132 3648 mittit
2166 3583 2462 3661 praesentia
2491 3580 2863 3653 cogniturum.
2904 3573 3006 3644 Qui
3044 3585 3168 3628 cum
3201 3566 3426 3625 adversi
3457 3571 3571 3627 δια-η

1968 3696 2057 3742 tus
2094 3659 2323 3739 nuntius
2365 3683 2761 3743 reverteretur,
2803 3667 3126 3743 Euripylum
3163 3659 3569 3731 contemplatur

1967 3794 2174 3850 aegrum
2215 3791 2282 3832 ex
2322 3771 2586 3837 vulnere:
2634 3763 3000 3845 fomentisque
3040 3757 3266 3817 medica:
3308 3754 3442 3813 artis
3476 3752 3567 3809 ad-

1969 3872 2131 3929 motis
2156 3868 2499 3937 rcdintegrat
2522 3857 2762 3918 sanitati.

2379 3994 2636 4063 Periocha
2676 3992 2767 4071 lib.
2802 4005 2879 4045 xu
2919 3986 3146 4042 Iliados.
3247 3987 3251 3991 ’

2095 4090 2356 4185 Actorides
2374 4111 2507 4164 fovet
2523 4103 2812 4181 Euripylum
2836 4102 2951 4163 dum
2974 4098 3182 4153 vulnere
3207 4094 3411 4157 fessum.

2044 4228 2236 4284 Partes
2281 4220 2464 4278 dubiae
2507 4212 2650 4289 apud
2704 4209 2931 4285 Graecos
2970 4205 3061 4273 vel
3106 4202 3286 4279 potius
3328 4198 3572 4267 afﬂictae,

1970 4319 2179 4378 ultima:
2204 4315 2437 4373 fortunat
2476 4317 2619 4371 statu
2658 4309 2919 4376 aguntur,
2952 4292 3344 4371 praestantibus
3372 4304 3574 4367 proce-

1971 4429 2094 4470 rum
2131 4406 2454 4473 vulneratis,
2497 4408 2701 4465 caetero
2744 4392 2991 4455 exercitu
3028 4389 3213 4461 fugato
3261 4393 3355 4459 aut
3382 4381 3580 4440 formi-

1973 4508 2103 4563 dine
2138 4500 2412 4576 perculso.
2438 4492 2660 4564 Trojani
2691 4485 2967 4561 navalium
2990 4482 3328 4545 munimenta
3362 4474 3578 4535 rescin-

1895 4599 2143 4667 Ddunt,
2181 4595 2497 4663 vallumque
2542 4579 2871 4656 transgressi
2919 4576 3160 4653 auguriis
3202 4577 3459 4647 iuvantur
3500 4587 3574 4639 ex

1974 4700 2174 4749 eventu
2200 4684 2488 4757 ambiguis.
2520 4679 2711 4748 Itaque
2736 4686 2793 4733 et
2822 4690 2950 4748 pars
2978 4674 3118 4735 muri
3146 4673 3218 4729 ab
3259 4668 3581 4742 Sarpedone

1977 4783 2335 4849 convellitur,
2359 4787 2415 4835 et
2443 4775 2511 4831 ab
2537 4774 2771 4830 [lectore
2798 4771 2908 4828 ictu
2945 4769 3145 4842 lapidis
3171 4774 3329 4839 porta
3356 4761 3585 4822 discuti-

1981 4892 2089 4950 tur,
2122 4886 2179 4935 et
2208 4876 2263 4932 in
2291 4870 2426 4945 ipsis
2453 4865 2737 4925 navalibus
2766 4879 2947 4937 pugna
2973 4855 3304 4919 conseritur.

2387 5025 2645 5085 Periocha
2684 5024 2774 5080 (ib.
2817 5039 2914 5081 xm
2953 5021 3173 5078 Iliados.

2106 5147 2335 5212 luppiter
2350 5141 2563 5194 admovit
2598 5139 2747 5191 Troas
2772 5142 2923 5204 atque
2945 5135 3161 5186 Hectora
3188 5130 3348 5182 classi.

2056 5278 2338 5347 Neptunus
2359 5268 2713 5328 miseratione
2742 5270 3048 5331 commotus
3069 5259 3397 5347 Argivorum
3419 5266 3545 5329 tuen

1981 5373 2068 5439 dis
2097 5368 2330 5429 navibus
2356 5365 2646 5423 auxiliator
2670 5357 2902 5425 accedit,
2924 5363 2979 5415 et
3005 5362 3265 5429 usurpata
3291 5352 3434 5410 vatis
3459 5350 3581 5425 efﬁ-

1985 5466 2096 5539 gie,
2130 5462 2326 5532 Aiaces
2352 5459 2492 5516 duos
2519 5456 2573 5512 in
2597 5452 2844 5527 praelium
2877 5446 3220 5513 cohortatur,
3253 5458 3357 5517 nec
3404 5443 3593 5519 minus
3651 5449 3664 5461 '

286 5512 595 5555 conterriti,
627 5512 768 5553 ιυψι
801 5512 924 5548 ruga
946 5512 1011 5530 au
1043 5512 1382 5531 ..ιυιιιηιν-..ιι
1410 5512 1705 5543 ,νηψιυυη
1734 5512 1881 5523 ων-..
1986 5512 2096 5539 οη,
2130 5512 2322 5532 nr---
2361 5512 2453 5516 η-
2597 5512 2614 5527 ,
2690 5512 2691 5515 η
3208 5512 3213 5513 γ
3261 5512 3271 5517 ν
3436 5514 3441 5519 δ
3584 5512 3593 5517 _

286 5592 342 5641 ct
367 5577 657 5653 aggeribus
701 5586 825 5628 sese
869 5574 1110 5626 tuentur.
1160 5564 1428 5621 Junonem
1471 5578 1536 5619 ac
1589 5563 1885 5631 Minervam
1985 5551 2659 5627 cmterammultitudinem
2691 5540 2985 5617 ρνωεθηιία
3019 5537 3586 5611 majestatisinstigat.

287 5672 495 5732 Graecis
524 5664 780 5723 auxiliari
803 5659 1049 5733 volentes
1073 5655 1295 5712 monitis
1319 5655 1471 5711 Jovis
1501 5656 1601 5711 Iris
1623 5661 1884 5723 exterret.

1987 5654 2315 5715 Idomeneus,
2347 5645 2570 5721 egregio
2608 5636 2914 5709 certamine
2952 5635 3180 5699 eminet.
3221 5630 3445 5704 Troiani
3475 5629 3597 5715 jam

288 5769 681 5834 Diremptoque
710 5757 782 5821 ob
811 5759 1029 5817 noctem
1049 5748 1374 5816 certamine,
1403 5747 1645 5817 victores
1662 5746 1891 5819 Troiani
1992 5747 2297 5815 referentes
2347 5740 2605 5815 gradum,
2642 5729 2840 5805 firmati
2892 5743 3110 5797 rursum
3155 5743 3257 5801 per
3296 5725 3592 5795 Hectorem

292 5863 345 5920 in
385 5859 507 5941 ipso
537 5854 718 5933 praelii
760 5852 880 5927 loco
922 5842 1181 5926 excubias
1232 5841 1536 5919 obsidionis
1575 5842 1888 5917 instituunt,

1995 5786 2414 5909 commilitoni},
2438 5786 2496 5905 et
2525 5786 3004 5903 iwngcutii‘clamot‘e
3033 5786 3292 5901 utrinque
3328 5786 3595 5883 certatur.
