4072 6306
542 270 643 331 981

734 369 745 380 ’
966 387 1229 445 Periocha
1266 388 1361 444 lib.
1391 402 1481 444 xtv
1502 386 1726 445 Iliados.

668 501 923 553 Concussit
944 502 1168 565 quamvis
1191 507 1439 565 potantem
1463 499 1673 550 Nestora
1691 498 1894 565 clamor,

677 562 1025 627 Attonitasqite
1043 562 1201 615 aures’
1211 562 1401 628 pepulit
1421 564 1667 628 gravitate
1685 562 1939 613 tumultus.

619 668 763 725 Juno
780 668 1298 748 vinculumNeneris
1327 649 1438 743 (cui
1467 676 1622 727 cesto
1654 684 1854 727 nomen
1885 666 1993 741 est)
2028 683 2148 725 mu-

549 771 721 833 tuata,
738 761 1006 819 adlovem
1031 762 1211 835 pergit
1226 762 1280 819 in
1300 777 1581 820 secessum
1596 761 1938 832 montisldm,
1952 761 2150 818 exhor-

551 863 770 926 tatoque
796 854 1027 923 Somno,
1060 865 1119 913 ut
1144 871 1267 913 eum
1301 857 1669 913 committeret
1690 856 1746 913 in
1775 871 2052 929 soporem,
2083 870 2149 913 ac

548 946 751 1004 dehinc
812 948 1022 1020 vigilias
1092 949 1213 1021 ejus
1268 952 1459 1007 uxoris
1515 951 1806 1009 labefaciat
1854 950 2144 1008 illecebris.

546 1038 715 1109 Cujus
768 1039 1117 1111 ignoratione
1168 1041 1456 1115 Neptunus
1482 1043 1743 1110 abutitur,
1768 1041 2151 1116 fortunamque

545 1127 861 1188 Graecorum
918 1134 1221 1204 promptius
1280 1135 1594 1193 auxiliando
1648 1133 1926 1204 restituit,
1980 1135 2148 1207 Ajace

542 1219 719 1283 Locro
741 1223 884 1283 ultra
911 1235 1143 1284 caeteros
1174 1227 1475 1299 praeliante.

976 1361 1237 1419 Periocha
1256 1363 1350 1420 lib.
1383 1379 1450 1419 xv
1474 1362 1696 1420 Iliados.

672 1479 781 1544 Jam
807 1479 1007 1542 vallum,
1026 1479 1301 1544 fossamque
1324 1492 1474 1543 super
1492 1479 1697 1544 Troiana
1716 1478 1956 1542 juventus

669 1543 947 1605 lnstiterat,
971 1552 1126 1607 captae
1150 1545 1382 1594 minitans
1403 1544 1631 1593 incendia
1652 1543 1839 1595 classis.

617 1647 831 1719 Jupiter
859 1662 1054 1705 somno
1080 1648 1413 1721 expergitus,
1430 1648 1578 1705 videt
1603 1658 1804 1705 statum
1827 1652 2145 1707 certaminis

1938 270 2125 333 DECJI
2163 271 2442 335 AUSONII

2164 387 2219 448 Α
2246 396 2407 446 nocte
2437 389 2619 463 (quam
2651 392 2811 467 longa
2833 397 2939 471 est)
2969 395 3218 459 caelestia
3241 400 3295 460 in
3320 402 3558 477 gratiam
3587 404 3833 481 Nymphce

3734 296 3835 358 98!

2253 494 2405 539 arma
2427 485 2672 546 molitur.

2667 580 2927 641 Periocha
2957 585 3054 644 lib.
3088 603 3176 645 xtx
3208 586 3434 647 Iliados.

2378 696 2628 750 Oceanum
2651 697 2847 751 interea
2868 712 3088 765 surgens
3110 700 3295 754 Aurora
3312 703 3534 770 reliquit.

2323 799 2564 856 Achilles
2588 801 2756 858 armis
2773 802 3092 860 caelestibus
3121 821 3227 877 ope
3267 806 3494 865 Vulcani
3534 819 3587 867 et
3624 826 3834 873 munere

2251 894 2443 950 matris
2494 893 2804 950 instruitur.
2863 895 2997 953 Dein
3049 896 3369 957 Grmcorum
3416 904 3743 973 primoribus
3791 910 3838 967 in

2249 987 2543 1045 concilium
2574 988 2808 1055 vocatis,
2841 988 3183 1047 iracundiam
3230 994 3332 1051 sub
3358 996 3659 1056 abolitione
3684 1000 3836 1074 depo-

2251 1081 2354 1151 nit,
2381 1090 2437 1138 et
2461 1080 2745 1152 promissis
2772 1081 2842 1138 ab
2863 1099 2993 1154 rege
3023 1086 3341 1145 muneribus
3370 1103 3558 1147 coram
3588 1094 3837 1153 concione

2249 1175 2477 1232 ditatur.
2514 1174 2652 1232 Tum
2705 1174 2972 1232 militibus
3022 1177 3203 1234 cibum
3257 1194 3459 1253 capere
3494 1182 3686 1254 jussis,
3734 1185 3839 1258 ipse

2247 1267 2507 1324 abstinet.
2538 1267 2743 1325 infesto
2762 1268 2962 1327 deinde
3013 1279 3178 1342 atque
3203 1274 3415 1332 intento
3439 1277 3683 1335 exercitu
3727 1296 3839 1352 per-

2248 1360 2327 1432 git
2353 1360 2409 1418 in
2440 1361 2709 1433 prmlium.

2680 1453 2942 1512 Periocha
2962 1456 3056 1513 lib.
3090 1473 3159 1515 xx
3177 1456 3404 1519 Iliados.

2370 1566 2584 1640 Jamque
2608 1567 2734 1619 adeo
2763 1567 2913 1640 celsis
2935 1573 3110 1622 armati
3137 1585 3167 1624 e
3188 1574 3574 1640 navibus‘ihant,

2376 1630 2527 1681 Millia
2552 1640 2675 1695 quot
2696 1635 2889 1694 magnis
2907 1646 3141 1698 umquam
3162 1648 3353 1687 venere
3371 1630 3607 1703 Mycenis.

544 1742 883 1807 innovatum,
916 1740 1434 1812 pelliqueTrojanos
1463 1758 1479 1799 :
1506 1740 1717 1800 Graecis
1745 1757 1904 1814 opem
1935 1743 2146 1801 ferente
2178 1783 2224 1843 Β
2321 1740 2390 1794 Al
2415 1738 2643 1810 integris
2685 1740 2977 1843 amborum
3001 1742 3175 1814 copiis
3207 1745 3349 1800 inter
3374 1756 3634 1820 utrosque
3648 1752 3843 1808 exerci-

542 1838 812 1908 Neptnno.
848 1837 1033 1909 itaque
1054 1854 1251 1911 aspere
1277 1838 1493 1896 lunone
1522 1840 1823 1910 increpata,
1875 1848 1930 1894 et
1974 1840 2145 1895 mina-

540 1934 682 1989 citer
701 1947 800 2003 per
823 1931 1021 1988 iridem
1050 1932 1375 1997 conterrita,
1403 1932 1628 1990 fratrem
1671 1932 1831 2003 jubet
1859 1932 2147 1989 auxiliato-

496 2036 501 2041 '
542 2040 661 2082 rem
706 2025 997 2083 desistere.
1047 2024 1168 2097 Ipse
1221 2025 1536 2098 Apollinem
1605 2024 1909 2082 recreando
1948 2024 2149 2096 allegat

541 2118 787 2183 Hectori,
815 2127 1114 2191 monetque
1165 2135 1266 2191 pro
1316 2118 1623 2191 Phrygibus
1665 2117 1793 2174 belli
1840 2117 2146 2174 instaurare

539 2209 835 2267 fortunam.
867 2211 1005 2268 Tum
1035 2220 1092 2269 ct
1118 2212 1251 2283 Ajax
1278 2210 1631 2268 Telamonius
1670 2218 1893 2265 strenue
1932 2210 2147 2280 praelia-

539 2316 652 2378 tur,
672 2316 728 2363 et
770 2306 840 2362 ab
866 2307 1062 2363 eodem
1092 2307 1342 2379 plurimis
1363 2305 1601 2364 hostium
1656 2302 1985 2372 interfectis,
2014 2317 2148 2360 con-

536 2401 782 2473 ﬂagratio
811 2401 1003 2459 classis
1028 2411 1263 2458 arcetur.

953 2541 1211 2598 Periocha
1252 2539 1346 2596 lib.
1379 2553 1471 2594 xvt
1497 2536 1723 2594 Iliados.

658 2656 788 2706 Dum
814 2656 939 2718 face,
959 2655 1075 2704 dum
1093 2654 1226 2704 ferro
1248 2653 1437 2718 celsam,
1454 2664 1743 2718 oppugnare
1762 2653 1981 2703 carinam

658 2718 838 2781 Troes,
860 2726 911 2771 et
925 2716 1149 2783 Argolici
1175 2724 1391 2782 pergunt
1410 2716 1687 2767 defendere
1712 2728 1867 2779 reges
1892 2728 1907 2765 :

609 2825 851 2882 Achilles
892 2824 1210 2881 Graecorum
1236 2831 1438 2879 statum
1452 2822 1567 2894 jam
1597 2821 1699 2878 sub
1722 2829 1969 2877 extrema
1996 2825 2147 2875 sorte

538 2922 854 2986 miseratur,
901 2919 1068 2975 armis
1112 2918 1229 2974 suis
1274 2916 1584 2974 Patroclum
1627 2914 2141 2988 permittitarmari.

534 3015 638 3083 Qui
667 3029 793 3071 cum
826 3014 1223 3086 Myrmidonum
1256 3011 1602 3084 produxisset
1641 3010 1970 3078 exercitum,
2009 3024 2146 3066 con-

536 3116 919 3178 sternatosque
966 3107 1240 3177 Trojanos
1287 3106 1516 3162 Achillis
1576 3104 1762 3175 specie
1813 3101 2140 3172 fefellisset,

2252 1839 2342 1887 tus
2375 1846 2549 1902 pugna
2578 1831 2907 1888 conseritur.
2940 1832 3075 1890 Dein
3113 1837 3381 1907 permissu
3404 1838 3561 1897 Jovis
3590 1842 3644 1898 in
3676 1854 3844 1914 partes

2256 1925 2487 1982 deorum
2533 1925 2709 1981 studia
2740 1924 3081 1984 dividuntur.
3122 1928 3258 1985 Cum
3296 1946 3395 2003 pro
3436 1931 3830 2003 Grzecis_Juno,

2250 2029 2306 2074 et
2334 2018 2572 2074 Minerva
2604 2018 2991 2087 decertarent,
3043 2036 3223 2094 neque
3252 1998 3436 2081 secius
3451 2041 3550 2083 eos
3577 1998 3844 2100 Neptunus

2250 2119 2309 2167 et
2355 2112 2680 2178 Mercurius,
2713 2121 2769 2168 et
2801 2113 3072 2169 Vulcanus
3108 2126 3455 2185 asserercnt,
3487 2120 3752 2190 Trojanos
3776 2126 3841 2180 A-

2251 2206 2398 2278 pollo
2423 2222 2546 2263 cum
2572 2206 2808 2273 Venere,
2838 2216 2894 2265 et
2915 2207 3085 2263 Diana
3107 2223 3229 2265 cum
3260 2219 3455 2278 matre,
3508 2214 3652 2269 Mars
3681 2215 3830 2271 etiam

2250 2308 2306 2354 et
2334 2314 2457 2353 cum
2482 2298 2566 2354 eis
2586 2296 2923 2355 Scamander
2943 2299 3288 2371 adjuvarent.
3315 2303 3452 2359 Tum
3476 2303 3704 2362 IEneam
3723 2306 3836 2375 diis,

2250 2391 2537 2447 etviribus
2564 2390 2767 2463 iniquis
2810 2407 2936 2447 cum
2968 2393 3184 2451 Achille
3225 2410 3607 2468 congressum,
3646 2416 3831 2472 quam-

2249 2499 2411 2555 quam
2433 2484 2658 2542 studens
2686 2484 2915 2554 Grzecis,
2955 2487 3098 2545 nube
3127 2487 3533 2549 circumdatum
3562 2491 3842 2566 Neptunus

2249 2580 2471 2653 eripuit.

2685 2675 2948 2735 Periocha
2977 2678 3069 2738 lib.
3104 2695 3199 2737 ιςι
3221 2679 3450 2738 Iliados.

2376 2790 2619 2844 Intulerat
2635 2792 2787 2844 fluvio
2818 2794 3041 2859 trepidas
3059 2794 3175 2860 fuga
3191 2794 3319 2846 foeda
3344 2803 3589 2850 catervas.

2319 2896 2570 2968 Trojanis
2586 2912 2757 2971 usque
2779 2897 2848 2954 ad
2871 2897 3194 2957 Scamandri
3216 2899 3454 2959 [luminis
3474 2903 3693 2960 alveum
3720 2903 3837 2977 fuga

2247 2999 2302 3046 et
2331 2999 2541 3047 terrore
2566 2994 2886 3062 compulsis,
2915 3008 3038 3048 cum
3059 2992 3172 3063 jam
3209 2994 3426 3066 longius
3451 2996 3692 3053 abeundi
3721 3014 3835 3069 spa-

2248 3082 2380 3138 tium
2410 3100 2518 3140 non
2543 3094 2771 3156 pateret,
2795 3087 2847 3141 in
2869 3089 2985 3157 ipso
3007 3101 3187 3154 amne,
3211 3102 3333 3144 cum
3358 3088 3563 3147 llumen
3587 3093 3833 3161 exundat,

534 3208 761 3256 ruentes
802 3214 963 3269 supra
1018 3200 1218 3255 vallum
1249 3207 1304 3254 et
1351 3198 1587 3254 invicem
1616 3196 1939 3268 ell‘ugientes
1984 3210 2134 3252 caeco

2238 3173 2318 3231 ibi
2365 3176 2435 3233 ab
2477 3179 2692 3235 Achille
2715 3179 3005 3236 duodecim
3050 3179 3410 3251 Troianorum
3457 3184 3695 3255 juvenes
3722 3186 3836 3242 vin-

531 3308 736 3368 pavore
789 3311 961 3367 usque
1009 3295 1078 3350 ad
1132 3295 1309 3365 campi
1342 3302 1531 3364 aperta
1583 3293 1886 3363 compellit.
1927 3289 2137 3346 Deinde

534 3403 867 3461 congressus
888 3389 1263 3459 Sarpedonem
1296 3389 1536 3458 perimit,
1559 3390 1854 3460 multisque
1897 3386 2136 3443 hostium

537 3485 716 3551 cmsis,
733 3484 851 3553 ipse
872 3483 941 3539 ab
964 3482 1200 3539 llectore
1220 3481 1569 3548 interﬁcitur,
1588 3481 1740 3552 prius
1752 3480 1820 3537 ab
1834 3478 2136 3552 Euphorbo

532 3577 873 3634 vulneratus.

944 3690 1201 3748 Periocha
1229 3690 1323 3748 lib.
1348 3707 1460 3749 xvn
1490 3689 1714 3748 Iliados.

656 3809 942 3862 Actoridem
957 3821 1137 3859 caesum
1160 3820 1257 3860 nec
1273 3812 1345 3869 te,
1366 3805 1613 3870 Menelae,
1642 3805 1840 3859 fefellit.

602 3940 757 3999 Circa
802 3941 1187 4011 interemptum
1221 3938 1534 3995 Patroclum
1565 3952 1741 4009 pugna
1768 3935 2131 3993 contrahitur.

529 4035 666 4091 Cum
696 4034 897 4090 diversi
928 4034 1200 4090 exercitus
1226 4026 1645 4099 contenderent,
1676 4030 1877 4097 Grmci,
1922 4039 1978 4083 ut
2004 4043 2129 4083 cor-

528 4142 630 4196 pus
652 4124 1030 4191 delenderent,
1070 4124 1318 4195 Trojani,
1349 4132 1411 4179 ut
1437 4122 1506 4178 ad
1551 4122 1844 4179 ludibrium
1898 4119 2131 4176 Cadaver

527 4221 827 4292 eriperent,
876 4235 906 4275 a
957 4218 1203 4275 Menelao
1253 4215 1583 4290 Euphorbus
1612 4215 1903 4281 occiditur,
1960 4223 2017 4271 et
2060 4212 2128 4269 ad

496 4334 501 4337 '
529 4318 952 4371 ostentationem
979 4313 1205 4385 gloriosi
1234 4311 1493 4368 facinoris
1512 4311 1743 4367 Achillis
1763 4309 1972 4366 exuviis
1992 4309 2132 4365 licc-

528 4422 617 4465 tor
641 4421 903 4465 armatur.
934 4409 1255 4466 Antilochus
1281 4409 1350 4464 ad
1393 4409 1657 4465 Achillem
1707 4406 1932 4462 nuntius
1955 4405 2128 4462 cladis

529 4511 789 4572 aceeptm,
822 4503 1340 4568 Menelaoinstante,
1372 4501 1613 4558 festinat.
1643 4501 1742 4568 Qui
1772 4511 1827 4557 et
1854 4500 1972 4572 ipse
2001 4513 2125 4569 pos-

2239 3282 2462 3341 cuntur,
2492 3275 2583 3343 qui
2607 3274 2840 3333 Patrocli
2869 3278 3084 3334 inferiis
3112 3281 3551 3339 immolarentur.
3576 3283 3698 3354 ipse
3719 3284 3833 3340 Vul-

2238 3378 2409 3420 canus
2431 3367 2720 3423 ardoribus
2743 3370 2858 3425 suis
2886 3370 2994 3426 vim
3029 3375 3292 3429 torrentis
3328 3377 3536 3432 exurit.
3593 3375 3729 3432 Tum
3778 3376 3827 3432 in

2236 3469 2488 3526 campum
2528 3457 2741 3515 Achille
2780 3477 3091 3534 progresso,
3149 3468 3353 3537 passim
3394 3468 3576 3524 studia
3611 3470 3827 3525 deorum

2239 3562 2340 3619 pro
2368 3564 2464 3606 sua
2482 3550 2743 3622 singulari
2769 3566 2921 3625 parte
2941 3556 3276 3629 depugnant.
3295 3559 3662 3630 Trojauorum
3682 3576 3833 3618 exer-

2237 3642 2404 3713 citus,
2445 3642 2689 3702 instante
2717 3646 2951 3716 victore,
2987 3650 3040 3708 in
3068 3650 3271 3711 mmuia
3308 3651 3463 3710 urbis
3497 3653 3829 3726 impingitur.

2656 3786 2918 3843 Periocha
2944 3788 3037 3844 lib.
3070 3804 3181 3845 χχιι
3208 3787 3441 3847 Iliados.

2361 3902 2512 3954 Pulsa
2536 3911 2674 3955 metu
2698 3902 2939 3969 Phrygios
2961 3905 3235 3957 lustrabant
3250 3907 3448 3969 agmina
3469 3920 3655 3957 muros.

2310 4030 2508 4086 llector
2529 4032 2791 4100 singulari
2822 4032 3121 4089 certamine
3140 4048 3263 4090 cum
3296 4034 3514 4091 Achille
3550 4032 3828 4097 congredi-

2233 4129 2342 4188 tur,
2368 4122 2603 4191 Priamo,
2631 4132 2792 4193 atque
2822 4125 3060 4187 llecuba,
3091 4141 3159 4181 ne
3203 4137 3496 4197 pugnaret,
3526 4128 3824 4192 orantibus,

2230 4212 2466 4269 Minerva
2506 4214 2814 4271 eeontrario
2845 4217 3029 4285 Specie
3060 4216 3350 4289 Deiphobi,
3385 4231 3445 4273 ut
3471 4219 3699 4275 dimicet
3725 4218 3821 4274 ad-

2231 4306 2505 4363 hortante.
2541 4308 2741 4363 llector
2769 4307 3086 4365 interfectus
3107 4322 3163 4366 et
3189 4312 3451 4383 religatus
3485 4312 3554 4368 ad
3581 4328 3819 4381 currum,

2231 4408 2315 4455 ter
2340 4401 2545 4456 circum
2567 4400 2769 4458 muenia
2792 4401 3026 4474 Trojana
3050 4413 3314 4473 raptatur.
3350 4404 3560 4462 Deinde
3587 4405 3822 4463 lacerum

2229 4510 2429 4566 corpus
2452 4496 2696 4555 defertur
2723 4498 2791 4555 ad
2819 4514 2986 4556 naves
3013 4499 3205 4558 ultioni
3237 4500 3499 4573 Patrocli,
3532 4510 3591 4560 et
3610 4502 3822 4561 victoris

527 4605 611 4650 tea
638 4610 760 4649 cum
791 4594 1031 4651 Mcrione
1053 4597 1190 4651 intra
1220 4596 1492 4651 navalium
1532 4596 1867 4651 munimenta
1899 4609 1961 4650 se
1987 4595 2125 4653 reci-
2157 4566 2203 4627 υ
2230 4590 2526 4650 iracundia:
2554 4591 2623 4650 ad
2647 4592 2908 4651 ulteriora
2936 4595 3206 4667 supplicia
3227 4596 3642 4654 reservandum.

525 4686 628 4758 pit,
658 4700 780 4741 cum
815 4693 926 4741 tota
954 4686 1127 4743 moles
1156 4686 1287 4743 belli
1312 4686 1572 4757 Ajacibus
1594 4687 1907 4759 ingruisset.

918 4840 1180 4897 Periocha
1209 4842 1300 4898 lib.
1333 4859 1459 4899 xvtu
1491 4842 1715 4901 Iliados.

648 4957 776 5009 Dum
799 4956 919 5009 furit
940 4958 992 5010 in
1012 4954 1175 5008 medio
1195 4955 1319 5008 belli
1342 4958 1417 5009 vis
1436 4959 1583 5017 ignea
1599 4960 1772 5015 Martis
1793 4973 1807 5011 :

597 5086 845 5144 Achilles
872 5083 1304 5143 inmiserabilem
1333 5084 1552 5142 modum
1573 5087 1813 5144 Patrocli
1842 5088 2007 5145 dt-llet
2036 5089 2122 5145 in-

526 5181 772 5247 teritum,
812 5194 975 5250 quem
1025 5178 1080 5234 vi
1108 5176 1315 5234 doloris
1337 5185 1517 5232 actum
1558 5180 1968 5236 consolantibus
2002 5197 2127 5237 ver-

522 5274 607 5331 bis
631 5282 808 5330 mater
824 5273 1128 5344 alloquitur
1158 5287 1174 5328 :
1207 5285 1311 5328 nec
1336 5270 1567 5325 inultum
1598 5273 1833 5331 amicum
1862 5275 1977 5332 fore
2004 5277 2122 5346 pol—

523 5369 728 5437 licens,
787 5369 1124 5441 pe'rlaturam
1177 5382 1299 5425 sese
1350 5364 1577 5422 Vulcani
1625 5383 1778 5425 arma
1830 5357 2127 5444 promittit:

524 5460 742 5518 Interea
770 5469 825 5517 et
852 5460 953 5516 iris
973 5460 1042 5517 ab
1067 5459 1281 5516 lunone
1303 5457 1630 5527 demittitur,
1676 5462 1832 5531 cujus
1864 5465 2120 5521 instantia

523 5555 768 5613 Achilles
788 5562 941 5610 extra
966 5554 1530 5627 vallum,quamquam
1562 5555 2119 5631 inermis,egreditur,

520 5646 943 5717 conterritisque
969 5646 1223 5717 Trojanis
1274 5662 1440 5719 super
1460 5646 1598 5703 alios
1620 5647 1746 5705 aliis
1771 5653 2118 5726 praecipitan-

502 5736 671 5794 'tibus
700 5739 808 5796 late
826 5738 974 5811 fuga,
1000 5750 1056 5796 et
1073 5740 1235 5797 latius
1256 5740 1493 5799 formido
1519 5743 1830 5815 porrigitur.
1880 5746 2116 5805 Eodem-

2627 4733 2890 4790 Periocha
2915 4736 3009 4792 lib.
3039 4752 3176 4794 xxnt
3204 4735 3432 4794 Iliados.

2356 4846 2501 4912 Trnja
2523 4854 2661 4899 vacat
2681 4847 2928 4914 lacrymis,
2956 4849 3085 4901 ludis
3106 4852 3287 4916 Argiva
3301 4851 3565 4915 juventus.

2301 4951 2582 5009 Funebres
2610 4952 2721 5009 ludi
2751 4954 2805 5009 in
2828 4955 3089 5010 honorem
3116 4955 3354 5012 Patrocli
3378 4956 3805 5029 frequentantur.

2227 5043 2422 5115 quibus
2450 5043 2740 5101 Diomedes
2763 5048 2920 5117 cquis
2940 5056 3184 5117 superat,
3207 5047 3352 5104 lucta
3381 5056 3440 5104 et
3467 5063 3634 5105 cursu
3661 5049 3810 5125 Ulys-

2227 5150 2337 5205 ses,
2363 5137 2609 5210 aliosque
2634 5138 2723 5195 alii
2744 5156 2946 5211 genere
2973 5142 3289 5199 certationis
3309 5153 3610 5201 autcstant.

2630 5302 2893 5360 Periocha
2924 5307 3014 5361 lib.
3034 5322 3167 5363 xxtv
3199 5307 3430 5366 Iliados.

2348 5437 2574 5503 Quisque
2598 5451 2713 5491 suas
2736 5449 2973 5506 repetunt
2993 5444 3143 5496 misso
3165 5448 3438 5500 certamine
3461 5461 3631 5503 naves.

2294 5562 2510 5659 Jupiter
2533 5564 2822 5626 Thetidem
2851 5571 3018 5629 mittit
3049 5573 3121 5630 ad
3169 5576 3339 5634 lilium
3390 5593 3515 5636 cum
3553 5580 3808 5659 mandatis

2221 5655 2511 5727 ejusmodi,
2536 5667 2593 5714 ut
2614 5659 2667 5716 in
2694 5661 3012 5721 defunctum
3067 5668 3263 5726 smvire
3303 5670 3554 5743 desistat,
3592 5654 3806 5743 lataque
3868 5716 3873 5723 .

2220 5749 2501 5806 hominum
2525 5750 2579 5808 in
2604 5755 2857 5813 exanimo
2896 5759 3055 5815 hoste
3096 5773 3402 5833 vereratur,
3448 5766 3514 5821 ad
3564 5768 3803 5837 Sepultu-

519 5842 627 5899 que
654 5835 898 5902 tempore
923 5839 980 5889 et
1008 5830 1281 5892 Vulcanus
1314 5832 1633 5896 exhortatus
1656 5849 1689 5893 a
1731 5834 1961 5898 Thetide
1990 5850 2103 5899 tcta
2218 5859 2333 5903 ram
2360 5859 2590 5917 corpore
2612 5850 2887 5909 restituto.
2925 5852 3183 5925 Ejusdem
3213 5858 3366 5927 jussu
3389 5830 3456 5915 iet
3488 5858 3588 5916 iris
3610 5830 3799 5917 cohor-
