4072 6306
227 367 333 427 953

228 580 327 650 Qui
349 578 623 635 Mercurio
650 578 789 636 duce
808 579 951 635 inter
971 586 1267 633 nocturnas
1296 566 1532 631 hostium
1554 575 1830 646 profectus

229 672 511 739 excubias,
538 671 742 728 Achilli
757 669 989 743 supplex
1022 668 1348 735 advolvitur,
1378 667 1832 741 redemptumque

232 768 395 824 lilium
424 766 643 839 justitio
670 765 892 840 publico
920 772 978 822 et
1003 762 1188 832 deﬂet,
1225 771 1282 820 et
1301 763 1514 835 sepelit.

590 928 848 1007 Periocha
872 927 1029 1002 primi
1050 926 1171 983 libri
1201 925 1468 997 Odyssew.

354 1043 450 1095 Dic
471 1043 613 1105 mihi,
634 1042 791 1102 Musa,
814 1042 976 1092 virum
993 1047 1152 1105 captas
1175 1046 1285 1105 post
1306 1037 1692 1105 moeniaTrojm,

353 1110 449 1169 Qui
473 1102 644 1158 mores
659 1105 909 1156 hominum
926 1102 1191 1156 multarunt
1214 1104 1337 1156 vidit
1361 1109 1414 1155 et
1437 1102 1608 1154 urbes.

298 1238 546 1294 Minerva
573 1237 627 1292 in
663 1235 926 1303 Ithacam,
958 1233 1092 1291 Jove
1136 1234 1210 1293 ita
1247 1233 1488 1304 volente,
1520 1232 1829 1302 descendit,

233 1330 609 1400 Mentorisque
634 1328 969 1399 Taphiorum
993 1327 1138 1399 regis
1173 1326 1327 1383 ducis
1373 1328 1542 1384 sumit
1569 1326 1829 1399 efﬁgiem,

231 1437 462 1479 suasura
492 1420 847 1490 Telemacho,
879 1430 939 1476 ut
963 1419 1031 1476 ad
1052 1420 1366 1488 Nestorem,
1410 1419 1830 1490 Menelaumque

228 1518 471 1583 festinet,
500 1516 593 1588 qui
622 1530 815 1573 recens
840 1514 1060 1570 domum
1092 1513 1327 1585 regressi
1359 1511 1501 1568 certi
1530 1512 1735 1583 aliquid
1756 1511 1825 1569 de

227 1612 419 1685 Ulysse
444 1611 745 1667 novissent.
770 1608 921 1665 Tunc
950 1608 1205 1664 Phemius
1226 1606 1509 1663 citharista
1552 1605 1829 1663 adhibitus

225 1705 476 1761 convivio
505 1718 799 1775 procorum
827 1701 1050 1758 inchoat
1074 1700 1315 1757 ilebilem
1363 1699 1695 1756 cantilenam
1733 1716 1831 1755 na-

231 1796 519 1868 vigationis
541 1797 926 1868 improsperae,
971 1810 1094 1867 qua:
1137 1793 1418 1866 profectos
1453 1795 1523 1848 ab
1553 1794 1652 1849 Ilio
1681 1793 1831 1850 Ora:-

1318 359 1685 423 PERIOCHIE
1720 361 1788 422 IN
1828 361 2093 425 HOMERI
2129 364 2522 431 ODYSSEAM.

231 493 370 543 tatur
397 483 702 555 Priamum,
744 490 803 540 ut
828 495 963 538 auro
994 480 1163 537 ﬁlium
1192 481 1458 550 rependat
1486 479 1821 565 exanimum.
1852 483 1910 544 Α

3416 355 3519 416 954

2364 484 2621 545 Periocha
2645 447 2801 547 nec
2828 486 3091 561 Odyssean

2060 594 2293 662 Liquerat
2311 601 2359 651 in
2388 600 2553 665 tepido
2566 601 2833 654 Tithonum
2856 602 3046 654 Aurora
3067 602 3222 655 cubili
3248 616 3260 654 :

2005 702 2304 760 Mercurius
2347 705 2403 761 in
2442 706 2702 780 Ogygiam
2735 707 2969 765 insulam
3019 707 3270 776 devolat,
3303 719 3362 766 ut
3387 708 3536 767 Jovis

1898 778 1901 781 ’
1936 796 2164 855 monitis
2193 797 2428 871 Calypso
2465 778 2761 858 conterrita
2792 800 3040 874 Ulyssem
3084 802 3322 873 patiatur
3359 801 3538 860 disce-

1932 890 2087 949 dere.
2112 891 2222 961 Qui
2250 900 2507 949 contextu
2534 894 2665 949 ratis
2696 903 2901 952 temere
2921 910 3218 967 properare
3242 896 3540 966 navigatio-

1937 999 2065 1042 nem
2090 985 2243 1041 solus
2269 984 2604 1057 aggreditur.
2639 985 3091 1059 Duodevigesima
3107 987 3197 1045 die
3213 996 3538 1059 tempestate

1940 1087 2236 1149 commota,
2272 1094 2339 1135 ex
2372 1078 2652 1135 iracundia
2676 1078 2970 1138 infestante
2995 1079 3274 1151 Neptuno,
3305 1080 3538 1136 trabium

1935 1187 2202 1244 compago
2231 1171 2577 1231 dissolvitur.
2601 1172 2721 1242 Quo
2747 1187 2876 1228 casu
2901 1174 3145 1243 proditur
3162 1172 3373 1229 ultima:
3398 1173 3537 1243 Spei,

1932 1277 1989 1325 et
2014 1267 2186 1324 irritis
2214 1266 2504 1324 conatibus
2529 1266 2710 1323 nando
2739 1266 2808 1323 ab
2823 1265 3036 1323 lunone
3057 1267 3157 1323 dea
3178 1265 3529 1323 misericorde

1932 1371 2210 1432 servatur,
2238 1376 2361 1433 quae
2381 1360 2701 1418 calanticam
2718 1359 2882 1433 capiti
2903 1375 3006 1417 suo
3031 1358 3304 1431 demptam
3326 1359 3531 1416 natanti

1937 1454 2341 1511 accommodat.
2366 1453 2533 1526 Cujus
2562 1453 2653 1512 ille
2667 1464 2974 1512 sustentatu
2992 1452 3232 1526 adusque
3249 1452 3534 1510 Pltzracnm

1935 1550 2088 1607 littus
2115 1548 2319 1607 evadit.

2354 1640 2614 1698 Periocha
2643 1642 2737 1698 lib.
2766 1657 2818 1699 vt
2846 1642 3111 1714 Odyssea.

2058 1756 2299 1821 Carpebat
2321 1770 2517 1808 somnos
2535 1756 2720 1809 dudum
2743 1769 3048 1808 terumnosus
3077 1755 3297 1821 Ulysscs.

227 1904 320 1945 eos
339 1890 580 1946 diversis
603 1889 807 1960 sparsit
830 1888 1038 1957 exiliis,
1063 1903 1228 1959 quem
1254 1886 1527 1959 Penelope
1554 1885 1825 1957 digressa,

2006 1862 2229 1936 Ulysses
2262 1872 2546 1935 postquam
2577 1864 2649 1919 ad
2680 1863 2964 1919 Pha'acum
2992 1863 3143 1919 littus
3169 1877 3427 1920 enaverat
3463 1863 3541 1918 fa-

226 1982 540 2040 Chalcidico
575 1991 900 2054 argumento
948 1990 1060 2039 tam
1112 1981 1439 2039 miserabilis
1469 1980 1677 2039 oll'ensa
1706 1995 1825 2039 ma-

227 2076 397 2145 terias,
426 2087 487 2133 ut
510 2076 618 2133 alia
640 2076 915 2142 concinat.
944 2076 1285 2134 adhortatur.

671 2233 928 2292 Periocha
951 2234 1041 2290 lib.
1073 2249 1107 2290 ll
1139 2232 1403 2306 Odysseus.

352 2348 558 2402 Oceano
581 2349 834 2401 extulerat
857 2361 1029 2400 roseas
1061 2347 1251 2399 Aurora
1268 2345 1486 2412 jugales.

294 2474 662 2535 Telemachus
695 2475 991 2537 Ithacesius
1018 2490 1272 2546 proceres
1323 2478 1469 2549 cogit
1511 2475 1579 2533 ad
1607 2473 1837 2544 curiam,

237 2580 397 2642 atque
427 2570 630 2627 ibidem
660 2569 728 2625 de
748 2569 1078 2626 contumelia
1105 2570 1321 2638 donius,
1353 2578 1410 2626 et
1430 2569 1694 2626 bonorum
1717 2581 1844 2640 pro-

242 2664 522 2737 higationc
550 2674 884 2735 conquestus
906 2705 923 2730 ,
952 2663 1177 2719 (cnsilia
1207 2663 1556 2734 profectionis
1596 2660 1839 2732 exponit,

233 2756 471 2814 Antinoo
499 2757 814 2823 resistente,
839 2755 931 2827 qui
971 2772 1095 2812 cum
1121 2756 1272 2827 prius
1296 2797 1313 2825 ,
1349 2771 1511 2828 quam
1536 2764 1710 2812 mater
1738 2771 1843 2811 nu-

233 2850 426 2923 beret',
479 2852 630 2907 abire
659 2850 1003 2921 prohibebat.
1045 2850 1160 2918 Qua
1191 2850 1547 2907 altercatione
1583 2850 1675 2907 diu
1718 2865 1847 2921 pro-

239 2954 435 3012 tracta,
463 2944 758 3001 concilium
782 2943 1108 3000 dissolutum
1139 2953 1244 3001 est.
1279 2944 1642 3001 Telemachus
1664 2945 1733 3000 ad
1763 2945 1850 3001 lit-

244 3046 330 3091 tus
350 3036 532 3108 procis
558 3036 938 3107 ignorantibus
964 3038 1139 3106 pergit
1162 3054 1176 3092 :
1201 3047 1467 3094 astantem
1492 3038 1595 3094 sibi
1614 3038 1850 3095 odorans

240 3129 565 3196 Minervam,
596 3128 1024 3200 peregrinationi
1051 3130 1402 3187 accommoda
1423 3140 1598 3202 parat,
1625 3132 1847 3188 hortan-

239 3232 291 3279 te
321 3221 562 3277 tnaxime
607 3221 707 3276 dea
736 3262 751 3289 ,
798 3237 920 3293 quae
952 3223 1206 3293 populum
1232 3266 1246 3287 ,
1277 3223 1565 3295 ipsumque
1599 3224 1851 3281 Telema-

238 3319 401 3372 chum
449 3315 714 3372 Mentoris
762 3314 1106 3372 simulatione
1136 3315 1379 3373 fallebat.
1422 3316 1695 3373 Instructo
1722 3333 1850 3389 ergo

238 3410 497 3481 remigio,
528 3418 587 3465 et
625 3423 767 3465 nave
810 3408 1040 3466 deducta
1064 3456 1079 3480 ,
1111 3409 1471 3468 Telemachus
1515 3421 1571 3468 et
1611 3412 1849 3469 Minerva

239 3501 308 3558 de
338 3513 500 3574 portu
522 3516 750 3574 vespere
773 3500 1013 3559 instante
1040 3503 1351 3560 solverunt.

662 3657 922 3715 Periocha
947 3658 1038 3715 lib.
1069 3675 1129 3716 ιιι
1166 3659 1437 3731 Odystew.

368 3774 476 3825 Jam
498 3774 575 3825 sol
594 3772 794 3826 Oceano
818 3773 1033 3825 radiatos
1053 3780 1363 3840 prempserat
1385 3783 1543 3825 ortus.

316 3904 683 3962 Telemachus
708 3903 993 3961 Nestorem
1020 3904 1089 3960 de
1124 3914 1280 3975 patre
1316 3913 1706 3974 percunctatus
1721 3904 1856 3962 nihil

246 4000 372 4055 novi
418 3998 620 4068 accipit
650 3997 720 4052 ab
756 3996 1079 4068 ignorante:
1127 4013 1314 4053 verum
1360 3998 1503 4053 idem
1552 4014 1721 4054 senex
1771 4014 1861 4057 se-

244 4092 436 4164 quenti
496 4090 587 4146 die
652 4105 777 4147 cum
827 4089 1107 4146 Pisistrato
1148 4090 1288 4160 filio,
1335 4099 1397 4144 ut
1440 4090 1507 4145 ad
1554 4090 1856 4149 Menelaum

246 4191 475 4254 pergat,
518 4183 791 4237 hortatur.
834 4180 945 4237 Nec
985 4197 1178 4245 mora,
1221 4183 1365 4237 facto
1397 4181 1661 4240 consilio:
1700 4195 1859 4242 noete

246 4276 448 4346 quippe
476 4289 563 4339 ea.
598 4288 720 4345 qua:
741 4281 1032 4329 consecuta
1064 4283 1169 4342 est,
1200 4274 1342 4344 apud
1362 4273 1571 4331 Pheras
1598 4275 1856 4346 oppidum

247 4368 491 4440 hospitio
516 4366 721 4424 Dioclis
766 4367 1004 4435 versati,
1042 4366 1211 4423 altera
1260 4365 1704 4425 Lacaedemonem
1737 4384 1860 4441 per-

252 4462 549 4519 vehuntur.

658 4552 915 4609 Periocha
958 4552 1050 4608 lib.
1086 4568 1140 4609 tv
1188 4551 1458 4624 Odyssew.

374 4669 585 4734 Jamque
599 4668 724 4719 adeo
739 4675 943 4720 ventum
968 4667 1139 4720 valida:
1159 4668 1222 4717 ad
1243 4666 1606 4720 Lacedaemonis
1625 4682 1783 4720 arces.

319 4797 708 4855 Telemachum
726 4805 783 4853 et
811 4794 1045 4867 quicum
1072 4811 1138 4853 eo
1163 4805 1445 4866 venerant,
1464 4799 1740 4856 Menelaus
1766 4813 1861 4856 co-

258 4892 423 4949 miter
446 4891 685 4961 hospitio
712 4891 931 4963 accipit,
962 4907 1200 4963 saneque
1231 4892 1332 4947 sub
1360 4908 1587 4965 vespera
1618 4910 1721 4967 qua
1739 4895 1865 4952 dam

251 4986 321 5043 de
347 4985 542 5057 Ulysse
571 4994 927 5056 cognoscunt.
964 4984 1062 5041 Die
1089 5000 1222 5041 vero
1252 4987 1422 5041 altera
1447 4995 1617 5044 totum
1650 4990 1870 5060 naviga-

255 5081 421 5137 tionis
449 5079 700 5135 ordinem
729 5077 1009 5135 Menelaus
1036 5078 1313 5148 explanat.
1345 5078 1610 5153 Quodque
1636 5082 1690 5138 in
1720 5081 1866 5154 Ogy-

251 5177 338 5245 gia
368 5174 544 5229 insula
572 5172 858 5243 promissis
886 5183 940 5229 et
965 5172 1234 5229 illecebris
1266 5173 1520 5245 nymphae
1541 5172 1868 5248 Calypsonis

260 5267 484 5340 Ulysses
506 5274 816 5320 remoratur
842 5309 856 5333 ,
897 5265 1141 5336 exponit.
1173 5265 1305 5332 Qua:
1334 5266 1557 5337 quidem
1599 5266 1869 5324 Protheus

254 5359 435 5414 cidem
462 5364 783 5413 narraverat
820 5356 890 5412 de
927 5356 1240 5413 Graecorum
1280 5359 1510 5415 ducilms
1551 5358 1865 5430 requirenti.

255 5450 413 5507 Proei
442 5460 626 5507 autem
654 5458 941 5522 postquam
976 5449 1044 5505 de
1076 5449 1265 5506 habitu
1305 5450 1617 5509 Telemachi
1651 5466 1872 5522 Compe-

257 5553 445 5601 rerunt
466 5589 481 5613 ,
514 5544 779 5599 instructa
804 5541 1145 5612 deductaque
1174 5545 1296 5599 navi
1324 5587 1339 5612 ,
1372 5546 1560 5617 viginti
1581 5589 1597 5612 ,
1624 5547 1715 5619 qui
1744 5560 1869 5603 sese

256 5638 530 5711 legerant,
559 5636 902 5706 navigavere.
934 5634 1201 5690 Redeunti
1232 5653 1362 5707 ergo
1381 5640 1609 5697 insidias
1637 5640 1868 5696 molien-

259 5741 364 5811 tes,
411 5733 557 5789 circa
589 5729 863 5786 Asteriam
890 5729 1151 5797 insulam,
1184 5744 1306 5801 quae
1337 5734 1575 5791 ltacham
1606 5736 1865 5793 Samum-

262 5843 370 5897 que
393 5826 705 5895 interjaCet,
748 5823 1127 5879 delitescentes
1155 5827 1496 5885 occasionem
1542 5830 1748 5890 fraudis
1772 5847 1867 5888 cx-

260 5929 532 5992 spectant.

1939 1956 2255 2027 tigationetn
2291 1955 2453 2013 diluit
2500 1970 2713 2012 somno.
2757 1954 2868 2012 Sed
2904 1970 3029 2011 cum
3073 1956 3229 2026 virgo
3275 1956 3541 2013 Nausicaa

1938 2050 2084 2119 regis
2113 2048 2330 2105 Alcinoi
2372 2048 2557 2105 ludum
2584 2048 2638 2105 in
2668 2056 2790 2105 acta
2818 2063 2941 2103 eum
2976 2047 3276 2119 aaqualibus
3319 2064 3544 2105 excree-

1938 2150 2043 2210 ret,
2067 2155 2261 2196 somno
2290 2141 2558 2197 excitatus
2588 2140 2668 2214 (ut
2690 2151 2809 2197 erat
2829 2138 3028 2213 nudus)
3052 2141 3254 2212 erupit,
3283 2140 3532 2196 foliorum

1938 2236 2192 2309 oppositu
2224 2235 2475 2307 pudenda
2500 2235 2732 2293 velatus.
2763 2236 2830 2291 Et
2866 2251 2989 2290 cum
3020 2231 3248 2306 supplex
3277 2236 3342 2289 ad
3370 2251 3547 2305 genua

1938 2329 2107 2401 regia:
2126 2327 2354 2399 virginis
2374 2327 2776 2395 advolveretur,
2800 2326 3056 2382 Minerva:
3079 2326 3345 2381 inStrnctu
3377 2326 3546 2381 tnovit

1943 2421 2380 2479 misericordiam
2410 2420 2726 2485 salutarem,
2752 2418 3145 2490 impositusque
3171 2427 3432 2489 carpento
3450 2458 3466 2484 ,
3495 2427 3550 2473 et

1942 2528 2097 2573 veste
2118 2517 2350 2573 donatus
2372 2530 2545 2587 usque
2572 2514 2642 2570 ad
2670 2513 2931 2583 templum
2953 2512 3227 2579 Mincrvm,
3251 2511 3398 2582 quod
3422 2521 3549 2568 ante

1944 2609 2135 2665 urbem
2158 2618 2262 2677 est,
2296 2608 2373 2663 ita
2400 2606 2663 2664 suadente
2699 2604 2923 2677 virginis
2960 2603 3167 2675 pudore
3208 2602 3546 2674 provehitur,

1945 2701 2129 2774 ibique
2174 2701 2442 2758 familiare
2488 2700 2593 2757 sibi
2633 2713 2833 2756 numen
2859 2696 3019 2754 solita
3050 2694 3400 2755 veneratione
3427 2710 3551 2769 pre-

1946 2807 2122 2853 catur.

2345 2865 2602 2923 Periocha
2631 2866 2723 2923 lib.
2764 2882 2839 2924 vn
2887 2865 3153 2939 Odysseus.

2230 2983 2415 3037 Orabat
2436 2995 2646 3048 superos
2664 2982 2848 3033 dudum
2867 2981 3061 3034 Laertia
3086 2981 3268 3046 proles.

1951 3088 2191 3145 Minerva
2224 3088 2277 3144 in
2308 3088 2499 3159 puellae
2520 3087 2757 3160 Speciem
2789 3096 2995 3144 mutata
3025 3086 3274 3160 Ulyssem
3314 3086 3544 3158 primum

1952 3182 2007 3237 in
2047 3182 2328 3254 oppidum,
2366 3182 2583 3239 moxin
2630 3181 2850 3238 domum
2881 3181 3084 3253 regiam
3108 3181 3279 3239 ducit.
3309 3180 3552 3245 Cumque

1877 3287 1924 3350 (ς,
1954 3274 2119 3331 Arete
2151 3290 2288 3332 uxor
2315 3276 2527 3333 Alcinoi
2547 3285 2600 3333 et
2632 3274 2774 3333 unde
2800 3284 3007 3333 vestem
3039 3275 3287 3342 haberet,
3318 3285 3374 3331 et
3399 3279 3555 3347 cujas

1950 3381 2120 3439 esset,
2141 3383 2196 3429 et
2222 3389 2326 3444 qua
2359 3382 2509 3430 sorte
2538 3372 2755 3430 delatus
2779 3387 3033 3430 sermone
3056 3372 3225 3443 ipsius
3251 3374 3554 3441 comperis-

1952 3480 2058 3539 set,
2084 3469 2288 3527 bonum
2312 3471 2555 3528 animum
2585 3470 3014 3545 haberejussus,
3041 3471 3306 3529 suadente
3328 3486 3553 3544 vespera

1952 3565 2205 3625 concedit
2234 3568 2424 3641 quieti.
2490 3552 2505 3559 ’

2304 3713 2309 3717 -
2347 3684 2608 3741 Periocha
2636 3684 2730 3740 lib.
2762 3698 2857 3741 vttt
2891 3683 3157 3756 Odyssea.

2081 3798 2191 3849 Jam
2212 3798 2392 3851 emtum
2413 3798 2583 3850 rutilat
2598 3799 2761 3851 roseis
2781 3798 2971 3850 Aurora
2993 3797 3268 3863 quadrigis.

2033 3905 2293 3962 Alcinous
2344 3904 2705 3977 navigationis
2762 3919 3064 3960 aerumnam
3130 3903 3444 3959 summatim
3494 3904 3565 3959 ab

1957 3998 2156 4072 Ulysse
2200 3999 2504 4069 cognoscit.
2548 3996 2763 4054 Exinde
2797 3997 2968 4067 jussis
3014 3996 3344 4066 primoribus
3390 3997 3442 4051 in
3475 4012 3564 4053 cu-

1958 4096 2095 4152 riam
2134 4095 2470 4160 convenire,
2517 4092 2814 4150 adventum
2859 4090 3119 4161 hospitis,
3165 4099 3221 4146 et
3260 4091 3556 4171 infortunia

1960 4186 2184 4242 diutina:
2206 4184 2521 4257 jactationis
2549 4183 2829 4256 erplanat,
2852 4184 3134 4252 accitoque
3161 4181 3226 4237 ad
3245 4182 3561 4238 convivium

1962 4278 2158 4352 Ulysse
2182 4279 2449 4336 citharam
2477 4278 2634 4349 jubet
2657 4276 2873 4347 pulsare
2899 4274 3288 4340 Demodocum,
3311 4274 3404 4344 qui
3435 4289 3559 4330 cum

1960 4371 2030 4429 de
2064 4373 2242 4429 Dureo
2265 4387 2443 4442 equo,
2486 4381 2540 4426 et
2579 4370 2651 4426 de
2697 4368 2896 4424 Troico
2928 4376 3170 4422 cantaret
3204 4365 3421 4421 excidio
3445 4408 3460 4431 ,
3489 4366 3567 4419 la-

1961 4480 2177 4541 crymas
2224 4465 2404 4538 Ulyssi
2444 4462 2706 4520 memoria
2751 4462 2981 4519 fortuna:
3022 4459 3320 4530 superioris
3353 4457 3561 4517 elicuit.

1965 4559 2113 4627 Qnas
2160 4573 2287 4615 cum
2329 4557 2607 4615 occultare
2657 4554 2849 4612 sedulo
2896 4564 3229 4619 conaretur,
3277 4562 3372 4609 aut
3416 4553 3567 4610 vultu

1884 4677 1938 4739 ι)
1966 4652 2332 4717 dissimulans,
2369 4660 2462 4705 aut
2504 4658 2658 4705 veste
2686 4647 2997 4719 detergens.
3031 4646 3223 4703 oculos
3266 4648 3319 4702 in
3352 4662 3413 4701 se
3442 4661 3564 4701 om-

1968 4745 2117 4800 nium
2140 4755 2193 4800 et
2216 4743 2454 4798 maxime
2492 4742 2636 4812 regis
2663 4740 2918 4797 advertit.
2949 4739 3088 4795 Tum
3114 4739 3375 4797 Alcinous
3402 4753 3566 4793 causa

1966 4838 2191 4894 ﬂetuum
2233 4836 2471 4908 cognita,
2497 4842 2560 4891 ut
2588 4843 2782 4893 cuncta
2807 4849 2879 4892 ex
2908 4833 3105 4890 ordine
3132 4833 3359 4889 tolerata
3387 4829 3565 4886 disse-

1968 4938 2137 5003 reret,
2162 4930 2397 5017 benigne
2426 4929 2606 4985 omnia
2635 4929 2914 5002 pollicitus
2934 4928 3281 4986 adhortatur.

2376 5040 2637 5098 Periaclta
2668 5040 2759 5099 lib.
2795 5057 2847 5098 lx
2885 5041 3151 5112 Odyssea.

2093 5155 2219 5208 Tum
2238 5157 2350 5210 vice
2375 5157 2620 5209 sermonis
2643 5157 2769 5210 fatur
2793 5157 3022 5208 Laertius
3042 5153 3222 5205 Ileros.

2040 5265 2282 5334 Quatuor
2294 5263 2493 5321 isthinc
2506 5263 2627 5321 libri
2642 5265 2710 5322 de
2722 5264 2934 5336 Ulyssis
2950 5275 3136 5317 errore
3156 5257 3396 5315 contexti
3417 5264 3565 5314 sunt.

1968 5360 2213 5429 Namque
2244 5357 2312 5414 ab
2341 5358 2571 5415 Alcinoo
2593 5368 2816 5430 rogatus
2842 5356 3040 5412 seriem
3070 5350 3389 5422 multiplicis
3415 5366 3570 5406 erro-

1969 5455 2049 5511 ris
2071 5452 2317 5523 exponit,
2346 5462 2404 5508 ut
2432 5453 2503 5508 ab
2527 5452 2627 5508 llio
2656 5450 2952 5521 profectus,
2984 5448 3215 5517 primum
3244 5445 3311 5500 ad
3338 5442 3572 5501 Ciconas

1972 5549 2187 5607 delatus
2228 5548 2334 5614 sit,
2365 5560 2530 5619 atque
2572 5546 2685 5603 illic
2724 5551 3027 5615 expugnata
3062 5540 3268 5597 Ismaro
3306 5539 3530 5624 civitate
3553 5579 3568 5604 ,

1973 5642 2160 5699 multis
2191 5641 2411 5698 amissis
2449 5641 2664 5711 fugatus
2692 5634 3061 5695 abscesserit:
3097 5644 3261 5704 utque
3299 5632 3426 5688 inde
3456 5632 3591 5701 Μιι-⁷

1974 5738 2113 5794 leam
2138 5736 2389 5793 Laconia:
2413 5732 2842 5808 promontorium
2871 5730 3275 5799 circumegerit,
3299 5744 3363 5783 ac
3374 5725 3575 5783 deinde

1973 5833 2323 5902 Lo'ophagos
2346 5829 2574 5886 venerit.
2597 5827 2715 5882 Mox
2744 5827 2811 5882 ad
2840 5826 3139 5901 Cyclopum
3174 5824 3426 5893 insulam,
3450 5837 3574 5894 qua:

1977 5923 2306 5996 Lotopltagis
2350 5921 2665 5993 adjacebat,
2713 5935 2836 5976 cum
2871 5936 2976 5976 una
3028 5927 3164 5975 nave
3212 5918 3573 5991 protei-serit,
