4072 6306
550 287 659 365 θὲι)

1936 276 2119 375 PFG!)
2153 275 2430 371 @9591“

3742 283 3841 363 95.0

550 417 727 476 eaque
748 400 944 459 sedulo
966 398 1237 487 occultata
1264 399 1382 471 ipse
1410 411 1536 483 cum
1569 395 1858 454 duodecim
1896 395 2061 454 sociis
2089 395 2144 453 in
2171 397 2224 491 ᾼ
2251 395 2477 479 ignarus
2522 395 2866 493 exponiiur,
2914 395 3239 497 .P‘liipo‘eihos
3288 411 3358 481 eo
3406 399 3717 495 dormienie
3765 418 3843 462 re-

550 506 771 553 antrum
804 493 1129 567 Polyphemi
1168 477 1575 564 penetraverit:
1601 490 1693 563 qui
1722 490 1963 547 cruentis
1991 488 2148 562 dapi-

551 590 654 647 bus
681 589 954 660 expletus,
987 601 1121 661 quas
1150 586 1304 643 crede
1330 584 1603 641 sociorum
1632 583 1753 655 ejus
1791 584 2145 649 instruxerat,

552 684 678 741 vino
724 683 890 741 etiam
946 680 1093 754 quod
1152 680 1377 752 Dlysses
1426 679 1732 753 ingesserat
1779 676 2148 745 temulentus,

550 792 678 836 cum
707 777 762 835 iu
809 790 1062 833 somnum
1107 774 1523 846 procubuisset,
1567 772 1637 833 ab
1684 770 1879 846 Ulysse
1917 777 2150 831 emeatus

559 884 747 943 panas
775 867 1129 929 inmanitatis
1161 866 1413 929 exsolvit.

983 1007 1247 1064 Periocha
1270 1006 1360 1064 lib.
1392 1024 1427 1064 x
1458 1005 1719 1080 Odyssea.

678 1127 885 1180 Ilionam
907 1134 1173 1180 ventorum
1195 1127 1388 1191 agimur
1413 1127 1721 1203 patriamque
1742 1123 2057 1189 domumque.

625 1238 764 1309 llinc
792 1238 961 1303 refert
980 1235 1218 1295 Eoliam
1241 1249 1303 1293 se
1325 1234 1490 1295 fuisse
1524 1242 1867 1307 pervectum,
1890 1230 2153 1302 donisque

552 1332 812 1390 donatum
845 1331 914 1399 ab
962 1329 1125 1389 IEolo
1170 1344 1301 1401 rege
1332 1334 1618 1385 ventorum
1644 1368 1661 1396 ,
1694 1324 1788 1396 qui
1818 1332 1874 1407 et
1900 1322 2155 1381 omnibus

553 1427 788 1484 comiter
801 1424 1062 1497 prmbitis,
1082 1439 1189 1495 quo
1202 1421 1444 1480 securior
1465 1421 1767 1492 navigaret,
1785 1426 1977 1476 ventos
1990 1416 2156 1477 etiam

553 1522 770 1579 dederit
812 1528 934 1576 utre
964 1517 1273 1574 conclusos.
1313 1514 1486 1584 thue
1512 1528 1636 1569 cum
1664 1512 1775 1584 jam
1807 1510 2006 1568 Ithaca:
2031 1524 2158 1581 pro-

555 1618 781 1689 pinquat
806 1656 822 1682 ,
865 1620 922 1668 et
968 1611 1183 1669 refusus
1217 1610 1289 1688 sit
1328 1609 1381 1667 in
1410 1623 1666 1680 soporem
1693 1652 1708 1678 ,
1759 1607 2005 1678 sociique
2037 1605 2157 1676 ejus

556 1722 692 1779 opes
720 1706 933 1779 aliquas
972 1703 1025 1759 iu
1068 1703 1182 1761 lora
1216 1704 1397 1759 inesse
1433 1702 1810 1771 existimantes
1854 1701 2158 1783 dormiente

557 1802 679 1874 ipso
697 1799 911 1855 vincula
939 1797 1315 1865 dissolverint,
1340 1783 1694 1874 adversisque
1711 1793 1928 1850 ﬂatibus
1950 1794 2017 1869 ab
2038 1793 2153 1867 ipsa

558 1870 733 1967 patria
760 1894 869 1965 jam
909 1892 1019 1948 sint
1039 1890 1214 1946 relati.
1246 1888 1375 1965 Inde
1406 1898 1462 1945 ut
1484 1870 1839 1963 Antipbaiem
1855 1876 2157 1961 Laestrygo-

555 2002 764 2059 nasque
810 1985 1024 2041 delatus
1070 1983 1162 2039 sit.
1210 1982 1288 2041 lbi
1336 1970 1553 2039 amissis
1574 1970 1684 2038 'una
1731 1981 1910 2039 minus
1945 1982 2159 2038 caeteris

555 2058 786 2137 navibus
814 2076 1066 2134 Circeum
1106 2077 1257 2132 littus
1304 2060 1639 2142 accesserit,
1670 2062 1865 2149 ibique
1892 2058 2157 2132 veneficio

553 2175 796 2247 potentis
822 2172 941 2228 deae
970 2170 1345 2245 Eurylochus,
1379 2182 1433 2227 et
1463 2162 1732 2251 praemissi
1772 2156 1894 2226 cum
1926 2186 1994 2251 eo
2024 2164 2156 2247 socii

556 2266 613 2324 in
639 2267 878 2323 ferarum
904 2281 997 2321 ora
1024 2263 1272 2321 conversi
1294 2250 1438 2321 sint:
1466 2240 1588 2336 ipse
1605 2265 1772 2321 etiam
1802 2240 2003 2320 similia
2032 2250 2159 2336 pas;

559 2376 720 2417 surus
742 2360 1008 2417 Mercurio
1040 2370 1368 2432 procurante
1396 2359 1671 2439 vitaverit,
1699 2366 2039 2431 crateresque
2067 2372 2159 2415 so-

555 2454 669 2510 cios
690 2454 757 2510 ad
777 2455 1012 2537 Speciem
1038 2453 1322 2526 pristinam
1347 2451 1517 2525 redigi
1547 2438 1765 2537 virtutis
1790 2442 2157 2537 admiratione

555 2526 915 2645 compulerit;
984 2526 990 2537 ’
1348 2536 1355 2543 ’
1606 2528 1611 2539 ί
1660 2536 1681 2551 ”
2106 2526 2133 2542 ”

628 2632 633 2639 ’
812 2632 819 2637 ’
981 2642 1240 2700 Periocha
1260 2643 1351 2699 lib.
1376 2658 1433 2699 x1
1457 2641 1722 2723 Odyssea.

685 2762 751 2815 At
770 2767 1025 2828 postquam
1049 2768 1253 2814 ventum
1273 2761 1333 2814 sd
1350 2775 1505 2815 naves
1524 2771 1578 2815 et
1594 2762 1756 2814 littora
1777 2765 1932 2828 ponti.

629 2874 916 2945 Digressus
946 2870 1159 2928 aCirce
1203 2873 1478 2929 Avernum
1533 2872 1814 2944 pervenit,
1865 2873 1957 2944 qui
2006 2871 2158 2929 locus

558 2968 856 3024 descensus
881 2966 949 3022 ad
974 2966 1159 3022 Manes
1188 2965 1554 3022 existimatur.
1583 2966 1662 3029 lbi
1691 2964 1865 3021 sacris
1886 2967 1993 3022 rite
2033 2981 2158 3037 per-

553 3060 712 3125 lectis
740 3060 990 3117 scrobem
1022 3058 1261 3130 complet
1282 3058 1547 3131 sanguine
1568 3057 1937 3127 victimarum,
1966 3066 2024 3115 et
2051 3059 2157 3117 cir-

2183 1798 2276 1859 BQ

2188 1837 2233 1889 Η
2263 1837 2437 1893 imbre
2466 1837 2749 1905 continuo,
2766 1838 2955 1915 saguio
2973 1837 3437 1911 amiciturzatque
3464 1840 3665 1897 ibidem
3686 1840 3838 1914 multa

2252 484 2584 581 ωοξριῖιωεὲ

2655 584 2915 651 Periocha
2944 587 3039 644 lib.
3065 603 3155 644 xtv
3181 587 3444 663 Odyssea.

2360 686 2643 762 “Egreditur
2663 706 2809 765 portu
2834 702 3003 767 ianuis
3024 714 3125 785 quo
3142 702 3320 753 semita
3341 666 3500 753 ducit.

2324 803 2530 861 Somno
2553 815 2905 879 experrectus
2931 807 3163 880 Ulysses
3186 818 3401 880 portum
3423 820 3479 867 et
3494 810 3650 867 littus
3662 813 3840 884 patrias

2253 910 2360 953 non
2389 897 2511 955 sine
2536 898 2706 955 animi
2725 902 3173 965 consternatione
3189 904 3494 975 cognoscit,
3531 905 3844 963 admiratur-

2259 991 2729 1062 queutadvectns,
2755 1003 2815 1051 ut
2839 995 3463 1067 expositus,utrelictus
3488 998 3845 1065 sit,utcuncta

2252 1085 2514 1143 nesciret.
2542 1085 2795 1158 Requirit
2821 1091 3075 1144 universa
3102 1088 3372 1155 donorum
3401 1104 3553 1161 :quae
3571 1100 3842 1162 postquam

2254 1177 2547 1265 incolumia
2584 1179 2773 1250 videt,
2826 1196 2988 1253 quam
3038 1189 3224 1254 potest
3268 1183 3540 1255 tutissime
3581 1185 3841 1247 occultat:

2254 1272 2608 1353 consiliisque
2634 1289 2665 1331 a
2720 1275 2962 1332 Minerva
2986 1276 3345 1351 conﬁrmatus
3362 1279 3431 1335 ad
3455 1294 3673 1349 servum
3696 1297 3846 1351 suum

2253 1365 2533 1443 Eumaeum
2562 1368 2849 1447 subulcum
2897 1369 3185 1427 simulatus
3242 1372 3473 1442 accedit,
3504 1373 3752 1445 naufragi
3794 1384 3842 1432 et

2257 1462 2618 1519 mendicantis
2648 1463 2884 1539 imitata.
2911 1464 3283 1545 interrogatus
3312 1465 3511 1527 deinde
3540 1467 3661 1539 quis
3690 1479 3845 1539 esset,

2256 1556 2333 1611 ait
2352 1572 2419 1643 ac
2442 1572 2566 1614 esse
2586 1554 2841 1627 Cresium
2866 1574 2880 1613 :
2918 1558 2973 1615 in
2996 1557 3296 1632 Egyptum
3336 1559 3685 1633 navigantem
3721 1561 3842 1627 Tro-

2254 1649 2367 1720 jam
2398 1649 2564 1706 fuisse
2600 1650 2863 1709 delatum.
2892 1650 3180 1727 Eunaeum
3209 1654 3376 1725 etiam
3416 1668 3541 1710 cum
3572 1653 3846 1712 affectione

2260 1743 2609 1801 moestissima
2643 1758 2898 1817 pergens,
2929 1756 2985 1803 et
3014 1755 3246 1817 cogente
3284 1746 3519 1819 denique
3559 1762 3780 1818 vespere
3801 1757 3850 1804 et

2261 1946 2447 1989 secum
2482 1930 2728 1999 volvens,
2761 1931 2979 1991 tandem
3000 1933 3251 1990 concedit
3269 1933 3462 2006 quieti.

2653 2066 2913 2125 Periocha
2951 2069 3044 2125 lib.
3086 2085 3158 2125 xv
3196 2069 3463 2142 Odyssea.

2477 2183 2552 2235 Ad
2573 2183 2970 2247 Lacedaemonias
2990 2193 3127 2237 artes
3145 2185 3369 2238 Tritonia
3394 2185 3575 2239 Pallas.

2330 2291 2694 2367 Telemachus
2716 2306 2747 2347 a
2777 2292 3017 2367 Minerva
3046 2309 3143 2367 per
3164 2295 3438 2352 somnium
3462 2304 3845 2365 commonetur,

2258 2384 2483 2440 domum
2512 2392 2573 2440 ut
2602 2385 2810 2442 rediret
2848 2401 2862 2438 :
2899 2396 3221 2458 maturoque
3262 2388 3544 2458 digressus
3579 2388 3780 2457 cubili,
3816 2404 3844 2445 a

2259 2478 2504 2534 Menelao
2523 2464 2741 2534 veniam
2770 2468 3102 2535 reversionis
3125 2489 3338 2537 exorat.
3372 2480 3489 2549 Qua
3517 2481 3848 2537 comiterim-

2258 2568 2493 2646 petrata,
2527 2570 2833 2643 regreditur
2864 2574 2929 2630 ad
2961 2590 3152 2665 navem
3180 2558 3237 2630 in
3258 2575 3427 2631 Portu
3458 2575 3615 2648 Pylio
3641 2592 3850 2632 manen-

2258 2675 2402 2733 tem;
2420 2664 2821 2738 Pisistratoque
2834 2666 2902 2722 ad
2920 2664 3109 2724 urbem
3122 2676 3284 2740 atque
3296 2668 3362 2724 ad
3380 2668 3618 2740 patriam
3640 2668 3847 2739 emisso,

2256 2761 2378 2833 ipse
2405 2754 2640 2833 propere
2662 2754 2831 2817 solvit
2858 2776 2890 2817 e
2920 2760 3130 2830 littore,
3162 2764 3365 2818 comite
3388 2761 3753 2833 navigationis
3770 2777 3849 2818 as—

2256 2862 2495 2927 sumpto,
2523 2854 2933 2930 Theoclymeno
2958 2842 3081 2913 vate
3105 2855 3307 2935 Argivo
3334 2899 3349 2923 ,
3391 2872 3502 2913 uno
3531 2870 3599 2913 ex
3630 2858 3697 2914 iis
3711 2853 3849 2930 ~quos

2259 2951 2564 3021 Melampus
2590 2948 2952 3018 Amythaonis
2980 2940 3239 3007 erudivit.
3287 2950 3598 3023 Vitatisque
3640 2949 3847 3006 insidia—

2217 3032 2226 3046 ’
2260 3044 2469 3103 toribus
2500 3042 2709 3115 procis,
2732 3030 3023 3100 advehitur
3050 3045 3104 3101 in
3124 3045 3357 3116 patriam
3390 3063 3404 3099 :
3435 3052 3492 3101 et
3541 3044 3703 3100 sociis
3737 3042 3845 3115 qui-

555 3152 1046 3208 cumvolitantibus
1104 3150 1390 3219 animabus
1443 3150 1648 3219 nullam
1712 3150 1841 3209 sinit
1903 3150 2153 3221 haustum

2261 3139 2386 3195 dem
2412 3146 2624 3211 portum
2650 3146 2834 3209 petere
2860 3138 3053 3209 jussis,
3105 3139 3221 3221 ipse
3267 3138 3498 3195 adverso
3552 3136 3745 3194 itinere
3784 3136 3843 3191 ad

2262 3248 2443 3255 ---μμ
2508 3231 2897 3255 13--...μ--..----
2933 3232 3298 3255 __-n-!--2._-..

554 3245 766 3301 cruoris
794 3245 1089 3317 attingere,
1116 3234 1245 3311 nisi,
1279 3252 1336 3299 ut
1362 3241 1519 3301 Circe
1545 3252 1858 3313 monuerat,
1886 3245 2037 3317 prius
2063 3243 2153 3301 Ti-

2260 3248 2470 3306 agrum,
2508 3231 2901 3306 Eummumque
2932 3232 3316 3307 proﬁciscitur.

554 3337 728 3393 resias
750 3345 902 3394 vates
948 3335 1075 3394 inde
1102 3336 1367 3397 libasset:
1411 3335 1489 3394 ibi
1514 3347 1568 3409 et
1596 3335 1852 3409 heroidas
1892 3335 2157 3408 plurimas

557 3429 725 3486 videt.
754 3429 994 3498 Quarum
1026 3430 1501 3509 enumerationem
1532 3429 1700 3488 multa
1728 3438 1970 3501 veterum
2004 3429 2158 3491 labu-

556 3522 733 3580 larum
764 3533 1054 3581 venustate
1084 3522 1383 3580 contexuit.

970 3677 1228 3735 Periocha
1256 3678 1350 3735 lib.
1381 3695 1456 3736 xtt
1486 3679 1754 3753 Odyssea.
1816 3662 1817 3665 η

653 3796 862 3862 Jamque
887 3796 1012 3849 adeo
1028 3796 1216 3849 Oceani
1237 3797 1449 3863 liquidos
1465 3788 1597 3864 pede
1618 3800 1837 3865 liquerat
1858 3810 2051 3853 amnes.

631 3902 937 3975 Compertis
966 3920 997 3960 a
1029 3904 1238 3961 Tiresia
1267 3914 1413 3974 vate,
1447 3920 1569 3977 quae
1592 3906 1834 3976 oportuit
1857 3896 2037 3976 scire,
2066 3921 2158 3963 re-

559 3996 802 4066 greditur
831 3996 899 4053 ad
920 3996 1139 4068 Circen,
1172 3998 1242 4054 ab
1268 4010 1443 4071 eaque
1463 3999 1724 4055 ttt'evitet
1746 4000 1887 4055 mala
1916 4000 2117 4056 cateia
2138 4042 2154 4068 ,

556 4088 782 4144 docetur
812 4107 827 4146 :
852 4098 912 4145 ut
940 4086 1179 4162 Syrenas
1204 4088 1516 4160 pratereat,
1543 4086 1763 4148 letalem
1788 4092 2154 4163 navigantium

556 4183 906 4251 cantilenam,
939 4193 998 4239 ut
1023 4184 1264 4256 Scyllam
1293 4176 1726 4256 prastervehatur
1747 4193 1805 4242 et
1841 4173 2153 4259 Charybdin

559 4275 685 4332 freti
708 4271 877 4334 Siculi
908 4276 1117 4333 lamosa
1140 4286 1385 4348 portenta
1415 4294 1430 4334 :
1470 4266 1667 4349 quibus
1702 4278 1860 4335 malis
1893 4295 1999 4336 nou
2036 4261 2156 4338 sine

552 4369 707 4440 gravi
739 4372 1092 4441 perpessione
1130 4371 1401 4442 superatis
1440 4372 1778 4429 Trinacriam
1816 4362 2151 4445 pervehitur.

558 4458 665 4516 Ubi
692 4459 1017 4518 incustodita
1049 4463 1193 4520 Solis
1231 4474 1477 4520 armenta
1502 4506 1518 4531 ,
1573 4465 1774 4521 frustra
1827 4454 2155 4538 prohibente

558 4551 697 4622 ipso,
724 4554 905 4609 caeteri
936 4554 1069 4610 socii
1098 4557 1322 4626 penuria
1338 4567 1570 4627 cogente
1597 4554 1884 4626 dilaniant,
1903 4548 2148 4631 dirisque

560 4641 820 4714 prodigiis
859 4644 1095 4701 admissa
1156 4648 1318 4702 boum
1378 4649 1529 4705 caede
1570 4659 1867 4708 terrentur.
1918 4653 1991 4709 At
2023 4670 2146 4712 mox

558 4734 684 4791 inde
712 4734 1030 4807 navigantes
1054 4738 1278 4796 fulmine
1300 4740 1368 4796 ad
1396 4757 1562 4797 unum
1595 4756 1787 4802 omnes
1834 4747 2147 4819 intereunt,

555 4838 785 4902 excepto
815 4830 1015 4903 Ulysse
1039 4831 1132 4902 qui
1161 4831 1467 4903 fragmento
1510 4837 1713 4895 carina:
1745 4840 2058 4911 cohaerens,
2097 4832 2153 4902 el

555 4923 886 4981 adminicttlo
915 4923 1035 4994 ejus
1067 4922 1287 4993 adjutus
1334 4927 1402 4982 ad
1432 4928 1692 5003 Ogygiam
1724 4933 1956 4992 insulam
2003 4938 2151 4996 solus

552 5020 757 5076 enavit.

947 5115 1211 5172 Periocha
1233 5116 1322 5172 lib.
1352 5133 1446 5175 xm
1481 5119 1745 5193 Odyssea.

678 5229 975 5283 Conticuere
998 5242 1191 5292 omnes,
1216 5233 1500 5298 intentique
1516 5246 1601 5286 ora
1623 5239 1880 5295 tenebant.

626 5356 911 5424 Enarratis
941 5359 1197 5418 omnibus
1224 5377 1346 5434 quae
1375 5362 1429 5432 in
1458 5363 1745 5437 multiplici
1792 5385 1978 5430 errore
2022 5389 2147 5447 per-

576 5451 774 5519 ulerat,
808 5466 837 5507 a
861 5452 1196 5525 principibus
1217 5454 1483 5514 Phreaciae
1502 5457 1636 5515 viris
1657 5503 1672 5528 ,
1697 5454 1855 5520 donis
1896 5466 2146 5537 plurimis

549 5543 886 5615 honoratur,
920 5559 951 5601 a
979 5546 1180 5617 quibus
1205 5550 1437 5622 remigio
1467 5559 1522 5608 et
1542 5556 1863 5614 necessariis
1893 5561 2147 5620 omnibus

550 5638 703 5695 navis
743 5630 1075 5697 instruitur:
1106 5642 1497 5720 dormieusque
1527 5647 1583 5705 in
1611 5647 1849 5709 ltbacam
1873 5652 2150 5727 quietissi-'

557 5742 644 5785 ma
675 5733 1046 5805 navigatione,
1076 5735 1385 5798 devehitur.
1409 5742 1589 5817 Atque
1614 5743 1725 5800 illic
1757 5744 1812 5803 in
1853 5756 2012 5821 portu
2049 5767 2149 5822 pa-

563 5824 673 5904 trio
697 5841 820 5889 eum
847 5829 1165 5902 muneribus
1184 5833 1452 5908 universis
1492 5838 1782 5925 quiescens
1818 5846 1875 5917 et
1909 5842 2149 5925 omnium

2645 3375 2657 3385 '
2676 3370 2934 3431 Periocha
2963 3372 3054 3433 lib.
3075 3389 3171 3431 xvt
3193 3372 3459 3446 Odyssea.

2393 3485 2663 3538 Commune
2683 3486 2916 3539 Eumaeus
2933 3487 3124 3553 mapale
3150 3497 3203 3541 et
3222 3489 3367 3540 divus
3389 3489 3614 3555 Ulysses.

2331 3594 2695 3651 Telemachus
2744 3595 3024 3659 Eummum
3074 3597 3321 3675 nuntium
3363 3596 3573 3671 reditus
3602 3594 3762 3651 mittit
3787 3592 3845 3650 ad

2259 3699 2495 3747 matrem
2526 3708 2541 3745 :
2572 3678 2714 3763 ipse,
2743 3689 2981 3771 Minerva
3023 3692 3094 3746 ita
3122 3691 3375 3758 volente,
3414 3700 3626 3763 patrem
3656 3704 3846 3761 cogno-

2259 3786 2384 3855 scit,
2418 3794 2475 3841 et
2506 3798 2628 3841 cum
2660 3800 2726 3841 eo
2753 3768 3013 3857 deinceps
3044 3784 3251 3856 agenda
3273 3785 3535 3857 disponit.
3574 3778 3833 3855 Penelope

2257 3886 2463 3945 autem,
2485 3875 2706 3947 cognito
2722 3876 2900 3933 reditu
2923 3875 3021 3933 lilii
3045 3918 3061 3943 ,
3089 3875 3146 3932 in
3173 3885 3501 3934 conventum
3528 3891 3837 3949 procorum,

2258 3983 2363 4040 qua
2410 3966 2743 4024 verecundia
2791 3967 3339 4040 sinebat,egreditur
3384 3985 3397 4023 :
3451 3968 3840 4038 increpatisque

2256 4061 2665 4123 insidiatoribus
2698 4060 2837 4131 lilii,
2867 4076 2974 4118 non
2998 4063 3177 4119 minus
3206 4063 3345 4119 irata
3367 4077 3531 4135 quam
3560 4071 3752 4121 moesta
3772 4062 3844 4119 di-

2257 4155 2452 4214 scedit.

2634 4226 2895 4303 Periocha
2934 4227 3025 4284 lib.
3060 4242 3170 4284 xvn
3202 4228 3469 4301 Odyssea.

2393 4341 2502 4392 Jam
2528 4340 2711 4393 caelum
2733 4344 2894 4394 roseis
2912 4341 3082 4394 rutilat
3102 4342 3323 4395 Tritonia
3344 4345 3492 4408 bigis.

2327 4445 2690 4503 Telemachus
2712 4446 2891 4504 anxia
2916 4448 3075 4504 matri
3104 4448 3353 4507 ordinem
3401 4450 3839 4525 peregrinationis

2257 4549 2500 4598 enarrat.
2536 4538 2764 4612 Ulysses
2808 4539 2877 4596 ad
2903 4540 3163 4611 oppidum
3188 4582 3203 4608 ,
3238 4542 3463 4599 Eumzeo
3502 4545 3799 4614 opitulante
3824 4583 3839 4608 ,

2218 4634 2230 4667 τ
2255 4635 2590 4709 perducitur.
2610 4634 2909 4691 Domumin
2934 4649 3038 4707 qua
3071 4636 3221 4708 proci
3248 4637 3614 4709 epulabantur
3643 4638 3842 4711 ingres-

2254 4747 2369 4800 sus,
2406 4730 2716 4811 emendicat
2740 4731 2895 4787 cibos
2936 4731 3329 4811 miserabiliter
3367 4732 3682 4817 ambiendo.
3724 4730 3841 4807 inde

2254 4824 2324 4880 ab
2351 4821 2881 4894 Antinooinjuriose
2919 4822 3176 4878 afficitur.
3225 4823 3321 4880 Cui
3370 4824 3651 4901 Penelope
3698 4824 3841 4880 Diras

2254 4912 2325 4999 ob
2352 4906 2706 4999 inhumanum
2737 4914 2945 4989 (acinus
2969 4915 3322 4991 imprecatur,
3340 4933 3370 4975 a
3398 4934 3502 4992 qua
3526 4920 3723 4976 missus
3744 4916 3840 4989 Eu-

2254 5028 2426 5095 maeus
2455 5023 2562 5079 est,
2590 5008 2651 5068 ut
2683 5006 2883 5095 hospes
2912 5012 2932 5086 (
2957 5012 3033 5071 sic
3062 5011 3208 5068 enim
3239 5027 3301 5070 se
3338 5013 3545 5070 ferebat
3572 5012 3591 5084 )
3624 5012 3689 5067 ad
3729 5024 3839 5085 eam

2253 5094 2662 5187 provocaretur.
2693 5094 2850 5185 Quod
2893 5114 3010 5162 tum
3046 5107 3265 5183 quidem
3317 5108 3578 5163 invitatus
3623 5105 3837 5179 gratiam

2250 5192 2403 5271 facit,
2432 5202 2529 5260 sed
2561 5210 2849 5259 venturum
2878 5216 3001 5259 sese
3030 5190 3098 5258 ad
3119 5215 3402 5273 vesperam
3433 5200 3744 5274 pollicetur.

2616 5343 2876 5400 Periocha
2907 5341 2997 5398 lib.
3030 5358 3166 5399 xvm
3201 5342 3471 5415 Odyssea.

2282 5486 2293 5506 ι
2375 5459 2486 5511 Irus
2509 5459 2651 5509 adest
2666 5457 2831 5523 populi
2857 5469 2946 5522 per
2963 5457 3307 5509 mendicabula
3325 5462 3491 5509 notus.

2321 5563 2666 5623 Mendicante
2687 5564 2828 5621 intra
2854 5564 3114 5638 proprios
3135 5564 3277 5622 lares
3304 5564 3517 5639 Ulysse,
3545 5565 3680 5625 alius
3704 5577 3828 5636 quo-

2251 5674 2355 5731 que
2382 5657 2498 5737 pari
2526 5665 2772 5729 egestate
2797 5657 2913 5715 Irus
2940 5660 3171 5716 accessit
3208 5659 3487 5730 popularis
3519 5658 3828 5723 Ithacesius,

2253 5752 2425 5825 stipes
2453 5750 2507 5806 in
2536 5750 2711 5808 triviis
2741 5751 2937 5809 solitus
2963 5767 3179 5825 rogare.
3212 5750 3456 5824 Jurgium
3488 5762 3616 5823 ergo
3644 5750 3828 5820 inopiae

2266 5845 2573 5926 communis
2600 5844 2945 5927 aemulatione
2973 5843 3283 5921 conseritur
3307 5888 3322 5916 ,
3369 5842 3513 5934 quod
3550 5857 3618 5919 ex
3661 5838 3829 5916 verbis
