4072 6306
208 359 307 431 ᾓῐιῚ

1242 329 1614 421 {amoena
1650 326 1721 413 tu
1760 324 2024 399 nouant
2058 324 2445 405 onvsstzstt.

3385 317 3492 382 958

212 474 476 561 processit
514 470 584 551 ad.
610 480 844 547 manus,
878 462 1228 542 hortantibus
1259 460 1445 551 procis
1483 473 1592 549 quo
1632 455 1804 535 magis.
1829 457 1879 531 Α
1906 453 2121 529 hasque
2164 451 2380 525 foribus
2429 428 2688 525 occlusis.
2717 460 2789 518 ne
2828 459 2934 522 qua.
2969 438 3183 521 pateret
3220 439 3498 512 effugium.

940 559 948 561 _
1338 555 1350 561 -
1551 546 1623 561 .v.
1714 542 1717 547 ‹
1809 551 1812 555 .
1941 548 1955 561 .
2264 548 2275 560 .
2527 546 2540 561 .
2668 560 2674 561 ,
2737 553 2748 561 .
2802 528 3045 561 __A_g..‘._
3099 539 3177 561 _-:
3230 535 3475 561 -.η-ιω-..

212 542 325 633 rixa
352 542 719 626 arideééeiel
735 542 1126 633 propositoque
1165 548 1389 627 praemio
1415 542 1626 624 caprini
1669 542 1812 606 ven-'

211 668 305 724 tris
331 668 574 720 omento.
608 655 800 713 Victor
830 653 997 725 igitur
1025 651 1252 723 Ulysses
1292 649 1625 705 seminecem
1654 645 1799 725 Irum

212 768 357 818 extra
386 757 609 827 januam
640 748 861 820 projicit
885 789 902 815 ,
953 744 1189 801 ridicula
1236 742 1625 801 adhortatione
1648 754 1801 797 com-

212 850 436 924 pellans.
469 841 748 914 Penelope
791 840 953 895 etiam
994 852 1222 913 munera
1263 836 1368 911 sibi
1412 850 1442 890 a
1489 833 1672 921 procis
1700 848 1799 905 pro

214 916 402 1014 opibus
446 936 716 1008 cujusque
766 930 1055 998 conferri,
1101 928 1436 1001 singulorum
1478 916 1656 983 studia
1704 941 1803 981 ex-

218 1035 428 1107 periens
454 1027 703 1101 deposcit
734 1043 748 1081 :
773 1039 894 1105 quae
920 1031 1135 1101 mature
1160 1029 1349 1101 utpote
1388 1036 1421 1079 a
1451 1019 1800 1093 cupientibus

212 1127 529 1183 oﬂ‘cruntur.

591 1212 859 1269 Periocha
889 1210 980 1267 lib.
1008 1225 1102 1265 nx
1136 1208 1403 1280 Odyssea.

329 1332 393 1384 At
419 1336 560 1394 parte
579 1326 825 1379 interiore
847 1325 1022 1376 domus
1041 1326 1270 1374 secretus
1292 1322 1509 1387 Ulysses.

281 1439 503 1511 Ulysses
537 1450 661 1492 cum
705 1430 1037 1490 Telemacho
1089 1444 1241 1511 arma
1294 1430 1475 1485 omnia
1523 1428 1592 1486 de
1620 1427 1800 1485 medio

212 1531 558 1596 amoliuntur,
586 1527 770 1599 procis
799 1522 1102 1597 perniciem
1128 1510 1547 1599 comparantes,
1582 1537 1650 1579 nc
1671 1508 1802 1592 quid

210 1632 298 1679 aut
327 1621 654 1678 munimenti
683 1661 699 1686 ,
740 1604 839 1675 aut
870 1604 962 1675 teli
990 1600 1424 1688 relinqueretur,
1465 1598 1559 1686 qui
1595 1600 1681 1671 vel
1711 1596 1803 1670 ca?

210 1731 335 1771 vere
355 1715 484 1783 vim,
516 1715 606 1770 vel
637 1712 844 1780 inferre
871 1717 1096 1784 possent
1142 1728 1154 1763 :
1203 1708 1271 1764 ad
1320 1694 1631 1780 Penelopen
1674 1700 1802 1784 inde

210 1809 379 1864 accitu
408 1809 581 1878 ipsius
608 1778 805 1879 pergit,
837 1778 1042 1876 ibique,
1077 1812 1135 1859 ut
1160 1800 1387 1859 Eumao
1411 1778 1648 1867 dixerat,
1671 1778 1801 1857 Cre-

211 1913 411 1983 tensam
440 1918 499 1959 se
520 1917 648 1959 esse
679 1900 965 1968 mentitur,
1003 1898 1367 1970 Ulyssemque
1394 1899 1536 1970 apud
1578 1911 1639 1954 se
1667 1886 1800 1953 hos?

209 1994 338 2065 pitio
363 1994 699 2050 diversatum
724 1984 1181 2047 comminiscitur.
1229 1988 1354 2046 Mox
1385 2004 1509 2045 cum
1542 1988 1803 2062 Euryclia

208 2088 317 2158 ejus
343 2090 522 2161 nutri;
546 2078 839 2171 hospitalis
866 2085 1034 2161 oflicii
1066 2099 1230 2141 causa
1273 2084 1445 2171 pedes
1487 2085 1607 2156 ejus
1654 2085 1804 2141 c‘lue—

206 2191 306 2255 ret,
340 2192 483 2240 tactu
507 2168 705 2240 manus
732 2181 1119 2238 animadvertit
1143 2159 1479 2249 ciCatricem,
1509 2194 1673 2250 quam
1707 2180 1804 2236 ha-

205 2278 463 2364 bebatex}
488 2262 723 2336 vulnere
750 2276 803 2332 in
837 2277 1111 2364 Parnasso
1155 2276 1431 2347 quondam
1471 2275 1589 2332 suis
1636 2264 1802 2333 dente

204 2360 515 2443 percussus.
576 2374 696 2442 Quo
746 2352 1075 2444 argumento.
1125 2369 1407 2426 alumnum
1456 2385 1616 2428 suum
1677 2354 1802 2426 esse

205 2468 464 2538 agnoscit,
495 2469 594 2526 sed
618 2452 686 2523 ab
715 2443 932 2537 eodem,
957 2479 1026 2545 ne
1053 2462 1186 2543 quid
1226 2463 1372 2520 ultra
1413 2464 1504 2521 vel
1549 2443 1757 2535 quaerat
1780 2504 1798 2533 ,

205 2559 289 2645 vel.
316 2563 541 2653 garriat,
572 2548 882 2620 coercetur.
1008 2548 1013 2553 ’

614 2698 874 2757 Periocha
896 2698 989 2754 lib.
1017 2714 1087 2754 xx
1113 2697 1378 2777 Odyssea.

323 2818 531 2885 Jamque
556 2832 733 2886 procos
746 2831 909 2884 genua
932 2818 1238 2906 amplectens
1253 2816 1427 2869 orabat
1448 2816 1670 2882 Ulysses.

275 2920 640 2999 Epulantibus
681 2924 861 2997 procis
898 2921 1199 2993 Eresippus
1256 2923 1310 2977 in
1370 2920 1624 2995 Ulyssem
1674 2937 1803 2982 crus

206 3015 463 3104 bubulum
490 3021 646 3093 jacit,
675 3019 775 3076 sed
795 3018 1165 3104 destinatione
1196 3032 1305 3073 non
1349 3019 1579 3090 potitur.
1618 3018 1804 3075 Theo-

205 3110 484 3184 clymenus
513 3126 694 3172 autem
720 3098 863 3187 apud
905 3098 1264 3183 Ithacenses,
1317 3111 1672 3183 divinationis
1711 3129 1806 3170 ex-

205 3214 424 3277 pertus,
455 3210 748 3265 imminens
786 3202 966 3279 procis
1002 3206 1332 3262 vaticinatur
1367 3206 1614 3262 exitium.
1647 3204 1796 3275 Quo-

203 3406 361 3462 quam
390 3396 634 3453 furiosus
658 3396 985 3473 excluditur.

604 3532 857 3589 Periocha
888 3534 978 3588 lib.
1012 3549 1102 3587 xxx
1132 3533 1395 3606 Odyssea.

324 3652 421 3704 Hic
444 3656 664 3704 mentem
685 3650 824 3701 dedit
846 3649 1019 3700 Icariae
1036 3648 1257 3725 Tritonia
1280 3649 1459 3700 Pallas.

272 3754 501 3830 Ulysses
525 3754 746 3814 Eumao
767 3762 822 3811 et
845 3752 1116 3820 Philae-tio,
1135 3750 1259 3807 ﬁdei
1274 3766 1465 3808 eorum
1485 3751 1798 3808 industria-

204 3862 307 3923 que
364 3852 640 3917 c0ullsus,
697 3849 786 3931 qui
822 3832 901 3907 sit.
935 3836 1165 3902 revelat.
1205 3834 1275 3927 Et
1315 3853 1606 3931 postquam
1655 3843 1797 3903 facta

205 3943 447 4013 cognitio
474 3954 578 4011 est,
609 3928 815 4023 caedem
855 3954 1148 4017 procorum
1184 3924 1283 4008 pro
1318 3924 1566 4007 lentpore
1604 3936 1797 3992 instrui

207 4033 400 4103 placet.
426 4038 573 4110 Quos
590 4016 808 4119 Ulysses
826 4041 944 4090 astu
972 4016 1305 4104 aggreditur,
1344 4039 1402 4086 ut
1445 4029 1632 4101 ipsum,
1664 4045 1800 4101 quo-

206 4142 308 4197 Que
345 4114 678 4189 intendenda
700 4118 896 4205 arcum
943 4126 1088 4183 vires
1127 4114 1328 4182 seniles
1366 4122 1656 4195 explorare
1703 4138 1800 4194 pa-

205 4220 425 4297 tiantur,
461 4241 623 4298 quem
655 4212 755 4280 uni'
778 4212 1051 4297 quondam
1073 4218 1259 4291 Ulyssi
1297 4216 1541 4285 facilem,
1585 4215 1634 4271 si
1677 4212 1798 4286 q'uis

206 4316 534 4391 intenderet,
567 4320 857 4378 habiturus
878 4324 1025 4397 esset
1052 4314 1359 4388 pratnium,
1380 4313 1469 4383 jus
1494 4309 1798 4381 Penelopes

205 4413 534 4481 nuptiarum.
569 4413 677 4471 Sed
701 4408 1122 4491 prohibentibus
1152 4404 1334 4491 procis
1357 4419 1427 4461 ne
1450 4403 1500 4460 id
1531 4402 1798 4460 ridiculus

204 4510 260 4556 et
287 4508 573 4565 mendicus
602 4506 865 4583 auderet,
895 4486 1039 4574 quod
1061 4486 1263 4557 frustra
1285 4498 1550 4569 juventus
1580 4505 1689 4553 tam
1717 4497 1796 4555 le-

204 4602 287 4649 cta
311 4607 598 4669 tentasset,
625 4599 715 4673 dat
736 4584 1095 4655 Telemachus
1119 4592 1301 4664 Ulyssi
1318 4588 1534 4647 caeteris
1548 4590 1792 4647 abnuen-

207 4684 347 4746 tibus
368 4692 686 4765 experiendi
712 4676 1061 4762 potestatem.
1100 4687 1168 4742 Et
1198 4685 1325 4742 hinc
1345 4683 1589 4740 nascitur
1616 4683 1796 4740 admi-

206 4782 343 4838 ratio
392 4789 565 4857 prima
619 4784 876 4865 virtutis,
932 4780 1206 4838 dedecore
1263 4793 1363 4835 suo
1406 4778 1620 4835 caeteris
1674 4794 1800 4835 cru-

206 4869 576 4948 bescentibus,
613 4893 842 4959 quorum
871 4876 1138 4948 ignaviam
1182 4889 1352 4931 senex
1391 4873 1674 4931 mendicus
1708 4889 1798 4930 ar-

207 4970 402 5033 guerit.
892 4964 897 4969 ’

532 5059 544 5067 ’
575 5066 833 5123 Periocha
861 5064 957 5121 lib.
988 5080 1100 5120 XXﬂ
1136 5063 1402 5136 Odyssea.

324 5181 624 5247 Squaleutes
642 5187 864 5238 humeris
884 5184 1079 5236 habitus
1096 5184 1271 5247 rejecit
1293 5182 1516 5247 Ulysses.

279 5283 499 5363 Ulysscs
518 5294 637 5351 loco
663 5293 925 5351 ulteriore
945 5298 1104 5367 capto
1131 5288 1368 5347 intendit
1386 5300 1593 5354 arcum,
1617 5266 1795 5357 omni;

1826 3252 1874 3317 C

204 3312 321 3355 rum
354 3304 525 3359 multa
554 3302 899 3365 cavillatione
919 3300 1157 3371 derisus,
1179 3314 1367 3357 mensa
1388 3309 1443 3356 ct
1469 3299 1633 3371 domo
1656 3309 1797 3361 tam-
1828 3299 1839 3329 δ

1903 548 2198 619 plerosque
2224 548 2353 604 vino
2393 546 2634 618 saucios,
2658 553 2756 600 aut
2802 528 3051 600 novitate
3099 539 3181 597 rei
3228 535 3500 608 stupidos,

1900 651 1996 707 aut
2016 641 2284 717 quidlibet
2304 641 2451 697 aliud
2470 642 2804 698 meditantes
2831 637 3074 694 coniicit.
3091 634 3228 692 Cum
3259 632 3498 705 primum

1901 737 2142 794 omnium
2172 736 2487 793 coulixisset
2501 736 2825 803 Antinoum,
2856 732 2945 804 qui
2973 729 3222 796 audacia,
3251 735 3307 784 et
3332 736 3504 797 petu-

1901 830 2072 903 lantia
2110 838 2341 901 calores
2362 837 2738 902 superaverat,
2762 827 3022 882 Eumatus
3043 834 3096 880 et
3115 819 3500 889 Telemachus,

1900 933 1953 979 et
1980 920 2259 978 Philmtius
2279 922 2510 992 sumptis
2532 930 2589 977 et
2608 920 2711 991 ipsi
2733 919 2901 975 armis
2923 916 3142 990 egregia
3164 915 3220 971 in
3247 919 3498 970 conster-

1900 1025 2063 1074 natos
2107 1014 2256 1087 caede
2292 1022 2638 1086 grassantur.
2687 1013 2915 1087 Jamque
2950 1009 3205 1067 omnibus
3242 1008 3504 1075 interem-

1903 1114 2033 1191 ptis,
2055 1111 2269 1166 duobus
2290 1107 2671 1181 tantummodo
2697 1106 2957 1178 parcitur,
2984 1103 3213 1160 Phemio
3240 1100 3501 1158 citharoe-

1901 1198 1995 1273 do,
2033 1203 2125 1275 qui
2165 1199 2457 1258 ministerii
2502 1213 2666 1258 causa
2709 1195 3008 1265 adhibitus,
3039 1193 3399 1250 nihilominus
3443 1192 3498 1245 in

1902 1303 2114 1375 Ulyssis
2141 1300 2326 1369 domo,
2358 1298 2504 1371 quod
2536 1295 2993 1353 contumeliosum
3016 1300 3183 1357 esset,
3214 1288 3499 1345 ediderat:

1902 1405 1958 1479 et
1984 1388 2256 1477 hledonte,
2286 1390 2378 1473 uni
2409 1390 2562 1462 cujus
2600 1387 2887 1446 modestia:
2928 1385 3094 1465 etiam
3137 1380 3497 1437 Telemachus

1903 1471 2325 1558 suﬂragabatur,
2374 1493 2430 1541 et
2471 1483 2562 1554 qui
2616 1496 2742 1537 cum
2790 1477 3128 1563 Telemacho
3165 1481 3342 1546 erant.
3392 1471 3504 1529 Me-

1903 1581 2173 1637 lanthium
2214 1578 2540 1665 famulorum
2580 1568 2797 1648 UlySSis
2833 1585 3039 1665 unum,
3080 1567 3173 1659 qui
3209 1579 3501 1639 procorum

1904 1660 2240 1747 proterviam
2284 1656 2503 1742 semper
2550 1675 2883 1734 armaverat,
2931 1652 3307 1743 cruciabiliter
3355 1656 3504 1715 occi-

1905 1768 2061 1849 dunt.
2099 1765 2317 1822 Pucllas
2349 1763 2477 1819 inde
2505 1761 2792 1818 duodecim
2825 1772 2948 1830 qua:
2974 1770 3096 1837 cum
3132 1753 3313 1837 procis
3340 1749 3503 1835 llagi-

1831 1838 2045 1919 Btiose
2095 1865 2527 1926 consueverant,
2585 1854 2882 1927 suspendio
2934 1828 3230 1923 perimunt.
3277 1828 3503 1918 Ulysses

1908 1954 2059 2039 caede
2087 1951 2155 2011 ad
2184 1953 2402 2025 plenum
2435 1956 2766 2022 perpetrata,
2800 1945 2982 2016 ignem
3014 1942 3220 2039 adolet,
3252 1939 3504 2022 incenso-

1906 2014 2247 2123 quc‘sulfure
2269 2014 2492 2104 domum
2522 2014 2737 2117 piaculo
2760 2014 2973 2114 purgat.
3035 2014 3059 2041 ”

2267 2181 2524 2237 Periocha
2562 2179 2654 2235 lib.
2679 2192 2821 2234 χχιιι
2873 2174 3141 2246 Odyssea.

2032 2296 2352 2350 Chalcidicum
2370 2306 2547 2360 gressu
2563 2293 2727 2343 nutrix
2746 2289 3014 2354 superabat
3030 2285 3165 2338 anili.

1977 2425 2229 2499 Euryclia
2263 2421 2451 2487 nutrix
2490 2426 2660 2492 gestae
2704 2417 2791 2474 rei
2836 2414 3026 2472 nuntia
3065 2410 3399 2482 Penelopem
3437 2407 3507 2467 de

1904 2498 2105 2576 somno
2129 2506 2354 2574 excitat.
2375 2514 2507 2583 Quae
2531 2510 2912 2569 advenientem
2931 2506 2999 2563 ad
3022 2520 3082 2562 sc
3109 2498 3364 2560 maritum
3396 2515 3506 2557 non

1905 2598 2115 2670 temere
2145 2598 2324 2681 ipsum
2345 2621 2469 2678 esse
2483 2602 2778 2678 persuadet
2801 2619 2815 2656 :
2840 2598 3073 2681 quadam
3104 2593 3498 2665 cubiculilege,

1904 2713 1961 2764 et
1997 2672 2227 2778 genialis
2257 2672 2444 2760 lectuli
2473 2672 2678 2773 positu,
2707 2696 2810 2753 sibi
2854 2672 3073 2751 tantum.
3095 2700 3152 2748 et
3180 2688 3366 2762 Ulyssi
3406 2700 3503 2744 co-

1904 2801 2080 2874 gnito,
2108 2814 2178 2856 an
2210 2791 2325 2868 ipse
2346 2796 2419 2863 sit
2447 2792 2696 2861 maritus,
2721 2789 2989 2863 explorat.
3021 2786 3083 2863 In
3106 2784 3311 2859 coitum
3343 2778 3500 2838 dein-

1906 2894 1976 2952 de
2031 2890 2386 2956 conveniunt,
2418 2896 2695 2957 totamque
2740 2892 2957 2939 noctem
3005 2886 3196 2936 mutuo
3243 2889 3502 2932 sermone

1911 2970 2267 3053 consumunt,
2297 2994 2353 3041 et
2389 2983 2514 3038 hinc
2542 2979 2760 3052 quidem
2791 2978 3016 3048 elegans
3040 2964 3507 3057 replicatio'labo-

1908 3094 2050 3157 rum,
2085 3092 2221 3153 quos
2252 3076 2477 3157 Ulysses
2501 3074 2744 3149 pertulit,
2776 3074 2915 3130 mira
2943 3068 3363 3129 concinnatione
3387 3064 3506 3122 col-

1910 3156 2130 3250 ligiiur.‘
2333 3160 2345 3173 ’
3092 3152 3115 3167 ”
3462 3150 3469 3165 ’

1994 3262 2000 3271 “
2074 3260 2079 3273 ’
2290 3273 2549 3330 Periocha
2570 3271 2662 3328 lib.
2694 3285 2818 3327 xxtv
2849 3268 3113 3343 Odyssea.

2026 3393 2313 3446 Tartaream
2335 3395 2475 3443 vocat
2499 3389 2548 3439 in
2570 3387 2743 3438 sedem
2761 3383 3010 3451 Cyllenius
3033 3380 3252 3433 umbras.

1900 3526 1933 3585 Ei
1973 3525 2272 3581 Procorum
2314 3519 2527 3576 animas
2550 3515 2757 3574 recenti
2786 3523 2842 3589 et
2884 3511 3162 3570 communi
3188 3507 3339 3566 caede
3369 3521 3503 3564 con-

1900 3628 2084 3689 gestas
2127 3616 2455 3673 catervatim
2496 3610 2804 3669 Mercurius
2830 3598 2898 3664 ad
2944 3592 3158 3664 inferna
3198 3590 3501 3675 compellit.

1901 3712 2057 3767 Tunc
2083 3700 2228 3764 circa
2272 3709 2745 3779 Agamemnonem
2789 3716 2981 3758 manes
3013 3698 3218 3756 heroici
3269 3708 3504 3767 congre-

1900 3794 2118 3875 gantur.
2146 3800 2435 3869 Miratique
2456 3799 2723 3855 lectorum
2757 3796 3020 3865 juvenum
3049 3807 3295 3863 gregem,
3324 3787 3510 3844 densi-

1902 3904 2181 3964 tatemque
2206 3906 2318 3947 uno
2340 3890 2557 3961 agmine
2583 3894 2948 3963 commeante,
2982 3897 3177 3939 causas
3204 3880 3510 3937 itincratio-

1901 3979 1987 4044 nis
2033 3962 2330 4054 accipiunt.
2381 3980 2521 4036 Tum
2574 3977 2718 4050 apud
2786 3970 2991 4031 inferos
3053 3962 3270 4045 quoque
3331 3974 3507 4025 virtus

1900 4069 2144 4153 Ulyssis,
2195 4084 2252 4129 et
2307 4070 2617 4142 Penelopes
2703 4066 2967 4138 pudicitia
3017 4063 3386 4157 praedicantur
3435 4060 3505 4157 ab

1887 4152 2308 4243 'Agamemnonc
2340 4180 2454 4238 prae
2477 4163 2717 4231 caeteris,
2746 4160 2834 4216 cui
2859 4158 3045 4230 dispar
3067 4152 3332 4212 luerat‘in
3356 4152 3505 4209 utra-

1899 4280 2005 4340 que
2048 4263 2285 4320 fortuna.
2334 4256 2557 4345 Ulysses
2593 4256 2661 4312 ad
2703 4255 2962 4311 Laertem
2994 4259 3205 4322 patrem
3230 4247 3283 4303 in
3310 4260 3503 4317 agrum

1899 4350 2203 4432 prolectus,
2232 4352 2517 4427 inopinato
2543 4361 2599 4409 et
2637 4350 2843 4418 reditu,
2879 4356 2937 4402 et
2988 4359 3171 4402 rerum
3220 4351 3503 4415 gestarum

1898 4428 2074 4512 relatu
2119 4450 2301 4509 aﬂ‘ecit
2343 4463 2557 4511 senem.
2591 4445 2827 4521 afﬁcitur
2866 4441 2935 4496 ab
2982 4456 3051 4497 eo
3088 4428 3337 4511 cognitu,
3368 4448 3505 4506 quas

1899 4543 2235 4615 exantlasset
2272 4542 2568 4599 aerumnas.
2605 4524 2853 4595 Subinde
2890 4544 2945 4592 et
2986 4534 3173 4605 'patres
3213 4540 3505 4603 procorum

1823 4646 1878 4707 D
1904 4654 2067 4700 neces
2097 4640 2357 4711 juvenum
2394 4641 2692 4708 properant
2712 4633 2884 4688 ultum
2932 4632 3036 4698 ire,
3075 4628 3417 4698 consilioque
3453 4632 3510 4681 et

1901 4733 1954 4790 vi
1982 4726 2491 4788 communicationis
2514 4735 2641 4783 ante
2662 4724 3040 4797 exspectatum
3070 4714 3205 4794 agro
3226 4708 3495 4793 superveo‘

1902 4826 2078 4882 niunt.
2110 4824 2218 4882 Sed
2260 4837 2356 4879 eos
2382 4821 2493 4893 jam
2516 4818 2832 4875 comitatior
2854 4817 3079 4891 Ulysses
3102 4813 3304 4879 fundit,
3336 4812 3504 4881 iugat-

1901 4933 2031 4991 que.
2070 4916 2269 4973 Verum
2308 4912 2665 4986 gliscentibus
2706 4902 2869 4978 odiis,
2898 4916 2954 4989 et
2978 4909 3189 4979 majore
3206 4903 3504 4968 ‘seditionc,

1902 5019 1958 5068 et
1978 5004 2220 5066 tumultu
2264 5014 2532 5078 spectato,
2557 5020 2623 5062 ex
2670 5005 2942 5061 sententia
2983 5001 3131 5059 Jovis
3163 4999 3219 5053 in
3260 4996 3501 5052 Ithacam

1905 5101 2148 5159 Minerva
2198 5092 2480 5157 desecndit
2525 5115 2543 5157 :
2590 5106 2647 5154 et
2688 5096 2977 5173 conciliata
3042 5093 3299 5160 utrinque
3345 5100 3505 5157 pace,

1904 5194 2083 5249 studia
2113 5201 2170 5249 et
2190 5202 2371 5249 motus
2395 5191 2655 5264 partium,
2679 5172 2866 5248 rerum
2898 5192 3174 5260 gestarum
3204 5178 3506 5235 abolitione

1904 5274 2206 5359 componit.
2346 5267 2431 5359 __
3036 5268 3065 5283 W
3162 5280 3163 5283 “
3220 5270 3225 5279 ’
