4142 6306
716 332 780 386 19
1692 309 2029 369 EUSEBIUS
2049 374 2056 380 _
2074 303 2553 364 CASSARIENSIS
2605 302 2997 360 EPISCOPUS.
3753 332 3758 338 .
3863 306 3926 362 ρο

713 458 927 506 servatt.
967 432 1259 508 illustrata,
1291 451 1338 496 et
1367 456 1430 495 ex
1466 447 1615 509 parte
1647 453 1783 491 nunc
1813 435 2041 504 primum
2075 426 2280 482 auctori
2308 431 2354 486 Α
2381 438 2490 493 quo
2521 421 2717 478 Suidas
2743 462 2757 484 ,
2810 421 3080 492 praecipue
3134 433 3163 472 a
3223 416 3502 487 Scaligero
3539 416 3631 488 (ab
3663 417 3781 474 aliis
3815 435 3928 476 vero

714 559 804 594 ’1ιο
834 539 1118 594 vindicata.
1153 565 1221 575 —-
1263 534 1423 589 Bern.
1462 529 1806 584 Montfaucon
1839 525 1895 578 in
1921 522 2062 577 Bibl.
2090 518 2280 572 biblio-

713 631 908 686 thecar.
934 645 1086 690 mss.,
1113 627 1220 680 vol.
1249 622 1289 687 I,
1323 640 1374 693 p.
1416 618 1671 680 146-155,
1703 617 1884 671 varias
1913 612 2061 667 dedit
2092 607 2278 663 lectio-

713 737 810 776 nes
838 720 904 774 ad
927 718 1218 775 Chronicon
1250 714 1483 779 Eusebii,
1513 713 1570 766 S.
1601 710 1926 777 Hieronymo
1952 705 2242 771 interprete
2261 740 2276 765 ,

710 831 774 869 ex
806 821 1040 884 quatuor
1064 825 1198 865 mss.
1239 809 1370 862 bibl.
1395 806 1691 866 Vaticanaa,
1718 799 1921 856 notatis
1949 796 2046 851 241
2074 836 2088 860 ,
2132 793 2238 847 212
2260 832 2274 857 ,

709 905 833 968 $45,
859 904 951 974 qui
983 912 1111 958 sunt
1133 916 1230 955 xm
1259 907 1313 955 et
1335 913 1426 953 xtv
1457 896 1662 962 saeculi,
1689 905 1741 948 et
1763 890 1945 947 collati
1975 903 2100 942 cum
2143 884 2273 940 edit.

711 996 970 1068 Scaligeri
1010 993 1260 1064 Lugduni
1309 989 1495 1045 Batav.
1541 1004 1570 1042 a
1598 985 1825 1042 Claudio
1877 979 2274 1052 Stephanotio,

706 1087 1143 1158 congregationis
1168 1084 1224 1139 S.
1259 1082 1432 1136 Mauri
1455 1084 1809 1150 procuratore
1838 1073 2100 1145 generali.
2131 1071 2271 1124 Con-

707 1186 790 1233 tra
815 1177 1073 1248 Scaliger.
1105 1188 1158 1231 et
1185 1175 1380 1229 Baron.
1433 1174 1611 1226 locum
1658 1169 1724 1223 de
1755 1166 1928 1220 Pilato
1960 1171 2016 1220 et
2046 1161 2277 1218 Caesaris

706 1272 1036 1340 imaginibus
1093 1269 1312 1324 uberius
1372 1267 1608 1320 illustrat
1659 1261 1913 1314 Lambec.
1957 1257 2159 1312 Comm.
2213 1254 2278 1309 de

707 1363 835 1418 bibl.
879 1362 1042 1430 Cas,
1072 1370 1204 1418 tom.
1236 1360 1371 1427 VIII,
1402 1377 1458 1432 p.
1512 1359 1581 1413 57
1615 1373 1735 1428 sqq.
1765 1394 1781 1420 ,
1830 1363 1883 1410 et
1914 1370 1966 1425 p.
1997 1353 2100 1408 397
2151 1367 2272 1421 sqq.

702 1457 885 1512 locum
932 1456 998 1511 de
1047 1454 1236 1510 Maria.
1276 1454 1521 1524 Denique
1577 1448 1931 1509 memoranda
1975 1452 2059 1500 est
2107 1443 2275 1500 editio

703 1545 868 1617 hujus
891 1547 1172 1603 sententiae
1197 1564 1210 1599 ε

781 1660 1086 1715 Vetustiora
1134 1657 1445 1712 Latinorum
1506 1655 1822 1724 scriptorum
1869 1650 2162 1714 Chronica,
2203 1647 2272 1703 ad

700 1770 830 1810 mss.
880 1756 1034 1809 codd.
1073 1754 1351 1808 emendata
1398 1765 1446 1806 et
1498 1767 1613 1822 cum
1641 1747 2069 1819 castigatioribus
2118 1741 2269 1798 editt.
2303 1774 2345 1829 Β

700 1844 918 1909 collata,
955 1846 1190 1915 notisque
1216 1843 1508 1906 illustrata,
1540 1842 1591 1892 in
1618 1855 1778 1893 unum
1807 1854 1994 1906 corpus
2029 1834 2269 1898 collecta,

697 1941 970 2010 praemisso
1001 1936 1214 1994 Eusebii
1234 1934 1492 1990 Chronico
1525 1950 1557 1986 a
1595 1930 1657 1984 ιι.
1695 1928 2014 1999 Hieronymo
2040 1942 2067 1979 e
2089 1923 2272 1980 Grarco

697 2050 846 2088 verso
886 2039 934 2085 et
976 2030 1157 2085 multis
1199 2037 1373 2084 aucto.
1409 2023 1631 2099 Collegit
1680 2022 1749 2076 Β.
1790 2020 2012 2075 Thomas
2047 2016 2274 2071 Roncal-

696 2125 823 2189 tius,
853 2121 1141 2177 monachus
1175 2119 1482 2179 Cassinens.
1537 2115 1750 2170 Patavii
1789 2113 1946 2178 1787,
1979 2113 2030 2166 4-.
2064 2109 2107 2164 II
2139 2109 2267 2165 voll.

695 2215 940 2275 Contulit
979 2213 1043 2268 [ἰ.
1074 2229 1198 2268 cum
1222 2212 1306 2267 ed.
1340 2210 1580 2273 Ratdolt,
1609 2209 1748 2263 148⁸5
1764 2215 1818 2264 et
1849 2221 1971 2264 cum
2001 2200 2271 2259 Gennadii

695 2309 821 2364 cod.
853 2323 958 2363 ms.
993 2305 1170 2374 Yatic.
1207 2305 1363 2360 Alex.
1394 2320 1448 2358 n.
1476 2303 1637 2358 ‘2077.

765 2419 935 2477 Codd.
973 2434 1104 2475 mss.
1131 2416 1425 2481 Pontacus,
1451 2415 1652 2487 quibus
1677 2427 1810 2467 usus
1837 2418 1941 2474 est,
1967 2410 2106 2465 bene
2130 2410 2270 2465 mul-

693 2523 781 2570 tos
809 2521 1058 2569 recenset
1109 2512 1166 2566 in
1207 2510 1482 2580 Apparatu
1533 2521 1633 2562 suo
1671 2503 2000 2558 :Vaticanos
2026 2503 2270 2572 aliosque

691 2612 976 2662 enumerat
1029 2602 1377 2659 Montfaucon
1437 2601 1493 2655 in
1554 2598 1698 2653 Bibl.
1757 2595 1864 2652 Sed
1916 2595 1968 2650 hi
2028 2602 2083 2649 et
2137 2595 2266 2648 reti-

672 2697 788 2768 .qui
843 2695 1120 2765 pertinent
1163 2692 1342 2762 potius
1389 2689 1458 2743 ad
1492 2687 1899 2759 Hieronymum.
1935 2682 2178 2738 Florent.
2207 2684 2265 2737 in

690 2785 822 2841 bibl.
849 2783 1010 2837 Laur.
1035 2781 1176 2839 Med.
1199 2780 1323 2861 cod'.
1354 2792 1538 2834 xxxvn
1558 2816 1573 2842 ,
1618 2793 1673 2831 n.
1704 2776 1775 2831 25
1799 2814 1814 2838 .
1847 2774 1997 2844 plut.
2029 2773 2092 2828 31
2119 2812 2135 2836 ,
2181 2779 2268 2827 est

691 2875 912 2933 Eusebii
936 2871 1185 2942 Epitome
1204 2871 1486 2935 chronica,
1505 2869 1597 2925 ubi
1622 2878 1676 2924 et
1696 2869 1764 2922 de
1794 2865 1851 2921 S.
1883 2864 2170 2925 Paschate.
2194 2894 2265 2906 --

689 2962 752 3018 ln
786 2962 909 3018 cod.
951 2976 1072 3028 xm,
1114 2977 1172 3014 n.
1207 2959 1334 3025 6—8,
1378 2959 1452 3028 pl.
1494 2957 1595 3024 5‘3,
1633 2963 1851 3012 exstant
1877 2955 1980 3011 tria
2009 2963 2265 3026 excerpta

691 3071 757 3110 ex
791 3053 1011 3109 Eusebii
1031 3050 1341 3106 Chronicis.
1370 3049 1436 3104 V.
1472 3048 1727 3114 Bandin.,
1762 3047 1880 3106 Cat.
1911 3046 2069 3104 codd.
2093 3045 2186 3101 Gr.
2216 3045 2260 3113 I,

689 3162 816 3217 pag,
850 3145 953 3200 ns
976 3151 1030 3200 et
1052 3144 1176 3199 sos.
1200 3175 1272 3186 -
1293 3142 1353 3198 P.
1389 3141 1432 3198 1.
1464 3141 1640 3198 Bruns
1669 3156 1733 3197 ex
1764 3140 1887 3195 cod.
1917 3139 2124 3195 Bodlei.
2175 3139 2264 3196 de-
2287 3125 2330 3182 ϐ

689 3238 771 3291 dit
797 3237 1102 3294 versionem
1127 3235 1366 3308 Syriaca:
1378 3232 1658 3305 Epitomes
1670 3231 1960 3288 Eusebiani
1989 3231 2256 3295 Chronici,

691 3330 744 3383 in
777 3327 1044 3398 Repertor.
1082 3328 1168 3398 fur
1201 3326 1449 3382 biblische
1479 3343 1528 3380 υ.
1565 3323 2056 3396 morgenlandische
2095 3324 2260 3378 Litte-

690 3428 863 3473 ratur.
898 3427 1036 3487 part.
1071 3433 1148 3470 xl.
1183 3415 1378 3486 Lipsiae
1406 3414 1720 3480 i782,Mai.
1745 3415 1891 3486 8(a).
1934 3413 2108 3470 Hanc.
2161 3445 2165 3449 -
2239 3425 2242 3462 1

761 3551 1130 3623 Repreliendit
1159 3551 1424 3606 Eusebius
1463 3551 1589 3604 hinc
1622 3552 1746 3604 inde
1779 3550 2115 3617 Africanum,
2144 3551 2259 3621 ipse

687 3645 933 3699 Vicissim
983 3643 1343 3715 reprehensus
1392 3652 1473 3696 est
1524 3643 1592 3694 ab
1633 3641 1876 3706 Aniano,
1930 3643 2254 3708 Panodoro,

687 3736 922 3807 Georgio
957 3734 1207 3808 Syncello
1238 3742 1290 3789 et
1335 3735 1485 3798 aliis,
1530 3734 1801 3786 interdum
1844 3734 2006 3788 etiam
2035 3736 2126 3790 ubi
2153 3737 2257 3805 ipsi

687 3837 839 3889 erant
872 3827 1301 3899 reprehendendi
1329 3847 1343 3882 :
1376 3825 1612 3880 Diodoro
1663 3826 1824 3880 etiam
1858 3823 2145 3892 Tarsensi,
2188 3829 2256 3884 de

759 4007 838 4075 (a)
877 4005 1168 4061 Eusebiani
1197 4005 1445 4060 Chronici
1486 4006 1754 4074 duplicem
1784 4007 2074 4061 editionem
2105 4007 2253 4063 dedit

687 4078 840 4130 card.
873 4078 1079 4146 Angelo
1105 4077 1228 4129 Mai.
1281 4076 1474 4139 Priori,
1513 4093 1632 4143 quae
1688 4075 1971 4130 Mediolani
2019 4079 2250 4146 prodiit.

688 4163 832 4215 anno
865 4148 1024 4213 1818,
1050 4148 1241 4200 titulus
1267 4147 1351 4199 llic
1384 4147 1673 4216 pratligilur
1700 4167 1710 4199 :
1753 4146 1964 4201 Eusebii
1989 4146 2253 4217 Pamphili

686 4217 1065 4273 Chronicorum
1093 4217 1365 4272 Canonum
1395 4218 1514 4270 libri
1557 4217 1659 4270 duo
1678 4258 1691 4278 ,
1741 4234 1867 4285 opus
1915 4233 1978 4271 ea:
2007 4217 2251 4271 Haicano

685 4288 861 4342 codice
899 4307 931 4342 a
961 4289 1183 4342 Doctore
1209 4286 1414 4342 Joanne
1441 4286 1701 4354 Zohrabo,
1718 4289 1922 4357 collegii
1956 4291 2252 4343 Armeniaci

697 4357 1029 4413 Venetiarum
1061 4361 1304 4419 alumno,
1345 4359 1614 4427 diligenter
1645 4375 1946 4427 expressum
1992 4368 2039 4412 et
2095 4363 2253 4413 casti-

682 4439 887 4498 gatum,
931 4431 1159 4500 Angelus
1212 4428 1390 4481 Maius
1439 4438 1488 4500 et
1529 4429 1758 4500 Joannes
1799 4428 2074 4484 Zohrabus
2113 4447 2249 4484 nunc

683 4500 912 4566 primunt
941 4498 1232 4568 conjunctis
1265 4501 1406 4554 curis
1437 4498 1726 4553 Latinitate
1775 4501 2026 4554 donatum
2084 4503 2236 4554 notis-

681 4585 780 4640 que
810 4570 1158 4630 illustratum,
1195 4570 1390 4622 additis
1441 4569 1635 4624 Crwcis
1667 4571 1925 4640 reliquiis.
1954 4571 2246 4627 ediderunt.

619 4656 628 4658 ν
685 4639 997 4706 Mediolani,
1028 4642 1184 4710 regiis
1228 4642 1380 4710 typis.
1431 4640 1614 4695 Eidem
1643 4639 1902 4694 volumini
1934 4641 2110 4695 inest:
2149 4641 2252 4699 Sa-

682 4713 867 4764 muelis
902 4711 1193 4782 presbyteri
1215 4712 1452 4782 Aniensis
1495 4721 1780 4778 temporum
1812 4726 1972 4780 usque
2001 4711 2068 4763 ad
2097 4728 2248 4766 suam

682 4781 1079 4850 wtatem'ratio.
1106 4785 1166 4835 In
1200 4782 1304 4834 fine
1352 4781 1583 4850 legitur:
1616 4782 1894 4850 Explicita'
1927 4791 2049 4834 sunt
2097 4783 2252 4836 celeri

681 4849 966 4906 admodum
992 4853 1247 4904 editorum
1301 4849 1515 4923 labore,
1559 4849 1882 4923 efﬂagitante
1925 4853 2249 4906 eruditorum

681 4924 915 4976 ontnium
967 4933 1105 4985 voto,
1143 4923 1222 4974 ha:
1267 4922 1513 4990 perutiles
1538 4922 1824 4991 temporum
1851 4922 2106 4976 doctrinm
2134 4923 2246 4976 Eu-

681 4991 810 5044 sebii
842 4991 1185 5046 Ca’sariensis
1218 5001 1266 5044 et
1317 4992 1579 5046 Samuelis
1623 4994 1863 5046 Aniensis
1911 4995 1964 5046 in
2001 4993 2143 5046 alma
2198 5003 2248 5047 et

683 5060 1067 5132 litteratissima
1095 5062 1581 5132 urbelllea'iolano,
1631 5080 1767 5116 anno
1796 5073 1911 5132 post
1963 5063 2246 5131 beneﬁcum

682 5130 880 5185 Christi
918 5133 1191 5187 adventum
1219 5131 1296 5186 Μ.
1331 5132 1397 5186 D.
1423 5131 1575 5189 CCC.
1610 5130 1834 5187 XVIII.
1863 5130 2100 5188 Lectores
2127 5135 2248 5188 boni

681 5203 867 5266 favete.
930 5202 1082 5259 Hanc
1125 5203 1452 5270 editionem,
1492 5206 1885 5273 posterioribus
1916 5205 2063 5260 curis
2093 5221 2247 5259 reco-

680 5275 906 5340 gnitam,
939 5275 1082 5343 typis
1109 5274 1303 5330 iterum
1338 5275 1613 5328 mandavit
1653 5275 1802 5328 card.
1831 5274 1954 5340 Mai,
1990 5275 2042 5328 in
2092 5275 2243 5329 Scri-

679 5351 888 5414 ptorum
928 5356 1155 5402 veterum
1186 5363 1326 5414 nova
1353 5343 1668 5400 Collectione
1699 5361 1726 5398 e
1758 5345 2022 5399 Vaticanis
2051 5347 2244 5399 codici-

682 5413 776 5464 bus
805 5415 966 5478 edita,
997 5423 1129 5469 tom.
1183 5413 1317 5470 VIII.
1351 5414 1533 5470 Ilonnc
1565 5417 1633 5470 Μ.
1671 5416 1733 5470 D.
1780 5416 1929 5471 CCC.
1985 5416 2239 5480 XXXIII,

681 5481 846 5556 iri-4‘.
879 5483 1070 5540 Versio
1100 5484 1440 5551 Armeniaca,
1479 5487 1532 5539 in
1567 5503 1673 5556 qua
1696 5503 1806 5540 non
1831 5487 1992 5542 modo
2025 5495 2243 5542 senten~

679 5554 766 5606 tia:
799 5557 1103 5626 sententiis,
1135 5572 1319 5610 verum
1347 5554 1646 5626 saepissime
1675 5561 1836 5612 etiam
1875 5558 2035 5612 verba
2062 5559 2241 5614 verbis

679 5625 922 5693 apprime
946 5626 1295 5693 respondent,
1326 5625 1524 5682 saeculo
1543 5627 1799 5683 Ecclesiae
1828 5645 1860 5682 v
1889 5629 2237 5692 concinnata,

679 5703 964 5768 utramque
996 5697 1216 5752 exhibet
1244 5694 1493 5752 Chronici
1520 5707 1728 5768 partem
1754 5739 1769 5762 ,
1821 5700 2006 5754 ultima
2062 5700 2236 5755 solum

677 5763 893 5840 prioris
913 5768 1085 5845 partis
1123 5768 1364 5827 sectione
1395 5763 1642 5847 excepta.
1675 5768 1888 5846 Optime
1916 5769 2062 5828 edita
2094 5777 2177 5828 est
2206 5783 2235 5827 a
2269 5849 2274 5856 _

2379 515 2620 570 vicissim
2661 512 2893 582 notato),
2915 522 2968 568 et
2997 512 3120 566 aliis
3151 511 3500 581 chronologis
3533 511 3927 569 recentioribus.

2669 619 2875 659 EUSEBII
2917 619 3267 658 PREPABATIO
3304 617 3652 658 EVLNGELICA.

2444 699 2850 771 Εὐαγγελικῆς
2909 699 3270 765 ἀποδείξεως
3325 694 3787 767 προπαρασκευὴ
3842 697 3928 768 (b),

2381 793 2798 868 Pra'parationis
2827 795 3134 864 evangelica:
3163 794 3230 848 ad
3276 792 3615 856 Theodotum,
3651 794 3930 859 episcopum

2379 886 2757 950 Laodicenum,
2789 885 2913 940 libri
2939 903 3009 940 xv
3031 927 3046 950 ,
3073 888 3176 940 sive
3205 887 3438 940 collectio
3473 885 3821 953 pulcherrima
3851 905 3931 939 ar-

2378 990 2739 1047 gumentorum
2793 979 3184 1048 variorumque,
3241 987 3423 1032 notatn
3474 978 3928 1047 dignissimorum,

2379 1080 2830 1125 monumentorum
2863 1087 2924 1125 ac
2959 1072 3372 1125 testimoniorum
3396 1086 3459 1124 ex
3489 1070 3824 1140 scriptoribus
3848 1088 3932 1124 ea?-

2379 1163 2538 1216 ternis
2574 1161 2838 1232 (magnam
2881 1172 3083 1231 partem
3133 1162 3284 1216 hodie
3313 1160 3619 1231 depcrditis)
3642 1203 3656 1226 ,
3687 1178 3790 1230 qua
3824 1162 3932 1214 ani-

2378 1270 2492 1308 mus
2518 1254 2725 1309 lectoris
2752 1263 3086 1323 prwparatur
3111 1255 3179 1308 ad
3209 1254 3676 1308 demonstrationes
3711 1253 3775 1307 de
3805 1254 3931 1306 veri-

2377 1356 2485 1400 tate
2513 1345 2784 1418 Evangelii
2809 1347 3008 1402 Christi
3048 1363 3114 1401 ea:
3139 1349 3305 1401 sacris
3341 1347 3529 1400 litteris
3561 1355 3706 1399 tanta
3729 1346 3930 1415 facilius

2375 1438 2701 1494 imbibendas
2721 1480 2737 1504 ,
2784 1439 3256 1509 admittendasque.
3286 1437 3473 1492 Latine
3501 1439 3651 1492 vertit
3687 1446 3737 1492 et
3778 1436 3933 1492 Nico-

2377 1533 2462 1586 lao
2497 1531 2538 1586 V
2573 1532 2810 1601 pontifici
2832 1532 3096 1600 inscripsit
3121 1530 3370 1601 Georgius
3401 1530 3812 1600 Trapezuntius;
3847 1529 3932 1584 sed

2375 1628 2533 1695 cujus
2570 1624 3068 1695 interpretationem
3098 1623 3253 1678 valde
3289 1637 3536 1677 mancam
3567 1637 3631 1676 ac
3661 1621 3936 1676 confusam

2375 1733 2517 1780 esse,
2546 1717 2739 1772 merito
2768 1716 3017 1785 queritur
3044 1714 3275 1770 Allatius
3304 1715 3380 1770 De
3412 1712 3670 1786 Ceorgiis,
3713 1731 3769 1786 p.
3802 1714 3933 1780 575,

2374 1816 2428 1864 et
2457 1808 2708 1873 Petavius
2724 1806 2943 1872 x1v,il,
2965 1809 3043 1863 De
3063 1805 3495 1878 incarnatione,§
3527 1807 3564 1860 2
3591 1825 3603 1861 :
3641 1807 3936 1876 Trapezun-

2375 1903 2477 1955 tius
2504 1901 2699 1955 Latina
2728 1917 2827 1955 sua
2854 1901 3086 1955 versione
3125 1917 3228 1953 non
3269 1911 3373 1952 tam
3411 1897 3633 1971 Eusebio
3668 1900 3834 1954 lucem
3859 1909 3937 1952 at-

2373 1995 2515 2056 tulit,
2549 2009 2704 2062 quam
2727 2009 2786 2046 eo
2818 1992 2948 2062 {inde
2983 1992 3234 2046 laniando
3256 2031 3270 2055 ,
3304 1990 3541 2044 addendo
3564 2008 3626 2044 ac
3649 1991 3936 2060 depravan-

2371 2079 2471 2143 do,
2523 2080 2728 2148 justam
2785 2080 2849 2134 de
2900 2097 2955 2134 se
3009 2080 3274 2150 querelam
3315 2082 3539 2148 posteris
3574 2083 3785 2152 reliquit
3819 2082 3932 2153 (ε).

2364 2170 2569 2242 Confer
2608 2170 2861 2227 Vossium
2898 2170 2971 2224 De
3001 2170 3125 2225 hist.
3156 2167 3374 2238 Graecis,
3409 2186 3531 2241 pag.
3563 2171 3659 2237 70;
3685 2169 3933 2226 Huetium

2370 2265 2447 2318 De
2471 2265 2634 2319 claris
2665 2263 3032 2332 interpretibus
3062 2303 3077 2329 ,
3107 2277 3252 2334 pag.
3285 2262 3418 2327 292,
3476 2271 3530 2318 et
3562 2261 3646 2317 Jo.
3685 2260 3932 2317 Rainoldi

2370 2357 2658 2412 Censuram
2685 2356 3100 2425 apocryphorum
3127 2355 3405 2418 librorum,
3435 2359 3569 2409 tom;
3593 2354 3637 2419 I,
3670 2371 3790 2425 pag.
3809 2355 3932 2411 803.

2368 2447 2576 2503 Prodiit
2603 2449 2795 2504 Latina
2826 2447 3175 2519 Trapezuntii
3196 2449 3377 2504 versio
3397 2447 3631 2504 Tarvisii
3662 2448 3820 2513 1480,
3841 2448 3932 2504 fol.

2371 2541 2646 2610 [Curatius
2674 2541 3006 2611 uberiusque
3033 2548 3423 2596 enumerarunt
3453 2549 3508 2596 et
3546 2550 3935 2598 recensuerunt

2367 2633 2491 2689 edd.
2520 2637 2635 2704 ipse
2669 2632 2952 2690 Fabricius
2984 2635 3040 2688 in
3078 2632 3316 2698 Delectu,
3349 2642 3480 2697 etc.,
3502 2631 3633 2698 l.c.,
3666 2632 3936 2688 Maittaire

2365 2731 2420 2778 et
2447 2725 2502 2778 in
2537 2723 2726 2795 primis
2759 2723 2884 2778 edd.
2916 2739 3045 2780 saec.
3074 2740 3144 2778 xv
3175 2724 3276 2777 cel.
3304 2721 3513 2779 Panzer
3545 2724 3660 2794 (qui
3695 2725 3832 2779 alios
3860 2724 3936 2780 ci-

2364 2819 2483 2868 tare
2511 2813 2649 2867 solet
2683 2811 3106 2884 bibliographos)
3148 2813 3203 2867 in
3233 2812 3302 2867 A.
3336 2812 3397 2866 Τ.
3430 2812 3570 2867 Add.
3606 2829 3726 2884 qua:
3747 2814 3937 2870 obser-

2363 2902 2485 2956 vavi
2514 2903 2569 2956 in
2597 2900 2801 2958 Introd.
2839 2903 2896 2957 in
2933 2902 3074 2957 Hist.
3105 2901 3170 2956 L.
3204 2900 3321 2968 Gr.,
3354 2901 3393 2957 ι.
3431 2915 3505 2966 c.,
3535 2918 3657 2973 pag.
3687 2903 3796 2958 219
3827 2919 3932 2974 sq.,

2365 3002 2478 3048 not.
2513 2992 2710 3048 Paucis
2747 2993 2916 3060 igitur
2959 2992 3247 3057 versionis,
3279 3008 3310 3046 a
3335 2991 3701 3064 Trapezuntio
3733 2991 3933 3058 factze',

2364 3085 2489 3141 edd.
2529 3085 2802 3142 indicabo.
2844 3083 3086 3143 Venetiis
3116 3086 3263 3158 typis
3297 3083 3469 3140 Nicol.
3497 3084 3749 3155 Jenson.,
3773 3087 3932 3155 1470,

2367 3177 2461 3243 fol.
2496 3177 2755 3250 (Antonii
2801 3177 3135 3234 Cornazzani
3185 3180 3526 3253 praemissum
3592 3182 3935 3238 octosticbon

2365 3270 2708 3327 emendatius
2734 3271 2950 3330 iteravit
2973 3270 3256 3331 Fabricius
3277 3273 3332 3328 in
3365 3271 3596 3338 Delectu,
3620 3280 3750 3340 etc.,
3768 3289 3934 3345 quam

2368 3362 2636 3420 Maittaire
2660 3364 2729 3420 Α.
2782 3364 2846 3420 Τ.
2877 3365 2928 3430 I,
2973 3380 3027 3435 p.
3064 3363 3168 3433 67,
3214 3365 3624 3436 exscripserat.)
3651 3397 3722 3408 -—
3750 3364 3936 3439 (ibid.)

2363 3471 2461 3526 per
2505 3455 2671 3511 Leon.
2711 3455 2866 3511 Aurl.
2900 3456 3082 3534 (quem
3113 3449 3478 3512 correctorem
3527 3466 3621 3511 aut
3670 3458 3934 3532 editorem

2364 3548 2552 3613 fuisse,
2571 3549 2940 3604 characterem
2973 3556 3152 3606 autem
3172 3546 3476 3608 Romanum
3505 3564 3630 3608 esse
3661 3551 3932 3616 eumdem,

2364 3658 2472 3712 quo
2499 3642 2672 3698 Adam
2715 3642 2791 3702 de
2817 3642 3124 3714 Ambergau
3153 3643 3292 3698 M72
3337 3643 3617 3702 Ciceronis
3659 3645 3936 3700 orationes

2364 3735 2677 3805 impressit,
2734 3736 2991 3805 opinatur
3031 3736 3100 3790 cl.
3159 3735 3386 3791 Panzer.
3442 3735 3540 3800 lIl,
3584 3751 3638 3807 p.
3662 3735 3845 3807 98),s.
3871 3733 3935 3797 1.,

2365 3827 2521 3893 ms,
2557 3826 2651 3883 fol.
2685 3828 2825 3885 Add.
2871 3829 2942 3884 cl.
2977 3828 3185 3888 Morell.
3219 3829 3285 3883 ad
3314 3813 3436 3885 Cat.
3470 3829 3603 3884 bibl.
3629 3827 3826 3887 Pinell.
3877 3826 3930 3890 ι,

2358 4005 2407 4061 J.
2443 4005 2501 4060 Β.
2535 4005 2808 4062 Aucberio
2861 4006 2964 4061 sub
2993 4007 3191 4062 titulo:
3238 4006 3450 4062 Eusebii
3500 4007 3796 4063 Chronicon
3848 4009 3932 4062 bi-

2361 4078 2649 4146 pertitum,
2668 4082 2826 4146 Arm.
2851 4085 2905 4131 et
2926 4076 3044 4132 Lat.
3076 4079 3297 4144 (additis
3320 4093 3420 4133 suo
3447 4080 3565 4134 loco
3592 4078 3796 4135 Graecis
3822 4080 3932 4134 fra-

2357 4147 2608 4217 gmentis)
2635 4145 2874 4202 Venetiis
2897 4148 3053 4202 1818.
3081 4148 3124 4201 ιι
3151 4149 3360 4214 Partes,
3393 4148 3548 4205 ἰπὶ-4ο.
3574 4152 3734 4204 Ευιτ,
3753 4149 3931 4210 Pun.

2429 4217 2520 4291 (1))Δ
2543 4217 2810 4291 Eusebius
2839 4218 3068 4291 ipse“,
3117 4218 3218 4291 10,
3266 4218 3742 4291 Prwparat.,pag.
3787 4222 3929 4288 280,

2477 4287 2540 4361 δὴ
2573 4290 2666 4361 xu}
2691 4283 2921 4361 μᾲλιστα
2961 4290 3089 4359 ἡμῖν
3121 4288 3200 4342 δεῖ
3226 4291 3306 4352 εἰς
3478 4283 3933 4361 τῆςΕὺᾶη-ελιζ

2357 4357 2472 4426 κῆς
2510 4357 2868 4431 ἀποδείξεως
2901 4357 3424 4431 προπαρασκευὴτά
3456 4357 3625 4431 Adde
3678 4357 3785 4415 lib.
3825 4379 3929 4427 xv,

2357 4444 2477 4498 cap.
2513 4431 2564 4495 1,
2599 4429 2689 4482 ubi
2723 4435 2848 4498 post
2891 4431 3189 4497 expositam
3219 4429 3411 4484 horum
3438 4429 3705 4484 librorum
3729 4446 3932 4487 anace-

2277 4485 2331 4546 Ι)
2360 4485 2655 4569 μὶιὶιιίεόεὶη
2679 4485 2787 4565 ait,
2829 4485 3039 4572 jamg'ad
3083 4501 3604 4555 demonstrationem
3655 4485 3933 4572 evangeli-

2360 4585 2480 4644 (ἕπῃ
2512 4577 2771 4644 tanquam
2815 4569 3052 4644 nobilius
3080 4578 3461 4644 argumentum
3512 4587 3577 4644 se
3631 4569 3885 4644 progredi
3911 4593 3928 4628 :

2360 4640 2531 4693 Τοῦτο
2558 4635 2747 4713 δὴ”ρῦν
2781 4637 3027 4713 σὺν-Θεῴ
3073 4635 3171 4713 6rd?
3200 4642 3298 4711 τῆς
3335 4641 3590 4713 ἀληθείας
3631 4635 3766 4713 ἢμῖῦ
3803 4645 3925 4697 ἐπι-

2361 4708 2807 4784 σφραγισθέντος,
2837 4708 2906 4762 τὰ
2939 4708 3038 4784 ut};
3049 4782 3063 4784 _
3073 4712 3169 4782 τῆς
3182 4708 3665 4784 Ῠπροπαρὰσκευῆξ
3677 4708 3931 4767 ’ἐνταῦθά

2360 4781 2447 4852 μοί
2483 4781 2966 4852 περιγραφήσεται.
3010 4781 3263 4846 Mamaea;
3297 4784 3353 4835 δὲ
3382 4781 3472 4836 ἐπὶ
3493 4785 3590 4853 τὴν
3616 4781 3928 4837 ἐντελεστέ-

2361 4868 2459 4921 ραν
2494 4851 2745 4905 ὑπόθεσιν
2770 4848 3282 4921 τῆςΕὺαῃνελικῆς
3296 4849 3800 4919 ἀποδείξεως,ειο,
3832 4857 3927 4909 Li.

2393 4869 2459 4906 αν
2494 4869 2745 4905 υπουεσιν
2770 4869 3282 4921 τηςιςυιιγγελικης
3296 4869 3800 4919 αποο“ειζεως,ειο,
3832 4869 3923 4909 ω-

2353 4869 2486 4978 gros
2507 4939 2575 4977 xv
2594 4919 3102 4990 Προπαρασκευῆς
3124 4921 3446 4990 evangelica:
3472 4932 3736 4978 memorat
3756 4927 3923 4979 etiam

2355 4991 2578 5048 Hieron.
2600 5001 2654 5044 et
2678 5007 2744 5046 ex
2775 4992 2913 5045 libro
2945 5006 3040 5045 vm
3072 4994 3248 5045 locum
3276 4991 3480 5059 profert
3498 4994 3552 5046 in
3580 5010 3784 5048 nonum
3807 4995 3926 5049 Da.

2355 5065 2528 5118 nielis.
2556 5061 2774 5116 FABRIC:
2817 5090 2886 5101 ——
2913 5061 3071 5115 Conf.
3105 5060 3186 5115 Du
3229 5059 3350 5118 Pin.
3385 5061 3584 5117 Eccles.
3640 5074 3925 5119 auctorum

2355 5133 2482 5194 bibl.
2511 5149 2652 5199 nov.,
2677 5132 2739 5198 ll,
2764 5147 2817 5202 p.
2861 5131 2959 5194 10,
2991 5139 3045 5186 et
3073 5130 3381 5186 Fabricium
3427 5140 3674 5189 nostrum
3722 5135 3775 5189 in
3809 5135 3924 5190 De-

2355 5203 2491 5258 lectu
2525 5213 2880 5272 argumentor.
2932 5209 2982 5254 et
3032 5202 3235 5272 syllaba
3270 5203 3511 5270 scriptor.
3564 5219 3659 5272 pro
3703 5207 3926 5260 veritate

2352 5277 2501 5345 relig.
2527 5271 2862 5345 Christianae,
2887 5284 3008 5342 pag.
3037 5271 3103 5325 72
3132 5289 3277 5342 sqq.,
3315 5275 3404 5327 ubi
3444 5271 3621 5327 locum
3661 5275 3808 5331 hunc
3853 5276 3924 5330 Β.

2347 5344 2692 5415 ϐνξτθρειὶἱι
2724 5352 2777 5398 et
2807 5344 3045 5413 pleniore
3071 5345 3372 5415 praesertim
3406 5345 3532 5399 edd.
3569 5346 3764 5402 notitia
3800 5363 3925 5401 amo

2351 5417 2591 5469 olicavit.
2632 5413 2803 5468 HARL.

2408 5417 2591 5472 icavit.
2632 5417 2803 5468 ΒΑΜ.

2351 5430 2591 5488 pucavn.
2632 5430 2803 5468 nnc.

2421 5486 2492 5553 (ε)
2529 5485 2927 5554 Trapezuntius
2957 5490 3137 5540 tamen
3175 5485 3231 5540 in
3260 5485 3420 5553 epist.
3451 5484 3517 5539 ad
3557 5485 3839 5542 Nicolaum
3880 5483 3924 5543 γ

2348 5559 2629 5629 profitetur
2669 5571 2728 5611 se
2759 5555 3118 5629 illiusjussu,
3159 5557 3403 5629 sontibus
3431 5558 3835 5629 amputatislh.
3866 5572 3922 5615 θ.

2349 5626 2417 5683 iis
2437 5628 2680 5690 omissis,
2705 5642 2825 5696 quae
2854 5626 2958 5681 sibi
2975 5628 3186 5682 scilicet
3214 5627 3444 5682 haeresin
3469 5628 3619 5685 olere
3656 5626 3915 5682 videren-

2347 5704 2460 5764 tur)
2487 5715 2638 5754 rosas
2669 5695 2998 5754 solummodo
3027 5696 3232 5754 Latinis
3261 5697 3551 5753 hominibus
3597 5700 3694 5758 hac
3724 5700 3918 5752 tradu-

2347 5771 2515 5829 ctione
2545 5769 2816 5827 obtulisse.
2859 5767 3038 5841 Hall”,
