4142 6306
220 357 271 408 Il
1635 346 1928 404 NOTITIA.
3307 355 3379 409 2%

217 482 319 538 pag.
348 464 428 519 61.
455 493 522 506 —-
563 463 800 519 Venetiis
833 477 927 534 per
957 461 1129 519 Nicol.
1171 461 1415 526 Jenson.,
1445 461 1601 525 1476,
1634 461 1723 516 fol.
1758 468 1802 524 Α
1830 461 2025 515 librum
2059 443 2472 528 Prwparalt'onis
2498 473 2720 523 nonum,
2741 475 2806 513 ex
2835 477 2942 530 quo
2972 463 3139 516 multa
3166 466 3377 520 restitui

215 589 272 600 —
297 557 508 612 Tarvisii
539 557 675 612 1480
694 597 708 621 ,
737 557 856 621 fol.,
898 557 1036 627 typis
1069 555 1228 611 Mich.
1266 556 1572 618 Manzolini,
1599 555 1729 609 Par-

211 650 386 703 mensis
419 647 502 719 (de
531 662 637 717 quo
671 648 1002 717 typographo
1024 663 1074 702 v.
1110 646 1247 702 lren.
1273 646 1412 710 Aifo,
1447 646 1638 716 Saggio
1676 646 1730 698 di

210 741 424 794 utemorio
450 741 590 794 salta
630 742 815 808 tipogr.
853 739 1135 793 Parmense
1172 739 1256 793 del
1308 757 1406 794 sec.
1442 758 1529 806 xv,
1568 756 1618 810 p.
1663 741 1730 794 58

211 829 358 898 sqq.).
385 860 450 868 —
473 828 659 884 Venet.
686 829 843 889 1187.
874 827 966 882 fol.
993 827 1142 881 Hanc
1185 828 1396 896 quidem
1429 829 1556 882 edit.
1600 829 1730 880 citat

210 919 449 974 Maittaire
471 921 558 984 lll,
588 935 707 989 pag.
743 920 869 986 487,
897 935 962 974 ex
994 921 1155 974 catal.
1203 921 1472 989 quodam;
1504 920 1596 974 sed
1627 919 1729 973 du-

209 1012 324 1064 bitat
349 1013 416 1067 cl.
444 1010 669 1065 Panzer.
705 1010 768 1063 111
787 1051 804 1076 ,
848 1027 900 1080 p.
927 1010 1051 1072 248,
1083 1010 1150 1065 ὰθ
1177 1026 1302 1065 vera
1329 1013 1454 1064 anni
1486 1020 1610 1064 nota
1637 1052 1648 1073 ,
1679 1019 1730 1064 et

210 1104 488 1172 suspicatur
541 1118 666 1158 esse
711 1119 828 1156 eam
885 1118 935 1156 a.
994 1102 1163 1166 12197;
1221 1119 1339 1172 pag.
1396 1111 1563 1157 iu'ezn
1604 1104 1728 1167 417,

211 1211 254 1246 n.
281 1193 428 1255 2230,
459 1193 618 1248 istam
646 1195 730 1250 ed.
762 1209 812 1248 a.
847 1195 979 1248 1487
1011 1195 1296 1264 prodiisse,
1321 1193 1521 1249 diserte
1552 1203 1729 1263 negat.

209 1313 266 1327 —
289 1283 696 1348 Vetietiis1491,
727 1285 818 1338 fol.
868 1284 1031 1340 Denis
1064 1287 1116 1339 in
1147 1284 1434 1354 Supplem.,
1465 1301 1585 1355 pag.
1609 1286 1729 1340 507.

208 1402 264 1411 —
287 1373 464 1428 Euseb.
496 1374 570 1426 De
599 1389 820 1442 pra'par.
851 1377 1080 1442 evangel.
1120 1384 1168 1427 et
1213 1376 1498 1430 demonstr.
1531 1374 1731 1439 Patavii

210 1464 346 1527 1197,
377 1464 464 1519 fol.
504 1465 792 1535 (Maittaire
825 1465 916 1534 IV,
957 1482 1074 1536 pag.
1107 1465 1232 1527 659,
1260 1474 1372 1520 not.
1397 1466 1424 1519 1
1452 1505 1466 1527 ,
1507 1481 1569 1521 ex
1603 1465 1734 1518 Loe-

209 1557 404 1619 schero,
451 1564 588 1612 teste
633 1574 740 1610 non
804 1573 1015 1626 semper
1065 1566 1213 1611 certo
1266 1556 1494 1625 fidoque.
1552 1554 1735 1624 Neque

211 1645 378 1717 Georg.
409 1647 822 1718 Trapezuntius,
850 1649 939 1703 sed
970 1648 1164 1702 Donat.
1187 1647 1384 1702 Veron.
1406 1646 1592 1703 Latine
1614 1664 1733 1701 ver-

213 1740 263 1792 tit
284 1738 404 1793 Eus.
444 1738 951 1794 Demonstratt'onem
980 1739 1257 1808 evangelia.
1312 1736 1377 1792 ν.
1403 1737 1584 1794 Nicer.
1625 1738 1736 1793 Me—

1831 552 2041 622 possint
2070 552 2126 604 in
2154 551 2314 606 editis
2361 552 2666 619 depravata.
2707 550 2901 606 Habuit
2933 561 2985 608 et
3029 552 3218 607 Thom.
3249 553 3378 611 Gala

1832 644 2003 700 libros
2035 644 2133 698 hos
2173 643 2485 697 emendatos
2534 659 2596 697 ex
2641 645 2968 699 membranis
3017 645 3256 714 antiquis
3281 645 3376 713 (cl.

1831 734 2247 804 Dispositionem
2265 735 2464 804 operis,
2487 735 2852 805 librarumque
2875 736 3207 805 singulorum
3222 741 3350 806 quin
3363 766 3379 777 -

1831 827 1999 881 decim
2035 833 2409 896 argumentum
2455 825 2687 880 breviter
2713 827 2928 897 exponit
2967 826 3229 884 Eusebius
3258 827 3387 880 libri

1831 931 1900 967 xv
1929 915 2103 984 capite
2136 915 2186 977 1,
2206 916 2462 978 testatus,
2499 925 2556 969 ut
2602 914 2711 969 dixi
2736 956 2750 979 ,
2797 932 2854 971 se
2883 917 3006 971 inde
3027 917 3093 970 ad
3116 916 3211 986 τὴν
3234 918 3376 968 ἐντε-

1829 1005 2081 1077 λεστέραν
2124 1006 2372 1060 ὑπόθεσιν
2398 1002 2904 1080 τῆςΕὺαγτγ-ελικῆς
2918 1003 3294 1072 ἀποδείξεως,
3309 1010 3380 1059 ad

1833 1098 2102 1165 augustius
2149 1079 2531 1167 argumentum,
2575 1093 3079 1154 Demonstrationem
3123 1098 3378 1168 evangeli-

1834 1204 1969 1250 cam,
1997 1204 2428 1258 progressurum.

1903 1278 2040 1334 Add.
2065 1279 2278 1343 Fabric,
2310 1283 2363 1333 in
2386 1277 2618 1342 Delectat,
2642 1287 2746 1336 etc.
2772 1319 2786 1342 ,
2827 1295 2948 1350 pag.
2985 1278 3078 1344 74,
3108 1293 3224 1348 quo.
3241 1285 3377 1333 teste

1833 1366 1990 1422 Bieh.
2024 1367 2208 1422 Simon
2239 1377 2367 1422 tom.
2411 1368 2592 1422 lBibl.
2631 1369 2849 1432 selectw,
2903 1383 3025 1438 pag.
3054 1367 3151 1435 56,
3191 1374 3374 1428 notat,

1834 1468 1966 1507 mss.
1999 1454 2400 1524 codicem.(sed
2439 1455 2678 1524 quinque
2708 1461 2914 1507 tantum
2951 1451 3240 1523 librorum)
3283 1469 3376 1507 ex-

1837 1551 1979 1598 stare
2009 1545 2062 1598 in
2095 1545 2220 1601 bibl.
2262 1562 2390 1616 reg.
2452 1543 2624 1600 Paris.
2653 1586 2668 1608 ,
2708 1544 3037 1600 diﬂ‘erenlem
3082 1545 3281 1614 passim
3314 1543 3383 1598 ab

1836 1634 2014 1695 editis,
2046 1635 2375 1704 dignumque
2399 1635 2490 1703 qui
2521 1634 2850 1690 conferatur.
2881 1665 2951 1676 —-—
2974 1634 3029 1688 In
3064 1635 3194 1689 bibl.
3232 1634 3381 1704 publ.

1838 1723 2012 1780 Paris.
2045 1735 2190 1789 sunt,
2222 1725 2515 1780 secundum
2547 1724 2718 1778 Catal.
2752 1725 2910 1781 codd.
2945 1735 3075 1779 tom.
3107 1726 3185 1788 ll,
3221 1725 3382 1794 quin-

213 1848 322 1885 mor.
355 1831 465 1886 νγ.
492 1832 634 1896 DD.,
664 1842 794 1886 tom.
816 1832 903 1895 XI,
924 1847 1044 1902 pag.
1076 1802 1166 1895 26,
1194 1847 1259 1886 ex
1283 1833 1526 1887 versione
1547 1833 1738 1904 Bapm—
1768 1802 1788 1856 ι

1837 1833 1941 1886 que
1969 1817 2129 1872 codd.
2159 1817 2250 1872 Gr.
2288 1837 2301 1871 :
2345 1818 2465 1871 eod.
2495 1814 2680 1882 CDLl,
2711 1834 2869 1888 quem
2909 1817 3064 1873 Rich.
3103 1816 3289 1871 Simon
3327 1817 3382 1870 in

213 1924 421 1994 εει-ιω.)
449 1955 517 1964 -
548 1925 818 1987 Venetiis,
873 1924 1153 1995 diligentia
1183 1924 1470 1978 Benardini
1501 1923 1700 1978 Benalii
1721 1964 1735 1988 ,

218 2016 350 2082 1197,
384 2014 474 2070 fol.
514 2016 589 2085 (v.
637 2015 808 2083 Fossii
845 2015 960 2069 Cat.
1010 2014 1128 2080 cit.,
1163 2028 1292 2071 tom.
1325 2017 1364 2080 1,
1401 2032 1453 2086 p.
1487 2015 1636 2084 6:30.)
1668 2043 1740 2052 —

215 2105 380 2162 Venet.
412 2108 565 2174 1500,
591 2108 684 2163 fol.
721 2108 794 2178 (v.
838 2107 992 2163 Foss.
1019 2109 1053 2161 l.
1102 2125 1146 2164 θ.
1173 2149 1186 2171 ,
1218 2125 1338 2178 pag.
1371 2108 1500 2174 651;
1529 2108 1732 2165 Goetzii

217 2197 410 2252 lentor.
435 2199 556 2253 bibl.
585 2198 880 2266 Dresdens.,
905 2197 968 2260 11,
991 2197 1249 2269 pag.285,
1282 2201 1336 2252 in
1363 2199 1550 2269 primis
1579 2197 1729 2267 Frey-

216 2299 309 2360 tag.
337 2290 522 2358 Appar.
553 2291 738 2352 litter.,
771 2292 787 2344 1
814 2331 829 2354 ,
878 2308 930 2361 p.
967 2291 1070 2345 652
1113 2307 1256 2360 sqq.,
1289 2291 1378 2358 qui
1426 2291 1626 2343 multus
1659 2295 1741 2343 est

216 2380 275 2434 de
299 2381 628 2450 Trapezuntii
682 2384 929 2437 versione
976 2389 1030 2437 et
1085 2383 1203 2451 ipso
1236 2381 1466 2436 Eusebio
1515 2382 1740 2451 ejusque

215 2470 479 2541 doctrina.)
507 2501 576 2509 —
630 2468 757 2526 Sine
809 2471 926 2525 loco
957 2482 1010 2526 et
1041 2486 1202 2534 anno,
1235 2470 1412 2524 in-fol.
1450 2469 1738 2540 (Coloniie,

217 2562 434 2615 charaet.
465 2559 700 2631 gothieo,
731 2559 844 2614 Ulr.
881 2559 1156 2630 Zel,ii,quo
1188 2561 1324 2614 1475
1346 2558 1486 2614 Rob.
1510 2560 1574 2614 de
1593 2559 1742 2614 Licio

220 2667 468 2707 sermones
492 2653 749 2722 vulgavit,
783 2660 908 2707 test.
946 2640 1129 2713 Denis.
1158 2651 1338 2722 Suppl.
1373 2651 1414 2716 l,
1460 2667 1513 2722 p.
1540 2651 1666 2715 560,
1689 2661 1743 2706 et

216 2742 378 2796 Lairio
403 2745 453 2797 in
496 2742 676 2797 Indice
711 2742 964 2796 librorum
996 2742 1060 2796 ab
1090 2744 1299 2797 iuventa.
1329 2743 1660 2811 typograph.,
1698 2743 1738 2806 1,

220 2850 326 2904 pag.
382 2835 476 2890 129
521 2834 686 2906 seq.),
719 2834 983 2906 Hagenoaa
1036 2835 1196 2899 1522,
1232 2834 1286 2899 1,
1317 2863 1388 2873 ——
1426 2833 1599 2890 Paris.
1650 2850 1736 2905 ap.

218 2928 340 2981 Sim.
361 2926 527 2983 Colin.
570 2928 729 2996 1551,
756 2928 810 2982 4.
835 2926 1039 3000 Hann]
1069 2926 1255 2981 Colon.
1289 2923 1455 2991 1559,
1510 2925 1639 2991 fol.,
1692 2934 1745 2980 et

220 3021 345 3072 inter
371 3018 578 3074 Eusebii
600 3035 764 3089 opera
793 3019 958 3074 Basil.
998 3017 1162 3082 1542,
1192 3017 1351 3080 1549,
1379 3010 1538 3081 1559,
1573 3017 1741 3082 1570,

1837 1907 2086 1963 manibus
2139 1907 2389 1962 habuisse
2442 1907 2676 1960 videtur.
2737 1906 2786 1960 ls
2846 1909 3087 1961 continet
3133 1907 3299 1960 libros
3351 1924 3384 1958 v

1836 2000 2062 2070 priores.
2090 2030 2154 2041 —
2185 1999 2242 2052 In
2280 2000 2435 2054 codd.
2472 1997 3019 2052 CDLXV-CDLXYIII
3047 2005 3260 2054 exstant
3316 2013 3384 2051 xv

1821 2096 1977 2175 libri.
2004 2095 2312 2148 —Codices
2343 2094 2472 2147 bibl.
2493 2093 2726 2148 Florent.
2745 2092 2863 2146 cod.
2889 2091 2956 2145 Vl
2984 2099 3037 2146 et
3055 2089 3145 2157 IX,‘
3166 2094 3305 2160 .plut.
3327 2089 3380 2152 6,

1837 2186 2106 2256 praecipue
2163 2184 2416 2254 priorem,
2451 2182 2669 2253 copiose
2717 2183 2974 2238 describit
3003 2181 3296 2236 Bandinius
3329 2180 3383 2233 in

1837 2275 1960 2331 Cat.
2015 2274 2164 2330 codd.
2201 2274 2291 2330 Gr.
2334 2274 2372 2340 1,
2413 2291 2533 2345 pag.
2579 2275 2834 2341 102-105,
2885 2282 2939 2328 et
2989 2290 3042 2344 p.
3081 2272 3201 2326 114.
3244 2271 3387 2328 Con—

1838 2370 2011 2425 tinent
2061 2383 2186 2422 vero
2230 2369 2304 2421 illi
2354 2369 2519 2422 libros
2576 2383 2662 2421 xv.
2691 2365 3023 2421 ——Venetiis
3054 2366 3108 2419 in
3154 2365 3284 2420 bibl.
3321 2364 3385 2420 D.

1838 2462 2000 2517 Marci
2033 2461 2190 2517 codd.
2207 2468 2316 2516 tres
2345 2457 2924 2515 CCCXLl-CCCXLIII.
2949 2455 3014 2512 V.
3039 2455 3384 2512 Catabcodd.

1841 2552 1956 2618 Gr.,
1987 2569 2040 2624 p.
2090 2554 2210 2608 157.
2258 2582 2320 2594 —-
2353 2552 2570 2624 Neapoli
2605 2553 2661 2607 in
2696 2553 2826 2608 bibl.
2859 2549 2915 2605 S.
2965 2548 3121 2604 Joan.
3159 2549 3228 2604 de
3254 2547 3388 2603 Car-

1839 2646 2064 2700 bonaria
2099 2646 2474 2715 Augustinian.
2515 2645 2634 2700 θοὰ.
2663 2643 2804 2701 XXI.
2845 2674 2916 2683 —
2956 2641 3089 2697 lbid.
3145 2642 3203 2696 in
3251 2641 3386 2696 bibl.

1841 2740 2008 2808 regia,
2041 2737 2163 2793 θοὰ.
2196 2735 2396 2792 CCXX.
2428 2767 2497 2778 -
2526 2736 2706 2792 Fesuli
2752 2737 2805 2790 in
2841 2735 2971 2790 bibl.
3009 2733 3241 2788 θακεηοῦἰί
3298 2746 3390 2796 ea.-

1843 2830 2021 2885 nonic.
2058 2827 2190 2881 Eus.
2225 2827 2398 2898 Prcep.
2429 2845 2630 2897 evang.,
2669 2829 2960 2898 interprete
2981 2826 3046 2881 G.
3075 2824 3389 2895 Trapezun-

1842 2923 1937 2978 tio.
1969 2920 2302 2992 (Montfauc,
2331 2921 2482 2975 Βίαν.
2530 2919 2682 2984 Ῑιαι.,
2719 2934 2841 2989 pag.
2880 2916 3028 2985 592.)
3068 2947 3137 2957 -
3188 2915 3393 2968 Vindo-

1843 3013 1998 3067 bonte
2025 3011 2082 3065 in
2116 3011 2247 3065 bibl.
2296 3012 2494 3066 Caesar.
2547 3009 2668 3064 θοὰ.
2694 3007 2785 3071 Xl,
2819 3025 2872 3061 n.
2908 3007 2963 3071 6,
2987 3016 3042 3060 et
3073 3004 3194 3061 cod.
3233 3003 3352 3057 XIV
3373 3043 3389 3067 ,

219 3109 387 3172 fol.,et
402 3107 568 3166 Paris.
591 3110 750 3178 1587,
767 3108 968 3181 fol.,(a)
986 3108 1080 3165 sed
1097 3108 1742 3178 inlibrisquatuordecim
1779 3173 1812 3181 _
1844 3118 1899 3156 n.
1926 3101 1979 3164 4,
2011 3109 2262 3177 excerpta
2292 3102 2446 3171 plura
2493 3115 2559 3154 ex
2609 3098 2842 3154 Eusebio
2877 3097 2954 3151 De
2981 3111 3142 3165 prwp.
3177 3112 3389 3164 evang.,

217 3200 467 3268 supplevit
516 3198 602 3255 εἷο.
628 3173 877 3255 Thomas
895 3173 1138 3270 Ereigius
1157 3173 1562 3270 et,qui-scholia
1585 3201 1744 3256 etiam
1771 3173 1812 3230 θ
1846 3208 1964 3263 qua!
1997 3175 2208 3261 είηθζυιά
2236 3200 2480 3246 recenset
2509 3189 2758 3243 Laml""3-
2788 3187 2903 3242 σαιο
2935 3187 3111 3251 codd;
3129 3187 3233 3242 VOL
3257 3184 3390 3247 V1“.

219 3289 425 3354 addidit,
456 3291 612 3347 Joan.
659 3291 896 3347 Jacobus
929 3290 1225 3364 Grynaeus;
1256 3293 1452 3348 librum
1481 3293 1749 3348 decimum

217 3383 445 3451 quintum
477 3385 635 3438 vertit
667 3383 879 3439 Marcus
907 3383 1206 3454 l-lopperus.

283 3474 455 3532 Grece
497 3477 705 3548 primus
751 3477 987 3547 vulgavit
1015 3475 1151 3530 Rob.
1213 3473 1520 3546 Stephanus
1575 3476 1748 3533 Paris.

219 3567 364 3629 1514.
400 3569 510 3633 ἴοι,
543 3571 697 3640 typis
729 3569 910 3639 regiis.
954 3567 1195 3638 Denique
1237 3567 1564 3625 Franciscus
1596 3568 1752 3639 Vige-

217 3673 324 3721 rus,
351 3659 796 3729 Rothomagensis
819 3700 835 3724 ,
887 3656 944 3713 S.
979 3659 1026 3713 J.
1059 3661 1338 3730 presbyter
1359 3700 1374 3725 ,
1431 3676 1494 3714 ex
1545 3660 1753 3715 duobus

221 3752 479 3806 codicibus
508 3751 639 3806 bibl.
686 3751 874 3820 regias,
930 3766 1161 3827 quorum
1218 3753 1387 3806 altero
1443 3749 1752 3821 Stephanus

221 3860 339 3898 usus
368 3843 556 3903 fuerat,
587 3842 928 3912 laudatisque
956 3843 1024 3896 ab
1049 3843 1167 3911 ipso
1196 3842 1427 3897 Eusebio
1470 3844 1751 3912 scriptori—

217 3936 332 3999 bus,
361 3941 415 3989 et
439 3936 602 3990 variis
648 3935 771 3988 lect.
801 3933 1007 3987 codicis
1032 3931 1418 3987 Montaeutiani
1448 3929 1631 3986 Graeca
1664 3948 1752 3986 re-

217 4026 445 4086 censuit,
496 4038 799 4092 novataque
848 4022 1124 4077 meliorem
1167 4021 1466 4077 versionem
1499 4037 1650 4077 suam
1701 4030 1754 4076 et

223 4124 362 4170 notas
391 4117 704 4184 iudicesque
751 4115 956 4170 addidit
995 4113 1168 4176 Paris.
1201 4113 1360 4183 1628,
1383 4114 1576 4186 fol.'(b)
1601 4134 1613 4168 :
1637 4130 1754 4184 quae

219 4209 368 4262 editio
402 4207 807 4262 Graeco-Latina
844 4222 1036 4262 recusa
1055 4207 1147 4262 est
1177 4205 1371 4276 Lipsia:
1396 4207 1541 4277 (licet
1566 4208 1754 4261 titulus

222 4297 475 4354 Coloniam
528 4299 794 4370 pra-ferat)
823 4299 994 4364 1688,
1027 4297 1121 4354 fol.
1154 4297 1379 4353 Exstant
1415 4301 1575 4353 etiam
1610 4299 1660 4351 lii
1693 4299 1755 4352 li-

223 4391 293 4443 bri
323 4409 448 4446 mss.
496 4393 550 4445 in
598 4390 727 4446 bibl.
761 4388 1106 4454 Florentina,
1164 4397 1217 4444 et
1268 4389 1463 4444 Veneta
1496 4389 1552 4443 S.
1588 4388 1754 4443 Marci

220 4484 319 4550 (ubi
335 4492 460 4544 .tres
483 4483 696 4537 codices
725 4481 889 4550 hujus
919 4482 1122 4551 operis,
1149 4489 1285 4537 teste
1328 4481 1751 4545 Montfauconio,
1782 4512 1831 4570 Β

182 4589 326 4642 [pag
369 4576 438 4631 12
496 4575 667 4628 Diarii
711 4571 946 4645 Italici),
1003 4575 1250 4644 aliisque.
1283 4571 1340 4627 In
1378 4573 1565 4626 codice
1617 4572 1746 4627 bibl.

221 4665 364 4734 regiae
413 4667 470 4719 in
525 4666 630 4719 fine
673 4665 836 4718 trium
890 4665 1130 4732 priorum
1179 4664 1440 4717 librorum
1492 4679 1751 4718 numerus

220 4757 396 4826 στίχων
423 4757 694 4825 ascriptus
724 4762 825 4820 est,
858 4765 913 4808 ut
934 4756 1140 4809 notavit
1162 4756 1302 4810 idem
1320 4754 1752 4810 Montfauconius

220 4848 268 4901 iu
299 4847 695 4920 Patwographia
721 4847 924 4912 erca,
946 4864 1067 4918 pag.
1092 4847 1216 4904 276.
1250 4848 1304 4901 In
1333 4847 1589 4918 Catalogo
1617 4863 1748 4902 mss.

223 4938 281 4992 ls.
311 4938 507 5004 Vossii,
537 4954 690 4994 num.
724 4938 845 5002 197,
878 4937 1100 4992 adnotat
1125 4936 1464 4993 Colomesius
1485 4977 1500 5001 ,
1539 4947 1756 4992 exstare

282 5077 352 5145 (α)
389 5077 504 5132 Hoc
537 5091 752 5147 quoque
779 5077 899 5130 loco
931 5090 963 5128 a
1003 5073 1160 5147 Fabr.
1197 5089 1474 5147 perperam
1519 5076 1754 5147 scriptus

224 5144 374 5202 fuisSe
399 5165 448 5202 a.
481 5144 639 5206 1581,
664 5144 721 5200 et
741 5146 1092 5215 corrigendus
1123 5144 1243 5200 esSe
1273 5145 1484 5215 videtur
1516 5161 1566 5199 a.
1593 5146 1750 5208 1587,

223 5231 329 5285 eum
360 5217 571 5272 caneris
591 5216 788 5271 Euseb.
819 5214 938 5285 Opp.
975 5230 1062 5285 ap.
1094 5215 1252 5270 Mich.
1289 5214 1755 5285 sonnium,opera

221 5282 296 5338 Jo.
327 5285 540 5348 Dadrei,
571 5282 869 5340 Parisiensi
894 5282 1158 5356 theologi,
1189 5285 1279 5354 qui
1320 5284 1556 5356 Pontico
1591 5282 1755 5356 inter-

225 5359 415 5424 roganti
469 5373 560 5417 an,
604 5371 727 5410 cum
775 5356 1023 5424 praebitus
1051 5356 1243 5410 titulus
1274 5355 1547 5424 praeferret
1589 5355 1756 5409 libros

226 5423 424 5480 Eusebii
469 5423 1032 5487 restitutos,’restituti
1067 5442 1192 5480 vere
1231 5423 1433 5487 essent,
1482 5425 1757 5493 respondit

225 5511 276 5548 se
302 5498 513 5566 quidem
538 5495 969 5551 Commentarios
991 5493 1202 5566 Grynaei
1227 5495 1280 5548 in
1309 5496 1404 5566 lib.
1423 5494 1509 5566 (De
1530 5510 1752 5566 purpur.

221 5565 432 5636 magal.
466 5579 732 5637 purgasse
758 5580 822 5619 ac
861 5565 1168 5637 praecidisse
1201 5565 1466 5637 nonnulla
1511 5581 1630 5634 quae
1652 5565 1756 5619 Ca-

224 5635 527 5691 tbolicoru'm
581 5635 744 5690 aures
787 5643 1004 5704 possent
1038 5635 1334 5698 offendere;
1385 5643 1575 5689 caetera
1631 5650 1756 5689 vero

225 5721 318 5760 non
349 5707 612 5778 attigisse,
648 5705 740 5760 sed
781 5703 1110 5776 typographo
1137 5722 1258 5761 esse
1290 5703 1758 5778 tgibrnenda._Pon-

225 5785 361 5832 tactis
389 5773 515 5835 vero
548 5781 606 5837 in
643 5773 934 5846 Appardlu,
965 5773 1091 5844 etc.,
1125 5792 1248 5849 pag.
1302 5775 1394 5844 22,
1427 5791 1484 5833 se
1535 5773 1758 5831 allirmat

1850 3300 1902 3354 p.
1935 3284 2002 3337 75
2027 3299 2162 3353 seq.,
2186 3291 2238 3338 et
2270 3299 2390 3352 pag.
2419 3281 2488 3336 80
2525 3296 2618 3336 see
2801 3295 2813 3307 ν
2849 3279 3003 3343 ibid.,
3031 3293 3085 3348 p.
3117 3277 3186 3332 50
3213 3288 3395 3332 emen—'

1849 3377 1939 3430 dat
1970 3377 2310 3444 illustratque
2336 3375 2510 3427 locum
2550 3372 2783 3440 Priapi...
2815 3371 3043 3440 evangel.
3076 3370 3170 3424 lib.
3193 3385 3247 3433 v,
3271 3384 3392 3438 cap.

1848 3469 1918 3522 27
1950 3475 2002 3522 et
2031 3467 2120 3521 28.
2148 3499 2217 3506 —
2254 3466 2472 3522 Eusebii
2504 3465 2873 3522 testimonium
2898 3463 2964 3520 de
2989 3461 3296 3517 discrimine
3325 3461 3398 3516 le-

1851 3561 1932 3630 gis
1971 3568 2023 3613 et
2053 3566 2440 3628 praeceptorum
2475 3559 2528 3612 in
2575 3558 2694 3612 θοὰ.
2729 3557 2955 3626 August.
3002 3552 3237 3617 Vindel.,
3263 3561 3396 3608 teste.

1852 3651 2076 3707 Reisero
2099 3651 2151 3704 in
2179 3650 2320 3714 Cat.,
2341 3667 2393 3720 p.
2421 3650 2508 3704 59.
2537 3679 2605 3690 --
2629 3647 2823 3702 Oxonii
2846 3651 2901 3700 lit
2930 3645 3120 3713 colleg.
3142 3643 3397 3713 Corporis

1852 3743 2072 3810 Christi,
2100 3759 2148 3798 θ.
2192 3741 2490 3807 ΜΒΕΕΧΧ,
2530 3741 2779 3808 fragmm.
2809 3736 3024 3792 Eusebii
3052 3734 3127 3788 De
3169 3749 3396 3802 prosper.

1852 3853 2022 3898 evan.,
2052 3835 2258 3889 Latine.
2293 3864 2357 3874 --
2386 3833 2462 3887 1h.
2497 3833 2550 3884 in
2593 3832 2713 3886 coll.
2766 3828 2962 3883 Joann.
2997 3826 3246 3896 Baptistae
3271 3825 3393 3880 cod.

1853 3925 2269 3981 MDCCLXXXII
2313 3925 2386 3978 De
2433 3940 2657 3993 pra’par.
2691 3938 2893 3991 evang.,
2926 3919 3128 3974 Graece.
3158 3949 3227 3958 —
3257 3915 3398 3972 Inter

1854 4020 2011 4074 codd.
2060 4018 2311 4072 'Vossian.
2373 4034 2428 4072 η.
2482 4013 2757 4070 MMCCLII
2788 4015 2926 4082 (Cat.
2957 4011 3115 4066 codd.
3156 4010 3393 4080 Anglia,

1856 4120 1982 4165 tom.
2020 4110 2084 4173 11,
2119 4127 2169 4181 p.
2207 4111 2296 4175 61,
2326 4117 2378 4164 et
2408 4117 2513 4162 cat.
2544 4108 2673 4162 bibl.
2710 4105 2894 4170 Leid.,
2938 4119 2990 4172 p.
3028 4103 3158 4166 598,
3206 4118 3262 4155 n.
3309 4101 3398 4169 55)

1854 4214 2102 4274 excerpta
2139 4220 2202 4258 ex
2253 4202 2466 4257 Eusebii
2498 4200 2793 4267 Prwparut.
2830 4213 3007 4264 evang.
3037 4223 3104 4233 -—
3134 4193 3314 4246 Romae
3344 4193 3402 4249 in

1855 4296 1984 4366 bibl.
2015 4293 2265 4349 Ottobon.
2304 4293 2388 4346 bis
2418 4291 2490 4344 De
2539 4306 2698 4358 pra’p.
2729 4288 2953 4358 evangel.
2985 4284 3397 4356 (Montfaucon,

1855 4385 1992 4438 Bibl.
2030 4382 2382 4436 bibliotltecar.
2417 4396 2548 4434 mss.
2591 4381 2630 4440 l,
2668 4395 2721 4448 p.
2752 4378 2852 4431 184
2877 4376 2964 4442 Α.)
2993 4405 3061 4413 ——
3092 4373 3313 4443 Neapoli
3345 4373 3398 4424 in

1856 4477 1986 4532 bibl.
2016 4473 2225 4529 Domini
2276 4472 2497 4525 Valettze
2550 4471 2643 4538 (id.
2692 4470 2786 4532 ib.,
2823 4466 3124 4536 p.231A.)
3164 4495 3232 4504 -
3263 4463 3398 4519 lbid.

1857 4567 1910 4621 in
1940 4566 2070 4621 bibl.
2126 4571 2357 4618 monast.
2397 4561 2451 4616 S.
2493 4560 2754 4624 Severini,
2789 4559 2888 4613 bis.
2926 4559 3022 4629 (id.
3072 4557 3169 4620 ib.,
3196 4555 3400 4624 p.255.

1854 4660 1917 4714 A.
1954 4658 2016 4713 1).
2050 4688 2118 4697 -—-
2151 4656 2426 4710 Florentia:
2458 4654 2510 4706 in
2545 4654 2674 4708 bibl.
2711 4651 3044 4706 Dominican.
3077 4650 3254 4704 versio
3277 4647 3398 4701 Lat.

1854 4750 1917 4804 G.
1947 4748 2310 4820 Trapezuntii.
2344 4750 2436 4815 (id.
2495 4745 2608 4809 ib.,
2672 4761 2724 4814 p.
2765 4743 2861 4797 421
2908 4740 2993 4813 C.)
3039 4770 3107 4780 --
3148 4738 3404 4793 Bononiae

1856 4845 1911 4898 in
1940 4843 2072 4898 bibl.
2104 4842 2307 4896 Canon.
2343 4839 2594 4908 Regular.
2627 4837 2723 4906 (id.
2776 4835 2871 4896 ib.,
2905 4849 2960 4904 p.
2983 4832 3085 4886 452
3109 4832 3273 4900 Α.)-
3303 4831 3399 4891 Ce-

1856 4951 1997 4991 senae
2027 4936 2080 4988 in
2106 4934 2234 4987 bibl.
2271 4933 2517 4986 Fratrum
2546 4930 2673 4984 Min.
2706 4927 2799 4998 (id.
2861 4927 2958 4991 ib.,
2988 4941 3038 4995 p.
3068 4925 3172 4977 455
3202 4923 3289 4994 C.)
3337 4953 3394 4962 —

1855 5072 2172 5142 cognovisse
2228 5071 2573 5142 mutationes,
2617 5062 3114 5142 quarreperiuntur
3163 5061 3219 5142 in
3273 5061 3401 5142 edit.

1859 5131 2150 5206 Soimiana,
2187 5157 2253 5194 ex
2289 5141 2409 5194 cod.
2451 5131 2761 5210 monasterii
2807 5131 2863 5189 S.
2904 5133 3157 5195 Victoris,
3189 5132 3244 5185 in
3274 5131 3402 5210 subf

1859 5214 2026 5266 urbiis
2057 5201 2231 5264 Paris.
2281 5219 2338 5265 ut
2382 5209 2673 5278 plurimum
2697 5206 3036 5278 ‘desu‘mptas
3076 5217 3255 5278 essel-
3280 5201 3403 5278 licet
3435 5215 3444 5218 ·

1856 5299 1963 5337 non
1998 5284 2131 5337 satis
2165 5271 2396 5334 feliciter
2413 5279 2624 5346 ubique.
2658 5271 3086 5346 ldemPontac.,
3119 5287 3171 5339 p.
3196 5271 3404 5346 2l,_ob-

1858 5363 2034 5406 servat
2057 5352 2142 5405 ed.
2177 5351 2334 5404 Basil.
2397 5339 2534 5401 1549
2562 5349 2616 5401 in
2663 5345 2913 5401 omnibus
2944 5344 3054 5398 fere
3081 5339 3405 5410 respondere

1856 5423 1983 5477 edit.
2017 5438 2064 5492 a7.
2099 5421 2254 5492 1529.
2299 5421 2464 5492 llanL.
2527 5490 2536 5492 _
2883 5486 2895 5492 _
3042 5482 3055 5492 _
3166 5479 3177 5492 ,

1929 5492 2001 5562 (b)
2040 5491 2096 5544 ln
2128 5491 2254 5562 bibl.
2293 5490 2538 5562 Leidensi
2559 5495 2658 5562 est
2691 5486 2962 5562 egemplar
2992 5482 3058 5535 ad
3093 5482 3249 5548 cujus
3271 5493 3403 5532 mar-

1858 5555 2312 5632 ginem_qugeilani‘
2345 5559 2691 5632 ascripsitls.
2726 5555 2883 5632 _V_oss.
2922 5556 2991 5632 La.

1929 5617 2112 5702 (clpe
2147 5630 2325 5702 Voss-ii
2364 5638 2416 5682 et
2461 5617 2612 5702 Celei
2629 5626 2886 5702 Αθοὰὰε-ν.
2921 5624 3042 5678 Cat.
3091 5618 3273 5702 θοὰὰλ.
3299 5617 3400 5669 Anc

1859 5687 2069 5767 aliae",
2103 5699 2446 5770 prag.7762,‘n.‘
2471 5696 2856 5764 MMCCCVIH,
2897 5710 2949 5750 et
2999 5708 3116 5762 pag.
3182 5687 3278 5743 191
3304 5726 3317 5753 ,
3351 5701 3386 5740 ﬂ

1861 5767 2389 5830 MMMMMMCXXV.
2424 5767 2505 5823 1ο.
2942 5807 2944 5809 .
