  <div class='ocr_page' id='page_1' title='image "/cluster/home/n/w/nwhite01/storage/ocr_20150623/19/pst.000005712045/022.png"; bbox 0 0 4142 6306; ppageno 0'>
   <div class='ocr_carea' id='block_1_1' title="bbox 169 352 3361 425">
    <p class='ocr_par' dir='ltr' id='par_1_1' title="bbox 169 352 3361 425">
     <span class='ocr_line' id='line_1_1' title="bbox 169 352 3361 425; baseline -0.009 0"><span class='ocrx_word' id='word_1_1' title='bbox 169 368 221 425; x_wconf 77' lang='lat'><strong>29</strong></span> <span class='ocrx_word' id='word_1_2' title='bbox 1600 354 1891 411; x_wconf 65' lang='lat' dir='ltr'><strong>norma.</strong></span> <span class='ocrx_word' id='word_1_3' title='bbox 1990 419 1992 423; x_wconf 92' lang='lat'><em>_</em></span> <span class='ocrx_word' id='word_1_4' title='bbox 3291 352 3361 408; x_wconf 70' lang='lat'><strong>30</strong></span> 
     </span>
    </p>
   </div>
   <div class='ocr_carea' id='block_1_2' title="bbox 171 466 3356 555">
    <p class='ocr_par' dir='ltr' id='par_1_2' title="bbox 171 466 3356 555">
     <span class='ocr_line' id='line_1_2' title="bbox 171 466 3356 555; baseline -0.006 -17"><span class='ocrx_word' id='word_1_5' title='bbox 171 491 324 555; x_wconf 80' lang='lat' dir='ltr'><strong>partes</strong></span> <span class='ocrx_word' id='word_1_6' title='bbox 344 481 718 545; x_wconf 81' lang='lat' dir='ltr'><strong>distributum,</strong></span> <span class='ocrx_word' id='word_1_7' title='bbox 752 493 980 550; x_wconf 87' lang='lat' dir='ltr'><strong>quarum</strong></span> <span class='ocrx_word' id='word_1_8' title='bbox 1031 477 1201 533; x_wconf 81' lang='lat' dir='ltr'><strong>altera</strong></span> <span class='ocrx_word' id='word_1_9' title='bbox 1237 477 1451 535; x_wconf 82' lang='lat' dir='ltr'><strong>Eusebii</strong></span> <span class='ocrx_word' id='word_1_10' title='bbox 1487 478 1695 540; x_wconf 87' lang='lat' dir='ltr'><strong>,‘altera</strong></span> <span class='ocrx_word' id='word_1_11' title='bbox 1725 479 1768 535; x_wconf 78' lang='grc' dir='ltr'><strong>Α</strong></span> <span class='ocrx_word' id='word_1_12' title='bbox 1797 472 2130 526; x_wconf 77' lang='lat' dir='ltr'><strong>Constantini</strong></span> <span class='ocrx_word' id='word_1_13' title='bbox 2188 470 2509 540; x_wconf 76' lang='lat' dir='ltr'><strong>Panegyrico</strong></span> <span class='ocrx_word' id='word_1_14' title='bbox 2556 467 2822 539; x_wconf 79' lang='lat' dir='ltr'><strong>insignem</strong></span> <span class='ocrx_word' id='word_1_15' title='bbox 2867 468 3075 538; x_wconf 86' lang='lat' dir='ltr'><strong>accepit</strong></span> <span class='ocrx_word' id='word_1_16' title='bbox 3123 466 3295 521; x_wconf 88' lang='lat' dir='ltr'><strong>lucem</strong></span> <span class='ocrx_word' id='word_1_17' title='bbox 3329 485 3356 519; x_wconf 72' lang='grc' dir='ltr'>η</span> 
     </span>
    </p>
   </div>
   <div class='ocr_carea' id='block_1_3' title="bbox 172 567 1689 636">
    <p class='ocr_par' dir='ltr' id='par_1_3' title="bbox 172 567 1689 636">
     <span class='ocr_line' id='line_1_3' title="bbox 172 567 1689 636; baseline -0.005 -9"><span class='ocrx_word' id='word_1_18' title='bbox 172 575 325 629; x_wconf 71' lang='grc' dir='ltr'>ἰὶυίὶηὶ</span> <span class='ocrx_word' id='word_1_19' title='bbox 383 575 547 627; x_wconf 89' lang='lat' dir='ltr'><strong>libros</strong></span> <span class='ocrx_word' id='word_1_20' title='bbox 592 571 853 636; x_wconf 90' lang='lat' dir='ltr'><strong>continet,</strong></span> <span class='ocrx_word' id='word_1_21' title='bbox 894 570 962 625; x_wconf 88' lang='lat' dir='ltr'><strong>ad</strong></span> <span class='ocrx_word' id='word_1_22' title='bbox 996 568 1289 625; x_wconf 79' lang='lat' dir='ltr'><strong>Vaticanos</strong></span> <span class='ocrx_word' id='word_1_23' title='bbox 1346 586 1479 624; x_wconf 85' lang='lat' dir='ltr'><strong>mss.</strong></span> <span class='ocrx_word' id='word_1_24' title='bbox 1532 567 1689 622; x_wconf 88' lang='lat' dir='ltr'><strong>codd.</strong></span> 
     </span>
    </p>
   </div>
   <div class='ocr_carea' id='block_1_4' title="bbox 171 658 1698 732">
    <p class='ocr_par' dir='ltr' id='par_1_4' title="bbox 171 658 1698 732">
     <span class='ocr_line' id='line_1_4' title="bbox 171 658 1698 732; baseline -0.005 -12"><span class='ocrx_word' id='word_1_25' title='bbox 171 676 359 720; x_wconf 78' lang='lat' dir='ltr'><strong>exactos</strong></span> <span class='ocrx_word' id='word_1_26' title='bbox 390 664 637 732; x_wconf 91' lang='lat' dir='ltr'><strong>notisque</strong></span> <span class='ocrx_word' id='word_1_27' title='bbox 665 662 981 724; x_wconf 79' lang='lat' dir='ltr'><strong>illustratus,</strong></span> <span class='ocrx_word' id='word_1_28' title='bbox 1013 660 1193 715; x_wconf 91' lang='lat' dir='ltr'><strong>studio</strong></span> <span class='ocrx_word' id='word_1_29' title='bbox 1215 660 1274 714; x_wconf 91' lang='lat' dir='ltr'><strong>F.</strong></span> <span class='ocrx_word' id='word_1_30' title='bbox 1310 660 1450 713; x_wconf 78' lang='lat' dir='ltr'><strong>Petri</strong></span> <span class='ocrx_word' id='word_1_31' title='bbox 1482 658 1698 713; x_wconf 63' lang='lat' dir='ltr'><strong>Thomm</strong></span> 
     </span>
    </p>
   </div>
   <div class='ocr_carea' id='block_1_5' title="bbox 172 749 1693 824">
    <p class='ocr_par' dir='ltr' id='par_1_5' title="bbox 172 749 1693 824">
     <span class='ocr_line' id='line_1_5' title="bbox 172 749 1693 824; baseline -0.006 -13"><span class='ocrx_word' id='word_1_32' title='bbox 172 757 391 811; x_wconf 73' lang='lat' dir='ltr'><strong>Cacciari</strong></span> <span class='ocrx_word' id='word_1_33' title='bbox 419 755 635 810; x_wconf 79' lang='lat' dir='ltr'><strong>—Acc.</strong></span> <span class='ocrx_word' id='word_1_34' title='bbox 670 760 957 824; x_wconf 70' lang='lat' dir='ltr'><strong>postrema:</strong></span> <span class='ocrx_word' id='word_1_35' title='bbox 993 753 1130 821; x_wconf 91' lang='lat' dir='ltr'><strong>parti</strong></span> <span class='ocrx_word' id='word_1_36' title='bbox 1161 752 1403 819; x_wconf 82' lang='lat' dir='ltr'><strong>ejusdem</strong></span> <span class='ocrx_word' id='word_1_37' title='bbox 1438 749 1579 805; x_wconf 90' lang='lat' dir='ltr'><strong>Diss.</strong></span> <span class='ocrx_word' id='word_1_38' title='bbox 1618 751 1693 802; x_wconf 84' lang='lat' dir='ltr'><strong>De</strong></span> 
     </span>
    </p>
   </div>
   <div class='ocr_carea' id='block_1_6' title="bbox 174 841 1694 915">
    <p class='ocr_par' dir='ltr' id='par_1_6' title="bbox 174 841 1694 915">
     <span class='ocr_line' id='line_1_6' title="bbox 174 841 1694 915; baseline -0.005 -15"><span class='ocrx_word' id='word_1_39' title='bbox 174 852 277 910; x_wconf 73' lang='lat' dir='ltr'><strong>cita,</strong></span> <span class='ocrx_word' id='word_1_40' title='bbox 333 847 437 915; x_wconf 77' lang='lat' dir='ltr'><strong>ﬁde</strong></span> <span class='ocrx_word' id='word_1_41' title='bbox 476 862 539 898; x_wconf 87' lang='lat' dir='ltr'><strong>ac</strong></span> <span class='ocrx_word' id='word_1_42' title='bbox 585 843 883 897; x_wconf 84' lang='lat' dir='ltr'><strong>Eusebiana</strong></span> <span class='ocrx_word' id='word_1_43' title='bbox 935 843 1051 911; x_wconf 84' lang='lat' dir='ltr'><strong>ipsa</strong></span> <span class='ocrx_word' id='word_1_44' title='bbox 1098 841 1275 910; x_wconf 80' lang='lat' dir='ltr'><strong>Ruﬁni</strong></span> <span class='ocrx_word' id='word_1_45' title='bbox 1330 842 1694 895; x_wconf 79' lang='lat' dir='ltr'><strong>translationc.</strong></span> 
     </span>
    </p>
   </div>
   <div class='ocr_carea' id='block_1_7' title="bbox 172 934 1699 1008">
    <p class='ocr_par' dir='ltr' id='par_1_7' title="bbox 172 934 1699 1008">
     <span class='ocr_line' id='line_1_7' title="bbox 172 934 1699 1008; baseline -0.007 -15"><span class='ocrx_word' id='word_1_46' title='bbox 172 940 352 1001; x_wconf 74' lang='lat' dir='ltr'><strong>Romze,</strong></span> <span class='ocrx_word' id='word_1_47' title='bbox 386 954 509 1008; x_wconf 87' lang='lat' dir='ltr'><strong>pars</strong></span> <span class='ocrx_word' id='word_1_48' title='bbox 549 952 590 999; x_wconf 84' lang='grc' dir='ltr'>ι,</span> <span class='ocrx_word' id='word_1_49' title='bbox 624 934 795 1001; x_wconf 70' lang='grc'>1740;</span> <span class='ocrx_word' id='word_1_50' title='bbox 820 950 872 1005; x_wconf 91' lang='lat' dir='ltr'><strong>p.</strong></span> <span class='ocrx_word' id='word_1_51' title='bbox 910 950 970 997; x_wconf 85' lang='lat' dir='ltr'><strong>ll,</strong></span> <span class='ocrx_word' id='word_1_52' title='bbox 1000 934 1156 1001; x_wconf 63' lang='grc'>1741,</span> <span class='ocrx_word' id='word_1_53' title='bbox 1190 934 1245 993; x_wconf 71' lang='grc'>4,</span> <span class='ocrx_word' id='word_1_54' title='bbox 1281 934 1347 988; x_wconf 90' lang='lat' dir='ltr'><strong>de</strong></span> <span class='ocrx_word' id='word_1_55' title='bbox 1394 950 1500 1003; x_wconf 89' lang='lat' dir='ltr'><strong>quo</strong></span> <span class='ocrx_word' id='word_1_56' title='bbox 1536 947 1699 999; x_wconf 78' lang='lat' dir='ltr'><strong>opere</strong></span> 
     </span>
    </p>
   </div>
   <div class='ocr_carea' id='block_1_8' title="bbox 176 1023 1695 1099">
    <p class='ocr_par' dir='ltr' id='par_1_8' title="bbox 176 1023 1695 1099">
     <span class='ocr_line' id='line_1_8' title="bbox 176 1023 1695 1099; baseline -0.006 -15"><span class='ocrx_word' id='word_1_57' title='bbox 176 1032 367 1099; x_wconf 83' lang='lat' dir='ltr'><strong>copiose</strong></span> <span class='ocrx_word' id='word_1_58' title='bbox 424 1027 643 1083; x_wconf 84' lang='lat' dir='ltr'><strong>disserit</strong></span> <span class='ocrx_word' id='word_1_59' title='bbox 699 1025 1131 1081; x_wconf 87' lang='lat' dir='ltr'><strong>Schoenemann.</strong></span> <span class='ocrx_word' id='word_1_60' title='bbox 1183 1025 1220 1080; x_wconf 93' lang='lat' dir='ltr'><strong>l.</strong></span> <span class='ocrx_word' id='word_1_61' title='bbox 1254 1042 1326 1088; x_wconf 85' lang='lat' dir='ltr'><strong>c.,</strong></span> <span class='ocrx_word' id='word_1_62' title='bbox 1360 1041 1413 1094; x_wconf 92' lang='lat' dir='ltr'><strong>p.</strong></span> <span class='ocrx_word' id='word_1_63' title='bbox 1446 1023 1547 1077; x_wconf 69' lang='grc'>594</span> <span class='ocrx_word' id='word_1_64' title='bbox 1578 1040 1695 1091; x_wconf 90' lang='lat' dir='ltr'><strong>sqq.</strong></span> 
     </span>
    </p>
   </div>
   <div class='ocr_carea' id='block_1_9' title="bbox 176 1115 1700 1186">
    <p class='ocr_par' dir='ltr' id='par_1_9' title="bbox 176 1115 1700 1186">
     <span class='ocr_line' id='line_1_9' title="bbox 176 1115 1700 1186; baseline -0.005 -11"><span class='ocrx_word' id='word_1_65' title='bbox 176 1121 395 1175; x_wconf 74' lang='lat' dir='ltr'><strong>Cacciar.</strong></span> <span class='ocrx_word' id='word_1_66' title='bbox 423 1126 628 1173; x_wconf 73' lang='lat' dir='ltr'><strong>textum</strong></span> <span class='ocrx_word' id='word_1_67' title='bbox 667 1117 734 1171; x_wconf 85' lang='lat' dir='ltr'><strong>ad</strong></span> <span class='ocrx_word' id='word_1_68' title='bbox 771 1119 1009 1186; x_wconf 89' lang='lat' dir='ltr'><strong>quinque</strong></span> <span class='ocrx_word' id='word_1_69' title='bbox 1039 1116 1197 1170; x_wconf 87' lang='lat' dir='ltr'><strong>codd.</strong></span> <span class='ocrx_word' id='word_1_70' title='bbox 1231 1115 1541 1180; x_wconf 69' lang='lat' dir='ltr'><strong>Vaticanos,</strong></span> <span class='ocrx_word' id='word_1_71' title='bbox 1564 1130 1700 1183; x_wconf 89' lang='lat' dir='ltr'><strong>quos</strong></span> 
     </span>
    </p>
   </div>
   <div class='ocr_carea' id='block_1_10' title="bbox 178 1209 1701 1275">
    <p class='ocr_par' dir='ltr' id='par_1_10' title="bbox 178 1209 1701 1275">
     <span class='ocr_line' id='line_1_10' title="bbox 178 1209 1701 1275; baseline -0.006 -7"><span class='ocrx_word' id='word_1_72' title='bbox 178 1220 293 1269; x_wconf 84' lang='lat' dir='ltr'><strong>idem</strong></span> <span class='ocrx_word' id='word_1_73' title='bbox 344 1211 663 1267; x_wconf 88' lang='lat' dir='ltr'><strong>Schoenem.</strong></span> <span class='ocrx_word' id='word_1_74' title='bbox 698 1211 920 1265; x_wconf 86' lang='lat' dir='ltr'><strong>uberius</strong></span> <span class='ocrx_word' id='word_1_75' title='bbox 969 1216 1235 1270; x_wconf 85' lang='lat' dir='ltr'><strong>recenset.</strong></span> <span class='ocrx_word' id='word_1_76' title='bbox 1270 1209 1499 1263; x_wconf 87' lang='lat' dir='ltr'><strong>contulit</strong></span> <span class='ocrx_word' id='word_1_77' title='bbox 1541 1214 1701 1275; x_wconf 88' lang='lat' dir='ltr'><strong>atque</strong></span> 
     </span>
    </p>
   </div>
   <div class='ocr_carea' id='block_1_11' title="bbox 174 1299 1698 1372">
    <p class='ocr_par' dir='ltr' id='par_1_11' title="bbox 174 1299 1698 1372">
     <span class='ocr_line' id='line_1_11' title="bbox 174 1299 1698 1372; baseline -0.007 -11"><span class='ocrx_word' id='word_1_78' title='bbox 174 1304 472 1366; x_wconf 83' lang='lat' dir='ltr'><strong>emendavit,</strong></span> <span class='ocrx_word' id='word_1_79' title='bbox 508 1303 575 1357; x_wconf 87' lang='lat' dir='ltr'><strong>de</strong></span> <span class='ocrx_word' id='word_1_80' title='bbox 624 1302 995 1372; x_wconf 85' lang='lat' dir='ltr'><strong>superioribus</strong></span> <span class='ocrx_word' id='word_1_81' title='bbox 1023 1299 1285 1371; x_wconf 78' lang='lat' dir='ltr'><strong>judicavit</strong></span> <span class='ocrx_word' id='word_1_82' title='bbox 1333 1299 1698 1360; x_wconf 87' lang='lat' dir='ltr'><strong>versionibus,</strong></span> 
     </span>
    </p>
   </div>
   <div class='ocr_carea' id='block_1_12' title="bbox 176 1390 1703 1457">
    <p class='ocr_par' dir='ltr' id='par_1_12' title="bbox 176 1390 1703 1457">
     <span class='ocr_line' id='line_1_12' title="bbox 176 1390 1703 1457; baseline -0.009 -5"><span class='ocrx_word' id='word_1_83' title='bbox 176 1395 440 1452; x_wconf 68' lang='lat' dir='ltr'><strong>etGrtecos</strong></span> <span class='ocrx_word' id='word_1_84' title='bbox 464 1393 677 1449; x_wconf 85' lang='lat' dir='ltr'><strong>Eusebii</strong></span> <span class='ocrx_word' id='word_1_85' title='bbox 701 1392 857 1448; x_wconf 90' lang='lat' dir='ltr'><strong>codd.</strong></span> <span class='ocrx_word' id='word_1_86' title='bbox 886 1391 953 1446; x_wconf 92' lang='lat' dir='ltr'><strong>ad</strong></span> <span class='ocrx_word' id='word_1_87' title='bbox 984 1406 1151 1446; x_wconf 89' lang='lat' dir='ltr'><strong>unum</strong></span> <span class='ocrx_word' id='word_1_88' title='bbox 1194 1405 1384 1445; x_wconf 84' lang='lat' dir='ltr'><strong>omnes</strong></span> <span class='ocrx_word' id='word_1_89' title='bbox 1413 1404 1509 1457; x_wconf 87' lang='lat' dir='ltr'><strong>pro</strong></span> <span class='ocrx_word' id='word_1_90' title='bbox 1536 1390 1703 1441; x_wconf 81' lang='lat' dir='ltr'><strong>inter-</strong></span> 
     </span>
    </p>
   </div>
   <div class='ocr_carea' id='block_1_13' title="bbox 175 1478 1703 1555">
    <p class='ocr_par' dir='ltr' id='par_1_13' title="bbox 175 1478 1703 1555">
     <span class='ocr_line' id='line_1_13' title="bbox 175 1478 1703 1555; baseline -0.006 -16"><span class='ocrx_word' id='word_1_91' title='bbox 175 1486 344 1555; x_wconf 76' lang='lat' dir='ltr'><strong>potatis</strong></span> <span class='ocrx_word' id='word_1_92' title='bbox 379 1495 535 1554; x_wconf 89' lang='lat' dir='ltr'><strong>atque</strong></span> <span class='ocrx_word' id='word_1_93' title='bbox 580 1484 853 1554; x_wconf 81' lang='lat' dir='ltr'><strong>corruptis</strong></span> <span class='ocrx_word' id='word_1_94' title='bbox 899 1483 1093 1547; x_wconf 86' lang='lat' dir='ltr'><strong>habet;</strong></span> <span class='ocrx_word' id='word_1_95' title='bbox 1126 1490 1315 1536; x_wconf 85' lang='lat' dir='ltr'><strong>contra</strong></span> <span class='ocrx_word' id='word_1_96' title='bbox 1348 1487 1499 1546; x_wconf 84' lang='lat' dir='ltr'><strong>putat</strong></span> <span class='ocrx_word' id='word_1_97' title='bbox 1551 1478 1703 1530; x_wconf 84' lang='lat' dir='ltr'><strong>Rufi-</strong></span> 
     </span>
    </p>
   </div>
   <div class='ocr_carea' id='block_1_14' title="bbox 176 1568 1705 1643">
    <p class='ocr_par' dir='ltr' id='par_1_14' title="bbox 176 1568 1705 1643">
     <span class='ocr_line' id='line_1_14' title="bbox 176 1568 1705 1643; baseline -0.006 -15"><span class='ocrx_word' id='word_1_98' title='bbox 176 1591 304 1637; x_wconf 87' lang='lat' dir='ltr'><strong>num,</strong></span> <span class='ocrx_word' id='word_1_99' title='bbox 327 1573 540 1629; x_wconf 83' lang='lat' dir='ltr'><strong>Eusebii</strong></span> <span class='ocrx_word' id='word_1_100' title='bbox 578 1573 912 1643; x_wconf 87' lang='lat' dir='ltr'><strong>temporibus</strong></span> <span class='ocrx_word' id='word_1_101' title='bbox 939 1583 1046 1625; x_wconf 89' lang='lat' dir='ltr'><strong>tam</strong></span> <span class='ocrx_word' id='word_1_102' title='bbox 1089 1570 1470 1640; x_wconf 85' lang='lat' dir='ltr'><strong>propinquum,</strong></span> <span class='ocrx_word' id='word_1_103' title='bbox 1496 1584 1557 1621; x_wconf 86' lang='lat' dir='ltr'><strong>cx</strong></span> <span class='ocrx_word' id='word_1_104' title='bbox 1587 1568 1705 1620; x_wconf 88' lang='lat' dir='ltr'><strong>fon—</strong></span> 
     </span>
    </p>
   </div>
   <div class='ocr_carea' id='block_1_15' title="bbox 174 1659 1702 1735">
    <p class='ocr_par' dir='ltr' id='par_1_15' title="bbox 174 1659 1702 1735">
     <span class='ocr_line' id='line_1_15' title="bbox 174 1659 1702 1735; baseline -0.008 -12"><span class='ocrx_word' id='word_1_105' title='bbox 174 1670 297 1723; x_wconf 87' lang='lat' dir='ltr'><strong>tibus</strong></span> <span class='ocrx_word' id='word_1_106' title='bbox 323 1667 567 1722; x_wconf 88' lang='lat' dir='ltr'><strong>hausisse</strong></span> <span class='ocrx_word' id='word_1_107' title='bbox 600 1664 1015 1735; x_wconf 86' lang='lat' dir='ltr'><strong>limpidioribus.</strong></span> <span class='ocrx_word' id='word_1_108' title='bbox 1067 1662 1307 1716; x_wconf 87' lang='lat' dir='ltr'><strong>Cacciar.</strong></span> <span class='ocrx_word' id='word_1_109' title='bbox 1355 1659 1497 1729; x_wconf 85' lang='lat' dir='ltr'><strong>quod</strong></span> <span class='ocrx_word' id='word_1_110' title='bbox 1522 1660 1702 1711; x_wconf 82' lang='lat' dir='ltr'><strong>Ruﬁni</strong></span> 
     </span>
    </p>
   </div>
   <div class='ocr_carea' id='block_1_16' title="bbox 175 1751 1700 1827">
    <p class='ocr_par' dir='ltr' id='par_1_16' title="bbox 175 1751 1700 1827">
     <span class='ocr_line' id='line_1_16' title="bbox 175 1751 1700 1827; baseline -0.006 -16"><span class='ocrx_word' id='word_1_111' title='bbox 175 1761 452 1815; x_wconf 83' lang='lat' dir='ltr'><strong>versionem</strong></span> <span class='ocrx_word' id='word_1_112' title='bbox 490 1759 658 1827; x_wconf 83' lang='lat' dir='ltr'><strong>longe</strong></span> <span class='ocrx_word' id='word_1_113' title='bbox 678 1764 944 1826; x_wconf 67' lang='lat' dir='ltr'><strong>praestare</strong></span> <span class='ocrx_word' id='word_1_114' title='bbox 977 1753 1281 1809; x_wconf 69' lang='lat' dir='ltr'><strong>Valesiaua:</strong></span> <span class='ocrx_word' id='word_1_115' title='bbox 1323 1751 1700 1815; x_wconf 87' lang='lat' dir='ltr'><strong>contenderat,</strong></span> 
     </span>
    </p>
   </div>
   <div class='ocr_carea' id='block_1_17' title="bbox 175 1844 1703 1920">
    <p class='ocr_par' dir='ltr' id='par_1_17' title="bbox 175 1844 1703 1920">
     <span class='ocr_line' id='line_1_17' title="bbox 175 1844 1703 1920; baseline -0.005 -14"><span class='ocrx_word' id='word_1_116' title='bbox 175 1852 485 1919; x_wconf 80' lang='lat' dir='ltr'><strong>Tartarottus</strong></span> <span class='ocrx_word' id='word_1_117' title='bbox 542 1852 597 1905; x_wconf 90' lang='lat' dir='ltr'><strong>in</strong></span> <span class='ocrx_word' id='word_1_118' title='bbox 642 1849 903 1920; x_wconf 84' lang='lat' dir='ltr'><strong>singulari</strong></span> <span class='ocrx_word' id='word_1_119' title='bbox 936 1848 1102 1917; x_wconf 88' lang='lat' dir='ltr'><strong>disp.,</strong></span> <span class='ocrx_word' id='word_1_120' title='bbox 1156 1846 1399 1900; x_wconf 89' lang='lat' dir='ltr'><strong>Tridenti</strong></span> <span class='ocrx_word' id='word_1_121' title='bbox 1446 1845 1602 1910; x_wconf 76' lang='grc'>1718,</span> <span class='ocrx_word' id='word_1_122' title='bbox 1637 1844 1703 1899; x_wconf 88' lang='lat' dir='ltr'><strong>de</strong></span> 
     </span>
    </p>
   </div>
   <div class='ocr_carea' id='block_1_18' title="bbox 176 1938 1705 2007">
    <p class='ocr_par' dir='ltr' id='par_1_18' title="bbox 176 1938 1705 2007">
     <span class='ocr_line' id='line_1_18' title="bbox 176 1938 1705 2007; baseline -0.004 -12"><span class='ocrx_word' id='word_1_123' title='bbox 176 1946 400 1999; x_wconf 79' lang='lat' dir='ltr'><strong>versione</strong></span> <span class='ocrx_word' id='word_1_124' title='bbox 428 1942 714 1998; x_wconf 81' lang='lat' dir='ltr'><strong>Rufiniana</strong></span> <span class='ocrx_word' id='word_1_125' title='bbox 759 1941 832 1997; x_wconf 82' lang='grc' dir='ltr'><strong>Η.</strong></span> <span class='ocrx_word' id='word_1_126' title='bbox 881 1940 948 1994; x_wconf 73' lang='grc' dir='ltr'><strong>Ε;</strong></span> <span class='ocrx_word' id='word_1_127' title='bbox 991 1938 1229 1999; x_wconf 88' lang='lat' dir='ltr'><strong>Eusebii,</strong></span> <span class='ocrx_word' id='word_1_128' title='bbox 1290 1938 1705 2007; x_wconf 75' lang='lat' dir='ltr'><strong>dignitatem-et</strong></span> 
     </span>
    </p>
   </div>
   <div class='ocr_carea' id='block_1_19' title="bbox 175 2014 1700 2105">
    <p class='ocr_par' dir='ltr' id='par_1_19' title="bbox 175 2014 1700 2105">
     <span class='ocr_line' id='line_1_19' title="bbox 175 2014 1700 2105; baseline -0.008 -14"><span class='ocrx_word' id='word_1_129' title='bbox 175 2035 513 2105; x_wconf 70' lang='lat' dir='ltr'><strong>praestantiam</strong></span> <span class='ocrx_word' id='word_1_130' title='bbox 553 2033 856 2089; x_wconf 71' lang='lat' dir='ltr'><strong>Valesiana:</strong></span> <span class='ocrx_word' id='word_1_131' title='bbox 893 2030 1353 2101; x_wconf 81' lang='lat' dir='ltr'><strong>interpretationis</strong></span> <span class='ocrx_word' id='word_1_132' title='bbox 1386 2014 1700 2082; x_wconf 54' lang='lat' dir='ltr'><strong>vin’dicavit.</strong></span> 
     </span>
    </p>
   </div>
   <div class='ocr_carea' id='block_1_20' title="bbox 178 2118 1706 2197">
    <p class='ocr_par' dir='ltr' id='par_1_20' title="bbox 178 2118 1706 2197">
     <span class='ocr_line' id='line_1_20' title="bbox 178 2118 1706 2197; baseline -0.007 -16"><span class='ocrx_word' id='word_1_133' title='bbox 178 2157 232 2165; x_wconf 84' lang='lat'><strong>-—</strong></span> <span class='ocrx_word' id='word_1_134' title='bbox 259 2127 424 2197; x_wconf 78' lang='lat' dir='ltr'><strong>Atque</strong></span> <span class='ocrx_word' id='word_1_135' title='bbox 466 2124 665 2179; x_wconf 83' lang='lat' dir='ltr'><strong>Valesii</strong></span> <span class='ocrx_word' id='word_1_136' title='bbox 706 2124 887 2179; x_wconf 87' lang='lat' dir='ltr'><strong>versio</strong></span> <span class='ocrx_word' id='word_1_137' title='bbox 937 2121 1153 2177; x_wconf 85' lang='lat' dir='ltr'><strong>Eusebii</strong></span> <span class='ocrx_word' id='word_1_138' title='bbox 1186 2118 1259 2173; x_wconf 84' lang='grc' dir='ltr'><strong>Η.</strong></span> <span class='ocrx_word' id='word_1_139' title='bbox 1304 2118 1366 2171; x_wconf 87' lang='grc' dir='ltr'><strong>Ε.</strong></span> <span class='ocrx_word' id='word_1_140' title='bbox 1393 2127 1444 2173; x_wconf 91' lang='lat' dir='ltr'><strong>et</strong></span> <span class='ocrx_word' id='word_1_141' title='bbox 1484 2118 1559 2170; x_wconf 82' lang='lat' dir='ltr'><strong>De</strong></span> <span class='ocrx_word' id='word_1_142' title='bbox 1601 2120 1706 2170; x_wconf 83' lang='lat' dir='ltr'><strong>vita</strong></span> 
     </span>
    </p>
   </div>
   <div class='ocr_carea' id='block_1_21' title="bbox 176 2208 1704 2284">
    <p class='ocr_par' dir='ltr' id='par_1_21' title="bbox 176 2208 1704 2284">
     <span class='ocr_line' id='line_1_21' title="bbox 176 2208 1704 2284; baseline -0.005 -15"><span class='ocrx_word' id='word_1_143' title='bbox 176 2219 479 2284; x_wconf 66' lang='lat' dir='ltr'><strong>imperatoris</strong></span> <span class='ocrx_word' id='word_1_144' title='bbox 516 2216 854 2271; x_wconf 76' lang='lat' dir='ltr'><strong>Constantini</strong></span> <span class='ocrx_word' id='word_1_145' title='bbox 884 2214 1007 2268; x_wconf 84' lang='lat' dir='ltr'><strong>libr.</strong></span> <span class='ocrx_word' id='word_1_146' title='bbox 1042 2228 1115 2274; x_wconf 78' lang='grc' dir='ltr'><strong>ιν,</strong></span> <span class='ocrx_word' id='word_1_147' title='bbox 1154 2227 1275 2283; x_wconf 81' lang='lat' dir='ltr'><strong>cum</strong></span> <span class='ocrx_word' id='word_1_148' title='bbox 1307 2212 1542 2263; x_wconf 88' lang='lat' dir='ltr'><strong>oratione</strong></span> <span class='ocrx_word' id='word_1_149' title='bbox 1564 2208 1704 2264; x_wconf 86' lang='lat' dir='ltr'><strong>Con-</strong></span> 
     </span>
    </p>
   </div>
   <div class='ocr_carea' id='block_1_22' title="bbox 178 2300 1705 2372">
    <p class='ocr_par' dir='ltr' id='par_1_22' title="bbox 178 2300 1705 2372">
     <span class='ocr_line' id='line_1_22' title="bbox 178 2300 1705 2372; baseline -0.006 -11"><span class='ocrx_word' id='word_1_150' title='bbox 178 2312 374 2361; x_wconf 73' lang='lat' dir='ltr'><strong>stantini</strong></span> <span class='ocrx_word' id='word_1_151' title='bbox 409 2308 475 2361; x_wconf 78' lang='lat' dir='ltr'><strong>ad</strong></span> <span class='ocrx_word' id='word_1_152' title='bbox 526 2315 740 2361; x_wconf 85' lang='lat' dir='ltr'><strong>sanctos</strong></span> <span class='ocrx_word' id='word_1_153' title='bbox 794 2312 851 2360; x_wconf 84' lang='lat' dir='ltr'><strong>et</strong></span> <span class='ocrx_word' id='word_1_154' title='bbox 910 2319 1032 2358; x_wconf 89' lang='lat' dir='ltr'><strong>cum</strong></span> <span class='ocrx_word' id='word_1_155' title='bbox 1081 2302 1409 2372; x_wconf 79' lang='lat' dir='ltr'><strong>Panegyrico</strong></span> <span class='ocrx_word' id='word_1_156' title='bbox 1464 2300 1705 2365; x_wconf 85' lang='lat' dir='ltr'><strong>Eusebii,</strong></span> 
     </span>
    </p>
   </div>
   <div class='ocr_carea' id='block_1_23' title="bbox 176 2393 1705 2462">
    <p class='ocr_par' dir='ltr' id='par_1_23' title="bbox 176 2393 1705 2462">
     <span class='ocr_line' id='line_1_23' title="bbox 176 2393 1705 2462; baseline -0.005 -10"><span class='ocrx_word' id='word_1_157' title='bbox 176 2413 284 2452; x_wconf 86' lang='lat' dir='ltr'><strong>cum</strong></span> <span class='ocrx_word' id='word_1_158' title='bbox 334 2400 470 2454; x_wconf 88' lang='lat' dir='ltr'><strong>notis</strong></span> <span class='ocrx_word' id='word_1_159' title='bbox 514 2396 717 2451; x_wconf 80' lang='lat' dir='ltr'><strong>Valesii</strong></span> <span class='ocrx_word' id='word_1_160' title='bbox 759 2404 815 2449; x_wconf 90' lang='lat' dir='ltr'><strong>et</strong></span> <span class='ocrx_word' id='word_1_161' title='bbox 863 2396 1136 2450; x_wconf 86' lang='lat' dir='ltr'><strong>variorum</strong></span> <span class='ocrx_word' id='word_1_162' title='bbox 1168 2410 1231 2448; x_wconf 81' lang='lat' dir='ltr'><strong>ex</strong></span> <span class='ocrx_word' id='word_1_163' title='bbox 1267 2394 1545 2462; x_wconf 66' lang='lat' dir='ltr'><strong>lieadingii</strong></span> <span class='ocrx_word' id='word_1_164' title='bbox 1575 2393 1705 2453; x_wconf 83' lang='lat' dir='ltr'><strong>edit.</strong></span> 
     </span>
    </p>
   </div>
   <div class='ocr_carea' id='block_1_24' title="bbox 179 2486 1710 2557">
    <p class='ocr_par' dir='ltr' id='par_1_24' title="bbox 179 2486 1710 2557">
     <span class='ocr_line' id='line_1_24' title="bbox 179 2486 1710 2557; baseline -0.005 -10"><span class='ocrx_word' id='word_1_165' title='bbox 179 2508 349 2548; x_wconf 81' lang='lat' dir='ltr'><strong>recusa</strong></span> <span class='ocrx_word' id='word_1_166' title='bbox 376 2500 457 2546; x_wconf 91' lang='lat' dir='ltr'><strong>est</strong></span> <span class='ocrx_word' id='word_1_167' title='bbox 506 2491 625 2547; x_wconf 88' lang='lat' dir='ltr'><strong>sine</strong></span> <span class='ocrx_word' id='word_1_168' title='bbox 660 2496 810 2543; x_wconf 82' lang='lat' dir='ltr'><strong>textu</strong></span> <span class='ocrx_word' id='word_1_169' title='bbox 836 2492 1046 2553; x_wconf 60' lang='lat' dir='ltr'><strong>Graeco,</strong></span> <span class='ocrx_word' id='word_1_170' title='bbox 1079 2486 1319 2543; x_wconf 84' lang='lat' dir='ltr'><strong>Venetiis</strong></span> <span class='ocrx_word' id='word_1_171' title='bbox 1340 2530 1354 2552; x_wconf 89' lang='lat'><strong>,</strong></span> <span class='ocrx_word' id='word_1_172' title='bbox 1409 2488 1547 2557; x_wconf 87' lang='lat' dir='ltr'><strong>typis</strong></span> <span class='ocrx_word' id='word_1_173' title='bbox 1599 2487 1710 2539; x_wconf 86' lang='lat' dir='ltr'><strong>An-</strong></span> 
     </span>
    </p>
   </div>
   <div class='ocr_carea' id='block_1_25' title="bbox 179 2580 1706 2647">
    <p class='ocr_par' dir='ltr' id='par_1_25' title="bbox 179 2580 1706 2647">
     <span class='ocr_line' id='line_1_25' title="bbox 179 2580 1706 2647; baseline -0.005 -6"><span class='ocrx_word' id='word_1_174' title='bbox 179 2588 293 2641; x_wconf 87' lang='lat' dir='ltr'><strong>tonii</strong></span> <span class='ocrx_word' id='word_1_175' title='bbox 330 2584 477 2639; x_wconf 89' lang='lat' dir='ltr'><strong>Zatta</strong></span> <span class='ocrx_word' id='word_1_176' title='bbox 524 2584 692 2647; x_wconf 77' lang='grc'>1765,</span> <span class='ocrx_word' id='word_1_177' title='bbox 740 2582 872 2636; x_wconf 89' lang='lat' dir='ltr'><strong>tomi</strong></span> <span class='ocrx_word' id='word_1_178' title='bbox 912 2582 1050 2643; x_wconf 89' lang='lat' dir='ltr'><strong>duo,</strong></span> <span class='ocrx_word' id='word_1_179' title='bbox 1117 2581 1171 2634; x_wconf 88' lang='lat' dir='ltr'><strong>in</strong></span> <span class='ocrx_word' id='word_1_180' title='bbox 1237 2580 1411 2633; x_wconf 90' lang='lat' dir='ltr'><strong>tribus</strong></span> <span class='ocrx_word' id='word_1_181' title='bbox 1442 2580 1567 2633; x_wconf 50' lang='lat' dir='ltr'><strong>vol‘l.</strong></span> <span class='ocrx_word' id='word_1_182' title='bbox 1640 2580 1706 2646; x_wconf 73' lang='grc'>4,</span> 
     </span>
    </p>
   </div>
   <div class='ocr_carea' id='block_1_26' title="bbox 180 2668 1709 2747">
    <p class='ocr_par' dir='ltr' id='par_1_26' title="bbox 180 2668 1709 2747">
     <span class='ocr_line' id='line_1_26' title="bbox 180 2668 1709 2747; baseline -0.008 -16"><span class='ocrx_word' id='word_1_183' title='bbox 180 2680 237 2733; x_wconf 85' lang='lat' dir='ltr'><strong>de</strong></span> <span class='ocrx_word' id='word_1_184' title='bbox 263 2693 363 2747; x_wconf 89' lang='lat' dir='ltr'><strong>qua</strong></span> <span class='ocrx_word' id='word_1_185' title='bbox 396 2676 523 2731; x_wconf 89' lang='lat' dir='ltr'><strong>edit.</strong></span> <span class='ocrx_word' id='word_1_186' title='bbox 556 2674 680 2728; x_wconf 85' lang='lat' dir='ltr'><strong>vide</strong></span> <span class='ocrx_word' id='word_1_187' title='bbox 725 2674 796 2727; x_wconf 89' lang='lat' dir='ltr'><strong>cl.</strong></span> <span class='ocrx_word' id='word_1_188' title='bbox 834 2671 1059 2733; x_wconf 86' lang='lat' dir='ltr'><strong>Morelli,</strong></span> <span class='ocrx_word' id='word_1_189' title='bbox 1084 2670 1243 2739; x_wconf 88' lang='lat' dir='ltr'><strong>epist.</strong></span> <span class='ocrx_word' id='word_1_190' title='bbox 1291 2670 1357 2722; x_wconf 88' lang='lat' dir='ltr'><strong>ad</strong></span> <span class='ocrx_word' id='word_1_191' title='bbox 1394 2684 1476 2720; x_wconf 90' lang='lat' dir='ltr'><strong>me</strong></span> <span class='ocrx_word' id='word_1_192' title='bbox 1505 2668 1709 2733; x_wconf 86' lang='lat' dir='ltr'><strong>datam,</strong></span> 
     </span>
    </p>
   </div>
   <div class='ocr_carea' id='block_1_27' title="bbox 178 2757 1711 2838">
    <p class='ocr_par' dir='ltr' id='par_1_27' title="bbox 178 2757 1711 2838">
     <span class='ocr_line' id='line_1_27' title="bbox 178 2757 1711 2838; baseline -0.01 -13"><span class='ocrx_word' id='word_1_193' title='bbox 178 2778 223 2825; x_wconf 82' lang='lat' dir='ltr'><strong>et</strong></span> <span class='ocrx_word' id='word_1_194' title='bbox 252 2769 542 2838; x_wconf 76' lang='lat' dir='ltr'><strong>evulgatam</strong></span> <span class='ocrx_word' id='word_1_195' title='bbox 578 2781 606 2818; x_wconf 91' lang='lat' dir='ltr'><strong>a</strong></span> <span class='ocrx_word' id='word_1_196' title='bbox 631 2780 718 2819; x_wconf 90' lang='lat' dir='ltr'><strong>me</strong></span> <span class='ocrx_word' id='word_1_197' title='bbox 777 2766 847 2837; x_wconf 2' lang='lat' dir='ltr'><strong>in,</strong></span> <span class='ocrx_word' id='word_1_198' title='bbox 882 2761 1089 2816; x_wconf 86' lang='lat' dir='ltr'><strong>Introd.</strong></span> <span class='ocrx_word' id='word_1_199' title='bbox 1120 2762 1174 2813; x_wconf 90' lang='lat' dir='ltr'><strong>in</strong></span> <span class='ocrx_word' id='word_1_200' title='bbox 1196 2760 1320 2813; x_wconf 82' lang='lat' dir='ltr'><strong>hist.</strong></span> <span class='ocrx_word' id='word_1_201' title='bbox 1346 2757 1409 2812; x_wconf 93' lang='lat' dir='ltr'><strong>L.</strong></span> <span class='ocrx_word' id='word_1_202' title='bbox 1430 2757 1520 2813; x_wconf 85' lang='lat' dir='ltr'><strong>Gr.</strong></span> <span class='ocrx_word' id='word_1_203' title='bbox 1557 2758 1622 2820; x_wconf 91' lang='grc'><strong>11,</strong></span> <span class='ocrx_word' id='word_1_204' title='bbox 1654 2757 1711 2824; x_wconf 76' lang='lat'><strong>2,</strong></span> 
     </span>
    </p>
   </div>
   <div class='ocr_carea' id='block_1_28' title="bbox 180 2850 1714 2929">
    <p class='ocr_par' dir='ltr' id='par_1_28' title="bbox 180 2850 1714 2929">
     <span class='ocr_line' id='line_1_28' title="bbox 180 2850 1714 2929; baseline -0.008 -15"><span class='ocrx_word' id='word_1_205' title='bbox 180 2875 286 2929; x_wconf 73' lang='lat' dir='ltr'><strong>pag.</strong></span> <span class='ocrx_word' id='word_1_206' title='bbox 315 2859 415 2913; x_wconf 77' lang='lat'><strong>559</strong></span> <span class='ocrx_word' id='word_1_207' title='bbox 440 2874 521 2926; x_wconf 89' lang='lat' dir='ltr'><strong>sq.</strong></span> <span class='ocrx_word' id='word_1_208' title='bbox 553 2886 620 2895; x_wconf 88' lang='lat'><strong>-—</strong></span> <span class='ocrx_word' id='word_1_209' title='bbox 652 2855 726 2910; x_wconf 89' lang='lat' dir='ltr'><strong>De</strong></span> <span class='ocrx_word' id='word_1_210' title='bbox 750 2854 1081 2909; x_wconf 88' lang='lat' dir='ltr'><strong>editionibus</strong></span> <span class='ocrx_word' id='word_1_211' title='bbox 1124 2850 1329 2907; x_wconf 87' lang='lat' dir='ltr'><strong>Latinis</strong></span> <span class='ocrx_word' id='word_1_212' title='bbox 1358 2858 1519 2920; x_wconf 90' lang='lat' dir='ltr'><strong>atque</strong></span> <span class='ocrx_word' id='word_1_213' title='bbox 1546 2850 1714 2903; x_wconf 86' lang='lat' dir='ltr'><strong>inter-</strong></span> 
     </span>
    </p>
   </div>
   <div class='ocr_carea' id='block_1_29' title="bbox 181 2941 1712 3019">
    <p class='ocr_par' dir='ltr' id='par_1_29' title="bbox 181 2941 1712 3019">
     <span class='ocr_line' id='line_1_29' title="bbox 181 2941 1712 3019; baseline -0.008 -16"><span class='ocrx_word' id='word_1_214' title='bbox 181 2949 402 3019; x_wconf 87' lang='lat' dir='ltr'><strong>pretibus</strong></span> <span class='ocrx_word' id='word_1_215' title='bbox 427 2946 543 3001; x_wconf 89' lang='lat' dir='ltr'><strong>Lat.</strong></span> <span class='ocrx_word' id='word_1_216' title='bbox 575 2963 628 3001; x_wconf 89' lang='lat' dir='ltr'><strong>v.</strong></span> <span class='ocrx_word' id='word_1_217' title='bbox 668 2960 884 3016; x_wconf 88' lang='lat' dir='ltr'><strong>quoque</strong></span> <span class='ocrx_word' id='word_1_218' title='bbox 919 2941 1126 2998; x_wconf 85' lang='lat' dir='ltr'><strong>Stroth.</strong></span> <span class='ocrx_word' id='word_1_219' title='bbox 1173 2944 1229 2997; x_wconf 91' lang='lat' dir='ltr'><strong>in</strong></span> <span class='ocrx_word' id='word_1_220' title='bbox 1280 2941 1433 3011; x_wconf 81' lang='lat' dir='ltr'><strong>praef.</strong></span> <span class='ocrx_word' id='word_1_221' title='bbox 1468 2941 1531 2993; x_wconf 90' lang='lat' dir='ltr'><strong>ad</strong></span> <span class='ocrx_word' id='word_1_222' title='bbox 1560 2954 1712 2995; x_wconf 88' lang='lat' dir='ltr'><strong>suam</strong></span> 
     </span>
    </p>
   </div>
   <div class='ocr_carea' id='block_1_30' title="bbox 181 3032 1502 3107">
    <p class='ocr_par' dir='ltr' id='par_1_30' title="bbox 181 3032 1502 3107">
     <span class='ocr_line' id='line_1_30' title="bbox 181 3032 1502 3107; baseline -0.007 -12"><span class='ocrx_word' id='word_1_223' title='bbox 181 3041 376 3095; x_wconf 81' lang='lat' dir='ltr'><strong>Eusebii</strong></span> <span class='ocrx_word' id='word_1_224' title='bbox 411 3038 478 3093; x_wconf 88' lang='lat' dir='ltr'><strong>H.</strong></span> <span class='ocrx_word' id='word_1_225' title='bbox 510 3037 575 3094; x_wconf 87' lang='lat' dir='ltr'><strong>E.</strong></span> <span class='ocrx_word' id='word_1_226' title='bbox 610 3039 764 3103; x_wconf 89' lang='lat' dir='ltr'><strong>edit.,</strong></span> <span class='ocrx_word' id='word_1_227' title='bbox 789 3052 912 3107; x_wconf 78' lang='lat' dir='ltr'><strong>pag.</strong></span> <span class='ocrx_word' id='word_1_228' title='bbox 953 3050 1144 3098; x_wconf 78' lang='lat' dir='ltr'><strong>xxviii,</strong></span> <span class='ocrx_word' id='word_1_229' title='bbox 1173 3050 1292 3104; x_wconf 89' lang='lat' dir='ltr'><strong>sqq.</strong></span> <span class='ocrx_word' id='word_1_230' title='bbox 1330 3032 1502 3087; x_wconf 60' lang='lat' dir='ltr'><strong>Hann.</strong></span> 
     </span>
    </p>
   </div>
   <div class='ocr_carea' id='block_1_31' title="bbox 1796 554 3356 635">
    <p class='ocr_par' dir='ltr' id='par_1_31' title="bbox 1796 554 3356 635">
     <span class='ocr_line' id='line_1_31' title="bbox 1796 554 3356 635; baseline -0.007 -16"><span class='ocrx_word' id='word_1_231' title='bbox 1796 565 2052 635; x_wconf 69' lang='lat' dir='ltr'><strong>praeclara</strong></span> <span class='ocrx_word' id='word_1_232' title='bbox 2086 562 2348 617; x_wconf 90' lang='lat' dir='ltr'><strong>industria</strong></span> <span class='ocrx_word' id='word_1_233' title='bbox 2405 560 2758 615; x_wconf 84' lang='lat' dir='ltr'><strong>eruditissimi</strong></span> <span class='ocrx_word' id='word_1_234' title='bbox 2786 561 2909 622; x_wconf 86' lang='lat' dir='ltr'><strong>viri,</strong></span> <span class='ocrx_word' id='word_1_235' title='bbox 2944 557 3163 613; x_wconf 76' lang='lat' dir='ltr'><strong>Henrici</strong></span> <span class='ocrx_word' id='word_1_236' title='bbox 3197 554 3356 610; x_wconf 80' lang='lat' dir='ltr'><strong>Vale-</strong></span> 
     </span>
    </p>
   </div>
   <div class='ocr_carea' id='block_1_32' title="bbox 1798 645 3356 722">
    <p class='ocr_par' dir='ltr' id='par_1_32' title="bbox 1798 645 3356 722">
     <span class='ocr_line' id='line_1_32' title="bbox 1798 645 3356 722; baseline -0.007 -13"><span class='ocrx_word' id='word_1_237' title='bbox 1798 654 1885 719; x_wconf 91' lang='lat' dir='ltr'><strong>sii,</strong></span> <span class='ocrx_word' id='word_1_238' title='bbox 1923 653 2013 722; x_wconf 88' lang='lat' dir='ltr'><strong>qui</strong></span> <span class='ocrx_word' id='word_1_239' title='bbox 2042 652 2227 705; x_wconf 84' lang='lat' dir='ltr'><strong>Graeca</strong></span> <span class='ocrx_word' id='word_1_240' title='bbox 2257 650 2532 705; x_wconf 89' lang='lat' dir='ltr'><strong>recensuit</strong></span> <span class='ocrx_word' id='word_1_241' title='bbox 2562 648 2627 701; x_wconf 89' lang='lat' dir='ltr'><strong>ad</strong></span> <span class='ocrx_word' id='word_1_242' title='bbox 2664 662 2792 701; x_wconf 85' lang='lat' dir='ltr'><strong>mss.</strong></span> <span class='ocrx_word' id='word_1_243' title='bbox 2831 648 2989 702; x_wconf 90' lang='lat' dir='ltr'><strong>binos</strong></span> <span class='ocrx_word' id='word_1_244' title='bbox 3028 647 3190 715; x_wconf 69' lang='lat' dir='ltr'><strong>regiae</strong></span> <span class='ocrx_word' id='word_1_245' title='bbox 3225 645 3356 698; x_wconf 86' lang='lat' dir='ltr'><strong>bibl.</strong></span> 
     </span>
    </p>
   </div>
   <div class='ocr_carea' id='block_1_33' title="bbox 1797 737 3363 815">
    <p class='ocr_par' dir='ltr' id='par_1_33' title="bbox 1797 737 3363 815">
     <span class='ocr_line' id='line_1_33' title="bbox 1797 737 3363 815; baseline -0.005 -16"><span class='ocrx_word' id='word_1_246' title='bbox 1797 746 1993 815; x_wconf 89' lang='lat' dir='ltr'><strong>quibus</strong></span> <span class='ocrx_word' id='word_1_247' title='bbox 2041 742 2179 797; x_wconf 82' lang='lat' dir='ltr'><strong>Rob.</strong></span> <span class='ocrx_word' id='word_1_248' title='bbox 2218 740 2525 811; x_wconf 85' lang='lat' dir='ltr'><strong>Stephanus</strong></span> <span class='ocrx_word' id='word_1_249' title='bbox 2581 756 2713 795; x_wconf 88' lang='lat' dir='ltr'><strong>usus</strong></span> <span class='ocrx_word' id='word_1_250' title='bbox 2773 738 2979 803; x_wconf 81' lang='lat' dir='ltr'><strong>fuerat,</strong></span> <span class='ocrx_word' id='word_1_251' title='bbox 3029 737 3363 805; x_wconf 87' lang='lat' dir='ltr'><strong>tertiumque</strong></span> 
     </span>
    </p>
   </div>
   <div class='ocr_carea' id='block_1_34' title="bbox 1798 826 3363 903">
    <p class='ocr_par' dir='ltr' id='par_1_34' title="bbox 1798 826 3363 903">
     <span class='ocr_line' id='line_1_34' title="bbox 1798 826 3363 903; baseline -0.008 -14"><span class='ocrx_word' id='word_1_252' title='bbox 1798 837 2057 903; x_wconf 85' lang='lat' dir='ltr'><strong>optimum</strong></span> <span class='ocrx_word' id='word_1_253' title='bbox 2089 833 2533 895; x_wconf 84' lang='lat' dir='ltr'><strong>Mazarinianum,</strong></span> <span class='ocrx_word' id='word_1_254' title='bbox 2566 830 2787 885; x_wconf 90' lang='lat' dir='ltr'><strong>scholiis</strong></span> <span class='ocrx_word' id='word_1_255' title='bbox 2808 830 2971 883; x_wconf 88' lang='lat' dir='ltr'><strong>etiam</strong></span> <span class='ocrx_word' id='word_1_256' title='bbox 3003 828 3208 881; x_wconf 63' lang='lat' dir='ltr'><strong>Graecis</strong></span> <span class='ocrx_word' id='word_1_257' title='bbox 3234 826 3363 879; x_wconf 84' lang='lat' dir='ltr'><strong>hinc</strong></span> 
     </span>
    </p>
   </div>
   <div class='ocr_carea' id='block_1_35' title="bbox 1798 915 3361 990">
    <p class='ocr_par' dir='ltr' id='par_1_35' title="bbox 1798 915 3361 990">
     <span class='ocr_line' id='line_1_35' title="bbox 1798 915 3361 990; baseline -0.006 -11"><span class='ocrx_word' id='word_1_258' title='bbox 1798 927 1921 981; x_wconf 85' lang='lat' dir='ltr'><strong>inde</strong></span> <span class='ocrx_word' id='word_1_259' title='bbox 1956 925 2279 977; x_wconf 86' lang='lat' dir='ltr'><strong>illustratum</strong></span> <span class='ocrx_word' id='word_1_260' title='bbox 2300 962 2314 986; x_wconf 92' lang='lat'><strong>,</strong></span> <span class='ocrx_word' id='word_1_261' title='bbox 2346 938 2465 990; x_wconf 73' lang='lat' dir='ltr'><strong>quae</strong></span> <span class='ocrx_word' id='word_1_262' title='bbox 2494 920 2638 973; x_wconf 90' lang='lat' dir='ltr'><strong>notis</strong></span> <span class='ocrx_word' id='word_1_263' title='bbox 2666 919 2780 973; x_wconf 90' lang='lat' dir='ltr'><strong>suis</strong></span> <span class='ocrx_word' id='word_1_264' title='bbox 2819 919 3075 987; x_wconf 89' lang='lat' dir='ltr'><strong>pleraque</strong></span> <span class='ocrx_word' id='word_1_265' title='bbox 3110 915 3361 971; x_wconf 82' lang='lat' dir='ltr'><strong>Valesius</strong></span> 
     </span>
    </p>
   </div>
   <div class='ocr_carea' id='block_1_36' title="bbox 1799 1008 3357 1081">
    <p class='ocr_par' dir='ltr' id='par_1_36' title="bbox 1799 1008 3357 1081">
     <span class='ocr_line' id='line_1_36' title="bbox 1799 1008 3357 1081; baseline -0.006 -10"><span class='ocrx_word' id='word_1_266' title='bbox 1799 1017 2044 1077; x_wconf 86' lang='lat' dir='ltr'><strong>inseruit,</strong></span> <span class='ocrx_word' id='word_1_267' title='bbox 2077 1022 2129 1068; x_wconf 86' lang='lat' dir='ltr'><strong>et</strong></span> <span class='ocrx_word' id='word_1_268' title='bbox 2152 1021 2403 1081; x_wconf 88' lang='lat' dir='ltr'><strong>quartum</strong></span> <span class='ocrx_word' id='word_1_269' title='bbox 2437 1011 2553 1065; x_wconf 72' lang='lat' dir='ltr'><strong>Nic.</strong></span> <span class='ocrx_word' id='word_1_270' title='bbox 2588 1009 2849 1073; x_wconf 81' lang='lat' dir='ltr'><strong>Fucketii,</strong></span> <span class='ocrx_word' id='word_1_271' title='bbox 2882 1017 2994 1061; x_wconf 92' lang='lat' dir='ltr'><strong>tum</strong></span> <span class='ocrx_word' id='word_1_272' title='bbox 3020 1008 3201 1063; x_wconf 85' lang='lat' dir='ltr'><strong>varias</strong></span> <span class='ocrx_word' id='word_1_273' title='bbox 3232 1008 3357 1062; x_wconf 88' lang='lat' dir='ltr'><strong>lect.</strong></span> 
     </span>
    </p>
   </div>
   <div class='ocr_carea' id='block_1_37' title="bbox 1800 1099 3359 1166">
    <p class='ocr_par' dir='ltr' id='par_1_37' title="bbox 1800 1099 3359 1166">
     <span class='ocr_line' id='line_1_37' title="bbox 1800 1099 3359 1166; baseline -0.009 -3"><span class='ocrx_word' id='word_1_274' title='bbox 1800 1126 1829 1163; x_wconf 87' lang='lat' dir='ltr'><strong>e</strong></span> <span class='ocrx_word' id='word_1_275' title='bbox 1868 1105 2127 1166; x_wconf 85' lang='lat' dir='ltr'><strong>Turnebi,</strong></span> <span class='ocrx_word' id='word_1_276' title='bbox 2161 1100 2408 1156; x_wconf 80' lang='lat' dir='ltr'><strong>Vulcobii</strong></span> <span class='ocrx_word' id='word_1_277' title='bbox 2442 1108 2495 1156; x_wconf 90' lang='lat' dir='ltr'><strong>et</strong></span> <span class='ocrx_word' id='word_1_278' title='bbox 2537 1100 2724 1155; x_wconf 89' lang='lat' dir='ltr'><strong>Savilii</strong></span> <span class='ocrx_word' id='word_1_279' title='bbox 2757 1099 3035 1154; x_wconf 90' lang='lat' dir='ltr'><strong>codicibus</strong></span> <span class='ocrx_word' id='word_1_280' title='bbox 3068 1117 3080 1151; x_wconf 89' lang='lat'><strong>:</strong></span> <span class='ocrx_word' id='word_1_281' title='bbox 3117 1108 3228 1151; x_wconf 92' lang='lat' dir='ltr'><strong>tum</strong></span> <span class='ocrx_word' id='word_1_282' title='bbox 3260 1113 3359 1150; x_wconf 92' lang='lat' dir='ltr'><strong>no-</strong></span> 
     </span>
    </p>
   </div>
   <div class='ocr_carea' id='block_1_38' title="bbox 1800 1189 3361 1264">
    <p class='ocr_par' dir='ltr' id='par_1_38' title="bbox 1800 1189 3361 1264">
     <span class='ocr_line' id='line_1_38' title="bbox 1800 1189 3361 1264; baseline -0.004 -12"><span class='ocrx_word' id='word_1_283' title='bbox 1800 1215 1919 1252; x_wconf 84' lang='lat' dir='ltr'><strong>vam</strong></span> <span class='ocrx_word' id='word_1_284' title='bbox 1948 1209 2001 1253; x_wconf 88' lang='lat' dir='ltr'><strong>et</strong></span> <span class='ocrx_word' id='word_1_285' title='bbox 2037 1197 2428 1251; x_wconf 86' lang='lat' dir='ltr'><strong>accuratiorem</strong></span> <span class='ocrx_word' id='word_1_286' title='bbox 2470 1193 2545 1264; x_wconf 89' lang='lat' dir='ltr'><strong>(a)</strong></span> <span class='ocrx_word' id='word_1_287' title='bbox 2611 1194 2915 1247; x_wconf 77' lang='lat' dir='ltr'><strong>versionem</strong></span> <span class='ocrx_word' id='word_1_288' title='bbox 2975 1201 3236 1259; x_wconf 88' lang='lat' dir='ltr'><strong>notasque</strong></span> <span class='ocrx_word' id='word_1_289' title='bbox 3270 1189 3361 1245; x_wconf 81' lang='lat' dir='ltr'><strong>do-</strong></span> 
     </span>
    </p>
   </div>
   <div class='ocr_carea' id='block_1_39' title="bbox 1802 1281 3362 1359">
    <p class='ocr_par' dir='ltr' id='par_1_39' title="bbox 1802 1281 3362 1359">
     <span class='ocr_line' id='line_1_39' title="bbox 1802 1281 3362 1359; baseline -0.008 -15"><span class='ocrx_word' id='word_1_290' title='bbox 1802 1299 1917 1344; x_wconf 88' lang='lat' dir='ltr'><strong>ctas</strong></span> <span class='ocrx_word' id='word_1_291' title='bbox 1952 1297 2111 1359; x_wconf 88' lang='lat' dir='ltr'><strong>atque</strong></span> <span class='ocrx_word' id='word_1_292' title='bbox 2142 1286 2392 1342; x_wconf 89' lang='lat' dir='ltr'><strong>omnibus</strong></span> <span class='ocrx_word' id='word_1_293' title='bbox 2414 1284 2650 1337; x_wconf 81' lang='lat' dir='ltr'><strong>historia:</strong></span> <span class='ocrx_word' id='word_1_294' title='bbox 2675 1285 2871 1336; x_wconf 90' lang='lat' dir='ltr'><strong>eccles.</strong></span> <span class='ocrx_word' id='word_1_295' title='bbox 2897 1282 3155 1334; x_wconf 87' lang='lat' dir='ltr'><strong>studiosis</strong></span> <span class='ocrx_word' id='word_1_296' title='bbox 3183 1281 3362 1349; x_wconf 82' lang='lat' dir='ltr'><strong>legen-</strong></span> 
     </span>
    </p>
   </div>
   <div class='ocr_carea' id='block_1_40' title="bbox 1802 1371 3363 1446">
    <p class='ocr_par' dir='ltr' id='par_1_40' title="bbox 1802 1371 3363 1446">
     <span class='ocr_line' id='line_1_40' title="bbox 1802 1371 3363 1446; baseline -0.008 -11"><span class='ocrx_word' id='word_1_297' title='bbox 1802 1382 1898 1435; x_wconf 88' lang='lat' dir='ltr'><strong>das</strong></span> <span class='ocrx_word' id='word_1_298' title='bbox 1928 1380 2171 1433; x_wconf 85' lang='lat' dir='ltr'><strong>addidit:</strong></span> <span class='ocrx_word' id='word_1_299' title='bbox 2215 1376 2446 1446; x_wconf 78' lang='lat' dir='ltr'><strong>denique</strong></span> <span class='ocrx_word' id='word_1_300' title='bbox 2476 1382 2667 1444; x_wconf 56' lang='lat' dir='ltr'><strong>praeter</strong></span> <span class='ocrx_word' id='word_1_301' title='bbox 2703 1372 2844 1427; x_wconf 87' lang='lat' dir='ltr'><strong>Diss.</strong></span> <span class='ocrx_word' id='word_1_302' title='bbox 2879 1373 2945 1425; x_wconf 89' lang='lat' dir='ltr'><strong>de</strong></span> <span class='ocrx_word' id='word_1_303' title='bbox 2981 1371 3097 1426; x_wconf 83' lang='lat' dir='ltr'><strong>Vita</strong></span> <span class='ocrx_word' id='word_1_304' title='bbox 3144 1371 3363 1425; x_wconf 89' lang='lat' dir='ltr'><strong>Eusebii</strong></span> 
     </span>
    </p>
   </div>
   <div class='ocr_carea' id='block_1_41' title="bbox 1801 1467 3367 1539">
    <p class='ocr_par' dir='ltr' id='par_1_41' title="bbox 1801 1467 3367 1539">
     <span class='ocr_line' id='line_1_41' title="bbox 1801 1467 3367 1539; baseline -0.008 -11"><span class='ocrx_word' id='word_1_305' title='bbox 1801 1482 1853 1528; x_wconf 89' lang='lat' dir='ltr'><strong>ct</strong></span> <span class='ocrx_word' id='word_1_306' title='bbox 1885 1473 2122 1539; x_wconf 89' lang='lat' dir='ltr'><strong>scriptis,</strong></span> <span class='ocrx_word' id='word_1_307' title='bbox 2148 1478 2200 1523; x_wconf 87' lang='lat' dir='ltr'><strong>et</strong></span> <span class='ocrx_word' id='word_1_308' title='bbox 2231 1478 2469 1523; x_wconf 83' lang='lat' dir='ltr'><strong>veterum</strong></span> <span class='ocrx_word' id='word_1_309' title='bbox 2494 1470 2559 1522; x_wconf 89' lang='lat' dir='ltr'><strong>de</strong></span> <span class='ocrx_word' id='word_1_310' title='bbox 2585 1467 2817 1521; x_wconf 87' lang='lat' dir='ltr'><strong>Eusebio</strong></span> <span class='ocrx_word' id='word_1_311' title='bbox 2848 1467 2901 1519; x_wconf 92' lang='lat' dir='ltr'><strong>in</strong></span> <span class='ocrx_word' id='word_1_312' title='bbox 2938 1473 3222 1532; x_wconf 89' lang='lat' dir='ltr'><strong>utramque</strong></span> <span class='ocrx_word' id='word_1_313' title='bbox 3246 1479 3367 1531; x_wconf 89' lang='lat' dir='ltr'><strong>par-</strong></span> 
     </span>
    </p>
   </div>
   <div class='ocr_carea' id='block_1_42' title="bbox 1802 1557 3365 1633">
    <p class='ocr_par' dir='ltr' id='par_1_42' title="bbox 1802 1557 3365 1633">
     <span class='ocr_line' id='line_1_42' title="bbox 1802 1557 3365 1633; baseline -0.01 -10"><span class='ocrx_word' id='word_1_314' title='bbox 1802 1577 1909 1624; x_wconf 89' lang='lat' dir='ltr'><strong>tem</strong></span> <span class='ocrx_word' id='word_1_315' title='bbox 1943 1567 2273 1627; x_wconf 82' lang='lat' dir='ltr'><strong>testimonia,</strong></span> <span class='ocrx_word' id='word_1_316' title='bbox 2307 1564 2564 1633; x_wconf 80' lang='lat' dir='ltr'><strong>praemisit</strong></span> <span class='ocrx_word' id='word_1_317' title='bbox 2594 1561 2733 1615; x_wconf 84' lang='lat' dir='ltr'><strong>Petri</strong></span> <span class='ocrx_word' id='word_1_318' title='bbox 2775 1560 2840 1613; x_wconf 88' lang='lat' dir='ltr'><strong>de</strong></span> <span class='ocrx_word' id='word_1_319' title='bbox 2868 1557 3045 1611; x_wconf 82' lang='lat' dir='ltr'><strong>Marca</strong></span> <span class='ocrx_word' id='word_1_320' title='bbox 3079 1558 3365 1627; x_wconf 88' lang='lat' dir='ltr'><strong>epistolam</strong></span> 
     </span>
    </p>
   </div>
   <div class='ocr_carea' id='block_1_43' title="bbox 1805 1656 3365 1736">
    <p class='ocr_par' dir='ltr' id='par_1_43' title="bbox 1805 1656 3365 1736">
     <span class='ocr_line' id='line_1_43' title="bbox 1805 1656 3365 1736; baseline -0.01 -12"><span class='ocrx_word' id='word_1_321' title='bbox 1805 1668 1869 1723; x_wconf 86' lang='lat' dir='ltr'><strong>ad</strong></span> <span class='ocrx_word' id='word_1_322' title='bbox 1897 1683 1955 1723; x_wconf 92' lang='lat' dir='ltr'><strong>sc</strong></span> <span class='ocrx_word' id='word_1_323' title='bbox 1988 1668 2246 1736; x_wconf 77' lang='lat' dir='ltr'><strong>scriptam</strong></span> <span class='ocrx_word' id='word_1_324' title='bbox 2277 1665 2340 1717; x_wconf 87' lang='lat' dir='ltr'><strong>de</strong></span> <span class='ocrx_word' id='word_1_325' title='bbox 2370 1664 2669 1733; x_wconf 77' lang='lat' dir='ltr'><strong>originibus</strong></span> <span class='ocrx_word' id='word_1_326' title='bbox 2712 1659 3110 1715; x_wconf 88' lang='lat' dir='ltr'><strong>Christianismi</strong></span> <span class='ocrx_word' id='word_1_327' title='bbox 3155 1658 3208 1710; x_wconf 90' lang='lat' dir='ltr'><strong>in</strong></span> <span class='ocrx_word' id='word_1_328' title='bbox 3238 1656 3365 1709; x_wconf 90' lang='lat' dir='ltr'><strong>Gal-</strong></span> 
     </span>
    </p>
   </div>
   <div class='ocr_carea' id='block_1_44' title="bbox 1806 1747 3365 1829">
    <p class='ocr_par' dir='ltr' id='par_1_44' title="bbox 1806 1747 3365 1829">
     <span class='ocr_line' id='line_1_44' title="bbox 1806 1747 3365 1829; baseline -0.009 -16"><span class='ocrx_word' id='word_1_329' title='bbox 1806 1761 1899 1823; x_wconf 90' lang='lat' dir='ltr'><strong>lia,</strong></span> <span class='ocrx_word' id='word_1_330' title='bbox 1934 1774 2041 1829; x_wconf 89' lang='lat' dir='ltr'><strong>quo</strong></span> <span class='ocrx_word' id='word_1_331' title='bbox 2070 1759 2136 1811; x_wconf 90' lang='lat' dir='ltr'><strong>de</strong></span> <span class='ocrx_word' id='word_1_332' title='bbox 2187 1764 2505 1826; x_wconf 79' lang='lat' dir='ltr'><strong>argumento</strong></span> <span class='ocrx_word' id='word_1_333' title='bbox 2536 1752 2771 1808; x_wconf 85' lang='lat' dir='ltr'><strong>conferri</strong></span> <span class='ocrx_word' id='word_1_334' title='bbox 2807 1754 2968 1807; x_wconf 84' lang='lat' dir='ltr'><strong>etiam</strong></span> <span class='ocrx_word' id='word_1_335' title='bbox 3000 1756 3225 1819; x_wconf 87' lang='lat' dir='ltr'><strong>possunt</strong></span> <span class='ocrx_word' id='word_1_336' title='bbox 3252 1747 3365 1800; x_wconf 81' lang='lat' dir='ltr'><strong>An-</strong></span> 
     </span>
    </p>
   </div>
   <div class='ocr_carea' id='block_1_45' title="bbox 1805 1840 3362 1915">
    <p class='ocr_par' dir='ltr' id='par_1_45' title="bbox 1805 1840 3362 1915">
     <span class='ocr_line' id='line_1_45' title="bbox 1805 1840 3362 1915; baseline -0.008 -9"><span class='ocrx_word' id='word_1_337' title='bbox 1805 1852 1963 1906; x_wconf 85' lang='lat' dir='ltr'><strong>dreas</strong></span> <span class='ocrx_word' id='word_1_338' title='bbox 2010 1848 2292 1903; x_wconf 66' lang='lat' dir='ltr'><strong>Saussaaus</strong></span> <span class='ocrx_word' id='word_1_339' title='bbox 2344 1847 2415 1900; x_wconf 87' lang='lat' dir='ltr'><strong>De</strong></span> <span class='ocrx_word' id='word_1_340' title='bbox 2469 1847 2701 1915; x_wconf 85' lang='lat' dir='ltr'><strong>mysticis</strong></span> <span class='ocrx_word' id='word_1_341' title='bbox 2758 1845 2947 1898; x_wconf 76' lang='lat' dir='ltr'><strong>Gallia:</strong></span> <span class='ocrx_word' id='word_1_342' title='bbox 2986 1840 3362 1910; x_wconf 82' lang='lat' dir='ltr'><strong>scriptoribus.</strong></span> 
     </span>
    </p>
   </div>
   <div class='ocr_carea' id='block_1_46' title="bbox 1806 1933 3367 2015">
    <p class='ocr_par' dir='ltr' id='par_1_46' title="bbox 1806 1933 3367 2015">
     <span class='ocr_line' id='line_1_46' title="bbox 1806 1933 3367 2015; baseline -0.008 -17"><span class='ocrx_word' id='word_1_343' title='bbox 1806 1961 1859 2015; x_wconf 89' lang='lat' dir='ltr'><strong>p.</strong></span> <span class='ocrx_word' id='word_1_344' title='bbox 1891 1945 1996 1998; x_wconf 72' lang='grc'><strong>279</strong></span> <span class='ocrx_word' id='word_1_345' title='bbox 2023 1960 2110 2014; x_wconf 87' lang='lat' dir='ltr'><strong>sq.</strong></span> <span class='ocrx_word' id='word_1_346' title='bbox 2140 1950 2192 1998; x_wconf 89' lang='lat' dir='ltr'><strong>et</strong></span> <span class='ocrx_word' id='word_1_347' title='bbox 2218 1942 2323 1995; x_wconf 76' lang='grc'>500</span> <span class='ocrx_word' id='word_1_348' title='bbox 2358 1956 2465 2010; x_wconf 87' lang='lat' dir='ltr'><strong>sq.,</strong></span> <span class='ocrx_word' id='word_1_349' title='bbox 2498 1947 2549 1993; x_wconf 87' lang='lat' dir='ltr'><strong>et</strong></span> <span class='ocrx_word' id='word_1_350' title='bbox 2573 1946 2758 1991; x_wconf 88' lang='lat' dir='ltr'><strong>auctor</strong></span> <span class='ocrx_word' id='word_1_351' title='bbox 2787 1954 2939 1991; x_wconf 66' lang='lat' dir='ltr'><strong>nova}</strong></span> <span class='ocrx_word' id='word_1_352' title='bbox 2970 1933 3367 1989; x_wconf 82' lang='lat' dir='ltr'><strong>dissertationis</strong></span> 
     </span>
    </p>
   </div>
   <div class='ocr_carea' id='block_1_47' title="bbox 1806 2026 3368 2104">
    <p class='ocr_par' dir='ltr' id='par_1_47' title="bbox 1806 2026 3368 2104">
     <span class='ocr_line' id='line_1_47' title="bbox 1806 2026 3368 2104; baseline -0.009 -13"><span class='ocrx_word' id='word_1_353' title='bbox 1806 2039 1882 2091; x_wconf 87' lang='lat' dir='ltr'><strong>De</strong></span> <span class='ocrx_word' id='word_1_354' title='bbox 1918 2047 2142 2104; x_wconf 85' lang='lat' dir='ltr'><strong>tempore</strong></span> <span class='ocrx_word' id='word_1_355' title='bbox 2172 2033 2481 2088; x_wconf 74' lang='lat' dir='ltr'><strong>introducta:</strong></span> <span class='ocrx_word' id='word_1_356' title='bbox 2513 2033 2568 2083; x_wconf 88' lang='lat' dir='ltr'><strong>in</strong></span> <span class='ocrx_word' id='word_1_357' title='bbox 2610 2028 2837 2083; x_wconf 83' lang='lat' dir='ltr'><strong>Galliam</strong></span> <span class='ocrx_word' id='word_1_358' title='bbox 2870 2028 3189 2082; x_wconf 70' lang='lat' dir='ltr'><strong>Christianae</strong></span> <span class='ocrx_word' id='word_1_359' title='bbox 3239 2026 3368 2078; x_wconf 84' lang='lat' dir='ltr'><strong>reli-</strong></span> 
     </span>
    </p>
   </div>
   <div class='ocr_carea' id='block_1_48' title="bbox 1804 2118 3366 2201">
    <p class='ocr_par' dir='ltr' id='par_1_48' title="bbox 1804 2118 3366 2201">
     <span class='ocr_line' id='line_1_48' title="bbox 1804 2118 3366 2201; baseline -0.006 -18"><span class='ocrx_word' id='word_1_360' title='bbox 1804 2131 1971 2201; x_wconf 86' lang='lat' dir='ltr'><strong>gionis</strong></span> <span class='ocrx_word' id='word_1_361' title='bbox 2017 2129 2104 2199; x_wconf 88' lang='lat' dir='ltr'><strong>(de</strong></span> <span class='ocrx_word' id='word_1_362' title='bbox 2153 2141 2258 2195; x_wconf 91' lang='lat' dir='ltr'><strong>qua</strong></span> <span class='ocrx_word' id='word_1_363' title='bbox 2301 2122 2665 2193; x_wconf 82' lang='lat' dir='ltr'><strong>Ephemerides</strong></span> <span class='ocrx_word' id='word_1_364' title='bbox 2719 2122 3041 2175; x_wconf 75' lang='lat' dir='ltr'><strong>Parisienses</strong></span> <span class='ocrx_word' id='word_1_365' title='bbox 3093 2136 3160 2173; x_wconf 51' lang='lat' dir='ltr'><strong>an</strong></span> <span class='ocrx_word' id='word_1_366' title='bbox 3198 2118 3366 2180; x_wconf 80' lang='grc'>1705,</span> 
     </span>
    </p>
   </div>
   <div class='ocr_carea' id='block_1_49' title="bbox 1760 2208 3368 2291">
    <p class='ocr_par' dir='ltr' id='par_1_49' title="bbox 1760 2208 3368 2291">
     <span class='ocr_line' id='line_1_49' title="bbox 1760 2208 3368 2291; baseline -0.008 -18"><span class='ocrx_word' id='word_1_367' title='bbox 1760 2277 1773 2291; x_wconf 53' lang='grc'><strong>,</strong></span> <span class='ocrx_word' id='word_1_368' title='bbox 1805 2237 1859 2291; x_wconf 92' lang='lat' dir='ltr'><strong>p.</strong></span> <span class='ocrx_word' id='word_1_369' title='bbox 1898 2218 2085 2287; x_wconf 82' lang='lat'><strong>1071),</strong></span> <span class='ocrx_word' id='word_1_370' title='bbox 2135 2217 2401 2285; x_wconf 68' lang='lat' dir='ltr'><strong>praecipue</strong></span> <span class='ocrx_word' id='word_1_371' title='bbox 2432 2211 2669 2283; x_wconf 81' lang='lat' dir='ltr'><strong>Joannes</strong></span> <span class='ocrx_word' id='word_1_372' title='bbox 2708 2210 2983 2265; x_wconf 85' lang='lat' dir='ltr'><strong>Launoius</strong></span> <span class='ocrx_word' id='word_1_373' title='bbox 3019 2211 3073 2262; x_wconf 91' lang='lat' dir='ltr'><strong>in</strong></span> <span class='ocrx_word' id='word_1_374' title='bbox 3129 2208 3368 2277; x_wconf 66' lang='lat' dir='ltr'><strong>epistolae</strong></span> 
     </span>
    </p>
   </div>
   <div class='ocr_carea' id='block_1_50' title="bbox 1805 2298 3371 2373">
    <p class='ocr_par' dir='ltr' id='par_1_50' title="bbox 1805 2298 3371 2373">
     <span class='ocr_line' id='line_1_50' title="bbox 1805 2298 3371 2373; baseline -0.007 -10"><span class='ocrx_word' id='word_1_375' title='bbox 1805 2309 1951 2364; x_wconf 90' lang='lat' dir='ltr'><strong>Petri</strong></span> <span class='ocrx_word' id='word_1_376' title='bbox 1994 2308 2061 2362; x_wconf 91' lang='lat' dir='ltr'><strong>de</strong></span> <span class='ocrx_word' id='word_1_377' title='bbox 2097 2307 2276 2360; x_wconf 79' lang='lat' dir='ltr'><strong>Marca</strong></span> <span class='ocrx_word' id='word_1_378' title='bbox 2323 2304 2721 2373; x_wconf 86' lang='lat' dir='ltr'><strong>dispunctione.</strong></span> <span class='ocrx_word' id='word_1_379' title='bbox 2770 2301 3188 2357; x_wconf 87' lang='lat' dir='ltr'><strong>Dissertationes</strong></span> <span class='ocrx_word' id='word_1_380' title='bbox 3212 2298 3371 2353; x_wconf 86' lang='lat' dir='ltr'><strong>Vale-</strong></span> 
     </span>
    </p>
   </div>
   <div class='ocr_carea' id='block_1_51' title="bbox 1808 2389 3371 2465">
    <p class='ocr_par' dir='ltr' id='par_1_51' title="bbox 1808 2389 3371 2465">
     <span class='ocr_line' id='line_1_51' title="bbox 1808 2389 3371 2465; baseline -0.009 -10"><span class='ocrx_word' id='word_1_381' title='bbox 1808 2402 1923 2456; x_wconf 90' lang='lat' dir='ltr'><strong>sius</strong></span> <span class='ocrx_word' id='word_1_382' title='bbox 1979 2399 2127 2455; x_wconf 91' lang='lat' dir='ltr'><strong>notis</strong></span> <span class='ocrx_word' id='word_1_383' title='bbox 2188 2399 2303 2454; x_wconf 88' lang='lat' dir='ltr'><strong>suis</strong></span> <span class='ocrx_word' id='word_1_384' title='bbox 2366 2395 2649 2465; x_wconf 81' lang='lat' dir='ltr'><strong>subjunxit</strong></span> <span class='ocrx_word' id='word_1_385' title='bbox 2701 2393 2799 2447; x_wconf 90' lang='lat' dir='ltr'><strong>has</strong></span> <span class='ocrx_word' id='word_1_386' title='bbox 2853 2400 3130 2461; x_wconf 86' lang='lat' dir='ltr'><strong>quatuor:</strong></span> <span class='ocrx_word' id='word_1_387' title='bbox 3183 2391 3233 2445; x_wconf 85' lang='lat'><strong>1.</strong></span> <span class='ocrx_word' id='word_1_388' title='bbox 3298 2389 3371 2442; x_wconf 79' lang='lat' dir='ltr'><strong>De</strong></span> 
     </span>
    </p>
   </div>
   <div class='ocr_carea' id='block_1_52' title="bbox 1808 2480 3371 2558">
    <p class='ocr_par' dir='ltr' id='par_1_52' title="bbox 1808 2480 3371 2558">
     <span class='ocr_line' id='line_1_52' title="bbox 1808 2480 3371 2558; baseline -0.009 -10"><span class='ocrx_word' id='word_1_389' title='bbox 1808 2494 2085 2548; x_wconf 80' lang='lat' dir='ltr'><strong>schismate</strong></span> <span class='ocrx_word' id='word_1_390' title='bbox 2117 2491 2514 2545; x_wconf 84' lang='lat' dir='ltr'><strong>Donatistarum</strong></span> <span class='ocrx_word' id='word_1_391' title='bbox 2542 2504 2697 2558; x_wconf 84' lang='lat' dir='ltr'><strong>usque</strong></span> <span class='ocrx_word' id='word_1_392' title='bbox 2735 2485 2801 2538; x_wconf 84' lang='lat' dir='ltr'><strong>ad</strong></span> <span class='ocrx_word' id='word_1_393' title='bbox 2851 2481 2911 2535; x_wconf 84' lang='lat' dir='ltr'><strong>A.</strong></span> <span class='ocrx_word' id='word_1_394' title='bbox 2946 2481 3003 2537; x_wconf 87' lang='lat' dir='ltr'><strong>C.</strong></span> <span class='ocrx_word' id='word_1_395' title='bbox 3043 2482 3172 2547; x_wconf 66' lang='lat'><strong>525;</strong></span> <span class='ocrx_word' id='word_1_396' title='bbox 3205 2481 3257 2533; x_wconf 73' lang='grc'><strong>2.</strong></span> <span class='ocrx_word' id='word_1_397' title='bbox 3295 2480 3371 2534; x_wconf 80' lang='lat' dir='ltr'><strong>De</strong></span> 
     </span>
    </p>
   </div>
   <div class='ocr_carea' id='block_1_53' title="bbox 1809 2569 3371 2645">
    <p class='ocr_par' dir='ltr' id='par_1_53' title="bbox 1809 2569 3371 2645">
     <span class='ocr_line' id='line_1_53' title="bbox 1809 2569 3371 2645; baseline -0.009 -8"><span class='ocrx_word' id='word_1_398' title='bbox 1809 2602 1912 2637; x_wconf 90' lang='lat' dir='ltr'><strong>uno</strong></span> <span class='ocrx_word' id='word_1_399' title='bbox 1937 2592 2159 2645; x_wconf 86' lang='lat' dir='ltr'><strong>tantum,</strong></span> <span class='ocrx_word' id='word_1_400' title='bbox 2193 2598 2292 2634; x_wconf 86' lang='lat' dir='ltr'><strong>non</strong></span> <span class='ocrx_word' id='word_1_401' title='bbox 2339 2581 2539 2632; x_wconf 80' lang='lat' dir='ltr'><strong>duobus</strong></span> <span class='ocrx_word' id='word_1_402' title='bbox 2576 2577 2777 2645; x_wconf 81' lang='lat' dir='ltr'><strong>templis</strong></span> <span class='ocrx_word' id='word_1_403' title='bbox 2804 2592 2835 2627; x_wconf 89' lang='lat' dir='ltr'><strong>a</strong></span> <span class='ocrx_word' id='word_1_404' title='bbox 2861 2572 3206 2629; x_wconf 84' lang='lat' dir='ltr'><strong>Constantino</strong></span> <span class='ocrx_word' id='word_1_405' title='bbox 3238 2569 3371 2623; x_wconf 87' lang='lat' dir='ltr'><strong>Hie-</strong></span> 
     </span>
    </p>
   </div>
   <div class='ocr_carea' id='block_1_54' title="bbox 1811 2662 3371 2745">
    <p class='ocr_par' dir='ltr' id='par_1_54' title="bbox 1811 2662 3371 2745">
     <span class='ocr_line' id='line_1_54' title="bbox 1811 2662 3371 2745; baseline -0.01 -15"><span class='ocrx_word' id='word_1_406' title='bbox 1811 2677 2088 2745; x_wconf 77' lang='lat' dir='ltr'><strong>rosolyma:</strong></span> <span class='ocrx_word' id='word_1_407' title='bbox 2112 2673 2370 2733; x_wconf 86' lang='lat' dir='ltr'><strong>conditis;</strong></span> <span class='ocrx_word' id='word_1_408' title='bbox 2405 2671 2455 2724; x_wconf 79' lang='grc'><strong>5.</strong></span> <span class='ocrx_word' id='word_1_409' title='bbox 2489 2669 2570 2721; x_wconf 87' lang='lat' dir='ltr'><strong>Ad</strong></span> <span class='ocrx_word' id='word_1_410' title='bbox 2610 2667 2731 2721; x_wconf 79' lang='lat' dir='ltr'><strong>Jac.</strong></span> <span class='ocrx_word' id='word_1_411' title='bbox 2770 2665 3068 2726; x_wconf 83' lang='lat' dir='ltr'><strong>Usserium,</strong></span> <span class='ocrx_word' id='word_1_412' title='bbox 3124 2662 3371 2716; x_wconf 80' lang='lat' dir='ltr'><strong>adversus</strong></span> 
     </span>
    </p>
   </div>
   <div class='ocr_carea' id='block_1_55' title="bbox 1791 2751 3375 2827">
    <p class='ocr_par' dir='ltr' id='par_1_55' title="bbox 1791 2751 3375 2827">
     <span class='ocr_line' id='line_1_55' title="bbox 1791 2751 3375 2827; baseline -0.011 -7"><span class='ocrx_word' id='word_1_413' title='bbox 1791 2764 1955 2820; x_wconf 68' lang='lat' dir='ltr'><strong>illius</strong></span> <span class='ocrx_word' id='word_1_414' title='bbox 1982 2764 2291 2818; x_wconf 85' lang='lat' dir='ltr'><strong>sententiam</strong></span> <span class='ocrx_word' id='word_1_415' title='bbox 2317 2763 2380 2813; x_wconf 85' lang='lat' dir='ltr'><strong>de</strong></span> <span class='ocrx_word' id='word_1_416' title='bbox 2404 2758 2607 2827; x_wconf 83' lang='lat' dir='ltr'><strong>perdita</strong></span> <span class='ocrx_word' id='word_1_417' title='bbox 2647 2758 2876 2811; x_wconf 67' lang='lat' dir='ltr'><strong>versione</strong></span> <span class='ocrx_word' id='word_1_418' title='bbox 2902 2752 3053 2807; x_wconf 80' lang='lat' dir='ltr'><strong>LXX</strong></span> <span class='ocrx_word' id='word_1_419' title='bbox 3112 2751 3375 2820; x_wconf 82' lang='lat' dir='ltr'><strong>Interpre-</strong></span> 
     </span>
    </p>
   </div>
   <div class='ocr_carea' id='block_1_56' title="bbox 1812 2846 3390 2930">
    <p class='ocr_par' dir='ltr' id='par_1_56' title="bbox 1812 2846 3390 2930">
     <span class='ocr_line' id='line_1_56' title="bbox 1812 2846 3390 2930; baseline -0.009 -12"><span class='ocrx_word' id='word_1_420' title='bbox 1812 2877 1922 2920; x_wconf 88' lang='lat' dir='ltr'><strong>tum</strong></span> <span class='ocrx_word' id='word_1_421' title='bbox 1952 2853 2000 2919; x_wconf 75' lang='lat' dir='ltr'><strong>el</strong></span> <span class='ocrx_word' id='word_1_422' title='bbox 2030 2861 2283 2930; x_wconf 74' lang='lat' dir='ltr'><strong>Ilexaplis</strong></span> <span class='ocrx_word' id='word_1_423' title='bbox 2305 2858 2577 2929; x_wconf 82' lang='lat' dir='ltr'><strong>Origenis;</strong></span> <span class='ocrx_word' id='word_1_424' title='bbox 2608 2856 2659 2909; x_wconf 71' lang='grc'><strong>4.</strong></span> <span class='ocrx_word' id='word_1_425' title='bbox 2693 2854 2770 2908; x_wconf 88' lang='lat' dir='ltr'><strong>De</strong></span> <span class='ocrx_word' id='word_1_426' title='bbox 2796 2851 3197 2923; x_wconf 78' lang='lat' dir='ltr'><strong>Martyrologio,</strong></span> <span class='ocrx_word' id='word_1_427' title='bbox 3237 2846 3390 2921; x_wconf 64' lang='lat' dir='ltr'><strong>quod&#39;</strong></span> 
     </span>
    </p>
   </div>
   <div class='ocr_carea' id='block_1_57' title="bbox 1812 2950 3373 3026">
    <p class='ocr_par' dir='ltr' id='par_1_57' title="bbox 1812 2950 3373 3026">
     <span class='ocr_line' id='line_1_57' title="bbox 1812 2950 3373 3026; baseline -0.011 -7"><span class='ocrx_word' id='word_1_428' title='bbox 1812 2963 2110 3020; x_wconf 84' lang='lat' dir='ltr'><strong>Rosweidus</strong></span> <span class='ocrx_word' id='word_1_429' title='bbox 2154 2960 2315 3016; x_wconf 78' lang='lat' dir='ltr'><strong>edidit</strong></span> <span class='ocrx_word' id='word_1_430' title='bbox 2341 2997 2357 3023; x_wconf 92' lang='lat'><strong>,</strong></span> <span class='ocrx_word' id='word_1_431' title='bbox 2402 2966 2451 3011; x_wconf 86' lang='lat' dir='ltr'><strong>et</strong></span> <span class='ocrx_word' id='word_1_432' title='bbox 2498 2970 2766 3026; x_wconf 70' lang='lat' dir='ltr'><strong>perperam</strong></span> <span class='ocrx_word' id='word_1_433' title='bbox 2816 2960 2909 3020; x_wconf 84' lang='lat' dir='ltr'><strong>pro</strong></span> <span class='ocrx_word' id='word_1_434' title='bbox 2948 2953 3103 3005; x_wconf 80' lang='lat' dir='ltr'><strong>veteri</strong></span> <span class='ocrx_word' id='word_1_435' title='bbox 3151 2950 3373 3019; x_wconf 60' lang='lat' dir='ltr'><strong>genuino</strong></span> 
     </span>
    </p>
   </div>
   <div class='ocr_carea' id='block_1_58' title="bbox 1817 3038 3368 3123">
    <p class='ocr_par' dir='ltr' id='par_1_58' title="bbox 1817 3038 3368 3123">
     <span class='ocr_line' id='line_1_58' title="bbox 1817 3038 3368 3123; baseline -0.012 -11"><span class='ocrx_word' id='word_1_436' title='bbox 1817 3058 2051 3112; x_wconf 84' lang='lat' dir='ltr'><strong>Romano</strong></span> <span class='ocrx_word' id='word_1_437' title='bbox 2078 3048 2458 3123; x_wconf 41' lang='lat' dir='ltr'><strong>Martyro’logio</strong></span> <span class='ocrx_word' id='word_1_438' title='bbox 2490 3048 2733 3117; x_wconf 80' lang='lat' dir='ltr'><strong>jactavit.</strong></span> <span class='ocrx_word' id='word_1_439' title='bbox 2786 3043 2990 3099; x_wconf 89' lang='lat' dir='ltr'><strong>Prodiit</strong></span> <span class='ocrx_word' id='word_1_440' title='bbox 3018 3041 3236 3097; x_wconf 88' lang='lat' dir='ltr'><strong>Eusebii</strong></span> <span class='ocrx_word' id='word_1_441' title='bbox 3268 3038 3368 3095; x_wconf 75' lang='lat' dir='ltr'><strong>Va-</strong></span> 
     </span>
    </p>
   </div>
   <div class='ocr_carea' id='block_1_59' title="bbox 238 3125 3374 3212">
    <p class='ocr_par' dir='ltr' id='par_1_59' title="bbox 238 3125 3374 3212">
     <span class='ocr_line' id='line_1_59' title="bbox 238 3125 3374 3212; baseline -0.01 4"><span class='ocrx_word' id='word_1_442' title='bbox 238 3132 408 3189; x_wconf 62' lang='lat' dir='ltr'><strong>Gm</strong></span> <span class='ocrx_word' id='word_1_443' title='bbox 446 3131 685 3195; x_wconf 60' lang='lat' dir='ltr'><strong>Eusebii’</strong></span> <span class='ocrx_word' id='word_1_444' title='bbox 722 3128 987 3192; x_wconf 57' lang='lat' dir='ltr'><strong>socratis’</strong></span> <span class='ocrx_word' id='word_1_445' title='bbox 1019 3126 1365 3187; x_wconf 59' lang='lat' dir='ltr'><strong>TbeOdori‘i&#39;</strong></span> <span class='ocrx_word' id='word_1_446' title='bbox 1428 3125 1713 3179; x_wconf 64' lang='lat' dir='ltr'><strong>sozomem</strong></span> <span class='ocrx_word' id='word_1_447' title='bbox 1741 3156 1782 3212; x_wconf 90' lang='lat' dir='ltr'><strong>C.</strong></span> <span class='ocrx_word' id='word_1_448' title='bbox 1815 3151 1933 3205; x_wconf 89' lang='lat' dir='ltr'><strong>lesii</strong></span> <span class='ocrx_word' id='word_1_449' title='bbox 1954 3150 2139 3204; x_wconf 62' lang='lat' dir='ltr'><strong>Grece</strong></span> <span class='ocrx_word' id='word_1_450' title='bbox 2166 3154 2220 3202; x_wconf 91' lang='lat' dir='ltr'><strong>et</strong></span> <span class='ocrx_word' id='word_1_451' title='bbox 2247 3144 2437 3198; x_wconf 89' lang='lat' dir='ltr'><strong>Latine</strong></span> <span class='ocrx_word' id='word_1_452' title='bbox 2462 3140 2636 3195; x_wconf 89' lang='lat' dir='ltr'><strong>Paris.</strong></span> <span class='ocrx_word' id='word_1_453' title='bbox 2657 3153 2913 3210; x_wconf 90' lang='lat' dir='ltr'><strong>perquam</strong></span> <span class='ocrx_word' id='word_1_454' title='bbox 2943 3137 3112 3199; x_wconf 87' lang='lat' dir='ltr'><strong>nitide</strong></span> <span class='ocrx_word' id='word_1_455' title='bbox 3140 3132 3374 3197; x_wconf 80' lang='lat' dir='ltr'><strong>a.1659,</strong></span> 
     </span>
    </p>
   </div>
   <div class='ocr_carea' id='block_1_60' title="bbox 178 3217 1713 3295">
    <p class='ocr_par' dir='ltr' id='par_1_60' title="bbox 178 3217 1713 3295">
     <span class='ocr_line' id='line_1_60' title="bbox 178 3217 1713 3295; baseline -0.006 -15"><span class='ocrx_word' id='word_1_456' title='bbox 178 3233 226 3280; x_wconf 85' lang='lat' dir='ltr'><strong>et</strong></span> <span class='ocrx_word' id='word_1_457' title='bbox 251 3224 453 3295; x_wconf 73' lang='lat' dir='ltr'><strong>Evagrii</strong></span> <span class='ocrx_word' id='word_1_458' title='bbox 482 3221 782 3277; x_wconf 83' lang='lat' dir='ltr'><strong>Historiam</strong></span> <span class='ocrx_word' id='word_1_459' title='bbox 831 3219 1239 3274; x_wconf 80' lang='lat' dir='ltr'><strong>ecclesiasticam</strong></span> <span class='ocrx_word' id='word_1_460' title='bbox 1293 3217 1713 3286; x_wconf 75' lang='lat' dir='ltr'><strong>elegantissimis</strong></span> 
     </span>
    </p>
   </div>
   <div class='ocr_carea' id='block_1_61' title="bbox 181 3307 1781 3390">
    <p class='ocr_par' dir='ltr' id='par_1_61' title="bbox 181 3307 1781 3390">
     <span class='ocr_line' id='line_1_61' title="bbox 181 3307 1781 3390; baseline -0.005 -19"><span class='ocrx_word' id='word_1_461' title='bbox 181 3318 307 3390; x_wconf 83' lang='lat' dir='ltr'><strong>typis</strong></span> <span class='ocrx_word' id='word_1_462' title='bbox 332 3332 396 3373; x_wconf 76' lang='lat' dir='ltr'><strong>ex</strong></span> <span class='ocrx_word' id='word_1_463' title='bbox 423 3316 582 3372; x_wconf 89' lang='lat' dir='ltr'><strong>codd.</strong></span> <span class='ocrx_word' id='word_1_464' title='bbox 619 3314 783 3384; x_wconf 78' lang='lat' dir='ltr'><strong>regiis</strong></span> <span class='ocrx_word' id='word_1_465' title='bbox 820 3311 989 3367; x_wconf 89' lang='lat' dir='ltr'><strong>edidit</strong></span> <span class='ocrx_word' id='word_1_466' title='bbox 1024 3309 1161 3365; x_wconf 84' lang='lat' dir='ltr'><strong>Rob.</strong></span> <span class='ocrx_word' id='word_1_467' title='bbox 1199 3307 1505 3379; x_wconf 85' lang='lat' dir='ltr'><strong>Stephanus</strong></span> <span class='ocrx_word' id='word_1_468' title='bbox 1540 3307 1712 3363; x_wconf 86' lang='lat' dir='ltr'><strong>Paris.</strong></span> <span class='ocrx_word' id='word_1_469' title='bbox 1776 3310 1781 3318; x_wconf 85' lang='lat'>&#39;</span> 
     </span>
    </p>
   </div>
   <div class='ocr_carea' id='block_1_62' title="bbox 180 3399 1717 3475">
    <p class='ocr_par' dir='ltr' id='par_1_62' title="bbox 180 3399 1717 3475">
     <span class='ocr_line' id='line_1_62' title="bbox 180 3399 1717 3475; baseline -0.008 -10"><span class='ocrx_word' id='word_1_470' title='bbox 180 3411 319 3475; x_wconf 71' lang='grc'>1544,</span> <span class='ocrx_word' id='word_1_471' title='bbox 344 3409 435 3464; x_wconf 89' lang='lat' dir='ltr'><strong>fol.</strong></span> <span class='ocrx_word' id='word_1_472' title='bbox 473 3406 669 3464; x_wconf 86' lang='lat' dir='ltr'><strong>Confer</strong></span> <span class='ocrx_word' id='word_1_473' title='bbox 717 3404 915 3461; x_wconf 88' lang='lat' dir='ltr'><strong>laudati</strong></span> <span class='ocrx_word' id='word_1_474' title='bbox 952 3401 1114 3472; x_wconf 87' lang='lat' dir='ltr'><strong>lttigii</strong></span> <span class='ocrx_word' id='word_1_475' title='bbox 1151 3401 1351 3455; x_wconf 89' lang='lat' dir='ltr'><strong>librum</strong></span> <span class='ocrx_word' id='word_1_476' title='bbox 1387 3400 1461 3453; x_wconf 86' lang='lat' dir='ltr'><strong>De</strong></span> <span class='ocrx_word' id='word_1_477' title='bbox 1494 3399 1717 3455; x_wconf 88' lang='lat' dir='ltr'><strong>Patrum</strong></span> 
     </span>
    </p>
   </div>
   <div class='ocr_carea' id='block_1_63' title="bbox 178 3491 1718 3570">
    <p class='ocr_par' dir='ltr' id='par_1_63' title="bbox 178 3491 1718 3570">
     <span class='ocr_line' id='line_1_63' title="bbox 178 3491 1718 3570; baseline -0.007 -13"><span class='ocrx_word' id='word_1_478' title='bbox 178 3501 493 3557; x_wconf 79' lang='lat' dir='ltr'><strong>Bibliothecis</strong></span> <span class='ocrx_word' id='word_1_479' title='bbox 518 3538 534 3565; x_wconf 83' lang='lat'><strong>,</strong></span> <span class='ocrx_word' id='word_1_480' title='bbox 581 3514 636 3570; x_wconf 77' lang='grc' dir='ltr'><strong>ρ.</strong></span> <span class='ocrx_word' id='word_1_481' title='bbox 680 3496 781 3551; x_wconf 72' lang='grc'><strong>727</strong></span> <span class='ocrx_word' id='word_1_482' title='bbox 827 3512 910 3566; x_wconf 89' lang='lat' dir='ltr'><strong>sq.</strong></span> <span class='ocrx_word' id='word_1_483' title='bbox 946 3493 1113 3548; x_wconf 75' lang='lat' dir='ltr'><strong>FABR.</strong></span> <span class='ocrx_word' id='word_1_484' title='bbox 1161 3494 1299 3549; x_wconf 81' lang='lat' dir='ltr'><strong>Add.</strong></span> <span class='ocrx_word' id='word_1_485' title='bbox 1345 3491 1718 3563; x_wconf 76' lang='lat' dir='ltr'><strong>Literariscltes</strong></span> 
     </span>
    </p>
   </div>
   <div class='ocr_carea' id='block_1_64' title="bbox 177 3586 1715 3659">
    <p class='ocr_par' dir='ltr' id='par_1_64' title="bbox 177 3586 1715 3659">
     <span class='ocr_line' id='line_1_64' title="bbox 177 3586 1715 3659; baseline -0.008 -10"><span class='ocrx_word' id='word_1_486' title='bbox 177 3594 540 3656; x_wconf 78' lang='lat' dir='ltr'><strong>Wochenblatt,</strong></span> <span class='ocrx_word' id='word_1_487' title='bbox 573 3598 708 3647; x_wconf 89' lang='lat' dir='ltr'><strong>tom.</strong></span> <span class='ocrx_word' id='word_1_488' title='bbox 754 3587 808 3653; x_wconf 89' lang='grc' dir='ltr'>Ι,</span> <span class='ocrx_word' id='word_1_489' title='bbox 842 3587 1124 3659; x_wconf 79' lang='lat' dir='ltr'><strong>Noriberg.</strong></span> <span class='ocrx_word' id='word_1_490' title='bbox 1177 3586 1334 3650; x_wconf 93' lang='grc'>1770,</span> <span class='ocrx_word' id='word_1_491' title='bbox 1370 3586 1402 3639; x_wconf 91' lang='lat'>8</span> <span class='ocrx_word' id='word_1_492' title='bbox 1423 3626 1437 3650; x_wconf 95' lang='lat'><strong>,</strong></span> <span class='ocrx_word' id='word_1_493' title='bbox 1476 3592 1618 3654; x_wconf 90' lang='lat' dir='ltr'><strong>part.</strong></span> <span class='ocrx_word' id='word_1_494' title='bbox 1649 3600 1679 3637; x_wconf 86' lang='lat' dir='ltr'><strong>x</strong></span> <span class='ocrx_word' id='word_1_495' title='bbox 1702 3623 1715 3646; x_wconf 93' lang='lat'><strong>,</strong></span> 
     </span>
    </p>
   </div>
   <div class='ocr_carea' id='block_1_65' title="bbox 178 3676 1720 3757">
    <p class='ocr_par' dir='ltr' id='par_1_65' title="bbox 178 3676 1720 3757">
     <span class='ocr_line' id='line_1_65' title="bbox 178 3676 1720 3757; baseline -0.009 -15"><span class='ocrx_word' id='word_1_496' title='bbox 178 3700 289 3757; x_wconf 76' lang='lat' dir='ltr'><strong>pag.</strong></span> <span class='ocrx_word' id='word_1_497' title='bbox 320 3687 418 3741; x_wconf 78' lang='lat'><strong>137</strong></span> <span class='ocrx_word' id='word_1_498' title='bbox 447 3701 528 3756; x_wconf 90' lang='lat' dir='ltr'><strong>sq.</strong></span> <span class='ocrx_word' id='word_1_499' title='bbox 564 3713 635 3724; x_wconf 92' lang='lat'><strong>——</strong></span> <span class='ocrx_word' id='word_1_500' title='bbox 672 3682 749 3737; x_wconf 82' lang='lat' dir='ltr'><strong>De</strong></span> <span class='ocrx_word' id='word_1_501' title='bbox 785 3680 1079 3751; x_wconf 83' lang='lat' dir='ltr'><strong>Stephani,</strong></span> <span class='ocrx_word' id='word_1_502' title='bbox 1133 3676 1334 3734; x_wconf 85' lang='lat' dir='ltr'><strong>Valcsii</strong></span> <span class='ocrx_word' id='word_1_503' title='bbox 1390 3686 1445 3733; x_wconf 90' lang='lat' dir='ltr'><strong>et</strong></span> <span class='ocrx_word' id='word_1_504' title='bbox 1479 3676 1720 3747; x_wconf 81' lang='lat' dir='ltr'><strong>Reading</strong></span> 
     </span>
    </p>
   </div>
   <div class='ocr_carea' id='block_1_66' title="bbox 177 3768 1719 3843">
    <p class='ocr_par' dir='ltr' id='par_1_66' title="bbox 177 3768 1719 3843">
     <span class='ocr_line' id='line_1_66' title="bbox 177 3768 1719 3843; baseline -0.008 -11"><span class='ocrx_word' id='word_1_505' title='bbox 177 3778 290 3834; x_wconf 85' lang='lat' dir='ltr'><strong>edd.</strong></span> <span class='ocrx_word' id='word_1_506' title='bbox 314 3777 407 3832; x_wconf 83' lang='lat' dir='ltr'><strong>Gr.</strong></span> <span class='ocrx_word' id='word_1_507' title='bbox 436 3776 639 3843; x_wconf 72' lang='lat' dir='ltr'><strong>multus</strong></span> <span class='ocrx_word' id='word_1_508' title='bbox 669 3783 750 3829; x_wconf 88' lang='lat' dir='ltr'><strong>est</strong></span> <span class='ocrx_word' id='word_1_509' title='bbox 770 3773 1041 3828; x_wconf 83' lang='lat' dir='ltr'><strong>Clement.</strong></span> <span class='ocrx_word' id='word_1_510' title='bbox 1067 3770 1200 3837; x_wconf 73' lang='lat' dir='ltr'><strong>Vill,</strong></span> <span class='ocrx_word' id='word_1_511' title='bbox 1225 3786 1345 3841; x_wconf 77' lang='lat' dir='ltr'><strong>pag.</strong></span> <span class='ocrx_word' id='word_1_512' title='bbox 1386 3768 1486 3824; x_wconf 83' lang='lat'><strong>187</strong></span> <span class='ocrx_word' id='word_1_513' title='bbox 1512 3784 1633 3836; x_wconf 90' lang='lat' dir='ltr'><strong>sqq.</strong></span> <span class='ocrx_word' id='word_1_514' title='bbox 1666 3768 1719 3821; x_wconf 85' lang='lat' dir='ltr'><strong>In</strong></span> 
     </span>
    </p>
   </div>
   <div class='ocr_carea' id='block_1_67' title="bbox 178 3857 1723 3935">
    <p class='ocr_par' dir='ltr' id='par_1_67' title="bbox 178 3857 1723 3935">
     <span class='ocr_line' id='line_1_67' title="bbox 178 3857 1723 3935; baseline -0.009 -12"><span class='ocrx_word' id='word_1_515' title='bbox 178 3868 304 3924; x_wconf 82' lang='lat' dir='ltr'><strong>Bibl.</strong></span> <span class='ocrx_word' id='word_1_516' title='bbox 334 3867 575 3923; x_wconf 87' lang='lat' dir='ltr'><strong>Leidensi</strong></span> <span class='ocrx_word' id='word_1_517' title='bbox 614 3873 700 3921; x_wconf 86' lang='lat' dir='ltr'><strong>est</strong></span> <span class='ocrx_word' id='word_1_518' title='bbox 728 3864 1023 3935; x_wconf 74' lang='lat' dir='ltr'><strong>exemplar,</strong></span> <span class='ocrx_word' id='word_1_519' title='bbox 1056 3877 1221 3915; x_wconf 88' lang='lat' dir='ltr'><strong>manu</strong></span> <span class='ocrx_word' id='word_1_520' title='bbox 1254 3859 1511 3928; x_wconf 85' lang='lat' dir='ltr'><strong>Scaligeri</strong></span> <span class='ocrx_word' id='word_1_521' title='bbox 1546 3857 1723 3911; x_wconf 87' lang='lat' dir='ltr'><strong>infini-</strong></span> 
     </span>
    </p>
   </div>
   <div class='ocr_carea' id='block_1_68' title="bbox 179 3948 1717 4029">
    <p class='ocr_par' dir='ltr' id='par_1_68' title="bbox 179 3948 1717 4029">
     <span class='ocr_line' id='line_1_68' title="bbox 179 3948 1717 4029; baseline -0.007 -13"><span class='ocrx_word' id='word_1_522' title='bbox 179 3966 243 4017; x_wconf 87' lang='lat' dir='ltr'><strong>tis</strong></span> <span class='ocrx_word' id='word_1_523' title='bbox 267 3962 400 4015; x_wconf 88' lang='lat' dir='ltr'><strong>locis</strong></span> <span class='ocrx_word' id='word_1_524' title='bbox 434 3960 800 4029; x_wconf 91' lang='lat' dir='ltr'><strong>conscriptum</strong></span> <span class='ocrx_word' id='word_1_525' title='bbox 833 3965 887 4010; x_wconf 90' lang='lat' dir='ltr'><strong>et</strong></span> <span class='ocrx_word' id='word_1_526' title='bbox 919 3954 1265 4010; x_wconf 85' lang='lat' dir='ltr'><strong>emendatum</strong></span> <span class='ocrx_word' id='word_1_527' title='bbox 1303 3968 1369 4007; x_wconf 81' lang='lat' dir='ltr'><strong>ex</strong></span> <span class='ocrx_word' id='word_1_528' title='bbox 1388 3950 1453 4005; x_wconf 69' lang='grc' dir='ltr'><strong>ν.</strong></span> <span class='ocrx_word' id='word_1_529' title='bbox 1478 3951 1600 4005; x_wconf 91' lang='lat' dir='ltr'><strong>cod.</strong></span> <span class='ocrx_word' id='word_1_530' title='bbox 1651 3948 1717 4005; x_wconf 75' lang='grc' dir='ltr'><strong>γ.</strong></span> 
     </span>
    </p>
   </div>
   <div class='ocr_carea' id='block_1_69' title="bbox 179 4042 1722 4122">
    <p class='ocr_par' dir='ltr' id='par_1_69' title="bbox 179 4042 1722 4122">
     <span class='ocr_line' id='line_1_69' title="bbox 179 4042 1722 4122; baseline -0.007 -17"><span class='ocrx_word' id='word_1_531' title='bbox 179 4052 363 4118; x_wconf 88' lang='lat' dir='ltr'><strong>Catal.,</strong></span> <span class='ocrx_word' id='word_1_532' title='bbox 389 4067 507 4122; x_wconf 76' lang='lat' dir='ltr'><strong>pag.</strong></span> <span class='ocrx_word' id='word_1_533' title='bbox 554 4049 659 4114; x_wconf 83' lang='lat'><strong>19,</strong></span> <span class='ocrx_word' id='word_1_534' title='bbox 698 4057 752 4104; x_wconf 88' lang='lat' dir='ltr'><strong>et</strong></span> <span class='ocrx_word' id='word_1_535' title='bbox 783 4047 915 4103; x_wconf 88' lang='lat' dir='ltr'><strong>ibid.</strong></span> <span class='ocrx_word' id='word_1_536' title='bbox 963 4046 1111 4100; x_wconf 90' lang='lat' dir='ltr'><strong>aliud</strong></span> <span class='ocrx_word' id='word_1_537' title='bbox 1143 4060 1266 4121; x_wconf 75' lang='lat' dir='ltr'><strong>cum</strong></span> <span class='ocrx_word' id='word_1_538' title='bbox 1316 4043 1579 4098; x_wconf 86' lang='lat' dir='ltr'><strong>adnotatt.</strong></span> <span class='ocrx_word' id='word_1_539' title='bbox 1619 4042 1722 4097; x_wconf 89' lang='lat' dir='ltr'><strong>viri</strong></span> 
     </span>
    </p>
   </div>
   <div class='ocr_carea' id='block_1_70' title="bbox 181 4142 540 4199">
    <p class='ocr_par' dir='ltr' id='par_1_70' title="bbox 181 4142 540 4199">
     <span class='ocr_line' id='line_1_70' title="bbox 181 4142 540 4199; baseline 0 0"><span class='ocrx_word' id='word_1_540' title='bbox 181 4144 331 4199; x_wconf 86' lang='lat' dir='ltr'><strong>docti-</strong></span> <span class='ocrx_word' id='word_1_541' title='bbox 372 4142 540 4199; x_wconf 74' lang='lat' dir='ltr'><strong>llsnL.</strong></span> 
     </span>
    </p>
   </div>
   <div class='ocr_carea' id='block_1_71' title="bbox 242 4224 1722 4298">
    <p class='ocr_par' dir='ltr' id='par_1_71' title="bbox 242 4224 1722 4298">
     <span class='ocr_line' id='line_1_71' title="bbox 242 4224 1722 4298; baseline -0.006 -10"><span class='ocrx_word' id='word_1_542' title='bbox 242 4232 424 4288; x_wconf 65' lang='grc' dir='ltr'><strong>ϐαθέα</strong></span> <span class='ocrx_word' id='word_1_543' title='bbox 455 4244 506 4288; x_wconf 90' lang='lat' dir='ltr'><strong>et</strong></span> <span class='ocrx_word' id='word_1_544' title='bbox 531 4233 724 4287; x_wconf 86' lang='lat' dir='ltr'><strong>Latine</strong></span> <span class='ocrx_word' id='word_1_545' title='bbox 750 4231 966 4288; x_wconf 88' lang='lat' dir='ltr'><strong>eosdem</strong></span> <span class='ocrx_word' id='word_1_546' title='bbox 997 4230 1289 4298; x_wconf 84' lang='lat' dir='ltr'><strong>scriptores</strong></span> <span class='ocrx_word' id='word_1_547' title='bbox 1315 4228 1600 4297; x_wconf 81' lang='lat' dir='ltr'><strong>vulgarunt</strong></span> <span class='ocrx_word' id='word_1_548' title='bbox 1620 4224 1722 4280; x_wconf 88' lang='lat' dir='ltr'><strong>Gc-</strong></span> 
     </span>
    </p>
   </div>
   <div class='ocr_carea' id='block_1_72' title="bbox 183 4318 1723 4391">
    <p class='ocr_par' dir='ltr' id='par_1_72' title="bbox 183 4318 1723 4391">
     <span class='ocr_line' id='line_1_72' title="bbox 183 4318 1723 4391; baseline -0.007 -12"><span class='ocrx_word' id='word_1_549' title='bbox 183 4342 463 4391; x_wconf 74' lang='lat' dir='ltr'><strong>nerenscs,</strong></span> <span class='ocrx_word' id='word_1_550' title='bbox 506 4325 693 4379; x_wconf 85' lang='lat' dir='ltr'><strong>addita</strong></span> <span class='ocrx_word' id='word_1_551' title='bbox 745 4321 796 4378; x_wconf 86' lang='lat' dir='ltr'><strong>J.</strong></span> <span class='ocrx_word' id='word_1_552' title='bbox 851 4320 1328 4389; x_wconf 87' lang='lat' dir='ltr'><strong>Christophorsoni</strong></span> <span class='ocrx_word' id='word_1_553' title='bbox 1380 4318 1628 4373; x_wconf 87' lang='lat' dir='ltr'><strong>versione</strong></span> <span class='ocrx_word' id='word_1_554' title='bbox 1670 4323 1723 4370; x_wconf 89' lang='lat' dir='ltr'><strong>et</strong></span> 
     </span>
    </p>
   </div>
   <div class='ocr_carea' id='block_1_73' title="bbox 184 4411 1724 4481">
    <p class='ocr_par' dir='ltr' id='par_1_73' title="bbox 184 4411 1724 4481">
     <span class='ocr_line' id='line_1_73' title="bbox 184 4411 1724 4481; baseline -0.006 -10"><span class='ocrx_word' id='word_1_555' title='bbox 184 4417 387 4471; x_wconf 64' lang='lat' dir='ltr'><strong>Suii‘ridi</strong></span> <span class='ocrx_word' id='word_1_556' title='bbox 437 4417 575 4473; x_wconf 88' lang='lat' dir='ltr'><strong>Petri</strong></span> <span class='ocrx_word' id='word_1_557' title='bbox 606 4413 1077 4481; x_wconf 84' lang='lat' dir='ltr'><strong>adnotationibus,</strong></span> <span class='ocrx_word' id='word_1_558' title='bbox 1107 4427 1248 4465; x_wconf 89' lang='lat' dir='ltr'><strong>anno</strong></span> <span class='ocrx_word' id='word_1_559' title='bbox 1274 4411 1436 4475; x_wconf 75' lang='lat' dir='ltr'><strong>16l2,</strong></span> <span class='ocrx_word' id='word_1_560' title='bbox 1465 4412 1579 4473; x_wconf 89' lang='lat' dir='ltr'><strong>fol.,</strong></span> <span class='ocrx_word' id='word_1_561' title='bbox 1608 4424 1724 4478; x_wconf 82' lang='lat' dir='ltr'><strong>quae</strong></span> 
     </span>
    </p>
   </div>
   <div class='ocr_carea' id='block_1_74' title="bbox 183 4500 1798 4581">
    <p class='ocr_par' dir='ltr' id='par_1_74' title="bbox 183 4500 1798 4581">
     <span class='ocr_line' id='line_1_74' title="bbox 183 4500 1798 4581; baseline -0.008 -16"><span class='ocrx_word' id='word_1_562' title='bbox 183 4513 352 4573; x_wconf 88' lang='lat' dir='ltr'><strong>editio,</strong></span> <span class='ocrx_word' id='word_1_563' title='bbox 383 4512 507 4581; x_wconf 87' lang='lat' dir='ltr'><strong>quia</strong></span> <span class='ocrx_word' id='word_1_564' title='bbox 549 4524 738 4580; x_wconf 87' lang='lat' dir='ltr'><strong>parum</strong></span> <span class='ocrx_word' id='word_1_565' title='bbox 775 4505 1059 4561; x_wconf 87' lang='lat' dir='ltr'><strong>emendata</strong></span> <span class='ocrx_word' id='word_1_566' title='bbox 1091 4511 1195 4567; x_wconf 90' lang='lat' dir='ltr'><strong>est,</strong></span> <span class='ocrx_word' id='word_1_567' title='bbox 1222 4503 1340 4558; x_wconf 90' lang='lat' dir='ltr'><strong>ideo</strong></span> <span class='ocrx_word' id='word_1_568' title='bbox 1364 4502 1496 4555; x_wconf 86' lang='lat' dir='ltr'><strong>nihil</strong></span> <span class='ocrx_word' id='word_1_569' title='bbox 1526 4517 1587 4556; x_wconf 87' lang='lat' dir='ltr'><strong>ea</strong></span> <span class='ocrx_word' id='word_1_570' title='bbox 1628 4500 1723 4553; x_wconf 86' lang='lat' dir='ltr'><strong>fla-</strong></span> <span class='ocrx_word' id='word_1_571' title='bbox 1756 4510 1798 4564; x_wconf 84' lang='grc' dir='ltr'><strong>ι)</strong></span> 
     </span>
    </p>
   </div>
   <div class='ocr_carea' id='block_1_75' title="bbox 183 4591 1725 4673">
    <p class='ocr_par' dir='ltr' id='par_1_75' title="bbox 183 4591 1725 4673">
     <span class='ocr_line' id='line_1_75' title="bbox 183 4591 1725 4673; baseline -0.006 -20"><span class='ocrx_word' id='word_1_572' title='bbox 183 4603 419 4673; x_wconf 77' lang='lat' dir='ltr'><strong>gitiosius</strong></span> <span class='ocrx_word' id='word_1_573' title='bbox 448 4601 711 4671; x_wconf 86' lang='lat' dir='ltr'><strong>prodiisse</strong></span> <span class='ocrx_word' id='word_1_574' title='bbox 746 4598 823 4651; x_wconf 87' lang='lat' dir='ltr'><strong>ait</strong></span> <span class='ocrx_word' id='word_1_575' title='bbox 864 4596 1229 4651; x_wconf 76' lang='lat' dir='ltr'><strong>Montacutius</strong></span> <span class='ocrx_word' id='word_1_576' title='bbox 1259 4611 1313 4664; x_wconf 89' lang='lat' dir='ltr'><strong>p.</strong></span> <span class='ocrx_word' id='word_1_577' title='bbox 1342 4593 1441 4646; x_wconf 83' lang='lat'><strong>187</strong></span> <span class='ocrx_word' id='word_1_578' title='bbox 1485 4591 1725 4660; x_wconf 84' lang='lat' dir='ltr'><strong>Appara—</strong></span> 
     </span>
    </p>
   </div>
   <div class='ocr_carea' id='block_1_76' title="bbox 185 4686 1727 4761">
    <p class='ocr_par' dir='ltr' id='par_1_76' title="bbox 185 4686 1727 4761">
     <span class='ocr_line' id='line_1_76' title="bbox 185 4686 1727 4761; baseline -0.005 -16"><span class='ocrx_word' id='word_1_579' title='bbox 185 4705 267 4745; x_wconf 81' lang='lat' dir='ltr'><strong>tus</strong></span> <span class='ocrx_word' id='word_1_580' title='bbox 289 4691 355 4745; x_wconf 84' lang='lat' dir='ltr'><strong>ad</strong></span> <span class='ocrx_word' id='word_1_581' title='bbox 385 4693 605 4761; x_wconf 82' lang='lat' dir='ltr'><strong>origines</strong></span> <span class='ocrx_word' id='word_1_582' title='bbox 633 4690 1037 4744; x_wconf 84' lang='lat' dir='ltr'><strong>ecclesiasticas.</strong></span> <span class='ocrx_word' id='word_1_583' title='bbox 1098 4686 1239 4760; x_wconf 89' lang='lat' dir='ltr'><strong>[Sed</strong></span> <span class='ocrx_word' id='word_1_584' title='bbox 1292 4688 1347 4740; x_wconf 90' lang='lat' dir='ltr'><strong>in</strong></span> <span class='ocrx_word' id='word_1_585' title='bbox 1388 4699 1559 4755; x_wconf 79' lang='lat' dir='ltr'><strong>marg.</strong></span> <span class='ocrx_word' id='word_1_586' title='bbox 1601 4692 1727 4737; x_wconf 87' lang='lat' dir='ltr'><strong>sunt</strong></span> 
     </span>
    </p>
   </div>
   <div class='ocr_carea' id='block_1_77' title="bbox 182 4781 634 4855">
    <p class='ocr_par' dir='ltr' id='par_1_77' title="bbox 182 4781 634 4855">
     <span class='ocr_line' id='line_1_77' title="bbox 182 4781 634 4855; baseline -0.002 -16"><span class='ocrx_word' id='word_1_587' title='bbox 182 4784 238 4840; x_wconf 81' lang='lat' dir='ltr'><strong>v.</strong></span> <span class='ocrx_word' id='word_1_588' title='bbox 274 4784 333 4839; x_wconf 89' lang='lat' dir='ltr'><strong>L.</strong></span> <span class='ocrx_word' id='word_1_589' title='bbox 382 4800 414 4839; x_wconf 88' lang='lat' dir='ltr'><strong>e</strong></span> <span class='ocrx_word' id='word_1_590' title='bbox 445 4781 634 4855; x_wconf 88' lang='lat' dir='ltr'><strong>codd.]</strong></span> 
     </span>
    </p>
   </div>
   <div class='ocr_carea' id='block_1_78' title="bbox 242 4867 1729 4947">
    <p class='ocr_par' dir='ltr' id='par_1_78' title="bbox 242 4867 1729 4947">
     <span class='ocr_line' id='line_1_78' title="bbox 242 4867 1729 4947; baseline -0.009 -15"><span class='ocrx_word' id='word_1_591' title='bbox 242 4878 320 4932; x_wconf 85' lang='lat' dir='ltr'><strong>Ab</strong></span> <span class='ocrx_word' id='word_1_592' title='bbox 350 4892 418 4932; x_wconf 88' lang='lat' dir='ltr'><strong>eo</strong></span> <span class='ocrx_word' id='word_1_593' title='bbox 458 4886 697 4947; x_wconf 89' lang='lat' dir='ltr'><strong>tempore</strong></span> <span class='ocrx_word' id='word_1_594' title='bbox 728 4871 949 4927; x_wconf 89' lang='lat' dir='ltr'><strong>Eusebii</strong></span> <span class='ocrx_word' id='word_1_595' title='bbox 980 4869 1221 4925; x_wconf 85' lang='lat' dir='ltr'><strong>Historia</strong></span> <span class='ocrx_word' id='word_1_596' title='bbox 1242 4909 1256 4933; x_wconf 96' lang='lat'><strong>,</strong></span> <span class='ocrx_word' id='word_1_597' title='bbox 1307 4869 1443 4923; x_wconf 85' lang='lat' dir='ltr'><strong>liber</strong></span> <span class='ocrx_word' id='word_1_598' title='bbox 1485 4867 1557 4921; x_wconf 87' lang='lat' dir='ltr'><strong>De</strong></span> <span class='ocrx_word' id='word_1_599' title='bbox 1586 4884 1729 4920; x_wconf 88' lang='lat' dir='ltr'><strong>mar-</strong></span> 
     </span>
    </p>
   </div>
   <div class='ocr_carea' id='block_1_79' title="bbox 183 4960 1724 5042">
    <p class='ocr_par' dir='ltr' id='par_1_79' title="bbox 183 4960 1724 5042">
     <span class='ocr_line' id='line_1_79' title="bbox 183 4960 1724 5042; baseline -0.006 -21"><span class='ocrx_word' id='word_1_600' title='bbox 183 4969 369 5042; x_wconf 68' lang='lat' dir='ltr'><strong>tyribus</strong></span> <span class='ocrx_word' id='word_1_601' title='bbox 420 4966 760 5032; x_wconf 64' lang='lat' dir='ltr'><strong>Palaestinae,</strong></span> <span class='ocrx_word' id='word_1_602' title='bbox 795 4965 917 5021; x_wconf 89' lang='lat' dir='ltr'><strong>libri</strong></span> <span class='ocrx_word' id='word_1_603' title='bbox 965 4980 1017 5017; x_wconf 86' lang='lat' dir='ltr'><strong>Iv</strong></span> <span class='ocrx_word' id='word_1_604' title='bbox 1072 4962 1147 5017; x_wconf 86' lang='lat' dir='ltr'><strong>De</strong></span> <span class='ocrx_word' id='word_1_605' title='bbox 1189 4962 1309 5015; x_wconf 82' lang='lat' dir='ltr'><strong>Vita</strong></span> <span class='ocrx_word' id='word_1_606' title='bbox 1358 4960 1724 5023; x_wconf 83' lang='lat' dir='ltr'><strong>Constantini,</strong></span> 
     </span>
    </p>
   </div>
   <div class='ocr_carea' id='block_1_80' title="bbox 183 5052 1724 5116">
    <p class='ocr_par' dir='ltr' id='par_1_80' title="bbox 183 5052 1724 5116">
     <span class='ocr_line' id='line_1_80' title="bbox 183 5052 1724 5116; baseline -0.007 -1"><span class='ocrx_word' id='word_1_607' title='bbox 183 5078 291 5115; x_wconf 88' lang='lat' dir='ltr'><strong>cum</strong></span> <span class='ocrx_word' id='word_1_608' title='bbox 322 5061 657 5116; x_wconf 84' lang='lat' dir='ltr'><strong>Constantini</strong></span> <span class='ocrx_word' id='word_1_609' title='bbox 702 5059 940 5114; x_wconf 80' lang='lat' dir='ltr'><strong>oratione</strong></span> <span class='ocrx_word' id='word_1_610' title='bbox 992 5056 1060 5109; x_wconf 87' lang='lat' dir='ltr'><strong>ad</strong></span> <span class='ocrx_word' id='word_1_611' title='bbox 1104 5065 1313 5109; x_wconf 84' lang='lat' dir='ltr'><strong>sanctos</strong></span> <span class='ocrx_word' id='word_1_612' title='bbox 1342 5060 1394 5107; x_wconf 87' lang='lat' dir='ltr'><strong>et</strong></span> <span class='ocrx_word' id='word_1_613' title='bbox 1421 5052 1638 5107; x_wconf 87' lang='lat' dir='ltr'><strong>Eusebii</strong></span> <span class='ocrx_word' id='word_1_614' title='bbox 1670 5053 1724 5105; x_wconf 90' lang='lat' dir='ltr'><strong>in</strong></span> 
     </span>
    </p>
   </div>
   <div class='ocr_carea' id='block_1_81' title="bbox 186 5167 1726 5244">
    <p class='ocr_par' dir='ltr' id='par_1_81' title="bbox 186 5167 1726 5244">
     <span class='ocr_line' id='line_1_81' title="bbox 186 5167 1726 5244; baseline -0.008 -13"><span class='ocrx_word' id='word_1_615' title='bbox 186 5172 447 5244; x_wconf 83' lang='lat' dir='ltr'><strong>prodiisse</strong></span> <span class='ocrx_word' id='word_1_616' title='bbox 476 5176 691 5230; x_wconf 82' lang='lat' dir='ltr'><strong>videtur</strong></span> <span class='ocrx_word' id='word_1_617' title='bbox 717 5172 969 5244; x_wconf 73' lang='lat' dir='ltr'><strong>Strothio</strong></span> <span class='ocrx_word' id='word_1_618' title='bbox 1012 5187 1062 5225; x_wconf 88' lang='lat' dir='ltr'><strong>a.</strong></span> <span class='ocrx_word' id='word_1_619' title='bbox 1100 5170 1290 5244; x_wconf 79' lang='lat'><strong>_1559,</strong></span> <span class='ocrx_word' id='word_1_620' title='bbox 1325 5171 1415 5239; x_wconf 90' lang='lat' dir='ltr'><strong>qui</strong></span> <span class='ocrx_word' id='word_1_621' title='bbox 1463 5183 1641 5244; x_wconf 81' lang='lat' dir='ltr'><strong>annus</strong></span> <span class='ocrx_word' id='word_1_622' title='bbox 1673 5167 1726 5220; x_wconf 91' lang='lat' dir='ltr'><strong>in</strong></span> 
     </span>
    </p>
   </div>
   <div class='ocr_carea' id='block_1_82' title="bbox 186 5238 1727 5310">
    <p class='ocr_par' dir='ltr' id='par_1_82' title="bbox 186 5238 1727 5310">
     <span class='ocr_line' id='line_1_82' title="bbox 186 5238 1727 5310; baseline -0.006 -11"><span class='ocrx_word' id='word_1_623' title='bbox 186 5238 278 5301; x_wconf 78' lang='lat' dir='ltr'><strong>line</strong></span> <span class='ocrx_word' id='word_1_624' title='bbox 330 5246 689 5303; x_wconf 80' lang='lat' dir='ltr'><strong>dedicationis</strong></span> <span class='ocrx_word' id='word_1_625' title='bbox 738 5242 975 5298; x_wconf 85' lang='lat' dir='ltr'><strong>Godsalli</strong></span> <span class='ocrx_word' id='word_1_626' title='bbox 1033 5242 1373 5310; x_wconf 83' lang='lat' dir='ltr'><strong>subscriptus</strong></span> <span class='ocrx_word' id='word_1_627' title='bbox 1421 5247 1525 5310; x_wconf 83' lang='lat' dir='ltr'><strong>est.</strong></span> <span class='ocrx_word' id='word_1_628' title='bbox 1584 5238 1727 5291; x_wconf 85' lang='lat' dir='ltr'><strong>Idem</strong></span> 
     </span>
    </p>
   </div>
   <div class='ocr_carea' id='block_1_83' title="bbox 186 5308 1727 5381">
    <p class='ocr_par' dir='ltr' id='par_1_83' title="bbox 186 5308 1727 5381">
     <span class='ocr_line' id='line_1_83' title="bbox 186 5308 1727 5381; baseline -0.006 -13"><span class='ocrx_word' id='word_1_629' title='bbox 186 5315 451 5371; x_wconf 86' lang='lat' dir='ltr'><strong>Strothius</strong></span> <span class='ocrx_word' id='word_1_630' title='bbox 497 5332 563 5371; x_wconf 77' lang='lat' dir='ltr'><strong>ex</strong></span> <span class='ocrx_word' id='word_1_631' title='bbox 614 5315 718 5368; x_wconf 89' lang='lat' dir='ltr'><strong>alia</strong></span> <span class='ocrx_word' id='word_1_632' title='bbox 768 5312 1003 5368; x_wconf 85' lang='lat' dir='ltr'><strong>Godsalfi</strong></span> <span class='ocrx_word' id='word_1_633' title='bbox 1053 5312 1203 5381; x_wconf 67' lang='lat' dir='ltr'><strong>praef.</strong></span> <span class='ocrx_word' id='word_1_634' title='bbox 1241 5308 1545 5381; x_wconf 75' lang='lat' dir='ltr'><strong>concludit,</strong></span> <span class='ocrx_word' id='word_1_635' title='bbox 1605 5323 1727 5381; x_wconf 74' lang='lat' dir='ltr'><strong>eam</strong></span> 
     </span>
    </p>
   </div>
   <div class='ocr_carea' id='block_1_84' title="bbox 185 5378 1729 5452">
    <p class='ocr_par' dir='ltr' id='par_1_84' title="bbox 185 5378 1729 5452">
     <span class='ocr_line' id='line_1_84' title="bbox 185 5378 1729 5452; baseline -0.005 -13"><span class='ocrx_word' id='word_1_636' title='bbox 185 5387 302 5441; x_wconf 86' lang='lat' dir='ltr'><strong>edit.</strong></span> <span class='ocrx_word' id='word_1_637' title='bbox 331 5387 494 5440; x_wconf 87' lang='lat' dir='ltr'><strong>etiam</strong></span> <span class='ocrx_word' id='word_1_638' title='bbox 525 5386 847 5452; x_wconf 61' lang='lat' dir='ltr'><strong>Antwerpiae</strong></span> <span class='ocrx_word' id='word_1_639' title='bbox 872 5382 1008 5452; x_wconf 70' lang='lat'><strong>1568</strong></span> <span class='ocrx_word' id='word_1_640' title='bbox 1053 5378 1204 5452; x_wconf 82' lang='lat' dir='ltr'><strong>prelo</strong></span> <span class='ocrx_word' id='word_1_641' title='bbox 1232 5382 1460 5444; x_wconf 78' lang='lat' dir='ltr'><strong>exiisse;</strong></span> <span class='ocrx_word' id='word_1_642' title='bbox 1494 5378 1729 5447; x_wconf 89' lang='lat' dir='ltr'><strong>denique</strong></span> 
     </span>
    </p>
   </div>
   <div class='ocr_carea' id='block_1_85' title="bbox 185 5450 1051 5525">
    <p class='ocr_par' dir='ltr' id='par_1_85' title="bbox 185 5450 1051 5525">
     <span class='ocr_line' id='line_1_85' title="bbox 185 5450 1051 5525; baseline -0.009 -14"><span class='ocrx_word' id='word_1_643' title='bbox 185 5455 361 5512; x_wconf 84' lang='lat' dir='ltr'><strong>Colon.</strong></span> <span class='ocrx_word' id='word_1_644' title='bbox 394 5450 805 5525; x_wconf 68' lang='lat' dir='ltr'><strong>Apripp.1612,</strong></span> <span class='ocrx_word' id='word_1_645' title='bbox 840 5452 939 5525; x_wconf 81' lang='lat' dir='ltr'><strong>fol.</strong></span> <span class='ocrx_word' id='word_1_646' title='bbox 978 5450 1051 5525; x_wconf 77' lang='lat' dir='ltr'><strong>In.</strong></span> 
     </span>
    </p>
   </div>
   <div class='ocr_carea' id='block_1_86' title="bbox 248 5518 1729 5595">
    <p class='ocr_par' dir='ltr' id='par_1_86' title="bbox 248 5518 1729 5595">
     <span class='ocr_line' id='line_1_86' title="bbox 248 5518 1729 5595; baseline -0.007 -14"><span class='ocrx_word' id='word_1_647' title='bbox 248 5529 320 5595; x_wconf 79' lang='lat' dir='ltr'><strong>la)</strong></span> <span class='ocrx_word' id='word_1_648' title='bbox 359 5518 481 5580; x_wconf 78' lang='lat' dir='ltr'><strong>Non</strong></span> <span class='ocrx_word' id='word_1_649' title='bbox 521 5518 717 5581; x_wconf 78' lang='lat' dir='ltr'><strong>desunt</strong></span> <span class='ocrx_word' id='word_1_650' title='bbox 762 5522 1225 5595; x_wconf 76' lang='lat' dir='ltr'><strong>quidem_in_hac_</strong></span> <span class='ocrx_word' id='word_1_651' title='bbox 1272 5520 1434 5576; x_wconf 88' lang='lat' dir='ltr'><strong>etiam</strong></span> <span class='ocrx_word' id='word_1_652' title='bbox 1481 5518 1729 5595; x_wconf 85' lang='lat' dir='ltr'><strong>versione</strong></span> 
     </span>
    </p>
   </div>
   <div class='ocr_carea' id='block_1_87' title="bbox 189 5590 1729 5660">
    <p class='ocr_par' dir='ltr' id='par_1_87' title="bbox 189 5590 1729 5660">
     <span class='ocr_line' id='line_1_87' title="bbox 189 5590 1729 5660; baseline -0.006 -10"><span class='ocrx_word' id='word_1_653' title='bbox 189 5599 265 5651; x_wconf 89' lang='lat' dir='ltr'><strong>sui</strong></span> <span class='ocrx_word' id='word_1_654' title='bbox 306 5590 434 5656; x_wconf 84' lang='lat' dir='ltr'><strong>hinc</strong></span> <span class='ocrx_word' id='word_1_655' title='bbox 485 5597 605 5652; x_wconf 91' lang='lat' dir='ltr'><strong>inde</strong></span> <span class='ocrx_word' id='word_1_656' title='bbox 637 5590 804 5660; x_wconf 63' lang='lat' dir='ltr'><strong>naavi&#39;,</strong></span> <span class='ocrx_word' id='word_1_657' title='bbox 848 5608 877 5646; x_wconf 89' lang='lat' dir='ltr'><strong>a</strong></span> <span class='ocrx_word' id='word_1_658' title='bbox 914 5592 1045 5645; x_wconf 83' lang='lat' dir='ltr'><strong>viris</strong></span> <span class='ocrx_word' id='word_1_659' title='bbox 1077 5592 1253 5647; x_wconf 85' lang='lat' dir='ltr'><strong>doctis</strong></span> <span class='ocrx_word' id='word_1_660' title='bbox 1312 5598 1515 5659; x_wconf 90' lang='lat' dir='ltr'><strong>partem</strong></span> <span class='ocrx_word' id='word_1_661' title='bbox 1551 5590 1619 5641; x_wconf 86' lang='lat' dir='ltr'><strong>ah</strong></span> <span class='ocrx_word' id='word_1_662' title='bbox 1657 5602 1729 5660; x_wconf 76' lang='lat' dir='ltr'><strong>eo</strong></span> 
     </span>
    </p>
   </div>
   <div class='ocr_carea' id='block_1_88' title="bbox 190 5658 1726 5739">
    <p class='ocr_par' dir='ltr' id='par_1_88' title="bbox 190 5658 1726 5739">
     <span class='ocr_line' id='line_1_88' title="bbox 190 5658 1726 5739; baseline -0.006 -19"><span class='ocrx_word' id='word_1_663' title='bbox 190 5675 418 5739; x_wconf 78' lang='lat' dir='ltr'><strong>tempore</strong></span> <span class='ocrx_word' id='word_1_664' title='bbox 447 5670 647 5739; x_wconf 71' lang='lat' dir='ltr'><strong>notati.</strong></span> <span class='ocrx_word' id='word_1_665' title='bbox 668 5665 763 5739; x_wconf 83' lang='lat' dir='ltr'><strong>sed</strong></span> <span class='ocrx_word' id='word_1_666' title='bbox 788 5658 1023 5739; x_wconf 65' lang='lat' dir='ltr'><strong>propter</strong></span> <span class='ocrx_word' id='word_1_667' title='bbox 1074 5658 1332 5739; x_wconf 68' lang='lat' dir='ltr'><strong>plurima,</strong></span> <span class='ocrx_word' id='word_1_668' title='bbox 1358 5675 1497 5739; x_wconf 80' lang='lat' dir='ltr'><strong>__quae</strong></span> <span class='ocrx_word' id='word_1_669' title='bbox 1540 5658 1726 5711; x_wconf 87' lang='lat' dir='ltr'><strong>rectis-</strong></span> 
     </span>
    </p>
   </div>
   <div class='ocr_carea' id='block_1_89' title="bbox 188 5729 1725 5806">
    <p class='ocr_par' dir='ltr' id='par_1_89' title="bbox 188 5729 1725 5806">
     <span class='ocr_line' id='line_1_89' title="bbox 188 5729 1725 5806; baseline -0.007 -15"><span class='ocrx_word' id='word_1_670' title='bbox 188 5729 311 5793; x_wconf 75' lang='lat' dir='ltr'><strong>sime</strong></span> <span class='ocrx_word' id='word_1_671' title='bbox 336 5747 497 5806; x_wconf 81' lang='lat' dir='ltr'><strong>atque</strong></span> <span class='ocrx_word' id='word_1_672' title='bbox 525 5729 891 5792; x_wconf 83' lang='lat' dir='ltr'><strong>eruditissime</strong></span> <span class='ocrx_word' id='word_1_673' title='bbox 905 5729 993 5806; x_wconf 61' lang='lat' dir='ltr'><strong>vir</strong></span> <span class='ocrx_word' id='word_1_674' title='bbox 1014 5729 1256 5806; x_wconf 81' lang='lat' dir='ltr'><strong>summus</strong></span> <span class='ocrx_word' id='word_1_675' title='bbox 1274 5729 1415 5806; x_wconf 5' lang='lat' dir='ltr'><strong>qvidit</strong></span> <span class='ocrx_word' id='word_1_676' title='bbox 1430 5737 1483 5806; x_wconf 72' lang='lat' dir='ltr'><strong>et</strong></span> <span class='ocrx_word' id='word_1_677' title='bbox 1504 5742 1725 5797; x_wconf 81' lang='lat' dir='ltr'><strong>expres-</strong></span> 
     </span>
    </p>
   </div>
   <div class='ocr_carea' id='block_1_90' title="bbox 192 5800 1767 5879">
    <p class='ocr_par' dir='ltr' id='par_1_90' title="bbox 192 5800 1767 5879">
     <span class='ocr_line' id='line_1_90' title="bbox 192 5800 1767 5879; baseline -0.007 -16"><span class='ocrx_word' id='word_1_678' title='bbox 192 5810 272 5873; x_wconf 83' lang='lat' dir='ltr'><strong>sit,</strong></span> <span class='ocrx_word' id='word_1_679' title='bbox 306 5800 514 5867; x_wconf 83' lang='lat' dir='ltr'><strong>laudem</strong></span> <span class='ocrx_word' id='word_1_680' title='bbox 532 5822 744 5879; x_wconf 82' lang='lat' dir='ltr'><strong>semper</strong></span> <span class='ocrx_word' id='word_1_681' title='bbox 775 5805 1062 5862; x_wconf 80' lang='lat' dir='ltr'><strong>maximam</strong></span> <span class='ocrx_word' id='word_1_682' title='bbox 1077 5804 1215 5861; x_wconf 81' lang='lat' dir='ltr'><strong>feret</strong></span> <span class='ocrx_word' id='word_1_683' title='bbox 1239 5804 1305 5863; x_wconf 82' lang='lat' dir='ltr'><strong>ab</strong></span> <span class='ocrx_word' id='word_1_684' title='bbox 1333 5800 1500 5868; x_wconf 60' lang='lat' dir='ltr'><strong>siquis</strong></span> <span class='ocrx_word' id='word_1_685' title='bbox 1537 5808 1591 5858; x_wconf 82' lang='lat' dir='ltr'><strong>et</strong></span> <span class='ocrx_word' id='word_1_686' title='bbox 1610 5812 1731 5854; x_wconf 86' lang='lat' dir='ltr'><strong>cor-</strong></span> <span class='ocrx_word' id='word_1_687' title='bbox 1760 5864 1767 5871; x_wconf 34' lang='lat'>.</span> 
     </span>
    </p>
   </div>
   <div class='ocr_carea' id='block_1_91' title="bbox 1816 3228 3378 3311">
    <p class='ocr_par' dir='ltr' id='par_1_91' title="bbox 1816 3228 3378 3311">
     <span class='ocr_line' id='line_1_91' title="bbox 1816 3228 3378 3311; baseline -0.013 -15"><span class='ocrx_word' id='word_1_688' title='bbox 1816 3242 1935 3307; x_wconf 81' lang='lat' dir='ltr'><strong>fol.,</strong></span> <span class='ocrx_word' id='word_1_689' title='bbox 1964 3240 2105 3311; x_wconf 89' lang='lat' dir='ltr'><strong>apud</strong></span> <span class='ocrx_word' id='word_1_690' title='bbox 2134 3235 2425 3292; x_wconf 81' lang='lat' dir='ltr'><strong>Antonium</strong></span> <span class='ocrx_word' id='word_1_691' title='bbox 2456 3232 2639 3296; x_wconf 89' lang='lat' dir='ltr'><strong>Vitre,</strong></span> <span class='ocrx_word' id='word_1_692' title='bbox 2675 3241 2728 3287; x_wconf 88' lang='lat' dir='ltr'><strong>et</strong></span> <span class='ocrx_word' id='word_1_693' title='bbox 2763 3247 2829 3286; x_wconf 81' lang='lat' dir='ltr'><strong>ex</strong></span> <span class='ocrx_word' id='word_1_694' title='bbox 2871 3229 3073 3283; x_wconf 77' lang='lat' dir='ltr'><strong>Valesii</strong></span> <span class='ocrx_word' id='word_1_695' title='bbox 3101 3228 3378 3296; x_wconf 79' lang='lat' dir='ltr'><strong>chirogra-</strong></span> 
     </span>
    </p>
   </div>
   <div class='ocr_carea' id='block_1_92' title="bbox 1818 3321 3378 3404">
    <p class='ocr_par' dir='ltr' id='par_1_92' title="bbox 1818 3321 3378 3404">
     <span class='ocr_line' id='line_1_92' title="bbox 1818 3321 3378 3404; baseline -0.01 -16"><span class='ocrx_word' id='word_1_696' title='bbox 1818 3334 1926 3404; x_wconf 91' lang='lat' dir='ltr'><strong>pho</strong></span> <span class='ocrx_word' id='word_1_697' title='bbox 1950 3372 1965 3397; x_wconf 93' lang='lat'><strong>,</strong></span> <span class='ocrx_word' id='word_1_698' title='bbox 2014 3330 2202 3402; x_wconf 87' lang='lat' dir='ltr'><strong>paucis</strong></span> <span class='ocrx_word' id='word_1_699' title='bbox 2250 3324 2571 3398; x_wconf 85' lang='lat' dir='ltr'><strong>quibusdam</strong></span> <span class='ocrx_word' id='word_1_700' title='bbox 2604 3324 2660 3377; x_wconf 92' lang='lat' dir='ltr'><strong>in</strong></span> <span class='ocrx_word' id='word_1_701' title='bbox 2692 3323 2940 3377; x_wconf 82' lang='lat' dir='ltr'><strong>versione</strong></span> <span class='ocrx_word' id='word_1_702' title='bbox 2970 3321 3188 3374; x_wconf 90' lang='lat' dir='ltr'><strong>mutatis</strong></span> <span class='ocrx_word' id='word_1_703' title='bbox 3214 3327 3378 3389; x_wconf 83' lang='lat' dir='ltr'><strong>atque</strong></span> 
     </span>
    </p>
   </div>
   <div class='ocr_carea' id='block_1_93' title="bbox 1818 3410 3379 3496">
    <p class='ocr_par' dir='ltr' id='par_1_93' title="bbox 1818 3410 3379 3496">
     <span class='ocr_line' id='line_1_93' title="bbox 1818 3410 3379 3496; baseline -0.011 -17"><span class='ocrx_word' id='word_1_704' title='bbox 1818 3424 2062 3496; x_wconf 90' lang='lat' dir='ltr'><strong>pluribus</strong></span> <span class='ocrx_word' id='word_1_705' title='bbox 2083 3419 2304 3483; x_wconf 86' lang='lat' dir='ltr'><strong>additis,</strong></span> <span class='ocrx_word' id='word_1_706' title='bbox 2335 3431 2455 3487; x_wconf 71' lang='lat' dir='ltr'><strong>quae</strong></span> <span class='ocrx_word' id='word_1_707' title='bbox 2490 3415 2706 3470; x_wconf 86' lang='lat' dir='ltr'><strong>uncinis</strong></span> <span class='ocrx_word' id='word_1_708' title='bbox 2734 3414 2945 3468; x_wconf 89' lang='lat' dir='ltr'><strong>inclusa</strong></span> <span class='ocrx_word' id='word_1_709' title='bbox 2972 3418 3101 3467; x_wconf 88' lang='lat' dir='ltr'><strong>sunt</strong></span> <span class='ocrx_word' id='word_1_710' title='bbox 3133 3411 3188 3465; x_wconf 92' lang='lat' dir='ltr'><strong>in</strong></span> <span class='ocrx_word' id='word_1_711' title='bbox 3210 3410 3379 3464; x_wconf 85' lang='lat' dir='ltr'><strong>anim-</strong></span> 
     </span>
    </p>
   </div>
   <div class='ocr_carea' id='block_1_94' title="bbox 1819 3502 3380 3574">
    <p class='ocr_par' dir='ltr' id='par_1_94' title="bbox 1819 3502 3380 3574">
     <span class='ocr_line' id='line_1_94' title="bbox 1819 3502 3380 3574; baseline -0.01 -3"><span class='ocrx_word' id='word_1_712' title='bbox 1819 3514 2231 3571; x_wconf 85' lang='lat' dir='ltr'><strong>adversionibus</strong></span> <span class='ocrx_word' id='word_1_713' title='bbox 2280 3527 2344 3567; x_wconf 81' lang='lat' dir='ltr'><strong>ex</strong></span> <span class='ocrx_word' id='word_1_714' title='bbox 2392 3508 2648 3565; x_wconf 87' lang='lat' dir='ltr'><strong>secundis</strong></span> <span class='ocrx_word' id='word_1_715' title='bbox 2729 3505 2931 3561; x_wconf 80' lang='lat' dir='ltr'><strong>Valesii</strong></span> <span class='ocrx_word' id='word_1_716' title='bbox 2982 3504 3172 3569; x_wconf 88' lang='lat' dir='ltr'><strong>curis,</strong></span> <span class='ocrx_word' id='word_1_717' title='bbox 3235 3502 3380 3574; x_wconf 89' lang='lat' dir='ltr'><strong>apud</strong></span> 
     </span>
    </p>
   </div>
   <div class='ocr_carea' id='block_1_95' title="bbox 1819 3578 3379 3669">
    <p class='ocr_par' dir='ltr' id='par_1_95' title="bbox 1819 3578 3379 3669">
     <span class='ocr_line' id='line_1_95' title="bbox 1819 3578 3379 3669; baseline -0.01 -6"><span class='ocrx_word' id='word_1_718' title='bbox 1819 3608 2036 3663; x_wconf 88' lang='lat' dir='ltr'><strong>Petrum</strong></span> <span class='ocrx_word' id='word_1_719' title='bbox 2066 3606 2115 3661; x_wconf 93' lang='lat' dir='ltr'><strong>le</strong></span> <span class='ocrx_word' id='word_1_720' title='bbox 2152 3604 2313 3669; x_wconf 89' lang='lat' dir='ltr'><strong>Petit,</strong></span> <span class='ocrx_word' id='word_1_721' title='bbox 2344 3601 2518 3657; x_wconf 90' lang='lat' dir='ltr'><strong>Paris.</strong></span> <span class='ocrx_word' id='word_1_722' title='bbox 2556 3600 2720 3663; x_wconf 84' lang='lat'><strong>1677,</strong></span> <span class='ocrx_word' id='word_1_723' title='bbox 2764 3599 2857 3653; x_wconf 90' lang='lat' dir='ltr'><strong>fol.</strong></span> <span class='ocrx_word' id='word_1_724' title='bbox 2893 3597 3101 3651; x_wconf 84' lang='lat' dir='ltr'><strong>Exinde</strong></span> <span class='ocrx_word' id='word_1_725' title='bbox 3132 3594 3199 3650; x_wconf 90' lang='lat' dir='ltr'><strong>ad</strong></span> <span class='ocrx_word' id='word_1_726' title='bbox 3218 3578 3379 3665; x_wconf 81' lang='lat' dir='ltr'><strong>prio-</strong></span> 
     </span>
    </p>
   </div>
   <div class='ocr_carea' id='block_1_96' title="bbox 1820 3694 3380 3773">
    <p class='ocr_par' dir='ltr' id='par_1_96' title="bbox 1820 3694 3380 3773">
     <span class='ocr_line' id='line_1_96' title="bbox 1820 3694 3380 3773; baseline -0.011 -9"><span class='ocrx_word' id='word_1_727' title='bbox 1820 3725 1936 3766; x_wconf 89' lang='lat' dir='ltr'><strong>rem</strong></span> <span class='ocrx_word' id='word_1_728' title='bbox 1963 3708 2049 3764; x_wconf 91' lang='lat' dir='ltr'><strong>ed.</strong></span> <span class='ocrx_word' id='word_1_729' title='bbox 2081 3720 2307 3762; x_wconf 92' lang='lat' dir='ltr'><strong>recusus</strong></span> <span class='ocrx_word' id='word_1_730' title='bbox 2335 3702 2654 3773; x_wconf 70' lang='lat' dir='ltr'><strong>Moguntize,</strong></span> <span class='ocrx_word' id='word_1_731' title='bbox 2695 3708 2753 3754; x_wconf 91' lang='lat' dir='ltr'><strong>ut</strong></span> <span class='ocrx_word' id='word_1_732' title='bbox 2796 3698 2957 3752; x_wconf 89' lang='lat' dir='ltr'><strong>habet</strong></span> <span class='ocrx_word' id='word_1_733' title='bbox 2996 3694 3215 3759; x_wconf 86' lang='lat' dir='ltr'><strong>titulus,</strong></span> <span class='ocrx_word' id='word_1_734' title='bbox 3264 3694 3380 3747; x_wconf 88' lang='lat' dir='ltr'><strong>sive</strong></span> 
     </span>
    </p>
   </div>
   <div class='ocr_carea' id='block_1_97' title="bbox 1821 3785 3379 3867">
    <p class='ocr_par' dir='ltr' id='par_1_97' title="bbox 1821 3785 3379 3867">
     <span class='ocr_line' id='line_1_97' title="bbox 1821 3785 3379 3867; baseline -0.013 -11"><span class='ocrx_word' id='word_1_735' title='bbox 1821 3798 2167 3855; x_wconf 90' lang='lat' dir='ltr'><strong>Francofurti</strong></span> <span class='ocrx_word' id='word_1_736' title='bbox 2199 3796 2379 3867; x_wconf 88' lang='lat' dir='ltr'><strong>potius</strong></span> <span class='ocrx_word' id='word_1_737' title='bbox 2418 3793 2589 3858; x_wconf 76' lang='grc'>1672,</span> <span class='ocrx_word' id='word_1_738' title='bbox 2655 3791 2771 3853; x_wconf 87' lang='grc' dir='ltr'>1οΙ.,</span> <span class='ocrx_word' id='word_1_739' title='bbox 2803 3800 2855 3844; x_wconf 90' lang='lat' dir='ltr'><strong>et</strong></span> <span class='ocrx_word' id='word_1_740' title='bbox 2908 3788 2975 3841; x_wconf 88' lang='lat' dir='ltr'><strong>ad</strong></span> <span class='ocrx_word' id='word_1_741' title='bbox 3025 3785 3379 3855; x_wconf 89' lang='lat' dir='ltr'><strong>posteriorem</strong></span> 
     </span>
    </p>
   </div>
   <div class='ocr_carea' id='block_1_98' title="bbox 1820 3872 3379 3948">
    <p class='ocr_par' dir='ltr' id='par_1_98' title="bbox 1820 3872 3379 3948">
     <span class='ocr_line' id='line_1_98' title="bbox 1820 3872 3379 3948; baseline -0.013 -1"><span class='ocrx_word' id='word_1_742' title='bbox 1820 3892 2113 3948; x_wconf 87' lang='lat' dir='ltr'><strong>editionem</strong></span> <span class='ocrx_word' id='word_1_743' title='bbox 2139 3887 2499 3942; x_wconf 88' lang='lat' dir='ltr'><strong>Parisiensem</strong></span> <span class='ocrx_word' id='word_1_744' title='bbox 2522 3924 2537 3947; x_wconf 92' lang='lat'><strong>,</strong></span> <span class='ocrx_word' id='word_1_745' title='bbox 2569 3880 2838 3935; x_wconf 82' lang='lat' dir='ltr'><strong>Amsterd.</strong></span> <span class='ocrx_word' id='word_1_746' title='bbox 2874 3877 3011 3931; x_wconf 83' lang='lat'><strong>1695</strong></span> <span class='ocrx_word' id='word_1_747' title='bbox 3031 3915 3045 3941; x_wconf 91' lang='lat'><strong>,</strong></span> <span class='ocrx_word' id='word_1_748' title='bbox 3092 3872 3211 3937; x_wconf 91' lang='lat' dir='ltr'><strong>fol.,</strong></span> <span class='ocrx_word' id='word_1_749' title='bbox 3239 3873 3379 3943; x_wconf 86' lang='lat' dir='ltr'><strong>typis</strong></span> 
     </span>
    </p>
   </div>
   <div class='ocr_carea' id='block_1_99' title="bbox 1822 3964 3377 4039">
    <p class='ocr_par' dir='ltr' id='par_1_99' title="bbox 1822 3964 3377 4039">
     <span class='ocr_line' id='line_1_99' title="bbox 1822 3964 3377 4039; baseline -0.014 0"><span class='ocrx_word' id='word_1_750' title='bbox 1822 3979 2372 4039; x_wconf 87' lang='lat' dir='ltr'><strong>Francofurtensibus</strong></span> <span class='ocrx_word' id='word_1_751' title='bbox 2447 3974 2770 4029; x_wconf 84' lang='lat' dir='ltr'><strong>Wustianis.</strong></span> <span class='ocrx_word' id='word_1_752' title='bbox 2846 3969 3059 4039; x_wconf 55' lang='lat' dir='ltr'><strong>Pagina;</strong></span> <span class='ocrx_word' id='word_1_753' title='bbox 3124 3964 3377 4028; x_wconf 86' lang='lat' dir='ltr'><strong>Eusebii,</strong></span> 
     </span>
    </p>
   </div>
   <div class='ocr_carea' id='block_1_100' title="bbox 1823 4064 3430 4158">
    <p class='ocr_par' dir='ltr' id='par_1_100' title="bbox 1823 4064 3430 4158">
     <span class='ocr_line' id='line_1_100' title="bbox 1823 4064 3430 4158; baseline -0.016 -16"><span class='ocrx_word' id='word_1_754' title='bbox 1823 4085 1966 4158; x_wconf 87' lang='lat' dir='ltr'><strong>quod</strong></span> <span class='ocrx_word' id='word_1_755' title='bbox 1999 4083 2340 4139; x_wconf 75' lang='lat' dir='ltr'><strong>vehementer</strong></span> <span class='ocrx_word' id='word_1_756' title='bbox 2368 4077 2689 4139; x_wconf 89' lang='lat' dir='ltr'><strong>dolendum,</strong></span> <span class='ocrx_word' id='word_1_757' title='bbox 2727 4076 2781 4126; x_wconf 93' lang='lat' dir='ltr'><strong>in</strong></span> <span class='ocrx_word' id='word_1_758' title='bbox 2813 4072 2913 4124; x_wconf 91' lang='lat' dir='ltr'><strong>hac</strong></span> <span class='ocrx_word' id='word_1_759' title='bbox 2945 4078 3216 4139; x_wconf 88' lang='lat' dir='ltr'><strong>postrema</strong></span> <span class='ocrx_word' id='word_1_760' title='bbox 3237 4064 3380 4119; x_wconf 84' lang='lat' dir='ltr'><strong>haud</strong></span> <span class='ocrx_word' id='word_1_761' title='bbox 3428 4080 3430 4082; x_wconf 67' lang='lat'><strong>&#39;</strong></span> 
     </span>
    </p>
   </div>
   <div class='ocr_carea' id='block_1_101' title="bbox 1824 4155 3382 4249">
    <p class='ocr_par' dir='ltr' id='par_1_101' title="bbox 1824 4155 3382 4249">
     <span class='ocr_line' id='line_1_101' title="bbox 1824 4155 3382 4249; baseline -0.017 -15"><span class='ocrx_word' id='word_1_762' title='bbox 1824 4155 2153 4249; x_wconf 75' lang='lat' dir='ltr'><strong>respondent</strong></span> <span class='ocrx_word' id='word_1_763' title='bbox 2184 4171 2278 4244; x_wconf 87' lang='lat' dir='ltr'><strong>(b).</strong></span> <span class='ocrx_word' id='word_1_764' title='bbox 2334 4169 2479 4225; x_wconf 90' lang='lat' dir='ltr'><strong>Obiit</strong></span> <span class='ocrx_word' id='word_1_765' title='bbox 2508 4167 2756 4221; x_wconf 80' lang='lat' dir='ltr'><strong>Valesius</strong></span> <span class='ocrx_word' id='word_1_766' title='bbox 2784 4162 3030 4226; x_wconf 86' lang='lat' dir='ltr'><strong>Parisiis,</strong></span> <span class='ocrx_word' id='word_1_767' title='bbox 3060 4157 3226 4213; x_wconf 85' lang='lat' dir='ltr'><strong>Nonis</strong></span> <span class='ocrx_word' id='word_1_768' title='bbox 3256 4155 3382 4209; x_wconf 84' lang='lat' dir='ltr'><strong>Maii</strong></span> 
     </span>
    </p>
   </div>
   <div class='ocr_carea' id='block_1_102' title="bbox 1824 4247 3382 4334">
    <p class='ocr_par' dir='ltr' id='par_1_102' title="bbox 1824 4247 3382 4334">
     <span class='ocr_line' id='line_1_102' title="bbox 1824 4247 3382 4334; baseline -0.015 -9"><span class='ocrx_word' id='word_1_769' title='bbox 1824 4287 1876 4325; x_wconf 85' lang='lat' dir='ltr'><strong>a.</strong></span> <span class='ocrx_word' id='word_1_770' title='bbox 1910 4247 2069 4331; x_wconf 83' lang='lat'><strong>1676,</strong></span> <span class='ocrx_word' id='word_1_771' title='bbox 2097 4266 2312 4334; x_wconf 89' lang='lat' dir='ltr'><strong>vitaque</strong></span> <span class='ocrx_word' id='word_1_772' title='bbox 2339 4262 2479 4331; x_wconf 92' lang='lat' dir='ltr'><strong>ejus,</strong></span> <span class='ocrx_word' id='word_1_773' title='bbox 2509 4274 2541 4313; x_wconf 89' lang='lat' dir='ltr'><strong>a</strong></span> <span class='ocrx_word' id='word_1_774' title='bbox 2580 4250 2744 4311; x_wconf 85' lang='lat' dir='ltr'><strong>fratre</strong></span> <span class='ocrx_word' id='word_1_775' title='bbox 2778 4255 3016 4308; x_wconf 74' lang='lat' dir='ltr'><strong>Adriano</strong></span> <span class='ocrx_word' id='word_1_776' title='bbox 3057 4250 3278 4317; x_wconf 78' lang='lat' dir='ltr'><strong>scripta,</strong></span> <span class='ocrx_word' id='word_1_777' title='bbox 3314 4247 3382 4301; x_wconf 90' lang='lat' dir='ltr'><strong>ad</strong></span> 
     </span>
    </p>
   </div>
   <div class='ocr_carea' id='block_1_103' title="bbox 1825 4338 3382 4418">
    <p class='ocr_par' dir='ltr' id='par_1_103' title="bbox 1825 4338 3382 4418">
     <span class='ocr_line' id='line_1_103' title="bbox 1825 4338 3382 4418; baseline -0.017 -4"><span class='ocrx_word' id='word_1_778' title='bbox 1825 4358 2160 4414; x_wconf 83' lang='lat' dir='ltr'><strong>Ludovicum</strong></span> <span class='ocrx_word' id='word_1_779' title='bbox 2188 4353 2465 4407; x_wconf 62' lang='lat' dir='ltr'><strong>Nublmum</strong></span> <span class='ocrx_word' id='word_1_780' title='bbox 2492 4390 2506 4414; x_wconf 98' lang='lat'><strong>,</strong></span> <span class='ocrx_word' id='word_1_781' title='bbox 2550 4355 2672 4418; x_wconf 91' lang='lat' dir='ltr'><strong>post</strong></span> <span class='ocrx_word' id='word_1_782' title='bbox 2698 4345 3059 4399; x_wconf 89' lang='lat' dir='ltr'><strong>Parisiensem</strong></span> <span class='ocrx_word' id='word_1_783' title='bbox 3089 4338 3382 4393; x_wconf 87' lang='lat' dir='ltr'><strong>editionem</strong></span> 
     </span>
    </p>
   </div>
   <div class='ocr_carea' id='block_1_104' title="bbox 1828 4427 3381 4515">
    <p class='ocr_par' dir='ltr' id='par_1_104' title="bbox 1828 4427 3381 4515">
     <span class='ocr_line' id='line_1_104' title="bbox 1828 4427 3381 4515; baseline -0.014 -10"><span class='ocrx_word' id='word_1_784' title='bbox 1828 4463 2017 4505; x_wconf 89' lang='lat' dir='ltr'><strong>recusa</strong></span> <span class='ocrx_word' id='word_1_785' title='bbox 2057 4446 2252 4515; x_wconf 74' lang='lat' dir='ltr'><strong>Lipsize</strong></span> <span class='ocrx_word' id='word_1_786' title='bbox 2284 4440 2443 4507; x_wconf 81' lang='lat'><strong>1680,</strong></span> <span class='ocrx_word' id='word_1_787' title='bbox 2476 4440 2538 4505; x_wconf 78' lang='lat'><strong>8,</strong></span> <span class='ocrx_word' id='word_1_788' title='bbox 2587 4454 2715 4494; x_wconf 89' lang='lat' dir='ltr'><strong>cura</strong></span> <span class='ocrx_word' id='word_1_789' title='bbox 2747 4434 3067 4491; x_wconf 89' lang='lat' dir='ltr'><strong>nobilissimi</strong></span> <span class='ocrx_word' id='word_1_790' title='bbox 3090 4430 3193 4485; x_wconf 90' lang='lat' dir='ltr'><strong>viri</strong></span> <span class='ocrx_word' id='word_1_791' title='bbox 3231 4427 3381 4483; x_wconf 88' lang='lat' dir='ltr'><strong>Frid.</strong></span> 
     </span>
    </p>
   </div>
   <div class='ocr_carea' id='block_1_105' title="bbox 1826 4522 3385 4610">
    <p class='ocr_par' dir='ltr' id='par_1_105' title="bbox 1826 4522 3385 4610">
     <span class='ocr_line' id='line_1_105' title="bbox 1826 4522 3385 4610; baseline -0.019 -12"><span class='ocrx_word' id='word_1_792' title='bbox 1826 4542 1957 4597; x_wconf 83' lang='lat' dir='ltr'><strong>Ben.</strong></span> <span class='ocrx_word' id='word_1_793' title='bbox 1987 4537 2306 4610; x_wconf 87' lang='lat' dir='ltr'><strong>Corpzovii,</strong></span> <span class='ocrx_word' id='word_1_794' title='bbox 2359 4544 2519 4605; x_wconf 90' lang='lat' dir='ltr'><strong>atque</strong></span> <span class='ocrx_word' id='word_1_795' title='bbox 2562 4532 2618 4585; x_wconf 86' lang='lat' dir='ltr'><strong>in</strong></span> <span class='ocrx_word' id='word_1_796' title='bbox 2670 4529 2800 4585; x_wconf 80' lang='lat' dir='ltr'><strong>Vitis</strong></span> <span class='ocrx_word' id='word_1_797' title='bbox 2838 4526 3141 4581; x_wconf 85' lang='lat' dir='ltr'><strong>selectorum</strong></span> <span class='ocrx_word' id='word_1_798' title='bbox 3186 4522 3385 4587; x_wconf 82' lang='lat' dir='ltr'><strong>aliquot</strong></span> 
     </span>
    </p>
   </div>
   <div class='ocr_carea' id='block_1_106' title="bbox 1826 4609 3379 4697">
    <p class='ocr_par' dir='ltr' id='par_1_106' title="bbox 1826 4609 3379 4697">
     <span class='ocr_line' id='line_1_106' title="bbox 1826 4609 3379 4697; baseline -0.017 -9"><span class='ocrx_word' id='word_1_799' title='bbox 1826 4637 2077 4697; x_wconf 84' lang='lat' dir='ltr'><strong>virorum,</strong></span> <span class='ocrx_word' id='word_1_800' title='bbox 2098 4609 2134 4685; x_wconf 15' lang='lat' dir='ltr'><strong>7a</strong></span> <span class='ocrx_word' id='word_1_801' title='bbox 2155 4629 2294 4685; x_wconf 87' lang='lat' dir='ltr'><strong>Guil.</strong></span> <span class='ocrx_word' id='word_1_802' title='bbox 2333 4626 2550 4682; x_wconf 88' lang='lat' dir='ltr'><strong>Batesio</strong></span> <span class='ocrx_word' id='word_1_803' title='bbox 2577 4621 2817 4678; x_wconf 83' lang='lat' dir='ltr'><strong>collectis</strong></span> <span class='ocrx_word' id='word_1_804' title='bbox 2840 4627 2894 4673; x_wconf 81' lang='lat' dir='ltr'><strong>et</strong></span> <span class='ocrx_word' id='word_1_805' title='bbox 2922 4615 3151 4671; x_wconf 90' lang='lat' dir='ltr'><strong>Londini</strong></span> <span class='ocrx_word' id='word_1_806' title='bbox 3177 4629 3226 4666; x_wconf 92' lang='lat' dir='ltr'><strong>a.</strong></span> <span class='ocrx_word' id='word_1_807' title='bbox 3248 4609 3379 4664; x_wconf 82' lang='lat'><strong>1681</strong></span> 
     </span>
    </p>
   </div>
   <div class='ocr_carea' id='block_1_107' title="bbox 1826 4700 3385 4790">
    <p class='ocr_par' dir='ltr' id='par_1_107' title="bbox 1826 4700 3385 4790">
     <span class='ocr_line' id='line_1_107' title="bbox 1826 4700 3385 4790; baseline -0.017 -10"><span class='ocrx_word' id='word_1_808' title='bbox 1826 4734 1880 4781; x_wconf 90' lang='lat' dir='ltr'><strong>et</strong></span> <span class='ocrx_word' id='word_1_809' title='bbox 1910 4724 2069 4788; x_wconf 70' lang='grc'>1704,</span> <span class='ocrx_word' id='word_1_810' title='bbox 2100 4723 2155 4790; x_wconf 75' lang='grc'>4,</span> <span class='ocrx_word' id='word_1_811' title='bbox 2178 4721 2339 4777; x_wconf 90' lang='lat' dir='ltr'><strong>editis</strong></span> <span class='ocrx_word' id='word_1_812' title='bbox 2364 4735 2417 4789; x_wconf 91' lang='lat' dir='ltr'><strong>p.</strong></span> <span class='ocrx_word' id='word_1_813' title='bbox 2445 4716 2567 4778; x_wconf 85' lang='lat'><strong>719,</strong></span> <span class='ocrx_word' id='word_1_814' title='bbox 2591 4721 2644 4769; x_wconf 88' lang='lat' dir='ltr'><strong>et</strong></span> <span class='ocrx_word' id='word_1_815' title='bbox 2672 4719 2798 4767; x_wconf 84' lang='lat' dir='ltr'><strong>ante</strong></span> <span class='ocrx_word' id='word_1_816' title='bbox 2836 4707 3129 4764; x_wconf 87' lang='lat' dir='ltr'><strong>Eusebium</strong></span> <span class='ocrx_word' id='word_1_817' title='bbox 3180 4700 3385 4758; x_wconf 82' lang='lat' dir='ltr'><strong>Valesii</strong></span> 
     </span>
    </p>
   </div>
   <div class='ocr_carea' id='block_1_108' title="bbox 1827 4805 2670 4875">
    <p class='ocr_par' dir='ltr' id='par_1_108' title="bbox 1827 4805 2670 4875">
     <span class='ocr_line' id='line_1_108' title="bbox 1827 4805 2670 4875; baseline -0.015 -4"><span class='ocrx_word' id='word_1_818' title='bbox 1827 4817 1957 4871; x_wconf 88' lang='lat' dir='ltr'><strong>edit.</strong></span> <span class='ocrx_word' id='word_1_819' title='bbox 1981 4814 2155 4868; x_wconf 84' lang='lat' dir='ltr'><strong>Amst.</strong></span> <span class='ocrx_word' id='word_1_820' title='bbox 2186 4811 2343 4875; x_wconf 84' lang='grc'>1695,</span> <span class='ocrx_word' id='word_1_821' title='bbox 2367 4808 2461 4862; x_wconf 84' lang='lat' dir='ltr'><strong>fol.</strong></span> <span class='ocrx_word' id='word_1_822' title='bbox 2503 4805 2670 4860; x_wconf 70' lang='lat' dir='ltr'><strong>Fsan.</strong></span> 
     </span>
    </p>
   </div>
   <div class='ocr_carea' id='block_1_109' title="bbox 1899 4917 3388 5004">
    <p class='ocr_par' dir='ltr' id='par_1_109' title="bbox 1899 4917 3388 5004">
     <span class='ocr_line' id='line_1_109' title="bbox 1899 4917 3388 5004; baseline -0.017 -15"><span class='ocrx_word' id='word_1_823' title='bbox 1899 4936 2109 5004; x_wconf 78' lang='lat' dir='ltr'><strong>integra</strong></span> <span class='ocrx_word' id='word_1_824' title='bbox 2140 4928 2341 4985; x_wconf 85' lang='lat' dir='ltr'><strong>Valesii</strong></span> <span class='ocrx_word' id='word_1_825' title='bbox 2372 4924 2540 4982; x_wconf 90' lang='lat' dir='ltr'><strong>editio</strong></span> <span class='ocrx_word' id='word_1_826' title='bbox 2587 4918 2949 4989; x_wconf 72' lang='lat' dir='ltr'><strong>Cantabrigiae</strong></span> <span class='ocrx_word' id='word_1_827' title='bbox 2987 4924 3138 4971; x_wconf 84' lang='lat' dir='ltr'><strong>tanta</strong></span> <span class='ocrx_word' id='word_1_828' title='bbox 3173 4926 3303 4967; x_wconf 89' lang='lat' dir='ltr'><strong>cura</strong></span> <span class='ocrx_word' id='word_1_829' title='bbox 3333 4917 3388 4965; x_wconf 88' lang='lat' dir='ltr'><strong>et</strong></span> 
     </span>
    </p>
   </div>
   <div class='ocr_carea' id='block_1_110' title="bbox 1829 5021 3387 5102">
    <p class='ocr_par' dir='ltr' id='par_1_110' title="bbox 1829 5021 3387 5102">
     <span class='ocr_line' id='line_1_110' title="bbox 1829 5021 3387 5102; baseline -0.015 -7"><span class='ocrx_word' id='word_1_830' title='bbox 1829 5041 1934 5097; x_wconf 84' lang='lat' dir='ltr'><strong>ﬁde</strong></span> <span class='ocrx_word' id='word_1_831' title='bbox 1976 5051 2169 5095; x_wconf 90' lang='lat' dir='ltr'><strong>recusa</strong></span> <span class='ocrx_word' id='word_1_832' title='bbox 2199 5042 2320 5102; x_wconf 88' lang='lat' dir='ltr'><strong>est,</strong></span> <span class='ocrx_word' id='word_1_833' title='bbox 2360 5040 2421 5087; x_wconf 92' lang='lat' dir='ltr'><strong>ut</strong></span> <span class='ocrx_word' id='word_1_834' title='bbox 2471 5031 2636 5087; x_wconf 89' lang='lat' dir='ltr'><strong>etiam</strong></span> <span class='ocrx_word' id='word_1_835' title='bbox 2684 5032 2905 5097; x_wconf 89' lang='lat' dir='ltr'><strong>peccata</strong></span> <span class='ocrx_word' id='word_1_836' title='bbox 2944 5021 3342 5093; x_wconf 85' lang='lat' dir='ltr'><strong>typothetarum</strong></span> <span class='ocrx_word' id='word_1_837' title='bbox 3367 5054 3387 5081; x_wconf 87' lang='lat'><strong>,</strong></span> 
     </span>
    </p>
   </div>
   <div class='ocr_carea' id='block_1_111' title="bbox 1828 5136 3389 5213">
    <p class='ocr_par' dir='ltr' id='par_1_111' title="bbox 1828 5136 3389 5213">
     <span class='ocr_line' id='line_1_111' title="bbox 1828 5136 3389 5213; baseline -0.015 -2"><span class='ocrx_word' id='word_1_838' title='bbox 1828 5155 1967 5212; x_wconf 88' lang='lat' dir='ltr'><strong>datis</strong></span> <span class='ocrx_word' id='word_1_839' title='bbox 1992 5148 2523 5213; x_wconf 81' lang='lat' dir='ltr'><strong>lectoribus,nedum</strong></span> <span class='ocrx_word' id='word_1_840' title='bbox 2554 5144 2764 5199; x_wconf 87' lang='lat' dir='ltr'><strong>veniam</strong></span> <span class='ocrx_word' id='word_1_841' title='bbox 2787 5141 2858 5197; x_wconf 88' lang='lat' dir='ltr'><strong>ob</strong></span> <span class='ocrx_word' id='word_1_842' title='bbox 2882 5136 3389 5211; x_wconf 87' lang='lat' dir='ltr'><strong>quantulascunque</strong></span> 
     </span>
    </p>
   </div>
   <div class='ocr_carea' id='block_1_112' title="bbox 1827 5223 2296 5281">
    <p class='ocr_par' dir='ltr' id='par_1_112' title="bbox 1827 5223 2296 5281">
     <span class='ocr_line' id='line_1_112' title="bbox 1827 5223 2296 5281; baseline -0.013 0"><span class='ocrx_word' id='word_1_843' title='bbox 1827 5223 2296 5281; x_wconf 87' lang='lat' dir='ltr'><strong>hallucinationes.</strong></span> 
     </span>
    </p>
   </div>
   <div class='ocr_carea' id='block_1_113' title="bbox 1906 5274 3386 5363">
    <p class='ocr_par' dir='ltr' id='par_1_113' title="bbox 1906 5274 3386 5363">
     <span class='ocr_line' id='line_1_113' title="bbox 1906 5274 3386 5363; baseline -0.015 -15"><span class='ocrx_word' id='word_1_844' title='bbox 1906 5274 2178 5363; x_wconf 32' lang='lat' dir='ltr'><strong>iii—)‘Eonf.</strong></span> <span class='ocrx_word' id='word_1_845' title='bbox 2228 5274 2540 5363; x_wconf 76' lang='lat' dir='ltr'><strong>uberiorem</strong></span> <span class='ocrx_word' id='word_1_846' title='bbox 2588 5282 2954 5363; x_wconf 68' lang='lat' dir='ltr'><strong>recensionem</strong></span> 
     </span>
    </p>
   </div>
   <div class='ocr_carea' id='block_1_114' title="bbox 1829 5346 3385 5426">
    <p class='ocr_par' dir='ltr' id='par_1_114' title="bbox 1829 5346 3385 5426">
     <span class='ocr_line' id='line_1_114' title="bbox 1829 5346 3385 5426; baseline -0.017 -4"><span class='ocrx_word' id='word_1_847' title='bbox 1829 5346 1978 5422; x_wconf 53' lang='lat' dir='ltr'><strong>Bibl:</strong></span> <span class='ocrx_word' id='word_1_848' title='bbox 2006 5346 2245 5423; x_wconf 74' lang='lat' dir='ltr'><strong>Fabric.,</strong></span> <span class='ocrx_word' id='word_1_849' title='bbox 2268 5358 2398 5413; x_wconf 88' lang='lat' dir='ltr'><strong>tom.</strong></span> <span class='ocrx_word' id='word_1_850' title='bbox 2430 5356 2491 5421; x_wconf 90' lang='lat' dir='ltr'><strong>ll,</strong></span> <span class='ocrx_word' id='word_1_851' title='bbox 2518 5373 2572 5426; x_wconf 94' lang='lat' dir='ltr'><strong>p.</strong></span> <span class='ocrx_word' id='word_1_852' title='bbox 2609 5356 2711 5410; x_wconf 78' lang='lat'><strong>396</strong></span> <span class='ocrx_word' id='word_1_853' title='bbox 2743 5369 2885 5426; x_wconf 76' lang='lat' dir='ltr'><strong>sqq.,</strong></span> <span class='ocrx_word' id='word_1_854' title='bbox 2912 5346 3385 5426; x_wconf 43' lang='lat' dir='ltr'><strong>qui_’aninmadver7</strong></span> 
     </span>
    </p>
   </div>
   <div class='ocr_carea' id='block_1_115' title="bbox 1829 5416 3382 5501">
    <p class='ocr_par' dir='ltr' id='par_1_115' title="bbox 1829 5416 3382 5501">
     <span class='ocr_line' id='line_1_115' title="bbox 1829 5416 3382 5501; baseline -0.017 -8"><span class='ocrx_word' id='word_1_855' title='bbox 1934 5416 2076 5490; x_wconf 15' lang='lat' dir='ltr'><strong>redit.</strong></span> <span class='ocrx_word' id='word_1_856' title='bbox 2107 5416 2253 5486; x_wconf 84' lang='lat' dir='ltr'><strong>illam</strong></span> <span class='ocrx_word' id='word_1_857' title='bbox 2279 5446 2387 5484; x_wconf 90' lang='lat' dir='ltr'><strong>non</strong></span> <span class='ocrx_word' id='word_1_858' title='bbox 2408 5416 2533 5483; x_wconf 72' lang='lat' dir='ltr'><strong>esse</strong></span> <span class='ocrx_word' id='word_1_859' title='bbox 2557 5416 3052 5501; x_wconf 52' lang='lat' dir='ltr'><strong>recusauilxm&#39;stel.</strong></span> <span class='ocrx_word' id='word_1_860' title='bbox 3083 5416 3220 5470; x_wconf 84' lang='lat'><strong>1695</strong></span> <span class='ocrx_word' id='word_1_861' title='bbox 3240 5416 3382 5501; x_wconf 38' lang='lat' dir='ltr'><strong>,‘sed</strong></span> 
     </span>
    </p>
   </div>
   <div class='ocr_carea' id='block_1_116' title="bbox 1829 5494 3389 5579">
    <p class='ocr_par' dir='ltr' id='par_1_116' title="bbox 1829 5494 3389 5579">
     <span class='ocr_line' id='line_1_116' title="bbox 1829 5494 3389 5579; baseline -0.017 -17"><span class='ocrx_word' id='word_1_862' title='bbox 1829 5494 1924 5579; x_wconf 80' lang='lat' dir='ltr'><strong>per</strong></span> <span class='ocrx_word' id='word_1_863' title='bbox 1958 5504 2198 5579; x_wconf 81' lang='lat' dir='ltr'><strong>fraudem</strong></span> <span class='ocrx_word' id='word_1_864' title='bbox 2225 5502 2422 5579; x_wconf 58' lang='lat' dir='ltr'><strong>factum</strong></span> <span class='ocrx_word' id='word_1_865' title='bbox 2448 5514 2568 5579; x_wconf 71' lang='lat' dir='ltr'><strong>esse</strong></span> <span class='ocrx_word' id='word_1_866' title='bbox 2602 5494 3010 5579; x_wconf 67' lang='lat' dir='ltr'><strong>illunrtitulutn,</strong></span> <span class='ocrx_word' id='word_1_867' title='bbox 3035 5503 3155 5579; x_wconf 69' lang='lat' dir='ltr'><strong>cum</strong></span> <span class='ocrx_word' id='word_1_868' title='bbox 3206 5494 3277 5540; x_wconf 85' lang='lat' dir='ltr'><strong>sit</strong></span> <span class='ocrx_word' id='word_1_869' title='bbox 3309 5501 3389 5579; x_wconf 62' lang='grc' dir='ltr'><strong>ιρ-</strong></span> 
     </span>
    </p>
   </div>
   <div class='ocr_carea' id='block_1_117' title="bbox 1831 5559 3384 5635">
    <p class='ocr_par' dir='ltr' id='par_1_117' title="bbox 1831 5559 3384 5635">
     <span class='ocr_line' id='line_1_117' title="bbox 1831 5559 3384 5635; baseline -0.019 -1"><span class='ocrx_word' id='word_1_870' title='bbox 1831 5559 2046 5635; x_wconf 40' lang='lat' dir='ltr'><strong>sis-sima</strong></span> <span class='ocrx_word' id='word_1_871' title='bbox 2095 5573 2182 5629; x_wconf 89' lang='lat' dir='ltr'><strong>ed.</strong></span> <span class='ocrx_word' id='word_1_872' title='bbox 2240 5569 2708 5634; x_wconf 26' lang='lat' dir='ltr'><strong>Francofurtana’,</strong></span> <span class='ocrx_word' id='word_1_873' title='bbox 2758 5559 3384 5635; x_wconf 44' lang='lat' dir='ltr'><strong>idemquenaliorummoe</strong></span> 
     </span>
    </p>
   </div>
   <div class='ocr_carea' id='block_1_118' title="bbox 1831 5622 3382 5713">
    <p class='ocr_par' dir='ltr' id='par_1_118' title="bbox 1831 5622 3382 5713">
     <span class='ocr_line' id='line_1_118' title="bbox 1831 5622 3382 5713; baseline -0.02 -8"><span class='ocrx_word' id='word_1_874' title='bbox 2094 5622 2577 5713; x_wconf 14' lang='lat' dir='ltr'><strong>ejﬁusq—uems‘criptis</strong></span> <span class='ocrx_word' id='word_1_875' title='bbox 2620 5622 2945 5713; x_wconf 40' lang='lat' dir='ltr'><strong>Valesiique&quot;</strong></span> <span class='ocrx_word' id='word_1_876' title='bbox 2960 5630 3195 5713; x_wconf 83' lang='lat' dir='ltr'><strong>editione</strong></span> <span class='ocrx_word' id='word_1_877' title='bbox 3227 5622 3382 5713; x_wconf 62' lang='lat' dir='ltr'><strong>alfth</strong></span> 
     </span>
    </p>
   </div>
   <div class='ocr_carea' id='block_1_119' title="bbox 1826 5699 3386 5788">
    <p class='ocr_par' dir='ltr' id='par_1_119' title="bbox 1826 5699 3386 5788">
     <span class='ocr_line' id='line_1_119' title="bbox 1826 5699 3386 5788; baseline -0.017 -14"><span class='ocrx_word' id='word_1_878' title='bbox 1826 5699 2054 5788; x_wconf 54' lang='lat' dir='ltr'><strong>j—udici—a.</strong></span> <span class='ocrx_word' id='word_1_879' title='bbox 2107 5699 2316 5788; x_wconf 62' lang='lat' dir='ltr'><strong>Eccusa</strong></span> <span class='ocrx_word' id='word_1_880' title='bbox 2365 5699 2487 5778; x_wconf 61' lang='lat' dir='ltr'><strong>est,</strong></span> <span class='ocrx_word' id='word_1_881' title='bbox 2518 5718 2608 5765; x_wconf 89' lang='lat' dir='ltr'><strong>aut</strong></span> <span class='ocrx_word' id='word_1_882' title='bbox 2662 5699 2857 5763; x_wconf 78' lang='lat' dir='ltr'><strong>novum</strong></span> <span class='ocrx_word' id='word_1_883' title='bbox 2910 5702 3126 5755; x_wconf 89' lang='lat' dir='ltr'><strong>titulum</strong></span> <span class='ocrx_word' id='word_1_884' title='bbox 3152 5699 3386 5768; x_wconf 54' lang='lat' dir='ltr'><strong>accepit,</strong></span> 
     </span>
    </p>
   </div>
   <div class='ocr_carea' id='block_1_120' title="bbox 1834 5785 2487 5853">
    <p class='ocr_par' dir='ltr' id='par_1_120' title="bbox 1834 5785 2487 5853">
     <span class='ocr_line' id='line_1_120' title="bbox 1834 5785 2487 5853; baseline -0.012 -6"><span class='ocrx_word' id='word_1_885' title='bbox 1834 5785 2003 5849; x_wconf 77' lang='lat' dir='ltr'><strong>Paris.</strong></span> <span class='ocrx_word' id='word_1_886' title='bbox 2038 5788 2189 5845; x_wconf 60' lang='lat'><strong>1746.</strong></span> <span class='ocrx_word' id='word_1_887' title='bbox 2231 5785 2397 5843; x_wconf 71' lang='lat' dir='ltr'><strong>HARL-</strong></span> <span class='ocrx_word' id='word_1_888' title='bbox 2483 5848 2487 5853; x_wconf 32' lang='lat'><strong>,</strong></span> 
     </span>
    </p>
   </div>
  </div>
