4142 6306
770 379 830 437 in
1266 428 1267 431 γ
1625 355 1629 359 ’
1767 381 2108 444 EUSEBIUS
2143 381 2621 440 CESARIENSIS
2661 379 3056 438 Episcopus.
3749 341 3752 344 ’
3927 382 3986 437 sa

767 501 965 568 praster-
999 493 1092 549 illa
1129 510 1251 566 qua
1292 495 1408 567 ipse
1440 495 1692 555 Valesius
1718 497 2010 567 indicarat,
2039 472 2341 562 retineren-
2368 504 2415 560 Α
2441 495 2566 560 Gr.,
2599 513 2652 566 p.
2685 495 2755 550 46
2775 503 2830 552 et
2859 495 2949 551 65.
2978 514 3048 535 —
3077 493 3133 548 lu
3163 493 3288 549 cod.
3321 493 3545 549 Coislin.
3581 492 3709 558 305,
3739 491 3830 550 fol.
3879 495 3983 562 H9,

768 594 876 640 tur.
914 584 993 640 En
1029 586 1438 656 inscriptionem
1467 606 1482 646 :

841 675 1057 731 Eusebii
1115 675 1400 748 Pamphili,
1438 679 1682 737 Socratis
1733 681 2069 748 scholastici,
2096 681 2339 741 Hermia:

769 766 1070 832 Sosomeni,
1101 766 1406 824 Theodoriti
1439 780 1490 826 et
1518 770 1752 842 Evagrii,
1776 775 1899 828 item
1921 773 2268 846 Philostorgii
2289 785 2338 830 et

669 889 674 892 -
769 861 1027 918 Theodori
1058 862 1291 920 Lectoris
1335 883 1454 936 quia
1484 877 1693 922 exstant
1717 908 1732 932 ,
1791 866 2048 925 Historia:
2089 870 2337 925 ecclesia-

763 953 1129 1032 sticw‘Gmce
1176 966 1226 1010 et
1278 955 1467 1012 Latine
1524 959 1579 1012 in
1635 968 1740 1014 tres
1798 969 1964 1016 tomos
2013 961 2332 1018 dislribular.

763 1045 930 1102 Henr.
995 1047 1240 1103 Valesius
1298 1049 1539 1105 Gnaeum
1606 1061 1806 1107 textum
1862 1070 1928 1109 ex
1992 1073 2122 1111 mss.
2179 1057 2331 1112 codd.

760 1140 1090 1206 emendavit,
1139 1142 1328 1199 Latine
1369 1145 1557 1212 vertit,
1621 1157 1671 1218 et
1703 1147 1965 1202 udnotatt.
2023 1149 2332 1206 illustravit.

762 1229 1008 1290 Gulielm.
1073 1233 1305 1308 lieading
1352 1255 1510 1293 novas
1563 1239 1974 1305 elucidationes,
2042 1244 2332 1310 prwsertirn

760 1325 1187 1398 chronologicas,
1223 1331 1277 1384 in
1308 1330 1405 1385 hac
1437 1333 1662 1388 editione
1700 1335 1915 1403 adjecit.
1951 1335 2330 1405 Cantabrigicc,

761 1419 896 1490 typis
921 1421 1156 1476 academ.
1193 1421 1363 1489 1720,
1416 1418 1535 1494 [σιξ.
1563 1423 1631 1480 Ill
1665 1435 1793 1482 tom.
1835 1425 1892 1482 In
1942 1431 2118 1500 primo
2151 1442 2328 1495 tomo,

757 1512 852 1582 qui
899 1513 1224 1581 peculiarem
1274 1515 1438 1571 habet
1485 1517 1933 1590 inscriptionem,
1982 1524 2333 1579 continentur

758 1601 979 1660 Eusebii
1018 1635 1083 1645 -—
1116 1605 1183 1662 E.
1221 1606 1294 1663 Η.
1332 1608 1455 1662 libri
1506 1609 1699 1668 decem.
1753 1612 1958 1682 Quibus
1997 1615 2332 1685 subjungitur

757 1698 930 1751 oratio
954 1697 1294 1753 Constantini
1323 1700 1389 1754 ad
1421 1713 1631 1758 sanctos
1671 1713 1722 1758 et
1770 1703 2125 1777 Panegyricus
2160 1707 2328 1763 Euse-

757 1789 848 1846 bii.
885 1789 956 1844 Π.
1025 1791 1197 1848 Vales.
1255 1793 1347 1848 Gr.
1411 1805 1608 1850 textum
1655 1797 1864 1852 collatis
1905 1815 1959 1854 Iv
2007 1817 2133 1856 mss.
2173 1801 2325 1857 codd.

2441 597 2524 645 est
2577 589 2730 643 locus
2785 585 3006 643 Eusebii
3047 585 3125 641 De
3159 585 3520 654 Therapeutis,
3569 593 3776 657 septem
3815 593 3988 642 octove

2437 678 2776 748 paginarum.
2825 675 3141 749 (Montfauc.
3178 676 3319 732 Bibl.
3353 675 3519 731 Coisl.
3543 718 3557 744 ,
3590 693 3645 748 p.
3676 675 3826 750 421).
3857 678 3986 734 —lu

2443 770 2513 824 Μ.
2551 770 2854 835 Britannia,
2888 769 3188 825 secundum
3211 767 3390 824 Catal.
3421 769 3606 833 codd.,
3637 771 3692 825 in
3721 771 3845 826 cod.
3873 770 3988 832 Bar-

2438 881 2553 920 roc.
2583 880 2638 919 n.
2669 863 2846 929 ClllC,
2887 862 3083 934 fragm.
3118 880 3183 917 ex
3218 861 3292 918 Π.
3349 861 3416 917 Ε.
3455 871 3507 916 et
3529 862 3750 919 EuSebii
3785 873 3988 919 senten-

2435 959 2544 1021 tiae,
2562 957 2702 1011 inter
2717 953 2840 1011 cod.
2858 954 2989 1010 bibl.
3006 953 3286 1009 Bodleian.
3304 952 3662 1010 DCCLXllIet
3677 954 3986 1020 MCCCXIX,

2436 1050 2575 1104 inter
2617 1047 2776 1104 codd.
2837 1046 3031 1102 Laudi.
3091 1046 3160 1102 Η.
3195 1045 3258 1099 Ε.
3308 1063 3372 1102 ex
3422 1048 3668 1103 versione
3701 1047 3989 1103 Ruﬁni.—

2433 1140 2500 1195 Ν.
2546 1139 3021 1204 MMCCLXXVIII,
3057 1139 3130 1195 Η.
3182 1139 3249 1194 Ε.
3308 1139 3400 1195 Gr.
3452 1171 3522 1182 --
3569 1140 3634 1199 N.
3668 1141 3987 1209 MMCDVIII,

2434 1234 2685 1306 synopsis
2724 1234 2794 1288 ιι.
2828 1233 2893 1289 E.
2913 1265 2980 1274 —
2999 1232 3064 1288 N.
3087 1231 3614 1300 MMMMMMCDXV,
3645 1234 3769 1290 libri
3791 1251 3845 1289 ιι
3866 1233 3986 1308 (sic).

2438 1327 2509 1382 ll.
2543 1326 2609 1382 E.
2661 1329 2756 1383 sed
2791 1326 3003 1388 Latine,
3041 1323 3224 1381 credo.
3256 1325 3520 1382 -—-Oxon.
3572 1328 3626 1381 in
3678 1329 3812 1384 bibl.
3875 1328 3985 1383 coll.

2433 1421 2753 1486 Baliolcns.,
2787 1420 2852 1476 N.
2882 1420 3080 1486 CCVC,
3106 1420 3224 1476 Lat.
3253 1453 3324 1503 -έ
3347 1421 3406 1477 In
3441 1422 3573 1477 bibl.
3607 1425 3734 1478 coll.
3794 1423 3989 1480 δίει-(οη

2431 1511 2754 1580 N.DXC|V,
2806 1514 2876 1568 11.
2939 1511 3004 1569 Ε.
3043 1515 3137 1568 lib.
3187 1530 3264 1577 XI,
3321 1513 3438 1568 Lat.
3472 1516 3618 1570 -ιη
3679 1515 3815 1570 bibl.
3875 1517 3984 1573 coll.

2431 1605 2697 1662 Oricleus.
2736 1605 2809 1662 Η.
2853 1605 2919 1660 E.
2982 1605 3102 1662 Lat.
3159 1621 3284 1661 cum
3318 1605 3702 1662 additamentis
3739 1605 3916 1662 Rulini
3943 1617 3988 1662 et

2431 1714 2552 1752 cum
2601 1700 2962 1753 translatione
3020 1698 3285 1768 ejusdem.
3310 1700 3453 1754 —-In
3489 1699 3617 1753 bibl.
3651 1699 3780 1754 coll.
3824 1698 3988 1753 Maria:

2434 1789 2610 1860 Magd.
2649 1788 2970 1854 MMCCCLI,
3001 1789 3116 1844 Lat.
3149 1821 3217 1830 ——
3247 1788 3505 1845 Cantabr.
3527 1787 3590 1844 N.
3623 1788 3984 1853 MCCLXX'I'X,

753 1883 1078 1949 emendavit,
1108 1883 1229 1940 Lat.
1262 1889 1412 1942 vertit
1443 1900 1492 1943 et
1529 1889 1793 1944 adnotatt.
1827 1889 2138 1948 illustravit.
2171 1893 2325 1947 Hanc
2360 1863 2401 1916 Β
2433 1879 2505 1935 Η·
2544 1880 2609 1934 Eo
2648 1881 2738 1934 Ρν·
2779 1869 3077 1935 Ρενὶιοῗωη
3112 1880 3315 1935 dicunt.
3363 1875 3511 1937 —¥III
3554 1882 3682 1937 coll.
3733 1881 3985 1947 S.,Bene-

752 1975 879 2031 edit.
915 1979 1111 2033 criticis
1143 1979 1380 2050 plurium
1414 1981 1743 2036 eruditorum
1776 1983 1856 2054 (ιι.
1896 1981 2059 2039 Wilh.
2093 1983 2322 2040 Lowthii

752 2070 1048 2125 emendati.
1081 2073 1336 2142 notisque
1362 2073 1492 2128 hist.
1519 2080 1574 2128 et
1602 2072 1664 2128 V.
1700 2072 1762 2129 L.
1799 2090 1828 2129 a
1855 2074 2057 2130 Merico
2085 2076 2322 2134 Casaub.

753 2161 988 2229 margini
1034 2164 1267 2234 exempl.
1335 2163 1520 2234 Steph.
1581 2156 1854 2240 ascriptis)
1877 2165 2323 2225 observationibus

754 2249 1086 2318 locupletavit
1118 2255 1180 2310 G.
1226 2255 1638 2328 Reading,'cleri
1663 2248 1996 2317 Londinens.
2030 2263 2321 2320 bibliothe-

752 2354 892 2404 car.,
916 2341 1176 2401 Cantabr.
1220 2344 1378 2403 1720.
1411 2347 1655 2420 Rcading
1679 2365 1918 2421 quoque,
1949 2354 2210 2424 quidquid
2259 2371 2322 2410 ex

751 2431 882 2504 Pagi
913 2435 1122 2502 critica,
1151 2437 1432 2496 Pearsonii
1461 2441 1758 2496 Annalibus
1779 2443 2130 2514 Cyprianicis,
2159 2447 2321 2502 Cavei

754 2524 898 2581 Hist.
949 2527 1076 2594 litt.,
1111 2528 1385 2588 Dodwello
1418 2533 1648 2603 aliisque
1679 2533 1786 2590 huc
1838 2534 2167 2606 pertineret,
2201 2539 2326 2593 dili-

750 2624 944 2688 genter
993 2622 1303 2690 congessit,
1359 2631 1414 2677 et
1465 2632 1627 2680 notas
1658 2623 1860 2681 Valesii
1890 2627 2230 2700 aliorumque
2271 2636 2324 2684 et

751 2725 884 2766 suas
922 2714 1090 2767 textui
1135 2714 1366 2784 subjecit
1394 2717 1753 2775 commodius.
1789 2717 1902 2774 Sub
1935 2720 2095 2776 linem
2138 2738 2192 2792 p.
2222 2722 2323 2778 795

751 2819 837 2873 sq.
862 2804 1046 2872 posuit
1074 2802 1141 2860 ν.
1174 2805 1234 2860 L.
1270 2807 1478 2864 codicis
1502 2808 1796 2867 Castellani
1823 2820 1878 2868 et
1910 2828 2004 2869 eas
2027 2829 2163 2883 quas
2187 2814 2318 2871 Mer.

750 2896 1058 2954 Casaubon.
1089 2901 1324 2971 exempl.
1358 2900 1549 2975 Steph.
1576 2919 1741 2960 manu
1775 2905 2124 2975 ascripserat.
2160 2907 2319 2962 Conl.

749 2989 947 3046 Clerici
980 2991 1122 3049 Bibl.
1157 2995 1406 3050 ancienne
1433 3006 1483 3050 et
1512 2996 1677 3061 πυρά..
1709 3005 1841 3052 tom.
1867 2996 2009 3065 XVI,
2029 3015 2084 3070 p.
2108 3000 2318 3070 75-156;

749 3083 904 3139 Acta.
936 3084 1153 3150 erudit.,
1190 3085 1338 3156 Lips.
1375 3086 1532 3155 1724,
1583 3105 1638 3159 p.
1690 3090 1797 3158 97;
1847 3099 1902 3148 et
1929 3092 2315 3166 Baumgarten,

2427 1972 2578 2036 dicti,
2608 1971 2674 2027 N.
2711 1971 3103 2035 MDCXXVIII,
3137 1973 3260 2026 libri
3308 1989 3364 2026 ιι
3450 1972 3649 2029 Euseb.
3689 1973 3759 2028 II.
3795 1974 3861 2028 E.
3887 1974 3983 2030 Tit.

2426 2065 2481 2119 in
2513 2071 2620 2120 vet.
2685 2067 2910 2136 scripto,
2949 2064 3325 2118 Ecclesiastica
3358 2065 3482 2120 hist.
3512 2081 3605 2135 per
3652 2065 3766 2121 Ric.
3810 2067 3986 2122 Mona-

2425 2155 2767 2211 chum.—N.
2793 2155 3181 2224 MMCDXXXI,
3212 2155 3283 2210 Η.
3315 2155 3381 2210 E.
3414 2155 3531 2211 Lat.
3565 2188 3634 2197 —
3677 2158 3735 2213 ln
3768 2167 3901 2215 tom.
3928 2159 3984 2222 Il,

2423 2247 2594 2303 Catal.
2627 2248 2684 2302 in
2741 2248 2871 2303 bibl.
2911 2255 3048 2304 eccl.
3097 2243 3522 2319 Wigorhiensis,
3575 2249 3791 2306 Eusebii
3830 2251 3899 2304 Η.

2425 2339 2546 2392 libri
2576 2355 2650 2400 ix,
2686 2353 2716 2392 a
2741 2337 2936 2393 Ruﬁno
2960 2339 3125 2404 versi,
3160 2354 3265 2392 una
3297 2355 3423 2393 cum
3455 2357 3491 2394 ιι
3530 2342 3682 2397 libris
3719 2358 3813 2413 per
3842 2358 3986 2397 eum-

2423 2429 2545 2482 dem
2570 2429 2798 2496 ,additis.
2822 2461 2891 2470 —
2913 2433 2970 2486 In
2995 2432 3122 2488 bibl.
3153 2432 3349 2487 eccles.
3377 2432 3774 2490 Sarisburiens.
3806 2452 3860 2489 n.
3899 2433 3983 2499 Ml,
4096 2453 4097 2458 η

2427 2520 2498 2576 Η.
2534 2520 2598 2574 Ε.
2633 2522 2812 2576 versio
2843 2521 3045 2587 Ruﬁni,
3081 2522 3266 2576 eadem
3299 2517 3486 2578 forsan
3537 2542 3593 2581 n.
3691 2524 3986 2580 11111111.-

2419 2613 2479 2668 In
2509 2613 2641 2669 bibl.
2678 2613 2919 2689 Norlolk.
2951 2613 3017 2667 N.
3060 2613 3401 2670 MMMCDVL
3431 2657 3445 2678 ,
3483 2615 3556 2671 Η.
3591 2615 3654 2672 Ε.
3688 2616 3894 2672 Graece.
3923 2646 3985 2658 -—

2421 2702 2564 2758 Inter
2595 2706 2751 2760 codd.
2783 2706 2908 2761 Car.
2953 2704 3202 2778 Theyeri,
3237 2706 3300 2763 N.
3343 2707 3982 2776 MMMMMMDLXXXIX,

2423 2797 2569 2852 Hist.
2607 2799 2700 2852 lib.
2734 2815 2811 2862 ιι,
2845 2797 2960 2853 Lat.
2989 2831 3059 2840 -—
3092 2799 3150 2854 In
3181 2801 3602 2867 bileacobaea,
3636 2819 3689 2858 n.
3729 2803 3982 2857 MMMMM

2423 2888 2807 2944 MMDCDXVII
2842 2888 2960 2958 Lat.
2994 2921 3066 2932 —
3094 2893 3152 2945 In
3201 2891 3333 2946 bibl.
3388 2892 3534 2962 regia
3577 2892 3876 2950 Matritensi
3909 2904 3984 2950 est

2420 2981 2544 3036 cod.
2577 2997 2607 3035 a
2638 2978 2923 3036 Vincentio
2945 2981 3198 3037 Marincr.
3239 2981 3546 3049 Valentino,
3580 3000 3646 3039 ex
3676 2991 3795 3041 cod.
3819 2985 3980 3040 Esco-

2420 3075 2543 3129 rial.
2577 3075 2865 3145 antiquiss.
2894 3075 2987 3145 qui
3012 3074 3266 3130 incendio
3292 3074 3473 3131 forsan
3509 3073 3850 3149 absumptus,
3879 3096 3977 3134 non

749 3167 1064 3233 Nachricht.
1095 3194 1192 3233 von
1229 3179 1636 3253 merkws‘irdigen
1667 3181 1963 3253 Bichern.,
2005 3161 2138 3240 toni.
2161 3185 2230 3253 X,
2260 3203 2315 3258 p.
2344 3201 2392 3263 (ζ
2423 3161 2654 3263 amplius
2684 3170 2882 3229 “sum
2939 3163 3268 3263 ἀθδξτίρψθ
3398 3180 3506 3263 (ΨΟ
3538 3174 3666 3263 5"?“
3713 3169 3980 3263 dimi"?-

747 3267 1005 3326 3I0-3I8.
1475 3311 1479 3319 .

652 3406 658 3410 .
821 3357 948 3414 Haec
978 3358 1263 3434 Readingii
1291 3361 1380 3418 ed.
1416 3377 1611 3420 recusa
1656 3371 1743 3420 est
1794 3362 1985 3421 Turini
2018 3365 2154 3423 1.748
2198 3364 2336 3434 fol.,'

749 3448 820 3504 lll
846 3452 984 3506 .voll.
1224 3472 1225 3475 η
2258 3457 2261 3459 ’

819 3541 1104 3614 Readingii
1160 3545 1374 3608 merita,
1410 3561 1531 3616 quae
1577 3547 1632 3601 in
1676 3547 1866 3603 critica
1905 3548 2122 3618 quidem
2167 3560 2321 3618 parte

750 3635 895 3690 haud
945 3636 1082 3690 adeo
1131 3635 1367 3707 insignia
1429 3637 1671 3704 fuerunt,
1729 3637 2008 3695 Strothius
2061 3657 2320 3710 superare

748 3727 1012 3783 sustinuit
1040 3727 1095 3782 in
1118 3735 1260 3784 nava
1287 3729 1420 3784 edit.
1462 3746 1526 3786 ac
1571 3731 1924 3795 recensione,
1956 3734 2115 3804 cujus
2138 3741 2317 3789 tamen

747 3820 981 3889 primum
1002 3827 1215 3875 tantum
1245 3820 1498 3878 volumen
1533 3822 1708 3878 lucem
1735 3823 1983 3893 aspexit:

821 3909 1035 3964 Eusebii
1082 3909 1347 3980 Pamphili
1392 3909 1647 3968 Historiis
1695 3913 2068 3969 ecclesiasticae
2106 3913 2230 3968 libri
2260 3931 2312 3968 χ.

754 3999 1002 4069 Ejusdem
1038 4000 1144 4056 vDe
1181 3998 1312 4057 Vita
1337 4001 1676 4059 Constantini
1733 4003 1856 4059 libri
1886 4022 1958 4062 tv.
1996 4005 2215 4061 Textum
2247 4007 2316 4061 ad

749 4092 905 4162 ﬁdem
938 4092 1094 4150 codd.
1130 4111 1257 4151 mss.
1281 4105 1331 4150 et
1360 4096 1480 4150 edd.
1527 4098 1816 4164 recensuit,
1848 4109 2099 4168 notasque
2145 4099 2318 4152 maxi-

748 4202 890 4249 mam
915 4195 1115 4254 partem
1146 4188 1357 4243 criticas
1391 4187 1582 4255 adiecit
1616 4186 1666 4241 F
1668 4189 1774 4243 rid.
1809 4190 1978 4243 Andr.
2013 4189 2214 4245 Stroth.
2247 4219 2319 4228 —

751 4276 872 4336 Vol.
920 4279 962 4337 I.
1017 4279 1164 4338 Halaa
1196 4281 1262 4339 ad
1296 4281 1501 4349 Salam,
1549 4282 1709 4350 1779,
1760 4282 1813 4348 8,
1861 4281 2067 4340 Graace.
2124 4281 2319 4340 Varias

747 4369 902 4426 editt.
963 4380 1071 4427 tam
1103 4372 1200 4428 Gr.
1233 4389 1395 4444 quam
1431 4373 1551 4429 Lat.
1605 4375 1860 4442 contulit,
1893 4384 2058 4445 atque
2088 4390 2151 4430 ea
2197 4390 2318 4446 quae

747 4472 904 4518 antea
933 4462 1156 4520 fuerunt
1203 4467 1478 4538 dispersa,-
1518 4467 1757 4539 collegit,
1803 4467 1859 4522 in
1901 4468 2318 4538 subsidiumque

2421 3252 2544 3323 gnia
2575 3252 2874 3324 fragmenta
2921 3270 2987 3309 ex
3032 3254 3252 3311 Eusebii
3301 3257 3372 3311 ll.
3413 3256 3502 3324 E.,
3534 3258 3686 3328 prius
3718 3261 3852 3331 Περὶ
3882 3261 3980 3314 τῶν

2422 3345 2712 3416 μαρτύρων
2737 3346 2845 3401 τῶν
2877 3349 2934 3401 ὲν
2963 3349 3291 3421 Καισαρείᾳ.
3328 3350 3433 3404 ὑπὸ
3460 3351 3554 3405 τοῦ
3609 3352 3979 3425 Διοκλητιανοῦ

2418 3441 2513 3493 καὶ
2556 3440 2860 3512 Μαξιμίνου
2912 3444 3392 3515 μαρτυρησάντων,
3419 3445 3560 3517 quod
3586 3445 3700 3515 jam
3721 3455 3807 3501 est
3829 3461 3978 3501 excu-

2419 3545 2539 3584 sum
2567 3531 2623 3584 in
2639 3533 2724 3586 ed.
2759 3532 3008 3600 Eusebii;
3043 3534 3310 3602 posterius
3341 3535 3475 3606 Περὶ
3499 3534 3608 3588 τῶν
3635 3536 3777 3589 κατὰ
3809 3535 3980 3605 διαφό-
4098 3611 4099 3614 η

2420 3640 2548 3694 ρους
2572 3626 2794 3696 καιροὺς
2817 3629 2875 3680 ὲν
2901 3626 3182 3696 διαφόροις
3205 3626 3389 3680 πόλεσι
3438 3628 3792 3700 ἀθλησάντων
3825 3629 3979 3699 ἁγίων
4098 3651 4099 3656 η

2421 3716 2733 3787 μαρτύρων,
2767 3719 2933 3788 quod.
2968 3722 3094 3789 quia
3126 3721 3366 3776 nondum
3397 3721 3600 3776 editum
3645 3733 3755 3786 est,
3800 3723 3979 3775 Iriarte

2419 3809 2474 3861 in
2499 3809 2672 3864 Catal.
2729 3811 2882 3866 codd.
2921 3810 3014 3867 Gr.
3073 3812 3317 3878 Matrtt.,
3373 3830 3426 3884 ι).
3469 3813 3745 3879 548-552,
3783 3816 3978 3885 primus

2415 3901 2686 3971 evulgavit
2709 3901 3000 3958 Graece.-—
3031 3904 3087 3958 In
3123 3906 3252 3960 bibl.
3282 3905 3534 3961 Leidensi
3569 3904 3641 3960 Η.
3679 3905 3746 3959 Ε.
3800 3905 3977 3960 Latine

2421 3991 2484 4049 V.
2510 3994 2709 4057 Catal.,
2752 4012 2806 4066 p.
2857 3997 2981 4060 539,
3036 4015 3092 4052 n.
3126 4000 3176 4056 1.
3207 4030 3278 4039 -
3312 3998 3560 4063 Taurini,
3593 3999 3648 4052 in
3673 3999 3808 4054 bibl.
3839 3997 3976 4070 regis

2416 4087 2558 4140 inter
2591 4086 2748 4143 codd.
2785 4087 2900 4141 Lat.
2928 4087 3108 4143 Ruﬁni
3141 4091 3318 4144 versio
3354 4091 3406 4144 in
3435 4090 3595 4145 codd.
3627 4089 3810 4155 DLIX,
3845 4090 3972 4146 DLX

2415 4189 2470 4236 et
2510 4179 2765 4234 DLXXV.
2816 4211 2884 4221 ——
2930 4180 3218 4236 Florentia;
3261 4183 3315 4235 in
3367 4182 3495 4237 bibl.
3541 4181 3706 4238 Laur.
3751 4183 3978 4240 Medicea

2402 4270 2537 4346 cod.
2575 4281 2775 4327 vetust.
2810 4271 2925 4335 VII,
2956 4275 3095 4343 plut.
3132 4275 3218 4343 70,
3246 4275 3312 4328 de
3344 4275 3455 4344 quo
3487 4277 3729 4330 nondum
3755 4291 3978 4332 excusso

2418 4368 2624 4421 multus
2662 4374 2746 4421 est
2775 4365 3005 4421 Bandin.
3034 4367 3087 4422 in
3119 4368 3239 4423 Cat.
3271 4368 3432 4423 codd.
3467 4365 3561 4423 Gr.
3589 4367 3654 4433 II,
3680 4385 3733 4441 p.
3767 4370 3869 4425 666
3897 4386 3972 4439 sq.

2418 4489 2487 4499 —
2519 4455 2651 4513 Ibid.
2689 4457 2811 4513 cod.
2849 4457 2990 4523 XXI,
3020 4476 3076 4514 n.
3109 4460 3165 4525 l,
3193 4461 3330 4532 plut.
3369 4462 3457 4527 70,
3489 4462 3554 4518 de
3579 4476 3688 4533 quo
3720 4463 3844 4518 cod.
3871 4478 3977 4517 me-

751 4556 968 4609 vocavit
1000 4555 1257 4612 Ruﬁnum
1301 4574 1366 4615 ac
1393 4558 1758 4630 Nicephorum
1789 4560 2055 4630 aliosque.
2086 4560 2202 4626 Qua
2229 4560 2314 4615 di-
2345 4559 2391 4614 Β
2420 4550 2692 4617 morabili.
2727 4550 2817 4620 (ἰυί
2855 4559 3060 4621 Panem
3085 4551 3211 4606 “bri
3257 4551 3336 4606 De
3363 4553 3685 4622 martyribus
3719 4554 3773 4608 ίη
3805 4552 3975 4607 P010!-

746 4644 965 4716 ligentia
987 4647 1186 4716 eil'ecit,
1221 4657 1278 4704 ut
1319 4650 1599 4706 meliorem
1634 4657 1925 4705 contextus
1954 4648 2184 4705 formam
2229 4656 2312 4702 at-

744 4753 850 4806 que
893 4726 1337 4796 constitutionem
1385 4740 1679 4813 etlingeret.
1714 4739 1774 4796 la
1803 4741 1965 4811 longa
1997 4739 2313 4811 praefatione
2362 4763 2364 4765 ’

745 4827 1030 4884 historiam
1057 4833 1303 4888 criticam
1340 4840 1449 4886 tam
1492 4833 1740 4889 codicum
1771 4843 1829 4888 et
1857 4832 2072 4888 Eusebii
2104 4840 2157 4887 et
2198 4832 2312 4887 Ru-

744 4919 835 4972 ﬁni
865 4920 1248 5000 plurimorum,
1281 4924 1618 4995 aliorumque
1675 4924 2046 4980 subsidiorum
2081 4924 2313 4994 scripto-

744 5027 886 5077 rum,
919 5029 1081 5084 quam
1135 5016 1436 5072 editionum
1496 5015 1750 5072 confecit.
1794 5014 1976 5083 Quare
2034 5017 2102 5072 de
2147 5015 2307 5071 codd.

744 5117 879 5158 mss.
915 5106 1188 5176 praecipue
1214 5105 1392 5162 Ruﬁni
1423 5107 1654 5171 Latinis,
1687 5107 1871 5162 licebit
1903 5107 2062 5164 nobis
2087 5121 2209 5163 esse
2245 5121 2311 5162 eo

743 5197 1108 5254 brevioribus.
1158 5229 1228 5239 —
1259 5198 1320 5254 In
1351 5200 1481 5255 bibl.
1513 5201 1730 5271 publica
1759 5198 1936 5256 Paris.
1969 5210 2053 5256 est
2097 5200 2152 5254 in
2184 5199 2308 5255 cod.

742 5283 953 5339 CDXIV
1021 5286 1160 5342 liber
1219 5303 1272 5356 l;
1334 5317 1404 5328 —
1459 5290 1512 5344 in
1579 5297 1704 5346 octo
1760 5289 1918 5345 codd.
1988 5288 2312 5345 MCDXXX-

746 5376 1132 5433 MCDXXXVII
1165 5379 1352 5436 decem
1377 5381 1504 5436 libri
1543 5390 1710 5449 sunt,
1741 5381 2014 5437 interdum
2047 5381 2188 5454 haud
2229 5384 2314 5438 in-

744 5460 914 5539 tegri;
962 5471 1245 5527 confector
1285 5488 1416 5529 vero
1445 5472 1710 5541 Catalogi.
1763 5483 1894 5530 tom.
1922 5473 1984 5540 ll,
2021 5491 2143 5545 pag.
2184 5476 2308 5543 517,

745 5561 1144 5628 animadvertit,
1175 5567 1378 5622 codicis
1401 5558 1714 5622 MCDXXXI
1741 5583 1863 5639 ope,
1890 5584 1989 5624 nec
2022 5586 2051 5623 a
2075 5567 2310 5636 Valesio,

747 5666 905 5706 neca
939 5657 1148 5710 caeteris
1199 5657 1321 5724 visi,
1375 5658 1558 5729 operis
1597 5659 1743 5716 illius
1800 5657 2090 5731 editionem
2153 5674 2314 5729 posse

749 5732 923 5799 multo
952 5746 1379 5804 emendatiorem
1415 5751 1673 5820 prodire;
1704 5752 1828 5806 libri
1850 5761 2031 5808 autem
2093 5751 2310 5821 septimi

749 5845 907 5904 capp.
931 5833 999 5889 15
1024 5842 1079 5891 et
1108 5835 1173 5893 l6
1200 5838 1518 5901 desiderari.
1545 5841 1698 5912 Adde
1714 5843 2010 5901 blontfauc.
2045 5843 2310 5915 Palcogr.

2413 4639 2553 4691 stina
2585 4640 2757 4708 passis
2789 4640 2928 4694 libro
2957 4655 3053 4694 VIII
3087 4639 3153 4696 E.
3191 4639 3289 4706 IL,
3315 4650 3518 4712 partem
3553 4651 3731 4700 autem
3782 4644 3918 4698 libro
3945 4658 3975 4695 ι

2414 4731 2713 4800 subjectam
2742 4738 2795 4786 et
2823 4732 2929 4785 alia
2972 4732 3154 4797 habet,
3177 4749 3226 4788 v.
3246 4733 3478 4790 Bandin.
3520 4735 3560 4791 l.
3593 4750 3670 4801 c.,
3697 4752 3750 4806 p.
3787 4737 3977 4791 681.-

2417 4823 2656 4879 Venetiis
2694 4825 2746 4878 in
2771 4825 2900 4879 bibl.
2930 4825 2992 4881 D.
3031 4825 3196 4881 Marci
3224 4827 3310 4882 Η-
3331 4827 3397 4882 Ε.
3431 4829 3525 4884 lib.
3559 4844 3618 4895 ι,
3647 4827 3768 4894 Gr.,
3797 4831 3852 4884 in
3878 4829 3978 4882 tri-

2413 4915 2517 4971 bus
2543 4914 2704 4970 codd.
2737 4915 3523 4986 CCCXXXVll-CCCXXXIX;
3557 4938 3612 4977 ν.
3669 4921 3789 4978 Cat.
3823 4922 3973 4977 codd.

2414 5006 2532 5072 Gr.,
2563 5021 2614 5076 p.
2649 5006 2753 5062 156
2784 5023 2892 5077 sq.,
2926 5018 2980 5063 et
3021 5010 3074 5063 in
3116 5011 3290 5066 tribus
3331 5012 3491 5068 codd.
3536 5013 3634 5068 lat.
3677 5012 3973 5068 CCCXLV-

2413 5099 2736 5156 CCCXLVII
2785 5101 2856 5158 H.
2901 5101 2964 5158 E.
3004 5119 3032 5156 a
3076 5102 3272 5159 Ruﬁno
3315 5104 3502 5172 versa;
3547 5123 3599 5161 v.
3650 5104 3772 5162 Cat.
3825 5106 3971 5162 codd.

2413 5193 2561 5258 Lat.,
2595 5210 2713 5266 pag.
2741 5195 2843 5250 146
2867 5212 2950 5266 sq.
2974 5226 3043 5236 -—
3067 5195 3199 5252 Ibid.
3233 5195 3288 5252 in
3312 5198 3434 5252 cod.
3463 5197 3686 5254 Macarii
3723 5199 3969 5270 Ῥοδωνιᾷ

2416 5297 2543 5345 sunt
2589 5297 2841 5360 excerpta
2892 5306 2957 5345 ex
2999 5289 3221 5346 Eusebii
3271 5290 3343 5346 Η.
3380 5291 3472 5358 Ε.,
3506 5300 3644 5348 teste
3689 5291 3970 5350 Villoison.

2415 5381 2471 5436 in
2495 5382 2690 5438 Anecd.
2728 5380 2849 5446 Gr.,
2890 5390 3021 5437 tom.
3066 5381 3126 5448 Il,
3170 5397 3293 5454 pag.
3321 5384 3408 5440 71.
3435 5415 3504 5425 ——
3536 5383 3894 5451 Vindobonie,
3922 5387 3969 5439 iu

2415 5474 2547 5530 bibl.
2579 5473 2808 5538 Caesam,
2844 5475 2966 5530 cod.
2995 5475 3129 5531 XLII
3163 5478 3219 5532 in
3252 5484 3444 5532 catena
3485 5477 3540 5530 in
3572 5475 3630 5530 S.
3663 5475 3865 5532 Lucam
3894 5486 3969 5530 est

2415 5569 2608 5639 longus
2639 5569 2791 5625 locus
2828 5569 2895 5624 de
2923 5571 3200 5626 nativitate
3239 5570 3441 5647 Christi
3473 5585 3537 5625 ex
3565 5568 3783 5626 Eusebii
3809 5569 3880 5625 Η.
3905 5568 3966 5624 Ε.

2414 5659 2538 5714 libr.
2568 5675 2606 5727 ι,
2634 5676 2754 5732 cap.
2786 5660 2819 5715 6
2842 5668 2895 5715 et
2925 5660 2974 5724 7,
3001 5662 3158 5730 cujus
3182 5661 3385 5716 codicis
3399 5661 3682 5716 lectionem
3698 5659 3852 5716 valde
3879 5661 3968 5715 dif-

2417 5750 2559 5807 ferre
2585 5742 2652 5806 ab
2679 5751 2862 5816 editis,
2889 5753 3197 5807 observavit
3224 5751 3545 5808 Lambecius
3571 5750 3861 5808 Comment.
3887 5767 3964 5816 tu,

2417 5860 2468 5916 p.
2511 5844 2610 5902 165
2645 5863 2760 5916 seq.
2790 5856 2860 5888 -'-
2892 5844 3153 5912 Excerpta
3187 5845 3430 5914 quedam
3471 5861 3536 5903 ex
3564 5845 3634 5900 Η.
3669 5843 3734 5902 Ε.
3770 5845 3825 5901 in
3849 5847 3961 5902 cod.
