4142 6306
164 371 225 427 55

1512 384 1533 407 ς
1590 359 1891 416 ΝΟΤΙΤΙΑ.

3222 384 3223 387 “
3290 374 3362 431 56

163 480 474 546 cccxxx",
504 498 561 537 ιι.
610 481 698 550 is,
732 480 982 535 Lambec.
1019 478 1087 544 v,
1119 496 1173 550 p.
1209 479 1312 534 61-1
1342 494 1425 548 sq.
1450 508 1520 517 —
1550 476 1696 533 Mos—
1727 484 1771 541 Α
1801 477 2177 548 Bruggemann
2226 442 2387 549 vim,
2414 488 2561 547 etc...
2594 498 2648 554 p.
2680 484 2789 542 395
2820 501 2942 559 sqq.
2973 517 3043 529 ._
3063 445 3360 562 ερξειοιω,

162 592 264 647 qua!
290 583 403 629 sunt
430 573 470 626 ll
513 573 673 629 codd.
706 604 775 613 —
808 571 1179 627 Montfaucon.
1228 573 1283 626 in
1317 570 1457 626 Bibl.
1502 570 1687 623 biblio-

166 669 334 719 tltecar.
370 681 491 717 mss.
527 664 795 718 inﬁnitam
830 677 972 732 pene
1015 663 1227 732 copiam
1260 678 1391 718 mss.
1435 676 1561 716 cum
1590 661 1685 726 (ir.

164 766 258 809 tum
299 755 519 808 maxime
568 752 913 820 Latinorum,
957 753 1012 807 in
1057 754 1189 809 bibl.
1242 752 1417 808 Vatic.
1460 754 1691 823 aliisque

165 852 429 916 obviorum,
470 849 758 920 producit;
803 847 951 918 quod
1003 848 1221 919 quidem
1268 847 1573 913 indicasse,
1622 864 1691 905 ne

166 943 304 998 nimis
333 943 591 997 verbosus
624 940 773 1005 liam,
810 939 1061 995 suﬂiciat.
1094 939 1264 994 Hann.

221 1034 541 1096 Germanice,
568 1032 787 1088 Eusebii
825 1040 880 1087 et
932 1031 1112 1087 Ruﬁni
1145 1041 1305 1102 atque
1341 1031 1689 1100 Tripartitam

170 1127 431 1182 Historiam
463 1141 588 1181 cum
626 1126 1037 1181 continuatione
1065 1141 1237 1195 usque
1264 1125 1331 1181 ad
1363 1126 1425 1180 A.
1454 1125 1515 1180 C.
1534 1127 1690 1182 .1545

164 1220 304 1275 edidit
329 1218 387 1275 D.
417 1216 626 1288 Gaspar
650 1217 1264 1289 Hedion.Argentorati,
1295 1218 1437 1288 apud
1470 1218 1519 1273 J.
1555 1218 1690 1274 Her-

165 1308 383 1380 wagium,
420 1306 572 1370 1515,
604 1306 699 1362 fol.
734 1305 897 1360 Fasti.
933 1338 1002 1347 —-
1039 1305 1102 1362 lt.
1144 1305 1399 1363 Francol‘.
1437 1309 1503 1362 ad
1551 1308 1687 1363 Moe-

164 1418 289 1455 num.
316 1400 464 1455 1582.
492 1399 584 1454 fol.
618 1431 685 1441 -
716 1399 1123 1469 Auctior'patte
1150 1416 1203 1453 Iv
1237 1416 1372 1454 cum'
1396 1403 1689 1456 continua-

164 1497 287 1550 tione
314 1495 376 1548 ab
403 1509 451 1549 a.
494 1493 654 1550 1545,
682 1508 857 1563 usque
886 1494 952 1547 ad
980 1510 1027 1546 a.
1056 1494 1215 1553 1607,
1238 1493 1425 1562 Basil.,
1468 1510 1556 1564 ap.
1592 1493 1691 1549 Se-

165 1587 283 1640 bast.
315 1583 518 1639 Henric.
550 1583 721 1647 Petri,
746 1583 1164 1639 fol.——JEuscbii
1195 1582 1687 1657 Kirchengescliiclt-

167 1684 233 1735 te,
280 1690 367 1727 aus
403 1675 515 1727 dem
569 1672 776 1727 (ἲν-ἱερή.
828 1702 903 1714 -
966 1672 1081 1727 Und
1138 1676 1231 1729 mit
1290 1676 1686 1748 Anmerkuugen

167 1768 383 1821 erltiatert
408 1782 498 1819 von
546 1763 700 1818 Frid.
734 1764 903 1820 Andr.
935 1763 1160 1828 Stroth.,
1197 1764 1486 1834 Quedlinb.
1526 1772 1684 1837 1777,

164 1857 208 1920 8,
237 1856 271 1910 ll
295 1865 417 1912 tom.
458 1855 629 1911 Haec.
669 1856 937 1928 Esccrpta
976 1859 1028 1912 in
1060 1857 1332 1914 Roessleri
1361 1860 1501 1917 Bibl.
1543 1862 1683 1931 PP.,
1720 1843 1759 1898 Β

163 1959 273 2026 tom,
303 1949 384 2016 Ν,
420 1967 473 2021 p.
504 1952 528 2006 1
567 1968 688 2022 sqq.

218 2042 404 2115 Belgice
444 2044 646 2113 prodiit
685 2042 945 2099 Dordraci
992 2044 1153 2107 1615,
1195 2044 1289 2100 fol.
1343 2045 1507 2101 FABR.
1546 2080 1614 2088 —
1643 2049 1686 2103 E

164 2133 322 2189 Greco
352 2150 593 2190 sermone
628 2136 683 2189 in
709 2134 985 2206 Belgicum
1020 2138 1297 2192 transtulit
1332 2148 1385 2193 et
1415 2141 1681 2197 adnotatt.

166 2227 436 2280 illustravit.
484 2226 615 2280 Abr.
673 2227 841 2280 Arent
900 2244 1001 2281 van
1040 2228 1106 2283 de
1145 2228 1413 2293 Mecrsch,
1451 2235 1680 2289 Amstel.

168 2316 296 2379 1719,
324 2315 371 2368 4.
411 2315 474 2372 γ.
514 2316 724 2372 Krohn.
756 2316 933 2372 Catal.
977 2317 1100 2372 bibl.
1134 2337 1263 2385 sum,
1299 2339 1350 2392 p.
1387 2323 1476 2378 90.
1507 2323 1680 2380 Hann.

222 2409 437 2480 Anglice,
474 2425 568 2480 per
623 2409 929 2465 Samuelem
976 2410 1275 2469 Parkerum
1313 2431 1502 2473 versos
1532 2427 1584 2472 et
1630 2420 1685 2474 in

166 2504 398 2573 epitomeu
430 2505 681 2559 redactos
714 2503 931 2559 Eusebii
964 2506 1135 2561 libros
1170 2524 1202 2561 χ
1235 2507 1490 2566 Historia:
1524 2514 1685 2565 eccle-

167 2598 377 2657 siastica,
406 2596 568 2651 didici
594 2614 658 2651 ex
684 2594 918 2651 Novellis
952 2596 1096 2666 Reip.
1132 2600 1408 2655 litterariis
1434 2617 1485 2657 a.
1525 2604 1682 2669 1705,

167 2704 319 2744 mense
344 2691 603 2758 Augusto,
636 2703 755 2758 pag.
788 2688 912 2743 2:29.
940 2687 1105 2745 Fssn.
1132 2723 1201 2731 —
1225 2691 1462 2757 Eusebii,
1498 2693 1688 2748 Socra-

167 2780 224 2835 tis
243 2789 285 2834 cl
316 2780 521 2851 Evagrii
559 2780 630 2833 Η.
664 2779 730 2835 E.
762 2794 885 2834 cum
914 2777 1181 2836 Dorotheo
1212 2782 1288 2837 De
1317 2785 1435 2840 vitis
1465 2786 1682 2853 prophe-

166 2879 329 2933 tarum,
379 2873 735 2940 apostolorum
778 2880 828 2925 et
874 2869 1026 2924 LXX
1065 2873 1441 2944 discipulorum
1491 2878 1545 2932 in
1584 2879 1686 2933 lin-

166 2979 294 3033 guam
323 2964 593 3035 Anglicum
635 2968 901 3021 convertit
947 2968 1202 3022 Meredith
1240 2968 1512 3034 Hammer,
1547 2970 1687 3026 Lon-

167 3056 431 3123 dini1577,
466 3059 624 3125 1585,
660 3060 822 3127 1607,
860 3061 1018 3124 1656,
1044 3070 1118 3125 et,
1153 3062 1336 3117 addita
1391 3062 1512 3117 Vita
1547 3063 1686 3119 Con-

167 3148 354 3201 stantini
390 3149 466 3205 bl.
503 3166 571 3205 ex
615 3150 803 3207 Graeco
842 3152 1056 3208 Eusebii
1102 3152 1329 3225 Anglice
1372 3171 1546 3218 versa,
1590 3172 1687 3226 per

168 3239 280 3311 Wye
303 3240 643 3307 Saltonftall.,
676 3244 847 3299 Lond.
882 3242 1047 3309 1650,
1071 3245 1155 3309 F.,
1189 3262 1298 3301 rec.
1338 3262 1459 3300 cum
1486 3246 1686 3302 Valesii

168 3336 395 3411 adnotatt.
455 3336 716 3393 Cantabr.
773 3338 931 3401 1685,
984 3340 1139 3406 1692,
1183 3339 1340 3399 1696,
1391 3341 1548 3407 1709,
1592 3341 1685 3396 fol.

166 3427 435 3485 —Euscbii
461 3429 529 3485 Η.
565 3429 632 3483 Ε.
667 3430 837 3486 libros
870 3447 903 3485 x
924 3432 1146 3500 Anglice
1178 3435 1337 3487 vertit
1361 3443 1413 3488 ct
1435 3449 1689 3501 compeno

165 3520 321 3577 dil'ecit
350 3523 489 3577 Sam.
514 3522 738 3587 Parker,
764 3523 981 3595 praefixa
1017 3525 1155 3580 diss.
1180 3523 1258 3578 De
1281 3541 1377 3579 usu
1404 3534 1558 3595 atque
1588 3543 1679 3577 au-

166 3615 372 3668 ctoritate
405 3614 475 3668 H.
512 3614 579 3668 E.
609 3626 659 3669 et
692 3618 797 3669 vita
829 3615 1056 3679 Eusebii,
1091 3624 1195 3671 etc.
1236 3615 1490 3679 Londini,
1528 3617 1683 3680 1705,

167 3702 307 3769 8;et,
336 3705 512 3759 addito
550 3712 699 3760 tomo
725 3705 788 3769 ll,
836 3723 883 3763 s.
924 3708 1157 3777 epitome
1192 3706 1264 3760 Η.
1313 3705 1377 3761 E.
1422 3704 1684 3768 Socratis,

168 3793 415 3851 Sozomeni
442 3807 493 3853 et
514 3795 850 3860 Theodoriti,
874 3814 970 3868 per
994 3800 1241 3853 eumdem
1269 3799 1491 3854 Parker.
1515 3798 1685 3853 Lond.

169 3886 301 3951 1729,
326 3889 374 3943 4.
398 3922 466 3930 -
489 3889 633 3945 Loca
656 3891 900 3962 quadam
926 3890 1142 3945 Eusebii
1171 3902 1225 3946 et
1260 3890 1504 3947 Socratis
1532 3907 1688 3945 versa

169 3978 213 4031 in
237 3978 471 4036 Wbiston
505 3982 794 4037 Collection
836 3982 897 4050 of
918 3983 1121 4036 ancient
1170 3988 1516 4036 monuments.
1549 3981 1681 4035 rela-

168 4071 258 4139 ling
299 4082 345 4126 to
381 4072 709 4145 theITrinity
745 4076 849 4128 and
884 4074 1260 4137 lncarnation,
1301 4081 1406 4128 etc.
1451 4072 1687 4127 Londin.

169 4161 298 4224 1715,
337 4163 387 4227 8,
426 4166 628 4234 passim
662 4196 735 4207 —
773 4165 1019 4237 Epitome
1054 4186 1067 4221 :
1112 4165 1195 4220 An
1237 4164 1605 4237 Abridgement
1636 4166 1697 4234 of

170 4249 387 4310 Eusebius
430 4255 737 4325 Pamphilus
776 4255 1173 4313 Ecclesiastical
1201 4256 1451 4327 History,
1488 4259 1545 4311 in
1592 4267 1688 4311 two

170 4352 310 4405 ports.
339 4342 461 4401 Part
485 4362 523 4411 ι,
554 4345 592 4399 Α
630 4346 995 4413 compendiosis
1029 4349 1491 4402 commemoration
1522 4347 1584 4415 of
1606 4346 1689 4401 the

172 4434 505 4490 remarkable“
546 4434 917 4507 Chronologies
942 4432 943 4437 “
965 4421 1129 4490 iciticit
1170 4453 1262 4491 are
1310 4436 1587 4490 contained
1632 4437 1687 4489 in

1714 3203 1757 3259 C

1792 567 2047 624 Ecclesiae
2073 569 2469 642 Smyrnaeensis
2495 572 2563 629 de
2592 579 2857 648 martyrio
2880 577 3164 653 Polycarpi
3182 583 3362 657 (cujus

1790 666 1982 730 magna
2006 676 2136 732 pars
2154 672 2237 719 est
2262 664 2317 719 in
2344 662 2567 721 Eusebii
2597 664 2670 719 Η.
2710 666 2772 722 Ε.
2802 684 2877 733 tv,
2906 671 2995 737 15,
3015 681 3070 728 et
3096 675 3166 730 ab
3200 675 3363 733 Usse-

1789 749 1873 802 rio
1895 752 2193 820 separatim
2220 752 2390 822 edita)
2422 761 2585 824 atque
2611 757 2895 827 epistolam
2923 760 3363 824 Christianorum

1791 842 2239 913 Lugdunensium
2268 862 2333 903 ac
2358 846 2752 908 Viennensium
2780 854 3001 927 Anglice
3023 859 3184 913 vertit
3200 869 3365 932 atque

1788 936 2044 1006 explicuit
2084 936 2148 992 Ι).
2202 935 2513 1013 Dalrymple
2554 944 2622 999 de
2663 943 2846 1001 Hailes
2884 947 2941 1003 in
2977 966 2991 1003 :
3030 947 3266 1007 Account
3307 952 3364 1021 of

1790 1030 1874 1085 the
1898 1042 2132 1103 martyrs
2159 1043 2229 1087 at
2246 1032 2475 1107 Smyrna
2495 1038 2600 1092 and
2628 1036 2777 1110 Lyon
2805 1041 2861 1095 in
2896 1040 2978 1096 tlte
3005 1043 3196 1098 second
3241 1061 3363 1100 cen-

1790 1131 1931 1193 tury,
1966 1124 2086 1178 with
2125 1124 2470 1197 explanatory
2507 1136 2674 1184 notes.
2720 1128 3061 1203 Edimburg.,
3106 1132 3262 1199 1776,
3303 1133 3359 1190 8.

1790 1212 1856 1268 V.
1890 1231 2012 1285 quae
2053 1219 2237 1273 notavi
2272 1218 2330 1273 in
2382 1214 2594 1275 Introd.
2638 1221 2695 1274 in
2747 1220 2874 1279 hist.
2920 1222 2985 1280 L.
3025 1223 3263 1292 σωκη,
3301 1227 3397 1293 2,.

1788 1322 1843 1375 p.
1877 1307 2005 1364 222.

1859 1397 1917 1454 In
1950 1401 2190 1473 linguam
2218 1398 2457 1458 Italicam
2500 1417 2567 1457 ex
2604 1400 2723 1457 Lat.
2760 1405 3013 1461 versione
3052 1414 3137 1463 est
3180 1412 3362 1478 trans-

1792 1491 1897 1551 lata
1931 1492 2002 1547 H.
2052 1492 2117 1549 E.
2152 1492 2344 1551 Venet.
2393 1495 2551 1560 15H,
2580 1497 2634 1553 s.
2671 1480 2734 1553 il.
2784 1497 2997 1554 Paitoni
3033 1498 3173 1555 Bibl.
3220 1502 3361 1574 dein

1789 1584 2365 1655 autori-oolgarizzati,
2412 1594 2547 1641 tom.
2597 1586 2664 1652 Il,
2701 1603 2756 1660 p.
2798 1588 2887 1645 59.
2912 1620 2980 1629 —
3025 1589 3101 1647 De
3145 1590 3362 1653 Canotle

1788 1676 2050 1731 librorum
2080 1672 2144 1731 N.
2174 1673 2239 1731 Τ.
2270 1678 2570 1734 secundum
2612 1679 2905 1737 Eusebium
2934 1684 3056 1740 vide
3102 1700 3267 1755 supra
3300 1688 3359 1743 in

1789 1769 1894 1823 vol.
1933 1767 2022 1833 IV,
2056 1785 2178 1840 pag.
2215 1768 2311 1825 851
2368 1784 2509 1841 seq.,
2538 1771 2737 1842 quibus
2759 1775 2926 1833 addes
2957 1777 3223 1833 vindicias
3247 1777 3359 1834 Eu-

1790 1861 1924 1917 sebii
1957 1877 1987 1914 a
2015 1859 2065 1916 J.
2102 1850 2233 1917 Ern.
2281 1861 2594 1919 Christiano
2635 1863 2881 1923 Schmidt
2923 1852 3181 1939 scriptas,
3224 1871 3353 1926 ﬁber

1790 1955 1889 2009 den
1933 1952 2128 2010 Kanon
2157 1955 2247 2010 des
2296 1955 2552 2013 Eusebius
2598 1958 2655 2013 in
2690 1958 2914 2015 Henckii
2962 1960 3213 2033 Magazin
3265 1964 3354 2032 fur

1792 2043 2396 2115 Religionspltilosopltie,
2419 2047 2645 2120 Exegere
2672 2049 2784 2105 und
2814 2048 3351 2123 Kireltengescliicltte,

1791 2134 2015 2213 tomav,
2045 2145 2183 2205 part.
2217 2150 2302 2200 ru,
2335 2153 2390 2191 n.
2426 2138 2514 2204 16,
2558 2140 2712 2206 1796,
2745 2142 2799 2197 8.
2833 2142 3356 2203 Eusebium'del‘en-

1789 2228 1867 2281 dit
1906 2235 2097 2282 contra
2132 2227 2199 2281 Μ.
2237 2226 2439 2285 Weber
2486 2231 2541 2284 in
2604 2232 2896 2305 Beytrdgen
2924 2252 3024 2290 aur
3059 2236 3360 2295 Grschichts

1789 2319 1879 2372 des
1932 2320 2479 2376 neutestamentlichen
2533 2321 2777 2391 Kanons,
2834 2343 2886 2397 p.
2942 2328 3041 2383 142
3088 2346 3266 2401 seqq.,
3301 2339 3359 2389 et
3450 2376 3453 2377 ν

1789 2412 2047 2480 ostendit,
2081 2411 2371 2470 Eusebium
2396 2416 2730 2487 distinguere
2760 2434 2813 2473 tv
2832 2420 3039 2477 classes
3066 2421 3385 2480 librorum;

1791 2502 1961 2557 Hann.

1859 2593 2363 2671 GallicegClaudio
2413 2597 2705 2671 Seysselin,
2754 2602 3169 2675 archiepiscopo
3206 2605 3353 2662 Tau-
3394 2615 3399 2619 '

1793 2684 1997 2739 rinensi
2024 2684 2342 2755 interprete,
2372 2702 2499 2756 qua
2527 2690 2709 2744 versio
2738 2689 2991 2748 laudatur
3034 2694 3089 2747 in
3120 2693 3355 2753 Morierii

1792 2772 2175 2843 Specimiuibus
2196 2776 2468 2831 litterariis
2486 2780 2688 2847 (Essais
2705 2780 2772 2836 de
2795 2782 3113 2848 litteratura,
3137 2794 3266 2841 tom.
3306 2788 3348 2853 1,

1790 2884 1911 2938 pag.
1952 2868 2041 2939 35)
2075 2888 2086 2922 :
2128 2884 2193 2923 ex
2238 2870 2683 2940 interpretatione
2716 2871 2850 2927 Lud.
2885 2873 3128 2933 Cousini.
3178 2877 3352 2933 Paris.

1792 2960 1930 3015 1675
1962 2976 2075 3031 seq.
2108 2961 2162 3018 1.
2191 2959 2258 3015 ιν
2290 2971 2416 3016 tom.
2461 2961 2614 3017 Hunc
2668 2962 2908 3029 Eusebii,
2947 2964 3210 3031 Socratis,
3252 2968 3354 3024 So.

1792 3054 2001 3108 zomeni
2055 3068 2117 3109 ac
2152 3053 2476 3123 Theodoreti
2532 3056 2683 3111 locos
2726 3056 2933 3128 aliquot
2977 3057 3216 3114 sublesta
3248 3059 3353 3116 ﬁde

1791 3147 2037 3210 vertisse,
2080 3148 2259 3218 arguit
2306 3146 2508 3203 Paulus
2554 3147 2905 3211 Colomesius
2958 3150 3013 3207 in
3053 3149 3349 3209 Observatt.

1788 3238 1976 3298 sacris,
2010 3251 2061 3305 p.
2103 3238 2192 3292 61.
3096 3243 3103 3250 ’

1858 3328 2075 3384 Eusebii
2102 3330 2395 3385 Historiam
2417 3332 2681 3403 integram
2706 3333 3094 3402 propemodum
3112 3336 3165 3390 in
3190 3352 3352 3392 suum

1787 3435 1923 3488 Opus
1954 3422 2298 3492 transcripsit
2326 3422 2667 3494 Nicephorus
2694 3424 2986 3494 Callistus;
3014 3427 3155 3483 unde
3196 3426 3353 3485 Vale-

1788 3515 1901 3569 sius
1947 3514 2014 3567 ad
2047 3513 2265 3570 Eusebii
2294 3516 2473 3585 capita
2524 3531 2783 3572 numeros
2828 3516 3257 3587 Nicephorianos
3298 3521 3356 3577 in

1788 3606 2028 3676 margine
2057 3606 2351 3661 adnotavit.
2371 3607 2565 3664 Totum
2597 3624 2836 3679 quoque,
2871 3619 2930 3664 ut
2946 3610 3061 3679 jam
3085 3611 3220 3677 dixi,
3250 3612 3357 3668 (Ia-
3386 3666 3387 3669 η

1787 3700 2026 3769 talogum
2057 3714 2216 3755 suum
2256 3701 2584 3770 scriptorum
2612 3702 3132 3769 ecclesiasticarum,
3163 3707 3355 3775 paucis

1787 3792 2045 3859 exceptis,
2091 3807 2157 3846 ex
2194 3791 2412 3848 Eusebii
2442 3792 2687 3847 Historia
2728 3792 3076 3849 concinnavit
3110 3804 3357 3851 transtu—

1788 3884 1954 3952 litque
1979 3882 2372 3955 Hieronymus;
2395 3900 2567 3954 neque
2599 3886 2744 3940 enim
2772 3886 2973 3955 alioqui
3002 3897 3134 3957 puto
3160 3888 3228 3942 ab
3258 3889 3355 3943 illo

1791 3974 2085 4029 Historiam
2124 3979 2298 4046 ipsam
2334 3975 2552 4032 Eusebii
2594 3977 2858 4047 integram
2899 3976 3090 4035 Latine
3115 3980 3353 4038 transla-

1789 4078 1920 4132 tam,
1966 4070 2091 4138 licet
2124 4069 2227 4124 hoc
2260 4069 2475 4139 aliquis.
2505 4071 2770 4140 suspicari
2803 4071 2973 4139 possit
3010 4086 3078 4125 ex
3122 4070 3207 4126 bis
3234 4071 3357 4141 ejus

1789 4161 1969 4215 verbis
1998 4161 2095 4215 lib.
2128 4176 2145 4215 ι
2174 4162 2229 4215 in
2254 4159 2435 4230 Ruﬁn.
2462 4178 2480 4215 :
2508 4160 2745 4216 Laudant
2773 4160 3056 4216 Eusebium
3089 4162 3141 4216 in
3177 4164 3355 4218 eccle-

1790 4251 2009 4307 siastica
2037 4252 2293 4333 Historia,
2323 4255 2378 4308 in
2420 4253 2707 4325 digestim
2738 4262 3046 4323 temporum,
3076 4256 3130 4309 in
3153 4255 3354 4310 descri-

1793 4353 1969 4415 ptione
1990 4356 2186 4400 sanctis
2208 4355 2379 4409 terre,
2400 4355 2450 4401 et
2481 4348 2592 4404 hac
2609 4349 2725 4417 ipsa
2748 4348 2999 4419 opuscula
3025 4350 3079 4403 in
3107 4348 3360 4406 Latinum

1794 4445 1990 4489 vertens
2012 4451 2137 4489 mete
2156 4435 2349 4505 linguae
2365 4435 2659 4491 horninibus
2676 4437 2818 4511 dedi.
2839 4436 3013 4492 Etiam
3035 4436 3363 4511 Hieronymo

169 4521 261 4576 that
295 4524 768 4599 famous-History.
810 4525 939 4582 Part
972 4542 1033 4593 ιι,
1076 4528 1119 4581 Α
1161 4544 1431 4597 summary
1468 4545 1529 4581 or
1558 4526 1695 4596 brief
1714 4525 2095 4604 Dversionem
2142 4523 2459 4581 Eusebiaua:
2500 4522 2755 4582 Historiae
2796 4528 2986 4587 tribuit
3027 4529 3363 4586 Brideiertus

169 4613 259 4669 lunt
281 4615 335 4684 of
355 4616 434 4673 tlte
469 4619 662 4674 melius
697 4620 1049 4688 persecations
1078 4617 1351 4674 sustained
1391 4620 1454 4691 by
1484 4618 1568 4673 tlte
1592 4634 1690 4671 an-

169 4706 279 4760 cient
317 4706 677 4767 Christiana."
720 4710 791 4783 by
833 4708 1077 4764 William
1112 4708 1305 4767 Caton.
1348 4738 1420 4751 --
1457 4707 1689 4764 Londini

170 4798 300 4867 1736,
336 4802 386 4859 8.
422 4834 495 4846 —
527 4802 724 4860 Versio
761 4801 899 4858 Dav.
932 4801 1239 4875 Dalrymple
1263 4801 1330 4859 de
1368 4801 1552 4875 Hailes
1580 4799 1688 4861 An-

170 4894 285 4962 glica
312 4893 379 4955 Η.
419 4894 483 4951 E.
507 4912 585 4958 vi.
613 4883 703 4961 11,
722 4904 779 4953 et
800 4896 869 4953 de
890 4896 1120 4967 epistola
1148 4894 1413 4966 Dionysii,
1449 4889 1691 4965 episbopi

170 4984 505 5052 Alexandrini,
554 4987 624 5043 ad
687 4986 953 5057 Fabium,
987 4988 1165 5060 episc.
1218 4988 1578 5051 AntiOcheu.,
1622 4985 1692 5040 de

171 5082 509 5159 persecutione
559 5079 990 5135 Christianorum
1026 5081 1083 5135 iu
1117 5079 1350 5154 Egypto
1396 5095 1485 5135 an.
1516 5068 1693 5149 primo

173 5167 294 5226 Decii
330 5172 609 5244 imper.,et
631 5172 888 5242 explicat.
906 5159 1154 5228 historia:
1185 5178 1483 5243 martyrum
1508 5170 1562 5225 in
1586 5166 1693 5222 Pa-
1720 5214 1725 5218 .

172 5262 350 5321 latina
381 5267 485 5321 sub
516 5263 743 5319 Dioclet.
792 5261 861 5318 ad
893 5279 1049 5328 mu,
1092 5265 1151 5319 in
1190 5262 1437 5318 Remains
1464 5261 1530 5333 of
1562 5261 1696 5314 chri-

171 5357 289 5411 stiani
315 5359 599 5431 Antiquity,
629 5355 756 5411 θοίεή
779 5358 1125 5429 explanatory
1164 5366 1331 5411 notes.
1363 5354 1691 5425 Edinburg.,

173 5446 469 5514 ατη-ηδε).
489 5450 547 5514 s.
571 5449 617 5506 ιι
644 5436 771 5505 tom.
793 5480 863 5492 —
894 5448 999 5504 The
1036 5448 1250 5518 amor,
1278 5447 1339 5517 of
1352 5451 1555 5503 ancient
1589 5446 1736 5501 Pa-.

172 5542 370 5608 gauisus,
400 5558 458 5597 as
490 5534 747 5597 Mitteret!
775 5540 838 5613 by
878 5539 1155 5605 Eusebius,
1180 5548 1312 5603 etc.,
1333 5538 1454 5591 with
1489 5538 1697 5593 critical

172 5633 262 5685 and
302 5632 566 5689 historical
611 5643 775 5689 notes.
828 5633 947 5688 And
980 5633 1256 5702 secondly,
1303 5647 1336 5685 a
1386 5630 1696 5686 Phtznician

175 5720 543 5795 sal-Eminus
573 5720 923 5795 Chronoloyy,
958 5722 1093 5791 from
1115 5720 1197 5777 tlte
1215 5722 1336 5789 first
1356 5717 1415 5773 Ι
1420 5737 1508 5785 an,
1544 5719 1694 5775 down

178 5815 223 5863 ts
259 5810 333 5868 the
376 5813 493 5884 ﬁrst
538 5812 829 5885 olympiad,
881 5821 988 5872 etc.
1035 5812 1268 5869 Londini
1318 5810 1476 5881 1615,
1527 5811 1580 5867 8.
1626 5808 1692 5865 Υ.

1790 4617 2160 4676 Ramesiensis
2185 4619 2243 4685 in
2274 4618 2471 4690 glossis
2498 4618 2567 4672 ad
2607 4616 2807 4673 Bedam
2838 4616 2915 4673 De
2945 4629 3229 4685 temporum
3260 4634 3353 4674 ra-

1791 4714 1953 4776 tione,
1979 4726 2100 4781 capt
2128 4709 2218 4764 98.
2261 4705 2367 4763 Sed
2411 4701 2773 4765 illan-Ruﬁni
2798 4721 2923 4765 esse
2955 4714 3194 4763 constat.
3232 4703 3353 4772 Quo

1790 4818 1953 4859 sensu
1970 4806 2162 4857 ‘autem
2196 4797 2522 4872 apocryphis
2568 4790 2925 4855 «censeatur
2969 4796 3211 4850 Historia
3244 4793 3350 4847 Eu-

1791 4895 1925 4953 sebii
1949 4895 2004 4949 in
2027 4893 2315 4967 Gelasiano
2342 4892 2581 4954 decreto.
2601 4890 2882 4961 disputant
2906 4886 2953 4943 J.
2981 4886 3350 4944 Pearsouiust

1803 4985 2007 5040 Vindic.
2042 4982 2260 5054 Ignatii,
2290 4999 2343 5052 ρ.
2369 4981 2459 5047 48,
2490 4989 2545 5037 et
2567 4980 2851 5044 Mattheus
2874 4976 3265 5048 Larroquanus
3294 4980 3349 5034 in

1790 5068 2273 5132 Observationibus
2319 5072 2386 5126 ad
2426 5069 2823 5125 Pearsonianas
2886 5068 3171 5131 Vindicius,
3221 5083 3344 5138 pag.

1792 5168 1864 5224 55
2033 5165 2166 5223 Vide
2186 5176 2238 5221 et
2265 5162 2543 5220 Baluzium
2582 5162 2647 5219 ad
2670 5160 2963 5220 Antonium
2992 5160 3353 5231 Augustinum

1798 5260 1871 5314 De
1907 5258 2266 5313 emendatione
2301 5254 2567 5317 Gratiani,
2608 5269 2732 5323 pag.
2758 5251 2866 5313 μθ
2894 5250 3040 5322 (717.
3076 5267 3191 5324 seq.
3219 5249 3352 5305 edit.

1796 5352 2253 5418 Mastricbti’aute),
2297 5350 2385 5403 ubi
2426 5346 2670 5402 confutat
2722 5344 2982 5399 Carolum
3024 5341 3353 5403 luimus,

1794 5445 1888 5515 qui
1921 5444 1988 5498 de
2015 5442 2186 5497 altero
2226 5440 2459 5496 Eusebio
2490 5436 2855 5507 Pamphilict
2904 5434 3071 5488 altera
3126 5430 3355 5485 historia

1794 5536 1990 5592 eccles.
2023 5532 2309 5604 cogitavit.
2350 5527 2494 5585 Sane
2538 5544 2621 5593 ex,
2637 5526 2825 5582 multis
2869 5523 3351 5604 esettiplis'patet,

1878 5625 1969 5680 illo
2000 5610 2221 5679 decreto
2248 5620 2555 5691 apocrypha
2598 5618 2784 5685 vocari
2823 5631 2933 5672 non
2964 5615 3123 5699 modo
3148 5614 3355 5687 scripta

1796 5710 2076 5790 supposita
2120 5712 2435 5771 auctoribus
2484 5725 2581 5783 per
2624 5709 2907 5765 [ramices
2944 5716 3000 5763 et
3044 5705 3203 5767 falsa.

1795 5811 1962 5867 etiam
2003 5822 2132 5866 vera
2172 5813 2229 5863 et
2261 5803 2569 5863 certissima
2602 5808 2720 5857 non
2770 5798 3148 5856 bsreticorum
3192 5793 3356 5850 modo
