4196 6312
679 395 748 450 t7
1630 383 1985 440 essemus
2021 372 2508 437 cessaremus
2545 371 2923 429 EPISCOPl'S
3589 347 3593 349 ’
3853 363 3922 420 ts

679 514 803 570 libri
831 507 1090 580 subjungi
1119 505 1313 566 solent,
1330 516 1492 573 supra
1515 515 1665 553 num.
1696 499 1732 554 '5
1757 499 2041 551 adnotatas
2068 493 2252 548 ridere

2365 490 2421 543 Ὀ
2474 488 2736 559 ἡμέτερος
2797 482 3203 556 ἱστοριογράφος
3261 478 3516 543 Εὐσέϐιος
3542 518 3556 542 ,
3603 477 3767 550 ἡνίκα
3825 483 3924 549 τὴν

679 611 824 663 licet.
853 603 1085 659 Tantum
1133 597 1387 658 monebo,
1437 595 1493 647 in
1545 591 1875 646 editionibus
1926 583 2250 667 quibusdam

679 698 891 757 Latinis
936 693 1122 750 brevia
1183 688 1235 746 J.
1294 687 1412 743 Jac.
1470 683 1684 756 Grynei
1733 689 1788 737 et
1833 679 2053 736 Sull‘ridi
2107 677 2252 733 Petri

681 789 893 847 scholia
924 785 1181 856 adjuncta
1221 794 1364 836 esse.
1422 776 1638 832 Gallicae
1688 789 1902 844 quoque
1934 772 2253 841 interpreta-

678 881 849 950 tionis
882 878 1059 934 instar
1082 881 1185 937 est,
1221 871 1368 942 quod
1393 878 1614 924 auctore
1649 864 1857 920 Joanne
1887 863 2094 919 Morino
2125 877 2252 932 pro-

680 974 781 1027 diit
807 985 946 1040 opus
992 987 1005 1022 :
1059 963 1294 1021 Histoire
1349 961 1414 1017 de
1473 962 1526 1015 la
1576 958 1872 1014 déliurance
1931 957 1994 1011 de
2037 955 2253 1027 l‘Eglise

681 1064 995 1126 chrétienne,
1035 1074 1135 1128 par
1171 1057 1474 1125 l'cmpcreur
1507 1050 1840 1108 Constantia.
1880 1048 2055 1104 Paris.
2095 1047 2252 1112 1650,

684 1156 778 1208 Iul.

756 1243 938 1300 XVIII.
963 1243 1039 1298 De
1066 1241 1184 1295 Vita
1202 1239 1260 1296 S.
1283 1235 1570 1306 Pampltilii
1597 1233 1870 1302 martyris,
1892 1230 2178 1300 scripsisse
2196 1245 2255 1286 se

687 1324 918 1394 testatur
951 1327 1057 1391 lib.’
1085 1349 1137 1390 vr
1172 1332 1273 1403 (ιι),
1313 1346 1434 1400 cap.
1486 1328 1578 1390 32,
1611 1326 1903 1387 Eusebius,
1953 1330 2006 1377 et
2040 1323 2132 1376 lib.
2177 1335 2253 1376 vu

690 1431 830 1484 llist.
859 1427 1064 1492 cccles.,
1115 1440 1237 1496 cap.
1274 1423 1364 1488 52,
1400 1435 1522 1492 pag.
1552 1417 1682 1485 288,
1741 1424 1795 1472 et
1833 1414 1905 1469 De
1932 1413 2254 1504 martyribus

687 1521 1013 1585 Paltzstina’,
1047 1531 1168 1588 cap.
1231 1515 1318 1577 11,
1355 1514 1444 1567 ubi
1501 1513 1665 1564 tribus
1698 1508 1846 1563 libris
1879 1507 2192 1562 distinctum
2223 1521 2253 1559 a

687 1632 745 1669 se
795 1629 932 1684 opus
980 1608 1112 1665 illud
1168 1606 1339 1661 fuisse
1368 1603 1552 1668 refert,
1585 1601 1728 1673 quod
1760 1598 2044 1656 conﬁrmat
2090 1598 2252 1654 etiam

686 1706 1048 1774 Heronymus
1079 1702 1134 1755 in
1163 1697 1438 1767 Catalogo,
1457 1711 1575 1765 cap.
1596 1695 1757 1757 81,et
1772 1692 2019 1747 adversus
2046 1690 2251 1761 Ruﬁn.,

687 1814 810 1870 pag.
837 1796 960 1860 135,
996 1793 1086 1848 ubi
1118 1793 1287 1846 libros
1307 1787 1741 1859 elegantissimos
1773 1785 2026 1854 appellat.
2056 1778 2249 1850 Hujus,

2324 578 2866 648 Ἑκκλησιαστικὴν
2910 577 3147 644 ἔγραφεν
3197 572 3494 639 ἱστορίαν,
3527 567 3929 642 παραλέλοιπεν
3988 570 4008 578 ⁵

2351 672 2552 734 ἐκεῖνα,
2579 663 2653 724 ὧν
2684 670 2904 741 μνήμην
2931 667 3222 736 ἐποιήσατο
3250 666 3308 718 ὲν
3337 662 3542 732 ἑτέροις
3564 659 3731 714 αὐτοῦ
3763 659 3924 730 ποιή-

2355 778 2505 833 μασι.
2543 761 2651 814 Καὶ
2679 757 2787 829 γὰρ
2826 759 2884 810 ἐν
2928 756 3123 810 εἴκοσι
3153 754 3375 823 λόγοις,
3415 744 3688 804 τουτέστιν
3715 750 3776 802 ὲν
3806 747 3929 801 δυο-

2351 854 2556 918 δεκάσι,
2585 852 2768 923 σχεδὸν
2791 850 2900 904 τῶν
2923 850 2980 902 ὲν
3015 849 3251 910 ἁπάσαις
3281 833 3570 917 ἐπαρχίαις
3598 841 3926 915 μαρτύρων,

2352 943 2661 997 tman
2684 983 2700 1008 ,
2748 940 3092 1013 ὁμολογητῶν
3141 940 3234 994 καὶ
3280 939 3453 1007 ἁγίων
3503 935 3780 1004 γυναικῶν
3829 933 3930 987 καὶ

2353 1033 2653 1106 παρθένων,
2682 1030 3060 1104 παρεσκεύασε
3101 1030 3170 1084 τὰ
3212 1027 3359 1099 πάθη
3415 1024 3690 1096 φέρεσθαι.
3737 1021 3926 1084 Miror,

2352 1128 2587 1182 Caveum
2630 1126 2755 1180 huic
2783 1126 2936 1196 operi
2980 1123 3218 1178 tribuere
3259 1121 3427 1176 libros
3455 1134 3565 1173 non
3594 1117 3800 1187 viginti,
3832 1111 3929 1170 sed

2353 1219 2614 1282 undecim,
2670 1217 2898 1287 ejusque
2933 1215 3012 1272 rei
3049 1220 3325 1270 auctorem
3381 1209 3603 1266 laudare
3655 1207 3791 1260 Acta
3820 1203 3928 1260 Sil-

2353 1313 2529 1374 vestri,
2567 1326 2596 1363 a
2629 1304 2957 1365 Combelisid
2983 1306 3150 1364 edita.
3175 1304 3405 1378 [Forsan
3429 1301 3561 1358 illud
3585 1301 3650 1356 de
3674 1299 3929 1370 martyri-

2356 1406 2449 1458 bus
2501 1401 2828 1466 Palaestinae,
2861 1400 3004 1472 quod
3055 1401 3110 1453 in
3151 1398 3307 1453 editt.
3362 1393 3435 1451 Η.
3480 1394 3822 1458 E._adhaeret
3864 1393 3932 1448 li-

2356 1498 2453 1552 bro
2483 1511 2602 1560 vui,
2630 1503 2685 1550 et
2724 1495 2791 1550 de
2825 1509 2935 1564 quo
2963 1509 3014 1546 v.
3040 1490 3202 1544 Fabr.
3235 1489 3300 1544 Β.
3334 1486 3427 1544 Gr.
3458 1488 3566 1543 vol.
3600 1486 3692 1551 IX,
3718 1500 3840 1557 pag.
3861 1485 3931 1542 '55

2355 1606 2416 1659 sq
2472 1589 2558 1644 ed.
2588 1596 2719 1651 vet.,
2751 1603 2876 1658 pars
2909 1583 3010 1641 fuit
3040 1573 3204 1653 hujus
3235 1579 3572 1637 collectionis
3613 1579 3926 1648 martyrior.

2355 1679 2770 1752 antiquiorum]
2813 1678 3016 1735 Confer
3063 1676 3131 1731 de
3191 1673 3379 1729 eodem
3418 1687 3581 1742 opere
3623 1669 3931 1725 Eusebiano

2358 1774 2672 1828 Bollanilutn
2715 1771 2866 1844 praef.
2927 1770 2992 1825 ad
3046 1777 3089 1823 t.
3147 1766 3167 1820 Ι
3220 1767 3339 1822 Act.
3397 1775 3629 1819 sanctor.
3674 1760 3927 1823 Januar.,

689 1850 958 1960 trituputat,
986 1884 1166 1956 operis
1197 1850 1490 1954 genuinum
1513 1850 1961 1946 ἀποσπασμαίειον
1997 1875 2064 1928 de
2094 1872 2254 1926 Pam-
2285 1857 2324 1909 Β
2353 1880 2473 1934 pag.
2527 1879 2616 1917 xvr
2671 1870 2724 1917 et
2772 1876 2899 1924 va,
2952 1866 3007 1915 et
3060 1856 3462 1913 Henschenium
3523 1863 3563 1908 t.
3613 1851 3656 1906 ll
3713 1850 3930 1920 Aprilis,

690 1983 821 2054 phili
872 1977 1135 2048 martyrio
1162 1974 1349 2054 Graece
1397 1987 1459 2025 ex
1506 1985 1611 2024 ms.
1638 1969 1826 2022 codice
1853 1965 2086 2019 Mcdieeo
2115 1965 2256 2034 regis

689 2051 1147 2129 Ehristianissimi
1203 2051 1537 2132 descriptum
1579 2060 1797 2116 exhibet
1853 2057 2257 2128 Papcbrochius

691 2173 735 2221 t.
769 2163 933 2218 IAct.
963 2159 1276 2214 Sanctorum
1325 2153 1494 2215 Junii,
1520 2166 1642 2222 pag.
1667 2150 1849 2210 64-74,
1895 2165 2017 2201 eum
2069 2145 2256 2200 Latina

693 2253 964 2310 versione.
1002 2247 1186 2322 [Fabr.
1219 2246 1274 2300 in
1315 2257 1412 2298 sua
1461 2240 1728 2310 Hippolyti
1759 2237 1894 2308 Opp.
1923 2237 2078 2299 cdit.,
2114 2244 2152 2288 t.
2191 2233 2255 2294 ll.

697 2361 820 2416 pag.
845 2337 999 2408 217.]
1046 2337 1240 2393 Latina
1291 2335 1379 2389 illa
1433 2349 1499 2387 ex
1537 2331 1770 2384 Eusebio
1802 2344 1866 2382 ac
1901 2327 2261 2395 Metaphraste

697 2439 962 2494 dederant
989 2431 1363 2504 Lipomannus
1391 2433 1447 2481 et
1472 2423 1669 2478 Surius
1697 2421 1724 2474 1
1746 2419 1914 2496 Junii,
1938 2427 1992 2474 et
2013 2416 2260 2472 Valesius

694 2549 819 2604 pag.
851 2529 976 2594 178,
992 2526 1057 2582 ad
1087 2522 1286 2580 Euseb.
1588 2525 1590 2527 ’

767 2598 910 2675 XIX.
937 2617 1059 2673 Τῶν·
1086 2613 1347 2682 ἀρχαίων
1363 2607 1700 2682 μαρτυρίων
1719 2598 2093 2671 συκαγωγήν,
2126 2601 2263 2651 anti-

695 2723 919 2780 quorum
975 2701 1350 2771 martyriorum
1408 2696 1798 2755 collectionem,
1859 2692 2144 2759 scripsisse
2205 2702 2265 2742 se

699 2777 968 2854 Eusebius
999 2799 1228 2848 testatur
1258 2788 1314 2843 in
1345 2785 1488 2841 Hist.
1531 2784 1714 2839 eccles.
1767 2781 1862 2836 lib.
1891 2796 1966 2844 1v,
1995 2793 2114 2848 cap.
2172 2777 2260 2841 15,

699 2903 823 2962 pag.
850 2887 972 2952 156,
1003 2890 1057 2937 et
1103 2881 1198 2935 lib.
1234 2895 1284 2944 ν,
1334 2889 1587 2947 ριόωιιι.,
1623 2887 1748 2944 pag.
1781 2870 1903 2933 153,
1934 2878 1990 2924 et
2015 2882 2134 2937 cap.
2170 2865 2260 2930 2|,

699 2959 822 3054 pag.
858 2977 978 3034 189.
1011 2975 1089 3029 Ex
1111 2975 1212 3028 hoc
1238 2984 1402 3042 opere
1431 2966 1712 3037 praeclaro,
1745 2969 1798 3017 et
1817 2959 1961 3032 quod
1998 2959 2265 3028 integrum

699 3050 890 3129 ad'nos
913 3064 1059 3123 haud
1085 3062 1397 3136 pervenisse
1424 3053 1712 3110 dolendum
1747 3060 1850 3115 est,
1882 3050 2050 3104 multa
2079 3062 2267 3118 super-

699 3178 822 3219 esse
859 3159 1130 3221 videntur,
1178 3153 1234 3222 in
1279 3151 1415 3204 Vitis
1449 3148 1674 3202 Patrum
1707 3143 1894 3199 Latine
1929 3141 2031 3197 sub
2075 3138 2265 3194 Hiero-

701 3253 851 3328 nymi
902 3249 1121 3306 nomine
1163 3245 1346 3308 editis,
1376 3250 1429 3296 et
1476 3241 1530 3295 in
1578 3239 1829 3293 Simeone
1883 3232 2263 3302 Metaphraste,

632 3354 654 3362 ’·
701 3327 794 3419 qui
819 3345 1004 3400 Grzeco
1035 3340 1176 3411 stylo
1221 3345 1532 3392 sanctorum
1557 3329 1712 3384 Vitas
1752 3335 1806 3384 et
1847 3327 2104 3398 martyria
2137 3339 2268 3378 con-

703 3440 859 3493 didit.
893 3434 1271 3504 Fragmentum
1302 3444 1368 3483 ex
1391 3426 1497 3480 hoc
1523 3438 1686 3494 opere
1715 3421 2021 3476 Eusebiano
2050 3419 2177 3471 dare
2210 3430 2269 3482 se

703 3529 935 3585 credidit
969 3521 1370 3592 Papehroc'nius
1401 3515 1776 3570 Narrationem
1805 3510 1866 3564 de
1906 3509 2078 3563 decem
2111 3524 2270 3559 mar—

707 3621 907 3694 tyribus
958 3615 1195 3687 IEgypti,
1227 3609 1411 3666 Graece
1465 3623 1497 3663 e
1543 3622 1647 3660 ms.
1674 3604 1932 3657 Vaticano
1969 3615 2091 3655 cum
2124 3599 2267 3653 Guil.

709 3691 892 3768 Sirleti
919 3707 1168 3764 versione
1195 3710 1238 3757 t.
1275 3703 1293 3755 l
1366 3701 1484 3754 Act.
1525 3707 1756 3752 sanctor.
1797 3693 1965 3754 Junii,
2013 3707 2135 3760 pag.
2167 3691 2270 3756 420

709 3822 824 3874 seq.
861 3801 951 3856 Sic
993 3801 1124 3853 Acta
1178 3794 1422 3864 martyrii
1453 3790 1509 3846 S.
1541 3787 1761 3842 Luciani
1789 3784 1928 3854 apud
1961 3782 2177 3836 Surium
2217 3788 2272 3834 et

709 3871 1143 3958 Iltillandumupd
1195 3888 1225 3938 '7
1279 3884 1500 3938 Ianuar.
1551 3879 1739 3931 Latine
1790 3876 1966 3936 edita,
2018 3871 2270 3926 lisserins

712 3985 852 4055 apud
887 3983 1120 4037 Caveum
1148 3976 1458 4046 suspicatus
1485 3981 1568 4025 est
1598 3969 2011 4036 Metaphrastem
2053 3964 2270 4033 petiisse

711 4095 778 4133 ex
801 4062 1061 4129 Eusebio.
1120 4071 1388 4138 Integram
1436 4063 1554 4131 ejus
1599 4059 1907 4130 μαρτυρίων
1953 4056 2268 4124 ἀναγραφήν

711 4171 768 4223 in
805 4166 937 4222 bibl.
974 4157 1303 4217 Scorialensi
1337 4153 1668 4223 superfuisse
1693 4149 1918 4201 allirmat
1945 4144 2269 4198 Franciscus

711 4257 960 4313 Bivarius
993 4253 1061 4306 ad
1083 4248 1297 4306 Pseudo
1320 4243 1505 4298 Dextri
1529 4241 1839 4305 Chronicon,
1873 4237 1939 4291 ad
1963 4239 2026 4289 A.
2059 4233 2121 4290 C.
2143 4235 2268 4288 508.

715 4351 890 4418 Atque
928 4343 1090 4398 libros
1143 4350 1245 4393 tres
1292 4343 1592 4405 martyrum
1637 4329 1854 4384 Eusebii
1912 4327 2151 4382 nondum
2201 4323 2271 4379 de

715 4415 903 4491 Graeco
932 4446 1120 4487 versos
1149 4429 1223 4482 ibi
1268 4425 1564 4486 exstitisse,
1593 4436 1659 4476 ex
1691 4420 1868 4474 indice
1895 4418 2134 4487 ejusdem
2175 4415 2272 4468 hi-

2358 1970 2477 2024 pag.
2540 1952 2676 2018 539;
2707 1949 2998 2005 Baronium
3061 1947 3207 2003 Diss.
3265 1943 3644 2014 Martyrologio
3696 1940 3934 1996 Romano

2358 2045 2654 2116 pi-aztnissa,
2690 2058 2811 2113 cap.
2843 2041 3043 2104 5-7,'et
3076 2036 3352 2092 Matthiam
3390 2033 3539 2090 Frid.
3563 2032 3820 2088 Beckium
3865 2031 3933 2086 ad

2358 2135 2798 2206 Martyrologium
2857 2131 3106 2185 Ecclesia:
3166 2125 3507 2192 Germanicae,
3560 2139 3682 2196 pag.
3731 2122 3767 2178 5
3813 2137 3931 2193 seq.

2358 2228 2520 2282 Fsan.
2547 2227 2601 2283 In
2632 2225 2753 2282 end.
2783 2221 3015 2278 MCDLII
3053 2221 3183 2276 bibl.
3215 2218 3366 2290 publ.
3399 2217 3578 2273 Paris.
3607 2223 3693 2273 est
3721 2231 3780 2271 ιι.
3810 2211 3932 2268 XXI

2357 2321 2618 2385 Onesimi,
2651 2318 2745 2388 qui
2771 2316 2924 2370 Pauli
2979 2313 3282 2385 discipulus
3329 2311 3454 2379 fuit,
3487 2309 3828 2377 martyrium,
3880 2314 3936 2363 et

2359 2430 2414 2467 ιι.
2448 2410 2608 2473 XXII,
2634 2406 2924 2476 Pamphili,
2959 2403 3232 2468 Valentis,
3283 2400 3459 2465 Pauli,
3513 2398 3762 2463 Seleuci,
3801 2396 3940 2451 Por-

2360 2502 2559 2573 p'ayrii,
2610 2498 2875 2553 Theoduli
2938 2505 2994 2552 et
3031 2491 3246 2550 Juliani'
3294 2490 3654 2562 martyrium,
3712 2495 3936 2544 auctore

2361 2593 2616 2647 Eusebio.
2637 2590 2807 2645 Hau.
3153 2638 3160 2642 .
3303 2641 3310 2649 ,

2431 2679 2551 2736 XX.
2581 2680 2822 2751 Epistola
2877 2679 2946 2733 ad
2981 2676 3348 2734 Constantiam
3398 2673 3709 2746 Augustam,
3738 2667 3940 2725 Licinii

2361 2793 2611 2842 uxorem,
2643 2775 2858 2831 laudata
2915 2775 2984 2830 ab
3029 2769 3406 2828 Iconomachis
3450 2769 3508 2824 in
3547 2767 3700 2822 Actis
3742 2762 3940 2837 synodi

2363 2862 2591 2922 Nicaeum
2615 2866 2886 2930 secundm,
2918 2875 3025 2918 act.
3056 2881 3110 2931 v,
3145 2878 3268 2934 pag.
3293 2861 3418 2928 608,
3439 2868 3495 2917 et
3515 2875 3590 2924 vr,
3634 2873 3760 2931 pag.
3806 2855 3935 2920 661,

2365 2969 2405 3015 t.
2458 2960 2540 3015 ιιι.
2576 2949 2971 3030 Binii(Labbei
3003 2965 3045 3011 ι.
3082 2954 3213 3027 vn),
3241 2961 3297 3011 et
3338 2969 3371 3009 a
3417 2952 3761 3024 Nicephoro,
3791 2950 3941 3007 Gon-

2366 3053 2717 3124 stantiuopol.
2743 3050 3072 3123 patriarcha,
3126 3050 3459 3120 impugnata.
3508 3046 3584 3102 Ex
3615 3047 3806 3104 eadem
3839 3044 3935 3099 Ni-

2367 3146 2635 3216 cephorus
2668 3143 2933 3215 Gregoras
2957 3157 3072 3208 xxx,
3101 3141 3156 3208 5,
3184 3140 3350 3205 Hist.,
3392 3140 3482 3194 ubi
3511 3139 3802 3195 Eusebium
3827 3136 3946 3194 τῶν

2366 3239 2486 3290 τότε
2528 3236 2720 3306 λογίων
2770 3235 2861 3288 τὸν
2905 3234 3122 3306 πρῶτον
3175 3231 3440 3302 appellat,
3489 3246 3614 3302 pag.
3656 3227 3941 3287 59LEatn

2366 3330 2660 3400 pleniorem
2693 3327 2874 3383 Graece
2907 3341 2938 3382 e
2985 3341 3088 3381 ms.
3118 3325 3266 3397 regio
3290 3323 3458 3380 edidit
3495 3322 3544 3376 J.
3576 3321 3854 3378 Boivinius
3883 3321 3944 3375 in

2366 3420 2511 3474 notis
2566 3419 2794 3474 eruditis
2849 3417 2915 3470 ad
2973 3415 3199 3485 Niceph.
3255 3412 3585 3484 Gregoram,
3636 3427 3760 3483 pag.
3810 3410 3943 3466 795.

2369 3507 2620 3579 Spuriam
2669 3515 2726 3563 et
2784 3505 3018 3561 Eusebio
3053 3504 3389 3573 suppositam
3431 3517 3691 3579 essenon
3728 3502 3947 3559 dubitat

2367 3576 2618 3654 Petavius
2665 3614 2776 3663 xxv,
2806 3598 2860 3662 9,
2898 3596 3082 3666 Dogm.
3122 3595 3273 3650 thcbl.
3307 3595 3369 3649 de
3403 3576 3796 3650 Incarnationc.
3831 3595 3941 3650 Sed

2369 3689 2602 3744 Eusebio
2659 3698 2807 3743 recte
2855 3703 2886 3740 a
2938 3687 3154 3743 laudato
3203 3686 3429 3743 Boivino
3486 3685 3815 3741 vindicatur.
3881 3684 3935 3740 Ir

2335 3800 2338 3804 '
2369 3782 2560 3836 iisdem
2589 3779 2742 3833 Actis
2768 3776 2998 3833 Nicaeum
3031 3777 3221 3848 synodi
3252 3777 3474 3831 allertnr
3505 3777 3671 3833 etiam
3711 3777 3940 3847 aliquid.

2367 3889 2489 3942 pag.
2515 3871 2617 3926 608
2643 3879 2697 3926 et
2722 3869 2848 3935 66‘2,
2875 3885 2937 3924 ex
2977 3870 3208 3939 cpistola
3248 3869 3462 3925 Eusebii
3513 3870 3578 3924 ad
3613 3868 3945 3939 Euphratio—

2367 3980 2490 4018 nem
2538 3966 2652 4019 sive
2680 3962 3110 4034 Euphrasionem
3147 3969 3202 4016 et
3225 3961 3289 4015 ad
3310 3961 3678 4015 Alexandrum
3701 3958 3943 4016 Alexan-

2367 4057 2604 4111 drinum.

2499 4213 2506 4222 I
2777 4145 2968 4200 Latine
3005 4154 3209 4197 tantum
3256 4152 3465 4197 exstant
3498 4160 3517 4197 .'

2435 4234 2576 4289 XXI.
2604 4235 2869 4307 Apologia:
2897 4251 2990 4303 pro
3020 4234 3240 4305 Origene
3267 4234 3394 4287 liber
3425 4235 3648 4302 primas,
3669 4247 3734 4288 ex
3755 4229 3944 4285 Ruﬁni

2368 4326 2638 4388 versione,
2694 4325 2836 4380 inter
2877 4323 3126 4394 Origenis
3177 4330 3340 4393 atque
3399 4322 3711 4393 Hieronymi
3762 4321 3947 4392 Opera

2371 4417 2565 4484 smpius
2592 4417 2692 4470 sub
2730 4414 2992 4485 Pamphili
3021 4417 3238 4471 nomine
3265 4415 3460 4471 editus.
3493 4412 3558 4466 Et
3575 4428 3726 4468 -sane
3755 4429 3823 4468 ex
3844 4429 3948 4469 vo-

717 4529 1001 4585 hliotheeaa
1053 4540 1105 4582 a.
1141 4521 1274 4578 1579
1307 4519 1494 4575 didicit
1541 4525 1596 4571 et
1631 4514 1699 4569 ad
1736 4513 2026 4567 Baronium
2054 4509 2275 4579 scripsit
2303 4525 2348 4582 υ
2377 4508 2672 4564 luminibus
2712 4523 2807 4563 sex
2854 4508 2952 4578 (tot
2995 4510 3138 4564 enim
3181 4508 3435 4577 Apologia
3469 4506 3557 4558 illa
3595 4505 3766 4560 libros
3792 4520 3948 4559 com-

691 4621 1042 4681 .Lindanus,
1103 4623 1163 4669 ut
1226 4619 1413 4667 narrat
1477 4607 1741 4662 Baronius
1804 4605 1869 4657 ad
1929 4601 2272 4672 Martyrolog.

714 4717 784 4770 25
818 4711 964 4781 Sept.
1015 4707 1233 4762 Duabus
1281 4705 1539 4757 librorum
1596 4696 1887 4752 decadibus
1935 4696 2046 4749 sive
2099 4692 2280 4764 viginti

717 4806 866 4859 libris
894 4798 1204 4856 constitisse
1231 4795 1358 4848 illud
1392 4809 1546 4860 Opus,
1583 4790 1744 4844 tradit
1774 4788 2004 4856 scriptor
2028 4786 2276 4839 Actorum

720 4895 777 4948 S.
823 4889 1086 4951 Silvestri,
1110 4883 1252 4956 apud
1279 4882 1624 4936 Lambecium
1645 4888 1686 4932 t.
1715 4876 1849 4940 VIII,
1880 4890 1932 4944 p.
1966 4875 2061 4928 3‘2l
2081 4873 2277 4946 [p.685

721 5003 803 5054 sq.
861 4983 946 5039 ed.
1010 4976 1260 5047 Kell-an].
1305 4973 1478 5028 Verba
1539 4969 1826 5041 scriptoris
1888 4967 2032 5022 illius
2093 4973 2272 5022 sunt:

725 5171 1080 5230 Wernsdorlii
1136 5170 1212 5223 De
1245 5165 1704 5236 Constantini_lll.
1750 5166 2010 5236 religione
2035 5163 2275 5236 paschali

728 5245 792 5296 ad
854 5244 1049 5298 Euseb.
1087 5241 1162 5295 De
1201 5240 1306 5293 vita
1367 5238 1546 5304 Const.
1599 5234 1675 5288 Μ.
1732 5232 1962 5298 ιίὁτ.ἰν,
2018 5232 2136 5302 cap.
2183 5232 2273 5296 22,

726 5311 950 5368 Witteb.
984 5313 1140 5374 1758,
1164 5311 1217 5374 4,
1243 5316 1298 5364 et
1329 5308 1388 5362 D.
1428 5305 1650 5360 Erhard.
1694 5304 1900 5374 Anton:
1931 5304 2273 5374 Frommanni

726 5384 806 5437 De
825 5380 974 5435 codd.
1007 5373 1364 5447 sacris,jussu
1385 5375 1717 5447 Constantini
1759 5374 1821 5426 ab
1857 5373 2106 5447 Eusebio
2123 5387 2278 5447 cura-

732 5455 818 5514 tis,
854 5453 920 5506 ad
972 5440 1386 5503 Eusebf'Vitam
1431 5445 1612 5498 Const.
1648 5443 1770 5497 libr.
1820 5459 1892 5506 tv,
1937 5459 2015 5514 c.7
2043 5440 2129 5514 56.
2173 5441 2277 5514 Ωοέ

730 5511 885 5589 ιιιιιε.
914 5520 1070 5582 1761,
1096 5517 1172 5589 At,
1206 5532 1383 5571 recus.
1414 5516 1471 5569 in
1491 5517 1616 5589 _eju_s
1639 5514 1920 5589 opusculis
1932 5511 2276 5589 Διιιιίιοιοεὶλοξ

729 5581 888 5658 atqiie
920 5581 1182 5658 histtiricig
1207 5581 1540 5658 argumenti,
1559 5581 1792 5658 Coburgi
1825 5581 1982 5658 1770,
2012 5582 2064 5647 8,
2081 5596 2146 5658 _p_.
2173 5581 2277 5634 505

732 5649 851 5728 sqq.
907 5687 995 5728 -γ
1026 5649 1324 5728 Eusebius}
1368 5653 1506 5728 Li[e_
1537 5655 1596 5728 ot:
1635 5649 2148 5728 Constantinuwitlz
2209 5667 2276 5703 an

730 5719 938 5781 ιιὲᾰιεοιι
982 5727 1031 5778 in
1061 5727 1139 5776 his
1171 5724 1370 5782 Praise,
1404 5719 1506 5774 and
1541 5724 1619 5774 his
1661 5723 1863 5774 oration
1894 5733 1945 5773 to
1971 5720 2051 5772 tlte
2083 5719 2272 5788 clergy.

729 5796 897 5854 Lond.
960 5798 1106 5850 1637.
1151 5822 1219 5833 —-
1273 5794 1570 5848 Saltonllall
1638 5792 1810 5846 vcrsio
1867 5791 2127 5863 Anglica,
2181 5790 2275 5842 ad-

2378 4601 2536 4670 plexa
2588 4602 2694 4670 est)
2746 4599 3084 4670 Pamphilum
3136 4615 3242 4654 una
3297 4613 3421 4652 cum
3471 4596 3709 4652 Eusebio
3756 4596 3947 4667 priof‘a

2377 4695 2614 4765 quinque
2642 4696 3030 4765 composuisse,
3083 4701 3297 4748 sextum
3328 4691 3395 4746 ab
3429 4689 3662 4745 Eusebio
3696 4690 3944 4744 additum

2376 4800 2516 4851 esse,
2545 4793 2773 4841 testatur
2823 4781 3048 4839 Photius
3090 4783 3211 4837 cod.
3247 4797 3414 4835 cxvm
3466 4780 3564 4852 (b).
3594 4780 3797 4837 Confer
3826 4779 3943 4834 Eu-

2377 4879 2586 4934 sebium
2615 4880 2789 4949 ipsum
2821 4893 2897 4941 vi,
2927 4877 3014 4941 55,
3071 4875 3237 4938 Hist.,
3267 4883 3320 4929 et
3364 4889 3484 4944 quae
3526 4874 3594 4929 de
3635 4873 3740 4927 hoc
3776 4887 3948 4942 opere

2377 4970 2749 5026 Tillemontius
2774 4979 2816 5024 t.
2838 4969 2883 5024 γ
2920 4969 3138 5023 Memor.
3191 4968 3397 5034 eccles.,
3420 4973 3572 5037 parte
3607 4981 3692 5030 ιιι,
3715 4977 3837 5034 pag.
3869 4963 3949 5017 60

2375 5165 2488 5288 illita
2519 5174 2603 5222 est
2627 5165 2862 5222 versioni
2897 5165 2970 5239 ῌ.
3011 5165 3077 5219 Ε.
3105 5166 3172 5223 de
3198 5180 3304 5237 qua
3336 5179 3498 5235 supra
3535 5164 3651 5233 jam
3704 5162 3948 5234 egimus.

2425 5252 2548 5290 ABL.

2448 5309 2524 5375 (ay
2561 5305 2726 5360 Docet
2753 5305 2825 5360 ibi
2847 5303 3237 5371 Ensebius,illo
3260 5320 3319 5361 se
3355 5305 3410 5359 in
3443 5316 3606 5375 opere
3626 5302 3952 5375 exhibuisse

2376 5370 2604 5437 πίύακας
2635 5375 2748 5430 sive
2777 5375 2984 5429 indices
3031 5377 3290 5430 librorum
3329 5383 3454 5441 Itum
3485 5370 3776 5442 ‘Origenis,
3825 5378 3951 5442 turn

2376 5446 2603 5498 aliorum
2631 5445 2952 5514 scriptorum
2982 5437 3494 5506 ecclesiasticOrum,
3520 5437 3663 5514 quos
3682 5437 3951 5514 Pamphi-

2376 5514 2707 5634 luselsutmmo
2741 5508 2922 5569 studio
2951 5515 3290 5570 bibliothecae
3328 5527 3437 5567 suae
3467 5508 3797 5566 adornanda:
3821 5508 3952 5563 col-

2397 5598 2459 5636 ea
2523 5597 2551 5634 a
2582 5621 2594 5634 .

2427 5598 2676 5720 gﬁ’lia‘Est
2724 5654 2864 5720 inter
2923 5653 3077 5708 codd.
3140 5651 3360 5707 Latinos
3419 5649 3549 5720 bibl.
3605 5644 3970 5720 Venetae

2594 5721 2712 5776 cod.
2742 5719 3024 5778 XXXVIII.
3062 5722 3112 5777 V.
3148 5723 3270 5778 Cat.
3310 5719 3460 5775 codd.
3494 5718 3642 5783 Lat.,
3679 5732 3806 5789 pag.
3848 5717 3946 5774 17.
