4196 6312
721 381 780 434 5|
1704 385 2035 441 EUSELIUS
2073 386 2545 443 CIESARIENSIS
2584 384 2977 443 EPlSCOPUS.
3227 434 3230 437 .
3861 375 3926 428 53

723 498 966 555 Tenzelii
994 497 1135 552 Dies.
1169 499 1415 562 selectas,
1448 515 1502 569 p.
1534 499 1636 552 504
1673 516 1789 569 seq.
1839 500 2063 554 Exstant
2087 499 2274 553 Latine
2302 504 2349 560 Α

719 587 862 654 apud
894 586 1286 652 Mombritium,
1315 594 1446 643 tom.
1482 589 1524 642 11
1545 630 1558 652 ,
1596 598 1650 644 et
1679 591 1780 643 alia
1815 606 1877 644 ex
1921 589 2278 659 Metaphraste

719 670 861 745 apud
903 677 1294 747 Lipomannum
1317 687 1483 745 ,tom.
1511 679 1577 740 V.
1604 689 1656 735 et
1695 679 1912 734 Surium
1949 681 2013 734 ad
2047 681 2106 734 51
2149 681 2272 735 Dec.

715 767 903 824 Edidit
951 778 1003 824 ct
1065 771 1418 827 Combelisius
1467 775 1599 827 Acta
1633 773 1882 843 Sylvestri
1927 785 1974 829 et
2013 774 2275 829 Constan-

715 860 814 911 tini
836 899 851 924 ,
881 877 911 915 e
932 861 1129 930 quibus
1162 863 1579 931 disputationem
1610 864 2110 920 adversus‘Judazos
2138 883 2275 935 prte-

716 960 868 1007 sente
899 952 1256 1009 Constantino
1300 970 1329 1007 a
1364 953 1638 1025 Sylvestro
1673 963 1726 1010 et
1769 957 1993 1011 Zambrc
2033 959 2270 1012 habitam

713 1045 910 1110 repetit
953 1042 1008 1098 in
1061 1043 1198 1098 Bibl.
1242 1047 1648 1110 concionatoria,
1691 1055 1732 1100 t.
1787 1046 1862 1112 ll,
1909 1048 1974 1101 ad
2031 1047 2182 1101 Dom.
2253 1066 2266 1101 ι

713 1132 1170 1204 Quadragesimm.
1203 1135 1281 1190 Ex
1317 1135 1425 1190 illis
1463 1137 1690 1192 hausere
1713 1138 1952 1193 Zonaras
1980 1154 2040 1192 ac
2071 1138 2269 1192 Cedre-

712 1238 818 1279 nus
843 1265 856 1289 ,
887 1233 938 1279 et
973 1227 1026 1280 in
1052 1226 1336 1283 Chronicis
1374 1243 1512 1283 mss.-
1543 1228 1804 1299 Georgius
1845 1228 2186 1284 llamartolus
2213 1240 2266 1284 et

715 1310 935 1368 Simcon
977 1310 1287 1386 Lugotheta.
1338 1317 1471 1372 Vide
1525 1317 1788 1386 Cangium
1839 1318 1907 1369 ad
1966 1317 2258 1384 Zonaram,

709 1419 831 1474 pag.
862 1405 950 1459 9.8.

1247 1495 1439 1550 XXIV.
1475 1496 1706 1550 lnedita.

773 1581 922 1637 Libri
981 1601 1033 1637 tv
1095 1584 1406 1656 Eclogarum
1457 1586 1900 1655 propheticarum,
1949 1587 2015 1641 de
2063 1588 2258 1656 quibus

705 1688 868 1741 supra
891 1689 946 1727 n.
969 1672 1033 1730 ll.
1073 1672 1194 1729 Vide
1223 1675 1350 1731 ibid.
1377 1675 1765 1732 adnotationem
1794 1687 2047 1732 nostram.
2075 1676 2254 1748 (Eutr.

703 1763 920 1838 Pun.)

2455 501 2519 554 Ἦ
2553 502 2777 554 καθόλου
2814 495 3154 568 στοιχειώδης
3183 499 3473 570 εἰσαγωγὴ.
3505 499 3677 570 Supra
3705 517 3760 558 ιι.
3790 502 3839 556 3.

2446 592 2831 646 Ecclesiasticte
2884 591 3352 645 Demonstrationis
3409 592 3547 646 libri.
3593 593 3748 649 Phot.
3797 598 3915 652 cod.

2318 675 2321 678 ’
2371 697 2465 738 xu.
2525 686 2861 740 Colomesius
2898 693 3129 753 quatuor
3167 677 3334 738 libros
3374 682 3540 739 fuisse
3579 693 3766 754 putat,
3796 688 3916 756 quia

2372 783 2603 844 quatuor
2629 775 2750 828 libri
2777 774 3088 845 Eclogarum
3109 774 3526 843 propheticarum
3554 785 3766 830 exstant
3787 793 3914 832 mss.

2372 869 2425 919 in
2470 867 2600 921 bibl.
2639 866 3040 920 \‘iudobouensi
3081 885 3096 921 :
3143 867 3234 921 sed
3279 867 3333 919 in
3385 867 3531 920 calce
3579 867 3700 920 libri
3743 870 3916 936 quarti

2369 957 2581 1010 illarum
2637 956 2953 1028 Eclogarum
2994 960 3193 1014 diserte
3233 957 3396 1012 tradit
3436 957 3730 1019 Eusebius,
3777 959 3918 1012 hunc

2366 1065 2488 1104 esse
2520 1051 2715 1104 librum
2757 1052 2938 1119 operis
2973 1065 3191 1104 nonum.
3228 1049 3291 1102 Et
3339 1049 3560 1120 Eclogns
3601 1053 3918 1118 propheticus

2363 1140 2712 1194 verisimilius
2753 1140 2946 1194 habeat
2984 1141 3178 1209 aliquis
3229 1153 3326 1208 pro
3363 1148 3513 1207 parte
3557 1140 3653 1208 τῆς
3695 1138 3917 1192 καθόλου

2365 1229 2730 1298 στοιχειώδους
2773 1229 3105 1297 εἰσαγωγῆς,
3152 1237 3208 1280 ιιι
3252 1229 3429 1280 notavi
3479 1243 3638 1296 supra
3683 1243 3831 1280 num.
3862 1229 3912 1283 5.

2361 1317 2640 1374 Laudatur
2676 1320 2887 1374 Eusebii
2928 1320 3378 1388 Ἐκκλησιαστικὴ
3409 1316 3676 1383 ἀπόδειξις
3703 1318 3756 1372 ἰιι
3788 1318 3918 1372 Jure

2363 1408 2838 1472 Grato—Romano,
2886 1409 3008 1462 libr.
3051 1424 3122 1468 tv,
3149 1424 3269 1478 pag.
3304 1408 3426 1462 293.

2432 1502 2630 1555 Contra
2668 1500 3018 1570 Porphyrium
3043 1515 3140 1569 pro
3163 1500 3472 1554 Christiana
3511 1501 3764 1570 religione
3794 1501 3915 1554 libri

2359 1607 2485 1645 xxx.
2527 1591 2681 1645 Suid.
2723 1589 2798 1644 De
2829 1589 3026 1657 quibus
3065 1595 3272 1641 tantum
3301 1587 3488 1655 viginti
3537 1588 3598 1639 ad
3635 1603 3692 1641 se
3731 1602 3918 1654 pene.

2357 1687 2543 1748 uisse,
2585 1687 2674 1756 ait
2719 1683 3072 1752 Hieronymus
3125 1695 3240 1748 cap.
3297 1679 3358 1733 8l
3413 1677 3670 1748 Catalogi.
3711 1677 3915 1731 Horum

2359 1777 2530 1830 tribus
2580 1775 2869 1844 postremis
2914 1773 3257 1833 confutasse,
3287 1781 3406 1840 qua:
3443 1779 3630 1822 contra
3677 1769 3915 1824 Danielis

774 1861 1154 1933 Fragmentum
1174 1865 1237 1918 de
1274 1867 1530 1920 mensuris
1553 1882 1614 1919 ac
1638 1865 1972 1933 ponderibus.
2017 1864 2144 1922 Mss.
2183 1865 2252 1917 ls.

2304 1838 2332 1892 Β
2359 1838 2980 1937 prophetiasargutatus
3005 1863 3143 1917 idem
3171 1838 3498 1932 Porphyrius
3528 1861 3716 1921 fuerat,
3749 1868 3916 1914 testa-

700 1948 881 2008 Vossii
912 1969 965 2008 u.
1003 1953 1123 2010 179.
1147 1953 1310 2010 Fann.
1333 1985 1402 1996 -—
1423 1953 1517 2008 Est
1538 1956 1593 2008 in
1615 1956 1734 2010 cod.
1753 1954 1957 2010 Veneto
1979 1955 2040 2009 D.
2069 1954 2251 2008 Marci.

698 2047 846 2116 (Vid.
870 2046 1042 2102 Catal.
1077 2050 1228 2102 codd.
1264 2048 1381 2112 Gr.,
1411 2066 1464 2121 p.
1499 2049 1648 2122 261.)
1671 2079 1740 2089 —
1761 2049 1901 2104 Inter
1920 2048 2081 2104 codd.
2118 2048 2254 2106 Vos-

697 2139 885 2194 sianos
946 2154 1002 2193 ιι.
1077 2139 1357 2195 MMCCXC
1432 2139 1574 2211 (Cat.
1649 2141 1798 2196 codd.
1864 2143 2103 2213 Angliaz,
2173 2142 2248 2206 ιι,

698 2243 752 2296 p.
795 2229 904 2296 6‘2).
950 2227 1167 2284 Eusebii
1195 2230 1387 2301 fragm.
1435 2231 1499 2286 de
1536 2235 1790 2288 mensuris
1825 2241 1875 2289 et
1915 2233 2249 2303 ponderibus.

695 2321 866 2376 Ηιιιιι..

766 2412 842 2466 De
871 2423 1038 2467 morte
1073 2411 1299 2468 Herodis
1320 2453 1336 2479 ,
1376 2431 1479 2470 ms.
1508 2413 1564 2468 in
1599 2415 1728 2469 bibl.
1760 2414 1923 2469 Basil.
2245 2479 2250 2484 ν

765 2500 1019 2570 Prtefatio
1062 2504 1130 2556 ad
1165 2504 1444 2560 Canticum
1475 2502 1640 2557 Mosis
1667 2506 1720 2557 in
1754 2503 1958 2559 Exodo.
1993 2504 2240 2562 Lambec.

690 2588 793 2654 ιιι.
829 2605 883 2660 ρ.
909 2593 977 2647 55
1007 2592 1105 2662 (a).

978 2681 1146 2738 XXV.
1181 2683 1393 2753 Scripta
1433 2686 1644 2740 Eusebii
1672 2688 1956 2757 deperdita.

755 2773 955 2829 Praeter
999 2775 1199 2829 multas
1249 2784 1428 2844 partes
1476 2793 1733 2848 operum,
1780 2780 1847 2833 de
1892 2782 2089 2851 quibus
2128 2783 2238 2852 jam

685 2865 888 2920 dictum
942 2873 1057 2931 est,
1107 2865 1472 2922 ecclesiastica:
1508 2872 1917 2938 Prwparationis
1970 2873 2123 2937 libri,
2183 2876 2236 2928 in

680 2959 883 3032 quibus
921 2957 1150 3028 Eclogte.
1195 2957 1349 3013 Phot.
1391 2960 1512 3015 cod.
1542 2977 1594 3016 ιι
1615 3001 1630 3027 ,
1663 2963 1754 3018 ubi
1787 2979 2044 3021 numerus
2074 2966 2238 3020 libro-

681 3070 802 3112 rum
831 3055 1050 3109 excidit.

2357 1967 2444 2012 tur
2476 1959 2615 2012 idem
2659 1957 3016 2026 Hieronymus
3043 1954 3110 2007 ad
3138 1954 3420 2007 Danielem.
3448 1953 3584 2006 Alibi
3617 1954 3780 2008 libros
3811 1970 3915 2007 xxv

2354 2057 2630 2111 numerat,
2660 2047 2820 2116 epist.
2875 2046 2941 2098 ad
2992 2044 3239 2114 Magnum
3285 2054 3574 2098 oratorem.
3605 2042 3815 2097 Laudat
3857 2054 3914 2098 et

2355 2140 2606 2194 Socrates
2640 2155 2729 2204 ιιι,
2757 2139 2858 2203 25,
2889 2153 3009 2208 pag.
3033 2137 3158 2191 200.
3191 2135 3302 2190 Hoc
3339 2151 3474 2205 opus
3513 2134 3693 2190 Roma.-
3732 2137 3912 2191 adhuc

2351 2233 2586 2293 servari,
2613 2232 2775 2284 nimis
2801 2239 3001 2283 temere
3031 2228 3184 2280 multi
3213 2226 3477 2292 credunt,
3505 2228 3678 2296 inquit
3701 2226 3911 2281 llolste-

2349 2327 2474 2378 nius
2515 2325 2589 2377 De
2633 2322 2914 2390 Porphyrii
2963 2321 3200 2387 scriptis,
3243 2334 3361 2389 pag.
3408 2319 3496 2371 65.
3541 2320 3907 2386 Apollinarem

2349 2415 2436 2480 iis,
2469 2430 2586 2484 qua:
2616 2413 2881 2467 Eusebius
2913 2420 2967 2466 et
2992 2411 3296 2465 Methodius
3333 2417 3519 2462 contra
3547 2410 3908 2480 Porphyrium

2346 2506 2587 2575 scripsit,
2619 2502 2832 2574 prtefert
2861 2502 3250 2572 Philostorgius
3283 2517 3411 2564 rm,
3445 2501 3529 2554 H.
3570 2498 3658 2571 [ν.
3697 2502 3804 2554 r01.
3837 2499 3906 2562 V,

2344 2611 2466 2666 pag.
2502 2594 2646 2665 747.]

2412 2687 2657 2755 Ἐλέγχου
2688 2686 2780 2738 καὶ
2807 2684 3138 2753 Ἀπολογίας,
3163 2681 3546 2752 Confutationis
3565 2690 3616 2736 et
3637 2680 3676 2735 Α
3685 2682 3909 2752 ροιοςίω

2342 2792 2443 2846 pro
2480 2777 2788 2831 Christiana
2829 2776 3088 2845 religione
3124 2774 3380 2828 adversus
3429 2773 3770 2828 ethnicorum
3801 2774 3902 2826 ob-

2336 2868 2632 2938 jectiones,
2668 2867 2789 2920 libri
2827 2868 2967 2929 duo,
3004 2875 3164 2936 atque
3197 2867 3287 2918 alii
3335 2866 3458 2919 libri
3504 2865 3904 2933 duo‘ejusdem

2338 2959 2640 3028 argumenti
2662 2965 2714 3012 et
2735 2958 3015 3012 sententiis
3037 2958 3321 3026 verbisque
3337 2957 3718 3026 propemodum
3737 2957 3903 3011 iidem

2338 3051 2498 3120 (forte
2529 3051 2695 3103 altera
2723 3050 2959 3118 priorum
2986 3048 3231 3116 ἕκδοσις).
3255 3047 3412 3102 Phot.
3430 3047 3552 3102 cod.
3588 3063 3710 3101 xm.
3734 3046 3903 3101 Falli-

753 3144 1146 3217 [Ε-ὺαγγελικὴ
1179 3146 1497 3214 Θεοράιηεια
1519 3147 1602 3203 bis
1632 3149 1829 3204 citatur
1859 3148 1909 3203 in
1944 3148 2144 3205 Catena
2181 3151 2232 3204 in
2262 3173 2269 3214 t

2334 3150 2423 3195 tur
2454 3141 2719 3205 Valesius,
2753 3142 2843 3210 qui
2875 3142 3040 3195 libros
3067 3151 3249 3194 contra
3279 3139 3624 3208 Porphyrium
3655 3153 3782 3192 cum
3814 3139 3904 3192 th

679 3237 878 3293 Lucam
902 3242 958 3295 in
985 3243 1107 3296 cod.
1131 3240 1430 3296 Vindobon.
1451 3241 1697 3297 Ctesareo
1719 3241 1874 3309 XLll,
1905 3251 2041 3300 teste
2079 3245 2239 3300 Lam-

677 3336 834 3391 beeio
864 3337 1239 3405 Commentar.,
1272 3351 1403 3396 tom.
1449 3340 1555 3400 lll..
1578 3356 1630 3410 p.
1677 3342 1808 3405 166,
1851 3351 1963 3396 not.
1996 3344 2047 3396 4.
2077 3343 2236 3400 Conf.

676 3443 878 3498 supra,
910 3446 966 3484 ιι.
1003 3431 1055 3486 8.
1091 3430 1260 3485 11Αιιι..
1311 3434 1690 3506 Fragmentum
1723 3449 1784 3489 ex
1823 3434 2036 3490 Eusebii
2067 3437 2238 3504 Opere

674 3520 893 3588 deperd.
944 3520 1277 3590 Theophania
1317 3542 1496 3596 evang.
1547 3545 1576 3582 c
1621 3529 1746 3582 cud.
1790 3527 2013 3583 Coislin.
2063 3527 2235 3590 ϐϋιῑ..

675 3611 847 3675 1740,
903 3610 984 3684 4.]
1044 3613 1201 3684 (Vide
1247 3625 1425 3670 notam
1464 3629 1697 3672 nostram
1743 3622 1845 3676 col.
1911 3621 2004 3674 25.
2055 3618 2234 3689 Eutr.)

743 3703 953 3760 Caveus
996 3705 1101 3767 ait,
1156 3707 1211 3761 in
1271 3707 1401 3762 bibl.
1452 3708 1781 3776 Bodleiana,
1833 3712 1954 3765 cod.
2006 3711 2229 3766 Barocc.

673 3794 950 3860 CXLVIII,
966 3807 1177 3851 exstare
1193 3815 1372 3853 norem
1386 3802 1626 3855 homilias
1648 3803 1749 3858 sub
1763 3803 1972 3859 Eusebii
1992 3805 2228 3864 nomine,

673 3886 730 3940 in
779 3890 1091 3943 memoriam
1123 3901 1433 3945 sanctorum
1455 3932 1468 3954 ,
1494 3895 1587 3946 sed
1621 3895 1852 3963 spurius.
1886 3894 2073 3949 Exstat
2105 3912 2232 3949 vero

668 3977 745 4033 ibi
772 3979 932 4032 unica
959 3982 1357 4047 tantummodo,
1383 3999 1501 4052 quae
1523 4000 1662 4037 nona
1702 3986 2036 4040 inscribitur.
2065 3985 2252 4040 FABR.‘

677 4069 792 4123 Vid.
824 4086 988 4140 supra
1013 4074 1127 4136 ,‘ad
1166 4090 1221 4126 ιι.
1257 4074 1346 4137 25,
1385 4075 1453 4128 de
1493 4076 1710 4131 homilia
1752 4076 1827 4130 De
1856 4079 2230 4131 resurrectione

667 4161 942 4217 adnotata.

738 4254 878 4320 Opus
903 4255 1151 4310 adversus
1191 4256 1410 4314 Irrereses
1453 4261 1630 4313 atheas
1677 4261 1923 4331 promisit
1963 4260 2228 4317 Eusebius

663 4343 718 4397 in
766 4346 869 4399 line
918 4346 1037 4400 libri
1070 4365 1122 4401 tv
1155 4346 1468 4417 Eclogarum
1495 4392 1509 4415 ,
1569 4360 1706 4406 teste
1741 4352 1989 4410 Lambec.
2021 4355 2222 4411 Comm.

659 4435 726 4488 de
749 4436 873 4490 bibl.
905 4435 1168 4501 thsarea,
1198 4456 1319 4510 pag.
1349 4441 1476 4495 9.02.

733 4528 1013 4596 Prop/retia
1043 4520 1254 4586 Eusebii
1286 4532 1483 4587 Ca’sar.
1529 4541 1578 4587 et
1620 4535 1802 4600 fratris
1833 4535 2127 4592 Columbini
2154 4539 2217 4593 de

658 4621 971 4689 quibusdam
1004 4626 1259 4677 eventui-is
1297 4629 1346 4677 in
1391 4624 1693 4679 Christiano
1739 4628 1880 4691 orbe,
1906 4627 2114 4695 Latine,
2155 4638 2215 4684 ut

657 4713 902 4776 videtur,
943 4714 996 4766 in
1039 4715 1168 4769 bibl.
1201 4716 1402 4770 Bodlei.
1453 4720 1593 4772 inter
1638 4718 1797 4772 codd.
1848 4718 2087 4774 Kenelmi
2120 4720 2212 4774 Di-

655 4806 823 4873 gbtei,
855 4821 911 4859 ι).
945 4804 1278 4870 MDCClllC,
1315 4810 1471 4862 catal.
1513 4810 1663 4864 codd.

725 4895 781 4952 ln
821 4897 1095 4952 Anastasii
1141 4900 1527 4964 Quazstionibus
1573 4914 1621 4957 et
1664 4907 2079 4974 responsionibus
2104 4949 2117 4971 ,
2150 4926 2213 4961 ea:

654 4989 814 5040 variis
847 4988 948 5043 SS.
970 4989 1237 5055 partibus,
1269 4993 1322 5045 in
1358 4992 1579 5048 Niconis
1605 4994 2008 5050 Collectionibus
2039 5015 2212 5051 rerum

627 5077 930 5131 'moralium
993 5080 1222 5149 aliisque
1270 5089 1398 5136 vett.
1446 5083 1539 5138 Gr.
1584 5084 1854 5158 ﬂorilegiis
1903 5091 2102 5156 passim
2157 5091 2208 5142 in

651 5167 807 5221 codd.
851 5170 1102 5233 Coislin.,
1135 5171 1549 5240 Mediceis,etc.,
1588 5176 1882 5248 fragmenta
1917 5193 2209 5237 occurrunt

651 5257 973 5314 Eusebiana.
1010 5259 1178 5316 Hanc.

721 5478 797 5547 (a)
825 5478 879 5531 ln
913 5479 1099 5535 codice
1124 5497 1446 5553 pergameno
1472 5488 1650 5540 szeeuli
1683 5506 1755 5542 xu
1786 5493 1863 5546 vel
1888 5508 1982 5546 xm
2015 5493 2207 5547 biblio-

648 5546 817 5633 thecm
862 5546 1237 5633 universi-tatis
1277 5546 1663 5633 Lovai‘riensis,
1707 5563 1762 5613 4ο
1807 5579 1990 5629 parvo,
2045 5546 2210 5633 p.37

647 5617 844 5700 legitur
884 5639 898 5673 :
934 5620 1246 5700 O‘melieuxu
1290 5624 1500 5700 Eusebi
1537 5617 1858 5700 Cesariens'is
1889 5617 2116 5700 episcdpi
2147 5617 2207 5688 tie

645 5685 855 5758 Pascha
892 5691 1040 5743 ualde
1067 5692 1223 5745 utiles
1243 5731 1257 5754 ,
1289 5697 1542 5749 translate
1581 5699 1643 5751 de
1673 5699 1830 5752 Greco
1858 5685 2200 5758 in'Latinztnt:

650 5757 873 5812 --Item
904 5777 1161 5817 sermones
1198 5764 1424 5829 ejusdem
1453 5783 1507 5819 ιιι
1540 5767 1599 5820 dc
1647 5777 1943 5828 ascensione
1975 5775 2202 5830 Domini.

2343 3233 2496 3287 libris
2546 3231 2845 3286 confundit.
2892 3230 3001 3285 Nec
3047 3231 3246 3285 minus
3277 3220 3478 3282 fallitur
3527 3227 3768 3291 Caveus,
3804 3228 3903 3297 qui

2341 3339 2464 3376 cum
2505 3322 2589 3378 bis
2630 3322 2913 3376 confundit
2959 3322 3344 3391 Apologeticum
3391 3319 3608 3375 Eusebii
3654 3336 3751 3402 pro
3794 3320 3904 3388 ﬁde

2339 3430 2468 3476 sua,
2505 3414 2573 3468 de
2598 3429 2705 3484 quo
2739 3429 2904 3482 supra
2932 3429 3079 3466 num.
3111 3415 3164 3467 9.

2409 3502 2592 3557 Oratio
2627 3502 2691 3556 de
2723 3503 2941 3556 basilica
2965 3502 3464 3573 Hierosolymitana,
3485 3501 3781 3557 Servatoris
3809 3519 3900 3556 se-

2335 3592 2548 3658 pulcro,
2601 3608 2663 3646 ac
2711 3594 2772 3644 de
2819 3590 3051 3646 donariis
3092 3590 3164 3644 ibi
3213 3591 3508 3654 dedicatis,
3539 3605 3730 3662 quam,
3769 3591 3899 3646 licet

2336 3679 2663 3748 longiorem,
2694 3689 2842 3733 stans
2899 3680 3191 3748 imperator
3235 3680 3621 3738 Constantinus
3673 3683 3900 3738 auscul-

2332 3771 2484 3823 tarit.
2518 3769 2712 3824 Euseb.
2743 3785 2815 3834 tv,
2848 3770 2936 3834 55,
2963 3769 3040 3823 De
3065 3772 3167 3823 vita
3199 3770 3553 3826 Constantini.

2404 3857 2478 3912 De
2518 3860 2648 3928 {esto
2685 3859 2936 3913 Paschali
2980 3860 3115 3914 liber
3147 3862 3317 3915 eidem
3348 3861 3707 3916 Constantino
3737 3862 3896 3916 dica-

2331 3959 2451 4014 tus,
2504 3952 2921 4021 complexusque
2980 3950 3244 4022 μυστικὴν
3276 3951 3608 4022 ἀνακάλυψιν
3651 3951 3749 4004 τοῦ
3788 3955 3896 4024 τῆς

2328 4041 2518 4110 ἑορτῆς
2546 4042 2701 4109 λόγου
2724 4082 2738 4106 ,
2774 4044 2884 4096 sive
2921 4043 3158 4098 rationes
3204 4042 3338 4112 cycli
3372 4043 3738 4098 novemdecim
3782 4060 3895 4099 an—

2328 4145 2518 4185 norum
2547 4143 2600 4186 et
2631 4133 2910 4203 historiam
2954 4135 3334 4189 controversiae
3365 4134 3429 4189 de
3458 4133 3739 4191 Paschate.
3774 4135 3894 4190 Eu-

2325 4224 2440 4278 seb.
2512 4238 2566 4277 tv
2637 4225 2713 4277 De
2750 4225 2856 4278 rita
2895 4223 3098 4292 Const.,
3128 4241 3246 4296 cap.
3288 4225 3354 4280 54
3381 4234 3438 4299 et
3459 4226 3556 4292 55,
3591 4227 3677 4281 ubi
3716 4229 3896 4298 impe-

2325 4317 2520 4370 ratoris
2542 4316 2607 4370 ad
2635 4316 2922 4372 Eusebium
2960 4319 3185 4389 epistola
3207 4359 3220 4382 ,
3253 4334 3358 4389 qua
3381 4319 3480 4387 ipsi
3509 4320 3711 4388 gratias
3731 4322 3853 4391 agit
3877 4363 3893 4382 ,

2327 4417 2378 4464 et
2410 4411 2651 4465 meminit
2695 4410 2870 4465 Latini
2907 4413 3248 4482 interpretis,
3287 4413 3379 4482 qui
3425 4414 3624 4482 scripta
3663 4414 3783 4481 ejus
3833 4417 3896 4469 in

2249 4505 2290 4558 D
2320 4499 2562 4554 Latinam
2591 4503 2824 4572 linguam
2856 4502 3163 4556 transferat.
3197 4501 3426 4558 Eusebio
3457 4504 3522 4555 ad
3550 4517 3862 4572 componen
3882 4534 3897 4545 -

2321 4594 2440 4647 dam
2457 4592 3049 4664 ἐννεακαιδεκαετηρίδα
3065 4593 3406 4647 occasionem
3424 4591 3642 4646 dederat
3658 4606 3895 4650 sanctus

2321 4680 2639 4753 Hippolytus
2665 4697 2761 4737 sua
2798 4683 3311 4755 ὲκκαιδεκαετηρίδι,
3350 4690 3484 4737 teste
3512 4681 3888 4755 Hieronymo,

2322 4787 2440 4841 cap.
2491 4773 2551 4825 61
2617 4771 2879 4841 Catalogi.
2932 4772 3106 4841 Atque
3157 4774 3230 4826 ita
3295 4772 3583 4841 capiendus
3634 4772 3890 4830 Isidorus

2319 4863 2466 4933 Hisp.
2506 4880 2578 4928 vt,
2624 4865 2718 4930 17,
2754 4863 2922 4933 0rig.,
2956 4873 3009 4918 et
3042 4864 3180 4917 Beda
3217 4862 3290 4917 De
3325 4874 3608 4931 temporum
3633 4866 3848 4920 ratione
3871 4907 3886 4929 ,

2319 4967 2436 5021 cap.
2482 4952 2568 5004 4:2.
2603 4951 2690 5023 [In
2742 4953 2872 5007 bibl.
2917 4951 3112 5005 Cotton
3138 4992 3151 5015 ,
3185 4967 3315 5016 xm,
3352 4953 3454 5016 12,
3502 4970 3555 5024 p.
3598 4954 3695 5015 93,
3728 4953 3884 5012 'Cat.

2317 5044 2467 5097 codd.
2494 5045 2670 5113 Angt.,
2697 5043 2906 5097 Eusebii
2923 5042 3121 5098 Cazsar.
3139 5043 3203 5096 de
3225 5044 3432 5098 Pascha
3459 5045 3686 5099 homilite
3704 5045 3884 5115 XII]

2386 5134 2519 5201 Περὶ
2555 5135 2650 5204 τῆς
2686 5135 2790 5186 τῶν
2827 5133 3069 5188 itaita.qu
3095 5134 3297 5204 ἀνδρῶν
3327 5134 3706 5198 πολυπαιδεὶας
3739 5142 3892 5193 seri-

2316 5226 2489 5296 psisse
2507 5240 2562 5278 se
2579 5233 2816 5279 testatur
2838 5223 3096 5279 Eusebius
3117 5241 3189 5288 vi,
3221 5225 3274 5288 8,
3304 5224 3596 5291 Pra'parat.
3614 5229 3886 5297 evangel.,

2317 5332 2435 5387 pag.
2470 5317 2590 5371 510.
2638 5317 2780 5372 Idem
2815 5332 2982 5385 opus,
3036 5318 3087 5371 iu
3129 5333 3235 5386 quo
3274 5317 3503 5372 Basilius
3541 5315 3620 5370 De
3669 5318 3890 5388 Spiritu

2311 5496 2515 5549 —Item
2534 5499 2760 5565 ejusdem
2793 5512 2828 5551 ιι
2852 5499 2913 5552 de
2945 5500 3129 5565 spiritu
3152 5507 3352 5552 sancto.
3375 5496 3635 5552 Volumen
3661 5499 3892 5558 duabus

2315 5569 2556 5635 partibus
2614 5578 2844 5623 constat.
2890 5589 2903 5623 :
2949 5586 3073 5638 pars
3118 5572 3262 5636 prior
3298 5569 3526 5622 indicem
3577 5570 3890 5628 voluminis

2313 5638 2560 5696 exhibet,
2614 5655 2735 5704 pars
2783 5642 2986 5704 altera,
3042 5655 3162 5708 qua:
3213 5639 3466 5692 homilias
3510 5640 3884 5708 continebat.

2313 5723 2341 5761 a
2364 5710 2533 5771 priori
2572 5710 2826 5764 dlSil'uClu
2849 5748 2862 5774 ,
2898 5713 3008 5782 jam
3052 5707 3157 5763 non
3193 5711 3478 5764 invenitur.
3513 5707 3676 5768 Eutr.
3704 5709 3890 5768 l‘nn.
