4196 6312
265 441 336 498 53
1694 443 1705 456 ‘
1773 434 2067 490 NOTITIA.
3405 441 3474 496 54

262 570 444 618 sancto
467 599 482 624 ,
510 574 628 629 cap.
662 558 729 614 29
751 598 767 624 ,
794 557 989 630 legisse
1017 573 1076 616 se
1104 559 1388 630 significat,
1419 561 1815 630 ὲπαπορήματα
1843 562 1891 618 Α
1985 553 2287 609 Sermonem
2310 553 2374 607 de
2398 553 2606 620 defectu
2624 553 2812 620 pluvia
2849 559 3111 608 memorat
3140 553 3319 612 Hebed
3345 555 3474 614 Iesu

265 654 393 724 περὶ
418 651 516 723 τῆς
535 651 644 704 τῶν
671 653 910 724 ἀρχαίων
941 651 1300 724 πολυγαμίας.

333 742 584 812 Epistolte
623 741 1048 813 quamplurima,
1100 753 1293 813 praeter
1327 741 1476 805 illas,
1520 741 1588 796 de
1623 741 1820 812 quibus

264 849 430 906 supra
473 850 621 892 num.
650 835 754 898 21,
785 837 841 889 in
870 835 1068 904 quibus
1103 834 1353 890 omnibus
1393 833 1716 888 Arianorum
1762 849 1820 890 se

263 922 527 978 fautorem
551 924 776 993 prodere
808 933 1038 994 arguunt
1064 924 1198 978 Acta
1219 924 1435 978 concilii
1455 923 1678 989 Nicaeni,
1709 932 1816 978 act.

263 1027 353 1076 vr,
391 1021 429 1067 t.
463 1011 563 1077 Ill,
613 1014 742 1069 edit.
782 1012 1054 1080 Biniante,
1109 1028 1230 1084 pag.
1289 1013 1436 1080 662,
1495 1023 1822 1085 vertuntque

262 1091 572 1172 ipsi.‘vitio,
617 1102 758 1172 quod
783 1103 906 1158 licet
950 1103 1160 1174 synodo
1203 1104 1437 1159 Nicmnae
1484 1104 1822 1175 subscripse-

262 1192 368 1256 rit,
401 1203 453 1247 et
481 1195 608 1246 ποτὲ
641 1196 738 1265 μὲν
762 1195 857 1267 τὴν
884 1195 1136 1266 ἀλήθειαν
1166 1196 1822 1268 ὑποκρινόμενος-ἀποδεί-

261 1301 470 1350 κνυται,
485 1303 850 1358 nonnunquam
867 1288 1130 1343 raritatem
1145 1290 1394 1344 simulare
1407 1289 1822 1358 deprehenditur,

263 1383 445 1434 tamen
477 1393 586 1433 non
615 1380 824 1434 veniam
855 1381 1067 1450 publice
1094 1381 1309 1452 petierit
1351 1382 1418 1437 de
1459 1381 1678 1452 scriptis
1707 1381 1821 1436 suis

261 1484 437 1539 eaque
464 1474 871 1536 retractaverit,
910 1479 964 1529 ct
995 1487 1093 1542 pro
1119 1474 1367 1543 epistolis
1400 1475 1679 1544 speciatim
1707 1475 1819 1528 suis

258 1559 418 1631 λόγον
454 1561 769 1632 Ἀπολογίας
801 1579 909 1619 non
957 1565 1354 1635 composuerit,
1396 1566 1817 1637 vulgaveritquc.

278 1758 2230 1812 =====,=—__————-__________——————__=

1922 645 1978 701 in
2006 645 2262 716 Catalogo
2295 643 2543 699 librorum
2577 642 2974 708 Chatdworum,
3009 660 3065 699 ιι.
3095 645 3188 702 20.

1990 736 2392 810 {Fragmentum
2429 736 2644 793 Eusebii
2665 736 2758 790 τοῦ
2790 736 3065 808 ’ᾼσματος
3092 738 3202 792 τῶν
3221 740 3477 812 ᾀσμάτων

1919 831 2088 886 edidit
2140 830 2420 886 Mnnterus
2459 829 2552 886 Fr.
2595 829 2724 899 PP.,
2760 830 2962 898 Cr.,l,
3005 848 3059 902 p.
3105 832 3175 888 60
3225 849 3333 903 sq.;
3373 833 3476 889 alia

1897 922 2110 995 fragm.
2129 923 2329 992 ejusd.,
2352 923 2585 979 Matthzei
2614 926 2670 979 in
2697 925 3005 993 Anecdotis,
3037 925 3293 996 Mosquaa,
3322 925 3476 981 i775.

1919 1016 1980 1072 In
2003 1016 2249 1071 Galland.
2280 1015 2419 1070 Bibl.
2466 1015 2607 1082 PP.,
2644 1025 2776 1073 tom.
2806 1015 2896 1079 ιν,
2935 1031 2990 1086 p.
3032 1017 3136 1071 459
3183 1033 3290 1086 sq.,
3353 1024 3482 1072 sunt

1921 1104 2139 1160 Eusebii
2193 1104 2418 1176 Pamph.
2473 1105 2720 1176 Opuscul.
2772 1121 2884 1168 xrv,
2921 1105 3151 1175 primum
3202 1105 3257 1160 in
3305 1104 3478 1160 lucem

1921 1196 2067 1252 edita
2100 1212 2129 1250 a
2161 1195 2278 1251 Jac.
2327 1194 2636 1251 Sirmondo.
2674 1226 2745 1238 —
2790 1194 3198 1252 Praemittuntur
3237 1196 3479 1266 ejusdem

1923 1288 2143 1345 Eusebii
2188 1289 2517 1344 Prooemium
2563 1297 2617 1344 et
2663 1305 2782 1359 cap.
2836 1305 2894 1344 ιιι
2947 1291 3128 1359 priora
3172 1289 3322 1346 Dem.
3359 1287 3492 1359 Eo.,;

1926 1398 2033 1436 una
2060 1397 2182 1436 cum
2232 1382 2412 1452 operis
2450 1381 2659 1451 epilogo
2714 1352 2966 1451 evulgata
2991 1395 3022 1434 a
3051 1379 3100 1435 Ι.
3140 1381 3188 1438 Α
3213 1352 3492 1437 Fabricio?

1925 1471 1983 1528 ln
2023 1473 2269 1548 Prolegg.
2305 1476 2385 1540 de
2419 1476 2504 1530 bis
2534 1490 2588 1545 p.
2641 1489 2753 1529 xxu
2796 1490 2878 1544 sq.
2919 1473 3154 1530 breviter
3187 1471 3484 1529 Gallandus

1924 1565 2081 1637 egit.]

2231 1763 3466 1792 Ἥ

768 1944 890 2059 ΒΕ
946 1942 1178 2069 “TA.
1215 1933 1811 2078 SCRIPTISQUE

1913 1942 2243 2061 EUSEBII
2314 1943 2958 2061 CAESAlilENSlS.

861 2156 952 2229 (Η.
977 2157 1265 2223 Vttcsws,
1293 2155 1508 2229 Proleg.
1535 2158 1604 2214 ad
1635 2157 1854 2214 Eusebii
1883 2157 2090 2242 ῌίιεοιπ.
2114 2157 2297 2218 eccles.
2324 2157 2412 2214 ed.
2437 2157 2674 2227 Mogunt.
2707 2157 2892 2225 {672.}

2343 2387 2364 2412 Ι

335 2475 411 2534 De
436 2476 553 2533 vita
578 2475 795 2533 Eusebii
825 2477 1177 2537 Caesariensis
1198 2478 1396 2533 librum
1421 2479 1548 2534 olim
1579 2479 1825 2536 eonscri—
1853 2492 1896 2547 Β
1922 2478 2063 2533 libro
2095 2493 2191 2545 vn,
2238 2492 2469 2532 narrans
2496 2491 2558 2532 ea
2589 2492 2709 2546 qua:
2740 2486 2999 2548 regnante
3030 2477 3275 2534 Gallieno
3305 2480 3482 2535 conti-

261 2577 450 2643 pserat
471 2567 721 2630 Aeacius.
745 2569 866 2639 ejus
887 2569 1188 2639 discipulus
1211 2579 1264 2625 et
1290 2571 1342 2625 in
1370 2571 1684 2642 episcopatu
1711 2571 1828 2627 Ca:-

263 2661 498 2718 sariensi
547 2667 956 2725 successor,'ut
987 2668 1220 2716 testatur
1259 2661 1531 2718 Socrates.
1569 2661 1673 2718 Sed
1704 2653 1826 2718 cum

262 2753 355 2808 hic
383 2753 519 2807 liber
559 2766 666 2806 una
706 2766 828 2806 eum
858 2752 1107 2822 plurimis
1155 2752 1277 2808 aliis
1304 2756 1588 2810 vetustatis
1618 2755 1827 2809 incuria

261 2844 508 2917 perierit,
546 2859 648 2900 nos
679 2844 923 2899 collectis
970 2843 1099 2899 hinc
1153 2845 1278 2902 inde
1309 2853 1550 2900 veterum
1599 2846 1828 2916 scripto-

260 2950 388 2991 rum
425 2935 753 2990 testimoniis
783 2934 876 3004 qui
904 2933 970 2990 de
998 2933 1233 2990 Eusebio
1261 2935 1428 2989 locuti
1457 2943 1606 2999 sunt,
1650 2935 1828 3004 jactu-

260 3039 384 3080 ram
417 3025 566 3078 illam
604 3041 703 3096 pro
729 3026 873 3080 virili
923 3034 1076 3096 parte
1120 3027 1322 3082 sarcire
1350 3027 1688 3082 conabimur.
1719 3011 1828 3096 igi-

263 3126 358 3175 tur
377 3118 644 3175 Eusebius
671 3129 829 3174 natus
849 3128 931 3174 est
960 3120 1014 3173 in
1037 3119 1321 3174 Palazstina
1351 3119 1452 3174 sub
1483 3127 1741 3183 extrema,
1769 3127 1828 3172 ut

247 3194 504 3277 ridetur,
546 3210 772 3266 Gaiiieni
799 3219 1058 3279 tempora.
1086 3209 1161 3262 Ex
1193 3209 1476 3266 Palmstina
1506 3210 1722 3281 quidem
1764 3211 1830 3264 il-

262 3303 380 3363 lum
419 3300 708 3356 oriundum
758 3299 926 3355 fuisse
953 3306 1270 3370 argumento
1309 3307 1412 3363 est,
1440 3301 1583 3370 quod
1618 3315 1648 3352 a
1685 3310 1829 3355 vete-

259 3392 422 3448 ribus
461 3390 576 3448 fere
627 3389 948 3446 Palaestinus
977 3398 1220 3446 vocatur.
1270 3389 1347 3444 Ita
1381 3402 1527 3446 certe
1571 3391 1825 3458 Basilius,

264 3483 631 3542 Theodoritus
661 3484 858 3554 aliique
889 3499 1012 3538 eum
1042 3484 1332 3554 appellant.
1367 3485 1444 3538 Ac
1486 3486 1732 3553 quamvis
1761 3485 1829 3540 ob

264 3577 621 3632 Caesariensis
649 3576 802 3631 urbis
833 3576 1201 3647 episcopatum
1236 3576 1309 3630 ita
1341 3576 1706 3647 cognominari
1735 3593 1830 3646 po-

265 3669 397 3734 tuit,
440 3670 836 3724 verius'tamen
883 3669 1016 3722 mihi
1055 3670 1292 3731 videtur,
1327 3669 1478 3724 illum
1509 3683 1539 3723 a
1575 3670 1744 3740 patria
1777 3669 1830 3723 id

265 3767 686 3832 cognomentum
717 3763 970 3816 traxisse.
1020 3761 1182 3818 Certe
1225 3761 1342 3832 ipse
1383 3765 1437 3817 in
1473 3763 1611 3817 libro
1652 3765 1829 3833 primo

1928 2579 2143 2639 gerunt,
2177 2578 2464 2640 antequam
2494 2571 2561 2626 de
2597 2569 2749 2624 Pauli
2781 2569 3182 2631 Samosatensis
3206 2588 3394 2629 errore
3418 2590 3482 2629 ae

1927 2658 2272 2713 damnatione
2301 2674 2602 2713 sermonem
2635 2659 2904 2725 instituat,
2945 2661 3030 2716 his
3061 2662 3230 2716 utitur
3258 2663 3440 2719 verbis
3465 2681 3482 2721 :

1939 2747 2124 2801 Verum
2150 2749 2230 2801 Itis
2243 2749 2359 2818 jam
2389 2751 2660 2818 expositis,
2692 2766 2828 2805 nunc
2855 2751 3062 2805 tondent
3085 2770 3200 2824 qua
3220 2754 3492 2826 qualisque

1929 2837 2086 2906 fuerit
2118 2849 2246 2892 mtas
2295 2849 2504 2903 nostra,
2559 2849 2885 2908 posterorum
2938 2845 3139 2898 notitia:
3191 2845 3488 2900 tradamus.
3557 2845 3559 2847 ’

1927 2929 2186 2986 Parentes
2217 2947 2356 3001 quos
2409 2931 2678 2998 habuerit,
2727 2934 2886 2988 nobis
2942 2933 3337 3005 incompertum
3383 2929 3490 3004 est,

1928 3023 2034 3078 nisi
2063 3024 2206 3093 quod
2238 3019 2574 3093 Niccpliorus
2605 3023 2886 3090 Callistus,
2919 3026 3107 3082 nescio
3133 3043 3270 3098 quos
3301 3037 3492 3084 aucto-

1929 3130 2017 3170 res
2048 3121 2286 3177 secutus,
2334 3115 2484 3169 illum
2527 3131 2716 3172 sorore
2755 3115 3022 3187 Pamphili
3061 3121 3315 3190 martyris
3341 3121 3492 3191 geni-

1930 3215 2044 3260 tum
2069 3222 2191 3261 esse
2213 3205 2412 3276 prodit.
2438 3205 2496 3260 ln
2518 3207 2746 3277 cpistola
2767 3215 2947 3263 autem
2971 3207 3086 3261 Arii
3109 3209 3176 3262 ad
3200 3208 3491 3264 Eusebium

1928 3299 2417 3362 Nicomedienscm,
2451 3297 2619 3376 frater
2651 3297 2873 3354 Eusebii
2902 3297 3331 3354 Nicomediensis
3357 3300 3489 3354 dici-

1929 3383 2038 3447 tur.
2075 3392 2152 3445 Ac
2179 3391 2392 3444 tametsi
2440 3397 2663 3459 propter
2695 3389 2990 3462 amicitiam
3024 3388 3206 3445 sfrater
3261 3390 3367 3445 dici
3395 3405 3494 3462 po-

1929 3481 2052 3544 tuit,
2086 3478 2271 3534 verius
2316 3487 2497 3533 tamen
2530 3479 2661 3533 mihi
2692 3463 2927 3542 videtur,
2961 3479 3112 3533 illum
3154 3487 3247 3534 aut
3282 3494 3492 3549 germa-

1929 3586 2059 3625 num
2080 3579 2173 3625 aut
2197 3569 2584 3627 consobrinum
2612 3570 2780 3626 fuisse
2802 3570 3231 3627 Nlcomediensis
3250 3569 3489 3636 Eusebii,

1928 3664 2163 3717 maxime
2185 3678 2307 3716 cum
2330 3662 2491 3717 Arius
2514 3662 2760 3733 plurimis
2788 3663 2909 3718 aliis
2933 3663 3004 3717 ibi
3029 3664 3490 3729 commemoratis,

1931 3769 2098 3808 unum
2136 3753 2523 3809 Caesariensem
2548 3752 2766 3809 fratrem
2791 3755 3020 3823 appellet
3040 3753 3492 3812 Nicomediensis.

267 3852 348 3908 De
387 3852 507 3908 Vita
537 3853 871 3909 Constantini
902 3869 962 3910 se
990 3845 1170 3909 adhuc
1197 3855 1596 3910 adolescentem
1638 3856 1691 3909 in
1727 3854 1830 3908 Pa-
1857 3861 1898 3920 c
1931 3845 2135 3901 Deinde
2185 3846 2611 3902 Nicomediensis
2666 3845 2932 3901 Eusebius
2987 3845 3250 3902 oriundus
3295 3845 3396 3901 fuit
3423 3863 3492 3902 ex

265 3945 478 4000 irestina
503 3943 790 4000 educatum
823 3957 888 3998 ac
912 3952 1183 3999 versatum
1206 3959 1326 4000 esse
1355 3952 1604 4010 testatur,
1648 3945 1828 4014 ibique

265 4035 504 4107 primum
536 4049 567 4087 a
596 4049 656 4089 se
678 4036 855 4089 visum
886 4050 1007 4090 esse
1051 4034 1486 4099 Constantinum,
1531 4035 1659 4090 dum
1695 4035 1740 4088 is
1773 4037 1828 4089 in

267 4126 528 4179 comitatu
552 4122 868 4180 Diocletiani
895 4126 1120 4197 Augusti
1147 4142 1241 4197 per
1260 4125 1602 4181 Palaestinam
1627 4127 1727 4182 iter
1752 4127 1831 4180 fa-

267 4222 434 4271 ceret.
471 4214 577 4270 Sed
607 4226 661 4286 et
687 4216 742 4269 in
766 4215 908 4272 libro
960 4233 1000 4271 ιι
1036 4218 1278 4286 ejusdem
1310 4218 1510 4287 cperis,
1544 4217 1633 4271 ubi
1660 4218 1831 4288 legem

267 4304 615 4359 Constantini
647 4303 832 4370 refert,
869 4322 1030 4376 quam
1066 4308 1154 4363 ille
1186 4323 1284 4379 pro
1327 4308 1652 4363 Christianis
1695 4308 1832 4362 scri-

266 4395 380 4466 psit
421 4396 490 4449 ad
537 4397 878 4462 Palaestinos,
904 4397 1249 4453 Palaestinum
1280 4415 1340 4454 se
1363 4399 1532 4454 luisse
1562 4399 1701 4454 haud
1733 4401 1832 4454 ob-

267 4502 430 4542 scure
453 4488 744 4556 signiﬁcat.
773 4486 1065 4558 Postquam
1100 4489 1242 4543 enim
1267 4489 1398 4561 legis
1431 4490 1602 4560 ipsius
1627 4489 1695 4544 ad
1729 4488 1833 4543 Pa-

164 4593 169 4597 '
265 4577 512 4632 uestinos
539 4578 718 4633 missa:
745 4577 906 4632 verba
935 4577 1140 4640 retulit,
1163 4576 1277 4631 haec
1307 4576 1486 4631 addit:
1520 4575 1617 4631 Hm
1648 4579 1832 4647 prima:

266 4669 600 4738 imperatoris
655 4669 843 4723 litterte
887 4667 955 4721 ad
993 4685 1085 4722 nos
1112 4669 1319 4728 missae.
1387 4668 1543 4734 Quod
1582 4681 1712 4725 vero
1742 4685 1833 4724 or-

264 4769 384 4816 tum
417 4761 563 4814 illius
588 4759 643 4814 in
665 4770 902 4817 extrema
929 4759 1156 4815 Gallieni
1187 4770 1427 4831 tempora
1458 4763 1693 4826 contuli,
1731 4763 1832 4816 hu-

261 4855 359 4926 jus
395 4853 473 4907 rei
509 4860 784 4907 auctorem
830 4851 1006 4907 habeo
1034 4852 1210 4921 ipsum
1241 4851 1554 4909 Eusebium.
1586 4854 1647 4909 in
1678 4855 1830 4910 libris

265 4944 414 4998 enim
465 4941 717 4996 Historia:
760 4941 1123 4997 ecclesiastica:
1176 4944 1404 5014 loquens
1457 4944 1523 4998 de
1575 4943 1832 5017 Dionysio

263 5033 762 5089 Alexandrinorum
792 5035 1068 5104 episcopo,
1113 5035 1262 5089 illum
1299 5050 1397 5091 sua
1445 5043 1600 5093 :etate
1631 5039 1833 5095 vixisse

265 5117 522 5189 testatur,
554 5135 614 5181 ut
647 5125 829 5182 videre
859 5137 944 5184 est
986 5131 1042 5182 in
1087 5129 1227 5182 libro
1255 5145 1338 5192 ιιι,
1375 5145 1493 5199 cap.
1525 5130 1614 5186 28.
1652 5131 1831 5198 Quare

1935 3933 2114 4002 Syria.
2152 3931 2274 3988 Fuit
2301 3935 2446 3988 enim
2473 3935 2649 4003 primo
2676 3934 2964 4004 episcopus
3004 3933 3204 4005 Beryti.
3234 3934 3346 3991 Nec
3375 3952 3492 3992 mos

1932 4031 2062 4078 tunc
2091 4032 2229 4089 erat,
2267 4033 2323 4078 ut
2355 4026 2599 4080 extranei
2631 4034 2685 4080 et
2714 4028 2885 4096 ignoti
2915 4027 2982 4082 ad
3021 4028 3284 4098 regendas
3305 4029 3494 4086 Eccle-

1932 4117 2041 4171 sias
2070 4123 2534 4186 promoverentur.
2569 4119 2628 4171 in
2643 4119 2998 4175 saecularibus
3022 4119 3326 4188 disciplinis
3353 4137 3490 4192 quos

1931 4210 2221 4278 magistros
2273 4209 2538 4272 habuerit,
2584 4208 2807 4278 perinde
2853 4211 3184 4279 ignoramus.
3227 4211 3285 4265 In
3318 4214 3491 4268 sacris

1933 4307 2110 4356 autem
2133 4301 2328 4356 litteris
2348 4307 2727 4371 praeceptorem
2749 4301 2939 4356 habuit
2966 4301 3288 4357 Dorotheum
3317 4318 3491 4357 eunu-

1932 4392 2116 4455 chum,
2160 4390 2542 4446 Antiochensis
2583 4390 2838 4447 Ecclesiae
2869 4395 3240 4464 presbyterum
3281 4412 3293 4447 :
3332 4395 3490 4464 cujus

1932 4484 2094 4539 etiam
2140 4484 2195 4536 in
2248 4483 2386 4538 libro
2433 4499 2507 4537 vn
2555 4483 2914 4539 honoriﬁcam
2965 4486 3293 4541 mentionem
3339 4485 3488 4542 facit.

1931 4574 2255 4646 Quanquam
2293 4574 2558 4632 Eusebius
2586 4591 2651 4631 co
2688 4578 2809 4631 loco
2839 4585 3048 4630 tantum
3071 4575 3205 4631 dicit
3233 4592 3263 4631 a
3304 4593 3362 4632 se
3386 4593 3489 4630 auo

1931 4666 2102 4722 ditum
2134 4683 2255 4725 esse
2287 4667 2637 4731 Dorothcum;
2666 4669 2791 4723 dum
2825 4684 3012 4726 sacras
3053 4671 3262 4726 litteras
3305 4672 3359 4724 in
3388 4670 3493 4725 Ec-

1931 4761 2112 4817 clesia
2147 4777 2257 4816 non
2305 4761 2644 4817 incommode
2692 4769 3006 4832 exponeret.
3054 4761 3111 4816 Si
3159 4763 3280 4832 quis
3311 4770 3492 4817 tamen

1931 4869 1998 4908 ex
2024 4853 2109 4908 his
2131 4853 2349 4909 Eusebii
2376 4855 2555 4909 verbis
2579 4869 2702 4908 cum
2729 4853 3029 4909 Trithemio
3048 4855 3178 4908 velit
3215 4855 3492 4926 colligere,

1933 4945 2224 5001 Eusebium
2250 4945 2501 5000 Dorothci
2535 4945 2702 5002 fuisse
2732 4946 3081 5016 discipulum,
3105 4947 3354 5016 equidem
3383 4963 3494 5002 non

1932 5055 2257 5111 magnopere
2287 5039 2618 5108 repugnabo.
2991 5053 2994 5056 λ

2005 5132 2082 5185 Ea
2136 5138 2453 5201 tempestate
2507 5139 2725 5186 mortuo
2771 5131 3103 5195 Thcotecno,
3140 5129 3494 5186 Caesariensis

266 5235 395 5273 cum
425 5226 637 5276 constet
678 5217 994 5293 Dionysium
1019 5221 1471 5277 .Alexandrinum
1508 5237 1650 5277 anno
1679 5224 1832 5296 prin-
1862 5217 1906 5273 D
1934 5219 2189 5276 Ecclesia:
2232 5218 2601 5288 episcopatum
2649 5219 3060 5274 administrabat
3105 5219 3364 5287 Agapius,
3410 5217 3498 5270 vir

267 5310 485 5380 cipatus
532 5308 764 5365 Gallieni
815 5310 1135 5367 duodecimo
1193 5328 1223 5368 e
1269 5313 1404 5367 vivis
1457 5312 1679 5377 abiisse,
1722 5313 1830 5370 Eu-

267 5401 480 5458 sebium
508 5402 621 5470 jam
653 5411 768 5456 tum
799 5401 853 5455 in
887 5403 1058 5458 lucem
1093 5404 1294 5458 editum
1329 5403 1496 5458 fuisse
1524 5412 1755 5475 oportet,
1782 5407 1825 5460 si

267 5491 489 5563 quidem
511 5493 631 5561 ejus
653 5501 782 5548 :rtas
811 5493 865 5547 in
892 5507 956 5546 ea
985 5504 1223 5563 tempora
1255 5487 1442 5549 incidit
1473 5497 1670 5566 quibus
1698 5498 1832 5551 vixit

266 5583 586 5654 Dionysius.
633 5583 777 5638 Idem
821 5587 978 5639 etiam
1023 5587 1202 5656 colligi
1262 5598 1439 5659 potest
1485 5606 1552 5643 ex
1607 5590 1744 5645 libro
1799 5609 1830 5643 ν

271 5675 528 5728 Historiis
551 5677 916 5732 ecclesiastica:
943 5678 1044 5734 sub
1089 5679 1268 5745 finem,
1301 5682 1392 5734 ubi
1420 5682 1486 5735 de
1521 5681 1831 5736 Artemonis

269 5765 476 5821 ἣξει·θείν
503 5767 672 5822 verba
724 5768 945 5833 faciens,
988 5769 1213 5825 Paulum
1271 5770 1686 5828 Samosatenum
1732 5789 1830 5828 sua

265 5864 428 5914 etate
460 5872 582 5914 eam
632 5858 881 5921 heresim
914 5877 1202 5920 renovasse
1233 5864 1445 5924 Scribit.
1503 5864 1741 5943 Denique
1775 5865 1832 5922 in

1936 5312 2145 5366 exirnia:
2175 5312 2499 5375 sanctitatis,
2533 5320 2581 5366 et
2611 5312 2791 5368 effusae
2820 5314 2872 5365 in
2906 5325 3166 5379 pauperes
3202 5309 3496 5364 liberalita-

1935 5405 2026 5458 tis.
2060 5405 2140 5456 Ab
2162 5403 2261 5456 hoc
2287 5402 2550 5457 Eusebius
2575 5405 2626 5457 in
2655 5405 2854 5458 clerum
2883 5404 3108 5464 ascitus,
3131 5401 3494 5454 arctissimam

1936 5494 2057 5548 iniit
2102 5493 2391 5546 amicitiam
2427 5510 2548 5546 cum
2585 5492 2884 5561 Palnphilo,
2927 5493 3017 5561 qui
3051 5502 3162 5545 tum
3210 5490 3349 5542 inter
3377 5489 3495 5543 Cae-

1938 5586 2195 5641 sariensis
2215 5586 2476 5644 Ecclesia:
2502 5586 2842 5655 presbyteros
2869 5585 3156 5639 eminebat.
3192 5582 3318 5634 Erat
3342 5579 3510 5635 Pam--

1939 5679 2116 5749 philus
2182 5678 2402 5731 natione
2457 5675 2719 5739 thnix,
2766 5677 2926 5728 domo
2975 5675 3266 5744 Bcrytius;
3328 5670 3491 5726 Pierii

1939 5769 2316 5824 Alexandrinae
2372 5766 2624 5821 Ecclesia:
2684 5767 2981 5838 presbyteri
3035 5765 3371 5834 discipulus,
3432 5769 3500 5817 ut

1941 5861 2128 5919 scribit
2167 5858 2414 5916 Photius.
2449 5857 2559 5926 Qui
2583 5872 2714 5914 eum
2737 5857 3035 5916 litterarum
3071 5869 3348 5915 saetarum
3377 5853 3502 5911 sin-
