4196 6312
780 435 856 494 55

1769 424 2107 484 sessurus
2144 419 2619 480 casamcasxs
2656 419 3052 478 EPISCOPUS.
3943 421 4008 481 δε

703 613 706 616 ,
781 552 957 622 gularl
998 566 1183 607 amore
1211 550 1488 623 ﬂagraret,
1523 563 1820 618 omnesque
1856 543 2344 602 ecclesiasticarum
2374 545 2422 601 Α
2449 540 2651 604 sebius,
2686 540 2779 610 qui
2824 547 2905 592 tot
2934 538 3069 594 locis
3097 536 3438 609 Pamphilum
3480 540 3744 602 nominat.
3785 541 4012 612 ejusque

779 650 1109 720 scriptorum
1134 646 1302 702 libros
1327 659 1389 698 ac
1413 645 1681 714 prmeipue
1703 641 1972 712 Origenis,
1999 653 2210 695 summo
2237 645 2346 692 stu-

777 747 872 798 dio
913 739 1281 810 conquireret,
1325 737 1732 793 celeberrimam
1780 734 2021 788 scholam
2061 747 2123 786 ac
2150 731 2345 786 biblio—

778 840 993 891 thecam
1038 832 1275 888 instituit
1317 830 1597 886 Caesarem.
1630 826 1802 895 Cujus
1845 827 2041 881 scholae
2084 825 2346 894 magister

777 929 986 998 primus
1020 923 1191 980 ftnsse
1227 923 1444 978 videtur
1471 920 1756 988 Eusebius.
1799 921 1961 974 Certe
1989 916 2255 971 Eusebius
2289 917 2342 969 in

779 1020 920 1076 libro
953 1018 1032 1075 De
1067 1017 1388 1088 martyribus
1423 1014 1729 1068 Pala'stinw
1765 1013 1968 1068 diserte
1989 1011 2198 1072 scribit,
2233 1009 2344 1078 Ap-

776 1111 1059 1183 phianum,
1092 1111 1185 1181 qui
1218 1111 1381 1165 tertio
1410 1105 1805 1178 persecutionis
1848 1121 1991 1162 anno
2020 1104 2341 1174 martyrium

765 1205 1196 1265 consummavit,
1246 1201 1300 1256 in
1349 1202 1482 1256 urbe
1508 1199 1752 1256 Caesarea
1785 1198 1958 1254 sacris
2005 1196 2201 1251 litteris
2225 1210 2257 1248 a
2283 1211 2342 1250 se

765 1297 1048 1352 eruditum
1109 1295 1302 1350 fuisse.
1351 1293 1434 1348 Ab
1496 1309 1562 1348 eo
1615 1304 1857 1364 tempore
1913 1289 2182 1344 Eusebius
2215 1304 2338 1343 cum

765 1388 1055 1459 Pamphilo
1089 1401 1305 1459 semper
1340 1384 1790 1456 conjunctissime
1819 1384 1974 1445 vixit,
2001 1382 2227 1452 ejusque
2257 1379 2341 1434 in-

760 1475 815 1528 di
831 1475 1028 1533 viduus
1063 1491 1248 1531 comes
1274 1475 1343 1530 ad
1365 1485 1597 1530 mortem
1628 1489 1801 1543 usque
1829 1473 2129 1543 permansit
2159 1490 2173 1527 :
2203 1470 2339 1525 adeo

772 1566 876 1635 ipsi
904 1566 1126 1629 cbarus,
1164 1575 1223 1619 ut
1253 1565 1320 1620 ab
1343 1565 1463 1634 ejus
1496 1563 1741 1618 amicitia
1771 1571 2188 1634 cognomentum
2219 1576 2340 1616 sor-

769 1658 904 1714 titus
954 1659 1025 1714 sit
1074 1656 1361 1725 Pamphili.
1403 1654 1513 1710 Nec
1562 1669 1691 1710 vero
1731 1656 1906 1710 solum
1964 1655 2334 1724 superstitem,

768 1748 866 1803 sed
906 1749 1068 1803 etiam
1104 1756 1376 1802 mortuum
1421 1747 1682 1818 singulari
1713 1761 1898 1801 amore
1937 1746 2126 1801 dilexit
2169 1744 2337 1800 Euse-

658 1829 682 1856 ”
766 1841 892 1897 bius
924 1861 937 1895 :
973 1842 1050 1896 ita
1079 1851 1138 1895 ut
1169 1849 1292 1911 post
1325 1851 1553 1896 mortem
1592 1840 1878 1911 Pamphili,
1910 1855 2125 1909 semper
2152 1839 2221 1894 de
2244 1837 2337 1892 illo

767 1931 1318 1990 honoriﬁcentissime
1359 1934 1525 1988 simul
1581 1942 1634 1988 et
1672 1932 2045 1987 amantissime
2089 1933 2336 2000 loquere-

766 2030 876 2079 tur.
903 2020 1201 2080 Testantur
1232 2023 1336 2079 hoc
1368 2032 1482 2079 tres
1508 2023 1632 2078 libri
1653 2021 1728 2077 De
1767 2021 1888 2076 Vita
1916 2020 2180 2090 Pamphili
2200 2038 2338 2075 mar-

766 2115 903 2187 tyris
937 2116 1009 2172 ab
1051 2131 1119 2173 eo
1146 2115 1463 2187 conscripti,
1511 2129 1651 2186 quos
1697 2114 2132 2187 elegantissimos
2177 2121 2336 2169 vocat

765 2206 1152 2279 Hieronymus.
1183 2207 1328 2264 Idem
1359 2211 1522 2264 etiam
1547 2208 1822 2279 colligitur
1839 2223 1902 2264 ex
1927 2207 2174 2279 pluribus
2199 2208 2336 2263 locis

763 2297 859 2368 qui
907 2298 962 2352 in
1021 2296 1271 2353 Historia
1315 2298 1676 2352 ecclesiastica
1702 2299 1974 2369 leguntur,
2017 2304 2074 2353 et
2107 2296 2162 2351 in
2194 2296 2335 2351 libro

764 2392 844 2445 De
881 2391 1204 2462 amyribus
1261 2389 1588 2446 Palaestinae.
1625 2389 1867 2460 Denique
1897 2390 1951 2443 in
1997 2389 2136 2444 libro
2165 2404 2202 2442 ιι
2237 2388 2331 2442 ad-

763 2498 942 2538 eersus
971 2480 1288 2550 Sabellium,
1323 2485 1418 2554 qui
1461 2491 1586 2554 post
1621 2481 1898 2536 Nicmnum
1936 2481 2231 2536 concilium
2264 2481 2334 2535 ab

761 2573 1000 2633 Eusebio
1055 2577 1405 2648 conscriptus
1465 2583 1582 2640 est,
1634 2573 1975 2645 Pamphilum
2035 2582 2329 2645 martyrem

760 2667 1076 2739 frequenter
1103 2669 1386 2740 prmdicat,
1420 2682 1732 2739 quanquam
1752 2682 2048 2738 suppresso
2073 2667 2194 2737 ejus
2226 2681 2331 2722 no-

759 2759 929 2815 mine.
974 2756 1111 2813 Nam
1138 2765 1195 2814 et
1231 2759 1288 2814 in
1323 2759 1443 2831 ipso
1483 2759 1748 2816 orationis
1775 2759 2000 2815 exordio
2040 2760 2114 2813 ita
2150 2758 2284 2814 dicit
2313 2777 2360 2813 :-

761 2847 904 2905 Puto
929 2847 1102 2904 adhuc
1128 2866 1282 2906 aures
1311 2850 1539 2921 obstrepi
1568 2868 1710 2907 meas
1741 2869 1774 2904 a
1808 2852 2062 2906 memoria
2093 2851 2231 2906 beati
2264 2853 2331 2905 il-

759 2941 868 2997 lius
903 2941 1024 3007 uiri,
1066 2943 1158 3015 qui
1186 2942 1286 2996 illa
1321 2945 1570 3014 religiosa
1600 2944 1897 3015 frequenter
1925 2959 2051 2998 usus
2083 2953 2162 2998 est
2190 2959 2326 2998 voce.

756 3018 906 3090 Nam
936 3042 988 3091 et
1015 3051 1170 3092 aures
1207 3045 1394 3092 uestra:
1432 3037 1606 3090 adhuc
1646 3053 1833 3092 sonum
1864 3036 2011 3091 illius
2039 3037 2172 3090 vocis
2206 3036 2331 3090 reti-

755 3141 899 3186 nent.
929 3127 1070 3184 Puto
1096 3130 1237 3184 enim
1276 3147 1358 3185 me
1383 3132 1569 3185 audire
1597 3148 1714 3184 eum
1742 3130 1995 3185 dicentem
2016 3147 2034 3184 :
2084 3150 2103 3181 ι
2141 3128 2331 3201 linige-

2448 631 2684 684 amicitia
2731 639 3013 699 tantopere
3043 630 3326 701 gloriatur,
3361 647 3636 701 nunquam
3668 641 3852 687 tamen
3886 647 4013 702 pro-

2444 725 2706 794 pinquum
2727 733 2820 776 aut
2849 722 3058 778 aﬂinem
3077 739 3238 778 suum
3266 731 3446 778 vocat.
3463 723 3576 778 lmo
3603 739 3732 778 vero
3751 740 3817 778 ex
3837 725 4014 794 ipsius

2444 816 2664 872 Eusebii
2711 818 3024 872 testimonio
3069 814 3356 870 manifeste
3404 815 3721 879 coniicitur,
3759 815 4010 884 Pamphi-

2445 909 2554 963 lum
2585 919 2875 980 martyrem
2899 907 3114 962 Eusebii
3145 908 3506 978 propinquum
3528 924 3634 962 non
3660 907 3847 962 fuisse.
3874 905 4008 961 Nam

2444 1004 2499 1056 in
2532 1003 2636 1057 line
2666 1002 2788 1056 libri
2820 1017 2895 1055 vu
2946 999 3203 1054 Historia:
3230 1001 3617 1065 ecclesiastica:
3651 1000 3744 1053 ubi
3775 1000 3840 1053 de
3871 1000 4012 1069 Aga-

2442 1094 2802 1167 pio_Ecclesia:
2816 1093 3168 1150 Caesariensis
3187 1096 3445 1164 epise0po
3470 1094 3631 1148 verba
3657 1093 3808 1158 facit",
3835 1093 3910 1146 ita
3937 1094 4011 1147 lo-

2441 1190 2627 1258 quitur
2659 1208 2672 1242 :
2704 1188 2880 1256 Hujus
2926 1198 3152 1257 tempore
3195 1187 3528 1255 Pamphilum
3564 1187 3732 1239 cirum
3767 1185 4011 1240 disertis-

2440 1281 2655 1346 simum,
2690 1281 2897 1351 vitaque
2923 1292 2974 1335 et
3011 1281 3250 1348 operibus
3287 1297 3400 1334 rere
3437 1278 3886 1349 philosophantem
3920 1293 4012 1330 eoo

2439 1372 2707 1442 gnovimus
2723 1387 2743 1435 ;
2775 1374 2827 1426 il
2854 1372 3034 1427 eadem
3063 1371 3300 1427 Ecclesia
3325 1372 3612 1441 presbyteri
3637 1373 3830 1425 honore
3858 1371 4012 1423 deco-

2440 1472 2638 1518 ratum.
2663 1463 2800 1520 Cum
2832 1465 2997 1534 igitur
3026 1463 3296 1520 Eusebius
3326 1465 3440 1534 ipse
3464 1471 3714 1526 testetur,
3742 1478 3773 1516 a
3800 1479 3859 1517 se
3881 1471 4012 1519 tunc

2441 1558 2674 1628 primum
2709 1559 2986 1628 cognitum
3019 1573 3141 1614 esse
3189 1557 3552 1628 Pamphilum,
3606 1557 3742 1612 satis
3784 1560 4013 1626 apparet

2437 1651 2589 1705 nulla
2617 1650 3026 1708 necessitudine
3054 1659 3148 1706 aut
3186 1649 3444 1708 aﬂiuitate
3470 1665 3566 1707 eos
3596 1652 3738 1706 inter
3780 1665 3842 1705 se
3877 1663 4010 1704 con-

2434 1744 2654 1813 junctos
2686 1743 2876 1799 fuisse.

2510 1835 2615 1891 Per
2653 1836 2769 1892 haec
2812 1845 3056 1908 tempora
3083 1835 3313 1906 contigit
3345 1835 3667 1908 gravissima
3699 1834 3790 1888 illa
3819 1848 4010 1904 perse'

2440 1930 2587 1983 cutio
2636 1928 3106 1992 Christianorum,
3151 1944 3273 1999 quae
3303 1943 3336 1982 a
3379 1927 3715 1983 Diocletiano
3765 1928 4006 1996 primum

2437 2033 2615 2092 empta
2631 2062 2644 2086 ,
2673 2037 2704 2077 a
2729 2021 3083 2092 sequentibus
3102 2021 3360 2092 deinceps
3390 2021 3814 2090 imperatoribus
3829 2020 3898 2074 ad
3915 2019 4016 2075 de-

2435 2114 2635 2170 cimum
2657 2131 2828 2185 usque
2846 2129 3045 2168 annum
3065 2123 3354 2184 prorogata
3369 2112 3741 2185 est(a).Hujus
3757 2127 4012 2183 persecu-

2435 2208 2602 2263 tionis
2619 2215 2861 2278 tempore
2882 2207 3149 2262 Eusebius
3165 2215 3351 2276 utpote
3367 2205 3723 2262 Caesariensis
3749 2205 4013 2261 Ecclesiae

2437 2312 2565 2358 tunc
2588 2304 2888 2373 presbyter,
2913 2302 2968 2355 in
2995 2315 3058 2355 ea
3090 2300 3226 2354 urbe
3252 2307 3514 2370 perpetuo
3535 2297 3648 2353 fere
3683 2297 4011 2368 permansit,

2439 2405 2494 2452 et
2524 2395 2802 2450 continuis
2842 2394 3242 2448 hortationibus
3269 2394 3470 2447 multos
3491 2391 3556 2446 ad
3585 2391 4011 2462 martyriumin-

2434 2489 2653 2545 struxit.
2702 2488 2844 2544 later
2888 2503 3026 2557 quos
3081 2487 3182 2541 iuit
3228 2487 3584 2557 Apphianus,
3631 2485 3832 2540 nobilis
3879 2485 4014 2539 ado-

2434 2581 2674 2644 lescens,
2725 2581 2884 2649 cujus
2934 2581 3146 2636 illustre
3197 2588 3473 2634 certamen
3515 2577 3684 2631 refert
3736 2575 4011 2643 Eusebius

2431 2682 2615 2728 noster
2663 2675 2719 2728 in
2751 2673 2890 2728 libro
2935 2671 3012 2726 De
3066 2670 3391 2742 martyribus
3434 2667 3762 2724 Palaestinae.
3805 2667 4018 2724 Eadem-

2430 2766 2810 2836 persecutione
2837 2777 3029 2836 captus
3060 2764 3374 2834 Pamphilus
3401 2773 3455 2819 et
3484 2763 3540 2817 in
3574 2776 3851 2818 carcerem
3884 2774 4013 2814 con-

2427 2861 2639 2931 jectus,
2679 2861 2952 2932 integrum
2990 2860 3267 2916 biennium
3309 2860 3365 2912 in
3389 2857 3623 2913 vinculis
3661 2855 3864 2924 exegit.
3890 2851 4012 2919 Quo

2429 2953 2651 3022 quidem
2708 2960 2953 3023 tempore
3009 2950 3276 3006 Eusebius
3331 2948 3564 3002 amicum
3609 2953 3666 3001 et
3693 2945 4008 3000 contuber-

2430 3045 2610 3099 nalem
2655 3059 2814 3100 suum
2858 3057 3203 3113 nequaquam
3247 3039 3490 3095 deseruit
3535 3057 3548 3092 :
3590 3037 3686 3093 sed
3721 3037 3876 3090 illum
3926 3036 4011 3094 in»

2432 3139 2616 3193 visens
2645 3135 2894 3200 assidue,
2927 3136 3167 3208 quinque
3197 3134 3365 3189 libros
3394 3131 3727 3200 Defensionis
3763 3127 4018 3200 Origenis

755 3223 899 3278 nitus
917 3221 1012 3277 Dei
1039 3220 1278 3279 Filius.)
1298 3222 1428 3279 Haec
1453 3225 1593 3280 enim
1623 3226 1868 3296 religiosa
1899 3222 1998 3281 vos:
2023 3240 2115 3294 per
2134 3241 2191 3279 os
2217 3224 2332 3292 ejus
2359 3234 2402 3292 ε
2435 3227 2510 3297 in;
2544 3240 2763 3282 carcere
2809 3240 2918 3281 una
2966 3243 3089 3281 cum
3121 3227 3215 3280 illo
3241 3223 3576 3290 elaboravit;
3619 3229 3834 3278 sextum
3881 3235 4010 3276 vero

754 3329 957 3384 semper
984 3315 1343 3386 promebatur.
1377 3316 1637 3372 Memoria
1663 3320 1799 3372 enim
1821 3328 1935 3372 erat
1971 3316 2236 3386 Unigenili
2264 3315 2332 3368 ad

753 3407 981 3479 gloriam
1007 3426 1113 3464 non
1153 3412 1268 3465 nati
1296 3409 1512 3482 Patris,
1543 3411 1853 3466 Audiuimus
1899 3423 2073 3466 autem
2103 3409 2331 3479 Aposto-

753 3499 865 3555 lum
911 3502 1299 3571 pra'cipientem
1352 3503 1604 3558 honorari
1651 3505 1851 3573 duplici
1906 3505 2102 3559 honore
2149 3503 2332 3558 debere

754 3591 1112 3663 presbyteros,
1153 3609 1242 3649 eos
1291 3596 1520 3653 maxime
1572 3597 1662 3668 qui
1693 3596 1938 3652 laborant
1988 3598 2042 3651 in
2097 3596 2247 3651 verbo
2280 3605 2329 3650 et
2365 3641 2372 3652 .

753 3684 1023 3740 doctrina.
1077 3683 1145 3741 Et
1194 3701 1317 3759 pag.
1369 3686 1440 3742 29
1493 3689 1689 3745 iterum
1724 3688 1792 3744 de
1835 3704 1902 3745 eo
1951 3689 2023 3743 ita
2049 3689 2328 3758 loquitur:

755 3775 888 3832 Ila'c
942 3793 1047 3832 non
1078 3792 1172 3832 nos
1219 3778 1498 3843 extollunt,
1554 3779 1807 3834 memoria
1827 3778 1973 3841 beati
2019 3778 2165 3833 illius
2210 3779 2328 3833 uiri.

760 3868 979 3924 Utinam
1012 3881 1186 3926 autem
1209 3873 1287 3928 ita
1306 3872 1506 3942 possim
1532 3873 1725 3939 dicere,
1755 3883 1813 3928 ut
1834 3872 2103 3929 vobiscum
2131 3889 2333 3941 semper

754 3963 822 4018 ab
839 3965 1020 4019 eodem
1042 3965 1343 4022 audiebam.
1377 3965 1482 4022 Sed
1497 3983 1560 4022 ea
1595 3983 1714 4038 qua:
1773 3984 1912 4022 nunc
1937 3967 2205 4031 dicuntur,
2247 3968 2330 4020 illi

753 4056 954 4127 placita
994 4058 1166 4125 fuisse
1219 4059 1480 4116 videntur.
1513 4059 1699 4115 Gloria
1741 4063 1882 4116 enim
1918 4071 1996 4116 est
2045 4065 2331 4131 proborum

752 4166 1040 4219 servorum,
1095 4169 1216 4207 eera
1259 4152 1324 4207 de
1376 4153 1600 4209 Domino
1643 4154 1846 4217 dicere;
1877 4163 1928 4210 et
1955 4155 2120 4210 honor
2149 4172 2332 4210 eorum

753 4240 982 4298 Patrum
1009 4245 1100 4314 qui
1125 4243 1250 4299 bene
1283 4243 1595 4313 docuerunt,
1623 4247 1672 4301 si
1695 4255 1998 4316 repetantur
2024 4263 2207 4300 eorum
2233 4248 2330 4300 do-

753 4335 958 4392 ctrina.
993 4335 1060 4390 Et
1086 4353 1282 4395 rursus
1307 4337 1580 4394 ineodem
1605 4338 1763 4404 libro,
1787 4355 1911 4412 pag.
1930 4337 2000 4394 57
2024 4358 2039 4395 :
2076 4337 2206 4394 Ha'c
2231 4355 2330 4392 au-

752 4427 1026 4484 diebamus
1054 4446 1256 4499 semper
1282 4447 1316 4485 a
1336 4429 1486 4486 beato
1513 4430 1608 4487 illo
1639 4434 1769 4494 viro.
1801 4430 1952 4502 Saepe
1981 4432 2119 4489 enim
2139 4432 2216 4486 ita
2244 4429 2331 4484 di-

753 4517 1006 4573 cebantur
1034 4519 1100 4574 ab
1130 4536 1214 4585 eo,
1266 4529 1326 4574 ut
1355 4520 1572 4591 quidam
1596 4523 1994 4592 suspicarentur
2011 4540 2100 4578 ore
2119 4520 2328 4594 quidem

2432 3326 2486 3375 et
2515 3317 2765 3374 ultimum
2805 3319 3050 3388 ejusdem
3085 3317 3267 3389 cperis
3301 3317 3502 3371 librum
3537 3322 3753 3370 mortuo
3784 3313 4010 3369 demum

2432 3412 2668 3467 absolvit
2694 3410 2998 3484 Pamphilo.
3029 3411 3226 3466 Totum
3260 3423 3392 3465 vero
3422 3408 3551 3463 illud
3585 3423 3758 3478 opus,
3789 3407 4009 3462 confes-

2433 3506 2650 3560 soribus
2690 3505 2745 3559 in
2774 3505 3007 3560 metallis
3045 3502 3346 3558 Palmstinaa
3375 3499 3700 3572 degentibus
3739 3499 3810 3554 ab
3835 3498 4016 3555 Euse-

2431 3595 2522 3651 bio
2549 3606 2603 3652 et
2641 3596 2926 3667 Pamphilo
2969 3603 3342 3665 nuncupatum
3386 3601 3500 3656 est,
3543 3590 4013 3663 quemadmodum

2431 3687 2620 3743 scribit
2645 3686 2875 3742 Photius
2913 3687 2968 3740 in
2998 3683 3352 3747 Bibliotheca,
3394 3682 3575 3752 capite
3601 3681 3723 3736 “8.
3743 3679 4009 3748 Ejusdem

2430 3781 2825 3852 persecutionis
2840 3787 3082 3848 tempore
3096 3817 3111 3843 ,
3138 3777 3209 3831 ob
3227 3774 3514 3846 quasdam,
3537 3782 3597 3830 ut
3615 3773 3880 3830 credibile
3899 3782 4008 3838 est.

2431 3871 2688 3928 Ecclesia:
2716 3870 3094 3935 necessitates,
3125 3869 3181 3923 in
3206 3867 3410 3940 Tyrum
3444 3865 3720 3938 proiectus
3747 3875 3850 3922 est.
3885 3865 4010 3932 Qua

2430 3963 2486 4018 in
2517 3966 2652 4019 urbe
2674 3963 2804 4027 dum
2837 3962 3086 4033 degeret,
3117 3961 3357 4032 quinque
3383 3956 3768 4030 Egyptiorum
3797 3967 4010 4031 marty-

2428 4073 2550 4112 rum
2579 4056 2816 4127 gloriosa
2846 4055 3145 4110 certamina
3173 4051 3272 4107 abs
3309 4066 3368 4106 se
3394 4050 3510 4105 visa
3538 4064 3662 4106 esse
3685 4056 3926 4105 testatur
3950 4050 4009 4106 in

2429 4149 2568 4204 libro
2593 4162 2721 4212 vin,
2756 4161 2878 4217 cap.
2914 4146 2966 4200 7.
3001 4143 3104 4199 Sed
3144 4152 3197 4199 et
3226 4145 3282 4197 in
3315 4141 3558 4213 ejusdem
3579 4141 3704 4197 libri
3725 4155 3849 4212 cap.
3867 4141 3926 4210 9,
3950 4156 4010 4197 se

2429 4240 2484 4295 in
2506 4238 2797 4311 Egyptum
2821 4253 2885 4292 ac
2903 4236 3232 4292 Thebaidem
3253 4236 3469 4290 venisse
3485 4235 3700 4299 scribit,
3715 4245 4014 4306 grassante

2428 4333 2609 4389 adhuc
2645 4330 3044 4402 persecutionis
3089 4330 3314 4394 lurore;
3349 4333 3512 4398 atque
3543 4327 3654 4382 illic
3699 4327 4007 4383 multorum

2427 4425 2715 4496 utriusque
2733 4440 2812 4480 se:
2833 4439 2898 4479 us
2921 4431 3216 4494 martyrum
3240 4419 3614 4476 admirabilem
3631 4420 4009 4476 constantiam

2429 4519 2604 4574 oculis
2635 4518 2752 4574 suis
2778 4515 3152 4586 conspexisse.
3202 4512 3343 4568 Sunt
3382 4514 3475 4584 qui
3521 4511 3801 4578 scribant,
3832 4508 4010 4568 Euse-

750 4627 870 4667 eum
896 4611 1005 4666 ista
1029 4611 1285 4681 proferre,
1317 4612 1476 4668 corde
1505 4621 1682 4668 autem
1709 4614 1866 4669 aliter
1892 4611 2096 4670 habere.
2121 4613 2192 4668 Et
2211 4616 2327 4684 qui-
2359 4597 2406 4651 Ῑ)
2435 4611 2582 4668 bium
2624 4612 2678 4666 in
2711 4625 2775 4666 ea
2807 4609 3184 4680 persecutione
3211 4613 3272 4662 ut
3299 4603 3535 4660 carceris
3566 4603 3836 4658 molestiis
3868 4604 4010 4659 libb

661 4737 663 4740 ‹
747 4706 869 4760 dem
891 4721 1090 4759 memor
1114 4706 1256 4762 vobis
1281 4724 1420 4775 sum,
1446 4706 1710 4763 audivisse
1734 4721 1816 4762 me
1839 4706 1906 4760 ab
1931 4725 1992 4764 eo
2019 4717 2204 4763 sancto
2231 4724 2328 4762 no-

751 4797 831 4851 bis
859 4797 1166 4866 juramenlo
1201 4799 1540 4866 satisfecisse,
1566 4800 1692 4870 quia
1729 4816 1834 4854 non
1863 4799 2012 4853 aliud
2040 4801 2095 4854 in
2123 4801 2323 4870 lingua,

747 4897 801 4945 et
827 4888 977 4945 aliud
1003 4899 1138 4947 esset
1169 4891 1225 4944 in
1254 4891 1410 4946 corde
1428 4892 1564 4959 eius.
1588 4891 1653 4946 Et
1675 4892 1836 4962 paulo
1857 4900 1982 4962 post
2017 4912 2028 4946 :
2056 4892 2160 4948 Sed
2189 4911 2326 4948 nunc

747 4980 956 5052 quidem
985 4987 1172 5052 paucis
1204 4984 1266 5036 ob
1296 4984 1601 5037 memoriam
1622 4994 1671 5037 et
1702 4984 1950 5038 honorem
1976 4981 2155 5038 Patris
2178 4983 2324 5040 illius

748 5077 940 5139 nostri,
975 5076 1051 5130 ita
1086 5075 1232 5140 boni,
1280 5077 1358 5131 ita
1392 5076 1667 5140 laboriosi,
1699 5087 1748 5132 et
1774 5093 1871 5144 pro
1901 5077 2154 5132 Ecclesiis
2207 5080 2325 5132 ubi-

743 5183 844 5239 que
885 5167 1153 5237 vigilantis
1189 5167 1334 5221 dicta
1364 5168 1469 5222 sint
1520 5167 1688 5223 nobis.
1731 5167 1913 5239 Neque
1941 5168 2078 5222 enim
2117 5170 2323 5238 generis

743 5259 859 5329 ejus
887 5260 1197 5338 memoriam
1233 5259 1476 5330 fecimus,
1512 5276 1672 5329 neque
1696 5259 2046 5325 educationis,
2080 5271 2170 5314 aut
2198 5279 2321 5314 eru-

743 5350 984 5413 ditionis,
1021 5362 1110 5405 aut
1137 5352 1356 5408 alterius
1389 5353 1509 5417 vita:
1533 5363 1582 5407 et
1610 5354 1882 5422 propositi.
1920 5353 2069 5421 Quos
2103 5353 2320 5424 quidem

748 5441 968 5498 Eusebii
990 5442 1139 5498 locos
1171 5459 1240 5498 nc
1285 5460 1444 5514 quem
1479 5459 1576 5498 sua
1621 5444 1777 5499 laude
1807 5445 2145 5510 defraudem,
2181 5445 2322 5499 indi-

744 5536 890 5589 cavit
925 5536 1057 5591 mihi
1088 5535 1171 5591 vir
1193 5536 1547 5594 doctissimus
1576 5535 1908 5593 Franciscus
1930 5538 2178 5609 Ogerius.
2206 5538 2322 5593 Ca:-

746 5633 922 5680 terum
953 5643 1020 5684 ex
1071 5629 1156 5684 his
1204 5645 1325 5700 qua:
1375 5630 1485 5686 dixi
1522 5631 1658 5687 satis
1687 5630 1981 5704 colligitur,
2024 5632 2320 5687 Eusebium

747 5719 897 5772 nul-lo
927 5721 1352 5794 propinquitatis
1378 5724 1523 5795 jure,
1558 5725 1655 5782 sed
1676 5733 1890 5781 tantum
1921 5727 2174 5781 amicitia:
2198 5727 2320 5778 vin-

741 5814 870 5871 culo
898 5827 1023 5868 cum
1061 5812 1345 5886 Pamphilo
1377 5819 1743 5890 .conjunctum
1791 5818 1980 5877 fuisse.
2020 5820 2179 5874 Certe
2210 5817 2321 5874 Eu-

2431 4716 2677 4769 rarctur,
2709 4703 2872 4759 idolis
2914 4700 3283 4769 sacriﬁcasse;
3311 4699 3474 4768 idque
3501 4696 3577 4751 illi
3607 4695 3886 4767 objectum
3920 4706 4012 4753 est

2429 4798 2500 4852 ab
2533 4796 2806 4867 episcopis
2845 4801 2901 4849 et
2938 4791 3350 4848 confessoribus
3378 4787 3649 4861 Egyptiis
3689 4788 3746 4844 in
3790 4789 4010 4861 synodo

2429 4889 2623 4963 Tyria.
2653 4898 2709 4944 ut
2738 4887 2880 4944 infra
2923 4883 3490 4942 commemorabimus.
3529 4878 3635 4936 Sed
3668 4896 3780 4936 non
3812 4881 4010 4937 dubito

2429 4985 2559 5054 quin
2583 4983 2633 5037 id
2660 4981 2854 5037 falsum
2885 4980 2956 5034 sit
2984 4986 3039 5033 et
3069 4977 3137 5032 ab
3179 4974 3416 5032 inimicis
3435 4973 3656 5030 Eusebii
3679 4974 4007 5029 conﬁctam.

2427 5075 2561 5128 Nam
2591 5072 2638 5126 si
2668 5079 2880 5126 tantum
2911 5070 3121 5124 crimen
3149 5081 3336 5122 revera
3368 5065 3668 5148 admissum
3699 5066 3894 5122 luisset
3938 5067 4010 5122 ab

2430 5168 2663 5223 Eusebio
2681 5204 2697 5231 ,
2733 5162 3007 5235 quomodo
3032 5159 3388 5217 Caesariensis
3412 5157 3670 5214 Ecclesiae
3691 5166 3883 5228 postea
3922 5159 4010 5215 fa-

2427 5271 2546 5318 ctus
2576 5261 2767 5316 fuisset
2792 5256 3113 5328 episcopus?
3132 5252 3414 5322 Quomodo
3441 5253 3509 5308 ab
3537 5252 3904 5308 Antiochenis
3937 5255 4006 5308 ad

2426 5352 2833 5423 suscipiendum
2890 5349 3036 5404 illius
3083 5348 3236 5401 urbis
3295 5345 3662 5401 sacerdotium
3701 5344 4012 5402 evocatus!
4052 5395 4056 5401 .

2425 5448 2490 5503 Et
2530 5455 2710 5502 tamen
2760 5444 3054 5502 cardinalis
3093 5439 3360 5496 Baronius
3393 5439 3526 5494 illud
3570 5438 3731 5508 quasi
3787 5447 4009 5494 certum

2426 5548 2716 5608 ratumque
2759 5537 3023 5607 arripuit,
3069 5533 3213 5604 quod
3257 5531 3492 5588 Eusebio
3525 5543 3622 5602 per
3655 5529 3904 5601 iurgium
3953 5539 4010 5586 et

2425 5632 2832 5686 altercationem
2859 5629 3129 5699 objectum
3160 5634 3245 5682 est
3274 5627 3343 5682 ab
3363 5624 3484 5696 ejus
3509 5621 3864 5689 adversariis,
3901 5637 4026 5688 nec,

2424 5725 2590 5778 ullius
2625 5724 2936 5779 testimonio
2963 5721 3362 5775 conﬁrmatum.

2495 5819 2598 5874 Per
2645 5821 2784 5875 idem
2828 5826 3040 5888 tempus
3093 5814 3327 5885 scriptus
3358 5817 3443 5869 est
3479 5809 3548 5867 ab
3580 5807 3818 5866 Eusebio
3859 5805 4010 5864 liber

813 5930 889 5982 ml
916 5925 1179 5985 Eusebius
1206 5930 1261 5985 in
1285 5927 1523 6001 Epistola
1542 5930 1605 5986 ar!
1637 5932 1803 5989 Clum:
1820 5932 1997 5990 icui-rs
2019 5932 2087 5989 dc
2109 5933 2318 6002 synodo
2353 5933 2591 5994 Ficana.
