4196 6312
274 425 349 483 51

1678 498 1687 507 _
1781 432 2075 490 NOTlTlA.

3425 442 3494 498 58

276 546 532 602 adversus
565 542 878 599 Hieroclsm.
900 543 1132 601 Causam
1165 542 1431 599 scribendi
1465 545 1693 615 praebuit
1718 543 1843 600 llic-
1872 552 1918 608 Α
1944 546 2113 601 drinae
2155 546 2307 602 urbis
2337 546 2634 619 presbyter,
2664 562 2786 603 cum
2814 562 2950 603 nova
2979 551 3219 618 quaedam
3247 561 3300 608 et
3331 553 3493 626 impia

277 637 463 693 rocles
489 634 935 703 Nicomediensis,
966 638 1058 708 qui
1096 639 1197 693 sub
1239 638 1449 691 initium
1488 638 1607 706 ejus
1650 654 1833 707 perse-

276 728 522 783 cutionis
550 741 672 781 cum
702 726 1133 783 Christianorum
1153 728 1349 796 ubique
1366 729 1563 796 templa
1593 728 1840 784 destrue-

276 827 495 883 rentur,
545 826 752 874 vexatae
826 820 1073 889 religioni
1129 821 1285 889 quasi
1348 820 1651 885 insultans,
1700 820 1837 875 duos

275 909 546 965 adversus
590 909 748 964 fidem
797 909 996 965 Christi
1036 910 1091 964 in
1134 912 1268 965 urbe
1320 910 1627 966 Nicomedia
1674 912 1839 965 edidit

275 1000 472 1069 libros,
523 1017 659 1071 quos
690 1002 1043 1069 Φιλαλήθεις
1090 1003 1459 1073 inscripserat.
1514 1002 1571 1057 lu
1640 1003 1837 1071 quibus

276 1093 425 1150 inter
453 1101 645 1149 caetera
694 1093 746 1149 id
790 1095 1101 1159 asserebat,
1146 1094 1491 1163 Apollonium
1543 1093 1835 1165 Tyanaeum

274 1187 451 1240 multo
478 1188 631 1255 plura
658 1196 711 1241 et
739 1186 965 1256 majora
993 1185 1187 1241 fecisse
1225 1201 1391 1253 quam
1439 1186 1710 1240 Christum
1730 1225 1745 1246 .
1779 1192 1838 1238 ut

273 1284 511 1331 testatur
534 1277 845 1331 Lactantius
872 1278 924 1330 in
952 1276 1090 1330 libro
1110 1292 1207 1330 vn.
1233 1276 1336 1330 Sed
1368 1275 1635 1330 Eusebius
1666 1275 1838 1329 homi-

272 1382 403 1422 nem
448 1368 783 1439 despiciens,
818 1376 1107 1423 contentus
1144 1368 1247 1423 fuit
1292 1383 1416 1423 eum
1469 1368 1614 1422 brevi
1658 1367 1836 1421 libello

271 1456 580 1512 coitfutare.

348 1546 491 1602 Inter
507 1549 621 1603 haec
637 1556 854 1604 mortuo
875 1548 1101 1619 Agapio,
1121 1547 1535 1604 Caesariensium
1558 1548 1834 1617 episcopo.

272 1649 401 1690 cum
450 1639 758 1708 persecutio
802 1638 915 1707 jam
962 1638 1145 1693 sedata
1199 1646 1253 1694 et
1280 1652 1384 1707 pax
1436 1637 1647 1694 reddita
1691 1644 1837 1693 essu

268 1725 531 1782 Ecclesia:
554 1766 571 1793 ,
612 1728 880 1784 Eusebius
909 1729 1181 1783 communi
1214 1729 1455 1783 omnium
1484 1744 1752 1785 consensu
1782 1731 1833 1783 in

268 1817 395 1887 ejus
438 1817 616 1872 locum
658 1820 1026 1874 substituitur.
1076 1818 1181 1872 Alii
1235 1833 1603 1874 successorem
1640 1814 1835 1890 Agapii

266 1915 481 1978 ponunt
508 1908 810 1978 Agricolam
832 1948 847 1972 ,
874 1910 965 1978 qui
998 1908 1297 1979 Ancyranae
1344 1908 1549 1979 synodo
1592 1908 1836 1989 interfuit
1864 1960 1867 1963 .

266 2012 335 2051 ac
376 1998 734 2068 subscripsit,
781 2013 923 2053 anno
969 1998 1173 2053 Christi
1201 2000 1332 2055 514.
1364 1999 1443 2053 Ita
1485 1998 1749 2055 Baronius
1780 2001 1831 2053 in

262 2090 595 2153 Annalibus,
628 2090 694 2145 ad
734 2106 936 2145 annum
958 2090 1161 2145 Christi
1194 2092 1298 2147 5M
1317 2131 1332 2157 ,
1361 2100 1415 2147 et
1440 2091 1749 2147 Blondellus
1780 2092 1832 2148 in

263 2181 523 2251 Apologia
552 2198 645 2250 pro
672 2182 929 2236 sententia
960 2182 1029 2236 B.
1060 2181 1407 2252 Hieronymi,
1453 2197 1571 2252 cap.
1607 2182 1695 2237 l9.
1730 2181 1833 2237 Ubi

262 2269 559 2326 Eusebium
615 2286 759 2326 anno
803 2270 1007 2327 Christi
1052 2273 1270 2328 circiter
1312 2273 1451 2339 515,
1485 2273 1830 2328 administra-

259 2364 468 2416 tionem
501 2362 851 2419 Caesariensis
888 2362 1143 2419 Ecclesiae
1172 2375 1296 2434 post
1319 2371 1545 2419 mortem
1569 2366 1831 2436 Agricolae

260 2454 576 2525 suscepisse
602 2455 811 2511 scribit.
847 2453 1045 2514 Verum
1058 2456 1597 2529 subscriptionesillte
1618 2456 1831 2526 episco-

258 2562 459 2618 porum
502 2564 623 2618 qua:
651 2549 706 2603 iu
733 2547 942 2604 Latinis
965 2549 1247 2604 Canonum
1279 2536 1695 2604 collectionibus
1733 2550 1830 2602 ha-

261 2640 499 2705 bentur,
560 2656 753 2711 parum
809 2650 971 2697 certa:
1025 2643 1157 2697 mihi
1207 2642 1459 2698 videntur
1516 2656 1579 2695 ac
1637 2640 1821 2694 ﬁrmae.

262 2729 405 2786 Nam
442 2748 617 2801 neque
644 2734 697 2786 in
727 2731 931 2788 Graecis
958 2734 1260 2797 codicibus,
1288 2748 1387 2788 nec
1410 2734 1467 2787 in
1499 2731 1687 2787 Latina
1706 2748 1829 2784 ver-

263 2824 426 2879 sione
466 2823 705 2895 Dionysii
728 2823 920 2895 Exigui
945 2826 1215 2895 leguntur.
1242 2824 1445 2880 Deinde
1471 2823 1736 2878 Eusebius
1770 2822 1826 2875 in

258 2916 409 2971 libro
431 2930 505 2969 vn
538 2914 790 2971 Historia:
817 2917 1182 2971 ecclesiastica:
1208 2930 1501 2972 recensens
1529 2915 1825 2984 praecipua-

257 3021 390 3063 rum
410 3008 619 3064 sodium
663 3010 982 3080 episcopos,
1038 3011 1141 3065 sub
1178 3009 1376 3080 quibus
1413 3015 1532 3064 orta
1570 3014 1623 3063 et
1665 3022 1818 3078 gras-

212 3100 218 3104 ’
256 3111 387 3159 sata
421 3112 505 3160 est
526 3105 859 3174 persecutio,
891 3104 945 3158 in
989 3102 1192 3174 Agapio
1233 3101 1650 3158 Caesariensium
1696 3100 1813 3169 epi—

1869 1882 1908 1936 Β

1939 637 2006 691 de
2024 636 2114 691 Dei
2138 634 2275 691 Filio
2296 636 2544 709 dogmata
2570 639 2783 709 publice
2810 640 2865 693 in
2895 639 3135 699 Ecclesia
3160 646 3491 714 praedicaret,

1939 726 2093 781 etab
2136 727 2445 782 Alexandro
2496 731 2752 800 episcopo
2798 731 3109 802 frequenter
3153 736 3491 802 admonitus,

1937 815 2293 873 nihilominus
2325 819 2378 872 in
2430 819 2620 875 iisdem
2667 824 3058 879 assertionibus
3092 837 3492 895 perseveraret,

1937 906 2151 962 tandem
2179 924 2283 961 una
2315 925 2438 963 cum
2479 911 2681 965 erroris
2720 911 2803 965 sui
2837 914 2999 969 sociis
3034 915 3353 981 damnatus,
3386 921 3500 987 pol-

1939 1015 2139 1068 susque
2170 999 2407 1055 Ecclesia
2440 1002 2635 1056 fuerat.
2657 1003 2828 1069 Quam
2849 1005 3246 1061 damnationem
3271 1009 3496 1063 moleste

1939 1091 2148 1153 ferens,
2178 1092 2386 1148 litteras
2418 1109 2540 1148 cum
2585 1098 2830 1166 exemplo
2872 1097 2994 1152 ﬁdei
3042 1113 3152 1153 sum
3200 1099 3266 1153 ad
3307 1116 3495 1158 omnes

1938 1174 2237 1235 vicinarum
2265 1185 2477 1239 urbium
2514 1186 2799 1256 episcopos
2837 1190 2985 1243 misit
3017 1206 3030 1244 :
3071 1191 3266 1258 quibus
3304 1209 3496 1262 quere-

1938 1274 2097 1328 batur
2136 1275 2406 1330 immerito
2452 1291 2509 1330 se
2558 1277 2859 1347 depositum
2894 1281 2963 1334 ab
3002 1282 3339 1348 Alexandro,
3368 1300 3492 1341 cum

1935 1366 2121 1421 eadem
2152 1366 2266 1435 ipse
2292 1382 2411 1436 quae
2440 1370 2630 1439 reliqui
2663 1369 2896 1427 Orientis
2927 1375 3195 1429 antistites
3240 1378 3497 1445 praedica-

1936 1464 2038 1508 ret.
2060 1454 2156 1509 llis
2181 1458 2389 1514 artibus
2410 1459 2617 1529 decepti
2649 1462 2829 1529 plures
2857 1463 3117 1533 episcopi,
3143 1472 3196 1519 et
3224 1467 3291 1519 ab
3322 1466 3491 1523 Euse-

1935 1548 2033 1611 bio,
2054 1549 2448 1607 Nicomediensi
2478 1555 2708 1609 maxime
2730 1555 2955 1616 incitati,
2981 1558 3073 1625 qui
3106 1558 3217 1611 Arii
3246 1560 3499 1626 partibus

1936 1642 2110 1712 palam
2144 1642 2372 1707 favebat,
2403 1645 2611 1701 litteras
2639 1662 2737 1716 pro
2763 1648 2892 1701 Ario
2919 1650 3251 1718 scripserunt
3276 1651 3342 1704 ad
3369 1651 3491 1706 Ale-

1935 1738 2201 1791 xandrum
2232 1734 2605 1792 Alexandrinai
2633 1739 2784 1793 urbis
2814 1740 3132 1805 antistitem,
3175 1749 3393 1796 orantes
3431 1750 3489 1796 ut

1936 1824 2122 1879 Arium
2155 1826 2210 1880 in
2259 1828 2545 1897 pristinum
2593 1829 2770 1881 locum
2806 1831 3136 1886 restitueret.
3184 1831 3259 1885 Ex
3298 1848 3485 1887 eorum

1935 1932 2161 1972 numero
2216 1916 2317 1971 fuit
2370 1917 2633 1973 Eusebius
2686 1928 2905 1985 noster,
2957 1922 3116 1990 cujus
3169 1923 3359 1977 littera:
3421 1924 3489 1976 ad

1932 2007 2295 2061 Alexandrum
2328 2010 2543 2078 scripta:
2570 2017 2784 2064 exstant
2827 2011 2878 2064 in
2920 2012 3068 2067 Actis
3116 2015 3355 2082 septimae
3395 2030 3487 2083 sy-

1931 2100 2059 2153 nodi
2104 2102 2488 2165 (ecumenicre,
2528 2109 2582 2154 et
2630 2102 2770 2156 inter
2815 2112 3055 2157 veterum
3100 2106 3406 2162 testimonia
3455 2127 3485 2164 a

1930 2192 2087 2246 nobis
2122 2193 2307 2246 relatm
2341 2200 2489 2247 sunt.
2522 2193 2739 2248 Eusebii
2785 2195 3133 2253 Caesariensis
3177 2202 3480 2270 exemplum

1931 2297 2055 2335 mox
2088 2283 2259 2336 secuti
2288 2280 2603 2337 Theodotus
2628 2297 2690 2338 ac
2718 2282 2998 2349 Paulinus,
3022 2288 3156 2340 alter
3186 2288 3484 2355 Laodiceae,

1929 2375 2066 2428 alter
2120 2371 2408 2445 Tyriorum
2464 2374 2769 2443 episcopus,
2818 2391 2917 2445 pro
2970 2379 3313 2434 restitutione
3370 2382 3484 2436 Arii

1929 2466 2069 2535 apud
2105 2466 2467 2520 Alexandrum
2500 2466 2877 2520 intercessere.
2914 2471 3155 2532 Quorum
3200 2472 3485 2542 epistolas,

1929 2562 2115 2623 utpote
2147 2554 2499 2625 dogmatibus
2524 2556 2640 2610 suis
2667 2558 3091 2625 patrocinantcs,
3133 2575 3255 2615 cum
3288 2564 3491 2633 ubique

1926 2652 2227 2699 ostentaret
2259 2646 2443 2711 Arius,
2480 2654 2534 2699 et
2566 2654 2841 2699 tantorum
2875 2648 3114 2702 virorum
3159 2654 3484 2731 auctoritate

1893 2722 1901 2735 ”
1926 2737 2126 2790 multos
2188 2737 2245 2788 in
2315 2736 2629 2790 societatem
2696 2737 2900 2791 erroris
2964 2740 3046 2794 sui
3108 2722 3487 2811 pertraheret,

252 3210 431 3266 scopo
490 3196 715 3259 desinit,
775 3172 935 3264 qitem
975 3172 1057 3248 ait
1092 3172 1145 3247 in
1185 3208 1248 3248 ea
1286 3192 1667 3263 persecutione
1718 3206 1817 3261 pro
1854 3223 1898 3279 ε

255 3286 523 3343 Ecclesiae.
572 3302 683 3341 sua:
714 3284 1013 3340 commodis
1061 3284 1354 3354 plurimum
1403 3283 1697 3337 laborasse.
1731 3281 1829 3337 llic

248 3392 394 3449 ergo
419 3376 485 3431 ad
517 3375 677 3439 ﬁnem
710 3390 882 3444 usque
913 3372 1310 3443 persecutionis
1344 3370 1701 3440 permanserit
1734 3386 1828 3423 nc-

246 3484 415 3526 cesse
447 3475 551 3524 est.
584 3468 745 3537 Atqui
778 3465 1043 3533 Eusebius
1078 3465 1259 3520 statim
1294 3468 1418 3532 post
1460 3461 1617 3516 linem
1645 3476 1827 3529 perse—

245 3561 498 3620 cutionis
538 3561 718 3616 factus
766 3570 851 3615 est
884 3559 1196 3629 episcopus.
1242 3555 1377 3609 Nam
1411 3570 1530 3611 cum
1565 3553 1824 3608 Paulinus

237 3654 546 3727 episcOpus
566 3650 715 3727 Tyri,
740 3650 901 3720 paulo
922 3657 1040 3720 post
1068 3649 1332 3704 redditam
1357 3646 1613 3702 Ecclesia:
1638 3661 1823 3716 pacem

238 3744 535 3803 basilicam
565 3742 873 3807 dedicaret,
900 3743 966 3797 ad
995 3743 1115 3812 ejus
1135 3740 1529 3797 dedicationem
1561 3756 1668 3795 una
1697 3754 1819 3793 cum

238 3835 483 3905 reliquis
510 3833 782 3905 episcopis
803 3848 833 3885 a
855 3830 1083 3887 Paulino
1103 3840 1359 3912 evocatus
1387 3840 1503 3896 est,
1532 3840 1584 3885 et
1608 3832 1825 3902 elegan-

237 3926 523 3985 tissimam
557 3940 743 3980 coram
794 3912 886 3979 illo
918 3923 1103 3978 habuit
1130 3925 1465 3987 orationem,
1487 3922 1630 3979 sicut
1655 3923 1819 3979 disci-

237 4035 380 4077 mus
426 4034 490 4072 ex
537 4018 675 4072 libro
720 4032 757 4070 x
813 4014 1063 4068 Historiae
1111 4014 1496 4068 ecclesiasticm.
1542 4011 1598 4067 ld
1641 4024 1817 4068 autem

237 4111 485 4180 contigit
516 4120 803 4178 antequam
835 4106 1076 4162 Licinius
1106 4106 1367 4161 adversus
1404 4104 1817 4159 Constantinum

138 4199 144 4203 ⁷
236 4203 541 4261 rebellaret
563 4240 579 4261 ,
619 4202 766 4271 quod
799 4201 1000 4255 factum
1033 4206 1120 4255 est
1146 4214 1288 4253 anno
1316 4198 1522 4254 Natalis
1555 4198 1816 4251 Dominici

238 4294 385 4352 315.
409 4292 566 4348 Circa
603 4292 717 4347 hate
746 4300 988 4362 tempora
1018 4292 1286 4348 Eusebius
1320 4293 1562 4362 insignes
1592 4291 1714 4345 illos
1742 4289 1818 4342 De

233 4387 695 4443 demonstratione
721 4392 777 4440 et
804 4384 881 4439 De
904 4386 1289 4455 prwparatione
1315 4384 1611 4455 evangelica
1648 4384 1816 4439 libros

236 4480 609 4538 elucubravit.
634 4479 783 4545 Quos
816 4478 1036 4549 quidem
1065 4485 1189 4533 ante
1221 4478 1509 4534 concilium
1539 4477 1814 4532 Nicatnum

1924 2824 2229 2879 Alexander
2266 2833 2320 2878 et
2351 2825 2464 2894 ipse
2494 2835 2718 2880 coactus
2744 2837 2830 2882 est
2861 2828 2928 2882 ad
2964 2829 3203 2899 reliquos
3246 2830 3485 2887 Orientis

1922 2920 2207 2987 episcopos
2263 2917 2470 2972 litteras
2532 2920 2765 2984 mittere,
2828 2923 3028 2991 quibus
3080 2924 3257 2993 palam
3314 2924 3486 2990 ﬁeret,

1922 3010 2110 3063 Arium
2142 3024 2248 3062 una
2290 3025 2413 3063 cum
2454 3011 2616 3065 sociis
2656 3011 2781 3079 jure
2820 3013 3134 3068 damnatum
3177 3031 3241 3069 ac
3271 3020 3485 3085 deposi-

1925 3110 2037 3155 tum
2073 3101 2259 3156 fuisse.
2286 3092 2515 3156 Exstant
2540 3104 2700 3157 hodie
2733 3104 3024 3159 Alexandri
3054 3107 3296 3176 epistolae
3318 3107 3435 3161 dua:
3467 3128 3477 3159 :

1932 3196 2095 3251 altera
2145 3196 2209 3248 ad
2255 3195 2623 3249 Alexandrum
2661 3198 3320 3268 Constantinopolitanum
3368 3202 3481 3271 epi-

1930 3300 2176 3354 scopum,
2213 3286 2266 3337 in
2300 3300 2405 3354 qua
2449 3287 2698 3356 queritur
2729 3287 3030 3343 Alexander
3064 3290 3129 3344 de
3159 3290 3333 3345 tribus
3373 3293 3476 3361 epi-

1922 3377 2108 3447 scopis
2135 3376 2323 3447 Syriaa,
2350 3377 2440 3446 qui
2473 3377 2601 3430 Ario
2628 3379 3050 3445 consentientes,
3077 3384 3479 3436 contentionem

1924 3484 2086 3537 quam
2120 3469 2311 3524 sedare
2338 3469 2517 3538 potius
2554 3470 2889 3532 debuissent,
2924 3472 3095 3540 magis
3127 3488 3287 3540 quam
3323 3482 3478 3527 antea

1924 3559 2407 3615 inﬂammaverant.
2444 3558 2510 3612 lli
2565 3568 2692 3615 sunt
2724 3558 3009 3627 Eusebius,
3057 3560 3369 3618 Theodotus
3418 3581 3480 3617 ac

1922 3651 2204 3729 Paulinus,
2237 3652 2381 3707 sicut
2408 3668 2473 3707 ex
2497 3650 2609 3706 Arii
2632 3654 2864 3722 epistola
2891 3655 2955 3707 ad
2982 3654 3274 3708 Eusebium
3315 3656 3477 3709 Νἱουρ

1923 3746 2256 3802 mediensem
2288 3745 2492 3814 scripta
2528 3745 2654 3798 licet
2674 3746 2948 3814 colligere.
2981 3746 3218 3799 Alteram
3245 3748 3479 3801 Alexan-

1921 3836 2003 3891 dri
2027 3836 2314 3906 epistolam
2347 3834 2415 3890 ad
2448 3850 2636 3889 omnes
2662 3834 2862 3904 ubique
2893 3845 3159 3890 terrarum
3194 3838 3478 3906 epiSCOpos

1920 3927 2101 3981 datam
2129 3925 2297 3979 refert
2325 3923 2665 3991 Socrates‘in
2699 3924 2836 3977 libro
2860 3940 2896 3976 1.
2926 3923 3023 3978 llis
3060 3925 3350 3979 Alexandri
3391 3927 3479 3979 lit-

1918 4015 2052 4070 teris
2084 4029 2218 4083 pene
2251 4027 2439 4068 omnes
2462 4010 2699 4067 Orientis
2728 4013 3168 4081 subscripserunt
3201 4018 3435 4084 episc0pi
3461 4036 3472 4069 :

1917 4105 2055 4159 inter
2083 4119 2219 4173 quos
2251 4103 2550 4173 principem
2581 4101 2755 4155 locum
2786 4103 3101 4156 oblinebant
3129 4104 3480 4174 Philogonius

1917 4194 2235 4257 Antiochiaa,
2275 4194 2592 4250 Eustathius
2632 4193 2864 4248 Berroeae
2890 4202 2942 4247 et
2985 4192 3253 4249 Macarius
3286 4195 3465 4249 Hiero-

1917 4289 2249 4359 solymorum
2274 4287 2563 4343 antistites.
2593 4287 2844 4357 Episcopi
2870 4302 2998 4340 vero
3031 4288 3106 4341 illi
3137 4288 3230 4357 qui
3261 4288 3329 4341 ab
3357 4288 3471 4341 Arii

1916 4382 2167 4450 partibus
2200 4388 2347 4433 stare
2386 4379 2731 4441 videbantur,
2767 4394 2887 4432 cum
2940 4378 3228 4432 Alexandri
3276 4378 3481 4430 litteris

1920 4488 1978 4527 se
2015 4472 2336 4542 perstrictos
2370 4469 2636 4535 viderent,
2670 4472 2851 4526 acrius
2895 4470 3065 4524 multo
3098 4484 3163 4523 ac
3186 4469 3473 4522 vehemen-

236 4572 490 4643 ocriptos
508 4572 676 4629 fuisse
695 4577 929 4633 constat,
953 4586 1075 4627 cum
1099 4572 1155 4625 in
1186 4570 1423 4626 Historia
1444 4571 1814 4633 ecclesiastica,
1848 4568 1891 4621 D
1923 4567 2030 4619 tius
2059 4566 2111 4618 in
2146 4562 2517 4619 defensionem
2559 4564 2673 4617 Arii
2706 4564 3001 4617 incubuere
3032 4563 3345 4632 :.pr;ecipue
3376 4576 3473 4614 au-

227 4681 371 4739 quae
416 4672 539 4721 ante
581 4665 714 4721 illud
757 4664 1047 4719 concilium
1082 4665 1148 4717 ab
1179 4664 1414 4719 Eusebio
1451 4665 1654 4732 scripta
1696 4672 1813 4727 est,

225 4756 567 4816 nominatim
596 4747 855 4819 citentur,
881 4754 1336 4826 quemadmodum
1372 4758 1426 4810 in
1453 4754 1816 4810 adnotationi-

226 4851 350 4908 bus
381 4849 736 4904 ostendimus.
769 4846 980 4917 Interea
1022 4845 1264 4905 Licinius
1286 4889 1300 4913 ,
1336 4848 1426 4918 qui
1474 4848 1529 4902 in
1576 4848 1814 4902 Orientis

225 4939 494 5014 partibus
557 4936 967 5012 Rempublicam
1024 4936 1479 5002 administrabat,
1534 4939 1814 5008 repentino

224 5033 431 5090 lurore
464 5032 720 5085 incitatus
751 5029 1094 5089 Christianos
1126 5031 1373 5101 persequi
1404 5032 1600 5100 cmpit,
1632 5030 1817 5101 praeci-

224 5141 351 5198 pue
389 5138 515 5181 vero
538 5123 831 5187 antistites,
856 5116 995 5193 quos
1018 5124 1376 5180 Constantino
1409 5122 1580 5191 magis
1608 5122 1807 5186 favere,

220 5219 291 5271 et
324 5228 428 5283 pro
449 5212 539 5267 illo
566 5219 690 5267 vota
730 5213 908 5269 facere
937 5214 1335 5283 suspicabatur.
1364 5212 1469 5267 Sed
1501 5212 1810 5271 Constanti-

220 5321 374 5371 nus,
405 5316 655 5377 suscepta
689 5304 948 5364 adversus
975 5307 1240 5363 Licinium
1268 5306 1627 5376 expeditione,
1660 5306 1809 5360 brevi

220 5396 400 5454 illum
425 5395 636 5451 duobus
660 5396 865 5465 prmliis
889 5406 1029 5452 terra
1057 5398 1300 5467 marique
1322 5397 1520 5450 victum
1554 5396 1619 5450 ad
1657 5395 1808 5449 dedi-

214 5489 445 5544 tionem
487 5486 769 5557 compulit.
805 5485 980 5557 Atque
1020 5490 1093 5543 ita
1120 5488 1447 5543 Christianis
1493 5488 1548 5541 in
1589 5486 1808 5541 Oriente

218 5578 565 5651 degentibus
614 5595 720 5650 pax
766 5594 863 5649 per
906 5578 1322 5636 Constantinum
1370 5581 1548 5636 denuo
1596 5582 1807 5635 reddita

219 5678 348 5729 est.

310 5758 518 5816 Verum
536 5761 677 5838 inter
696 5762 842 5832 ipsos
858 5760 1197 5818 Christianos
1216 5764 1371 5838 longe
1384 5763 1601 5833 gravior
1614 5762 1801 5817 eodem

218 5861 490 5921 tempore
519 5836 787 5910 tumultus
810 5856 1031 5913 exarsit.
1066 5836 1325 5927 Namque
1349 5857 1542 5920 Arius,
1572 5855 1802 5910 Alexan-

1919 4663 2025 4711 tem
2058 4652 2502 4731 Nicomediensis
2549 4654 2833 4707 Eusebius.
2876 4651 3070 4709 Noster
3103 4652 3246 4706 enim
3292 4650 3476 4703 (Stesa-

1916 4748 2115 4803 riensis
2156 4747 2442 4810 Eusebius,
2476 4762 2582 4800 una
2625 4760 2748 4799 cum
2782 4742 3094 4813 Patrophilo
3127 4758 3189 4795 ac
3223 4740 3475 4801 Paulino,

1915 4840 2145 4909 aliisque
2200 4840 2371 4910 Syria:
2417 4837 2690 4907 episcopis
2747 4835 2801 4890 id
2845 4844 3050 4890 tantum
3100 4834 3357 4894 decrevit,
3414 4840 3472 4883 ut

1913 4932 2043 4986 Ario
2081 4932 2393 5002 presbytero
2449 4936 2749 4983 conventus
2797 4929 2851 4981 in
2892 4927 3122 4980 ecclesia
3174 4938 3269 4980 sua
3311 4939 3478 4994 agere

1915 5025 2137 5091 liceret;
2171 5025 2449 5092 subjectus
2482 5029 2661 5076 tamen
2693 5021 2829 5075 idem
2854 5031 2997 5073 esset
3023 5017 3325 5072 Alexandro
3355 5018 3471 5085 epi-

1911 5129 2098 5184 scopo,
2132 5116 2201 5167 ab
2228 5128 2400 5181 eoque
2431 5110 2694 5183 ﬂagitaret
2734 5117 2792 5162 ut
2830 5107 2896 5160 ad
2934 5123 3119 5178 pacem
3147 5112 3199 5159 et
3220 5121 3467 5158 commu-

1913 5208 2127 5259 nionem
2169 5205 2565 5258 admitteretur.
2606 5201 2685 5254 Ad
2716 5201 2861 5253 hunc
2904 5198 3119 5251 modum
3150 5195 3465 5249 dissidenti-

1914 5300 2015 5354 bus
2048 5298 2190 5351 inter
2224 5312 2283 5351 se
2314 5296 2608 5367 episc0pis,
2642 5304 2695 5348 et
2725 5294 2809 5347 his
2851 5288 3166 5349 Alexandri,
3214 5286 3321 5340 illis
3351 5287 3469 5339 Arii

1910 5398 2093 5462 partes
2123 5389 2454 5453 foventibus,
2494 5385 2770 5442 cd‘ntentio
2803 5399 2966 5454 supra
2994 5380 3210 5434 modum
3240 5393 3467 5447 exaspe-

1910 5494 2025 5537 rata
2056 5491 2158 5537 est.
2208 5482 2304 5536 Cui
2342 5484 2485 5535 malo
2511 5488 2569 5533 ut
2600 5479 2903 5533 mederetur
2932 5472 3343 5531 Constantinus,
3380 5486 3465 5538 ge-

1908 5574 2146 5628 neralem
2178 5574 2559 5642 episc0porum
2607 5568 2892 5640 synodum,
2924 5566 3137 5635 qualem
3171 5563 3316 5615 nulla
3364 5578 3466 5613 un-

1907 5682 2068 5736 quam
2098 5674 2231 5719 mlas
2265 5666 2490 5725 viderat,
2526 5679 2589 5716 ex
2630 5663 2885 5716 universo
2909 5659 3039 5711 orbe
3058 5655 3305 5710 Romano
3334 5669 3473 5705 con-

1906 5760 2147 5831 gregavit
2174 5760 2226 5812 in
2257 5758 2387 5811 urbe
2420 5756 2680 5825 Bithyniae
2720 5752 2918 5806 Nicaea.
2951 5750 3125 5819 Hujus
3152 5747 3369 5802 maximi
3402 5760 3471 5797 ac-

1906 5851 2242 5908 cclebcrrimi
2278 5849 2493 5903 concilii
2550 5864 2655 5903 non
2703 5845 2925 5901 minima
2970 5857 3097 5913 pars
3145 5838 3244 5893 fuit
3290 5836 3469 5890 Ense-
