  <div class='ocr_page' id='page_1' title='image "/cluster/home/n/w/nwhite01/storage/ocr_20150623/19/pst.000005712045/037.png"; bbox 0 0 4196 6312; ppageno 0'>
   <div class='ocr_carea' id='block_1_1' title="bbox 789 417 858 472">
    <p class='ocr_par' dir='ltr' id='par_1_1' title="bbox 789 417 858 472">
     <span class='ocr_line' id='line_1_1' title="bbox 789 417 858 472; baseline 0 0"><span class='ocrx_word' id='word_1_1' title='bbox 789 417 858 472; x_wconf 73' lang='lat'><strong>59</strong></span> 
     </span>
    </p>
   </div>
   <div class='ocr_carea' id='block_1_2' title="bbox 1737 393 3018 463">
    <p class='ocr_par' dir='ltr' id='par_1_2' title="bbox 1737 393 3018 463">
     <span class='ocr_line' id='line_1_2' title="bbox 1737 393 3018 463; baseline -0.012 0"><span class='ocrx_word' id='word_1_2' title='bbox 1737 405 2073 463; x_wconf 80' lang='lat' dir='ltr'><strong>EUSEBIUS</strong></span> <span class='ocrx_word' id='word_1_3' title='bbox 2109 393 2586 457; x_wconf 64' lang='lat' dir='ltr'><strong>CESABIENSIS</strong></span> <span class='ocrx_word' id='word_1_4' title='bbox 2626 393 3018 450; x_wconf 71' lang='lat' dir='ltr'><strong>EPISCOPUS.</strong></span> 
     </span>
    </p>
   </div>
   <div class='ocr_carea' id='block_1_3' title="bbox 3935 401 3998 454">
    <p class='ocr_par' dir='ltr' id='par_1_3' title="bbox 3935 401 3998 454">
     <span class='ocr_line' id='line_1_3' title="bbox 3935 401 3998 454; baseline 0 0"><span class='ocrx_word' id='word_1_5' title='bbox 3935 401 3998 454; x_wconf 78' lang='lat'><strong>60</strong></span> 
     </span>
    </p>
   </div>
   <div class='ocr_carea' id='block_1_4' title="bbox 791 514 3997 590">
    <p class='ocr_par' dir='ltr' id='par_1_4' title="bbox 791 514 3997 590">
     <span class='ocr_line' id='line_1_4' title="bbox 791 514 3997 590; baseline 0.002 -28"><span class='ocrx_word' id='word_1_6' title='bbox 791 531 916 586; x_wconf 60' lang='lat' dir='ltr'><strong>bi“,</strong></span> <span class='ocrx_word' id='word_1_7' title='bbox 959 533 1166 582; x_wconf 50' lang='lat' dir='ltr'><strong>noster.</strong></span> <span class='ocrx_word' id='word_1_8' title='bbox 1205 526 1338 581; x_wconf 65' lang='lat' dir='ltr'><strong>Nam</strong></span> <span class='ocrx_word' id='word_1_9' title='bbox 1368 534 1421 582; x_wconf 74' lang='grc' dir='ltr'><strong>ει</strong></span> <span class='ocrx_word' id='word_1_10' title='bbox 1457 529 1514 581; x_wconf 64' lang='grc' dir='ltr'><strong>ιη</strong></span> <span class='ocrx_word' id='word_1_11' title='bbox 1565 527 1757 580; x_wconf 63' lang='lat' dir='ltr'><strong>deum</strong></span> <span class='ocrx_word' id='word_1_12' title='bbox 1789 539 1958 578; x_wconf 85' lang='lat' dir='ltr'><strong>cornu</strong></span> <span class='ocrx_word' id='word_1_13' title='bbox 2003 521 2236 590; x_wconf 88' lang='lat' dir='ltr'><strong>primum</strong></span> <span class='ocrx_word' id='word_1_14' title='bbox 2269 518 2348 570; x_wconf 86' lang='grc' dir='ltr'><strong>ιο-</strong></span> <span class='ocrx_word' id='word_1_15' title='bbox 2375 519 2419 574; x_wconf 76' lang='grc' dir='ltr'><strong>Α</strong></span> <span class='ocrx_word' id='word_1_16' title='bbox 2451 527 2574 566; x_wconf 87' lang='lat' dir='ltr'><strong>nam</strong></span> <span class='ocrx_word' id='word_1_17' title='bbox 2607 519 2882 578; x_wconf 89' lang='lat' dir='ltr'><strong>tueretur;</strong></span> <span class='ocrx_word' id='word_1_18' title='bbox 2917 514 3240 568; x_wconf 83' lang='lat' dir='ltr'><strong>concinnato</strong></span> <span class='ocrx_word' id='word_1_19' title='bbox 3267 521 3524 580; x_wconf 68' lang='lat' dir='ltr'><strong>printer-ea</strong></span> <span class='ocrx_word' id='word_1_20' title='bbox 3555 515 3820 572; x_wconf 81' lang='lat' dir='ltr'><strong>adversus</strong></span> <span class='ocrx_word' id='word_1_21' title='bbox 3853 516 3997 570; x_wconf 81' lang='lat' dir='ltr'><strong>iIIum</strong></span> 
     </span>
    </p>
   </div>
   <div class='ocr_carea' id='block_1_5' title="bbox 798 611 2348 685">
    <p class='ocr_par' dir='ltr' id='par_1_5' title="bbox 798 611 2348 685">
     <span class='ocr_line' id='line_1_5' title="bbox 798 611 2348 685; baseline -0.007 -14"><span class='ocrx_word' id='word_1_22' title='bbox 798 632 924 671; x_wconf 89' lang='lat' dir='ltr'><strong>cum</strong></span> <span class='ocrx_word' id='word_1_23' title='bbox 973 615 1238 678; x_wconf 93' lang='lat' dir='ltr'><strong>obtinuit,</strong></span> <span class='ocrx_word' id='word_1_24' title='bbox 1293 624 1346 670; x_wconf 93' lang='lat' dir='ltr'><strong>et</strong></span> <span class='ocrx_word' id='word_1_25' title='bbox 1385 617 1512 685; x_wconf 86' lang='lat' dir='ltr'><strong>imp.</strong></span> <span class='ocrx_word' id='word_1_26' title='bbox 1568 615 2018 673; x_wconf 85' lang='lat' dir='ltr'><strong>Constantinum,</strong></span> <span class='ocrx_word' id='word_1_27' title='bbox 2069 611 2163 680; x_wconf 86' lang='lat' dir='ltr'><strong>qui</strong></span> <span class='ocrx_word' id='word_1_28' title='bbox 2205 611 2348 662; x_wconf 82' lang='lat' dir='ltr'><strong>inter</strong></span> 
     </span>
    </p>
   </div>
   <div class='ocr_carea' id='block_1_6' title="bbox 787 703 2343 762">
    <p class='ocr_par' dir='ltr' id='par_1_6' title="bbox 787 703 2343 762">
     <span class='ocr_line' id='line_1_6' title="bbox 787 703 2343 762; baseline -0.004 -2"><span class='ocrx_word' id='word_1_29' title='bbox 787 708 928 762; x_wconf 86' lang='lat' dir='ltr'><strong>duos</strong></span> <span class='ocrx_word' id='word_1_30' title='bbox 973 705 1370 760; x_wconf 87' lang='lat' dir='ltr'><strong>considentium</strong></span> <span class='ocrx_word' id='word_1_31' title='bbox 1411 707 1633 762; x_wconf 78' lang='lat' dir='ltr'><strong>ordines</strong></span> <span class='ocrx_word' id='word_1_32' title='bbox 1679 707 1890 761; x_wconf 87' lang='lat' dir='ltr'><strong>medius</strong></span> <span class='ocrx_word' id='word_1_33' title='bbox 1927 705 1980 758; x_wconf 89' lang='lat' dir='ltr'><strong>in</strong></span> <span class='ocrx_word' id='word_1_34' title='bbox 2023 718 2184 756; x_wconf 87' lang='lat' dir='ltr'><strong>aurea</strong></span> <span class='ocrx_word' id='word_1_35' title='bbox 2212 703 2343 756; x_wconf 86' lang='lat' dir='ltr'><strong>sella</strong></span> 
     </span>
    </p>
   </div>
   <div class='ocr_carea' id='block_1_7' title="bbox 785 795 2344 868">
    <p class='ocr_par' dir='ltr' id='par_1_7' title="bbox 785 795 2344 868">
     <span class='ocr_line' id='line_1_7' title="bbox 785 795 2344 868; baseline -0.002 -18"><span class='ocrx_word' id='word_1_36' title='bbox 785 795 1078 858; x_wconf 78' lang='lat' dir='ltr'><strong>residebat,</strong></span> <span class='ocrx_word' id='word_1_37' title='bbox 1114 797 1282 852; x_wconf 90' lang='lat' dir='ltr'><strong>totius</strong></span> <span class='ocrx_word' id='word_1_38' title='bbox 1313 800 1502 868; x_wconf 82' lang='lat' dir='ltr'><strong>synodi</strong></span> <span class='ocrx_word' id='word_1_39' title='bbox 1535 799 1758 852; x_wconf 87' lang='lat' dir='ltr'><strong>nomine</strong></span> <span class='ocrx_word' id='word_1_40' title='bbox 1795 797 2158 866; x_wconf 78' lang='lat' dir='ltr'><strong>compellavit,</strong></span> <span class='ocrx_word' id='word_1_41' title='bbox 2201 797 2344 849; x_wconf 81' lang='lat' dir='ltr'><strong>sicut</strong></span> 
     </span>
    </p>
   </div>
   <div class='ocr_carea' id='block_1_8' title="bbox 785 887 2338 955">
    <p class='ocr_par' dir='ltr' id='par_1_8' title="bbox 785 887 2338 955">
     <span class='ocr_line' id='line_1_8' title="bbox 785 887 2338 955; baseline 0 -15"><span class='ocrx_word' id='word_1_42' title='bbox 785 887 901 955; x_wconf 86' lang='lat' dir='ltr'><strong>ipse</strong></span> <span class='ocrx_word' id='word_1_43' title='bbox 934 895 1166 941; x_wconf 80' lang='lat' dir='ltr'><strong>testatur</strong></span> <span class='ocrx_word' id='word_1_44' title='bbox 1201 889 1253 942; x_wconf 91' lang='lat' dir='ltr'><strong>in</strong></span> <span class='ocrx_word' id='word_1_45' title='bbox 1288 891 1512 944; x_wconf 80' lang='lat' dir='ltr'><strong>exordio</strong></span> <span class='ocrx_word' id='word_1_46' title='bbox 1540 891 1662 943; x_wconf 87' lang='lat' dir='ltr'><strong>libri</strong></span> <span class='ocrx_word' id='word_1_47' title='bbox 1693 907 1708 943; x_wconf 85' lang='grc' dir='ltr'>ι</span> <span class='ocrx_word' id='word_1_48' title='bbox 1739 890 1810 943; x_wconf 82' lang='lat' dir='ltr'><strong>De</strong></span> <span class='ocrx_word' id='word_1_49' title='bbox 1845 890 1960 942; x_wconf 79' lang='lat' dir='ltr'><strong>Vita</strong></span> <span class='ocrx_word' id='word_1_50' title='bbox 1985 889 2338 949; x_wconf 81' lang='lat' dir='ltr'><strong>Constantini,</strong></span> 
     </span>
    </p>
   </div>
   <div class='ocr_carea' id='block_1_9' title="bbox 783 963 2344 1050">
    <p class='ocr_par' dir='ltr' id='par_1_9' title="bbox 783 963 2344 1050">
     <span class='ocr_line' id='line_1_9' title="bbox 783 963 2344 1050; baseline -0.001 -18"><span class='ocrx_word' id='word_1_51' title='bbox 783 987 837 1032; x_wconf 83' lang='lat' dir='ltr'><strong>et</strong></span> <span class='ocrx_word' id='word_1_52' title='bbox 869 979 923 1031; x_wconf 91' lang='lat' dir='ltr'><strong>in</strong></span> <span class='ocrx_word' id='word_1_53' title='bbox 955 980 1046 1033; x_wconf 91' lang='lat' dir='ltr'><strong>lib.</strong></span> <span class='ocrx_word' id='word_1_54' title='bbox 1089 996 1146 1032; x_wconf 84' lang='lat' dir='ltr'><strong>Ill</strong></span> <span class='ocrx_word' id='word_1_55' title='bbox 1178 963 1422 1048; x_wconf 81' lang='lat' dir='ltr'><strong>ejusdem</strong></span> <span class='ocrx_word' id='word_1_56' title='bbox 1449 983 1651 1050; x_wconf 88' lang='lat' dir='ltr'><strong>operis.</strong></span> <span class='ocrx_word' id='word_1_57' title='bbox 1685 981 1824 1034; x_wconf 89' lang='lat' dir='ltr'><strong>Idem</strong></span> <span class='ocrx_word' id='word_1_58' title='bbox 1859 982 2024 1036; x_wconf 84' lang='lat' dir='ltr'><strong>etiam</strong></span> <span class='ocrx_word' id='word_1_59' title='bbox 2055 981 2344 1036; x_wconf 91' lang='lat' dir='ltr'><strong>conﬁrmat</strong></span> 
     </span>
    </p>
   </div>
   <div class='ocr_carea' id='block_1_10' title="bbox 783 1065 2342 1126">
    <p class='ocr_par' dir='ltr' id='par_1_10' title="bbox 783 1065 2342 1126">
     <span class='ocr_line' id='line_1_10' title="bbox 783 1065 2342 1126; baseline 0.001 -4"><span class='ocrx_word' id='word_1_60' title='bbox 783 1065 1120 1125; x_wconf 82' lang='lat' dir='ltr'><strong>Sozomenus</strong></span> <span class='ocrx_word' id='word_1_61' title='bbox 1151 1071 1204 1124; x_wconf 90' lang='lat' dir='ltr'><strong>in</strong></span> <span class='ocrx_word' id='word_1_62' title='bbox 1231 1073 1367 1126; x_wconf 90' lang='lat' dir='ltr'><strong>libro</strong></span> <span class='ocrx_word' id='word_1_63' title='bbox 1395 1089 1408 1124; x_wconf 84' lang='grc' dir='ltr'>ι</span> <span class='ocrx_word' id='word_1_64' title='bbox 1437 1073 1691 1126; x_wconf 64' lang='lat' dir='ltr'><strong>Historia?</strong></span> <span class='ocrx_word' id='word_1_65' title='bbox 1714 1073 2100 1126; x_wconf 63' lang='lat' dir='ltr'><strong>ecclesiasticae.</strong></span> <span class='ocrx_word' id='word_1_66' title='bbox 2139 1072 2342 1126; x_wconf 86' lang='lat' dir='ltr'><strong>Deinde</strong></span> 
     </span>
    </p>
   </div>
   <div class='ocr_carea' id='block_1_11' title="bbox 781 1162 2338 1231">
    <p class='ocr_par' dir='ltr' id='par_1_11' title="bbox 781 1162 2338 1231">
     <span class='ocr_line' id='line_1_11' title="bbox 781 1162 2338 1231; baseline 0.004 -19"><span class='ocrx_word' id='word_1_67' title='bbox 781 1175 906 1212; x_wconf 90' lang='lat' dir='ltr'><strong>cum</strong></span> <span class='ocrx_word' id='word_1_68' title='bbox 941 1162 1082 1214; x_wconf 83' lang='lat' dir='ltr'><strong>inter</strong></span> <span class='ocrx_word' id='word_1_69' title='bbox 1112 1163 1398 1231; x_wconf 84' lang='lat' dir='ltr'><strong>episcopos</strong></span> <span class='ocrx_word' id='word_1_70' title='bbox 1430 1166 1662 1218; x_wconf 76' lang='lat' dir='ltr'><strong>maxima</strong></span> <span class='ocrx_word' id='word_1_71' title='bbox 1691 1174 1838 1220; x_wconf 83' lang='lat' dir='ltr'><strong>esset</strong></span> <span class='ocrx_word' id='word_1_72' title='bbox 1869 1165 2241 1218; x_wconf 76' lang='lat' dir='ltr'><strong>controversia</strong></span> <span class='ocrx_word' id='word_1_73' title='bbox 2275 1165 2338 1218; x_wconf 88' lang='lat' dir='ltr'><strong>de</strong></span> 
     </span>
    </p>
   </div>
   <div class='ocr_carea' id='block_1_12' title="bbox 781 1252 2339 1328">
    <p class='ocr_par' dir='ltr' id='par_1_12' title="bbox 781 1252 2339 1328">
     <span class='ocr_line' id='line_1_12' title="bbox 781 1252 2339 1328; baseline 0.004 -22"><span class='ocrx_word' id='word_1_74' title='bbox 781 1252 1012 1306; x_wconf 86' lang='lat' dir='ltr'><strong>formula</strong></span> <span class='ocrx_word' id='word_1_75' title='bbox 1041 1255 1182 1318; x_wconf 89' lang='lat' dir='ltr'><strong>ﬁdei,</strong></span> <span class='ocrx_word' id='word_1_76' title='bbox 1219 1254 1484 1312; x_wconf 84' lang='lat' dir='ltr'><strong>Eusebius</strong></span> <span class='ocrx_word' id='word_1_77' title='bbox 1518 1267 1703 1314; x_wconf 88' lang='lat' dir='ltr'><strong>noster</strong></span> <span class='ocrx_word' id='word_1_78' title='bbox 1737 1260 2023 1314; x_wconf 78' lang='lat' dir='ltr'><strong>formulam</strong></span> <span class='ocrx_word' id='word_1_79' title='bbox 2057 1261 2339 1328; x_wconf 71' lang='lat' dir='ltr'><strong>proposuit</strong></span> 
     </span>
    </p>
   </div>
   <div class='ocr_carea' id='block_1_13' title="bbox 781 1345 2335 1420">
    <p class='ocr_par' dir='ltr' id='par_1_13' title="bbox 781 1345 2335 1420">
     <span class='ocr_line' id='line_1_13' title="bbox 781 1345 2335 1420; baseline 0.005 -24"><span class='ocrx_word' id='word_1_80' title='bbox 781 1345 1072 1400; x_wconf 80' lang='lat' dir='ltr'><strong>admodum</strong></span> <span class='ocrx_word' id='word_1_81' title='bbox 1113 1356 1314 1401; x_wconf 83' lang='lat' dir='ltr'><strong>rectam</strong></span> <span class='ocrx_word' id='word_1_82' title='bbox 1362 1357 1415 1404; x_wconf 90' lang='lat' dir='ltr'><strong>et</strong></span> <span class='ocrx_word' id='word_1_83' title='bbox 1461 1351 1784 1420; x_wconf 85' lang='lat' dir='ltr'><strong>simplicem,</strong></span> <span class='ocrx_word' id='word_1_84' title='bbox 1834 1360 1886 1404; x_wconf 91' lang='lat' dir='ltr'><strong>et</strong></span> <span class='ocrx_word' id='word_1_85' title='bbox 1938 1367 2058 1420; x_wconf 72' lang='lat' dir='ltr'><strong>qum</strong></span> <span class='ocrx_word' id='word_1_86' title='bbox 2095 1351 2335 1404; x_wconf 87' lang='lat' dir='ltr'><strong>omnium</strong></span> 
     </span>
    </p>
   </div>
   <div class='ocr_carea' id='block_1_14' title="bbox 779 1437 2334 1511">
    <p class='ocr_par' dir='ltr' id='par_1_14' title="bbox 779 1437 2334 1511">
     <span class='ocr_line' id='line_1_14' title="bbox 779 1437 2334 1511; baseline 0.008 -27"><span class='ocrx_word' id='word_1_87' title='bbox 779 1437 1178 1504; x_wconf 68' lang='lat' dir='ltr'><strong>episcoporum,</strong></span> <span class='ocrx_word' id='word_1_88' title='bbox 1217 1439 1495 1509; x_wconf 90' lang='lat' dir='ltr'><strong>ipsiusque</strong></span> <span class='ocrx_word' id='word_1_89' title='bbox 1529 1441 1664 1494; x_wconf 87' lang='lat' dir='ltr'><strong>adeo</strong></span> <span class='ocrx_word' id='word_1_90' title='bbox 1695 1441 2035 1511; x_wconf 76' lang='lat' dir='ltr'><strong>imperatoris</strong></span> <span class='ocrx_word' id='word_1_91' title='bbox 2063 1458 2334 1496; x_wconf 85' lang='lat' dir='ltr'><strong>consensu</strong></span> 
     </span>
    </p>
   </div>
   <div class='ocr_carea' id='block_1_15' title="bbox 779 1525 2336 1602">
    <p class='ocr_par' dir='ltr' id='par_1_15' title="bbox 779 1525 2336 1602">
     <span class='ocr_line' id='line_1_15' title="bbox 779 1525 2336 1602; baseline 0.008 -27"><span class='ocrx_word' id='word_1_92' title='bbox 779 1525 992 1578; x_wconf 86' lang='lat' dir='ltr'><strong>laudata</strong></span> <span class='ocrx_word' id='word_1_93' title='bbox 1043 1537 1146 1584; x_wconf 92' lang='lat' dir='ltr'><strong>est.</strong></span> <span class='ocrx_word' id='word_1_94' title='bbox 1199 1527 1302 1582; x_wconf 86' lang='lat' dir='ltr'><strong>Sed</strong></span> <span class='ocrx_word' id='word_1_95' title='bbox 1357 1547 1481 1584; x_wconf 90' lang='lat' dir='ltr'><strong>cum</strong></span> <span class='ocrx_word' id='word_1_96' title='bbox 1528 1534 1574 1586; x_wconf 91' lang='lat' dir='ltr'><strong>ei</strong></span> <span class='ocrx_word' id='word_1_97' title='bbox 1625 1532 1868 1586; x_wconf 72' lang='lat' dir='ltr'><strong>formula:</strong></span> <span class='ocrx_word' id='word_1_98' title='bbox 1910 1534 2114 1602; x_wconf 87' lang='lat' dir='ltr'><strong>aliquid</strong></span> <span class='ocrx_word' id='word_1_99' title='bbox 2147 1535 2336 1588; x_wconf 85' lang='lat' dir='ltr'><strong>deesse</strong></span> 
     </span>
    </p>
   </div>
   <div class='ocr_carea' id='block_1_16' title="bbox 774 1615 2336 1692">
    <p class='ocr_par' dir='ltr' id='par_1_16' title="bbox 774 1615 2336 1692">
     <span class='ocr_line' id='line_1_16' title="bbox 774 1615 2336 1692; baseline 0.008 -30"><span class='ocrx_word' id='word_1_100' title='bbox 774 1615 1054 1668; x_wconf 82' lang='lat' dir='ltr'><strong>videretur</strong></span> <span class='ocrx_word' id='word_1_101' title='bbox 1085 1619 1148 1672; x_wconf 88' lang='lat' dir='ltr'><strong>ad</strong></span> <span class='ocrx_word' id='word_1_102' title='bbox 1179 1619 1569 1674; x_wconf 86' lang='lat' dir='ltr'><strong>confutandam</strong></span> <span class='ocrx_word' id='word_1_103' title='bbox 1611 1623 1734 1676; x_wconf 86' lang='lat' dir='ltr'><strong>novi</strong></span> <span class='ocrx_word' id='word_1_104' title='bbox 1781 1623 2050 1691; x_wconf 78' lang='lat' dir='ltr'><strong>dogmatis</strong></span> <span class='ocrx_word' id='word_1_105' title='bbox 2083 1624 2336 1692; x_wconf 75' lang='lat' dir='ltr'><strong>impieta-</strong></span> 
     </span>
    </p>
   </div>
   <div class='ocr_carea' id='block_1_17' title="bbox 773 1705 2334 1784">
    <p class='ocr_par' dir='ltr' id='par_1_17' title="bbox 773 1705 2334 1784">
     <span class='ocr_line' id='line_1_17' title="bbox 773 1705 2334 1784; baseline 0.008 -28"><span class='ocrx_word' id='word_1_106' title='bbox 773 1713 901 1766; x_wconf 84' lang='lat' dir='ltr'><strong>tem.</strong></span> <span class='ocrx_word' id='word_1_107' title='bbox 934 1705 1122 1761; x_wconf 84' lang='lat' dir='ltr'><strong>Patres</strong></span> <span class='ocrx_word' id='word_1_108' title='bbox 1147 1710 1338 1778; x_wconf 90' lang='lat' dir='ltr'><strong>synodi</strong></span> <span class='ocrx_word' id='word_1_109' title='bbox 1369 1711 1596 1766; x_wconf 72' lang='lat' dir='ltr'><strong>Niczenze</strong></span> <span class='ocrx_word' id='word_1_110' title='bbox 1629 1713 1724 1766; x_wconf 83' lang='lat' dir='ltr'><strong>has</strong></span> <span class='ocrx_word' id='word_1_111' title='bbox 1753 1724 2012 1784; x_wconf 69' lang='lat' dir='ltr'><strong>praeterea</strong></span> <span class='ocrx_word' id='word_1_112' title='bbox 2041 1730 2204 1769; x_wconf 89' lang='lat' dir='ltr'><strong>voces</strong></span> <span class='ocrx_word' id='word_1_113' title='bbox 2239 1711 2334 1768; x_wconf 87' lang='lat' dir='ltr'><strong>ad-</strong></span> 
     </span>
    </p>
   </div>
   <div class='ocr_carea' id='block_1_18' title="bbox 771 1794 2329 1858">
    <p class='ocr_par' dir='ltr' id='par_1_18' title="bbox 771 1794 2329 1858">
     <span class='ocr_line' id='line_1_18' title="bbox 771 1794 2329 1858; baseline 0.007 -14"><span class='ocrx_word' id='word_1_114' title='bbox 771 1794 979 1848; x_wconf 83' lang='lat' dir='ltr'><strong>dcndas</strong></span> <span class='ocrx_word' id='word_1_115' title='bbox 1011 1811 1130 1850; x_wconf 88' lang='lat' dir='ltr'><strong>esse</strong></span> <span class='ocrx_word' id='word_1_116' title='bbox 1165 1809 1496 1854; x_wconf 86' lang='lat' dir='ltr'><strong>censuerunt</strong></span> <span class='ocrx_word' id='word_1_117' title='bbox 1525 1819 1538 1855; x_wconf 94' lang='lat'>:</span> <span class='ocrx_word' id='word_1_118' title='bbox 1565 1806 1730 1855; x_wconf 81' lang='lat' dir='ltr'><strong>Deum</strong></span> <span class='ocrx_word' id='word_1_119' title='bbox 1755 1819 1929 1856; x_wconf 73' lang='lat' dir='ltr'><strong>venint</strong></span> <span class='ocrx_word' id='word_1_120' title='bbox 1951 1803 2014 1855; x_wconf 82' lang='lat' dir='ltr'><strong>de</strong></span> <span class='ocrx_word' id='word_1_121' title='bbox 2043 1803 2148 1856; x_wconf 86' lang='lat' dir='ltr'><strong>Deo</strong></span> <span class='ocrx_word' id='word_1_122' title='bbox 2177 1821 2329 1858; x_wconf 87' lang='lat' dir='ltr'><strong>rero:</strong></span> 
     </span>
    </p>
   </div>
   <div class='ocr_carea' id='block_1_19' title="bbox 2448 603 3997 686">
    <p class='ocr_par' dir='ltr' id='par_1_19' title="bbox 2448 603 3997 686">
     <span class='ocr_line' id='line_1_19' title="bbox 2448 603 3997 686; baseline 0.003 -28"><span class='ocrx_word' id='word_1_123' title='bbox 2448 603 2622 672; x_wconf 86' lang='lat' dir='ltr'><strong>stupri</strong></span> <span class='ocrx_word' id='word_1_124' title='bbox 2673 603 2920 668; x_wconf 83' lang='lat' dir='ltr'><strong>crimine,</strong></span> <span class='ocrx_word' id='word_1_125' title='bbox 2971 605 3040 659; x_wconf 87' lang='lat' dir='ltr'><strong>de</strong></span> <span class='ocrx_word' id='word_1_126' title='bbox 3069 607 3196 662; x_wconf 85' lang='lat' dir='ltr'><strong>sede</strong></span> <span class='ocrx_word' id='word_1_127' title='bbox 3235 621 3333 662; x_wconf 91' lang='lat' dir='ltr'><strong>sua</strong></span> <span class='ocrx_word' id='word_1_128' title='bbox 3371 606 3682 676; x_wconf 87' lang='lat' dir='ltr'><strong>depellitur.</strong></span> <span class='ocrx_word' id='word_1_129' title='bbox 3715 605 3892 672; x_wconf 86' lang='lat' dir='ltr'><strong>Quam</strong></span> <span class='ocrx_word' id='word_1_130' title='bbox 3929 608 3997 686; x_wconf 3' lang='lat' dir='ltr'><strong>pob</strong></span> 
     </span>
    </p>
   </div>
   <div class='ocr_carea' id='block_1_20' title="bbox 2447 696 3992 764">
    <p class='ocr_par' dir='ltr' id='par_1_20' title="bbox 2447 696 3992 764">
     <span class='ocr_line' id='line_1_20' title="bbox 2447 696 3992 764; baseline 0.002 -16"><span class='ocrx_word' id='word_1_131' title='bbox 2447 709 2668 749; x_wconf 86' lang='lat' dir='ltr'><strong>causam</strong></span> <span class='ocrx_word' id='word_1_132' title='bbox 2697 696 3054 764; x_wconf 80' lang='lat' dir='ltr'><strong>gravissimus</strong></span> <span class='ocrx_word' id='word_1_133' title='bbox 3095 697 3394 750; x_wconf 69' lang='lat' dir='ltr'><strong>Antiochiae</strong></span> <span class='ocrx_word' id='word_1_134' title='bbox 3421 699 3688 753; x_wconf 86' lang='lat' dir='ltr'><strong>tumultus</strong></span> <span class='ocrx_word' id='word_1_135' title='bbox 3729 705 3818 752; x_wconf 88' lang='lat' dir='ltr'><strong>est</strong></span> <span class='ocrx_word' id='word_1_136' title='bbox 3857 701 3992 754; x_wconf 79' lang='lat' dir='ltr'><strong>exci-</strong></span> 
     </span>
    </p>
   </div>
   <div class='ocr_carea' id='block_1_21' title="bbox 2445 779 3986 857">
    <p class='ocr_par' dir='ltr' id='par_1_21' title="bbox 2445 779 3986 857">
     <span class='ocr_line' id='line_1_21' title="bbox 2445 779 3986 857; baseline 0.005 -20"><span class='ocrx_word' id='word_1_137' title='bbox 2445 779 2620 850; x_wconf 84' lang='lat' dir='ltr'><strong>tatus;</strong></span> <span class='ocrx_word' id='word_1_138' title='bbox 2655 787 2854 855; x_wconf 89' lang='lat' dir='ltr'><strong>populo</strong></span> <span class='ocrx_word' id='word_1_139' title='bbox 2888 786 3026 840; x_wconf 89' lang='lat' dir='ltr'><strong>duas</strong></span> <span class='ocrx_word' id='word_1_140' title='bbox 3056 787 3110 840; x_wconf 90' lang='lat' dir='ltr'><strong>in</strong></span> <span class='ocrx_word' id='word_1_141' title='bbox 3149 795 3334 857; x_wconf 83' lang='lat' dir='ltr'><strong>partes</strong></span> <span class='ocrx_word' id='word_1_142' title='bbox 3364 788 3559 848; x_wconf 88' lang='lat' dir='ltr'><strong>diviso,</strong></span> <span class='ocrx_word' id='word_1_143' title='bbox 3591 804 3716 842; x_wconf 92' lang='lat' dir='ltr'><strong>cum</strong></span> <span class='ocrx_word' id='word_1_144' title='bbox 3759 790 3854 842; x_wconf 84' lang='lat' dir='ltr'><strong>alii</strong></span> <span class='ocrx_word' id='word_1_145' title='bbox 3886 791 3986 845; x_wconf 73' lang='lat' dir='ltr'><strong>Ca:-</strong></span> 
     </span>
    </p>
   </div>
   <div class='ocr_carea' id='block_1_22' title="bbox 2443 877 3996 951">
    <p class='ocr_par' dir='ltr' id='par_1_22' title="bbox 2443 877 3996 951">
     <span class='ocr_line' id='line_1_22' title="bbox 2443 877 3996 951; baseline 0.004 -21"><span class='ocrx_word' id='word_1_146' title='bbox 2443 879 2743 932; x_wconf 86' lang='lat' dir='ltr'><strong>sarieusem</strong></span> <span class='ocrx_word' id='word_1_147' title='bbox 2777 877 3068 932; x_wconf 86' lang='lat' dir='ltr'><strong>Eusebium</strong></span> <span class='ocrx_word' id='word_1_148' title='bbox 3101 879 3153 932; x_wconf 89' lang='lat' dir='ltr'><strong>in</strong></span> <span class='ocrx_word' id='word_1_149' title='bbox 3193 878 3460 934; x_wconf 88' lang='lat' dir='ltr'><strong>Eustathii</strong></span> <span class='ocrx_word' id='word_1_150' title='bbox 3501 881 3676 934; x_wconf 90' lang='lat' dir='ltr'><strong>locum</strong></span> <span class='ocrx_word' id='word_1_151' title='bbox 3714 883 3996 951; x_wconf 86' lang='lat' dir='ltr'><strong>substitui,</strong></span> 
     </span>
    </p>
   </div>
   <div class='ocr_carea' id='block_1_23' title="bbox 2443 969 3996 1044">
    <p class='ocr_par' dir='ltr' id='par_1_23' title="bbox 2443 969 3996 1044">
     <span class='ocr_line' id='line_1_23' title="bbox 2443 969 3996 1044; baseline 0.007 -24"><span class='ocrx_word' id='word_1_152' title='bbox 2443 970 2534 1022; x_wconf 90' lang='lat' dir='ltr'><strong>alii</strong></span> <span class='ocrx_word' id='word_1_153' title='bbox 2577 969 2918 1024; x_wconf 89' lang='lat' dir='ltr'><strong>Eustathium</strong></span> <span class='ocrx_word' id='word_1_154' title='bbox 2967 971 3068 1024; x_wconf 88' lang='lat' dir='ltr'><strong>sibi</strong></span> <span class='ocrx_word' id='word_1_155' title='bbox 3101 971 3417 1041; x_wconf 87' lang='lat' dir='ltr'><strong>episcopum</strong></span> <span class='ocrx_word' id='word_1_156' title='bbox 3465 973 3618 1026; x_wconf 80' lang='lat' dir='ltr'><strong>reddi</strong></span> <span class='ocrx_word' id='word_1_157' title='bbox 3670 973 3996 1044; x_wconf 83' lang='lat' dir='ltr'><strong>ﬂagitarent.</strong></span> 
     </span>
    </p>
   </div>
   <div class='ocr_carea' id='block_1_24' title="bbox 2443 1057 3996 1132">
    <p class='ocr_par' dir='ltr' id='par_1_24' title="bbox 2443 1057 3996 1132">
     <span class='ocr_line' id='line_1_24' title="bbox 2443 1057 3996 1132; baseline 0.005 -20"><span class='ocrx_word' id='word_1_158' title='bbox 2443 1057 2785 1130; x_wconf 79' lang='lat' dir='ltr'><strong>Ventumque</strong></span> <span class='ocrx_word' id='word_1_159' title='bbox 2825 1069 2970 1117; x_wconf 86' lang='lat' dir='ltr'><strong>esset</strong></span> <span class='ocrx_word' id='word_1_160' title='bbox 3003 1061 3070 1114; x_wconf 91' lang='lat' dir='ltr'><strong>ad</strong></span> <span class='ocrx_word' id='word_1_161' title='bbox 3113 1077 3328 1126; x_wconf 89' lang='lat' dir='ltr'><strong>manus,</strong></span> <span class='ocrx_word' id='word_1_162' title='bbox 3361 1063 3468 1117; x_wconf 90' lang='lat' dir='ltr'><strong>nisi</strong></span> <span class='ocrx_word' id='word_1_163' title='bbox 3507 1063 3857 1132; x_wconf 82' lang='lat' dir='ltr'><strong>imperatoris</strong></span> <span class='ocrx_word' id='word_1_164' title='bbox 3891 1082 3996 1120; x_wconf 77' lang='lat' dir='ltr'><strong>me-</strong></span> 
     </span>
    </p>
   </div>
   <div class='ocr_carea' id='block_1_25' title="bbox 2441 1151 3995 1218">
    <p class='ocr_par' dir='ltr' id='par_1_25' title="bbox 2441 1151 3995 1218">
     <span class='ocr_line' id='line_1_25' title="bbox 2441 1151 3995 1218; baseline 0.002 -16"><span class='ocrx_word' id='word_1_165' title='bbox 2441 1157 2532 1204; x_wconf 88' lang='lat' dir='ltr'><strong>tus</strong></span> <span class='ocrx_word' id='word_1_166' title='bbox 2571 1159 2624 1205; x_wconf 79' lang='lat' dir='ltr'><strong>et</strong></span> <span class='ocrx_word' id='word_1_167' title='bbox 2649 1152 2894 1218; x_wconf 87' lang='lat' dir='ltr'><strong>judicum</strong></span> <span class='ocrx_word' id='word_1_168' title='bbox 2945 1152 3241 1206; x_wconf 83' lang='lat' dir='ltr'><strong>auctoritas</strong></span> <span class='ocrx_word' id='word_1_169' title='bbox 3276 1166 3372 1205; x_wconf 88' lang='lat' dir='ltr'><strong>eos</strong></span> <span class='ocrx_word' id='word_1_170' title='bbox 3406 1151 3761 1206; x_wconf 83' lang='lat' dir='ltr'><strong>cohibuisset.</strong></span> <span class='ocrx_word' id='word_1_171' title='bbox 3799 1151 3995 1206; x_wconf 83' lang='lat' dir='ltr'><strong>Pacata</strong></span> 
     </span>
    </p>
   </div>
   <div class='ocr_carea' id='block_1_26' title="bbox 2439 1243 3990 1313">
    <p class='ocr_par' dir='ltr' id='par_1_26' title="bbox 2439 1243 3990 1313">
     <span class='ocr_line' id='line_1_26' title="bbox 2439 1243 3990 1313; baseline -0.001 -19"><span class='ocrx_word' id='word_1_172' title='bbox 2439 1243 2656 1295; x_wconf 81' lang='lat' dir='ltr'><strong>tandem</strong></span> <span class='ocrx_word' id='word_1_173' title='bbox 2695 1243 2986 1306; x_wconf 87' lang='lat' dir='ltr'><strong>seditione,</strong></span> <span class='ocrx_word' id='word_1_174' title='bbox 3019 1245 3284 1313; x_wconf 86' lang='lat' dir='ltr'><strong>pulsoque</strong></span> <span class='ocrx_word' id='word_1_175' title='bbox 3317 1245 3370 1296; x_wconf 87' lang='lat' dir='ltr'><strong>in</strong></span> <span class='ocrx_word' id='word_1_176' title='bbox 3399 1243 3650 1297; x_wconf 73' lang='lat' dir='ltr'><strong>exsilium</strong></span> <span class='ocrx_word' id='word_1_177' title='bbox 3677 1243 3990 1304; x_wconf 83' lang='lat' dir='ltr'><strong>Ettstathio,</strong></span> 
     </span>
    </p>
   </div>
   <div class='ocr_carea' id='block_1_27' title="bbox 2439 1331 3992 1403">
    <p class='ocr_par' dir='ltr' id='par_1_27' title="bbox 2439 1331 3992 1403">
     <span class='ocr_line' id='line_1_27' title="bbox 2439 1331 3992 1403; baseline 0.001 -19"><span class='ocrx_word' id='word_1_178' title='bbox 2439 1331 2704 1388; x_wconf 88' lang='lat' dir='ltr'><strong>Eusebius</strong></span> <span class='ocrx_word' id='word_1_179' title='bbox 2744 1343 2930 1387; x_wconf 82' lang='lat' dir='ltr'><strong>noster</strong></span> <span class='ocrx_word' id='word_1_180' title='bbox 2973 1336 3186 1388; x_wconf 89' lang='lat' dir='ltr'><strong>tametsi</strong></span> <span class='ocrx_word' id='word_1_181' title='bbox 3218 1343 3271 1386; x_wconf 83' lang='lat' dir='ltr'><strong>et</strong></span> <span class='ocrx_word' id='word_1_182' title='bbox 3305 1348 3334 1386; x_wconf 91' lang='lat' dir='ltr'><strong>a</strong></span> <span class='ocrx_word' id='word_1_183' title='bbox 3365 1335 3563 1402; x_wconf 90' lang='lat' dir='ltr'><strong>populo</strong></span> <span class='ocrx_word' id='word_1_184' title='bbox 3600 1347 3651 1388; x_wconf 88' lang='lat' dir='ltr'><strong>et</strong></span> <span class='ocrx_word' id='word_1_185' title='bbox 3681 1336 3750 1388; x_wconf 85' lang='lat' dir='ltr'><strong>ab</strong></span> <span class='ocrx_word' id='word_1_186' title='bbox 3775 1335 3992 1403; x_wconf 84' lang='lat' dir='ltr'><strong>episco-</strong></span> 
     </span>
    </p>
   </div>
   <div class='ocr_carea' id='block_1_28' title="bbox 2437 1425 3992 1496">
    <p class='ocr_par' dir='ltr' id='par_1_28' title="bbox 2437 1425 3992 1496">
     <span class='ocr_line' id='line_1_28' title="bbox 2437 1425 3992 1496; baseline 0.001 -18"><span class='ocrx_word' id='word_1_187' title='bbox 2437 1425 2522 1494; x_wconf 84' lang='lat' dir='ltr'><strong>pis</strong></span> <span class='ocrx_word' id='word_1_188' title='bbox 2551 1427 2640 1492; x_wconf 88' lang='lat' dir='ltr'><strong>qui</strong></span> <span class='ocrx_word' id='word_1_189' title='bbox 2675 1426 2922 1488; x_wconf 86' lang='lat' dir='ltr'><strong>aderant,</strong></span> <span class='ocrx_word' id='word_1_190' title='bbox 2952 1434 3174 1496; x_wconf 81' lang='lat' dir='ltr'><strong>rogatus</strong></span> <span class='ocrx_word' id='word_1_191' title='bbox 3217 1435 3275 1478; x_wconf 89' lang='lat' dir='ltr'><strong>ut</strong></span> <span class='ocrx_word' id='word_1_192' title='bbox 3321 1427 3704 1482; x_wconf 79' lang='lat' dir='ltr'><strong>Antiochensis</strong></span> <span class='ocrx_word' id='word_1_193' title='bbox 3737 1427 3992 1483; x_wconf 63' lang='lat' dir='ltr'><strong>Ecclesia:</strong></span> 
     </span>
    </p>
   </div>
   <div class='ocr_carea' id='block_1_29' title="bbox 2434 1517 3993 1588">
    <p class='ocr_par' dir='ltr' id='par_1_29' title="bbox 2434 1517 3993 1588">
     <span class='ocr_line' id='line_1_29' title="bbox 2434 1517 3993 1588; baseline 0.003 -20"><span class='ocrx_word' id='word_1_194' title='bbox 2434 1517 2958 1572; x_wconf 86' lang='lat' dir='ltr'><strong>administrationem</strong></span> <span class='ocrx_word' id='word_1_195' title='bbox 3005 1519 3327 1588; x_wconf 87' lang='lat' dir='ltr'><strong>susciperet,</strong></span> <span class='ocrx_word' id='word_1_196' title='bbox 3375 1519 3426 1572; x_wconf 90' lang='lat' dir='ltr'><strong>id</strong></span> <span class='ocrx_word' id='word_1_197' title='bbox 3475 1518 3654 1574; x_wconf 86' lang='lat' dir='ltr'><strong>facere</strong></span> <span class='ocrx_word' id='word_1_198' title='bbox 3697 1521 3993 1574; x_wconf 85' lang='lat' dir='ltr'><strong>recusavit.</strong></span> 
     </span>
    </p>
   </div>
   <div class='ocr_carea' id='block_1_30' title="bbox 2435 1604 3991 1676">
    <p class='ocr_par' dir='ltr' id='par_1_30' title="bbox 2435 1604 3991 1676">
     <span class='ocr_line' id='line_1_30' title="bbox 2435 1604 3991 1676; baseline 0.005 -18"><span class='ocrx_word' id='word_1_199' title='bbox 2435 1604 2676 1673; x_wconf 89' lang='lat' dir='ltr'><strong>Cumque</strong></span> <span class='ocrx_word' id='word_1_200' title='bbox 2707 1607 2948 1676; x_wconf 87' lang='lat' dir='ltr'><strong>episcopi</strong></span> <span class='ocrx_word' id='word_1_201' title='bbox 2985 1609 3202 1676; x_wconf 78' lang='lat' dir='ltr'><strong>scriptis</strong></span> <span class='ocrx_word' id='word_1_202' title='bbox 3225 1609 3290 1662; x_wconf 91' lang='lat' dir='ltr'><strong>ad</strong></span> <span class='ocrx_word' id='word_1_203' title='bbox 3323 1609 3742 1662; x_wconf 82' lang='lat' dir='ltr'><strong>Constantinum</strong></span> <span class='ocrx_word' id='word_1_204' title='bbox 3775 1611 3991 1674; x_wconf 86' lang='lat' dir='ltr'><strong>litteris.</strong></span> 
     </span>
    </p>
   </div>
   <div class='ocr_carea' id='block_1_31' title="bbox 2431 1699 3987 1770">
    <p class='ocr_par' dir='ltr' id='par_1_31' title="bbox 2431 1699 3987 1770">
     <span class='ocr_line' id='line_1_31' title="bbox 2431 1699 3987 1770; baseline 0.003 -21"><span class='ocrx_word' id='word_1_205' title='bbox 2431 1704 2486 1749; x_wconf 90' lang='lat' dir='ltr'><strong>et</strong></span> <span class='ocrx_word' id='word_1_206' title='bbox 2518 1711 2676 1750; x_wconf 85' lang='lat' dir='ltr'><strong>suum</strong></span> <span class='ocrx_word' id='word_1_207' title='bbox 2709 1705 2763 1751; x_wconf 90' lang='lat' dir='ltr'><strong>et</strong></span> <span class='ocrx_word' id='word_1_208' title='bbox 2797 1699 2981 1768; x_wconf 85' lang='lat' dir='ltr'><strong>populi</strong></span> <span class='ocrx_word' id='word_1_209' title='bbox 3017 1701 3182 1754; x_wconf 90' lang='lat' dir='ltr'><strong>totius</strong></span> <span class='ocrx_word' id='word_1_210' title='bbox 3209 1699 3522 1770; x_wconf 76' lang='lat' dir='ltr'><strong>suffragium</strong></span> <span class='ocrx_word' id='word_1_211' title='bbox 3565 1702 3614 1754; x_wconf 89' lang='lat' dir='ltr'><strong>ei</strong></span> <span class='ocrx_word' id='word_1_212' title='bbox 3647 1703 3987 1764; x_wconf 86' lang='lat' dir='ltr'><strong>retulissent,</strong></span> 
     </span>
    </p>
   </div>
   <div class='ocr_carea' id='block_1_32' title="bbox 2437 1787 3995 1860">
    <p class='ocr_par' dir='ltr' id='par_1_32' title="bbox 2437 1787 3995 1860">
     <span class='ocr_line' id='line_1_32' title="bbox 2437 1787 3995 1860; baseline 0.007 -21"><span class='ocrx_word' id='word_1_213' title='bbox 2437 1787 2706 1844; x_wconf 88' lang='lat' dir='ltr'><strong>Eusebius</strong></span> <span class='ocrx_word' id='word_1_214' title='bbox 2741 1807 2869 1845; x_wconf 89' lang='lat' dir='ltr'><strong>suas</strong></span> <span class='ocrx_word' id='word_1_215' title='bbox 2909 1807 3124 1860; x_wconf 87' lang='lat' dir='ltr'><strong>quoque</strong></span> <span class='ocrx_word' id='word_1_216' title='bbox 3161 1793 3369 1846; x_wconf 87' lang='lat' dir='ltr'><strong>litteras</strong></span> <span class='ocrx_word' id='word_1_217' title='bbox 3397 1793 3544 1846; x_wconf 87' lang='lat' dir='ltr'><strong>dedit</strong></span> <span class='ocrx_word' id='word_1_218' title='bbox 3585 1794 3650 1846; x_wconf 88' lang='lat' dir='ltr'><strong>ad</strong></span> <span class='ocrx_word' id='word_1_219' title='bbox 3683 1795 3995 1852; x_wconf 87' lang='lat' dir='ltr'><strong>Constanti-</strong></span> 
     </span>
    </p>
   </div>
   <div class='ocr_carea' id='block_1_33' title="bbox 767 1872 3994 1966">
    <p class='ocr_par' dir='ltr' id='par_1_33' title="bbox 767 1872 3994 1966">
     <span class='ocr_line' id='line_1_33' title="bbox 767 1872 3994 1966; baseline 0.008 -50"><span class='ocrx_word' id='word_1_220' title='bbox 767 1887 1000 1952; x_wconf 70' lang='lat' dir='ltr'><strong>gem-mm</strong></span> <span class='ocrx_word' id='word_1_221' title='bbox 1031 1903 1132 1940; x_wconf 67' lang='lat' dir='ltr'><strong>non</strong></span> <span class='ocrx_word' id='word_1_222' title='bbox 1166 1889 1388 1956; x_wconf 49' lang='lat' dir='ltr'><strong>factum,</strong></span> <span class='ocrx_word' id='word_1_223' title='bbox 1419 1893 1918 1948; x_wconf 45' lang='lat' dir='ltr'><strong>camuhmmialem</strong></span> <span class='ocrx_word' id='word_1_224' title='bbox 1951 1895 2124 1950; x_wconf 51' lang='grc' dir='ltr'><strong>ραινί.</strong></span> <span class='ocrx_word' id='word_1_225' title='bbox 2167 1897 2330 1966; x_wconf 49' lang='lat' dir='ltr'><strong>Adio,</strong></span> <span class='ocrx_word' id='word_1_226' title='bbox 2365 1872 2402 1922; x_wconf 81' lang='grc' dir='ltr'>Β</span> <span class='ocrx_word' id='word_1_227' title='bbox 2433 1895 2584 1930; x_wconf 90' lang='lat' dir='ltr'><strong>num.</strong></span> <span class='ocrx_word' id='word_1_228' title='bbox 2614 1879 2824 1943; x_wconf 86' lang='lat' dir='ltr'><strong>Quibus</strong></span> <span class='ocrx_word' id='word_1_229' title='bbox 2855 1883 3168 1936; x_wconf 86' lang='lat' dir='ltr'><strong>rescribens</strong></span> <span class='ocrx_word' id='word_1_230' title='bbox 3211 1883 3340 1952; x_wconf 91' lang='lat' dir='ltr'><strong>imp.</strong></span> <span class='ocrx_word' id='word_1_231' title='bbox 3373 1878 3784 1946; x_wconf 85' lang='lat' dir='ltr'><strong>Constantinus,</strong></span> <span class='ocrx_word' id='word_1_232' title='bbox 3819 1887 3994 1942; x_wconf 80' lang='lat' dir='ltr'><strong>Ense-</strong></span> 
     </span>
    </p>
   </div>
   <div class='ocr_carea' id='block_1_34' title="bbox 769 1979 2330 2056">
    <p class='ocr_par' dir='ltr' id='par_1_34' title="bbox 769 1979 2330 2056">
     <span class='ocr_line' id='line_1_34' title="bbox 769 1979 2330 2056; baseline 0.008 -29"><span class='ocrx_word' id='word_1_233' title='bbox 769 1985 960 2030; x_wconf 75' lang='lat' dir='ltr'><strong>cet-unt</strong></span> <span class='ocrx_word' id='word_1_234' title='bbox 991 1979 1152 2032; x_wconf 89' lang='lat' dir='ltr'><strong>etiam</strong></span> <span class='ocrx_word' id='word_1_235' title='bbox 1186 1984 1666 2039; x_wconf 84' lang='lat' dir='ltr'><strong>anathematismos</strong></span> <span class='ocrx_word' id='word_1_236' title='bbox 1709 1985 1970 2042; x_wconf 88' lang='lat' dir='ltr'><strong>adversus</strong></span> <span class='ocrx_word' id='word_1_237' title='bbox 1998 2002 2092 2042; x_wconf 87' lang='lat' dir='ltr'><strong>eos</strong></span> <span class='ocrx_word' id='word_1_238' title='bbox 2123 1989 2212 2056; x_wconf 92' lang='lat' dir='ltr'><strong>qui</strong></span> <span class='ocrx_word' id='word_1_239' title='bbox 2247 1988 2330 2040; x_wconf 83' lang='lat' dir='ltr'><strong>di—</strong></span> 
     </span>
    </p>
   </div>
   <div class='ocr_carea' id='block_1_35' title="bbox 765 2067 2326 2142">
    <p class='ocr_par' dir='ltr' id='par_1_35' title="bbox 765 2067 2326 2142">
     <span class='ocr_line' id='line_1_35' title="bbox 765 2067 2326 2142; baseline 0.01 -24"><span class='ocrx_word' id='word_1_240' title='bbox 765 2077 954 2120; x_wconf 89' lang='lat' dir='ltr'><strong>cerent</strong></span> <span class='ocrx_word' id='word_1_241' title='bbox 985 2067 1180 2122; x_wconf 75' lang='lat' dir='ltr'><strong>Filium</strong></span> <span class='ocrx_word' id='word_1_242' title='bbox 1215 2071 1308 2125; x_wconf 83' lang='lat' dir='ltr'><strong>Dei</strong></span> <span class='ocrx_word' id='word_1_243' title='bbox 1339 2073 1408 2126; x_wconf 87' lang='lat' dir='ltr'><strong>de</strong></span> <span class='ocrx_word' id='word_1_244' title='bbox 1433 2089 1540 2128; x_wconf 90' lang='lat' dir='ltr'><strong>non</strong></span> <span class='ocrx_word' id='word_1_245' title='bbox 1572 2077 1914 2132; x_wconf 85' lang='lat' dir='ltr'><strong>exstantibus</strong></span> <span class='ocrx_word' id='word_1_246' title='bbox 1957 2077 2158 2131; x_wconf 89' lang='lat' dir='ltr'><strong>factum</strong></span> <span class='ocrx_word' id='word_1_247' title='bbox 2185 2095 2326 2142; x_wconf 78' lang='lat' dir='ltr'><strong>esse,</strong></span> 
     </span>
    </p>
   </div>
   <div class='ocr_carea' id='block_1_36' title="bbox 767 2155 2326 2240">
    <p class='ocr_par' dir='ltr' id='par_1_36' title="bbox 767 2155 2326 2240">
     <span class='ocr_line' id='line_1_36' title="bbox 767 2155 2326 2240; baseline 0.01 -32"><span class='ocrx_word' id='word_1_248' title='bbox 767 2164 822 2208; x_wconf 90' lang='lat' dir='ltr'><strong>et</strong></span> <span class='ocrx_word' id='word_1_249' title='bbox 855 2155 1024 2214; x_wconf 86' lang='lat' dir='ltr'><strong>fuisse</strong></span> <span class='ocrx_word' id='word_1_250' title='bbox 1055 2167 1268 2229; x_wconf 89' lang='lat' dir='ltr'><strong>tempus</strong></span> <span class='ocrx_word' id='word_1_251' title='bbox 1296 2178 1418 2216; x_wconf 89' lang='lat' dir='ltr'><strong>cum</strong></span> <span class='ocrx_word' id='word_1_252' title='bbox 1465 2179 1572 2240; x_wconf 85' lang='lat' dir='ltr'><strong>non</strong></span> <span class='ocrx_word' id='word_1_253' title='bbox 1613 2175 1778 2221; x_wconf 87' lang='lat' dir='ltr'><strong>esset.</strong></span> <span class='ocrx_word' id='word_1_254' title='bbox 1813 2168 1880 2222; x_wconf 90' lang='lat' dir='ltr'><strong>Et</strong></span> <span class='ocrx_word' id='word_1_255' title='bbox 1922 2169 2078 2224; x_wconf 89' lang='lat' dir='ltr'><strong>initio</strong></span> <span class='ocrx_word' id='word_1_256' title='bbox 2108 2171 2326 2240; x_wconf 87' lang='lat' dir='ltr'><strong>quidem</strong></span> 
     </span>
    </p>
   </div>
   <div class='ocr_carea' id='block_1_37' title="bbox 765 2237 2328 2338">
    <p class='ocr_par' dir='ltr' id='par_1_37' title="bbox 765 2237 2328 2338">
     <span class='ocr_line' id='line_1_37' title="bbox 765 2237 2328 2338; baseline 0.013 -41"><span class='ocrx_word' id='word_1_257' title='bbox 765 2243 1034 2302; x_wconf 88' lang='lat' dir='ltr'><strong>Eusebius</strong></span> <span class='ocrx_word' id='word_1_258' title='bbox 1071 2257 1258 2306; x_wconf 87' lang='lat' dir='ltr'><strong>noster</strong></span> <span class='ocrx_word' id='word_1_259' title='bbox 1301 2237 1766 2312; x_wconf 80' lang='lat' dir='ltr'><strong>consubstantialis</strong></span> <span class='ocrx_word' id='word_1_260' title='bbox 1806 2275 1994 2338; x_wconf 70' lang='lat' dir='ltr'><strong>vocem</strong></span> <span class='ocrx_word' id='word_1_261' title='bbox 2041 2261 2328 2317; x_wconf 80' lang='lat' dir='ltr'><strong>admittere</strong></span> 
     </span>
    </p>
   </div>
   <div class='ocr_carea' id='block_1_38' title="bbox 763 2337 2324 2422">
    <p class='ocr_par' dir='ltr' id='par_1_38' title="bbox 763 2337 2324 2422">
     <span class='ocr_line' id='line_1_38' title="bbox 763 2337 2324 2422; baseline 0.012 -32"><span class='ocrx_word' id='word_1_262' title='bbox 763 2337 1070 2392; x_wconf 81' lang='lat' dir='ltr'><strong>recusabat.</strong></span> <span class='ocrx_word' id='word_1_263' title='bbox 1107 2341 1211 2396; x_wconf 87' lang='lat' dir='ltr'><strong>Sed</strong></span> <span class='ocrx_word' id='word_1_264' title='bbox 1252 2357 1438 2414; x_wconf 88' lang='lat' dir='ltr'><strong>postea</strong></span> <span class='ocrx_word' id='word_1_265' title='bbox 1469 2348 1696 2403; x_wconf 90' lang='lat' dir='ltr'><strong>edoctus</strong></span> <span class='ocrx_word' id='word_1_266' title='bbox 1730 2365 1760 2402; x_wconf 91' lang='lat' dir='ltr'><strong>a</strong></span> <span class='ocrx_word' id='word_1_267' title='bbox 1803 2337 2030 2420; x_wconf 76' lang='lat' dir='ltr'><strong>reliquis</strong></span> <span class='ocrx_word' id='word_1_268' title='bbox 2057 2355 2324 2422; x_wconf 73' lang='lat' dir='ltr'><strong>episcopis</strong></span> 
     </span>
    </p>
   </div>
   <div class='ocr_carea' id='block_1_39' title="bbox 761 2434 2324 2506">
    <p class='ocr_par' dir='ltr' id='par_1_39' title="bbox 761 2434 2324 2506">
     <span class='ocr_line' id='line_1_39' title="bbox 761 2434 2324 2506; baseline 0.01 -26"><span class='ocrx_word' id='word_1_269' title='bbox 761 2443 1009 2496; x_wconf 77' lang='lat' dir='ltr'><strong>quamam</strong></span> <span class='ocrx_word' id='word_1_270' title='bbox 1036 2440 1180 2488; x_wconf 76' lang='lat' dir='ltr'><strong>esset</strong></span> <span class='ocrx_word' id='word_1_271' title='bbox 1213 2434 1376 2502; x_wconf 88' lang='lat' dir='ltr'><strong>hujus</strong></span> <span class='ocrx_word' id='word_1_272' title='bbox 1401 2437 1550 2490; x_wconf 87' lang='lat' dir='ltr'><strong>verbi</strong></span> <span class='ocrx_word' id='word_1_273' title='bbox 1580 2438 1665 2492; x_wconf 89' lang='lat' dir='ltr'><strong>vis</strong></span> <span class='ocrx_word' id='word_1_274' title='bbox 1698 2447 1860 2506; x_wconf 88' lang='lat' dir='ltr'><strong>atque</strong></span> <span class='ocrx_word' id='word_1_275' title='bbox 1890 2443 2175 2502; x_wconf 87' lang='lat' dir='ltr'><strong>sententia,</strong></span> <span class='ocrx_word' id='word_1_276' title='bbox 2201 2441 2324 2495; x_wconf 86' lang='lat' dir='ltr'><strong>huic</strong></span> 
     </span>
    </p>
   </div>
   <div class='ocr_carea' id='block_1_40' title="bbox 761 2519 2326 2601">
    <p class='ocr_par' dir='ltr' id='par_1_40' title="bbox 761 2519 2326 2601">
     <span class='ocr_line' id='line_1_40' title="bbox 761 2519 2326 2601; baseline 0.008 -27"><span class='ocrx_word' id='word_1_277' title='bbox 761 2519 885 2575; x_wconf 73' lang='lat' dir='ltr'><strong>ﬁdei</strong></span> <span class='ocrx_word' id='word_1_278' title='bbox 915 2524 1130 2578; x_wconf 88' lang='lat' dir='ltr'><strong>tandem</strong></span> <span class='ocrx_word' id='word_1_279' title='bbox 1161 2530 1441 2580; x_wconf 86' lang='lat' dir='ltr'><strong>consensit</strong></span> <span class='ocrx_word' id='word_1_280' title='bbox 1488 2543 1553 2581; x_wconf 89' lang='lat' dir='ltr'><strong>ac</strong></span> <span class='ocrx_word' id='word_1_281' title='bbox 1593 2529 1942 2599; x_wconf 88' lang='lat' dir='ltr'><strong>subscripsit,</strong></span> <span class='ocrx_word' id='word_1_282' title='bbox 1973 2532 2326 2601; x_wconf 85' lang='lat' dir='ltr'><strong>quemadmo-</strong></span> 
     </span>
    </p>
   </div>
   <div class='ocr_carea' id='block_1_41' title="bbox 759 2611 2326 2686">
    <p class='ocr_par' dir='ltr' id='par_1_41' title="bbox 759 2611 2326 2686">
     <span class='ocr_line' id='line_1_41' title="bbox 759 2611 2326 2686; baseline 0.01 -23"><span class='ocrx_word' id='word_1_283' title='bbox 759 2611 890 2666; x_wconf 88' lang='lat' dir='ltr'><strong>dum</strong></span> <span class='ocrx_word' id='word_1_284' title='bbox 935 2616 1050 2683; x_wconf 89' lang='lat' dir='ltr'><strong>ipse</strong></span> <span class='ocrx_word' id='word_1_285' title='bbox 1079 2617 1245 2670; x_wconf 81' lang='lat' dir='ltr'><strong>tradit</strong></span> <span class='ocrx_word' id='word_1_286' title='bbox 1283 2618 1340 2670; x_wconf 91' lang='lat' dir='ltr'><strong>in</strong></span> <span class='ocrx_word' id='word_1_287' title='bbox 1379 2619 1608 2686; x_wconf 88' lang='lat' dir='ltr'><strong>epistola</strong></span> <span class='ocrx_word' id='word_1_288' title='bbox 1644 2618 1709 2672; x_wconf 89' lang='lat' dir='ltr'><strong>ad</strong></span> <span class='ocrx_word' id='word_1_289' title='bbox 1755 2621 2142 2682; x_wconf 82' lang='lat' dir='ltr'><strong>Caesarienses.</strong></span> <span class='ocrx_word' id='word_1_290' title='bbox 2178 2623 2326 2678; x_wconf 67' lang='grc' dir='ltr'><strong>Νοηο</strong></span> 
     </span>
    </p>
   </div>
   <div class='ocr_carea' id='block_1_42' title="bbox 758 2703 2322 2780">
    <p class='ocr_par' dir='ltr' id='par_1_42' title="bbox 758 2703 2322 2780">
     <span class='ocr_line' id='line_1_42' title="bbox 758 2703 2322 2780; baseline 0.01 -24"><span class='ocrx_word' id='word_1_291' title='bbox 758 2703 892 2756; x_wconf 89' lang='lat' dir='ltr'><strong>nulli</strong></span> <span class='ocrx_word' id='word_1_292' title='bbox 940 2714 1194 2760; x_wconf 84' lang='lat' dir='ltr'><strong>asserunt</strong></span> <span class='ocrx_word' id='word_1_293' title='bbox 1246 2706 1539 2762; x_wconf 85' lang='lat' dir='ltr'><strong>Eusebium</strong></span> <span class='ocrx_word' id='word_1_294' title='bbox 1587 2715 1915 2768; x_wconf 87' lang='lat' dir='ltr'><strong>necessitate</strong></span> <span class='ocrx_word' id='word_1_295' title='bbox 1958 2715 2232 2780; x_wconf 89' lang='lat' dir='ltr'><strong>adactum,</strong></span> <span class='ocrx_word' id='word_1_296' title='bbox 2271 2731 2322 2772; x_wconf 90' lang='lat' dir='ltr'><strong>et</strong></span> 
     </span>
    </p>
   </div>
   <div class='ocr_carea' id='block_1_43' title="bbox 757 2791 2321 2869">
    <p class='ocr_par' dir='ltr' id='par_1_43' title="bbox 757 2791 2321 2869">
     <span class='ocr_line' id='line_1_43' title="bbox 757 2791 2321 2869; baseline 0.01 -27"><span class='ocrx_word' id='word_1_297' title='bbox 757 2791 1105 2862; x_wconf 86' lang='lat' dir='ltr'><strong>imperatoris</strong></span> <span class='ocrx_word' id='word_1_298' title='bbox 1133 2806 1275 2851; x_wconf 89' lang='lat' dir='ltr'><strong>metu</strong></span> <span class='ocrx_word' id='word_1_299' title='bbox 1308 2799 1488 2866; x_wconf 89' lang='lat' dir='ltr'><strong>potius</strong></span> <span class='ocrx_word' id='word_1_300' title='bbox 1511 2815 1674 2869; x_wconf 90' lang='lat' dir='ltr'><strong>quam</strong></span> <span class='ocrx_word' id='word_1_301' title='bbox 1698 2817 1758 2854; x_wconf 87' lang='lat' dir='ltr'><strong>ex</strong></span> <span class='ocrx_word' id='word_1_302' title='bbox 1787 2803 1954 2856; x_wconf 89' lang='lat' dir='ltr'><strong>animi</strong></span> <span class='ocrx_word' id='word_1_303' title='bbox 1984 2805 2321 2860; x_wconf 83' lang='lat' dir='ltr'><strong>sui-senten-</strong></span> 
     </span>
    </p>
   </div>
   <div class='ocr_carea' id='block_1_44' title="bbox 756 2884 2320 2963">
    <p class='ocr_par' dir='ltr' id='par_1_44' title="bbox 756 2884 2320 2963">
     <span class='ocr_line' id='line_1_44' title="bbox 756 2884 2320 2963; baseline 0.011 -27"><span class='ocrx_word' id='word_1_304' title='bbox 756 2885 852 2946; x_wconf 88' lang='lat' dir='ltr'><strong>tia,</strong></span> <span class='ocrx_word' id='word_1_305' title='bbox 901 2884 1130 2942; x_wconf 73' lang='lat' dir='ltr'><strong>Niczeuae</strong></span> <span class='ocrx_word' id='word_1_306' title='bbox 1175 2888 1296 2942; x_wconf 87' lang='lat' dir='ltr'><strong>ﬁdei</strong></span> <span class='ocrx_word' id='word_1_307' title='bbox 1332 2891 1748 2961; x_wconf 78' lang='lat' dir='ltr'><strong>subscripsisse.</strong></span> <span class='ocrx_word' id='word_1_308' title='bbox 1779 2893 1893 2963; x_wconf 77' lang='lat' dir='ltr'><strong>Ego</strong></span> <span class='ocrx_word' id='word_1_309' title='bbox 1933 2911 2062 2950; x_wconf 84' lang='lat' dir='ltr'><strong>vero</strong></span> <span class='ocrx_word' id='word_1_310' title='bbox 2090 2896 2157 2951; x_wconf 90' lang='lat' dir='ltr'><strong>de</strong></span> <span class='ocrx_word' id='word_1_311' title='bbox 2197 2899 2320 2953; x_wconf 86' lang='lat' dir='ltr'><strong>aliis</strong></span> 
     </span>
    </p>
   </div>
   <div class='ocr_carea' id='block_1_45' title="bbox 754 2976 2320 3054">
    <p class='ocr_par' dir='ltr' id='par_1_45' title="bbox 754 2976 2320 3054">
     <span class='ocr_line' id='line_1_45' title="bbox 754 2976 2320 3054; baseline 0.01 -26"><span class='ocrx_word' id='word_1_312' title='bbox 754 2976 974 3044; x_wconf 87' lang='lat' dir='ltr'><strong>quidem</strong></span> <span class='ocrx_word' id='word_1_313' title='bbox 1033 2981 1124 3048; x_wconf 91' lang='lat' dir='ltr'><strong>qui</strong></span> <span class='ocrx_word' id='word_1_314' title='bbox 1171 2979 1536 3036; x_wconf 87' lang='lat' dir='ltr'><strong>interfuerunt</strong></span> <span class='ocrx_word' id='word_1_315' title='bbox 1581 2982 1710 3037; x_wconf 83' lang='lat' dir='ltr'><strong>huic</strong></span> <span class='ocrx_word' id='word_1_316' title='bbox 1765 2985 1993 3054; x_wconf 81' lang='lat' dir='ltr'><strong>synodo,</strong></span> <span class='ocrx_word' id='word_1_317' title='bbox 2055 2987 2110 3040; x_wconf 89' lang='lat' dir='ltr'><strong>id</strong></span> <span class='ocrx_word' id='word_1_318' title='bbox 2162 2988 2320 3044; x_wconf 79' lang='lat' dir='ltr'><strong>facile</strong></span> 
     </span>
    </p>
   </div>
   <div class='ocr_carea' id='block_1_46' title="bbox 753 3067 2320 3134">
    <p class='ocr_par' dir='ltr' id='par_1_46' title="bbox 753 3067 2320 3134">
     <span class='ocr_line' id='line_1_46' title="bbox 753 3067 2320 3134; baseline 0.01 -15"><span class='ocrx_word' id='word_1_319' title='bbox 753 3067 1102 3124; x_wconf 87' lang='lat' dir='ltr'><strong>crediderim.</strong></span> <span class='ocrx_word' id='word_1_320' title='bbox 1145 3071 1219 3125; x_wconf 91' lang='lat' dir='ltr'><strong>De</strong></span> <span class='ocrx_word' id='word_1_321' title='bbox 1249 3071 1572 3128; x_wconf 65' lang='lat' dir='ltr'><strong>Caesariensi</strong></span> <span class='ocrx_word' id='word_1_322' title='bbox 1599 3083 1778 3130; x_wconf 89' lang='lat' dir='ltr'><strong>autem</strong></span> <span class='ocrx_word' id='word_1_323' title='bbox 1819 3076 2050 3132; x_wconf 87' lang='lat' dir='ltr'><strong>Eusebio</strong></span> <span class='ocrx_word' id='word_1_324' title='bbox 2083 3080 2156 3132; x_wconf 87' lang='lat' dir='ltr'><strong>ita</strong></span> <span class='ocrx_word' id='word_1_325' title='bbox 2195 3096 2320 3134; x_wconf 84' lang='lat' dir='ltr'><strong>sen-</strong></span> 
     </span>
    </p>
   </div>
   <div class='ocr_carea' id='block_1_47' title="bbox 753 3159 2314 3238">
    <p class='ocr_par' dir='ltr' id='par_1_47' title="bbox 753 3159 2314 3238">
     <span class='ocr_line' id='line_1_47' title="bbox 753 3159 2314 3238; baseline 0.01 -27"><span class='ocrx_word' id='word_1_326' title='bbox 753 3159 856 3212; x_wconf 86' lang='lat' dir='ltr'><strong>tire</strong></span> <span class='ocrx_word' id='word_1_327' title='bbox 889 3174 996 3212; x_wconf 92' lang='lat' dir='ltr'><strong>non</strong></span> <span class='ocrx_word' id='word_1_328' title='bbox 1026 3177 1268 3228; x_wconf 90' lang='lat' dir='ltr'><strong>possum.</strong></span> <span class='ocrx_word' id='word_1_329' title='bbox 1299 3163 1433 3217; x_wconf 84' lang='lat' dir='ltr'><strong>Nam</strong></span> <span class='ocrx_word' id='word_1_330' title='bbox 1475 3164 1745 3222; x_wconf 80' lang='lat' dir='ltr'><strong>Eu5ebius</strong></span> <span class='ocrx_word' id='word_1_331' title='bbox 1771 3176 1892 3235; x_wconf 90' lang='lat' dir='ltr'><strong>post</strong></span> <span class='ocrx_word' id='word_1_332' title='bbox 1917 3172 2185 3238; x_wconf 76' lang='lat' dir='ltr'><strong>synodum</strong></span> <span class='ocrx_word' id='word_1_333' title='bbox 2223 3173 2314 3227; x_wconf 77' lang='lat' dir='ltr'><strong>Ni-</strong></span> 
     </span>
    </p>
   </div>
   <div class='ocr_carea' id='block_1_48' title="bbox 689 3253 2308 3329">
    <p class='ocr_par' dir='ltr' id='par_1_48' title="bbox 689 3253 2308 3329">
     <span class='ocr_line' id='line_1_48' title="bbox 689 3253 2308 3329; baseline 0.015 -33"><span class='ocrx_word' id='word_1_334' title='bbox 689 3289 694 3296; x_wconf 89' lang='lat'><strong>.</strong></span> <span class='ocrx_word' id='word_1_335' title='bbox 751 3265 976 3313; x_wconf 79' lang='lat' dir='ltr'><strong>crenam,</strong></span> <span class='ocrx_word' id='word_1_336' title='bbox 1013 3267 1225 3322; x_wconf 85' lang='lat' dir='ltr'><strong>semper</strong></span> <span class='ocrx_word' id='word_1_337' title='bbox 1257 3253 1533 3310; x_wconf 81' lang='lat' dir='ltr'><strong>damnavit</strong></span> <span class='ocrx_word' id='word_1_338' title='bbox 1574 3272 1668 3313; x_wconf 88' lang='lat' dir='ltr'><strong>eos</strong></span> <span class='ocrx_word' id='word_1_339' title='bbox 1695 3259 1787 3329; x_wconf 89' lang='lat' dir='ltr'><strong>qui</strong></span> <span class='ocrx_word' id='word_1_340' title='bbox 1839 3261 2083 3315; x_wconf 90' lang='lat' dir='ltr'><strong>dicerent</strong></span> <span class='ocrx_word' id='word_1_341' title='bbox 2115 3261 2308 3320; x_wconf 87' lang='lat' dir='ltr'><strong>Filium</strong></span> 
     </span>
    </p>
   </div>
   <div class='ocr_carea' id='block_1_49' title="bbox 750 3337 2311 3422">
    <p class='ocr_par' dir='ltr' id='par_1_49' title="bbox 750 3337 2311 3422">
     <span class='ocr_line' id='line_1_49' title="bbox 750 3337 2311 3422; baseline 0.012 -31"><span class='ocrx_word' id='word_1_342' title='bbox 750 3337 844 3394; x_wconf 88' lang='lat' dir='ltr'><strong>Dei</strong></span> <span class='ocrx_word' id='word_1_343' title='bbox 879 3357 944 3396; x_wconf 74' lang='lat' dir='ltr'><strong>ex</strong></span> <span class='ocrx_word' id='word_1_344' title='bbox 989 3343 1163 3397; x_wconf 86' lang='lat' dir='ltr'><strong>nihilo</strong></span> <span class='ocrx_word' id='word_1_345' title='bbox 1213 3345 1413 3400; x_wconf 90' lang='lat' dir='ltr'><strong>factum</strong></span> <span class='ocrx_word' id='word_1_346' title='bbox 1447 3363 1590 3410; x_wconf 87' lang='lat' dir='ltr'><strong>esse,</strong></span> <span class='ocrx_word' id='word_1_347' title='bbox 1630 3359 1688 3402; x_wconf 91' lang='lat' dir='ltr'><strong>ut</strong></span> <span class='ocrx_word' id='word_1_348' title='bbox 1721 3359 1868 3419; x_wconf 89' lang='lat' dir='ltr'><strong>patet</strong></span> <span class='ocrx_word' id='word_1_349' title='bbox 1899 3347 1971 3406; x_wconf 80' lang='lat' dir='ltr'><strong>ex</strong></span> <span class='ocrx_word' id='word_1_350' title='bbox 2008 3354 2160 3410; x_wconf 87' lang='lat' dir='ltr'><strong>libris</strong></span> <span class='ocrx_word' id='word_1_351' title='bbox 2191 3357 2311 3422; x_wconf 85' lang='lat' dir='ltr'><strong>eius</strong></span> 
     </span>
    </p>
   </div>
   <div class='ocr_carea' id='block_1_50' title="bbox 747 3432 2310 3512">
    <p class='ocr_par' dir='ltr' id='par_1_50' title="bbox 747 3432 2310 3512">
     <span class='ocr_line' id='line_1_50' title="bbox 747 3432 2310 3512; baseline 0.011 -31"><span class='ocrx_word' id='word_1_352' title='bbox 747 3441 932 3482; x_wconf 79' lang='lat' dir='ltr'><strong>contra</strong></span> <span class='ocrx_word' id='word_1_353' title='bbox 979 3432 1310 3498; x_wconf 79' lang='lat' dir='ltr'><strong>Marcellum,</strong></span> <span class='ocrx_word' id='word_1_354' title='bbox 1355 3446 1408 3491; x_wconf 88' lang='lat' dir='ltr'><strong>et</strong></span> <span class='ocrx_word' id='word_1_355' title='bbox 1453 3439 1770 3493; x_wconf 88' lang='lat' dir='ltr'><strong>nominatim</strong></span> <span class='ocrx_word' id='word_1_356' title='bbox 1813 3457 1878 3495; x_wconf 76' lang='lat' dir='ltr'><strong>ex</strong></span> <span class='ocrx_word' id='word_1_357' title='bbox 1929 3458 2050 3512; x_wconf 87' lang='lat' dir='ltr'><strong>cap.</strong></span> <span class='ocrx_word' id='word_1_358' title='bbox 2084 3447 2116 3500; x_wconf 86' lang='lat'><strong>9</strong></span> <span class='ocrx_word' id='word_1_359' title='bbox 2163 3453 2216 3500; x_wconf 90' lang='lat' dir='ltr'><strong>et</strong></span> <span class='ocrx_word' id='word_1_360' title='bbox 2247 3447 2310 3499; x_wconf 83' lang='grc'><strong>10</strong></span> 
     </span>
    </p>
   </div>
   <div class='ocr_carea' id='block_1_51' title="bbox 747 3514 2310 3600">
    <p class='ocr_par' dir='ltr' id='par_1_51' title="bbox 747 3514 2310 3600">
     <span class='ocr_line' id='line_1_51' title="bbox 747 3514 2310 3600; baseline 0.013 -27"><span class='ocrx_word' id='word_1_361' title='bbox 747 3521 870 3574; x_wconf 87' lang='lat' dir='ltr'><strong>libri</strong></span> <span class='ocrx_word' id='word_1_362' title='bbox 905 3538 920 3575; x_wconf 80' lang='grc' dir='ltr'>ι</span> <span class='ocrx_word' id='word_1_363' title='bbox 951 3521 1026 3576; x_wconf 84' lang='lat' dir='ltr'><strong>De</strong></span> <span class='ocrx_word' id='word_1_364' title='bbox 1050 3514 1406 3579; x_wconf 81' lang='lat' dir='ltr'><strong>ecclesiastica</strong></span> <span class='ocrx_word' id='word_1_365' title='bbox 1448 3528 1726 3600; x_wconf 82' lang='lat' dir='ltr'><strong>theologia.</strong></span> <span class='ocrx_word' id='word_1_366' title='bbox 1761 3531 1906 3586; x_wconf 87' lang='lat' dir='ltr'><strong>Idem</strong></span> <span class='ocrx_word' id='word_1_367' title='bbox 1928 3536 2090 3588; x_wconf 81' lang='lat' dir='ltr'><strong>etiam</strong></span> <span class='ocrx_word' id='word_1_368' title='bbox 2125 3537 2192 3592; x_wconf 89' lang='lat' dir='ltr'><strong>de</strong></span> <span class='ocrx_word' id='word_1_369' title='bbox 2217 3540 2310 3593; x_wconf 90' lang='lat' dir='ltr'><strong>illo</strong></span> 
     </span>
    </p>
   </div>
   <div class='ocr_carea' id='block_1_52' title="bbox 673 3613 2310 3691">
    <p class='ocr_par' dir='ltr' id='par_1_52' title="bbox 673 3613 2310 3691">
     <span class='ocr_line' id='line_1_52' title="bbox 673 3613 2310 3691; baseline 0.014 -30"><span class='ocrx_word' id='word_1_370' title='bbox 673 3667 680 3674; x_wconf 37' lang='grc' dir='ltr'><strong><em>η</em></strong></span> <span class='ocrx_word' id='word_1_371' title='bbox 747 3620 978 3666; x_wconf 74' lang='lat' dir='ltr'><strong>testatur</strong></span> <span class='ocrx_word' id='word_1_372' title='bbox 1022 3613 1374 3672; x_wconf 86' lang='lat' dir='ltr'><strong>Athanasius.</strong></span> <span class='ocrx_word' id='word_1_373' title='bbox 1422 3618 1523 3684; x_wconf 86' lang='lat' dir='ltr'><strong>Qui</strong></span> <span class='ocrx_word' id='word_1_374' title='bbox 1561 3637 1683 3674; x_wconf 90' lang='lat' dir='ltr'><strong>cum</strong></span> <span class='ocrx_word' id='word_1_375' title='bbox 1729 3625 2029 3691; x_wconf 68' lang='lat' dir='ltr'><strong>smpissime</strong></span> <span class='ocrx_word' id='word_1_376' title='bbox 2061 3631 2310 3684; x_wconf 86' lang='lat' dir='ltr'><strong>retulerit</strong></span> 
     </span>
    </p>
   </div>
   <div class='ocr_carea' id='block_1_53' title="bbox 745 3701 2308 3786">
    <p class='ocr_par' dir='ltr' id='par_1_53' title="bbox 745 3701 2308 3786">
     <span class='ocr_line' id='line_1_53' title="bbox 745 3701 2308 3786; baseline 0.013 -30"><span class='ocrx_word' id='word_1_377' title='bbox 745 3701 1038 3760; x_wconf 72' lang='lat' dir='ltr'><strong>Eusebium</strong></span> <span class='ocrx_word' id='word_1_378' title='bbox 1091 3705 1482 3765; x_wconf 64' lang='lat' dir='ltr'><strong>Caesariensem</strong></span> <span class='ocrx_word' id='word_1_379' title='bbox 1529 3711 1761 3768; x_wconf 74' lang='lat' dir='ltr'><strong>Nicaznae</strong></span> <span class='ocrx_word' id='word_1_380' title='bbox 1807 3717 2014 3786; x_wconf 82' lang='lat' dir='ltr'><strong>synodo</strong></span> <span class='ocrx_word' id='word_1_381' title='bbox 2065 3722 2308 3776; x_wconf 88' lang='lat' dir='ltr'><strong>subscri-</strong></span> 
     </span>
    </p>
   </div>
   <div class='ocr_carea' id='block_1_54' title="bbox 743 3796 2304 3868">
    <p class='ocr_par' dir='ltr' id='par_1_54' title="bbox 743 3796 2304 3868">
     <span class='ocr_line' id='line_1_54' title="bbox 743 3796 2304 3868; baseline 0.013 -21"><span class='ocrx_word' id='word_1_382' title='bbox 743 3796 940 3864; x_wconf 89' lang='lat' dir='ltr'><strong>psisse,</strong></span> <span class='ocrx_word' id='word_1_383' title='bbox 983 3813 1259 3866; x_wconf 90' lang='lat' dir='ltr'><strong>nunquam</strong></span> <span class='ocrx_word' id='word_1_384' title='bbox 1307 3807 1486 3856; x_wconf 89' lang='lat' dir='ltr'><strong>tamen</strong></span> <span class='ocrx_word' id='word_1_385' title='bbox 1535 3803 1586 3856; x_wconf 91' lang='lat' dir='ltr'><strong>id</strong></span> <span class='ocrx_word' id='word_1_386' title='bbox 1616 3805 1684 3859; x_wconf 85' lang='lat' dir='ltr'><strong>ab</strong></span> <span class='ocrx_word' id='word_1_387' title='bbox 1723 3806 1816 3860; x_wconf 91' lang='lat' dir='ltr'><strong>illo</strong></span> <span class='ocrx_word' id='word_1_388' title='bbox 1862 3809 2114 3866; x_wconf 86' lang='lat' dir='ltr'><strong>simulate</strong></span> <span class='ocrx_word' id='word_1_389' title='bbox 2159 3821 2212 3867; x_wconf 84' lang='lat' dir='ltr'><strong>e:</strong></span> <span class='ocrx_word' id='word_1_390' title='bbox 2249 3814 2304 3868; x_wconf 93' lang='lat' dir='ltr'><strong>in</strong></span> 
     </span>
    </p>
   </div>
   <div class='ocr_carea' id='block_1_55' title="bbox 743 3885 2302 3966">
    <p class='ocr_par' dir='ltr' id='par_1_55' title="bbox 743 3885 2302 3966">
     <span class='ocr_line' id='line_1_55' title="bbox 743 3885 2302 3966; baseline 0.012 -28"><span class='ocrx_word' id='word_1_391' title='bbox 743 3885 980 3952; x_wconf 86' lang='lat' dir='ltr'><strong>speciem</strong></span> <span class='ocrx_word' id='word_1_392' title='bbox 1011 3886 1274 3942; x_wconf 78' lang='lat' dir='ltr'><strong>duntaxat</strong></span> <span class='ocrx_word' id='word_1_393' title='bbox 1299 3889 1500 3945; x_wconf 90' lang='lat' dir='ltr'><strong>factum</strong></span> <span class='ocrx_word' id='word_1_394' title='bbox 1525 3909 1648 3950; x_wconf 90' lang='lat' dir='ltr'><strong>esse</strong></span> <span class='ocrx_word' id='word_1_395' title='bbox 1682 3898 1878 3966; x_wconf 90' lang='lat' dir='ltr'><strong>prodit.</strong></span> <span class='ocrx_word' id='word_1_396' title='bbox 1914 3899 2074 3956; x_wconf 88' lang='lat' dir='ltr'><strong>Certe</strong></span> <span class='ocrx_word' id='word_1_397' title='bbox 2112 3904 2154 3957; x_wconf 90' lang='lat' dir='ltr'><strong>si</strong></span> <span class='ocrx_word' id='word_1_398' title='bbox 2190 3901 2302 3957; x_wconf 85' lang='lat' dir='ltr'><strong>Eu-</strong></span> 
     </span>
    </p>
   </div>
   <div class='ocr_carea' id='block_1_56' title="bbox 742 3974 2304 4054">
    <p class='ocr_par' dir='ltr' id='par_1_56' title="bbox 742 3974 2304 4054">
     <span class='ocr_line' id='line_1_56' title="bbox 742 3974 2304 4054; baseline 0.016 -30"><span class='ocrx_word' id='word_1_399' title='bbox 742 3974 926 4030; x_wconf 85' lang='lat' dir='ltr'><strong>sebius</strong></span> <span class='ocrx_word' id='word_1_400' title='bbox 975 3991 1080 4028; x_wconf 89' lang='lat' dir='ltr'><strong>non</strong></span> <span class='ocrx_word' id='word_1_401' title='bbox 1111 3993 1176 4031; x_wconf 82' lang='lat' dir='ltr'><strong>ex</strong></span> <span class='ocrx_word' id='word_1_402' title='bbox 1213 3980 1415 4043; x_wconf 88' lang='lat' dir='ltr'><strong>animo,</strong></span> <span class='ocrx_word' id='word_1_403' title='bbox 1455 3984 1548 4037; x_wconf 89' lang='lat' dir='ltr'><strong>sed</strong></span> <span class='ocrx_word' id='word_1_404' title='bbox 1581 3995 1676 4054; x_wconf 81' lang='lat' dir='ltr'><strong>per</strong></span> <span class='ocrx_word' id='word_1_405' title='bbox 1703 3985 1946 4043; x_wconf 88' lang='lat' dir='ltr'><strong>fraudem</strong></span> <span class='ocrx_word' id='word_1_406' title='bbox 1988 4007 2051 4046; x_wconf 91' lang='lat' dir='ltr'><strong>ac</strong></span> <span class='ocrx_word' id='word_1_407' title='bbox 2085 3995 2304 4048; x_wconf 87' lang='lat' dir='ltr'><strong>simula-</strong></span> 
     </span>
    </p>
   </div>
   <div class='ocr_carea' id='block_1_57' title="bbox 741 4064 2300 4146">
    <p class='ocr_par' dir='ltr' id='par_1_57' title="bbox 741 4064 2300 4146">
     <span class='ocr_line' id='line_1_57' title="bbox 741 4064 2300 4146; baseline 0.017 -32"><span class='ocrx_word' id='word_1_408' title='bbox 741 4064 946 4117; x_wconf 89' lang='lat' dir='ltr'><strong>tionem</strong></span> <span class='ocrx_word' id='word_1_409' title='bbox 985 4065 1202 4122; x_wconf 71' lang='lat' dir='ltr'><strong>Niczeno</strong></span> <span class='ocrx_word' id='word_1_410' title='bbox 1237 4073 1474 4126; x_wconf 89' lang='lat' dir='ltr'><strong>concilio</strong></span> <span class='ocrx_word' id='word_1_411' title='bbox 1515 4077 1865 4146; x_wconf 82' lang='lat' dir='ltr'><strong>subscripsit,</strong></span> <span class='ocrx_word' id='word_1_412' title='bbox 1893 4096 1991 4134; x_wconf 88' lang='lat' dir='ltr'><strong>cur</strong></span> <span class='ocrx_word' id='word_1_413' title='bbox 2024 4084 2090 4137; x_wconf 89' lang='lat' dir='ltr'><strong>ad</strong></span> <span class='ocrx_word' id='word_1_414' title='bbox 2117 4069 2300 4142; x_wconf 64' lang='lat' dir='ltr'><strong>(Stesa-</strong></span> 
     </span>
    </p>
   </div>
   <div class='ocr_carea' id='block_1_58' title="bbox 737 4160 2298 4246">
    <p class='ocr_par' dir='ltr' id='par_1_58' title="bbox 737 4160 2298 4246">
     <span class='ocr_line' id='line_1_58' title="bbox 737 4160 2298 4246; baseline 0.013 -34"><span class='ocrx_word' id='word_1_415' title='bbox 737 4160 947 4215; x_wconf 82' lang='lat' dir='ltr'><strong>rienses</strong></span> <span class='ocrx_word' id='word_1_416' title='bbox 1005 4161 1152 4214; x_wconf 88' lang='lat' dir='ltr'><strong>illam</strong></span> <span class='ocrx_word' id='word_1_417' title='bbox 1189 4179 1350 4232; x_wconf 87' lang='lat' dir='ltr'><strong>quam</strong></span> <span class='ocrx_word' id='word_1_418' title='bbox 1403 4166 1516 4220; x_wconf 84' lang='lat' dir='ltr'><strong>dixi</strong></span> <span class='ocrx_word' id='word_1_419' title='bbox 1565 4177 1752 4238; x_wconf 89' lang='lat' dir='ltr'><strong>postea</strong></span> <span class='ocrx_word' id='word_1_420' title='bbox 1797 4173 1944 4226; x_wconf 88' lang='lat' dir='ltr'><strong>misit</strong></span> <span class='ocrx_word' id='word_1_421' title='bbox 1986 4177 2298 4246; x_wconf 83' lang='lat' dir='ltr'><strong>epistolam,</strong></span> 
     </span>
    </p>
   </div>
   <div class='ocr_carea' id='block_1_59' title="bbox 735 4253 2296 4336">
    <p class='ocr_par' dir='ltr' id='par_1_59' title="bbox 735 4253 2296 4336">
     <span class='ocr_line' id='line_1_59' title="bbox 735 4253 2296 4336; baseline 0.013 -33"><span class='ocrx_word' id='word_1_422' title='bbox 735 4265 842 4320; x_wconf 88' lang='lat' dir='ltr'><strong>qua</strong></span> <span class='ocrx_word' id='word_1_423' title='bbox 883 4253 1116 4321; x_wconf 81' lang='lat' dir='ltr'><strong>ingenue</strong></span> <span class='ocrx_word' id='word_1_424' title='bbox 1153 4253 1434 4323; x_wconf 85' lang='lat' dir='ltr'><strong>professus</strong></span> <span class='ocrx_word' id='word_1_425' title='bbox 1475 4267 1558 4314; x_wconf 82' lang='lat' dir='ltr'><strong>cst</strong></span> <span class='ocrx_word' id='word_1_426' title='bbox 1602 4276 1661 4314; x_wconf 87' lang='lat' dir='ltr'><strong>se</strong></span> <span class='ocrx_word' id='word_1_427' title='bbox 1709 4261 1868 4316; x_wconf 89' lang='lat' dir='ltr'><strong>ﬁdem</strong></span> <span class='ocrx_word' id='word_1_428' title='bbox 1905 4265 2050 4318; x_wconf 85' lang='lat' dir='ltr'><strong>illam</strong></span> <span class='ocrx_word' id='word_1_429' title='bbox 2083 4283 2203 4336; x_wconf 65' lang='lat' dir='ltr'><strong>quae</strong></span> <span class='ocrx_word' id='word_1_430' title='bbox 2244 4271 2296 4323; x_wconf 89' lang='lat' dir='ltr'><strong>in</strong></span> 
     </span>
    </p>
   </div>
   <div class='ocr_carea' id='block_1_60' title="bbox 734 4345 2304 4424">
    <p class='ocr_par' dir='ltr' id='par_1_60' title="bbox 734 4345 2304 4424">
     <span class='ocr_line' id='line_1_60' title="bbox 734 4345 2304 4424; baseline 0.015 -31"><span class='ocrx_word' id='word_1_431' title='bbox 734 4345 967 4402; x_wconf 73' lang='lat' dir='ltr'><strong>concilio</strong></span> <span class='ocrx_word' id='word_1_432' title='bbox 1013 4345 1232 4401; x_wconf 73' lang='lat' dir='ltr'><strong>Nicmno</strong></span> <span class='ocrx_word' id='word_1_433' title='bbox 1279 4348 1422 4402; x_wconf 86' lang='lat' dir='ltr'><strong>edita</strong></span> <span class='ocrx_word' id='word_1_434' title='bbox 1491 4351 1685 4412; x_wconf 85' lang='lat' dir='ltr'><strong>fuerat,</strong></span> <span class='ocrx_word' id='word_1_435' title='bbox 1745 4356 2053 4424; x_wconf 78' lang='lat' dir='ltr'><strong>amplexum</strong></span> <span class='ocrx_word' id='word_1_436' title='bbox 2105 4359 2304 4416; x_wconf 86' lang='lat' dir='ltr'><strong>fuisse?</strong></span> 
     </span>
    </p>
   </div>
   <div class='ocr_carea' id='block_1_61' title="bbox 731 4432 2292 4520">
    <p class='ocr_par' dir='ltr' id='par_1_61' title="bbox 731 4432 2292 4520">
     <span class='ocr_line' id='line_1_61' title="bbox 731 4432 2292 4520; baseline 0.012 -31"><span class='ocrx_word' id='word_1_437' title='bbox 731 4432 860 4491; x_wconf 84' lang='lat' dir='ltr'><strong>Post</strong></span> <span class='ocrx_word' id='word_1_438' title='bbox 903 4439 1168 4508; x_wconf 87' lang='lat' dir='ltr'><strong>synodum</strong></span> <span class='ocrx_word' id='word_1_439' title='bbox 1219 4438 1514 4506; x_wconf 75' lang='lat' dir='ltr'><strong>Niczenam,</strong></span> <span class='ocrx_word' id='word_1_440' title='bbox 1546 4443 1730 4498; x_wconf 87' lang='lat' dir='ltr'><strong>Ariani</strong></span> <span class='ocrx_word' id='word_1_441' title='bbox 1767 4457 1914 4520; x_wconf 81' lang='lat' dir='ltr'><strong>metu</strong></span> <span class='ocrx_word' id='word_1_442' title='bbox 1949 4449 2292 4520; x_wconf 87' lang='lat' dir='ltr'><strong>imperatoris</strong></span> 
     </span>
    </p>
   </div>
   <div class='ocr_carea' id='block_1_62' title="bbox 2340 3214 2384 3272">
    <p class='ocr_par' dir='ltr' id='par_1_62' title="bbox 2340 3214 2384 3272">
     <span class='ocr_line' id='line_1_62' title="bbox 2340 3214 2384 3272; baseline 0 0"><span class='ocrx_word' id='word_1_443' title='bbox 2340 3214 2384 3272; x_wconf 89' lang='lat' dir='ltr'><strong>C</strong></span> 
     </span>
    </p>
   </div>
   <div class='ocr_carea' id='block_1_63' title="bbox 2432 1969 3992 2041">
    <p class='ocr_par' dir='ltr' id='par_1_63' title="bbox 2432 1969 3992 2041">
     <span class='ocr_line' id='line_1_63' title="bbox 2432 1969 3992 2041; baseline 0.008 -20"><span class='ocrx_word' id='word_1_444' title='bbox 2432 1969 2504 2022; x_wconf 91' lang='lat' dir='ltr'><strong>bii</strong></span> <span class='ocrx_word' id='word_1_445' title='bbox 2531 1971 2818 2024; x_wconf 88' lang='lat' dir='ltr'><strong>consilium</strong></span> <span class='ocrx_word' id='word_1_446' title='bbox 2841 1987 3184 2041; x_wconf 77' lang='lat' dir='ltr'><strong>-magtmpere</strong></span> <span class='ocrx_word' id='word_1_447' title='bbox 3213 1974 3469 2026; x_wconf 78' lang='lat' dir='ltr'><strong>laudavit.</strong></span> <span class='ocrx_word' id='word_1_448' title='bbox 3509 1973 3727 2040; x_wconf 76' lang='lat' dir='ltr'><strong>Deiecto</strong></span> <span class='ocrx_word' id='word_1_449' title='bbox 3757 1979 3814 2030; x_wconf 91' lang='lat' dir='ltr'><strong>in</strong></span> <span class='ocrx_word' id='word_1_450' title='bbox 3845 1977 3992 2033; x_wconf 87' lang='lat' dir='ltr'><strong>hunc</strong></span> 
     </span>
    </p>
   </div>
   <div class='ocr_carea' id='block_1_64' title="bbox 2429 2058 3992 2138">
    <p class='ocr_par' dir='ltr' id='par_1_64' title="bbox 2429 2058 3992 2138">
     <span class='ocr_line' id='line_1_64' title="bbox 2429 2058 3992 2138; baseline 0.008 -28"><span class='ocrx_word' id='word_1_451' title='bbox 2429 2059 2648 2112; x_wconf 89' lang='lat' dir='ltr'><strong>modum</strong></span> <span class='ocrx_word' id='word_1_452' title='bbox 2693 2058 2996 2122; x_wconf 86' lang='lat' dir='ltr'><strong>Eustathio,</strong></span> <span class='ocrx_word' id='word_1_453' title='bbox 3048 2061 3190 2128; x_wconf 86' lang='lat' dir='ltr'><strong>quod</strong></span> <span class='ocrx_word' id='word_1_454' title='bbox 3237 2075 3382 2114; x_wconf 89' lang='lat' dir='ltr'><strong>anno</strong></span> <span class='ocrx_word' id='word_1_455' title='bbox 3409 2061 3610 2117; x_wconf 90' lang='lat' dir='ltr'><strong>Christi</strong></span> <span class='ocrx_word' id='word_1_456' title='bbox 3643 2065 3748 2118; x_wconf 81' lang='grc'><strong>5⁸50</strong></span> <span class='ocrx_word' id='word_1_457' title='bbox 3773 2075 3992 2138; x_wconf 74' lang='lat' dir='ltr'><strong>gestum</strong></span> 
     </span>
    </p>
   </div>
   <div class='ocr_carea' id='block_1_65' title="bbox 2426 2151 3986 2218">
    <p class='ocr_par' dir='ltr' id='par_1_65' title="bbox 2426 2151 3986 2218">
     <span class='ocr_line' id='line_1_65' title="bbox 2426 2151 3986 2218; baseline 0.006 -14"><span class='ocrx_word' id='word_1_458' title='bbox 2426 2165 2548 2204; x_wconf 87' lang='lat' dir='ltr'><strong>esse</strong></span> <span class='ocrx_word' id='word_1_459' title='bbox 2581 2153 2634 2204; x_wconf 87' lang='lat' dir='ltr'><strong>in</strong></span> <span class='ocrx_word' id='word_1_460' title='bbox 2676 2151 3130 2207; x_wconf 87' lang='lat' dir='ltr'><strong>Adnotationibus</strong></span> <span class='ocrx_word' id='word_1_461' title='bbox 3159 2155 3462 2218; x_wconf 84' lang='lat' dir='ltr'><strong>observavi,</strong></span> <span class='ocrx_word' id='word_1_462' title='bbox 3505 2156 3692 2210; x_wconf 87' lang='lat' dir='ltr'><strong>Ariani</strong></span> <span class='ocrx_word' id='word_1_463' title='bbox 3727 2159 3782 2212; x_wconf 90' lang='lat' dir='ltr'><strong>in</strong></span> <span class='ocrx_word' id='word_1_464' title='bbox 3821 2159 3986 2214; x_wconf 86' lang='lat' dir='ltr'><strong>Atha-</strong></span> 
     </span>
    </p>
   </div>
   <div class='ocr_carea' id='block_1_66' title="bbox 2429 2229 3990 2319">
    <p class='ocr_par' dir='ltr' id='par_1_66' title="bbox 2429 2229 3990 2319">
     <span class='ocr_line' id='line_1_66' title="bbox 2429 2229 3990 2319; baseline 0.008 -27"><span class='ocrx_word' id='word_1_465' title='bbox 2429 2240 2640 2294; x_wconf 90' lang='lat' dir='ltr'><strong>nasium</strong></span> <span class='ocrx_word' id='word_1_466' title='bbox 2683 2241 2885 2296; x_wconf 91' lang='lat' dir='ltr'><strong>furoris</strong></span> <span class='ocrx_word' id='word_1_467' title='bbox 2935 2245 3018 2296; x_wconf 87' lang='lat' dir='ltr'><strong>sui</strong></span> <span class='ocrx_word' id='word_1_468' title='bbox 3065 2229 3322 2314; x_wconf 78' lang='lat' dir='ltr'><strong>impetum</strong></span> <span class='ocrx_word' id='word_1_469' title='bbox 3383 2253 3620 2302; x_wconf 85' lang='lat' dir='ltr'><strong>vertunt.</strong></span> <span class='ocrx_word' id='word_1_470' title='bbox 3681 2249 3758 2302; x_wconf 92' lang='lat' dir='ltr'><strong>Ae</strong></span> <span class='ocrx_word' id='word_1_471' title='bbox 3809 2252 3990 2319; x_wconf 88' lang='lat' dir='ltr'><strong>primo</strong></span> 
     </span>
    </p>
   </div>
   <div class='ocr_carea' id='block_1_67' title="bbox 2427 2333 3992 2412">
    <p class='ocr_par' dir='ltr' id='par_1_67' title="bbox 2427 2333 3992 2412">
     <span class='ocr_line' id='line_1_67' title="bbox 2427 2333 3992 2412; baseline 0.008 -28"><span class='ocrx_word' id='word_1_472' title='bbox 2427 2333 2642 2401; x_wconf 91' lang='lat' dir='ltr'><strong>quidem</strong></span> <span class='ocrx_word' id='word_1_473' title='bbox 2695 2335 3090 2390; x_wconf 86' lang='lat' dir='ltr'><strong>ordinationem</strong></span> <span class='ocrx_word' id='word_1_474' title='bbox 3133 2336 3255 2405; x_wconf 89' lang='lat' dir='ltr'><strong>ejus</strong></span> <span class='ocrx_word' id='word_1_475' title='bbox 3302 2347 3558 2392; x_wconf 89' lang='lat' dir='ltr'><strong>accusant</strong></span> <span class='ocrx_word' id='word_1_476' title='bbox 3592 2341 3736 2410; x_wconf 88' lang='lat' dir='ltr'><strong>apud</strong></span> <span class='ocrx_word' id='word_1_477' title='bbox 3782 2343 3992 2412; x_wconf 87' lang='lat' dir='ltr'><strong>princi-</strong></span> 
     </span>
    </p>
   </div>
   <div class='ocr_carea' id='block_1_68' title="bbox 2426 2411 3991 2500">
    <p class='ocr_par' dir='ltr' id='par_1_68' title="bbox 2426 2411 3991 2500">
     <span class='ocr_line' id='line_1_68' title="bbox 2426 2411 3991 2500; baseline 0.008 -26"><span class='ocrx_word' id='word_1_478' title='bbox 2426 2411 2544 2488; x_wconf 81' lang='lat' dir='ltr'><strong>pem</strong></span> <span class='ocrx_word' id='word_1_479' title='bbox 2575 2439 2587 2474; x_wconf 90' lang='lat'><strong><em>:</em></strong></span> <span class='ocrx_word' id='word_1_480' title='bbox 2622 2421 2817 2476; x_wconf 90' lang='lat' dir='ltr'><strong>deinde</strong></span> <span class='ocrx_word' id='word_1_481' title='bbox 2848 2425 2992 2490; x_wconf 88' lang='lat' dir='ltr'><strong>quod</strong></span> <span class='ocrx_word' id='word_1_482' title='bbox 3035 2425 3187 2479; x_wconf 71' lang='lat' dir='ltr'><strong>linea:</strong></span> <span class='ocrx_word' id='word_1_483' title='bbox 3215 2427 3380 2480; x_wconf 86' lang='lat' dir='ltr'><strong>vestis</strong></span> <span class='ocrx_word' id='word_1_484' title='bbox 3419 2443 3679 2482; x_wconf 89' lang='lat' dir='ltr'><strong>canoncm</strong></span> <span class='ocrx_word' id='word_1_485' title='bbox 3713 2444 3742 2480; x_wconf 88' lang='lat' dir='ltr'><strong>a</strong></span> <span class='ocrx_word' id='word_1_486' title='bbox 3766 2433 3991 2500; x_wconf 84' lang='lat' dir='ltr'><strong>provin-</strong></span> 
     </span>
    </p>
   </div>
   <div class='ocr_carea' id='block_1_69' title="bbox 2424 2513 3990 2590">
    <p class='ocr_par' dir='ltr' id='par_1_69' title="bbox 2424 2513 3990 2590">
     <span class='ocr_line' id='line_1_69' title="bbox 2424 2513 3990 2590; baseline 0.007 -20"><span class='ocrx_word' id='word_1_487' title='bbox 2424 2518 2656 2572; x_wconf 89' lang='lat' dir='ltr'><strong>cialibus</strong></span> <span class='ocrx_word' id='word_1_488' title='bbox 2705 2521 2942 2589; x_wconf 76' lang='lat' dir='ltr'><strong>exigeret</strong></span> <span class='ocrx_word' id='word_1_489' title='bbox 2981 2539 2994 2574; x_wconf 92' lang='lat'><strong>:</strong></span> <span class='ocrx_word' id='word_1_490' title='bbox 3033 2521 3182 2590; x_wconf 88' lang='lat' dir='ltr'><strong>quod</strong></span> <span class='ocrx_word' id='word_1_491' title='bbox 3231 2537 3446 2576; x_wconf 85' lang='lat' dir='ltr'><strong>sacrum</strong></span> <span class='ocrx_word' id='word_1_492' title='bbox 3499 2524 3724 2579; x_wconf 87' lang='lat' dir='ltr'><strong>calicem</strong></span> <span class='ocrx_word' id='word_1_493' title='bbox 3773 2513 3990 2581; x_wconf 55' lang='lat' dir='ltr'><strong>conire.</strong></span> 
     </span>
    </p>
   </div>
   <div class='ocr_carea' id='block_1_70' title="bbox 2420 2608 3986 2688">
    <p class='ocr_par' dir='ltr' id='par_1_70' title="bbox 2420 2608 3986 2688">
     <span class='ocr_line' id='line_1_70' title="bbox 2420 2608 3986 2688; baseline 0.01 -29"><span class='ocrx_word' id='word_1_494' title='bbox 2420 2608 2587 2678; x_wconf 80' lang='lat' dir='ltr'><strong>gisset</strong></span> <span class='ocrx_word' id='word_1_495' title='bbox 2613 2629 2624 2664; x_wconf 94' lang='lat'>:</span> <span class='ocrx_word' id='word_1_496' title='bbox 2657 2619 2931 2680; x_wconf 90' lang='lat' dir='ltr'><strong>postremo</strong></span> <span class='ocrx_word' id='word_1_497' title='bbox 2957 2615 3099 2682; x_wconf 87' lang='lat' dir='ltr'><strong>quod</strong></span> <span class='ocrx_word' id='word_1_498' title='bbox 3125 2615 3412 2670; x_wconf 85' lang='lat' dir='ltr'><strong>Arsenium</strong></span> <span class='ocrx_word' id='word_1_499' title='bbox 3451 2619 3739 2685; x_wconf 85' lang='lat' dir='ltr'><strong>quemdam</strong></span> <span class='ocrx_word' id='word_1_500' title='bbox 3762 2619 3986 2688; x_wconf 79' lang='lat' dir='ltr'><strong>episeo-</strong></span> 
     </span>
    </p>
   </div>
   <div class='ocr_carea' id='block_1_71' title="bbox 2421 2691 3987 2773">
    <p class='ocr_par' dir='ltr' id='par_1_71' title="bbox 2421 2691 3987 2773">
     <span class='ocr_line' id='line_1_71' title="bbox 2421 2691 3987 2773; baseline 0.008 -21"><span class='ocrx_word' id='word_1_501' title='bbox 2421 2715 2546 2768; x_wconf 88' lang='lat' dir='ltr'><strong>pum</strong></span> <span class='ocrx_word' id='word_1_502' title='bbox 2565 2701 2948 2756; x_wconf 79' lang='lat' dir='ltr'><strong>interemisset.</strong></span> <span class='ocrx_word' id='word_1_503' title='bbox 2970 2702 3152 2773; x_wconf 88' lang='lat' dir='ltr'><strong>Itaque</strong></span> <span class='ocrx_word' id='word_1_504' title='bbox 3167 2691 3556 2763; x_wconf 87' lang='lat' dir='ltr'><strong>Constantinus</strong></span> <span class='ocrx_word' id='word_1_505' title='bbox 3573 2709 3987 2765; x_wconf 81' lang='lat' dir='ltr'><strong>molestissimis</strong></span> 
     </span>
    </p>
   </div>
   <div class='ocr_carea' id='block_1_72' title="bbox 2419 2792 3986 2864">
    <p class='ocr_par' dir='ltr' id='par_1_72' title="bbox 2419 2792 3986 2864">
     <span class='ocr_line' id='line_1_72' title="bbox 2419 2792 3986 2864; baseline 0.006 -20"><span class='ocrx_word' id='word_1_506' title='bbox 2419 2805 2606 2844; x_wconf 89' lang='lat' dir='ltr'><strong>eorum</strong></span> <span class='ocrx_word' id='word_1_507' title='bbox 2651 2792 3016 2848; x_wconf 88' lang='lat' dir='ltr'><strong>delationibus</strong></span> <span class='ocrx_word' id='word_1_508' title='bbox 3059 2795 3335 2864; x_wconf 73' lang='lat' dir='ltr'><strong>fatigatus,</strong></span> <span class='ocrx_word' id='word_1_509' title='bbox 3372 2797 3658 2851; x_wconf 90' lang='lat' dir='ltr'><strong>concilium</strong></span> <span class='ocrx_word' id='word_1_510' title='bbox 3691 2799 3890 2854; x_wconf 79' lang='lat' dir='ltr'><strong>indixit</strong></span> <span class='ocrx_word' id='word_1_511' title='bbox 3929 2802 3986 2854; x_wconf 87' lang='lat' dir='ltr'><strong>iu</strong></span> 
     </span>
    </p>
   </div>
   <div class='ocr_carea' id='block_1_73' title="bbox 2419 2881 3984 2957">
    <p class='ocr_par' dir='ltr' id='par_1_73' title="bbox 2419 2881 3984 2957">
     <span class='ocr_line' id='line_1_73' title="bbox 2419 2881 3984 2957; baseline 0.007 -23"><span class='ocrx_word' id='word_1_512' title='bbox 2419 2882 2552 2935; x_wconf 87' lang='lat' dir='ltr'><strong>urbe</strong></span> <span class='ocrx_word' id='word_1_513' title='bbox 2572 2881 2736 2953; x_wconf 82' lang='lat' dir='ltr'><strong>Tyro,</strong></span> <span class='ocrx_word' id='word_1_514' title='bbox 2759 2899 2932 2953; x_wconf 86' lang='lat' dir='ltr'><strong>eoque</strong></span> <span class='ocrx_word' id='word_1_515' title='bbox 2955 2885 3308 2940; x_wconf 84' lang='lat' dir='ltr'><strong>Athanasium</strong></span> <span class='ocrx_word' id='word_1_516' title='bbox 3329 2889 3642 2957; x_wconf 87' lang='lat' dir='ltr'><strong>episcopum</strong></span> <span class='ocrx_word' id='word_1_517' title='bbox 3663 2891 3730 2943; x_wconf 87' lang='lat' dir='ltr'><strong>ad</strong></span> <span class='ocrx_word' id='word_1_518' title='bbox 3755 2906 3984 2945; x_wconf 88' lang='lat' dir='ltr'><strong>causam</strong></span> 
     </span>
    </p>
   </div>
   <div class='ocr_carea' id='block_1_74' title="bbox 2417 2971 3976 3048">
    <p class='ocr_par' dir='ltr' id='par_1_74' title="bbox 2417 2971 3976 3048">
     <span class='ocr_line' id='line_1_74' title="bbox 2417 2971 3976 3048; baseline 0.006 -24"><span class='ocrx_word' id='word_1_519' title='bbox 2417 2971 2699 3026; x_wconf 88' lang='lat' dir='ltr'><strong>dicendam</strong></span> <span class='ocrx_word' id='word_1_520' title='bbox 2725 2976 2908 3029; x_wconf 83' lang='lat' dir='ltr'><strong>venire</strong></span> <span class='ocrx_word' id='word_1_521' title='bbox 2933 2975 3119 3044; x_wconf 84' lang='lat' dir='ltr'><strong>jussit.</strong></span> <span class='ocrx_word' id='word_1_522' title='bbox 3147 2975 3206 3029; x_wconf 90' lang='lat' dir='ltr'><strong>In</strong></span> <span class='ocrx_word' id='word_1_523' title='bbox 3229 2992 3292 3032; x_wconf 89' lang='lat' dir='ltr'><strong>ea</strong></span> <span class='ocrx_word' id='word_1_524' title='bbox 3317 2979 3526 3048; x_wconf 88' lang='lat' dir='ltr'><strong>synodo</strong></span> <span class='ocrx_word' id='word_1_525' title='bbox 3539 2979 3700 3048; x_wconf 84' lang='lat' dir='ltr'><strong>judex</strong></span> <span class='ocrx_word' id='word_1_526' title='bbox 3729 2981 3874 3036; x_wconf 84' lang='lat' dir='ltr'><strong>sedit</strong></span> <span class='ocrx_word' id='word_1_527' title='bbox 3899 2983 3976 3037; x_wconf 85' lang='lat' dir='ltr'><strong>in-</strong></span> 
     </span>
    </p>
   </div>
   <div class='ocr_carea' id='block_1_75' title="bbox 2417 3067 3982 3140">
    <p class='ocr_par' dir='ltr' id='par_1_75' title="bbox 2417 3067 3982 3140">
     <span class='ocr_line' id='line_1_75' title="bbox 2417 3067 3982 3140; baseline 0.006 -23"><span class='ocrx_word' id='word_1_528' title='bbox 2417 3071 2501 3118; x_wconf 85' lang='lat' dir='ltr'><strong>ter</strong></span> <span class='ocrx_word' id='word_1_529' title='bbox 2528 3073 2752 3120; x_wconf 66' lang='lat' dir='ltr'><strong>emtor-is</strong></span> <span class='ocrx_word' id='word_1_530' title='bbox 2779 3067 3046 3123; x_wconf 86' lang='lat' dir='ltr'><strong>Eusebius</strong></span> <span class='ocrx_word' id='word_1_531' title='bbox 3068 3067 3444 3136; x_wconf 60' lang='lat' dir='ltr'><strong>Caesariensis,</strong></span> <span class='ocrx_word' id='word_1_532' title='bbox 3469 3085 3628 3140; x_wconf 88' lang='lat' dir='ltr'><strong>quem</strong></span> <span class='ocrx_word' id='word_1_533' title='bbox 3661 3070 3982 3126; x_wconf 86' lang='lat' dir='ltr'><strong>Constanti-</strong></span> 
     </span>
    </p>
   </div>
   <div class='ocr_carea' id='block_1_76' title="bbox 2417 3157 3982 3220">
    <p class='ocr_par' dir='ltr' id='par_1_76' title="bbox 2417 3157 3982 3220">
     <span class='ocr_line' id='line_1_76' title="bbox 2417 3157 3982 3220; baseline 0.007 -11"><span class='ocrx_word' id='word_1_534' title='bbox 2417 3171 2522 3211; x_wconf 90' lang='lat' dir='ltr'><strong>nus</strong></span> <span class='ocrx_word' id='word_1_535' title='bbox 2547 3157 2596 3212; x_wconf 91' lang='lat' dir='ltr'><strong>ei</strong></span> <span class='ocrx_word' id='word_1_536' title='bbox 2634 3159 2868 3213; x_wconf 90' lang='lat' dir='ltr'><strong>concilio</strong></span> <span class='ocrx_word' id='word_1_537' title='bbox 2895 3161 3158 3214; x_wconf 88' lang='lat' dir='ltr'><strong>interesse</strong></span> <span class='ocrx_word' id='word_1_538' title='bbox 3179 3161 3444 3217; x_wconf 88' lang='lat' dir='ltr'><strong>voluerat.</strong></span> <span class='ocrx_word' id='word_1_539' title='bbox 3471 3161 3626 3216; x_wconf 77' lang='lat' dir='ltr'><strong>Hunc</strong></span> <span class='ocrx_word' id='word_1_540' title='bbox 3650 3163 3705 3216; x_wconf 91' lang='lat' dir='ltr'><strong>in</strong></span> <span class='ocrx_word' id='word_1_541' title='bbox 3735 3165 3982 3220; x_wconf 87' lang='lat' dir='ltr'><strong>concilio</strong></span> 
     </span>
    </p>
   </div>
   <div class='ocr_carea' id='block_1_77' title="bbox 2416 3247 3980 3324">
    <p class='ocr_par' dir='ltr' id='par_1_77' title="bbox 2416 3247 3980 3324">
     <span class='ocr_line' id='line_1_77' title="bbox 2416 3247 3980 3324; baseline 0.006 -22"><span class='ocrx_word' id='word_1_542' title='bbox 2416 3247 2690 3302; x_wconf 89' lang='lat' dir='ltr'><strong>sedentem</strong></span> <span class='ocrx_word' id='word_1_543' title='bbox 2744 3250 3092 3319; x_wconf 80' lang='lat' dir='ltr'><strong>conspicatus</strong></span> <span class='ocrx_word' id='word_1_544' title='bbox 3149 3249 3376 3306; x_wconf 89' lang='lat' dir='ltr'><strong>Potamo</strong></span> <span class='ocrx_word' id='word_1_545' title='bbox 3431 3251 3980 3324; x_wconf 80' lang='lat' dir='ltr'><strong>HeracleOpolitanus</strong></span> 
     </span>
    </p>
   </div>
   <div class='ocr_carea' id='block_1_78' title="bbox 2413 3327 3978 3418">
    <p class='ocr_par' dir='ltr' id='par_1_78' title="bbox 2413 3327 3978 3418">
     <span class='ocr_line' id='line_1_78' title="bbox 2413 3327 3978 3418; baseline 0.006 -27"><span class='ocrx_word' id='word_1_546' title='bbox 2413 3327 2724 3408; x_wconf 88' lang='lat' dir='ltr'><strong>episcopus,</strong></span> <span class='ocrx_word' id='word_1_547' title='bbox 2760 3342 2854 3410; x_wconf 87' lang='lat' dir='ltr'><strong>qui</strong></span> <span class='ocrx_word' id='word_1_548' title='bbox 2896 3357 3018 3396; x_wconf 92' lang='lat' dir='ltr'><strong>cum</strong></span> <span class='ocrx_word' id='word_1_549' title='bbox 3049 3342 3352 3400; x_wconf 84' lang='lat' dir='ltr'><strong>Athanasio</strong></span> <span class='ocrx_word' id='word_1_550' title='bbox 3397 3344 3652 3415; x_wconf 90' lang='lat' dir='ltr'><strong>episcopo</strong></span> <span class='ocrx_word' id='word_1_551' title='bbox 3682 3353 3736 3398; x_wconf 89' lang='lat' dir='ltr'><strong>et</strong></span> <span class='ocrx_word' id='word_1_552' title='bbox 3766 3347 3978 3418; x_wconf 80' lang='lat' dir='ltr'><strong>aliquot</strong></span> 
     </span>
    </p>
   </div>
   <div class='ocr_carea' id='block_1_79' title="bbox 2411 3428 3978 3500">
    <p class='ocr_par' dir='ltr' id='par_1_79' title="bbox 2411 3428 3978 3500">
     <span class='ocr_line' id='line_1_79' title="bbox 2411 3428 3978 3500; baseline 0.008 -18"><span class='ocrx_word' id='word_1_553' title='bbox 2411 3428 2628 3500; x_wconf 68' lang='lat' dir='ltr'><strong>Aigypti</strong></span> <span class='ocrx_word' id='word_1_554' title='bbox 2684 3431 3061 3488; x_wconf 88' lang='lat' dir='ltr'><strong>sacerdotibus</strong></span> <span class='ocrx_word' id='word_1_555' title='bbox 3109 3433 3238 3488; x_wconf 90' lang='lat' dir='ltr'><strong>illuc</strong></span> <span class='ocrx_word' id='word_1_556' title='bbox 3276 3435 3590 3500; x_wconf 85' lang='lat' dir='ltr'><strong>advenerat,</strong></span> <span class='ocrx_word' id='word_1_557' title='bbox 3651 3436 3740 3492; x_wconf 91' lang='lat' dir='ltr'><strong>his</strong></span> <span class='ocrx_word' id='word_1_558' title='bbox 3785 3441 3978 3494; x_wconf 81' lang='lat' dir='ltr'><strong>verbis</strong></span> 
     </span>
    </p>
   </div>
   <div class='ocr_carea' id='block_1_80' title="bbox 2409 3521 4022 3590">
    <p class='ocr_par' dir='ltr' id='par_1_80' title="bbox 2409 3521 4022 3590">
     <span class='ocr_line' id='line_1_80' title="bbox 2409 3521 4022 3590; baseline 0.009 -18"><span class='ocrx_word' id='word_1_559' title='bbox 2409 3521 2764 3589; x_wconf 87' lang='lat' dir='ltr'><strong>compellasse</strong></span> <span class='ocrx_word' id='word_1_560' title='bbox 2793 3521 2995 3576; x_wconf 84' lang='lat' dir='ltr'><strong>dicitur</strong></span> <span class='ocrx_word' id='word_1_561' title='bbox 3021 3541 3032 3576; x_wconf 94' lang='lat'>:</span> <span class='ocrx_word' id='word_1_562' title='bbox 3063 3523 3219 3588; x_wconf 81' lang='lat' dir='ltr'><strong>Tene,</strong></span> <span class='ocrx_word' id='word_1_563' title='bbox 3251 3523 3471 3590; x_wconf 81' lang='lat' dir='ltr'><strong>Eusebi,</strong></span> <span class='ocrx_word' id='word_1_564' title='bbox 3504 3525 3700 3588; x_wconf 84' lang='lat' dir='ltr'><strong>sedere,</strong></span> <span class='ocrx_word' id='word_1_565' title='bbox 3731 3537 3784 3580; x_wconf 85' lang='lat' dir='ltr'><strong>et</strong></span> <span class='ocrx_word' id='word_1_566' title='bbox 3817 3531 3968 3586; x_wconf 80' lang='lat' dir='ltr'><strong>inno-</strong></span> <span class='ocrx_word' id='word_1_567' title='bbox 4011 3559 4022 3562; x_wconf 96' lang='lat'><em>-</em></span> 
     </span>
    </p>
   </div>
   <div class='ocr_carea' id='block_1_81' title="bbox 2407 3611 3982 3686">
    <p class='ocr_par' dir='ltr' id='par_1_81' title="bbox 2407 3611 3982 3686">
     <span class='ocr_line' id='line_1_81' title="bbox 2407 3611 3982 3686; baseline 0.009 -25"><span class='ocrx_word' id='word_1_568' title='bbox 2407 3619 2604 3663; x_wconf 75' lang='lat' dir='ltr'><strong>centeni</strong></span> <span class='ocrx_word' id='word_1_569' title='bbox 2645 3611 2998 3666; x_wconf 80' lang='lat' dir='ltr'><strong>Athanasium</strong></span> <span class='ocrx_word' id='word_1_570' title='bbox 3049 3623 3194 3668; x_wconf 82' lang='lat' dir='ltr'><strong>stare</strong></span> <span class='ocrx_word' id='word_1_571' title='bbox 3242 3631 3274 3666; x_wconf 88' lang='lat' dir='ltr'><strong>a</strong></span> <span class='ocrx_word' id='word_1_572' title='bbox 3311 3626 3359 3667; x_wconf 88' lang='lat' dir='ltr'><strong>te</strong></span> <span class='ocrx_word' id='word_1_573' title='bbox 3394 3614 3793 3682; x_wconf 80' lang='lat' dir='ltr'><strong>judicandum?</strong></span> <span class='ocrx_word' id='word_1_574' title='bbox 3837 3621 3982 3686; x_wconf 71' lang='lat' dir='ltr'><strong>Qui:</strong></span> 
     </span>
    </p>
   </div>
   <div class='ocr_carea' id='block_1_82' title="bbox 2407 3702 3984 3780">
    <p class='ocr_par' dir='ltr' id='par_1_82' title="bbox 2407 3702 3984 3780">
     <span class='ocr_line' id='line_1_82' title="bbox 2407 3702 3984 3780; baseline 0.011 -27"><span class='ocrx_word' id='word_1_575' title='bbox 2407 3702 2516 3756; x_wconf 65' lang='lat' dir='ltr'><strong>Ita&#39;c</strong></span> <span class='ocrx_word' id='word_1_576' title='bbox 2551 3706 2663 3773; x_wconf 80' lang='lat' dir='ltr'><strong>pati</strong></span> <span class='ocrx_word' id='word_1_577' title='bbox 2694 3708 2902 3774; x_wconf 78' lang='lat' dir='ltr'><strong>possit?</strong></span> <span class='ocrx_word' id='word_1_578' title='bbox 2933 3706 3121 3762; x_wconf 86' lang='lat' dir='ltr'><strong>Nonne</strong></span> <span class='ocrx_word' id='word_1_579' title='bbox 3163 3711 3537 3780; x_wconf 78' lang='lat' dir='ltr'><strong>persecutionis</strong></span> <span class='ocrx_word' id='word_1_580' title='bbox 3586 3721 3816 3780; x_wconf 82' lang='lat' dir='ltr'><strong>tempore</strong></span> <span class='ocrx_word' id='word_1_581' title='bbox 3867 3733 3984 3770; x_wconf 79' lang='lat' dir='ltr'><strong>me-</strong></span> 
     </span>
    </p>
   </div>
   <div class='ocr_carea' id='block_1_83' title="bbox 2402 3798 3982 3876">
    <p class='ocr_par' dir='ltr' id='par_1_83' title="bbox 2402 3798 3982 3876">
     <span class='ocr_line' id='line_1_83' title="bbox 2402 3798 3982 3876; baseline 0.009 -28"><span class='ocrx_word' id='word_1_582' title='bbox 2402 3813 2522 3849; x_wconf 80' lang='lat' dir='ltr'><strong>eum</strong></span> <span class='ocrx_word' id='word_1_583' title='bbox 2557 3799 2608 3850; x_wconf 87' lang='lat' dir='ltr'><strong>in</strong></span> <span class='ocrx_word' id='word_1_584' title='bbox 2650 3798 2888 3852; x_wconf 81' lang='lat' dir='ltr'><strong>custodia</strong></span> <span class='ocrx_word' id='word_1_585' title='bbox 2927 3800 3122 3868; x_wconf 79' lang='lat' dir='ltr'><strong>fuisti?</strong></span> <span class='ocrx_word' id='word_1_586' title='bbox 3165 3804 3330 3873; x_wconf 76' lang='lat' dir='ltr'><strong>Atque</strong></span> <span class='ocrx_word' id='word_1_587' title='bbox 3365 3821 3458 3874; x_wconf 83' lang='lat' dir='ltr'><strong>ego</strong></span> <span class='ocrx_word' id='word_1_588' title='bbox 3503 3803 3712 3876; x_wconf 81' lang='lat' dir='ltr'><strong>quidem</strong></span> <span class='ocrx_word' id='word_1_589' title='bbox 3755 3809 3982 3861; x_wconf 80' lang='lat' dir='ltr'><strong>oculum</strong></span> 
     </span>
    </p>
   </div>
   <div class='ocr_carea' id='block_1_84' title="bbox 2401 3879 3983 3964">
    <p class='ocr_par' dir='ltr' id='par_1_84' title="bbox 2401 3879 3983 3964">
     <span class='ocr_line' id='line_1_84' title="bbox 2401 3879 3983 3964; baseline 0.011 -26"><span class='ocrx_word' id='word_1_590' title='bbox 2401 3903 2494 3955; x_wconf 84' lang='lat' dir='ltr'><strong>pro</strong></span> <span class='ocrx_word' id='word_1_591' title='bbox 2518 3879 2734 3944; x_wconf 78' lang='lat' dir='ltr'><strong>veritate</strong></span> <span class='ocrx_word' id='word_1_592' title='bbox 2752 3891 2990 3958; x_wconf 76' lang='lat' dir='ltr'><strong>perdidi;</strong></span> <span class='ocrx_word' id='word_1_593' title='bbox 3027 3905 3084 3945; x_wconf 89' lang='lat' dir='ltr'><strong>tu</strong></span> <span class='ocrx_word' id='word_1_594' title='bbox 3119 3895 3264 3946; x_wconf 78' lang='lat' dir='ltr'><strong>nulla</strong></span> <span class='ocrx_word' id='word_1_595' title='bbox 3298 3896 3532 3964; x_wconf 84' lang='lat' dir='ltr'><strong>corporis</strong></span> <span class='ocrx_word' id='word_1_596' title='bbox 3559 3905 3710 3964; x_wconf 78' lang='lat' dir='ltr'><strong>parte</strong></span> <span class='ocrx_word' id='word_1_597' title='bbox 3745 3899 3983 3956; x_wconf 68' lang='lat' dir='ltr'><strong>mittito-</strong></span> 
     </span>
    </p>
   </div>
   <div class='ocr_carea' id='block_1_85' title="bbox 2403 3984 3982 4060">
    <p class='ocr_par' dir='ltr' id='par_1_85' title="bbox 2403 3984 3982 4060">
     <span class='ocr_line' id='line_1_85' title="bbox 2403 3984 3982 4060; baseline 0.009 -29"><span class='ocrx_word' id='word_1_598' title='bbox 2403 3989 2485 4032; x_wconf 82' lang='lat' dir='ltr'><strong>tas</strong></span> <span class='ocrx_word' id='word_1_599' title='bbox 2513 3997 2587 4044; x_wconf 85' lang='lat' dir='ltr'><strong>cs,</strong></span> <span class='ocrx_word' id='word_1_600' title='bbox 2621 3997 2782 4050; x_wconf 83' lang='lat' dir='ltr'><strong>neque</strong></span> <span class='ocrx_word' id='word_1_601' title='bbox 2813 3985 3126 4052; x_wconf 78' lang='lat' dir='ltr'><strong>martyrium</strong></span> <span class='ocrx_word' id='word_1_602' title='bbox 3173 3984 3402 4048; x_wconf 78' lang='lat' dir='ltr'><strong>subiisti,</strong></span> <span class='ocrx_word' id='word_1_603' title='bbox 3436 3985 3526 4038; x_wconf 74' lang='lat' dir='ltr'><strong>sed</strong></span> <span class='ocrx_word' id='word_1_604' title='bbox 3551 3986 3694 4040; x_wconf 76' lang='lat' dir='ltr'><strong>vivus</strong></span> <span class='ocrx_word' id='word_1_605' title='bbox 3729 3988 3982 4060; x_wconf 85' lang='lat' dir='ltr'><strong>integer-</strong></span> 
     </span>
    </p>
   </div>
   <div class='ocr_carea' id='block_1_86' title="bbox 2399 4075 3992 4143">
    <p class='ocr_par' dir='ltr' id='par_1_86' title="bbox 2399 4075 3992 4143">
     <span class='ocr_line' id='line_1_86' title="bbox 2399 4075 3992 4143; baseline 0.008 -19"><span class='ocrx_word' id='word_1_606' title='bbox 2399 4089 2494 4143; x_wconf 83' lang='lat' dir='ltr'><strong>que</strong></span> <span class='ocrx_word' id='word_1_607' title='bbox 2543 4075 2807 4129; x_wconf 73' lang='lat' dir='ltr'><strong>consistis.</strong></span> <span class='ocrx_word' id='word_1_608' title='bbox 2851 4075 3096 4140; x_wconf 83' lang='lat' dir='ltr'><strong>Quanam</strong></span> <span class='ocrx_word' id='word_1_609' title='bbox 3143 4079 3348 4131; x_wconf 85' lang='lat' dir='ltr'><strong>ratione</strong></span> <span class='ocrx_word' id='word_1_610' title='bbox 3385 4094 3414 4132; x_wconf 86' lang='lat' dir='ltr'><strong>e</strong></span> <span class='ocrx_word' id='word_1_611' title='bbox 3455 4085 3659 4132; x_wconf 83' lang='lat' dir='ltr'><strong>carcere</strong></span> <span class='ocrx_word' id='word_1_612' title='bbox 3701 4083 3992 4142; x_wconf 82' lang='lat' dir='ltr'><strong>evasisti..</strong></span> 
     </span>
    </p>
   </div>
   <div class='ocr_carea' id='block_1_87' title="bbox 2397 4164 3980 4238">
    <p class='ocr_par' dir='ltr' id='par_1_87' title="bbox 2397 4164 3980 4238">
     <span class='ocr_line' id='line_1_87' title="bbox 2397 4164 3980 4238; baseline 0.007 -22"><span class='ocrx_word' id='word_1_613' title='bbox 2397 4165 2500 4219; x_wconf 89' lang='lat' dir='ltr'><strong>nisi</strong></span> <span class='ocrx_word' id='word_1_614' title='bbox 2549 4164 2687 4232; x_wconf 84' lang='lat' dir='ltr'><strong>quod</strong></span> <span class='ocrx_word' id='word_1_615' title='bbox 2712 4167 3126 4233; x_wconf 82' lang='lat' dir='ltr'><strong>persecutoribus</strong></span> <span class='ocrx_word' id='word_1_616' title='bbox 3158 4169 3350 4221; x_wconf 81' lang='lat' dir='ltr'><strong>nostris</strong></span> <span class='ocrx_word' id='word_1_617' title='bbox 3379 4169 3706 4238; x_wconf 81' lang='lat' dir='ltr'><strong>spopondisti</strong></span> <span class='ocrx_word' id='word_1_618' title='bbox 3750 4181 3801 4225; x_wconf 85' lang='lat' dir='ltr'><strong>te</strong></span> <span class='ocrx_word' id='word_1_619' title='bbox 3857 4190 3980 4227; x_wconf 84' lang='lat' dir='ltr'><strong>rem</strong></span> 
     </span>
    </p>
   </div>
   <div class='ocr_carea' id='block_1_88' title="bbox 2397 4254 3990 4328">
    <p class='ocr_par' dir='ltr' id='par_1_88' title="bbox 2397 4254 3990 4328">
     <span class='ocr_line' id='line_1_88' title="bbox 2397 4254 3990 4328; baseline 0.011 -23"><span class='ocrx_word' id='word_1_620' title='bbox 2397 4254 2654 4320; x_wconf 78' lang='lat' dir='ltr'><strong>nefariam</strong></span> <span class='ocrx_word' id='word_1_621' title='bbox 2687 4257 3066 4326; x_wconf 85' lang='lat' dir='ltr'><strong>admissurum,</strong></span> <span class='ocrx_word' id='word_1_622' title='bbox 3113 4277 3176 4314; x_wconf 89' lang='lat' dir='ltr'><strong>ac</strong></span> <span class='ocrx_word' id='word_1_623' title='bbox 3218 4260 3444 4328; x_wconf 81' lang='lat' dir='ltr'><strong>fortasse</strong></span> <span class='ocrx_word' id='word_1_624' title='bbox 3471 4263 3632 4314; x_wconf 86' lang='lat' dir='ltr'><strong>etiam</strong></span> <span class='ocrx_word' id='word_1_625' title='bbox 3665 4262 3990 4322; x_wconf 76' lang='lat' dir='ltr'><strong>admisisti?</strong></span> 
     </span>
    </p>
   </div>
   <div class='ocr_carea' id='block_1_89' title="bbox 2395 4341 3975 4415">
    <p class='ocr_par' dir='ltr' id='par_1_89' title="bbox 2395 4341 3975 4415">
     <span class='ocr_line' id='line_1_89' title="bbox 2395 4341 3975 4415; baseline 0.006 -19"><span class='ocrx_word' id='word_1_626' title='bbox 2395 4341 2520 4398; x_wconf 72' lang='lat' dir='ltr'><strong>Hinc</strong></span> <span class='ocrx_word' id='word_1_627' title='bbox 2549 4343 2884 4415; x_wconf 87' lang='lat' dir='ltr'><strong>Epiphanius</strong></span> <span class='ocrx_word' id='word_1_628' title='bbox 2907 4349 2980 4402; x_wconf 89' lang='lat' dir='ltr'><strong>ita</strong></span> <span class='ocrx_word' id='word_1_629' title='bbox 3005 4358 3190 4402; x_wconf 89' lang='lat' dir='ltr'><strong>narrat</strong></span> <span class='ocrx_word' id='word_1_630' title='bbox 3216 4351 3270 4404; x_wconf 90' lang='lat' dir='ltr'><strong>in</strong></span> <span class='ocrx_word' id='word_1_631' title='bbox 3293 4352 3484 4406; x_wconf 65' lang='lat' dir='ltr'><strong>haeresi</strong></span> <span class='ocrx_word' id='word_1_632' title='bbox 3512 4351 3975 4408; x_wconf 82' lang='lat' dir='ltr'><strong>Mcletianorutn.</strong></span> 
     </span>
    </p>
   </div>
   <div class='ocr_carea' id='block_1_90' title="bbox 2393 4431 3980 4511">
    <p class='ocr_par' dir='ltr' id='par_1_90' title="bbox 2393 4431 3980 4511">
     <span class='ocr_line' id='line_1_90' title="bbox 2393 4431 3980 4511; baseline 0.009 -27"><span class='ocrx_word' id='word_1_633' title='bbox 2393 4431 2472 4486; x_wconf 85' lang='lat' dir='ltr'><strong>Ex</strong></span> <span class='ocrx_word' id='word_1_634' title='bbox 2503 4435 2702 4503; x_wconf 87' lang='lat' dir='ltr'><strong>quibus</strong></span> <span class='ocrx_word' id='word_1_635' title='bbox 2733 4438 2908 4492; x_wconf 88' lang='lat' dir='ltr'><strong>obiter</strong></span> <span class='ocrx_word' id='word_1_636' title='bbox 2954 4447 3196 4510; x_wconf 82' lang='lat' dir='ltr'><strong>apparet,</strong></span> <span class='ocrx_word' id='word_1_637' title='bbox 3247 4441 3360 4495; x_wconf 87' lang='lat' dir='ltr'><strong>falli</strong></span> <span class='ocrx_word' id='word_1_638' title='bbox 3395 4457 3489 4497; x_wconf 90' lang='lat' dir='ltr'><strong>eos</strong></span> <span class='ocrx_word' id='word_1_639' title='bbox 3533 4443 3623 4511; x_wconf 88' lang='lat' dir='ltr'><strong>qui</strong></span> <span class='ocrx_word' id='word_1_640' title='bbox 3657 4441 3980 4499; x_wconf 86' lang='lat' dir='ltr'><strong>Eusebium</strong></span> 
     </span>
    </p>
   </div>
   <div class='ocr_carea' id='block_1_91' title="bbox 729 4526 2309 4607">
    <p class='ocr_par' dir='ltr' id='par_1_91' title="bbox 729 4529 2286 4606">
     <span class='ocr_line' id='line_1_91' title="bbox 729 4529 2286 4606; baseline 0.01 -25"><span class='ocrx_word' id='word_1_641' title='bbox 729 4529 1125 4596; x_wconf 88' lang='lat' dir='ltr'><strong>aliquantulum</strong></span> <span class='ocrx_word' id='word_1_642' title='bbox 1159 4532 1429 4598; x_wconf 87' lang='lat' dir='ltr'><strong>quievere.</strong></span> <span class='ocrx_word' id='word_1_643' title='bbox 1469 4532 1588 4587; x_wconf 81' lang='lat' dir='ltr'><strong>llon</strong></span> <span class='ocrx_word' id='word_1_644' title='bbox 1617 4549 1892 4606; x_wconf 88' lang='lat' dir='ltr'><strong>resumpta</strong></span> <span class='ocrx_word' id='word_1_645' title='bbox 1919 4539 2132 4606; x_wconf 88' lang='lat' dir='ltr'><strong>ﬁducia,</strong></span> <span class='ocrx_word' id='word_1_646' title='bbox 2163 4559 2286 4596; x_wconf 86' lang='lat' dir='ltr'><strong>cum</strong></span> 
     </span>
    </p>
   </div>
   <div class='ocr_carea' id='block_1_92' title="bbox 2391 4526 3974 4607">
    <p class='ocr_par' dir='ltr' id='par_1_92' title="bbox 2393 4526 3974 4602">
     <span class='ocr_line' id='line_1_92' title="bbox 2393 4526 3974 4602; baseline 0.011 -28"><span class='ocrx_word' id='word_1_647' title='bbox 2393 4531 2645 4578; x_wconf 88' lang='lat' dir='ltr'><strong>nostrum</strong></span> <span class='ocrx_word' id='word_1_648' title='bbox 2700 4526 2860 4582; x_wconf 89' lang='lat' dir='ltr'><strong>idolis</strong></span> <span class='ocrx_word' id='word_1_649' title='bbox 2914 4528 3208 4598; x_wconf 90' lang='lat' dir='ltr'><strong>aliquando</strong></span> <span class='ocrx_word' id='word_1_650' title='bbox 3263 4531 3605 4586; x_wconf 83' lang='lat' dir='ltr'><strong>sacriﬁcasse</strong></span> <span class='ocrx_word' id='word_1_651' title='bbox 3661 4534 3974 4602; x_wconf 79' lang='lat' dir='ltr'><strong>scribunt,</strong></span> 
     </span>
    </p>
   </div>
   <div class='ocr_carea' id='block_1_93' title="bbox 729 4619 2290 4700">
    <p class='ocr_par' dir='ltr' id='par_1_93' title="bbox 729 4619 2290 4700">
     <span class='ocr_line' id='line_1_93' title="bbox 729 4619 2290 4700; baseline 0.01 -30"><span class='ocrx_word' id='word_1_652' title='bbox 729 4619 784 4670; x_wconf 88' lang='lat' dir='ltr'><strong>in</strong></span> <span class='ocrx_word' id='word_1_653' title='bbox 816 4619 1107 4672; x_wconf 87' lang='lat' dir='ltr'><strong>amicitiam</strong></span> <span class='ocrx_word' id='word_1_654' title='bbox 1145 4623 1403 4691; x_wconf 88' lang='lat' dir='ltr'><strong>principis</strong></span> <span class='ocrx_word' id='word_1_655' title='bbox 1447 4625 1642 4680; x_wconf 89' lang='lat' dir='ltr'><strong>callide</strong></span> <span class='ocrx_word' id='word_1_656' title='bbox 1685 4628 2059 4700; x_wconf 88' lang='lat' dir='ltr'><strong>irrepsissent,</strong></span> <span class='ocrx_word' id='word_1_657' title='bbox 2107 4638 2290 4693; x_wconf 83' lang='lat' dir='ltr'><strong>catho-</strong></span> 
     </span>
    </p>
   </div>
   <div class='ocr_carea' id='block_1_94' title="bbox 729 4708 2290 4792">
    <p class='ocr_par' dir='ltr' id='par_1_94' title="bbox 729 4708 2290 4792">
     <span class='ocr_line' id='line_1_94' title="bbox 729 4708 2290 4792; baseline 0.012 -34"><span class='ocrx_word' id='word_1_658' title='bbox 729 4708 861 4761; x_wconf 78' lang='lat' dir='ltr'><strong>lieos</strong></span> <span class='ocrx_word' id='word_1_659' title='bbox 905 4709 1178 4762; x_wconf 88' lang='lat' dir='ltr'><strong>antistites</strong></span> <span class='ocrx_word' id='word_1_660' title='bbox 1211 4713 1464 4766; x_wconf 84' lang='lat' dir='ltr'><strong>onmihus</strong></span> <span class='ocrx_word' id='word_1_661' title='bbox 1501 4714 1676 4770; x_wconf 81' lang='lat' dir='ltr'><strong>modis</strong></span> <span class='ocrx_word' id='word_1_662' title='bbox 1711 4725 1870 4786; x_wconf 89' lang='lat' dir='ltr'><strong>atque</strong></span> <span class='ocrx_word' id='word_1_663' title='bbox 1915 4719 2120 4774; x_wconf 83' lang='lat' dir='ltr'><strong>artibus</strong></span> <span class='ocrx_word' id='word_1_664' title='bbox 2165 4739 2290 4792; x_wconf 77' lang='lat' dir='ltr'><strong>per-</strong></span> 
     </span>
    </p>
   </div>
   <div class='ocr_carea' id='block_1_95' title="bbox 727 4796 2288 4876">
    <p class='ocr_par' dir='ltr' id='par_1_95' title="bbox 727 4796 2288 4876">
     <span class='ocr_line' id='line_1_95' title="bbox 727 4796 2288 4876; baseline 0.012 -28"><span class='ocrx_word' id='word_1_665' title='bbox 727 4796 880 4865; x_wconf 86' lang='lat' dir='ltr'><strong>sequi</strong></span> <span class='ocrx_word' id='word_1_666' title='bbox 911 4797 1282 4876; x_wconf 75' lang='lat' dir='ltr'><strong>instituerunt.</strong></span> <span class='ocrx_word' id='word_1_667' title='bbox 1315 4798 1529 4857; x_wconf 88' lang='lat' dir='ltr'><strong>Primus</strong></span> <span class='ocrx_word' id='word_1_668' title='bbox 1561 4805 1775 4859; x_wconf 92' lang='lat' dir='ltr'><strong>illorum</strong></span> <span class='ocrx_word' id='word_1_669' title='bbox 1813 4808 2046 4876; x_wconf 87' lang='lat' dir='ltr'><strong>impetus</strong></span> <span class='ocrx_word' id='word_1_670' title='bbox 2083 4813 2136 4864; x_wconf 89' lang='lat' dir='ltr'><strong>in</strong></span> <span class='ocrx_word' id='word_1_671' title='bbox 2181 4813 2288 4866; x_wconf 85' lang='lat' dir='ltr'><strong>Eu-</strong></span> 
     </span>
    </p>
   </div>
   <div class='ocr_carea' id='block_1_96' title="bbox 726 4890 2280 4974">
    <p class='ocr_par' dir='ltr' id='par_1_96' title="bbox 726 4890 2280 4974">
     <span class='ocr_line' id='line_1_96' title="bbox 726 4890 2280 4974; baseline 0.011 -32"><span class='ocrx_word' id='word_1_672' title='bbox 726 4890 984 4942; x_wconf 89' lang='lat' dir='ltr'><strong>stathium</strong></span> <span class='ocrx_word' id='word_1_673' title='bbox 1035 4892 1299 4953; x_wconf 85' lang='lat' dir='ltr'><strong>incubuit,</strong></span> <span class='ocrx_word' id='word_1_674' title='bbox 1350 4893 1704 4951; x_wconf 62' lang='lat' dir='ltr'><strong>Antiochense</strong></span> <span class='ocrx_word' id='word_1_675' title='bbox 1753 4899 1904 4954; x_wconf 92' lang='lat' dir='ltr'><strong>urbis</strong></span> <span class='ocrx_word' id='word_1_676' title='bbox 1941 4901 2280 4974; x_wconf 85' lang='lat' dir='ltr'><strong>episc0pum,</strong></span> 
     </span>
    </p>
   </div>
   <div class='ocr_carea' id='block_1_97' title="bbox 725 4981 2284 5054">
    <p class='ocr_par' dir='ltr' id='par_1_97' title="bbox 725 4981 2284 5054">
     <span class='ocr_line' id='line_1_97' title="bbox 725 4981 2284 5054; baseline 0.013 -23"><span class='ocrx_word' id='word_1_677' title='bbox 725 4981 815 5048; x_wconf 86' lang='lat' dir='ltr'><strong>qui</strong></span> <span class='ocrx_word' id='word_1_678' title='bbox 842 4989 894 5036; x_wconf 89' lang='lat' dir='ltr'><strong>et</strong></span> <span class='ocrx_word' id='word_1_679' title='bbox 921 4982 1285 5039; x_wconf 78' lang='lat' dir='ltr'><strong>confessionis</strong></span> <span class='ocrx_word' id='word_1_680' title='bbox 1319 4985 1490 5054; x_wconf 76' lang='lat' dir='ltr'><strong>gloria</strong></span> <span class='ocrx_word' id='word_1_681' title='bbox 1523 4987 1774 5054; x_wconf 88' lang='lat' dir='ltr'><strong>illustris,</strong></span> <span class='ocrx_word' id='word_1_682' title='bbox 1802 5000 1854 5046; x_wconf 90' lang='lat' dir='ltr'><strong>et</strong></span> <span class='ocrx_word' id='word_1_683' title='bbox 1883 4993 2023 5048; x_wconf 89' lang='lat' dir='ltr'><strong>inter</strong></span> <span class='ocrx_word' id='word_1_684' title='bbox 2053 4995 2284 5052; x_wconf 77' lang='lat' dir='ltr'><strong>Nieaenae</strong></span> 
     </span>
    </p>
   </div>
   <div class='ocr_carea' id='block_1_98' title="bbox 724 5067 2282 5157">
    <p class='ocr_par' dir='ltr' id='par_1_98' title="bbox 724 5067 2282 5157">
     <span class='ocr_line' id='line_1_98' title="bbox 724 5067 2282 5157; baseline 0.012 -34"><span class='ocrx_word' id='word_1_685' title='bbox 724 5069 843 5124; x_wconf 87' lang='lat' dir='ltr'><strong>ﬁdei</strong></span> <span class='ocrx_word' id='word_1_686' title='bbox 892 5067 1194 5128; x_wconf 82' lang='lat' dir='ltr'><strong>assertores</strong></span> <span class='ocrx_word' id='word_1_687' title='bbox 1234 5079 1540 5146; x_wconf 78' lang='lat' dir='ltr'><strong>praecipuus</strong></span> <span class='ocrx_word' id='word_1_688' title='bbox 1583 5081 1898 5136; x_wconf 88' lang='lat' dir='ltr'><strong>habebatur.</strong></span> <span class='ocrx_word' id='word_1_689' title='bbox 1927 5084 2082 5138; x_wconf 85' lang='lat' dir='ltr'><strong>Hunc</strong></span> <span class='ocrx_word' id='word_1_690' title='bbox 2117 5090 2282 5157; x_wconf 82' lang='lat' dir='ltr'><strong>igitur</strong></span> 
     </span>
    </p>
   </div>
   <div class='ocr_carea' id='block_1_99' title="bbox 723 5161 2282 5246">
    <p class='ocr_par' dir='ltr' id='par_1_99' title="bbox 723 5161 2282 5246">
     <span class='ocr_line' id='line_1_99' title="bbox 723 5161 2282 5246; baseline 0.013 -34"><span class='ocrx_word' id='word_1_691' title='bbox 723 5161 863 5229; x_wconf 85' lang='lat' dir='ltr'><strong>apud</strong></span> <span class='ocrx_word' id='word_1_692' title='bbox 901 5163 1280 5232; x_wconf 85' lang='lat' dir='ltr'><strong>imperatorem</strong></span> <span class='ocrx_word' id='word_1_693' title='bbox 1323 5177 1582 5224; x_wconf 86' lang='lat' dir='ltr'><strong>accusant</strong></span> <span class='ocrx_word' id='word_1_694' title='bbox 1613 5173 1753 5240; x_wconf 89' lang='lat' dir='ltr'><strong>quod</strong></span> <span class='ocrx_word' id='word_1_695' title='bbox 1787 5172 2004 5229; x_wconf 87' lang='lat' dir='ltr'><strong>Sabellii</strong></span> <span class='ocrx_word' id='word_1_696' title='bbox 2032 5179 2282 5246; x_wconf 88' lang='lat' dir='ltr'><strong>impieta-</strong></span> 
     </span>
    </p>
   </div>
   <div class='ocr_carea' id='block_1_100' title="bbox 721 5257 2276 5334">
    <p class='ocr_par' dir='ltr' id='par_1_100' title="bbox 721 5257 2276 5334">
     <span class='ocr_line' id='line_1_100' title="bbox 721 5257 2276 5334; baseline 0.016 -35"><span class='ocrx_word' id='word_1_697' title='bbox 721 5264 824 5301; x_wconf 85' lang='lat' dir='ltr'><strong>tem</strong></span> <span class='ocrx_word' id='word_1_698' title='bbox 857 5259 1148 5319; x_wconf 85' lang='lat' dir='ltr'><strong>astrueret,</strong></span> <span class='ocrx_word' id='word_1_699' title='bbox 1184 5257 1436 5326; x_wconf 90' lang='lat' dir='ltr'><strong>quodque</strong></span> <span class='ocrx_word' id='word_1_700' title='bbox 1468 5269 1694 5315; x_wconf 86' lang='lat' dir='ltr'><strong>matrem</strong></span> <span class='ocrx_word' id='word_1_701' title='bbox 1731 5265 1990 5334; x_wconf 88' lang='lat' dir='ltr'><strong>principis</strong></span> <span class='ocrx_word' id='word_1_702' title='bbox 2018 5267 2276 5324; x_wconf 86' lang='lat' dir='ltr'><strong>Helenam</strong></span> 
     </span>
    </p>
   </div>
   <div class='ocr_carea' id='block_1_101' title="bbox 721 5339 2278 5426">
    <p class='ocr_par' dir='ltr' id='par_1_101' title="bbox 721 5339 2278 5426">
     <span class='ocr_line' id='line_1_101' title="bbox 721 5339 2278 5426; baseline 0.015 -34"><span class='ocrx_word' id='word_1_703' title='bbox 721 5339 1014 5408; x_wconf 81' lang='lat' dir='ltr'><strong>Augustam</strong></span> <span class='ocrx_word' id='word_1_704' title='bbox 1042 5349 1368 5402; x_wconf 90' lang='lat' dir='ltr'><strong>contumelia</strong></span> <span class='ocrx_word' id='word_1_705' title='bbox 1399 5343 1686 5407; x_wconf 74' lang='lat' dir='ltr'><strong>affecisset.</strong></span> <span class='ocrx_word' id='word_1_706' title='bbox 1716 5353 1800 5408; x_wconf 83' lang='lat' dir='ltr'><strong>Fit</strong></span> <span class='ocrx_word' id='word_1_707' title='bbox 1823 5357 2012 5426; x_wconf 82' lang='lat' dir='ltr'><strong>ingens</strong></span> <span class='ocrx_word' id='word_1_708' title='bbox 2041 5375 2278 5414; x_wconf 85' lang='lat' dir='ltr'><strong>conven-</strong></span> 
     </span>
    </p>
   </div>
   <div class='ocr_carea' id='block_1_102' title="bbox 719 5434 2275 5519">
    <p class='ocr_par' dir='ltr' id='par_1_102' title="bbox 719 5434 2275 5519">
     <span class='ocr_line' id='line_1_102' title="bbox 719 5434 2275 5519; baseline 0.015 -38"><span class='ocrx_word' id='word_1_709' title='bbox 719 5440 808 5488; x_wconf 89' lang='lat' dir='ltr'><strong>tus</strong></span> <span class='ocrx_word' id='word_1_710' title='bbox 839 5434 1218 5504; x_wconf 85' lang='lat' dir='ltr'><strong>episcoporum</strong></span> <span class='ocrx_word' id='word_1_711' title='bbox 1257 5440 1310 5492; x_wconf 90' lang='lat' dir='ltr'><strong>in</strong></span> <span class='ocrx_word' id='word_1_712' title='bbox 1349 5442 1484 5496; x_wconf 90' lang='lat' dir='ltr'><strong>urbe</strong></span> <span class='ocrx_word' id='word_1_713' title='bbox 1529 5444 1842 5512; x_wconf 79' lang='lat' dir='ltr'><strong>Antiochia,</strong></span> <span class='ocrx_word' id='word_1_714' title='bbox 1890 5449 1978 5502; x_wconf 90' lang='lat' dir='ltr'><strong>cui</strong></span> <span class='ocrx_word' id='word_1_715' title='bbox 2023 5453 2275 5519; x_wconf 70' lang='lat' dir='ltr'><strong>prmsedit</strong></span> 
     </span>
    </p>
   </div>
   <div class='ocr_carea' id='block_1_103' title="bbox 715 5525 2270 5598">
    <p class='ocr_par' dir='ltr' id='par_1_103' title="bbox 715 5525 2270 5598">
     <span class='ocr_line' id='line_1_103' title="bbox 715 5525 2270 5598; baseline 0.014 -22"><span class='ocrx_word' id='word_1_716' title='bbox 715 5525 980 5582; x_wconf 76' lang='lat' dir='ltr'><strong>Eusebius</strong></span> <span class='ocrx_word' id='word_1_717' title='bbox 1014 5528 1463 5596; x_wconf 69' lang='lat' dir='ltr'><strong>Nicomediensis,</strong></span> <span class='ocrx_word' id='word_1_718' title='bbox 1499 5539 1664 5594; x_wconf 88' lang='lat' dir='ltr'><strong>totius</strong></span> <span class='ocrx_word' id='word_1_719' title='bbox 1698 5540 1947 5596; x_wconf 86' lang='lat' dir='ltr'><strong>factionis</strong></span> <span class='ocrx_word' id='word_1_720' title='bbox 1979 5554 2170 5598; x_wconf 89' lang='lat' dir='ltr'><strong>auctor</strong></span> <span class='ocrx_word' id='word_1_721' title='bbox 2209 5559 2270 5598; x_wconf 87' lang='lat' dir='ltr'><strong>ac</strong></span> 
     </span>
    </p>
   </div>
   <div class='ocr_carea' id='block_1_104' title="bbox 718 5619 2269 5702">
    <p class='ocr_par' dir='ltr' id='par_1_104' title="bbox 718 5619 2269 5702">
     <span class='ocr_line' id='line_1_104' title="bbox 718 5619 2269 5702; baseline 0.015 -31"><span class='ocrx_word' id='word_1_722' title='bbox 718 5619 956 5686; x_wconf 66' lang='lat' dir='ltr'><strong>signifer.</strong></span> <span class='ocrx_word' id='word_1_723' title='bbox 997 5621 1244 5678; x_wconf 87' lang='lat' dir='ltr'><strong>Interfuit</strong></span> <span class='ocrx_word' id='word_1_724' title='bbox 1289 5625 1452 5680; x_wconf 89' lang='lat' dir='ltr'><strong>etiam</strong></span> <span class='ocrx_word' id='word_1_725' title='bbox 1497 5629 1622 5683; x_wconf 90' lang='lat' dir='ltr'><strong>huic</strong></span> <span class='ocrx_word' id='word_1_726' title='bbox 1666 5633 1874 5702; x_wconf 88' lang='lat' dir='ltr'><strong>synodo</strong></span> <span class='ocrx_word' id='word_1_727' title='bbox 1916 5635 2269 5694; x_wconf 57' lang='lat' dir='ltr'><strong>Caesariensis</strong></span> 
     </span>
    </p>
   </div>
   <div class='ocr_carea' id='block_1_105' title="bbox 716 5707 2266 5792">
    <p class='ocr_par' dir='ltr' id='par_1_105' title="bbox 716 5707 2266 5792">
     <span class='ocr_line' id='line_1_105' title="bbox 716 5707 2266 5792; baseline 0.015 -33"><span class='ocrx_word' id='word_1_728' title='bbox 716 5707 975 5767; x_wconf 81' lang='lat' dir='ltr'><strong>Eusebius</strong></span> <span class='ocrx_word' id='word_1_729' title='bbox 1043 5711 1208 5784; x_wconf 79' lang='lat' dir='ltr'><strong>Igitur</strong></span> <span class='ocrx_word' id='word_1_730' title='bbox 1243 5716 1554 5776; x_wconf 82' lang='lat' dir='ltr'><strong>Eustathius</strong></span> <span class='ocrx_word' id='word_1_731' title='bbox 1599 5737 1630 5775; x_wconf 90' lang='lat' dir='ltr'><strong>a</strong></span> <span class='ocrx_word' id='word_1_732' title='bbox 1682 5723 1825 5792; x_wconf 90' lang='lat' dir='ltr'><strong>Cyro</strong></span> <span class='ocrx_word' id='word_1_733' title='bbox 1871 5723 2266 5784; x_wconf 71' lang='lat' dir='ltr'><strong>Berrmensium</strong></span> 
     </span>
    </p>
   </div>
   <div class='ocr_carea' id='block_1_106' title="bbox 719 5801 2266 5879">
    <p class='ocr_par' dir='ltr' id='par_1_106' title="bbox 719 5801 2266 5879">
     <span class='ocr_line' id='line_1_106' title="bbox 719 5801 2266 5879; baseline 0.014 -25"><span class='ocrx_word' id='word_1_734' title='bbox 719 5801 958 5870; x_wconf 75' lang='lat' dir='ltr'><strong>:pismpo</strong></span> <span class='ocrx_word' id='word_1_735' title='bbox 1011 5819 1294 5860; x_wconf 75' lang='lat' dir='ltr'><strong>accusatus</strong></span> <span class='ocrx_word' id='word_1_736' title='bbox 1339 5811 1478 5870; x_wconf 68' lang='lat' dir='ltr'><strong>quod</strong></span> <span class='ocrx_word' id='word_1_737' title='bbox 1535 5812 1746 5879; x_wconf 74' lang='lat' dir='ltr'><strong>impiam</strong></span> <span class='ocrx_word' id='word_1_738' title='bbox 1797 5813 2016 5870; x_wconf 75' lang='lat' dir='ltr'><strong>Sabellii</strong></span> <span class='ocrx_word' id='word_1_739' title='bbox 2070 5819 2266 5874; x_wconf 70' lang='lat' dir='ltr'><strong>dot-tri-</strong></span> 
     </span>
    </p>
   </div>
   <div class='ocr_carea' id='block_1_107' title="bbox 2393 4613 3977 4692">
    <p class='ocr_par' dir='ltr' id='par_1_107' title="bbox 2393 4613 3977 4692">
     <span class='ocr_line' id='line_1_107' title="bbox 2393 4613 3977 4692; baseline 0.012 -25"><span class='ocrx_word' id='word_1_740' title='bbox 2393 4613 2555 4684; x_wconf 90' lang='lat' dir='ltr'><strong>idque</strong></span> <span class='ocrx_word' id='word_1_741' title='bbox 2587 4616 2662 4669; x_wconf 91' lang='lat' dir='ltr'><strong>illi</strong></span> <span class='ocrx_word' id='word_1_742' title='bbox 2703 4617 2759 4671; x_wconf 88' lang='lat' dir='ltr'><strong>in</strong></span> <span class='ocrx_word' id='word_1_743' title='bbox 2799 4622 3010 4690; x_wconf 88' lang='lat' dir='ltr'><strong>synodo</strong></span> <span class='ocrx_word' id='word_1_744' title='bbox 3053 4621 3214 4692; x_wconf 87' lang='lat' dir='ltr'><strong>Tyria</strong></span> <span class='ocrx_word' id='word_1_745' title='bbox 3247 4623 3421 4691; x_wconf 88' lang='lat' dir='ltr'><strong>palam</strong></span> <span class='ocrx_word' id='word_1_746' title='bbox 3452 4622 3722 4691; x_wconf 86' lang='lat' dir='ltr'><strong>objectum</strong></span> <span class='ocrx_word' id='word_1_747' title='bbox 3761 4627 3977 4685; x_wconf 88' lang='lat' dir='ltr'><strong>fuisse.</strong></span> 
     </span>
    </p>
   </div>
   <div class='ocr_carea' id='block_1_108' title="bbox 2389 4705 3977 4792">
    <p class='ocr_par' dir='ltr' id='par_1_108' title="bbox 2389 4705 3977 4792">
     <span class='ocr_line' id='line_1_108' title="bbox 2389 4705 3977 4792; baseline 0.012 -33"><span class='ocrx_word' id='word_1_748' title='bbox 2389 4705 2576 4776; x_wconf 83' lang='lat' dir='ltr'><strong>Neque</strong></span> <span class='ocrx_word' id='word_1_749' title='bbox 2605 4709 2746 4762; x_wconf 92' lang='lat' dir='ltr'><strong>enim</strong></span> <span class='ocrx_word' id='word_1_750' title='bbox 2797 4709 3087 4767; x_wconf 85' lang='lat' dir='ltr'><strong>Eusebium</strong></span> <span class='ocrx_word' id='word_1_751' title='bbox 3143 4713 3478 4769; x_wconf 87' lang='lat' dir='ltr'><strong>insimulavit</strong></span> <span class='ocrx_word' id='word_1_752' title='bbox 3521 4715 3773 4782; x_wconf 87' lang='lat' dir='ltr'><strong>Potamo,</strong></span> <span class='ocrx_word' id='word_1_753' title='bbox 3805 4725 3977 4792; x_wconf 57' lang='lat' dir='ltr'><strong>quod</strong></span> 
     </span>
    </p>
   </div>
   <div class='ocr_carea' id='block_1_109' title="bbox 2391 4798 3977 4876">
    <p class='ocr_par' dir='ltr' id='par_1_109' title="bbox 2391 4798 3977 4876">
     <span class='ocr_line' id='line_1_109' title="bbox 2391 4798 3977 4876; baseline 0.012 -27"><span class='ocrx_word' id='word_1_754' title='bbox 2391 4798 2552 4852; x_wconf 89' lang='lat' dir='ltr'><strong>idolis</strong></span> <span class='ocrx_word' id='word_1_755' title='bbox 2591 4801 3006 4868; x_wconf 75' lang='lat' dir='ltr'><strong>immolavisset,</strong></span> <span class='ocrx_word' id='word_1_756' title='bbox 3057 4804 3152 4859; x_wconf 91' lang='lat' dir='ltr'><strong>sed</strong></span> <span class='ocrx_word' id='word_1_757' title='bbox 3206 4813 3418 4859; x_wconf 90' lang='lat' dir='ltr'><strong>tantum</strong></span> <span class='ocrx_word' id='word_1_758' title='bbox 3461 4806 3608 4876; x_wconf 89' lang='lat' dir='ltr'><strong>quod</strong></span> <span class='ocrx_word' id='word_1_759' title='bbox 3662 4810 3862 4865; x_wconf 86' lang='lat' dir='ltr'><strong>salvus</strong></span> <span class='ocrx_word' id='word_1_760' title='bbox 3915 4825 3977 4869; x_wconf 86' lang='lat' dir='ltr'><strong>et</strong></span> 
     </span>
    </p>
   </div>
   <div class='ocr_carea' id='block_1_110' title="bbox 2389 4890 3976 4970">
    <p class='ocr_par' dir='ltr' id='par_1_110' title="bbox 2389 4890 3976 4970">
     <span class='ocr_line' id='line_1_110' title="bbox 2389 4890 3976 4970; baseline 0.012 -30"><span class='ocrx_word' id='word_1_761' title='bbox 2389 4890 2596 4959; x_wconf 82' lang='lat' dir='ltr'><strong>integer</strong></span> <span class='ocrx_word' id='word_1_762' title='bbox 2627 4907 2690 4945; x_wconf 81' lang='lat' dir='ltr'><strong>ex</strong></span> <span class='ocrx_word' id='word_1_763' title='bbox 2721 4909 2940 4948; x_wconf 89' lang='lat' dir='ltr'><strong>carcere</strong></span> <span class='ocrx_word' id='word_1_764' title='bbox 2969 4895 3250 4962; x_wconf 81' lang='lat' dir='ltr'><strong>dimissus,</strong></span> <span class='ocrx_word' id='word_1_765' title='bbox 3292 4895 3346 4949; x_wconf 87' lang='lat' dir='ltr'><strong>id</strong></span> <span class='ocrx_word' id='word_1_766' title='bbox 3381 4896 3447 4951; x_wconf 89' lang='lat' dir='ltr'><strong>de</strong></span> <span class='ocrx_word' id='word_1_767' title='bbox 3477 4900 3596 4970; x_wconf 89' lang='lat' dir='ltr'><strong>ipso</strong></span> <span class='ocrx_word' id='word_1_768' title='bbox 3629 4901 3976 4968; x_wconf 77' lang='lat' dir='ltr'><strong>suspicandi</strong></span> 
     </span>
    </p>
   </div>
   <div class='ocr_carea' id='block_1_111' title="bbox 2386 4983 3980 5057">
    <p class='ocr_par' dir='ltr' id='par_1_111' title="bbox 2386 4983 3980 5057">
     <span class='ocr_line' id='line_1_111' title="bbox 2386 4983 3980 5057; baseline 0.013 -25"><span class='ocrx_word' id='word_1_769' title='bbox 2386 4995 2573 5035; x_wconf 88' lang='lat' dir='ltr'><strong>ansam</strong></span> <span class='ocrx_word' id='word_1_770' title='bbox 2607 4983 2942 5052; x_wconf 70' lang='lat' dir='ltr'><strong>praabuisset.</strong></span> <span class='ocrx_word' id='word_1_771' title='bbox 2967 4984 3106 5040; x_wconf 83' lang='lat' dir='ltr'><strong>Fieri</strong></span> <span class='ocrx_word' id='word_1_772' title='bbox 3141 4995 3321 5050; x_wconf 83' lang='lat' dir='ltr'><strong>tamen</strong></span> <span class='ocrx_word' id='word_1_773' title='bbox 3355 4997 3555 5057; x_wconf 84' lang='lat' dir='ltr'><strong>potest,</strong></span> <span class='ocrx_word' id='word_1_774' title='bbox 3589 4997 3654 5043; x_wconf 86' lang='lat' dir='ltr'><strong>ut</strong></span> <span class='ocrx_word' id='word_1_775' title='bbox 3677 4989 3980 5052; x_wconf 81' lang='lat' dir='ltr'><strong>Eusebius</strong></span> 
     </span>
    </p>
   </div>
   <div class='ocr_carea' id='block_1_112' title="bbox 2383 5077 3974 5156">
    <p class='ocr_par' dir='ltr' id='par_1_112' title="bbox 2383 5077 3974 5156">
     <span class='ocr_line' id='line_1_112' title="bbox 2383 5077 3974 5156; baseline 0.01 -29"><span class='ocrx_word' id='word_1_776' title='bbox 2383 5077 2490 5128; x_wconf 81' lang='lat' dir='ltr'><strong>alio</strong></span> <span class='ocrx_word' id='word_1_777' title='bbox 2513 5079 2768 5147; x_wconf 84' lang='lat' dir='ltr'><strong>qu0piam</strong></span> <span class='ocrx_word' id='word_1_778' title='bbox 2801 5079 2962 5132; x_wconf 89' lang='lat' dir='ltr'><strong>modo</strong></span> <span class='ocrx_word' id='word_1_779' title='bbox 2988 5079 3249 5136; x_wconf 90' lang='lat' dir='ltr'><strong>dimissus</strong></span> <span class='ocrx_word' id='word_1_780' title='bbox 3279 5081 3441 5136; x_wconf 88' lang='lat' dir='ltr'><strong>fuerit</strong></span> <span class='ocrx_word' id='word_1_781' title='bbox 3462 5099 3492 5138; x_wconf 90' lang='lat' dir='ltr'><strong>e</strong></span> <span class='ocrx_word' id='word_1_782' title='bbox 3513 5099 3758 5150; x_wconf 88' lang='lat' dir='ltr'><strong>carcere,</strong></span> <span class='ocrx_word' id='word_1_783' title='bbox 3781 5101 3974 5156; x_wconf 87' lang='lat' dir='ltr'><strong>quam</strong></span> 
     </span>
    </p>
   </div>
   <div class='ocr_carea' id='block_1_113' title="bbox 2383 5168 3974 5246">
    <p class='ocr_par' dir='ltr' id='par_1_113' title="bbox 2383 5168 3974 5246">
     <span class='ocr_line' id='line_1_113' title="bbox 2383 5168 3974 5246; baseline 0.011 -26"><span class='ocrx_word' id='word_1_784' title='bbox 2383 5168 2476 5220; x_wconf 90' lang='lat' dir='ltr'><strong>illo</strong></span> <span class='ocrx_word' id='word_1_785' title='bbox 2527 5185 2686 5236; x_wconf 89' lang='lat' dir='ltr'><strong>quem</strong></span> <span class='ocrx_word' id='word_1_786' title='bbox 2721 5171 2906 5223; x_wconf 87' lang='lat' dir='ltr'><strong>retulit</strong></span> <span class='ocrx_word' id='word_1_787' title='bbox 2938 5169 3182 5227; x_wconf 86' lang='lat' dir='ltr'><strong>Potamo.</strong></span> <span class='ocrx_word' id='word_1_788' title='bbox 3216 5173 3484 5228; x_wconf 64' lang='lat' dir='ltr'><strong>Caeterum</strong></span> <span class='ocrx_word' id='word_1_789' title='bbox 3533 5191 3598 5229; x_wconf 75' lang='lat' dir='ltr'><strong>ex</strong></span> <span class='ocrx_word' id='word_1_790' title='bbox 3651 5175 3974 5246; x_wconf 84' lang='lat' dir='ltr'><strong>Epiphanii</strong></span> 
     </span>
    </p>
   </div>
   <div class='ocr_carea' id='block_1_114' title="bbox 2383 5261 3972 5332">
    <p class='ocr_par' dir='ltr' id='par_1_114' title="bbox 2383 5261 3972 5332">
     <span class='ocr_line' id='line_1_114' title="bbox 2383 5261 3972 5332; baseline 0.01 -20"><span class='ocrx_word' id='word_1_791' title='bbox 2383 5261 2564 5315; x_wconf 88' lang='lat' dir='ltr'><strong>verbis</strong></span> <span class='ocrx_word' id='word_1_792' title='bbox 2596 5262 2776 5332; x_wconf 82' lang='lat' dir='ltr'><strong>colligi</strong></span> <span class='ocrx_word' id='word_1_793' title='bbox 2809 5263 3043 5328; x_wconf 89' lang='lat' dir='ltr'><strong>videtur,</strong></span> <span class='ocrx_word' id='word_1_794' title='bbox 3072 5265 3362 5320; x_wconf 87' lang='lat' dir='ltr'><strong>Eusebium</strong></span> <span class='ocrx_word' id='word_1_795' title='bbox 3395 5267 3794 5322; x_wconf 66' lang='lat' dir='ltr'><strong>Ca&#39;saricnsent</strong></span> <span class='ocrx_word' id='word_1_796' title='bbox 3821 5271 3972 5328; x_wconf 84' lang='lat' dir='ltr'><strong>huic</strong></span> 
     </span>
    </p>
   </div>
   <div class='ocr_carea' id='block_1_115' title="bbox 2380 5353 3972 5421">
    <p class='ocr_par' dir='ltr' id='par_1_115' title="bbox 2380 5353 3972 5421">
     <span class='ocr_line' id='line_1_115' title="bbox 2380 5353 3972 5421; baseline 0.008 -16"><span class='ocrx_word' id='word_1_797' title='bbox 2380 5353 2590 5421; x_wconf 71' lang='lat' dir='ltr'><strong>synodo</strong></span> <span class='ocrx_word' id='word_1_798' title='bbox 2615 5355 2952 5420; x_wconf 76' lang='lat' dir='ltr'><strong>prmsedisse.</strong></span> <span class='ocrx_word' id='word_1_799' title='bbox 3006 5357 3170 5408; x_wconf 86' lang='lat' dir='ltr'><strong>Addit</strong></span> <span class='ocrx_word' id='word_1_800' title='bbox 3207 5357 3353 5409; x_wconf 88' lang='lat' dir='ltr'><strong>enim</strong></span> <span class='ocrx_word' id='word_1_801' title='bbox 3383 5355 3675 5410; x_wconf 85' lang='lat' dir='ltr'><strong>Eusebium</strong></span> <span class='ocrx_word' id='word_1_802' title='bbox 3723 5357 3812 5415; x_wconf 87' lang='lat' dir='ltr'><strong>his</strong></span> <span class='ocrx_word' id='word_1_803' title='bbox 3849 5378 3972 5416; x_wconf 82' lang='lat' dir='ltr'><strong>au-</strong></span> 
     </span>
    </p>
   </div>
   <div class='ocr_carea' id='block_1_116' title="bbox 2375 5443 3968 5512">
    <p class='ocr_par' dir='ltr' id='par_1_116' title="bbox 2375 5443 3968 5512">
     <span class='ocr_line' id='line_1_116' title="bbox 2375 5443 3968 5512; baseline 0.007 -17"><span class='ocrx_word' id='word_1_804' title='bbox 2375 5443 2508 5497; x_wconf 81' lang='lat' dir='ltr'><strong>d;tis</strong></span> <span class='ocrx_word' id='word_1_805' title='bbox 2537 5447 2773 5512; x_wconf 75' lang='lat' dir='ltr'><strong>graviter</strong></span> <span class='ocrx_word' id='word_1_806' title='bbox 2803 5456 3156 5508; x_wconf 74' lang='lat' dir='ltr'><strong>comitiatum,</strong></span> <span class='ocrx_word' id='word_1_807' title='bbox 3207 5448 3484 5502; x_wconf 84' lang='lat' dir='ltr'><strong>dimisisse</strong></span> <span class='ocrx_word' id='word_1_808' title='bbox 3513 5447 3838 5503; x_wconf 84' lang='lat' dir='ltr'><strong>concilium.</strong></span> <span class='ocrx_word' id='word_1_809' title='bbox 3879 5451 3968 5506; x_wconf 76' lang='lat' dir='ltr'><strong>Ex</strong></span> 
     </span>
    </p>
   </div>
   <div class='ocr_carea' id='block_1_117' title="bbox 2376 5539 3970 5610">
    <p class='ocr_par' dir='ltr' id='par_1_117' title="bbox 2376 5539 3970 5610">
     <span class='ocr_line' id='line_1_117' title="bbox 2376 5539 3970 5610; baseline 0.003 -20"><span class='ocrx_word' id='word_1_810' title='bbox 2376 5540 2498 5592; x_wconf 78' lang='lat' dir='ltr'><strong>aliis</strong></span> <span class='ocrx_word' id='word_1_811' title='bbox 2533 5549 2706 5590; x_wconf 72' lang='lat' dir='ltr'><strong>tamen</strong></span> <span class='ocrx_word' id='word_1_812' title='bbox 2741 5541 3100 5608; x_wconf 86' lang='lat' dir='ltr'><strong>scriptoribus</strong></span> <span class='ocrx_word' id='word_1_813' title='bbox 3135 5552 3481 5610; x_wconf 83' lang='lat' dir='ltr'><strong>compertum.</strong></span> <span class='ocrx_word' id='word_1_814' title='bbox 3513 5539 3806 5602; x_wconf 87' lang='lat' dir='ltr'><strong>habemus,</strong></span> <span class='ocrx_word' id='word_1_815' title='bbox 3835 5557 3970 5600; x_wconf 81' lang='lat' dir='ltr'><strong>non</strong></span> 
     </span>
    </p>
   </div>
   <div class='ocr_carea' id='block_1_118' title="bbox 2372 5629 3970 5704">
    <p class='ocr_par' dir='ltr' id='par_1_118' title="bbox 2372 5629 3970 5704">
     <span class='ocr_line' id='line_1_118' title="bbox 2372 5629 3970 5704; baseline 0.004 -18"><span class='ocrx_word' id='word_1_816' title='bbox 2372 5633 2785 5694; x_wconf 58' lang='lat' dir='ltr'><strong>(lies-arietisem,</strong></span> <span class='ocrx_word' id='word_1_817' title='bbox 2819 5635 2910 5687; x_wconf 82' lang='lat' dir='ltr'><strong>sed</strong></span> <span class='ocrx_word' id='word_1_818' title='bbox 2943 5633 3406 5688; x_wconf 80' lang='lat' dir='ltr'><strong>Nicomediensem</strong></span> <span class='ocrx_word' id='word_1_819' title='bbox 3439 5629 3738 5687; x_wconf 87' lang='lat' dir='ltr'><strong>Eusebium</strong></span> <span class='ocrx_word' id='word_1_820' title='bbox 3763 5631 3970 5704; x_wconf 74' lang='lat' dir='ltr'><strong>Tyriae</strong></span> 
     </span>
    </p>
   </div>
   <div class='ocr_carea' id='block_1_119' title="bbox 2371 5726 2906 5795">
    <p class='ocr_par' dir='ltr' id='par_1_119' title="bbox 2371 5726 2906 5795">
     <span class='ocr_line' id='line_1_119' title="bbox 2371 5726 2906 5795; baseline -0.002 -17"><span class='ocrx_word' id='word_1_821' title='bbox 2371 5726 2576 5795; x_wconf 80' lang='lat' dir='ltr'><strong>synodo</strong></span> <span class='ocrx_word' id='word_1_822' title='bbox 2609 5727 2906 5794; x_wconf 63' lang='lat' dir='ltr'><strong>prtel&#39;uisse.</strong></span> 
     </span>
    </p>
   </div>
   <div class='ocr_carea' id='block_1_120' title="bbox 2443 5818 3972 5885">
    <p class='ocr_par' dir='ltr' id='par_1_120' title="bbox 2443 5818 3972 5885">
     <span class='ocr_line' id='line_1_120' title="bbox 2443 5818 3972 5885; baseline 0.003 -11"><span class='ocrx_word' id='word_1_823' title='bbox 2443 5821 2481 5874; x_wconf 88' lang='lat' dir='ltr'>P</span> <span class='ocrx_word' id='word_1_824' title='bbox 2524 5832 2566 5876; x_wconf 90' lang='lat' dir='ltr'><strong>st</strong></span> <span class='ocrx_word' id='word_1_825' title='bbox 2617 5821 2908 5873; x_wconf 60' lang='lat' dir='ltr'><strong>«our-ilium</strong></span> <span class='ocrx_word' id='word_1_826' title='bbox 2950 5819 3084 5873; x_wconf 77' lang='lat' dir='ltr'><strong>&#39;Tvri</strong></span> <span class='ocrx_word' id='word_1_827' title='bbox 3129 5821 3392 5883; x_wconf 52' lang='lat' dir='ltr'><strong>habitum,</strong></span> <span class='ocrx_word' id='word_1_828' title='bbox 3445 5818 3686 5885; x_wconf 76' lang='lat' dir='ltr'><strong>cpiscOpi</strong></span> <span class='ocrx_word' id='word_1_829' title='bbox 3745 5833 3972 5882; x_wconf 70' lang='lat' dir='ltr'><strong>omnes</strong></span> 
     </span>
    </p>
   </div>
  </div>
