4196 6312
272 397 335 450 61
1702 394 1929 455 ΝΟΤΙΤΙ

1811 399 1998 455 l'lTlA.
3400 401 3468 455 6‘2

272 517 365 585 qui
399 515 509 568 illic
537 514 916 575 consederant.
964 514 1122 583 jussu
1162 516 1421 585 principis
1454 515 1825 587 Hierosolyma
1856 528 1902 581 Α
1926 538 2046 589 qua:
2070 506 2392 591 congregata
2422 529 2503 576 est
2530 522 2819 576 consulatu
2846 520 3152 575 Constantii
3191 530 3241 573 et
3270 519 3467 584 Albim,

274 621 337 660 se
365 606 666 667 contulere,
697 606 763 659 ad
803 606 1124 659 celebranda
1156 607 1392 659 encaania
1425 621 1629 674 magna:
1682 608 1828 663 illius

269 696 541 759 basilicae,
574 711 734 765 quam
770 697 823 749 in
874 697 1132 749 honorem
1181 696 1383 750 Christi
1433 697 1819 753 Constantinus

269 789 473 843 ibidem
524 795 886 842 eXstruxerat.
942 789 1055 841 lllic
1110 788 1375 843 Eusebius
1426 800 1608 844 noster
1655 792 1820 846 variis

273 879 633 934 concionibus
681 880 734 931 in
769 879 999 932 ecclesia
1054 880 1251 932 habitis
1288 879 1632 934 festivitatem
1666 881 1828 935 deco-,-

275 969 503 1022 raverit.
558 970 802 1037 Cumque
866 968 1157 1036 imperator
1207 969 1575 1023 acerbissimis
1633 969 1829 1025 litteris

278 1060 570 1127 episcOpos
597 1058 661 1111 ad
686 1058 1000 1111 comitatum
1035 1073 1193 1111 suum
1232 1068 1530 1121 evocasset,
1559 1067 1615 1111 ut
1641 1074 1826 1113 eorum

274 1165 397 1217 quae
432 1150 696 1202 adversus
739 1148 1094 1201 Athanasium
1128 1165 1223 1217 per
1263 1149 1504 1202 fraudem
1539 1164 1601 1202 ac
1637 1150 1827 1203 simul-

272 1248 442 1295 tatem
475 1250 777 1309 gesserant,
804 1241 1062 1293 rationem
1099 1255 1281 1293 coram
1307 1242 1619 1305 redderent;
1656 1240 1825 1293 Euse-

274 1332 409 1387 hius.
432 1339 621 1386 noster
650 1348 752 1385 una
784 1348 905 1385 cum
949 1331 1187 1401 quinque
1228 1332 1348 1385 aliis
1378 1334 1523 1384 venit
1554 1332 1818 1384 Constan-

273 1410 586 1491 tinopolim,
626 1422 799 1490 deque
846 1424 1099 1477 omnibus
1140 1424 1303 1492 gestis
1354 1424 1649 1493 principem
1697 1439 1817 1475 cer-

273 1514 473 1565 tiorem
510 1513 655 1581 fecit.
706 1513 861 1567 Tunc
911 1516 1071 1566 ctiam
1124 1515 1473 1567 tricennalem
1522 1516 1819 1566 orationem

276 1616 464 1654 coram
496 1602 615 1670 ipso
661 1603 985 1670 imperatore
1036 1602 1087 1653 in
1122 1603 1321 1670 palatio
1352 1603 1619 1655 recitavit.
1654 1604 1823 1666 Quam

275 1693 492 1761 quidem
525 1693 819 1760 imperator
850 1706 1061 1745 summo
1090 1706 1212 1744 cum
1260 1692 1450 1757 gaudio
1480 1693 1823 1755 auscultarit,

272 1799 381 1836 non
406 1791 515 1835 tam
550 1782 621 1835 ob
656 1796 806 1843 suas,
845 1795 1007 1850 quam
1048 1781 1117 1834 oh
1153 1780 1243 1832 Dei
1280 1782 1484 1839 laudes,
1522 1796 1678 1848 quem
1717 1779 1822 1832 Eu-

1930 626 2071 663 anno
2100 612 2207 664 555
2238 611 2445 665 Natalis
2496 611 2783 665 Dominici.
2835 611 2994 665 Certe
3027 610 3292 664 Eusebius
3319 611 3372 663 in
3402 612 3466 663 li-

1929 698 2027 751 bro
2057 715 2071 750 ι
2109 698 2305 752 Contra
2355 700 2662 753 Marcellum
2710 702 2772 754 de
2801 701 3155 754 ecclesiastica
3192 701 3468 770 theologia,

1930 804 2048 857 cap.
2085 788 2171 851 14,
2219 789 2419 843 diserte
2461 790 2670 853 scribit,
2718 789 3028 843 Marcellum
3065 792 3257 843 merito
3287 791 3353 843 ab
3381 788 3473 843 Ec-

1927 879 2091 931 clesia
2116 878 2430 931 damnatum
2462 878 2650 933 fuisse.
2680 878 2977 932 Damnatus
3026 887 3204 931 autem
3238 886 3321 933 est
3370 881 3474 949 pri-

1925 980 2071 1018 mum
2102 965 2383 1020 Marcellus
2424 967 2475 1020 iu
2513 966 2721 1035 synodo
2750 966 3369 1033 Constantinopolitano,
3406 968 3474 1020 ab

1927 1055 2035 1110 illis
2066 1056 2199 1124 ipsis
2222 1057 2491 1124 episcopis
2532 1057 2624 1125 qui
2656 1058 2937 1111 basilicam
2967 1055 3472 1111 Constantinianam

1928 1147 2315 1216 Hierosolymis
2355 1147 2757 1209 dedicaverant,
2815 1148 2918 1203 hoc
2965 1156 3048 1201 est
3088 1164 3228 1201 anno
3273 1147 3471 1201 Christi

1928 1239 2051 1299 555,
2083 1240 2162 1292 vel
2196 1247 2340 1290 certe
2368 1237 2487 1301 556,
2545 1246 2602 1289 ut
2645 1238 2875 1290 Baronio
2904 1240 3096 1306 placet.
3133 1238 3197 1291 Et
3231 1236 3475 1292 Socrates

1927 1329 2143 1397 quidem
2172 1338 2282 1383 tres
2305 1336 2513 1399 tantum
2554 1328 2797 1397 agnoscit
2825 1328 3043 1382 Eusebii
3098 1330 3266 1383 libros
3296 1338 3476 1381 contra

1927 1418 2261 1481 Marcellum,
2293 1436 2386 1475 eos
2419 1421 2628 1475 scilicet
2658 1421 2747 1490 qui
2789 1419 2863 1474 De
2892 1421 3249 1474 ecclesiastica
3281 1421 3479 1475 theolo-

1926 1514 2011 1577 gth
2047 1512 2469 1565 inscribuntur:
2506 1528 2626 1565 cum
2672 1522 2848 1566 tamen
2892 1519 3059 1565 totum
3105 1528 3241 1580 opus
3288 1520 3477 1565 contra

1928 1600 2260 1663 Marcellum,
2299 1604 2539 1670 quinque
2570 1603 2722 1656 libris
2756 1603 2821 1655 ab
2852 1602 3080 1656 Eusebio
3111 1605 3179 1656 sit
3224 1618 3472 1671 compre-

1925 1694 2177 1747 hensum.
2201 1692 2368 1746 Porro
2391 1694 2630 1745 omnimn
2658 1692 2875 1746 EllSl‘iJii
2907 1694 3187 1756 librormn,
3216 1696 3474 1763 postremi

1930 1785 2181 1837 videntur
2215 1799 2335 1838 esse
2364 1791 2595 1852 quatuor
2628 1783 2704 1835 illi
2763 1782 2840 1835 De
2905 1783 3025 1835 Vita
3067 1786 3190 1851 imp.
3222 1782 3475 1837 Constan—

256 1874 461 1927 ‘sebius
493 1880 605 1925 tota
639 1872 727 1925 illa
763 1872 1005 1925 oratione
1035 1871 1418 1923 celebraverat.
1462 1869 1610 1923 Hauc
1635 1884 1826 1921 secun-
1860 1848 1901 1904 Β
1931 1878 2047 1930 (ini,
2106 1876 2300 1943 scripti
2353 1884 2478 1929 sunt
2511 1874 2654 1927 enim
2712 1882 2829 1942 post
2883 1884 3110 1927 mortem
3144 1877 3271 1943 imp.
3310 1876 3475 1937 illius,

273 1966 398 2019 dam
427 1966 725 2017 orationem
750 1964 802 2016 in
829 1964 1025 2032 palatio
1050 1977 1077 2013 a
1102 1978 1159 2015 se
1180 1962 1376 2014 dictam
1407 1961 1572 2013 fuisse
1598 1968 1826 2014 testatur

275 2055 548 2110 Eusebius
579 2056 631 2107 in
666 2055 804 2106 libro
856 2053 931 2106 De
961 2054 1067 2105 rita
1093 2051 1446 2105 Constantini.
1482 2050 1598 2104 Jam
1630 2052 1826 2119 quippe

274 2153 434 2198 antea
469 2144 768 2197 orationem
799 2142 866 2196 de
897 2143 1146 2209 sepulcro
1196 2139 1407 2193 Domini
1462 2140 1725 2193 habuerat
1771 2142 1825 2194 in

270 2236 509 2307 palatio;
538 2242 728 2303 quam
763 2234 979 2303 quidem
1025 2234 1320 2303 imperator
1373 2240 1524 2287 stans
1560 2233 1823 2295 audierat,

269 2342 373 2381 nec
401 2341 666 2395 unquam,
692 2326 817 2380 licet
844 2325 1013 2379 semel
1061 2332 1221 2393 atque
1257 2325 1448 2377 iterum
1480 2324 1547 2376 ab
1594 2323 1825 2377 Eusebio

271 2428 517 2487 rogatus,
553 2418 741 2472 sedere
791 2417 845 2470 in
891 2401 1021 2470 sella
1052 2416 1153 2469 sibi
1188 2416 1431 2483 apposita
1461 2416 1822 2479 sustinuerat;

270 2526 486 2579 aequum
518 2524 638 2562 esse
670 2508 878 2570 dicens,
912 2521 1191 2560 sermones
1242 2506 1308 2559 de
1357 2505 1465 2559 Deo
1500 2521 1528 2557 a
1558 2506 1825 2560 stantibus

270 2598 539 2661 exaudiri,
577 2605 634 2649 ut
666 2595 830 2650 refert
858 2595 1121 2650 Eusebius
1154 2596 1206 2648 in
1238 2596 1414 2664 capite
1463 2597 1531 2649 55
1578 2597 1820 2663 ejusdem

267 2690 415 2744 libri.
1602 2697 1612 2704 '

339 2778 512 2833 Porro
542 2792 702 2845 quam
737 2776 935 2829 clzarus
957 2782 1322 2843 acceptusque
1368 2773 1531 2828 fuerit
1559 2774 1824 2827 Constan-

266 2872 383 2923 tino
413 2875 600 2921 noster
626 2866 914 2928 Eusebius,
951 2875 1063 2918 tum
1087 2881 1150 2918 ex
1179 2865 1264 2921 his
1292 2880 1411 2934 quae
1439 2866 1571 2925 dixi,
1606 2874 1717 2916 tum
1758 2879 1823 2916 ex

267 2961 461 3016 multis
492 2959 613 3013 aliis
649 2958 774 3011 licet
820 2957 1138 3026 intelligere.
1169 2956 1302 3009 Nam
1332 2965 1387 3011 et
1416 2956 1724 3023 frequentes
1756 2958 1822 3007 ab

264 3066 334 3105 eo
363 3030 576 3116 accepit
608 3048 838 3109 litteras,
871 3062 991 3115 quae
1017 3048 1069 3099 in
1103 3046 1431 3116 supradictis
1461 3046 1611 3099 libris
1648 3047 1823 3097 intox-

265 3150 335 3194 ta:
362 3141 631 3209 leguntur.
661 3137 770 3191 Nec
798 3152 920 3190 raro
953 3137 1018 3190 ad
1048 3139 1307 3206 palatium
1352 3136 1559 3190 accitus
1602 3122 1659 3189 et
1700 3151 1823 3189 cou-

264 3231 415 3285 vivio
448 3235 730 3297 exceptus,
783 3233 836 3279 et
892 3226 1148 3279 familiari
1199 3226 1474 3295 colloquio
1522 3225 1819 3278 honoratus

263 3333 372 3383 est.
404 3322 550 3387 Quin
604 3321 765 3375 etiam
815 3319 1079 3373 visionem
1134 3316 1280 3370 illam
1333 3316 1513 3371 crucis
1558 3331 1719 3385 quam
1766 3317 1820 3368 in

263 3416 409 3472 ccelo
472 3414 865 3469 Constantinus
911 3410 1121 3464 viderat
1179 3416 1310 3461 tunc
1370 3422 1495 3461 cum
1559 3406 1819 3461 adversus

265 3508 601 3565 Maxentium
638 3504 1091 3573 proﬁcisceretur,
1121 3500 1355 3555 Eusebio
1403 3505 1595 3553 nostro
1630 3514 1814 3552 narra-

263 3602 381 3664 vit;
411 3606 463 3653 et
489 3597 756 3651 Labarum
784 3594 925 3664 quod
951 3595 1016 3647 ad
1035 3593 1217 3649 crucis
1242 3592 1387 3646 illius
1414 3590 1817 3647 similitudinem

261 3695 630 3759 expresserat,
675 3687 846 3741 eidem
892 3685 1151 3748 ostendit,
1201 3681 1650 3753 quemadmodum
1706 3682 1818 3749 ipse

263 3785 500 3834 testatur
527 3775 814 3830 Eusebius.
840 3773 1085 3842 Cumque
1114 3788 1250 3842 opus
1282 3772 1504 3825 haberet
1538 3770 1817 3840 chieibus

264 3871 442 3925 sacris
477 3868 543 3921 ad
578 3881 736 3920 usum
769 3864 1118 3919 ecclesiarum
1167 3879 1302 3931 quas
1348 3861 1816 3928 Constantinopoli

268 3960 651 4021 acdiﬁcavcrat,
673 3970 859 4011 eorum
884 3955 1363 4009 describendorum
1388 3968 1589 4006 curam.
1611 3968 1672 4005 ac
1704 3954 1815 4005 sol-

265 4044 606 4099 licitudinem
637 4041 912 4095 mandavit
947 4041 1211 4101 Eusebio:
1263 4042 1458 4111 quippe
1509 4056 1667 4109 quem
1720 4041 1817 4093 ha-

263 4149 391 4189 rum
420 4148 598 4186 rerum
621 4131 1011 4201 peritissimum
1034 4148 1155 4187 esse
1178 4133 1344 4201 probe
1363 4133 1545 4186 sciret.
1575 4130 1816 4200 Denique

266 4240 394 4279 cum
422 4222 686 4279 Eusebius
715 4231 902 4277 noster
929 4223 1125 4277 librum
1156 4224 1230 4277 De
1263 4224 1393 4293 festo
1425 4224 1660 4293 paschali
1697 4224 1814 4292 ejus

264 4316 473 4369 nomini
502 4321 886 4384 nuncupasset,
924 4315 1375 4382 adeojucundum
1414 4315 1466 4368 id
1498 4331 1692 4371 munus
1718 4316 1816 4368 fuit

262 4408 648 4470 Constantino,
695 4413 754 4460 ut
784 4406 981 4459 librum
1036 4407 1185 4460 illum
1233 4409 1415 4463 statim
1455 4408 1507 4460 in
1561 4406 1810 4461 Latinum

1928 1966 2015 2018 cui
2072 1980 2180 2017 non
2229 1966 2320 2017 diu
2374 1972 2651 2033 superstes
2703 1963 2836 2015 vixit
2892 1963 3177 2017 Eusebius.
3234 1965 3476 2017 Mortuus

1925 2054 2121 2122 quippe
2137 2063 2217 2105 est
2235 2054 2335 2106 sub
2350 2055 2568 2106 exordia
2586 2053 2919 2121 principatus
2935 2054 3233 2105 Constantii
3253 2053 3476 2121 Augusti

1926 2144 2084 2211 paulo
2114 2150 2237 2196 ante
2268 2151 2495 2195 mortem
2522 2143 2865 2197 Constantini
2900 2141 3160 2204 Juuioris,
3197 2158 3314 2211 qum
3339 2157 3472 2194 con-

1927 2233 2045 2300 tigit
2072 2233 2355 2301 Acindyno
2382 2242 2435 2285 et
2466 2232 2697 2286 Proculo
2730 2234 3069 2295 consulibus,
3103 2248 3244 2286 anno
3272 2233 3471 2287 Christi

1925 2325 2049 2384 3m,
2086 2326 2149 2377 ut
2166 2326 2435 2393 colligitur
2465 2340 2531 2379 ex
2569 2324 2811 2379 Socratis
2842 2327 2981 2379 libro
3029 2328 3287 2380 secundo.
3320 2326 3473 2390 Quod

1925 2426 2102 2468 autem
2134 2413 2372 2483 Scaliger
2417 2416 2469 2470 in
2526 2415 3097 2469 Animadversionibus
3133 2416 3471 2478 Eusebianis,

1924 2508 2175 2561 editionis
2205 2508 2406 2560 ultimae
2454 2522 2576 2576 pag.
2602 2507 2725 2568 250,
2752 2507 2826 2559 ait
2848 2505 3061 2560 Eusebii
3095 2507 3261 2560 libros
3292 2518 3477 2560 contra

1926 2598 2276 2665 Porphyrium
2301 2598 2537 2667 scriptos
2559 2614 2679 2653 esse
2701 2600 2802 2652 sub
2831 2598 3171 2660 Constantio,
3203 2598 3474 2652 Constan~

1921 2689 2019 2740 tini
2077 2687 2255 2757 Magni
2302 2689 2432 2753 lilio,
2492 2705 2614 2741 cum
2675 2692 2879 2746 nullius
2934 2691 3140 2759 antiqui
3189 2693 3475 2759 scriptoris

1922 2780 2233 2833 testimonio
2263 2780 2636 2843 confirmetur,
2685 2798 2714 2834 a
2742 2783 2899 2837 nobis
2931 2793 3040 2836 tam
3076 2784 3231 2836 facile
3264 2782 3473 2835 admitti

1923 2886 2030 2923 non
2063 2878 2257 2939 potest.
2291 2868 2395 2923 Sed
2425 2871 2567 2939 quod
2603 2872 2797 2925 ibidem
2833 2874 3050 2940 subjicit
3082 2872 3340 2942 Scaliger,
3365 2881 3475 2925 tres

1928 2971 2232 3030 postremos
2262 2962 2588 3031 Evangelicaz
2633 2964 3094 3017 demonstrationis
3150 2964 3339 3025 libros,
3376 2980 3471 3016 oc-

1927 3048 2116 3103 tavum‘
2138 3051 2408 3105 decimum
2433 3053 2659 3118 scilicet,
2700 3068 2899 3109 nonum
2940 3054 3209 3131 decimum
3241 3068 3303 3106 ac
3334 3054 3475 3108 vice-

1926 3144 2144 3204 simum,
2170 3143 2236 3195 ab
2268 3142 2498 3197 Eusebio
2533 3146 2764 3213 scriptos
2816 3161 2937 3200 esse
2994 3154 3184 3199 contra
3234 3144 3471 3215 Porphy-

1848 3207 1888 3262 C
1922 3233 2084 3293 rium,
2115 3232 2169 3284 in
2197 3248 2262 3285 eo
2289 3232 2574 3288 manifeste
2607 3235 2992 3287 hallucinatur.
3030 3234 3230 3287 Scribit
3257 3236 3471 3303 quidem

1919 3320 2299 3392 Hieronymus,
2351 3322 2639 3377 Eusebium
2686 3324 2865 3377 tribus
2915 3324 3303 3387 voluminibus,
3366 3324 3475 3377 hoc‘

1917 3423 2017 3476 est,
2038 3428 2190 3475 xvm,
2211 3430 2300 3465 xix
2320 3422 2372 3466 et
2390 3428 2477 3479 xx,
2502 3412 2849 3482 respondisse
2864 3410 3183 3481 Porphyrio,
3203 3412 3294 3482 qui
3324 3413 3378 3467 in
3408 3413 3442 3465 li
3457 3442 3473 3453 -

1920 3504 2016 3557 bro
2039 3516 2114 3554 xu
2138 3510 2192 3555 ct
2233 3518 2333 3555 xm
2362 3518 2550 3557 eorum
2581 3517 2718 3571 quos
2770 3511 2960 3556 contra
2992 3500 3332 3555 Christianos
3354 3502 3472 3557 edi-

1919 3594 2017 3656 dit,
2056 3593 2255 3646 librum
2286 3591 2524 3647 Danielis
2556 3594 2833 3663 propheta:
2883 3594 3191 3648 convellere
3226 3602 3470 3649 tentare-

1919 3692 2023 3738 rat.
2058 3683 2160 3738 Sed
2192 3683 2549 3753 Hieronymus
2597 3701 2701 3737 non
2752 3685 2919 3739 libros
2976 3684 3193 3738 Eusebii
3245 3683 3323 3738 De
3381 3686 3466 3737 de-

1920 3776 2297 3830 monstratione
2326 3774 2620 3844 evangelica
2651 3775 2921 3843 intelligit,
2969 3784 3023 3827 ut
3053 3775 3259 3842 putavit
3295 3772 3468 3828 Scali—

1917 3882 2030 3936 ger,
2054 3865 2148 3919 sed
2170 3866 2338 3919 libros
2382 3864 2449 3917 ab
2485 3878 2549 3917 eo
2607 3873 2788 3915 contra
2843 3862 3194 3931 Porphyrium
3228 3864 3469 3918 elabora-

1917 3966 2032 4021 tos;
2066 3957 2156 4024 qui
2196 3955 2476 4023 Ἑλέγχου
2504 3954 2600 4007 καὶ
2643 3956 2978 4023 Ἀπολογίας
3010 3956 3465 4019 inscribebantur,

1918 4048 1993 4100 uti
2033 4048 2286 4115 colligere
2328 4052 2409 4100 est
2453 4061 2518 4099 ex
2574 4045 2898 4099 Bibliotheca
2949 4045 3151 4099 Photii.
3199 4046 3466 4101 Czetcrum

1918 4139 2017 4193 bos
2050 4139 2217 4192 libros
2247 4145 2371 4207 post
2405 4137 2839 4190 Ecclesiasticam
2873 4136 3165 4191 Historiam
3198 4140 3265 4192 ab
3302 4139 3467 4191 Euse-

1913 4231 2002 4284 bio
2030 4232 2261 4299 scriptos
2288 4230 2453 4285 fuisse
2483 4232 2695 4299 Opinor.
2760 4229 2923 4300 idque
2974 4246 3040 4284 ex
3086 4246 3151 4284 eo
3208 4233 3462 4299 conjicio,

1914 4324 2056 4393 quod
2090 4322 2356 4377 Eusebius
2390 4331 2575 4375 noster
2598 4324 2651 4376 in
2676 4324 2814 4377 libro
2838 4339 2889 4375 vr
2924 4321 3309 4375 Ecclesiasticw
3337 4323 3465 4376 Ilis-

1915 4416 2081 4480 toriw,
2120 4414 2208 4466 ubi
2239 4414 2503 4481 insignem
2528 4414 2705 4467 locum
2728 4414 2878 4467 all'ert
2897 4428 2962 4467 ex
2998 4413 3155 4467 tertio
3180 4412 3463 4485 Porphyrii

265 4512 572 4553 sermonem
607 4496 850 4551 converti
882 4495 1130 4566 jusserit,
1187 4498 1514 4569 scriptisque
1544 4499 1607 4551 ad
1648 4499 1813 4553 Euse-
1844 4530 1886 4583 Β
1918 4505 2053 4557 libro
2080 4512 2263 4557 contra
2296 4503 2650 4566 Christianos,
2707 4504 2907 4556 nullam
2950 4502 3078 4556 facit
3136 4506 3462 4558 mentionem

262 4592 417 4648 bium
470 4590 662 4646 litteris
690 4606 815 4644 eum
846 4591 1093 4645 hortatus
1123 4592 1214 4652 sit,
1246 4599 1305 4644 ut
1353 4591 1617 4661 ejusmodi
1652 4606 1811 4661 opera

263 4698 389 4751 qua:
412 4682 462 4734 in
492 4683 745 4737 manibus
771 4682 1021 4745 habebat,
1055 4697 1235 4737 rerum
1284 4699 1560 4738 sacrarum
1603 4685 1814 4738 studio-

178 4762 183 4765 ⁷
268 4779 343 4833 sis
367 4778 761 4845 quamprimum
793 4775 1235 4830 communicaret.

339 4869 453 4923 Sub
484 4869 620 4923 idem
652 4879 868 4938 tempus
896 4868 1159 4925 Eusebius
1202 4869 1619 4939 descriptionem
1667 4869 1813 4924 basi-

264 4964 385 5017 licae
415 4960 932 5031 Hierosolymitante,
960 4969 1014 5014 et
1047 4960 1395 5015 denariorum
1429 4978 1546 5030 qua:
1582 4962 1689 5015 illic
1726 4976 1813 5015 sa-

260 5061 415 5109 crata
445 5052 674 5113 fuerant,
708 5050 853 5105 brevi
874 5050 1056 5105 libello
1079 5052 1521 5121 comprehensam
1544 5053 1811 5107 Constan—

259 5148 377 5197 tino
411 5141 639 5211 principi
668 5142 1020 5219 nuncupavit.
1079 5142 1250 5207 Quam
1299 5142 1515 5212 quidem
1550 5160 1652 5197 una
1686 5160 1807 5197 cum

256 5236 503 5287 oratione
556 5233 839 5287 tricennali
887 5232 954 5285 ad
1006 5234 1211 5287 calcem
1269 5234 1527 5288 librorum
1568 5235 1644 5288 De
1702 5238 1805 5289 vita

242 5324 597 5378 ’Conslanlini
624 5324 947 5392 sulijecerat.
998 5322 1195 5377 Verum
1230 5324 1317 5377 hic
1351 5324 1485 5379 liber
1511 5326 1669 5382 hodie
1700 5344 1807 5380 non

252 5423 456 5471 exsmt.
489 5414 687 5469 Eodem
719 5416 879 5468 etiam
915 5424 1155 5483 tempore
1185 5416 1369 5485 scripti
1424 5427 1550 5472 sunt
1602 5420 1670 5473 ab
1700 5419 1807 5473 Eu-

254 5504 412 5562 sebio
445 5503 570 5556 libri
620 5504 859 5573 quinque
916 5516 1096 5557 contra
1143 5505 1455 5560 Marcellum
1503 5526 1521 5562 :
1574 5526 1804 5579 quorum

253 5603 566 5667 postremos
597 5602 709 5649 tres
760 5595 831 5649 De
879 5596 1228 5650 ecclesiastica
1266 5600 1518 5669 theologia
1552 5601 1807 5657 Flaccillo

249 5683 705 5741 Antiochensium
771 5686 1022 5755 episcopo
1082 5688 1374 5758 inscripsit.
1444 5690 1565 5745 lniit
1626 5704 1803 5748 autem

248 5780 636 5848 episcopatum
675 5774 957 5834 Flaccillus
990 5781 1145 5847 paulo
1175 5789 1297 5837 ante
1345 5785 1606 5853 synodum
1651 5787 1796 5857 Tyri,

1914 4609 2100 4647 eorum
2137 4594 2401 4647 librorum
2432 4594 2630 4662 quibus
2690 4593 2803 4660 ipse
2844 4590 3143 4663 Porphyrio
3172 4595 3464 4659 responde-

1915 4695 1997 4737 rat
2024 4704 2033 4736 :
2071 4699 2193 4738 cum
2220 4693 2398 4737 tamen
2431 4684 2563 4737 satis
2596 4684 2829 4751 diligens
2858 4684 3105 4736 laudator
3127 4699 3248 4738 esse
3292 4686 3465 4739 soleat

1912 4793 2135 4847 operum
2174 4792 2420 4839 suorum,
2455 4782 2509 4829 et
2544 4777 2609 4828 ad
2644 4791 2831 4829 eorum
2867 4776 3148 4830 lectionem
3192 4776 3466 4831 studiosos

1913 4868 2141 4923 subinde
2174 4866 2403 4935 rejieiat.

1984 4960 2089 5015 Sed
2150 4959 2406 5028 quoniam
2465 4969 2769 5027 opportuna
2828 4972 2946 5012 sese
3006 4957 3159 5013 offert
3222 4961 3459 5023 occasio,

1910 5068 2080 5125 pauca
2108 5052 2269 5106 etiam
2313 5050 2379 5104 de
2419 5050 2803 5105 Ecclesiasticw
2832 5050 3081 5105 Historia:
3139 5052 3291 5107 libris
3358 5054 3459 5106 hoc

1910 5145 2029 5197 loco
2051 5142 2478 5197 adnotarelibet.
2513 5143 2714 5196 Horum
2746 5144 2889 5196 enim
2924 5143 3263 5213 potissimum
3294 5160 3459 5199 causa

1908 5242 2019 5289 tota
2044 5236 2155 5287 liceo
2211 5248 2240 5285 a
2292 5234 2451 5288 nobis
2511 5234 2756 5288 instituta
2792 5241 2876 5287 est
2933 5235 3259 5287 lucubratio.
3295 5235 3457 5289 Multa

1909 5329 2120 5399 quidem
2154 5326 2222 5379 ab
2244 5326 2479 5381 Eusebio
2510 5334 2695 5379 nostro
2729 5327 2927 5393 scripta
2957 5332 3083 5378 sunt
3112 5326 3176 5377 ad
3208 5324 3457 5377 Ecclesiae

1906 5418 2182 5473 catholica:
2206 5418 2510 5481 utilitatem,
2529 5424 2575 5470 et
2610 5417 2674 5470 ad
2698 5418 3118 5471 conﬁrmandam
3135 5417 3458 5472 Christiana)

1907 5510 2028 5564 fidei
2060 5509 2339 5563 veritatem
2367 5549 2379 5572 ,
2435 5510 2625 5577 partim
2680 5508 2937 5562 adversus
2974 5506 3189 5565 Judazos
3215 5556 3229 5577 ,
3259 5513 3453 5580 partim

1906 5610 2089 5655 contra
2114 5602 2354 5670 gentiles.
2396 5601 2536 5652 inter
2566 5616 2753 5654 omnes
2784 5609 2959 5653 tamen
2984 5602 3102 5670 ejus
3133 5603 3301 5656 libros
3342 5619 3449 5656 me.

1905 5694 2007 5745 rito
2024 5693 2250 5761 palmata
2280 5694 2383 5753 fert
2404 5688 2773 5743 Ecclesiastica
2792 5690 3051 5745 Historia.
3085 5692 3231 5746 Multi
3254 5694 3450 5762 quippe

1903 5794 2025 5840 ante
2056 5784 2343 5849 Eusebium
2383 5800 2473 5854 pro
2495 5783 2815 5839 Christiane
2876 5785 2997 5840 fidei
3048 5786 3359 5841 defensione
3390 5789 3454 5839 li—
