4196 6312
791 387 863 446 63
1745 383 2085 440 EUSEBIUS
2125 379 2602 440 CJESARlENSIS
2643 370 3040 437 EPISCOPUS.
3902 387 3948 441 ω

791 508 923 562 bros
965 503 1430 574 conscripserant,
1480 510 1535 558 et
1589 500 1900 558 Iudaeorum
1956 503 2353 559 contumaciam
2388 499 2686 563 ANicaeuae
2734 501 3188 556 commemoratio
3237 501 3326 555 hic
3379 503 3556 559 alieno
3601 503 3722 559 loco
3779 505 3948 573 ponitur,

703 665 705 667 ι
790 609 1145 664 erroremque
1174 595 1457 666 gentilium
1490 594 1842 649 validissimis
1874 595 2177 652 rationibus
2229 610 2361 650 con-

791 687 1058 741 vicerant.
1089 683 1194 740 Sed
1225 686 1317 756 qui
1343 700 1526 740 rerum
1545 685 2039 741 ecclesiasticarum
2073 686 2358 741 historiam

789 776 1030 845 posteris
1053 774 1311 839 traderet,
1356 789 1519 830 nemo
1565 782 1691 829 ante
1720 773 2016 830 Eusebium
2051 777 2355 832 exstiterat.

792 865 914 933 Quo
940 867 1112 938 magis
1143 865 1448 921 laudandus
1504 872 1590 922 est
1629 864 1896 921 Eusebius
1950 874 2157 931 noster,
2186 867 2276 937 qui
2307 874 2360 920 et

792 961 1002 1030 primus
1046 960 1150 1015 hoc
1176 964 1556 1030 argumentum
1605 958 1962 1029 excogitavit;
1997 969 2050 1015 et
2074 974 2199 1014 cum
2227 959 2358 1013 illud

791 1064 1083 1122 aggressus
1107 1051 1322 1118 fuisset,
1349 1051 1606 1107 omnibus
1644 1051 1885 1107 numeris
1915 1052 2226 1121 absolutum
2275 1069 2360 1108 re~

789 1141 972 1213 liquit.
993 1141 1153 1199 Certe
1173 1157 1298 1198 cum
1329 1142 1483 1198 multi
1534 1153 1656 1213 post
1684 1159 1810 1198 cum
1864 1143 2065 1214 reperti
2103 1146 2236 1209 sint,
2267 1145 2357 1215 qui

791 1233 938 1290 illius
991 1235 1238 1304 exemplo
1304 1234 1511 1290 incitati
1560 1250 1652 1292 res
1693 1235 2098 1291 ecclesiasticas
2142 1237 2360 1306 scriptis

791 1325 1022 1394 prodere
1060 1325 1504 1396 aggrederentur,
1544 1343 1737 1384 omnes
1781 1336 1962 1382 tamen
2027 1326 2092 1382 ab
2123 1327 2190 1384 iis
2223 1335 2360 1381 tem-

788 1415 1016 1487 poribus
1046 1416 1330 1473 historiam
1352 1432 1510 1473 suam
1557 1417 1742 1472 exorsi
1773 1423 1903 1473 sunt
1937 1417 1991 1471 in
2023 1416 2222 1488 quibus
2249 1414 2358 1471 Eu-

787 1504 975 1562 sebius
1003 1515 1189 1562 noster
1219 1522 1359 1578 opus
1381 1522 1542 1562 suum
1567 1507 1980 1570 terminaverat;
2011 1506 2358 1576 superiorum

786 1610 917 1650 vero
947 1605 1252 1666 temporum
1313 1595 1620 1660 historiam,
1654 1611 1815 1666 quam
1850 1596 1940 1650 ille
1991 1595 2180 1652 decem
2202 1596 2358 1652 libris

784 1697 1134 1758 exposuerat,
1180 1689 1449 1757 integram
1489 1686 1539 1741 ei
1579 1694 1743 1757 atque
1801 1687 2062 1742 intactam
2123 1688 2358 1758 relique-

783 1785 936 1834 runt.
974 1777 1342 1844 Quamobrem
1371 1779 1416 1834 si
1439 1777 1563 1849 quis
1591 1779 1744 1833 illum
1771 1779 2156 1835 ecclesiastica:
2185 1780 2360 1835 histo-

2464 593 2589 663 quis
2615 607 2850 662 unquam
2878 593 3086 656 credat,
3121 590 3412 650 Eusebium
3439 594 3506 650 de
3534 595 3664 650 Ario
3684 595 3757 649 ita
3782 596 3950 653 locutum

2468 685 2655 748 fuisse,
2692 692 2780 738 aut
2833 683 3092 740 Houousu
3138 685 3460 741 vocabulum
3515 683 3774 741 Chronico
3800 702 3876 742 suo
3898 687 3951 744 il-

2467 776 2704 831 texuisse
2727 816 2742 840 ,
2775 775 2919 845 quod
2956 790 3168 845 semper
3211 775 3287 829 illi
3317 776 3594 846 displicuit
3638 785 3696 830 ut
3725 783 3882 848 postea
3905 776 3957 831 ri-

2466 867 2748 925 debimus?
2789 867 3068 935 Quomodo
3129 867 3396 926 Eusebius
3450 869 3588 924 dixit
3639 877 3882 925 trecentos
3923 879 3958 923 et

2466 958 2765 1013 octodecim
2800 959 3088 1029 episcopos
3134 958 3364 1014 Nicmnze
3413 959 3621 1032 synodo
3672 959 3955 1021 interfuisse,

2467 1065 2588 1104 cum
2620 1050 2673 1103 in
2702 1048 2861 1104 tertio
2891 1049 3030 1104 libro
3076 1049 3150 1104 De
3174 1051 3281 1104 vita
3301 1048 3638 1107 Constantini
3665 1051 3960 1107 disertissime

2467 1140 2686 1206 scribat,
2714 1141 2874 1211 paulo
2901 1140 3020 1210 plus
3048 1156 3211 1210 quam
3267 1140 3528 1198 ducentos
3557 1149 3612 1198 et
3631 1142 3962 1212 quinquaginta

2466 1233 2520 1286 in
2550 1248 2611 1288 ea
2641 1234 2989 1288 consedisse?
3023 1232 3141 1287 Non
3191 1232 3382 1288 dubito
3420 1243 3602 1288 tamen
3657 1235 3788 1305 quin
3833 1231 3965 1286 Eccle-

2465 1323 2683 1377 siastica
2716 1321 2959 1377 Historia
2992 1323 3061 1379 ab
3104 1322 3340 1379 Eusebio
3403 1324 3656 1380 absoluta
3696 1325 3768 1379 sit
3815 1323 3967 1392 aliquot

2465 1414 2624 1469 annis
2656 1423 2777 1485 post
2811 1414 3076 1486 synodum
3121 1413 3412 1472 Nirenam.
3447 1414 3554 1475 Sed
3601 1433 3724 1471 cum
3761 1415 3970 1472 Eusebius

2465 1521 2597 1578 pace
2629 1508 2720 1562 illa
2739 1523 2868 1578 qua:
2897 1515 3021 1578 post
3052 1509 3482 1586 persecutionem
3533 1508 3843 1565 Diocletiani
3859 1508 3973 1565 cali-

2463 1609 2552 1656 tus
2579 1593 3083 1665 ail‘ulsit'Ecclesize,
3117 1599 3413 1656 Historiam
3453 1616 3606 1657 suam
3630 1601 3870 1657 claudere
3901 1599 3972 1656 do-

2463 1695 2756 1760 crevisset,
2791 1695 3245 1766 quemadmodum
3289 1695 3403 1763 ipse
3437 1701 3670 1749 testatur
3698 1694 3754 1748 in
3798 1690 3980 1749 exordio

2461 1786 2644 1858 operis
2672 1787 2779 1850 sui,
2822 1787 3053 1844 Nicaenae
3100 1788 3292 1860 synodi
3347 1785 3895 1842 commemorationem
3929 1782 3979 1835 de

784 1872 882 1926 riae
911 1869 1126 1926 Patrem
1143 1879 1198 1926 et
1228 1869 1564 1926 conditorem
1587 1871 1862 1940 appellare
1884 1871 2136 1934 voluerit,
2163 1872 2209 1927 is
2240 1886 2366 1941 pro-
2399 1858 2439 1914 Β
2465 1880 2734 1936 industria
2773 1881 2983 1945 vitavit,
3018 1897 3086 1936 ne
3109 1858 3405 1936 seditiones
3429 1895 3492 1933 ac
3518 1879 3785 1933 tumultus
3805 1877 3978 1946 episco-

785 1960 933 2016 fccto
957 1976 1066 2015 non
1101 1960 1338 2017 absurde
1399 1975 1502 2016 nec
1542 1962 1810 2016 immerito
1840 1961 1892 2014 id
1941 1976 2242 2032 cognomen
2283 1963 2360 2016 illi

786 2053 1148 2124 impositurus
1169 2053 1404 2109 videtur.
1428 2051 1673 2118 Quanam
1703 2061 1882 2107 autem
1907 2054 2119 2110 ratione
2153 2055 2217 2109 ad
2259 2055 2362 2138 hqc

787 2153 1168 2215 argumentum
1223 2145 1522 2200 accesserit
1555 2143 1846 2210 Eusebius,
1880 2161 1987 2200 non
2020 2145 2239 2202 dillicile
2276 2155 2362 2203 est

702 2236 706 2241 ’
783 2237 1076 2305 conjicere.
1101 2235 1235 2290 Nam
1267 2250 1393 2291 cum
1417 2236 1472 2289 in
1513 2245 1755 2291 extrema
1793 2247 1948 2308 parte
1979 2237 2360 2294 Chronicorum

785 2325 1084 2392 Canonam,
1123 2335 1336 2397 tempus
1374 2328 1639 2384 adventus
1668 2328 1881 2385 Domini
1930 2332 2102 2388 nostri
2135 2339 2191 2386 et
2227 2330 2360 2388 Pas-

785 2419 960 2474 sionis
1004 2418 1126 2486 ejus
1178 2425 1432 2473 accurate
1465 2427 1729 2482 notasset,
1776 2411 2009 2474 nomina
2047 2422 2210 2475 ctiam
2241 2424 2358 2492 epi—

786 2522 1077 2578 scoporum
1100 2509 1194 2578 qui
1236 2512 1290 2564 in
1321 2517 1556 2581 quatuor
1600 2509 1888 2580 praecipuis
1921 2508 2180 2566 Ecclesiis
2207 2512 2362 2566 sede.

787 2607 934 2664 rant,
957 2607 1012 2655 et
1058 2599 1352 2656 illustrium
1400 2600 1644 2656 virorum
1662 2602 1754 2670 qui
1810 2601 1864 2656 in
1897 2599 2138 2658 Ecclesia
2170 2601 2363 2658 florue-

737 2727 751 2736 -
784 2700 909 2746 rant
949 2711 963 2746 :
997 2691 1230 2749 haereses
1279 2691 1516 2763 denique
1574 2706 1638 2747 ac
1687 2694 2094 2764 persecutiones
2159 2696 2360 2767 quibus

736 2800 741 2804 ”
783 2791 981 2839 vexata
1014 2785 1194 2839 fuerat
1234 2783 1502 2850 Ecclesia,
1553 2803 1656 2844 suo
1699 2795 1943 2859 tempore
1976 2797 2140 2860 atque
2167 2791 2361 2847 ordine

783 2873 1124 2947 digessisset,
1156 2879 1416 2948 paulatim
1479 2880 1547 2934 ad
1589 2881 1875 2937 historiam
1927 2884 2357 2940 ecclesiasticam

782 2969 1262 3038 conscribendam,
1289 2972 1448 3044 quasi
1493 2988 1654 3028 manu
1685 2975 1950 3032 deductus
1979 2984 2062 3031 est
2089 2994 2114 3030 .:
2153 2985 2211 3031 ut
2239 2992 2359 3047 quae

786 3061 843 3116 in
869 3059 1144 3117 Chronicis
1182 3063 1490 3119 (Iunonibus
1539 3065 1699 3134 quasi
1747 3065 2070 3135 compendio
2123 3069 2357 3139 quodam

783 3153 1202 3223 perstrinxerat,
1229 3155 1284 3209 in
1321 3154 1971 3224 Ecclesiastt'caﬂistoria
2005 3159 2166 3214 latius
2199 3170 2358 3230 atque

783 3245 1012 3305 uberius
1046 3255 1420 3316 pertractaret.
1461 3248 1580 3320 Ipse
1610 3258 1757 3305 certe
1783 3251 1836 3305 in
1865 3253 2129 3321 prooemio
2173 3252 2358 3308 Histo-

793 3336 890 3390 ria:
920 3337 1288 3394 ecclesiasticis
1333 3349 1520 3411 aperte
1570 3342 1773 3397 indicat
1819 3343 1872 3398 id
1912 3347 2056 3416 quod
2088 3347 2221 3402 dixi.
2253 3349 2358 3405 Ubi

783 3429 948 3482 etiam
968 3430 1038 3484 ab
1060 3431 1230 3500 aequis
1258 3431 1554 3489 lectoribus
1588 3435 1798 3488 veniam
1819 3435 1922 3491 sibi
1951 3438 2068 3492 dari
2096 3441 2354 3509 postulat,

784 3520 964 3576 sicubi
1000 3521 1235 3578 fortasse
1289 3525 1398 3580 hoc
1452 3536 1833 3598 argumentum
1864 3531 2047 3587 minus
2085 3535 2358 3588 cumulate

787 3613 1262 3670 fueritexsecutus
1298 3635 1311 3670 :
1345 3632 1405 3673 se
1436 3619 1580 3673 enim
1609 3623 1851 3676 omnium
1884 3623 2117 3692 primum
2150 3624 2217 3678 ad
2254 3625 2358 3679 hoc

785 3705 1063 3762 scribendi
1097 3723 1270 3778 genus
1300 3711 1582 3774 accedere,
1617 3721 1672 3766 et
1700 3712 1803 3768 iter
1832 3716 2036 3768 nullius
2069 3721 2224 3770 antea
2257 3717 2360 3769 tri-

785 3809 899 3853 tum
933 3801 1176 3871 vestigiis
1201 3801 1407 3871 ingredi
1455 3803 1690 3873 primum
1728 3806 1982 3877 coepisse.
2015 3805 2214 3862 Verum
2244 3809 2357 3863 lucc

783 3899 1027 3946 nontam
1048 3895 1331 3950 excusatio
1365 3910 1429 3950 ac
1470 3898 1644 3952 veniae
1686 3898 2018 3969 deprecatio,
2050 3915 2210 3972 quam
2241 3903 2359 3957 lau-

782 3981 872 4038 dis
895 3992 948 4038 et
968 3985 1154 4054 gloriae
1175 3988 1417 4058 captatio
1445 3989 1770 4057 quibusdam
1785 3992 1954 4048 videri
1976 3996 2166 4064 possit.
2187 3995 2357 4052 Porro

785 4091 910 4130 cum
968 4084 1182 4134 constet
1221 4095 1289 4133 ex
1337 4081 1556 4136 Eusebii
1612 4083 1786 4153 ipsius
1815 4086 2148 4151 testimonio,
2178 4087 2359 4144 Eccle-

783 4170 1060 4224 siasticam
1110 4169 1406 4227 Historiam
1441 4182 1564 4243 post
1596 4176 1989 4247 chronologicos
2018 4177 2257 4235 Canones
2289 4183 2357 4236 ab

783 4274 852 4316 eo
881 4263 1140 4332 scriptam
1196 4261 1386 4327 fuisse,
1443 4266 1640 4319 mirum
1695 4253 1875 4322 tamen
1912 4278 2017 4332 est,
2071 4278 2358 4343 utrumque

783 4367 922 4424 opus
975 4353 1042 4408 ad
1083 4371 1245 4410 unam
1294 4355 1644 4428 eamdemque
1675 4368 1873 4414 metam
1932 4363 2246 4432 procedere,
2291 4364 2359 4418 ad

784 4456 988 4498 annum
1020 4445 1230 4500 scilicet
1254 4445 1572 4512 vicesimum
1590 4448 1955 4514 Constantini,
1979 4453 2072 4522 qui
2126 4453 2226 4508 fuit
2263 4471 2359 4510 an-

2464 1988 2655 2044 porum
2714 1973 2856 2028 inter
2919 1989 2979 2030 se
3042 1972 3337 2028 rixantium
3395 1986 3668 2043 exponere
3716 1977 3978 2042 cogeretur.

2463 2060 2676 2132 Quippe
2705 2061 3058 2117 historiarum
3100 2063 3396 2132 scriptores
3427 2061 3479 2116 id
3508 2061 3780 2133 praecipue
3828 2073 3984 2116 curare

2463 2168 2526 2208 ac
2553 2154 2833 2224 providere
2853 2154 3068 2219 debent,
3107 2165 3167 2211 ut
3213 2171 3352 2226 opus
3391 2170 3548 2211 suum
3591 2154 3792 2210 illustri
3816 2161 3866 2209 et
3891 2151 3982 2222 glo-

2460 2248 2610 2303 rioso
2655 2249 2800 2304 exitu
2855 2250 3202 2314 concludant,
3260 2249 3402 2305 sicut
3434 2247 3760 2319 jampridem
3808 2246 3987 2302 monuit

2461 2338 2752 2411 Dionysius
2784 2337 3281 2414 Halicarnassensis
3315 2340 3371 2394 in
3412 2339 3814 2410 comparatione
3843 2336 3986 2391 Bero-

2461 2432 2575 2486 doti
2615 2447 2679 2486 ac
2712 2429 3070 2503 Thucydidis.
3116 2430 3254 2497 Quis
3283 2441 3450 2501 porro
3497 2438 3728 2485 eventus
3756 2428 3988 2484 illustrior

2461 2522 2537 2577 ab
2563 2521 2797 2577 Eusebio
2846 2523 3022 2592 potuit
3051 2524 3248 2592 optari,
3283 2535 3445 2592 quam
3476 2535 3578 2591 pax
3626 2521 3717 2574 illa
3747 2535 3862 2590 quae
3890 2526 3990 2590 post

2461 2612 2896 2669 cruentissimam
2957 2611 3385 2682 persecutionem
3435 2626 3468 2667 a
3513 2610 3866 2667 Constantino
3888 2609 3988 2664 red-

2459 2703 2572 2759 dita
2603 2703 2779 2760 fuerat
2807 2703 3157 2767 Christianis,
3197 2719 3324 2759 cum
3349 2704 3636 2760 exstinctis
3667 2704 3861 2774 ubique
3890 2718 3994 2772 per-

2461 2799 2824 2862 secutoribus,
2876 2813 2939 2852 ac
2968 2805 3242 2867 postremo
3273 2797 3513 2851 omnium
3545 2795 3754 2852 Licinio
3779 2797 3993 2856 sublato,

2459 2889 2642 2944 nullus
2653 2889 2765 2958 jam
2791 2888 3184 2958 prateritorum
3202 2887 3462 2942 malorum
3489 2893 3795 2958 superesset
3814 2895 3993 2942 metus.

2459 2980 2574 3035 Hac
2617 2980 2782 3051 igitur
2815 2996 2947 3051 pace
2980 2981 3262 3036 historiam
3304 2994 3457 3036 suam
3499 2979 3789 3055 terminare
3824 2978 3999 3033 maluit

2461 3069 2750 3134 Eusebius,
2781 3085 2944 3142 quam
2977 3069 3208 3125 Nicmnae
3239 3069 3431 3142 synodi
3482 3069 3999 3124 commemoratione.

2387 3193 2430 3255 ο
2462 3157 2534 3212 Ea
2569 3160 2768 3230 quippe
2823 3158 3031 3230 synodo
3064 3175 3172 3214 non
3216 3170 3323 3215 tam
3370 3159 3544 3231 sopita
3571 3157 3818 3221 discidia,
3853 3172 4002 3228 quam

2462 3258 2715 3306 renovata
2731 3265 2852 3307 esse
2879 3250 3218 3306 videbantur.
3268 3249 3432 3320 quue
3469 3265 3579 3305 non
3619 3247 4004 3320 synodi-ipsius

2459 3342 2654 3414 culpa;
2691 3343 2784 3398 sed
2816 3342 3079 3414 pertinaci
3113 3341 3476 3399 obstinatione
3514 3355 3706 3396 eorum
3751 3340 3839 3411 qui
3871 3339 4007 3394 saluo

2459 3434 2708 3491 berrimis
2762 3434 3098 3492 sacrosancti
3142 3434 3357 3490 concilii
3401 3433 3635 3489 decretis
3675 3433 4011 3503 acquiescere

2457 3526 2804 3582 recusabant.
2838 3525 3011 3597 Atque
3048 3527 3162 3580 haec
3191 3524 3258 3579 de
3293 3526 3404 3580 vita
3435 3523 3761 3594 scriptisque
3794 3520 4004 3578 Eusebii

2459 3633 2490 3672 a
2523 3617 2680 3675 nobis
2701 3619 2845 3674 dicta
2879 3617 3164 3674 sufliciant.
3203 3615 3461 3688 Superest
3496 3623 3554 3670 ut
3603 3615 3671 3671 de
3697 3614 3814 3686 ejus
3836 3613 4013 3670 ﬁdeet

2461 3710 2733 3783 ὀρθοδοξίᾳ
2758 3725 2929 3781 pauca
2960 3711 3226 3767 dicamus.
3256 3709 3335 3765 Ac
3377 3709 3609 3781 primum
3642 3709 3869 3764 lectores
3901 3722 4012 3761 mo-

2459 3805 2605 3859 nitos
2637 3805 2818 3869 velim,
2871 3819 2939 3859 ne
2986 3803 3126 3857 hica
3173 3803 3334 3858 nobis
3385 3801 3603 3857 Eusebii
3647 3800 4012 3856 defensionem

2457 3889 2790 3967 exspectent.
2819 3894 3004 3966 Neque
3044 3895 3188 3950 enim
3221 3902 3465 3950 nostrum
3500 3902 3584 3949 est
3615 3893 3684 3948 de
3706 3892 4014 3962 hujusmodi

2459 3988 2621 4042 rebus
2644 3989 3016 4059 pronuntiare,
3039 4002 3162 4042 cum
3193 3986 3450 4042 Ecclesiae
3497 3985 3764 4056 judicium
3787 3992 3839 4040 et
3875 3985 4018 4039 anti-

2458 4095 2689 4150 quorum
2713 4080 2933 4134 Patrum
2974 4079 3297 4136 sententiam
3329 4077 3384 4131 in
3433 4075 3500 4132 iis
3528 4076 3888 4148 potiussequi
3920 4075 4016 4131 de-

2458 4173 2703 4228 beamus.
2740 4169 2971 4252 Proinde
2990 4171 3233 4240 quaedam
3264 4168 3526 4224 duntaxat
3537 4168 3714 4239 capita
3736 4167 3819 4223 hic
3839 4167 4019 4223 adno-

2457 4264 2713 4328 tabimus,
2738 4261 3117 4333 quibus'quasi
3143 4259 3510 4316 fundamentis
3533 4259 3727 4327 innixi,
3753 4259 3817 4316 de
3841 4257 4020 4316 Euse-

2457 4354 2533 4410 bii
2554 4353 2658 4410 ﬁde
2687 4355 2886 4410 certius
2906 4361 3144 4410 statuere
3171 4352 3465 4422 possimus.

2527 4446 2663 4502 Cum
2696 4447 2861 4519 igitur
2891 4445 2960 4502 de
3011 4443 3246 4501 Eusebio
3288 4451 3480 4500 nostro
3511 4442 3677 4498 varia:
3726 4443 3834 4498 sint
3870 4442 4022 4496 anti-

781 4548 890 4589 nus
924 4534 1126 4590 Christi
1156 4537 1281 4592 525.
1317 4536 1451 4594 illud
1500 4547 1757 4609 praeterea
1786 4543 1971 4597 mirari
2011 4544 2176 4607 subit,
2209 4545 2352 4616 quod
2386 4545 2432 4605 ι)
2458 4554 2687 4614 quorum
2711 4539 3024 4606 sententiae,
3047 4545 3099 4593 et
3130 4537 3352 4608 quidam
3375 4551 3498 4591 eunt
3531 4533 3889 4599 Catholicam,
3924 4533 4022 4588 alii

782 4640 908 4679 cum
949 4625 1162 4681 Nicaena
1223 4632 1462 4700 synodus
1517 4632 1786 4686 celebrata
1849 4634 1921 4688 sit
1980 4635 2355 4693 vicennalihns

783 4717 1153 4780 Constantini.
1186 4723 1333 4775 nulla
1384 4731 1563 4778 tamen
1587 4723 1706 4792 ejus
1750 4725 1841 4777 ﬁat
1896 4728 2118 4791 mentio,
2171 4745 2273 4785 nec
2300 4732 2355 4784 in

785 4807 1065 4875 Chronico,
1097 4828 1196 4867 nec
1233 4815 1286 4872 in
1332 4812 1705 4876 Ecclesiastica
1751 4815 2012 4874 Historia.
2044 4819 2177 4874 Nam
2210 4823 2354 4891 quod

785 4901 841 4956 in
871 4900 1060 4957 Latino
1079 4904 1198 4973 ejus
1226 4905 1483 4960 Chronico
1506 4907 1571 4962 ad
1586 4925 1786 4965 annum
1816 4912 2160 4968 Constantini
2194 4917 2356 4984 quin-

782 4998 898 5048 tum
925 4995 1195 5074 decimum
1226 4998 1337 5053 haec
1364 4999 1635 5071 leguntur,
1663 5004 2038 5060 Alexandriam
2104 5004 2352 5062 Ecclesiae

783 5086 952 5142 XIX“
974 5091 1250 5144 ordinatur
1269 5093 1536 5163 episcopus
1553 5094 1869 5161 Alexander,
1891 5115 1922 5150 a
1947 5112 2047 5167 quo
2070 5097 2225 5151 Arius
2242 5114 2355 5167 pre-

782 5178 959 5249 sbyter
985 5180 1318 5235 deEcclesia
1355 5185 1567 5251 ejectus,
1595 5185 1784 5240 multos
1830 5204 1939 5240 sua:
1983 5190 2238 5257 intpietati
2265 5206 2352 5244 so-

781 5270 910 5324 ciat.
957 5270 1040 5323 Ad
1066 5288 1288 5341 quorum
1333 5275 1612 5342 perﬁdiam
1659 5277 2066 5346 coarguendam,
2121 5277 2352 5349 synodus

781 5373 1016 5416 cccxvm
1059 5366 1418 5433 episcoporum
1465 5369 1518 5420 in
1572 5366 1814 5422 Nictcam
1859 5369 2037 5424 urbem
2088 5371 2353 5442 Bithynia:

785 5464 1098 5523 congregata
1122 5497 1135 5518 ,
1173 5475 1348 5512 omnes
1382 5459 1744 5514 hereticorum
1783 5463 2052 5518 machinas
2088 5463 2351 5519 Houovsu

786 5547 1111 5614 oppositione
1131 5549 1334 5604 delevit.
1369 5548 1514 5606 Satis
1566 5554 1912 5622 perspicuum
1945 5563 2048 5619 est,
2105 5557 2210 5612 ista
2241 5574 2351 5613 non

788 5637 857 5691 ab
884 5636 1116 5696 Eusebio
1142 5644 1366 5712 scripta,
1396 5643 1490 5700 sed
1512 5645 1580 5699 ab
1605 5644 1934 5714 Hieronymo
1957 5646 2141 5702 addita
2161 5648 2349 5716 fuisse,

788 5732 882 5799 qui
914 5728 1279 5788 Ettsehianum
1317 5735 1634 5791 Chronicum
1678 5737 1865 5792 multis
1892 5737 1960 5793 de
1997 5755 2097 5794 suo
2124 5740 2351 5809 adjectis

794 5820 1160 5892 interpolavit.
1196 5823 1264 5880 Ut
1293 5826 1438 5882 enim
1486 5825 1621 5882 illud
1673 5821 1939 5893 omittam,
1983 5828 2125 5901 quod
2159 5830 2350 5902 synodi

2456 4631 2799 4698 hmreticum;
2823 4629 3066 4686 nonnulli
3091 4628 3404 4698 δίγλωττον,
3426 4625 3482 4682 id
3510 4635 3626 4693 est,
3649 4627 3824 4684 dubiae
3849 4635 4024 4697 atque

2458 4723 2712 4794 ancipitis
2737 4723 2862 4779 fidei
2893 4723 3061 4778 fuisse
3086 4721 3418 4784 censuerint,
3443 4719 3820 4787 inquirendum
3850 4733 3882 4773 a
3916 4733 4022 4773 no-

2455 4815 2540 4871 bis
2587 4822 2670 4869 est
2702 4816 2790 4869 cui
2817 4815 3159 4884 potissimum
3197 4812 3474 4868 sententia:
3517 4811 3811 4867 debeamus
3853 4824 4023 4867 acce-

2440 4907 2602 4960 dere.
2624 4904 2893 4961 Constans
2918 4905 3059 4975 juris
3080 4904 3263 4974 regula
3291 4914 3393 4967 est,
3425 4903 3478 4956 in
3520 4903 3702 4958 dubiis
3718 4902 4020 4974 aequiorem

2454 4999 2636 5068 potius
2688 5013 2750 5051 ac
2775 4999 3042 5052 mitiorem
3088 4996 3410 5052 sententiam
3460 4997 3711 5067 amplecti
3737 5003 4024 5065 oportere.

2455 5090 2655 5145 Deinde
2686 5107 2808 5146 cum
2855 5089 3227 5147 Occidentales
3267 5105 3592 5154 omnes,uno
3623 5089 3737 5146 fere
3783 5096 4025 5159 excepto

2454 5186 2806 5254 Hieronymo.
2857 5185 2924 5240 de
2969 5183 3202 5238 Eusebio
3246 5191 3437 5238 nostro
3489 5183 3784 5239 honoriﬁce
3822 5198 4026 5243 sense-

2454 5278 2595 5338 rint,
2625 5289 2855 5345 cumque
2881 5275 3408 5331 EcclesiaGallicana
3435 5283 3748 5330 sanctorum
3780 5279 4025 5332 numero
4061 5271 4067 5277 ’

2455 5381 2577 5420 eum
2601 5366 2934 5435 ascripserit,
2966 5373 3025 5419 ut
3060 5382 3123 5421 ex
3145 5365 3386 5420 Victorio
3405 5365 3699 5436 Aquitano,
3731 5361 4022 5434 Usuardo,

2455 5459 2682 5528 aliisque
2709 5458 2998 5528 colligitur,
3022 5458 3191 5512 satius
3222 5457 3340 5511 sine
3361 5457 3528 5532 dubio
3561 5466 3664 5518 est,
3697 5463 3753 5511 ut
3782 5455 4020 5512 Patrum

2453 5558 2786 5614 nostrorum,
2844 5566 3005 5621 quam
3040 5557 3096 5604 ut
3132 5548 3487 5605 Orientalium
3528 5549 4026 5606 schismaticorum

2449 5643 2657 5714 judicio
2707 5642 3133 5700 subscribamus.
3166 5641 3406 5713 Denique
3451 5655 3677 5712 quorum
3707 5641 4026 5700 auctoritas

2453 5735 2556 5791 hac
2586 5735 2640 5790 in
2674 5752 2730 5791 re
2759 5736 2932 5805 major
2953 5750 3072 5790 esse
3090 5734 3250 5816 debet
3269 5748 3430 5805 quam
3460 5731 3772 5802 pontificum
3801 5729 4026 5789 Roma-

2455 5830 2781 5884 manorum?
2814 5826 2972 5897 Atqui
2993 5827 3238 5884 Gelasius
3269 5828 3323 5883 in
3354 5825 3490 5882 libro
3510 5823 3586 5882 Ds
3610 5823 3807 5880 duabus
3837 5836 4024 5881 natu-
