4196 6312
205 405 267 461 65
1279 447 1300 464 .
1642 405 1737 462 ΝΟ

1843 405 1942 460 'lA.
3363 411 3434 469 66

202 530 294 589 vis,
341 525 635 581 Eusebium
677 530 924 579 nostrum
971 523 1110 577 inter
1140 522 1444 579 catholicos
1471 523 1765 592 scriptores
1794 533 1836 583 Α
1870 522 1982 583 hat,
2018 519 2124 575 imo
2154 524 2245 591 qui
2274 540 2336 578 cx
2369 525 2514 582 illius
2545 526 2767 597 scriptis
2798 534 3079 601 tantOpere
3103 535 3427 603 profecerat;

207 616 408 678 retulit,
440 615 652 682 duoque
695 627 762 667 ex
805 613 923 679 ejus
956 612 1110 666 libris
1161 612 1469 666 testimonia
1497 612 1760 665 recitavit.

207 705 304 759 Sed
343 711 396 760 et
444 705 696 774 Pelagius
752 703 856 759 PP.
891 719 1014 759 eum
1068 705 1207 757 inter
1260 701 1551 757 historicos
1585 702 1749 756 hono-

203 797 536 850 ratissimum
560 796 824 857 nominat,
864 801 917 849 et
947 795 1014 869 ab
1047 796 1194 848 omni
1228 795 1494 849 hzereseos
1519 795 1636 849 labe
1660 795 1761 848 im-

203 903 419 941 munem
449 903 570 942 esse
599 869 956 958 pronuntiath
985 886 1200 940 tametsi
1231 884 1518 956 Origenem
1553 887 1763 940 haereti-

203 993 321 1030 cum
352 980 578 1032 summis
619 977 870 1031 laudibus
927 977 1229 1030 extulisset.
1259 976 1329 1029 At
1375 977 1518 1030 dicet
1564 978 1759 1046 aliquis

201 1069 554 1127 Orientalium
628 1061 808 1140 potius
868 1071 1201 1139 sequendum
1265 1086 1387 1127 esse
1454 1072 1756 1140 judicium,

202 1177 320 1216 cum
351 1162 652 1219 Orientales
681 1161 997 1223 Eusebium,
1019 1170 1204 1232 utpote
1245 1164 1516 1218 hominem
1562 1165 1759 1234 lingua:

203 1271 328 1320 sum,
364 1257 558 1311 melius
611 1270 772 1311 nosse
800 1256 1093 1325 potuerint.
1158 1255 1263 1310 Sed
1312 1258 1629 1327 responderi
1658 1273 1756 1328 po-

196 1355 321 1412 test,
355 1363 463 1401 non
493 1347 684 1402 deesse
747 1347 1011 1416 quosdam
1055 1363 1121 1400 ex
1151 1345 1540 1414 Orientalibus,
1567 1352 1658 1420 qui
1689 1351 1756 1405 de

200 1437 429 1494 Eusebio
459 1446 649 1493 nostro
679 1437 814 1492 bene
843 1438 1132 1493 senserint.
1201 1437 1346 1494 Inter
1373 1456 1510 1510 quos
1539 1451 1622 1497 est
1653 1441 1755 1496 So-

199 1539 369 1585 crates
393 1537 447 1585 et
485 1530 733 1585 Gelasius
757 1529 1074 1601 Cyzicenus.
1106 1531 1260 1597 Quod
1316 1532 1359 1587 si
1395 1534 1633 1601 septimm
1672 1550 1754 1605 sy-

200 1623 317 1677 nodi
350 1623 698 1678 meumenieae
756 1624 1022 1692 judicium
1093 1610 1248 1679 nobis
1313 1634 1636 1693 opponatur,
1696 1627 1750 1678 in

192 1723 443 1782 promptu
471 1720 553 1767 est
581 1714 884 1782 responsio.
917 1713 1100 1782 Neque
1132 1715 1276 1767 enim
1309 1715 1376 1768 de
1408 1713 1622 1769 Eusebii
1651 1715 1752 1770 fide

195 1802 450 1870 agebatur
477 1801 528 1854 in
556 1801 646 1854 illa
677 1801 902 1872 synodo,
937 1800 1030 1856 sed
1060 1802 1125 1855 de
1150 1801 1442 1869 imaginum
1471 1803 1637 1856 cultu.
1667 1802 1749 1856 Ad

1865 612 1954 679 qui
1984 610 2296 668 Chronicum
2324 618 2442 684 ejus
2463 635 2711 672 canonem
2742 632 2795 676 et
2823 622 3017 676 librum
3049 623 3126 678 De
3153 628 3280 680 locis
3317 630 3430 682 He-

1864 706 2054 757 braicis
2081 706 2132 758 in
2168 704 2419 762 Latinum
2445 724 2752 766 sermonem
2779 723 3142 780 converterat,
3190 718 3292 772 hoc
3325 719 3434 774 Eu-

1860 795 2069 849 sebium
2099 797 2326 852 infamat
2367 800 2565 871 elogio,
2616 802 2762 872 quod
2791 820 2858 858 ne
2909 805 3265 863 iufensissimi
3303 811 3430 881 qui-

1859 887 1978 942 dem
2010 889 2192 944 hostes
2229 908 2466 961 unquam
2510 895 2583 947 illi
2617 896 2946 951 tribuerunt.
2982 899 3149 967 Cujus
3181 904 3256 956 rei
3296 918 3431 958 cau-

1859 994 1971 1032 sam
2000 981 2244 1036 invenire
2295 1000 2404 1038 non
2455 1002 2701 1056 possunt,
2731 990 2832 1043 nisi
2865 992 3009 1059 quod
3062 991 3428 1067 Hieronymus

1857 1084 2114 1144 suscepto
2168 1077 2433 1134 adversus
2487 1079 2774 1151 Origenem
2835 1085 2982 1148 odio,
3029 1097 3256 1144 cunctos
3305 1090 3427 1159 ejus

1856 1163 2170 1233 dogmatum
2201 1167 2540 1234 defensores,
2595 1187 2658 1227 ae
2693 1177 2963 1243 praecipue
2997 1177 3292 1234 Eusebium
3320 1198 3461 1237 nov

1855 1268 2026 1312 strum
2059 1260 2346 1316 immodice
2368 1271 2452 1318 est
2475 1274 2814 1334 persecutus.
2849 1267 3148 1323 Fatendum
3196 1273 3418 1342 quidem

1853 1358 1955 1412 est,
1991 1349 2282 1433 Eusebium
2333 1362 2605 1420 nostrum,
2657 1357 2759 1412 etsi
2803 1357 3128 1416 Arianorum
3189 1363 3419 1433 signifer

1865 1442 2190 1496 merito-dici
2225 1426 2330 1497 non
2365 1447 2555 1516 possit,
2592 1454 2770 1501 tamen
2815 1464 2936 1503 cum
2988 1450 3313 1506 Arianorum
3347 1455 3424 1510 si—

1851 1532 2076 1600 gniferis
2106 1543 2226 1602 post
2253 1535 2525 1591 Nieaenam
2569 1539 2834 1609 synodum
2862 1550 3121 1611 perpetuo
3141 1551 3421 1598 versatum
3456 1558 3481 1564 "

1852 1625 2040 1688 fuisse,
2068 1631 2120 1678 et
2147 1642 2253 1680 una
2283 1643 2405 1681 cum
2435 1629 2540 1683 illis
2604 1631 2950 1701 impugnasse
2985 1633 3279 1688 catholicos
3304 1635 3421 1704 epi-

1852 1729 2067 1784 scopos,
2107 1715 2449 1771 Eustathium
2479 1721 2686 1775 scilicet
2720 1732 2774 1776 et
2814 1724 3191 1785 Athanasium,
3226 1725 3421 1794 praeei-

1853 1820 1990 1874 puos
2025 1805 2287 1862 Ilonousn
2335 1809 2672 1864 defensores.
2711 1810 2845 1867 Illud
2885 1830 3103 1884 quoque
3157 1815 3211 1869 in
3248 1799 3444 1874 Eum?

197 1907 349 1961 quem
383 1892 807 1947 subvertendum
840 1907 964 1947 cum
1018 1892 1314 1947 adversarii
1343 1894 1503 1961 paulo
1547 1901 1670 1947 ante
1694 1893 1747 1946 in
1779 1887 1820 1940 Β
1851 1899 1939 1952 hio
1969 1901 2470 1968 reprehendendum
2493 1903 2725 1967 videtur,
2747 1905 2890 1972 quod
2919 1905 3414 1962 licetaaternitatcm

193 1985 322 2037 urbe
347 1982 513 2054 Regia
539 1986 871 2054 congregati,
902 1984 1274 2039 testimonium
1311 1999 1376 2038 ex
1407 1983 1623 2038 Eusebii
1679 1985 1746 2038 ad

190 2072 566 2129 Constantiam
598 2075 827 2143 epistola
859 2073 1234 2143 protulissent,
1290 2088 1461 2141 eoque
1513 2073 1748 2126 maxime

195 2169 526 2231 niterentur;
566 2165 756 2220 Patres
808 2167 1050 2234 septima:
1101 2165 1294 2234 synodi
1343 2165 1406 2216 ad
1434 2165 1745 2217 elevandam

195 2259 352 2327 hujus
379 2258 675 2312 testimonii
719 2258 1098 2311 auctoritatem
1155 2256 1546 2316 acclamarunt,
1574 2252 1745 2308 Euse-

201 2351 340 2403 bium
367 2349 630 2403 Arianum
659 2347 848 2404 fuisse.
881 2347 1078 2402 Verum
1114 2348 1166 2402 id
1207 2348 1381 2402 obiter
1417 2355 1648 2410 tantum,
1678 2365 1743 2403 ex

196 2441 480 2497 occasione
508 2449 564 2496 et
597 2441 723 2496 odio
760 2441 907 2495 illius
945 2441 1187 2510 epistolae
1213 2441 1280 2495 ab
1298 2443 1376 2495 eis
1405 2441 1607 2494 factum
1635 2450 1740 2506 est,

190 2548 297 2588 non
341 2542 520 2588 autem
574 2534 699 2588 data
750 2548 947 2604 opera,
1002 2541 1094 2587 aut
1139 2548 1302 2589 causa
1351 2537 1500 2604 prius
1557 2534 1743 2604 cogni-

200 2634 272 2678 ta.
317 2623 611 2678 Proferunt'
644 2625 860 2694 quidem
905 2623 1024 2677 loca
1083 2625 1327 2693 quaedam
1381 2641 1447 2680 ex
1485 2625 1738 2690 Eusebio,

193 2711 390 2778 quibus
430 2711 726 2780 approbent
760 2710 910 2763 illum
931 2709 1134 2765 Ariano
1158 2712 1394 2781 dogmati
1423 2714 1736 2770 adhaesisse.

188 2799 296 2856 Sed
321 2802 526 2855 nullum
580 2802 874 2856 discrimen
935 2801 1195 2857 adhibent
1245 2804 1385 2857 inter
1423 2806 1589 2859 libros
1619 2818 1741 2861 ante

125 2889 134 2908 ’
189 2896 473 2950 concilium
499 2894 797 2959 Nicaeum,
831 2904 886 2950 et
915 2896 1054 2951 inter
1068 2911 1161 2951 eos
1182 2898 1273 2967 qui
1299 2905 1420 2966 post
1449 2899 1579 2954 illud
1611 2915 1742 2955 con-

191 2987 367 3041 cilium
401 2987 471 3040 ab
495 2985 731 3042 Eusebio
759 2985 886 3041 sunt
909 2988 1198 3053 elaborati,
1254 2989 1394 3058 quod
1423 2998 1600 3043 tamen
1626 2990 1738 3044 fieri

190 3080 406 3136 omnino
433 3079 712 3144 debuerat,
746 3080 896 3135 ut-de
929 3080 1146 3157 Eusebii
1195 3081 1297 3136 fide
1331 3090 1537 3136 certum
1563 3099 1624 3138 ac
1664 3085 1740 3139 le~

189 3171 427 3239 gitimum
479 3171 744 3241 judicium
793 3181 1151 3241 promeretur.
1203 3173 1550 3243 Quaecunque
1595 3176 1737 3230 enim

1849 1987 1970 2042 Filii
2014 1989 2108 2044 Dei
2133 1990 2394 2046 adversus
2417 1992 2649 2048 Arianos
2682 2009 2894 2063 semper
2952 1999 3268 2057 asseruerit,
3305 1998 3417 2052 lio-

1847 2089 2025 2128 IOUSH
2057 2082 2235 2131 tamen
2286 2094 2472 2133 vocem
2505 2095 2779 2150 nunquam
2816 2097 2882 2136 ex
2915 2086 3097 2139 animo
3138 2087 3408 2155 probavit.

1845 2161 2004 2216 Certe
2035 2178 2134 2217 nec
2162 2165 2216 2217 in
2247 2165 2403 2220 libris
2439 2179 2621 2220 contra
2655 2168 3106 2232 Marcellummec
3128 2174 3182 2228 in
3208 2176 3412 2231 oratio-

1845 2253 2007 2308 nibus
2035 2253 2098 2308 de
2127 2255 2228 2324 ﬁde
2268 2256 2516 2311 adversus
2561 2258 2876 2328 Sabellium,
2913 2278 2976 2317 ea
3007 2279 3136 2317 voce
3173 2280 3411 2336 unquam

1847 2359 1979 2399 usus
2008 2354 2111 2399 est.
2137 2344 2248 2400 lino
2296 2362 2426 2401 vero
2455 2348 2509 2401 in
2569 2349 2707 2405 libro
2751 2352 2991 2407 secundo
3029 2354 3274 2410 adversus
3305 2356 3410 2412 Sa.

1846 2436 2080 2502 bellium,
2108 2453 2216 2490 non
2249 2439 2484 2494 obscure
2513 2439 2782 2510 significat
2819 2459 2939 2498 eam
2971 2461 3180 2511 vocem,
3224 2457 3411 2517 utpote

1845 2544 1966 2598 qua;
1997 2530 2052 2582 in
2085 2527 2384 2599 Scripturis
2423 2547 2530 2587 non
2565 2524 2796 2603 legatur,
2827 2534 2929 2587 sibi
2972 2535 3281 2606 displicere.
3318 2538 3409 2593 Sic

1843 2618 1985 2672 enim
2014 2619 2090 2672 ait
2119 2638 2132 2675 :
2173 2618 2318 2674 Sicut
2346 2637 2465 2691 ergo
2497 2621 2560 2676 de
2579 2623 2659 2675 his
2692 2639 2807 2693 qua:
2824 2633 3040 2692 possunt
3069 2629 3232 2695 quaeri
3262 2629 3406 2683 iner-

1846 2695 1982 2759 tium‘
1995 2719 2072 2761 est
2099 2725 2201 2761 non
2223 2727 2452 2779 quterere
2477 2728 2494 2765 :
2526 2713 2602 2766 ita
2631 2713 2693 2766 de
2721 2714 2800 2768 his
2829 2731 2944 2784 qute
2967 2732 3069 2769 non
3107 2733 3308 2771 necesse
3327 2727 3408 2772 est

1841 2801 2026 2867 quwri,
2056 2801 2286 2854 audacia
2313 2812 2391 2856 est
2411 2805 2697 2872 quazrendi.
2733 2806 2863 2870 Quae
2889 2823 3013 2877 ergo
3051 2809 3234 2862 debent
3258 2827 3404 2880 qure-

1841 2889 1888 2940 ri
1902 2889 2077 2954 ?Qua:
2107 2891 2394 2946 invenimus
2417 2895 2470 2946 in
2528 2893 2814 2962 Scripturis
2853 2900 3045 2964 posita.
3083 2901 3214 2966 Qua:
3229 2912 3405 2958 autem

1841 2980 1895 3033 in
1926 2980 2210 3050 Scripturis
2237 3001 2337 3037 non
2371 2986 2677 3051 invenimus,
2710 3005 2811 3040 non
2832 3004 3148 3056 qua'ramut.
3187 2992 3248 3049 Si
3266 2997 3401 3048 enim

1843 3085 2101 3142 oporteret
2131 3077 2278 3131 nobis
2305 3094 2417 3131 esse
2442 3081 2672 3149 cognita,
2704 3082 2880 3150 utique
2906 3081 3135 3150 Spiritus
3189 3095 3402 3138 sanctus
3443 3095 3446 3098 '

1839 3167 2094 3233 posuisset
2118 3169 2172 3221 in
2221 3168 2529 3238 Scripturis.
2571 3169 2635 3224 Et
2681 3172 2972 3241 aliquando
3015 3183 3137 3243 post
3168 3175 3281 3229 hate
3306 3177 3402 3228 ha-

187 3234 305 3341 ante
330 3234 602 3318 Nicaanam
636 3234 910 3336 synodum,
934 3267 1134 3334 scripta
1188 3273 1334 3331 sunt,
1372 3234 1604 3322 Eusebio
1639 3267 1737 3323 ob-
1765 3234 1806 3291 θ’
1841 3259 1930 3312 bet
1965 3277 1976 3311 :
2018 3259 2139 3312 Non
2180 3261 2257 3313 ita
2309 3261 2681 3328 periclitemur,
2726 3264 2815 3316 sed
2867 3274 2975 3319 tute
3015 3266 3308 3336 loquamur.
3341 3267 3402 3322 Si

183 3355 273 3422 jici
293 3365 346 3412 et
371 3359 626 3428 imputari
654 3373 760 3412 non
788 3358 1002 3412 debent.
1036 3357 1205 3412 Porro
1251 3361 1468 3413 Eusebii
1509 3362 1734 3429 epistola

187 3449 250 3502 ad
283 3451 679 3512 Alexandrum,
732 3466 838 3519 qua
890 3465 989 3520 pro
1047 3450 1176 3505 Ario
1226 3451 1374 3503 illum
1409 3451 1732 3521 interpellat,

183 3542 381 3611 scripta
415 3553 498 3596 est
549 3542 738 3612 procul
763 3541 927 3595 dubio
980 3550 1104 3595 ante
1134 3543 1398 3607 synodum
1440 3542 1730 3598 Niczenam.

183 3621 410 3687 Proinde
434 3635 805 3688 testimonium
839 3634 968 3688 illud
1000 3633 1221 3688 Patrum
1268 3636 1510 3703 septima:
1540 3635 1732 3706 synodi

185 3720 436 3776 adversus
464 3721 778 3786 Eusebium,
809 3725 910 3778 etsi
926 3725 1214 3778 maximam
1246 3725 1404 3779 habet
1436 3726 1732 3780 auctorita-

185 3819 313 3872 tem,
350 3819 526 3866 tamen
553 3811 926 3881 prmjudicium
963 3815 1142 3882 potius
1169 3831 1328 3883 quam
1361 3816 1617 3885 synodale
1642 3816 1733 3885 ju-

183 3900 378 3955 dicium
408 3903 565 3958 nobis
590 3902 821 3957 videtur.
857 3902 961 3957 Sed
991 3903 1191 3959 Graecis
1219 3907 1377 3959 liceat
1404 3907 1469 3960 de
1497 3905 1733 3962 Eusebio

185 4001 367 4049 nostro
399 3997 469 4049 ita
516 3996 740 4060 sentire,
777 4011 1010 4065 eumque
1046 3995 1257 4051 aﬂinem
1304 3996 1518 4051 Arianae
1561 3998 1730 4053 haere-

183 4085 254 4147 si,
293 4095 378 4139 aut
407 4089 564 4142 etiam
618 4089 878 4141 Arianum
935 4101 1149 4142 vocare.
1187 4087 1572 4160 Hieronymum
1603 4106 1731 4146 vero

183 4174 306 4244 quis
338 4181 598 4245 patienter
628 4179 781 4244 ferat,
810 4179 902 4248 qui
940 4195 1048 4234 non
1080 4189 1367 4234 contentus
1418 4181 1729 4236 hmreticum

185 4265 332 4319 illum
352 4276 403 4322 et
429 4270 688 4322 Arianum
721 4270 920 4335 dicere,
943 4271 1266 4325 Arianorum
1287 4272 1602 4342 signiferum
1623 4288 1729 4328 non

186 4357 346 4411 semel
381 4360 666 4413 nominat?
697 4359 950 4416 Potestne
1002 4345 1326 4417 Arianorum
1370 4364 1594 4434 signifer
1625 4379 1730 4418 me-

186 4445 288 4499 rito
312 4448 434 4513 dici,
463 4451 509 4504 is
540 4451 634 4519 qui
664 4451 987 4505 Arianorum
1029 4452 1222 4522 dogma
1280 4463 1402 4524 post
1455 4454 1728 4508 Nicmnam

1837 3348 1961 3417 quid
1983 3359 2156 3402 autem
2185 3351 2439 3419 scriptum
2465 3361 2564 3417 est,
2602 3369 2663 3406 ne
2685 3352 2939 3407 deleatur.
2984 3356 3041 3411 In
3086 3359 3191 3414 fine
3219 3368 3399 3414 autem
3485 3351 3512 3422 1,

1837 3441 2103 3493 orationis
2150 3440 2224 3493 ita
2273 3441 2550 3509 loquitur:
2592 3442 2954 3510 Qumscripta
2980 3435 3110 3498 sunt.
3144 3447 3397 3510 dicito,et

1835 3529 2220 3600 derelinquetur
2250 3531 2332 3584 lis.
2363 3531 2571 3597 Quibus
2605 3534 2784 3587 verbis
2810 3532 3121 3591 Houousros
3151 3539 3274 3592 sine
3290 3539 3395 3593 du-

1836 3621 1927 3676 bio
1952 3622 2273 3692 perstringit
2307 3622 2593 3679 Eusebius.
2632 3623 2737 3679 Sed
2790 3642 2962 3694 nunc,
2992 3627 3038 3683 si
3083 3625 3279 3697 placet,
3304 3645 3396 3683 ve-

1835 3723 2011 3771 terum
2044 3716 2111 3771 de
2143 3715 2379 3772 Eusebio
2408 3718 2721 3773 testimonia
2772 3719 3077 3775 audiamus.
3106 3719 3166 3775 In
3196 3720 3395 3790 quibus

1836 3808 1968 3863 illud
1994 3810 2230 3864 maxime
2260 3810 2656 3865 observandum
2692 3821 2791 3876 est,
2842 3812 2945 3866 etsi
2982 3813 3128 3865 varia
3176 3813 3397 3869 fuerunt

1834 3900 2210 3956 hominumde
2243 3900 2478 3956 Eusebio
2504 3908 2692 3956 nostro
2732 3902 2954 3970 judicia,
3003 3901 3146 3971 quod
3171 3903 3394 3973 quidem

1833 4000 2042 4062 spectat
2085 3991 2153 4045 ad
2203 3991 2696 4046 ecclesiasticorum
2735 3991 3046 4062 dogmatum
3078 3992 3415 4062 puritatem,

1833 4099 2022 4139 omnes
2055 4094 2234 4139 tamen
2275 4097 2500 4138 summa;
2534 4082 2851 4138 eruditionis
2886 4082 3095 4138 laudem
3124 4100 3232 4140 uno
3261 4099 3394 4139 con-

1833 4191 1995 4230 sensu
2031 4176 2081 4229 ei
2130 4175 2404 4246 tribuisse.
2436 4173 2587 4230 Unus
2634 4173 2856 4227 Patrum
2891 4177 3150 4229 memoria
3184 4177 3392 4230 exstitit

1829 4266 2098 4338 Josephus
2148 4265 2410 4337 Scaliger,
2441 4267 2533 4337 qui
2588 4265 2854 4335 prmcipiti
2883 4266 3117 4336 quadam
3161 4266 3391 4321 audacia

1832 4376 1895 4415 ac
1935 4359 2293 4415 maledicendi
2333 4359 2554 4413 libidine
2603 4359 2880 4426 abreptus,
2941 4359 3080 4411 hanc
3131 4358 3391 4412 doctrinae

1830 4454 2079 4524 gloriam,
2096 4465 2259 4520 quam
2277 4464 2376 4503 nec
2387 4446 2923 4512 adversariiEusebio
2937 4462 3170 4516 unquam
3185 4447 3390 4501 invide-

188 4540 439 4607 synodum
465 4553 723 4615 perpetuo
751 4543 1056 4598 damnavit?
1113 4544 1385 4616 Legantur
1433 4547 1552 4615 ejus
1604 4547 1723 4602 libri
1754 4563 1806 4621 ι)
1831 4552 1976 4606 runt,
2004 4543 2052 4597 ei
2078 4543 2316 4595 adimere
2341 4545 2570 4594 conatus
2597 4545 2700 4593 est.
2727 4537 2858 4608 Ejus
2879 4539 3039 4592 verba
3071 4541 3116 4592 si
3145 4538 3267 4607 quis
3293 4552 3390 4591 cu-

189 4629 264 4686 De
281 4636 618 4691 ecclesiastica
658 4637 931 4706 theologia,
978 4653 1114 4708 quos
1176 4647 1362 4693 contra
1410 4639 1720 4694 Marcellum

188 4725 394 4794 scripsit
421 4730 513 4782 diu
563 4738 687 4799 post
717 4731 1006 4784 concilium
1044 4728 1341 4785 Nicaenum.
1381 4730 1726 4787 inveniemus

189 4816 240 4866 id
269 4817 401 4885 quod
429 4819 561 4882 dixi,
594 4819 879 4875 damnatos
912 4821 979 4873 ab
1021 4836 1087 4875 eo
1128 4820 1294 4876 fuisse
1344 4823 1432 4891 qui
1484 4824 1727 4877 dicerent

189 4904 372 4960 Filium
399 4907 488 4963 Dei
516 4910 585 4965 de
614 4925 723 4964 non
751 4911 1092 4968 exstantibus
1125 4927 1246 4967 esse
1268 4913 1491 4975 factum,
1515 4922 1567 4968 et
1591 4914 1727 4969 fuis-

189 5009 247 5047 se
270 5004 468 5066 tempus
505 4981 630 5053 cum
658 5016 768 5055 non
806 5008 971 5056 esset.
1003 4999 1149 5055 Idem
1197 5002 1358 5056 etiam
1398 5003 1465 5058 de
1491 5003 1724 5060 Eusebio

189 5093 407 5143 testatur
437 5091 766 5146 Athanasius
824 5093 880 5146 in
913 5091 1152 5161 Epistola
1196 5093 1258 5146 de
1283 5093 1501 5148 decretis
1538 5095 1724 5165 synodi

194 5174 410 5235 Nictente
438 5182 522 5238 his
573 5183 787 5238 verbis:
829 5184 896 5236 Et
924 5185 1154 5252 profecto
1184 5186 1366 5253 infelix
1411 5186 1465 5238 in
1511 5203 1570 5240 eo
1600 5188 1720 5255 fuit.

196 5261 260 5316 Ut
284 5270 411 5322 enim
437 5274 658 5341 seipsum
687 5282 954 5342 purgaret,
985 5276 1248 5327 accusavit
1277 5273 1510 5342 deinceps
1563 5275 1721 5327 Aria-

191 5372 300 5420 ποθ,
325 5363 454 5430 quod
482 5381 600 5417 cum
634 5363 866 5418 dicerent
907 5364 1106 5418 Filium
1158 5365 1256 5419 Dei
1315 5382 1416 5419 non
1463 5367 1725 5421 exstitisse

195 5456 451 5516 antequam
489 5455 804 5522 gigneretur,
830 5454 924 5506 hoc
950 5464 1102 5523 pacto
1129 5464 1372 5524 negarent
1401 5472 1514 5508 eum
1564 5459 1725 5510 exsti-

195 5535 313 5591 tisse
362 5552 475 5595 ante
513 5545 946 5598 incarnationem.
1007 5543 1072 5597 Et
1120 5547 1448 5600 Athanasius
1483 5548 1721 5615 quidem,

193 5627 281 5694 qui
325 5632 550 5698 privatas
600 5634 913 5688 inimicitias
956 5651 1078 5687 cum
1106 5635 1339 5690 Eusebio
1395 5639 1583 5705 gessit,
1622 5639 1724 5690 hoc

201 5711 413 5773 Eusebio
463 5723 704 5792 perhibet
747 5724 1133 5777 testimonium.
1192 5724 1549 5794 Hieronymus
1596 5742 1724 5778 vero

200 5808 284 5872 qui
312 5811 476 5866 nullas
524 5814 633 5868 odii
691 5829 883 5870 causas
913 5797 1172 5869 adversus
1238 5815 1526 5870 Eusebium
1557 5817 1723 5870 habe-

1829 4637 1908 4706 pit
1946 4649 2291 4705 cognoscere,
2328 4633 2467 4688 inter
2487 4633 2794 4688 testimonia
2834 4639 3075 4687 veterum
3108 4630 3389 4686 collocavi-

1825 4743 1995 4782 mus:
2048 4742 2158 4781 non
2189 4724 2333 4794 quod
2368 4724 2486 4792 ejus
2533 4722 2801 4791 judicium
2851 4721 2953 4774 hac
3007 4721 3304 4790 praesertim
3329 4720 3385 4773 in

1828 4827 1983 4889 parte
2044 4819 2226 4887 magni
2281 4816 2580 4877 faciamus,
2625 4811 2718 4867 sed
2749 4827 2814 4867 eo
2839 4813 3020 4881 potius
3044 4809 3292 4868 consilio,
3327 4818 3385 4860 ut
3433 4829 3437 4831 ·

1825 4911 2135 4979 importuna
2162 4910 2281 4978 ejus
2312 4904 2686 4961 maledicentia
2719 4905 2960 4957 omnium
3019 4899 3189 4954 oculis
3211 4899 3384 4967 subji~

1825 5011 2058 5057 ceretur.
2091 4999 2193 5065 Qui
2223 5011 2346 5052 cum
2404 4997 2460 5052 in
2491 4995 2807 5063 Chronicum
2868 4991 3085 5046 Eusebii
3119 4989 3383 5045 Canonem

1824 5094 2254 5150 Commentarios
2282 5090 2522 5148 scribere
2565 5088 2909 5149 instituisset,
2966 5085 3020 5140 in
3058 5087 3175 5156 ipso
3195 5083 3379 5152 operis

1823 5188 2046 5242 exordio
2080 5183 2424 5255 reprehendit
2456 5182 2866 5250 Hieronymum,
2900 5179 3042 5248 quod
3087 5175 3378 5230 Eusebium

1824 5279 1998 5332 virum
2025 5275 2452 5332 eruditissimum
2479 5270 2841 5355 appellaverit.
2871 5273 2946 5321 Ac
2969 5267 3232 5336 principio
3258 5267 3379 5334 qui-

1824 5368 1945 5424 dem
1985 5377 2275 5423 statueram
2326 5367 2586 5419 adversus
2639 5358 2968 5431 Sealigerum
2995 5359 3239 5426 pluribus
3266 5357 3378 5410 dis-

1825 5471 2032 5528 putare,
2064 5458 2286 5526 ejusque
2343 5454 2660 5512 sententiam
2686 5450 2963 5522 prolixiori
3025 5448 3380 5518 responsione

1825 5551 2153 5604 subvertere.
2180 5549 2284 5601 Sed
2335 5546 2588 5616 quoniam
2627 5557 2689 5596 ea
2735 5556 2821 5594 res
2855 5541 3073 5609 majoris
3125 5547 3207 5592 est
3256 5537 3375 5598 otii,

1825 5657 1886 5694 ac
1937 5643 2165 5695 fortasse
2209 5639 2424 5692 taedium
2478 5636 2707 5687 allatura
2779 5639 2922 5686 esset
2978 5630 3292 5691 lectoribus,
3320 5626 3378 5680 in

1826 5732 1970 5786 aliud
2001 5740 2208 5800 tempus
2234 5727 2589 5798 opportunius
2618 5722 2918 5778 differetur.
