4196 6312
277 417 347 471 σθ
1246 411 1568 466 versum
1609 410 1934 467 “resumo:

1851 410 2025 467 lONlA
2067 412 2204 469 PRO
2245 414 2555 472 EUSEBIO.
3443 430 3508 485 70

431 528 512 582 Ex
542 525 675 580 libro
712 526 1078 591 Quaestionum
1112 524 1319 583 Veteris
1346 546 1407 583 ac
1433 528 1566 583 Novi
1602 529 1940 584 Testamenti
1974 533 2061 599 qui
2080 532 2216 587 inter
2258 537 2539 607 Augustini
2579 534 2751 604 Opera
2770 547 2851 593 est
2878 539 3068 605 editus,
3092 558 3207 609 cap.
3241 541 3361 595 123.

359 644 702 698 Meminimus
736 644 788 695 in
818 643 1049 709 quodam
1082 644 1262 698 libello
1296 645 1797 713 Eusebiiquondam
1818 648 2016 716 egregii
2049 648 2101 701 in
2135 649 2357 720 reliquis
2382 653 2478 706 viri
2504 651 2719 722 legisse,
2748 655 2873 723 quia
2891 670 2990 710 nec
3013 654 3247 725 Spiritus
3277 666 3503 714 sanctus

277 736 432 786 sciat
462 728 774 804 mySterium
802 731 1109 788 Nativitatis
1142 733 1352 788 Domini
1381 736 1552 789 nostri
1579 734 1706 793 Iesu
1727 736 1953 799 Christi,
1988 746 2041 792 et
2066 738 2309 795 admirer
2342 750 2505 797 tantae
2538 744 2803 799 doctrina:
2837 745 3013 800 virum
3062 746 3203 801 hanc
3232 757 3507 801 maculam

274 824 516 892 Spiritui
549 834 737 879 sancto
765 822 1049 879 inllixisse.

1040 937 1124 991 Ea:
1177 939 1395 1008 epistola
1425 940 1495 995 65
1526 941 1853 1012 Hieronymi,
1906 946 1973 997 ad
2005 943 2404 1000 Pammachium
2430 959 2481 1002 et
2514 948 2798 1007 Oceanum.

352 1044 706 1105 Fortissimos
748 1048 914 1103 libros
944 1058 1127 1103 contra
1161 1049 1512 1120 Porphyrium
1544 1054 1735 1107 scribit
1781 1055 2168 1124 Apollinarius,
2198 1057 2606 1115 ecclesiasticam
2636 1064 2861 1131 pulchre
2906 1065 3171 1124 Eusebius
3200 1065 3499 1120 Historiam

278 1144 475 1197 texuit.
509 1145 656 1198 Alter
679 1159 865 1198 eorum
898 1143 1231 1198 dimidiatam
1255 1146 1457 1201 Christi
1495 1149 1794 1203 introduxit
1831 1154 2187 1209 mconomiam
2222 1173 2236 1222 ς
2264 1157 2397 1210 alter
2423 1158 2713 1227 impietatis
2746 1160 2861 1214 Arii
2892 1162 3273 1232 apertisslmus
3296 1174 3501 1231 propu-

276 1243 476 1301 gnator
495 1244 594 1289 est.

1079 1327 1162 1381 Ea:
1190 1330 1519 1399 Apologctico
1548 1332 1779 1399 ejusdem
1811 1334 2121 1407 Hieronymi
2157 1336 2404 1393 adversus
2431 1338 2697 1407 Ruﬁnum.

346 1442 453 1496 Sex
476 1443 661 1506 libros,
697 1452 755 1497 ut
784 1452 906 1498 ante
936 1444 1044 1513 jam
1075 1444 1209 1507 dixi,
1242 1444 1509 1501 Eusebius
1541 1448 1890 1505 Caesariensis
1919 1453 2209 1521 episcopus
2236 1491 2251 1515 ,
2296 1452 2511 1508 Arianae
2548 1454 2819 1523 quondam
2845 1453 3070 1524 signifer
3099 1453 3367 1519 factionis,
3401 1471 3499 1526 pro

278 1539 519 1605 Origene
564 1538 803 1603 scripsit,
838 1540 1157 1593 latissimum
1186 1547 1239 1593 et
1270 1540 1603 1595 elaboratum
1634 1557 1769 1611 Opus
1796 1562 1805 1593 :
1843 1544 2025 1595 multis
2048 1544 2373 1599 testimoniis
2431 1547 2768 1615 approbavit,
2822 1544 3096 1617 Originem
3121 1546 3278 1617 juxta
3308 1561 3369 1603 se
3393 1546 3501 1603 Ca.

272 1630 561 1690 thoiicum,
607 1629 657 1682 id
683 1637 786 1692 est,
814 1629 969 1698 juxta
1012 1645 1134 1693 nos,
1165 1629 1427 1683 Arianum
1463 1647 1606 1685 esse.

1638 1720 1721 1774 Ea:
1766 1722 1943 1776 eodem
1978 1723 2132 1778 libro.

347 1830 471 1897 Ipse
494 1830 635 1883 enim
666 1829 947 1895 Eusebius,
976 1841 1184 1885 amator
1230 1839 1284 1885 et
1343 1846 1520 1899 praeco
1550 1838 1601 1885 et
1639 1834 2049 1889 contubernalis
2100 1834 2389 1908 Pamphili,
2433 1846 2541 1893 tres
2576 1838 2743 1891 libros
2777 1840 2996 1909 scripsit
3032 1842 3488 1913 elegantissimos,

271 1916 456 1971 Vitam
486 1918 746 1990 Pamphili
779 1921 1140 1975 continentes.
1174 1920 1229 1973 lu
1262 1921 1461 1989 quibus
1494 1935 1615 1973 cum
1638 1929 1832 1974 caetera
1866 1922 2018 1977 miris
2047 1923 2296 1979 laudibus
2322 1925 2658 1993 praedicaret,
2688 1926 3154 1996 bumilitatemque
3177 1929 3295 1995 ejus
3327 1926 3493 1980 ferret

266 2012 327 2063 in
380 2015 597 2077 caelum,
651 2015 811 2070 etiam
844 2015 947 2068 hoc
976 2016 1031 2068 in
1059 2016 1227 2069 tertio
1285 2015 1423 2068 libro
1469 2015 1698 2079 addidit,
1730 2024 1837 2069 etc.
1872 2015 1941 2068 Et
1964 2027 2081 2084 post
2102 2032 2271 2084 pauca
2298 2020 2353 2071 in
2386 2019 2563 2072 eodem
2594 2020 2763 2073 libro:
2831 2017 3069 2073 Laudavi
3113 2018 3403 2075 Eusebium
3434 2020 3490 2074 in

265 2104 646 2163 Ecclesiastica
670 2108 927 2176 Historia,
954 2112 1006 2163 in
1034 2110 1334 2179 digestione
1354 2117 1674 2177 temporum,
1700 2110 1754 2162 in
1784 2110 2144 2179 descriptione
2178 2120 2379 2167 sanetae
2410 2121 2566 2167 terrae
2592 2133 2605 2167 :
2632 2123 2687 2167 et
2715 2113 2826 2167 haec
2844 2115 2957 2184 ipsa
2978 2116 3237 2183 opuscula
3259 2115 3314 2168 in
3343 2112 3493 2168 ιιιιὶ-

264 2213 405 2252 num
431 2208 674 2266 vertens,
711 2214 842 2254 meae
864 2201 1055 2269 linguae
1077 2198 1383 2254 hominibus
1410 2198 1553 2252 dedi.
1580 2198 1715 2251 Num
1742 2214 1804 2253 ex
1828 2214 1893 2253 eo
1914 2199 2147 2255 Arianus
2171 2217 2311 2263 sum,
2340 2203 2468 2269 quia
2502 2200 2770 2262 Eusebius
2794 2205 2888 2275 qui
2918 2204 3015 2259 bos
3038 2204 3204 2258 libros
3227 2203 3487 2266 condidit,

259 2289 510 2345 Arianus
536 2297 638 2344 est.

1246 2380 1331 2434 Ea:
1358 2381 1667 2450 Hieronymi
1702 2381 1833 2435 libro
1866 2380 1908 2433 ll
1951 2382 2212 2438 adversus
2244 2381 2518 2438 Ruﬁnum.

330 2491 439 2549 Vir
468 2494 813 2552 doctissimus
845 2494 1115 2552 Eusebius
1156 2494 1554 2565 (doctissimum
1588 2496 1721 2557 dixi,
1756 2511 1863 2549 non
1913 2495 2251 2551 Catholicum
2279 2541 2294 2563 ,
2328 2513 2395 2551 ne
2426 2512 2576 2551 more
2610 2484 2772 2551 solito
2809 2499 2943 2551 mihi
2972 2510 3025 2553 et
3052 2500 3107 2554 in
3140 2500 3244 2555 hoc
3274 2502 3485 2554 calum-

261 2590 416 2643 niam
462 2588 661 2657 struas)
692 2604 786 2657 per
833 2604 927 2643 sex
957 2588 1230 2643 volumina
1261 2587 1396 2640 nihil
1429 2588 1571 2641 aliud
1607 2590 1759 2657 agit,
1808 2589 1920 2661 nisi
1972 2597 2029 2641 ut
2065 2590 2327 2659 originem
2364 2604 2476 2643 suae
2527 2589 2776 2644 ostendat
2824 2589 2986 2657 ﬁdei,
3031 2590 3085 2644 id
3134 2596 3221 2646 est
3270 2592 3487 2648 Arianae

259 2680 528 2750 perﬁdiae.
3232 2672 3249 2707 '

1102 2785 1187 2841 Ea:
1241 2787 1494 2840 Protemio
1522 2786 1645 2838 libri
1674 2788 1734 2841 Β.
1761 2788 2067 2857 Hieronymi
2098 2789 2171 2845 De
2195 2791 2330 2845 locis
2354 2790 2653 2850 Hebraicis.

337 2911 624 2975 Eusebius,
655 2908 799 2980 quia
834 2908 990 2962 beato
1024 2906 1305 2975 Pamphilo
1344 2916 1581 2976 martyre
1611 2917 2027 2975 cognomentum
2059 2907 2284 2962 sortitus
2311 2916 2415 2971 est,
2444 2918 2564 2979 post
2595 2886 2783 2965 decem
2808 2910 3195 2969 Ecclesiastica:
3231 2914 3484 2971 Historia!

258 3008 459 3068 libros,
492 3013 611 3074 post
641 3016 922 3071 temporum
971 2999 1229 3066 CanOnes,
1262 3017 1397 3069 quos
1434 3018 1530 3055 nos
1575 2998 1767 3053 Latina
1824 3001 2008 3069 lingua
2037 3000 2327 3064 edidimus,
2361 3009 2484 3071 post
2510 3002 2850 3057 diversarum
2884 3006 3147 3059 vocabula
3180 3011 3484 3072 nationem,

255 3112 522 3167 quaequo
562 3096 721 3150 modo
766 3093 906 3163 apud
956 3090 1210 3146 Hebraeos
1250 3094 1375 3145 olim
1406 3092 1550 3145 dicta
1606 3093 1736 3155 sint,
1777 3099 1829 3145 et
1861 3107 2004 3144 nunc
2059 3090 2334 3155 dicantur,
2396 3094 2648 3162 exposuit
2683 3112 2698 3161 ;
2740 3106 2861 3165 post
2892 3098 3297 3166 topographiam
3324 3106 3483 3155 terra:

160 3246 173 3254 ,
250 3190 487 3253 διώκω,
513 3199 566 3243 et
613 3189 898 3243 distinctas
930 3186 1169 3238 tribuum
1218 3193 1413 3249 sortes,
1463 3183 1637 3251 ipsius
1668 3180 1885 3252 quoque
1913 3182 2274 3247 Hierusalem,
2306 3187 2601 3254 templique
2636 3188 2687 3239 in
2718 3201 2782 3241 ea
2813 3202 2933 3240 cum
2968 3188 3287 3242 brevissima
3319 3205 3483 3259 expo-
3560 3244 3563 3249 _

252 3282 466 3337 sitioue
493 3284 775 3352 picturam,
806 3281 871 3334 ad
894 3287 1192 3335 extremum
1223 3280 1277 3332 in
1305 3284 1403 3332 hoc
1437 3280 1698 3347 opusculo
1746 3279 2031 3339 laboravit,
2058 3286 2117 3330 ut.
2141 3288 2494 3349 congregaret
2539 3282 2695 3335 nobis
2725 3284 2791 3336 de
2832 3293 3020 3336 sancta
3051 3280 3331 3353 Scriptura
3365 3300 3483 3339 om-

249 3377 419 3427 nium
454 3386 589 3442 pene
617 3373 852 3430 urbium.
901 3370 1186 3429 montium,
1240 3367 1564 3431 ﬂuminum,
1606 3368 1907 3419 viculorum
1950 3376 2002 3419 et
2040 3367 2377 3421 diversorum
2414 3371 2656 3424 locorum
2690 3371 2948 3425 vocabula
2987 3391 2999 3424 :
3034 3389 3153 3442 quae
3184 3377 3265 3428 vel
3291 3375 3480 3430 eadem

249 3473 508 3527 manent,
534 3467 613 3518 vel
649 3465 929 3517 immutata
960 3469 1090 3517 sunt
1114 3469 1323 3531 postea,
1362 3462 1445 3514 vel
1478 3460 1657 3529 aliqua
1689 3474 1755 3513 ex
1789 3468 1938 3529 parte
1967 3470 2241 3530 corrupta.
2277 3461 2428 3518 Unde
2460 3473 2513 3518 et
2548 3481 2650 3521 nos
2681 3466 3014 3522 admirabilis
3056 3469 3158 3521 viri
3194 3480 3481 3540 sequentes

247 3563 524 3627 studium,
555 3570 658 3615 etc.

1042 3671 1127 3725 Ea:
1157 3672 1290 3725 libro
1336 3672 1400 3727 Β.
1435 3670 1743 3740 Hieronymi
1776 3667 1849 3723 De
1888 3670 2245 3738 scriptoribus
2278 3670 2686 3728 ecclesiasticis.

325 3782 671 3855 Hippolytus,
693 3785 972 3854 cujusdam
1004 3786 1257 3842 Ecclesiae
1290 3787 1574 3858 episcOpus
1596 3785 1812 3857 (nomen
1843 3788 2040 3855 quippe
2072 3788 2222 3842 urbis
2252 3788 2394 3842 scire
2418 3804 2525 3842 non
2554 3785 2728 3858 potui)
2759 3787 3022 3840 rationem
3051 3785 3294 3847 Paschae,
3336 3794 3478 3839 tem-

242 3891 561 3946 porumque
591 3890 825 3932 canones
850 3877 1065 3945 scripsit
1089 3894 1261 3947 usque
1290 3878 1354 3930 ad
1386 3881 1615 3946 primum
1647 3893 1846 3931 annum
1878 3877 2168 3932 Alexandri
2195 3878 2325 3947 imp.
2369 3886 2423 3931 et
2454 3879 2689 3932 sedet-im
2734 3893 2994 3931 annorum
3019 3876 3279 3930 circulum
3312 3893 3472 3945 quem

240 3964 435 4021 δῖε,θί
467 3966 1011 4034 ἐκκαιδεκαετηρίδα
1053 3976 1280 4031 vocant,
1337 3967 1534 4035 reperit
1560 3983 1573 4029 ;
1603 3972 1654 4016 et
1680 3964 1912 4017 Eusebio
1941 3967 2031 4031 qui
2051 3982 2211 4033 super
2241 3967 2427 4019 eodem
2458 3964 2665 4017 Pascha
2696 3980 2957 4018 canonem
2985 3965 3167 4019 decem
3200 3972 3253 4017 et
3278 3980 3472 4020 novem

241 4073 527 4113 annorum
556 4060 839 4124 circulum,
875 4060 927 4113 id
956 4067 1059 4123 est,
1100 4057 1655 4125 ὲννεαδεκαετηρίδα
1681 4072 1898 4126 compos

956 4067 1059 4123 est,
1100 4057 1655 4125 ὲννεαδεκαετηρίδα
1681 4058 2007 4126 composuit,
2054 4058 2396 4112 occasionem
2426 4058 2592 4113 dedit.

1606 4171 1690 4224 Ex
1746 4170 1923 4224 eodem
1968 4170 2121 4226 libro.

325 4288 618 4349 Eusebius,
644 4286 901 4357 Caesareae
931 4288 1229 4342 Palaestinae
1258 4288 1567 4357 episcopus,
1597 4288 1650 4340 in
1678 4286 1972 4358 Scripturis
1997 4287 2192 4341 divinis
2212 4286 2668 4347 studiosissimus,
2687 4292 2739 4339 et
2760 4284 3101 4339 Bibliotheca:
3124 4284 3318 4338 divinae
3340 4299 3464 4337 cum

239 4384 543 4453 Pamphilo
582 4389 814 4451 martyre
840 4381 1293 4451 diligentissimus
1335 4382 1747 4449 ocrvcstigator,
1774 4383 1941 4436 edidit
1975 4382 2182 4434 inﬁnita
2214 4381 2505 4434 volumina.
2552 4380 2624 4432 De
2654 4380 2853 4448 quibus
2886 4379 2995 4431 haec
3052 4388 3178 4431 sunt
3214 4396 3227 4430 :
3278 4380 3467 4445 Εὐαγ-

240 4473 504 4548 τειικῆς
531 4472 883 4536 ἀποδείξεως
910 4472 1029 4531 libri
1062 4470 1269 4537 viginti,
1302 4486 1359 4523 ει
1378 4471 1689 4539 entitij
1706 4480 1897 4538 Προπι

1809 4469 2219 4538 παρασκευῆς
2247 4470 2365 4522 libri
2400 4469 2727 4536 quindecim,
2756 4468 3109 4535 Θεοφανείας
3141 4467 3263 4520 libri
3304 4469 3466 4537 quin-

238 4582 387 4639 que.
426 4554 804 4617 Ecclesiasticw
843 4562 1091 4615 Historia:
1122 4559 1244 4613 libri
1283 4562 1410 4616 dch
1439 4588 1491 4612 .t.
1545 4560 1918 4614 Chronicorum
1956 4578 2213 4614 canonum
2256 4560 2551 4613 onmimoda
2593 4561 2842 4623 historia,
2871 4568 2923 4613 et
2963 4574 3150 4613 eorum
3192 4559 3461 4626 ἐπιτομὴ,

239 4660 320 4715 Et
361 4656 443 4710 Dc
470 4655 867 4725 Evangeliorum
889 4652 1192 4721 diaphonia.
1225 4650 1290 4703 In
1314 4648 1513 4704 Isaiam
1548 4651 1667 4707 libri
1701 4652 1908 4717 decem,
1931 4662 1983 4705 et
2004 4662 2184 4704 contra
2206 4651 2573 4721 Porphyrium,
2595 4652 2686 4721 qui
2715 4651 2901 4705 eodem
2933 4658 3171 4719 tempore
3194 4649 3464 4703 scribebat

244 4759 314 4811 in
356 4751 567 4812 Sicilia,
596 4758 651 4802 ut
682 4749 899 4820 quidam
928 4756 1135 4818 putant,
1166 4746 1287 4800 libri
1314 4745 1572 4814 triginta;
1611 4746 1676 4801 dc
1698 4749 1895 4816 quibus
1917 4748 1983 4801 ad
2014 4762 2098 4801 me
2130 4748 2319 4817 viginti
2368 4755 2575 4801 tantum
2612 4756 2988 4815 pervenerunt.
3032 4744 3290 4799 Τοπικῶν
3329 4746 3463 4799 liber

238 4863 434 4914 unus;
479 4843 815 4912 Ἀπολογίας
848 4858 945 4912 pro
974 4841 1203 4911 Origene
1231 4840 1352 4894 libri
1380 4856 1470 4894 sex
1496 4858 1509 4905 ;
1546 4838 1623 4892 De
1666 4842 1769 4893 vita
1806 4834 2066 4908 Pamphili
2096 4843 2219 4895 libri
2248 4853 2376 4895 tres.
2412 4842 2485 4894 De
2509 4841 2827 4909 martyribus
2868 4842 2972 4893 alia
2999 4842 3282 4909 Opuscula.
3313 4838 3376 4892 Et
3406 4840 3462 4895 in

230 4956 316 4999 α,
348 4935 599 4993 Psalmos
650 4934 1001 4987 eruditissimi
1025 4930 1419 4986 Commentarii.
1459 4928 1521 4980 Et
1556 4930 1723 4982 multa
1762 4932 1885 4983 alia.
1920 4930 2127 4983 Floruit
2170 4935 2401 4985 maxime
2431 4932 2531 4985 sub
2557 4930 2915 4986 Constantino
2953 4936 3080 5001 imp.
3110 4940 3163 4987 et
3190 4931 3458 4987 Constan-

233 5035 364 5097 tio;
398 5026 554 5097 ει,οδ
600 5024 891 5076 amicitiam
928 5021 1191 5090 Pamphili
1221 5018 1494 5087 martyris,
1520 5019 1587 5072 ab
1622 5036 1686 5073 eo
1716 5034 2131 5089 cognomentum
2159 5023 2382 5075 sortitus
2404 5030 2503 5075 est.
2908 5022 2911 5023 ⁷

1607 5129 1690 5182 Ea:
1732 5134 1905 5185 eodem
1958 5131 2110 5184 libro.

313 5230 621 5293 Eusebius,
638 5225 855 5278 natione
882 5222 1107 5283 Sardus,
1134 5230 1187 5276 et
1207 5237 1271 5275 ex
1295 5221 1497 5275 lectore
1519 5221 1670 5273 urbis
1694 5218 1970 5281 Romanae,
2004 5220 2366 5276 Vcrcellensis
2396 5221 2711 5291 episc0pus;
2751 5222 2822 5276 ob
2849 5224 3245 5281 confessionem
3275 5225 3399 5283 ﬁdei
3435 5248 3465 5286 a

224 5320 581 5381 Cmstantio
606 5315 846 5386 principe
881 5312 1243 5383 Seythopolim
1269 5320 1322 5365 et
1356 5310 1480 5364 inde
1505 5310 1899 5378 Cappadociam
1925 5314 2213 5381 relegatus,
2240 5314 2343 5367 sub
2368 5312 2583 5368 Juliano
2602 5316 2731 5384 imp.
2762 5317 2827 5368 ad
2861 5308 3156 5373 Ecclesiam
3178 5334 3462 5389 reversus,

221 5416 418 5476 edidit
439 5413 499 5467 in
527 5409 779 5465 Psalmos
806 5406 1214 5462 Commentarios
1238 5405 1455 5461 Eusebii
1482 5402 1853 5467 Caesariensis,
1880 5422 2017 5475 quos
2043 5408 2107 5461 de
2136 5408 2320 5460 Graeco
2352 5411 2406 5460 in
2439 5407 2687 5461 Latinum
2714 5418 2965 5464 verterat.

918 5520 1063 5575 Idem
1086 5520 1435 5591 Hieronymus
1458 5523 1510 5574 in
1530 5522 1848 5590 Prtefatione
1869 5521 2391 5575 Commentariorum
2426 5527 2481 5576 in
2509 5523 2797 5579 Danielem.

296 5648 519 5702 Contra
543 5636 865 5708 prophetam
888 5634 1159 5691 Danielem
1192 5632 1569 5691 duodecimum
1602 5639 1795 5689 librum
1826 5637 2015 5689 scribit
2044 5635 2392 5707 Porphyrius,
2423 5640 2610 5691 nolens
2645 5654 2768 5690 eum
2807 5640 2871 5689 al.-
2909 5639 3025 5705 ipso
3057 5640 3216 5707 cujus
3254 5639 3419 5694 inseri

222 5753 359 5811 psus
392 5742 488 5792 est
528 5728 775 5791 nomine,
802 5742 920 5782 esse
943 5727 1317 5795 compositum,
1349 5735 1450 5779 etc.
1479 5745 1491 5791 ;
1531 5728 1615 5779 cui
1642 5728 1989 5779 solertissime
2023 5728 2409 5793 responderunt
2446 5725 2726 5787 Eusebius.
2760 5729 3106 5781 Caesariensis
3139 5729 3431 5797 episcopus
