4142 6306
630 390 689 443 ‘Il
1563 372 1892 430 VETERUM
1926 366 2341 426 TESTIMONIA
2383 365 2514 421 [’80
2553 363 2860 420 FUSEBIO.
3769 355 3839 408 τε

626 505 800 562 tribus
833 500 1219 561 voluminibus,
1248 496 1303 551 id
1332 504 1436 559 est,
1465 509 1620 558 xvtn,
1655 509 1748 548 xix
1769 499 1822 547 et
1853 507 1940 546 xx.
1970 487 2332 558 Apollinarius
2361 500 2577 558 quoque
2610 498 2719 538 uno
2739 479 2929 553 grandi
2951 479 3108 544 libro,
3131 476 3233 532 hoc
3254 484 3356 539 est,
3379 473 3633 530 vicesimo
3659 478 3837 529 sexto.

626 613 680 655 et
715 609 838 654 ante
866 594 965 652 hos
995 612 1058 651 ex
1085 604 1237 666 parte
1268 591 1590 648 Mcthodius.

1638 725 1784 780 Idem
1812 723 2158 793 Hieronymus
2187 721 2240 775 in
2271 727 2425 787 caput
2455 731 2583 770 xxiv
2612 711 2874 767 Mattha’i.

702 847 778 904 De
804 849 909 903 hoc
937 849 1078 908 loco.
1106 845 1160 901 id
1187 845 1350 900 estde
1367 842 1765 898 abominatione
1792 837 2141 892 desolationis
2173 850 2294 905 qua;
2320 832 2462 886 dicta
2496 837 2581 884 est
2609 844 2638 882 a
2670 825 2889 880 Daniele
2920 821 3184 894 prOpheta
3207 861 3222 884 ,
3260 825 3438 874 stante
3478 818 3533 872 in
3563 817 3684 871 loco
3715 827 3846 870 san-

632 954 741 1008 ctu,
783 945 950 997 multa
980 941 1311 1010 Porphyrius
1340 939 1498 992 tertio
1524 937 1734 991 decimo
1761 934 1942 1005 operis
1969 931 2053 987 sui
2084 929 2354 983 volumine
2382 934 2569 979 eontra
2595 937 2695 977 nos
2724 917 3142 988 blasphemavit.
3209 912 3311 969 Cui
3340 910 3628 974 Eusebius.
3655 909 3845 964 Caesa-

635 1035 832 1088 riensis
857 1034 1163 1103 cpiscopus,
1193 1030 1362 1084 tribus
1385 1026 1660 1097 respondit
1692 1024 2058 1080 voluminibus
2081 1034 2236 1084 xvut,
2265 1032 2360 1070 xix
2389 1025 2442 1070 et
2465 1030 2556 1068 xx.

1741 1138 1890 1192 Idem
1920 1139 1971 1189 in
1991 1135 2212 1205 epistola
2247 1131 2336 1194 84,
2370 1131 2437 1183 ad
2462 1129 2734 1199 Magnum.

712 1259 1054 1330 Seripserunt
1096 1267 1283 1312 contra
1321 1273 1419 1311 nos
1447 1255 1637 1310 Celsus
1697 1263 1860 1320 atque
1901 1247 2274 1318 Porphyrius:
2329 1241 2498 1312 priori
2551 1237 2862 1307 Origenes;
2904 1233 3057 1288 alteri
3110 1229 3449 1317 Methodius,
3485 1225 3745 1281 Eusebius
3777 1234 3836 1279 et

646 1313 1003 1423 Apollinarius
1061 1351 1354 1407 fortissime
1405 1349 1818 1418 responderunt.
1860 1313 2391 1420 Quorum_0rigen.:s
2434 1344 2557 1391 octo
2596 1333 2815 1403 scripsit
2845 1332 3054 1386 libros:
3100 1313 3401 1382 Methodius
3438 1340 3610 1393 usque
3655 1323 3719 1376 ad
3750 1319 3849 1423 de-

637 1413 756 1500 cem
790 1445 954 1497 millia
992 1413 1560 1512 proccditversuum:
1619 1434 1884 1490 Eusebius
1930 1443 1984 1488 et
2029 1418 2396 1502 Apollinarius
2427 1423 2615 1496 viginti
2664 1425 2902 1493 quinque
2949 1427 3004 1476 et
3054 1420 3276 1492 triginta
3330 1417 3605 1470 volumina
3656 1413 3848 1468 condi-

643 1538 856 1592 derunt.

1446 1604 1448 1608 Υ
1498 1638 1642 1692 Idem
1662 1639 1718 1702 in
1749 1637 1968 1705 epistola
1988 1628 2077 1698 63,
2105 1634 2172 1686 ad
2207 1630 2601 1685 Pammachium
2625 1639 2673 1685 et
2709 1627 2994 1684 Oceanum.

716 1755 850 1824 Quis
875 1755 1212 1826 prudentior,
1235 1753 1465 1820 doctior,
1511 1756 1850 1824 eloquentior
1883 1753 2114 1808 Eusebio
2141 1757 2190 1803 et
2222 1747 2468 1817 Didymo,
2500 1744 2861 1802 assertoribus
2887 1739 3137 1812 Origenis
3175 1737 3405 1794 inveniri
3441 1741 3624 1804 potest
3651 1731 3678 1787 7
3705 1729 3854 1801 Quo.

646 1861 766 1902 rum
789 1851 924 1903 alter
947 1863 1042 1902 sex
1065 1847 1425 1904 voluminibus
1457 1849 1553 1918 τῆς
1581 1847 1921 1915 Ἀπολογίας
1950 1845 2024 1899 ita
2049 1859 2170 1898 eum
2194 1882 2207 1904 ,
2242 1849 2298 1894 ut
2327 1856 2404 1904 se,
2433 1841 2669 1895 sensisse
2692 1837 2993 1894 conﬁrmat.

1229 1988 1231 1991 '
1289 1992 1292 1993 '
1343 1979 1489 2032 Idem
1515 1977 1860 2048 Hieronymus
1891 1979 1944 2031 in
1976 1975 2295 2043 Prwfatione
2319 1970 2840 2027 Commentariorum
2863 1965 2917 2019 in
2947 1963 3161 2018 Isaiam.

722 2115 987 2171 Eusebius
1014 2129 1228 2186 quoque
1255 2112 1539 2182 Pamphili,
1566 2113 1719 2181 juxta
1747 2109 2058 2166 historicam
2085 2106 2516 2177 explanationem
2539 2101 2844 2173 quindecim
2874 2098 3045 2153 edidit
3073 2095 3365 2151 volumina.

1349 2225 1496 2281 Idem
1520 2226 1573 2277 in
1599 2223 1922 2292 Prwlatione
1955 2221 2080 2275 libri
2109 2219 2276 2290 quinti
2303 2215 2826 2272 Commentariorum
2853 2214 2906 2267 in
2941 2210 3157 2266 Isaiam.

727 2341 1028 2399 Subeamne
1049 2357 1202 2412 opus,
1227 2343 1280 2396 in
1307 2341 1447 2411 quod
1481 2341 1581 2394 viri
1610 2337 1962 2394 eruditissimi
1989 2335 2359 2391 sudavcrunt?
2381 2333 2665 2410 Origenem
2698 2333 2889 2401 loquor
2917 2336 2970 2384 et
2993 2326 3284 2382 Eusebium
3305 2321 3592 2392 Pamphili.
3613 2319 3858 2385 Quorum

658 2437 800 2490 .alter
843 2435 1025 2490 liberis
1072 2408 1338 2506 allegorize
1380 2432 1572 2502 spatiis
1613 2437 1918 2500 evagatur;
1979 2433 2033 2481 et
2063 2408 2428 2494 interpretatis
2456 2423 2766 2478 nominibus
2817 2420 3173 2490 singulorum,
3207 2416 3482 2504 ingenium
3517 2429 3673 2467 suum
3725 2411 3856 2464 facit

665 2525 919 2581 Ecclesiae
955 2493 1311 2580 sacramenta.
1345 2493 1494 2577 Alter
1525 2523 1834 2577 historicam
1861 2519 2252 2589 expositionem
2281 2518 2440 2571 titulo
2473 2516 2874 2587 repromittens,
2919 2511 3188 2566 interdum
3231 2493 3571 2562 obliviscitur
3601 2502 3858 2573 popositi,

671 2629 724 2674 et
747 2621 800 2673 in
830 2617 1077 2688 Origenis
1106 2616 1240 2670 scita
1265 2613 1530 2669 concedit.

1533 2726 1677 2781 Idem
1695 2727 1748 2779 in
1776 2727 1908 2782 libro
1935 2728 2114 2796 quinto
2142 2722 2661 2780 Commentariorum
2689 2719 2746 2774 in
2773 2717 2988 2772 Isaiam.

733 2848 996 2902 Eusebius
1049 2845 1398 2902 Cazsariensis
1447 2845 1764 2900 historicam
1819 2843 2316 2914 interpretationem
2347 2839 2506 2893 titulo
2554 2836 2937 2907 repromittens
2959 2874 2976 2897 ,
3009 2829 3239 2886 diversis
3269 2827 3521 2883 sensibus
3551 2830 3811 2892 evagatur
3841 2833 3857 2871 :

661 2939 828 3007 C'tjus
856 2957 977 2994 cum
1015 2941 1184 2994 libros
1232 2941 1481 3010 legerem,
1518 2939 1661 2992 aliud
1692 2938 1862 2991 multo
1901 2910 2077 3006 reperi
2112 2949 2273 3004 quam
2307 2933 2487 2987 indice
2512 2928 2878 3001 promittebat.
2915 2924 3233 2992 Ubicunque
3254 2921 3395 2975 enim
3431 2917 3656 2971 historia
3704 2910 3853 2966 defe-

661 3036 816 3094 cerit,
853 3031 1049 3087 transit
1081 3031 1145 3085 ad
1178 3031 1487 3100 allegoriam
1521 3047 1534 3096 ;
1566 3038 1619 3082 et
1651 3029 1725 3082 ita
1756 3037 2004 3098 separata
2047 3027 2360 3092 consociat;
2414 3031 2473 3078 ut
2503 3023 2674 3078 mirer
2707 3035 2832 3076 eum
2876 3032 3017 3073 nova
3050 3014 3316 3072 sermoni-3
3361 3013 3564 3067 fabrica
3598 3011 3652 3064 in
3693 3020 3862 3062 unum

663 3142 864 3196 corpus
890 3125 1118 3195 lapidem
1150 3124 1464 3194 ferrumque
1491 3123 1840 3195 conjungere.

1728 3238 1863 3294 Item
1893 3238 2244 3309 Hieronymus
2275 3239 2326 3290 in
2352 3245 2505 3306 caput
2533 3252 2550 3291 ι
2580 3233 2838 3290 ΜαιιΙιωὶ.

739 3349 912 3420 Super
943 3349 1046 3404 hoc
1077 3355 1130 3404 et
1174 3347 1463 3404 Africanus
1501 3355 1803 3420 temporum
1847 3349 2110 3420 scriptor;
2153 3355 2206 3400 et
2243 3343 2511 3398 Eusebius
2555 3340 2910 3398 Caesariensis
2959 3339 3012 3394 in
3059 3337 3216 3393 libris
3248 3333 3572 3402 Διαφωνίας
3610 3331 3866 3400 Euam-e-

673 3444 821 3497 λίων
864 3441 1076 3511 plenius
1097 3441 1463 3510 disputarunt.

1558 3552 1776 3623 Ruﬁnus
1806 3557 1863 3609 in
1889 3555 2109 3624 epistola
2153 3552 2221 3606 ad
2258 3550 2618 3606 Chromatium
2654 3551 2974 3620 episcopum.

742 3665 981 3734 lnjungis
1012 3664 1141 3718 mihi
1165 3669 1223 3716 ut
1259 3661 1680 3718 Ecclesiasticam
1703 3665 1999 3728 historiam,
2032 3679 2194 3737 quam
2219 3665 2298 3719 vir
2315 3660 2718 3717 eruditissimus
2737 3659 3004 3717 Eusebius
3031 3657 3381 3715 Caesariensis
3403 3656 3590 3712 Graeco
3617 3672 3870 3713 sermone

674 3757 1098 3826 conscripserat,
1134 3755 1187 3808 in
1216 3753 1466 3809 Latinum
1495 3761 1887 3810 converterem.

1627 3881 1948 3952 Augustinus
1969 3883 2022 3935 in
2047 3881 2180 3937 libro
2209 3882 2285 3937 De
2317 3882 2636 3949 lueresibus,
2667 3897 2787 3952 cap.
2815 3877 2903 3937 8'5.

745 4015 879 4069 Cum
910 4013 1121 4068 Eusebii
1159 4013 1446 4068 Historiam
1469 4021 1840 4084 perscrutatus
1867 4029 2064 4080 essem,
2093 4013 2182 4068 cui
2209 4013 2438 4069 Ruﬁnus
2465 4029 2496 4067 a
2515 4029 2573 4069 se
2599 4015 2651 4068 in
2681 4012 2928 4068 Latinam
2956 4012 3196 4084 linguam
3226 4010 3502 4080 translata:
3531 4011 3872 4080 subsequen-

676 4109 809 4162 tium
849 4107 1007 4159 etiam
1029 4113 1324 4174 temporum
1355 4107 1491 4160 duos
1519 4108 1685 4161 libros
1713 4107 1937 4172 addidit,
1955 4123 2063 4162 non
2090 4107 2269 4162 inveni
2295 4107 2528 4175 aliquam
2561 4105 2805 4159 haeresim
2831 4120 2992 4174 quam
3021 4119 3132 4157 non
3157 4105 3374 4173 legerim
3397 4105 3537 4176 apud
3563 4107 3726 4168 istos;
3763 4107 3871 4161 nisi

677 4217 837 4273 quam
859 4202 912 4255 in
929 4210 1079 4264 sexto
1095 4201 1233 4255 libro
1253 4205 1403 4271 ponit
1423 4201 1708 4265 Eusebius,
1728 4218 1958 4258 narrans
1979 4217 2096 4257 eam
2121 4203 2395 4257 exstitisse
2417 4201 2471 4254 in
2488 4200 2702 4254 Arabia.
2737 4200 2916 4268 Itaque
2945 4198 3044 4252 hos
3066 4197 3365 4264 haereticos,
3381 4199 3634 4268 quoniam
3663 4199 3873 4256 nullum

676 4309 861 4348 eorum
883 4291 1033 4362 ponit
1061 4297 1359 4355 auctorem,
1390 4292 1649 4346 Arabicos
1679 4307 1968 4361 possumus
1989 4305 2324 4360 nuncupare,
2363 4289 2455 4358 qui
2487 4289 2738 4362 dixerunt
2775 4289 2982 4343 animas
3015 4303 3136 4342 cum
3187 4291 3506 4360 corporibus
3535 4293 3672 4345 mori
3707 4299 3875 4360 atque

676 4383 920 4448 dissolvi,
955 4392 1008 4437 et
1034 4383 1089 4436 in
1118 4381 1223 4437 ﬁne
1253 4384 1434 4437 saeculi
1461 4391 1750 4454 utrumque
1771 4399 2072 4454 resurgere.
2094 4381 2198 4437 Sed
2226 4381 2325 4437 bos
2353 4380 2715 4451 disputatione
2735 4376 2981 4449 Origenis
3004 4381 3284 4450 praesentis
3309 4390 3363 4436 et
3390 4397 3486 4437 eos
3521 4384 3868 4453 alloquentis,

676 4477 965 4535 celerrime
991 4475 1120 4529 dicit
1149 4476 1315 4530 fuisse
1344 4483 1639 4532 correctos.

749 4608 1040 4676 Antipater,
1066 4607 1356 4662 Bostrensis
1377 4607 1732 4676 episcopus,in
1757 4607 1886 4660 libro
1911 4609 2081 4676 primo
2103 4606 2359 4660 adversus
2385 4602 2786 4673 Apologeticum
2815 4601 3032 4658 Eusebii
3051 4602 3398 4660 Ctesariensis
3424 4619 3524 4674 pro
3551 4605 3800 4679 Origene.

749 4743 882 4796 Nam
911 4741 1160 4810 quoniam
1199 4741 1280 4794 vir
1315 4743 1403 4796 ille
1433 4741 1719 4812 (Eusebius
1767 4742 1994 4811 scilicet)
2054 4741 2225 4809 pluri-
2252 4745 2298 4803 Α

683 4849 897 4887 tuarum
937 4845 1116 4885 rerum
1161 4831 1384 4885 scientia
1429 4834 1723 4889 instructus
1752 4831 1872 4897 fuit,
1897 4833 2094 4902 quippe
2126 4833 2220 4903 qui

2407 4739 2620 4810 Ἐπειδὴ
2648 4738 2950 4810 πολυῖστωρ
2974 4741 3001 4792 ὁ
3029 4739 3164 4812 ἀνὴρ
3195 4741 3399 4809 γέγονε,
3431 4742 3608 4808 πάσας
3641 4744 3738 4809 τὰς
3768 4745 3875 4802 τῶν

2326 4831 2688 4900 ἀρχαιοτέρων
2729 4828 2940 4899 βίϐλους
2982 4847 3040 4883 τε
3076 4833 3169 4884 καὶ
3217 4833 3617 4904 συγγράμματα
3658 4835 3873 4907 ἐξερευ-

678 4937 872 4976 omnes
894 4929 1133 4974 veterum
1167 4921 1486 4988 scriptorum
1522 4923 1688 4976 libros
1730 4936 1793 4976 ac
1823 4923 2222 4976 lucubrationes

679 5007 1163 5078 investigaverit,et
1179 5009 1414 5061 omnium
1443 5009 1552 5062 fere
1567 5010 1920 5079 'antiquorum
1942 5010 2224 5077 opiniones

681 5112 748 5148 ac
769 5098 1065 5151 sententias
1083 5097 1389 5164 exposuerit
1423 5117 1436 5150 :
1468 5099 1696 5167 plurima
1729 5111 1889 5153 etiam
1918 5100 2113 5168 ingenii
2139 5101 2222 5152 sui

615 5189 620 5193 ’
679 5199 1029 5240 monumenta
1085 5187 1315 5257 posteris
1369 5186 1664 5259 reliquerit,
1702 5205 1931 5259 quorum
1959 5191 2221 5244 nonnulla

684 5284 752 5329 ab
776 5277 1025 5332 omnibus
1053 5279 1174 5346 jure
1198 5281 1387 5333 merito
1416 5281 1835 5350 comprobantur
1867 5301 1879 5335 :
1913 5281 2222 5350 hujusmodi

682 5367 750 5419 de
802 5367 895 5420 illo
929 5368 1041 5421 viro
1089 5371 1486 5426 existimatione
1537 5373 1840 5437 abutentes,
1877 5374 2137 5444 quosdam
2170 5374 2222 5426 in

681 5470 925 5509 errorem
981 5457 1230 5512 inducere
1278 5470 1587 5525 conantur;
1623 5461 1948 5518 atIirmantes
1993 5464 2221 5526 scilicet,

686 5545 978 5599 Eusebium
1038 5565 1310 5618 nunquam
1374 5550 1487 5605 haec
1546 5553 1783 5606 scribere
1840 5568 2224 5624 aggressurum

686 5635 879 5694 fuisse.
912 5638 1015 5690 nisi
1048 5639 1298 5706 antiquos
1332 5654 1520 5694 omnes
1567 5641 1706 5694 idem
1759 5644 1959 5696 sentire
2001 5657 2224 5694 accura-

687 5725 897 5804 tissime
945 5730 1300 5795 cognovisset.
1340 5729 1448 5795 Ego
1480 5747 1603 5785 vero
1653 5730 1944 5786 Eusebium
2004 5733 2221 5788 cuidem

2327 4921 2490 4987 νήσας
2524 4920 2614 4972 καὶ
2658 4919 2989 4989 ἀνιχνεύσας,
3020 4922 3236 4986 καὶτὰς
3276 4924 3487 4978 πάντων
3530 4925 3725 4996 μικροῦ
3764 4927 3876 4983 δαν

2325 5010 2477 5072 δόξας
2515 5010 2834 5080 ἐκθέμενος,
2866 5010 2958 5063 καὶ
3000 5011 3222 5064 πλεῖστα
3268 5019 3668 5086 συγγράμματα
3706 5032 3877 5070 κατα-

2325 5101 2509 5169 λείψας
2543 5102 2616 5172 τῷ
2649 5103 2766 5172 βίῳ,
2814 5098 2888 5157 ὧν
2930 5105 3045 5160 ἐνια
3086 5104 3181 5158 καὶ
3223 5105 3401 5176 πάσης
3445 5107 3707 5177 ἀποδοχῆς
3753 5108 3877 5176 ἀξια

2327 5193 2578 5262 τυγχάνει
2596 5211 2609 5224 ·
2640 5197 2704 5265 τῇ
2734 5194 3068 5272 τοιαύτῃστοῢ
3089 5195 3278 5266 ἀνδρὸς
3303 5197 3560 5268 ὑπολήψει
3586 5198 3877 5269 χρώμενα.

2329 5283 2689 5355 συναρπάζειν
2713 5290 3074 5360 ἐπιχειροῦσιν
3104 5289 3296 5354 ἐνίους,
3325 5291 3399 5354 ὡς
3431 5292 3512 5343 ὅτι
3546 5292 3704 5359 φασιν
3723 5310 3736 5322 ·
3760 5291 3880 5348 Οὐκ

2328 5376 2392 5430 ἂν
2415 5376 2582 5429 εἵλετο
2610 5379 2862 5441 Εὐσέϐιος
2885 5381 3150 5434 ἐπὶτοῦτο
3178 5380 3321 5445 ἰδεῖν,
3351 5382 3397 5432 ει
3427 5381 3499 5451 μὴ
3523 5382 3699 5445 πάσας
3721 5384 3879 5454 ἀκρισι

2331 5466 2439 5528 ϐὡς
2471 5467 2732 5533 ἠπίστατο
2766 5468 2872 5523 τῶν
2905 5471 3144 5524 παλαιῶν
3183 5472 3280 5535 τὰς
3311 5471 3466 5535 δόξας
3502 5471 3653 5525 τοῦτο
3690 5471 3878 5540 βουλο-

2334 5556 2517 5625 μένας.
2555 5557 2692 5625 Ἐγὼ
2737 5559 2824 5621 δὲ,
2863 5561 2942 5612 ὅτι
2995 5561 3091 5630 μὲν
3140 5561 3442 5629 πολυῖστωρ
3484 5563 3512 5613 ὁ
3566 5562 3732 5631 ἀνὴρ,
3787 5559 3880 5612 καὶ

2329 5646 2478 5697 οὐδέν
2498 5664 2547 5698 τι
2571 5649 2676 5700 τῶν
2703 5651 3065 5722 παλαιοτέρων
3087 5651 3523 5720 συγγραμετιάηυν
3550 5652 3646 5720 τὴν
3669 5649 3882 5704 ἐκείνου

2329 5735 2532 5790 διέλαϐε
2563 5740 2776 5812 γνῶσιν,
2804 5742 3052 5812 σύμφημι
3084 5743 3175 5796 καὶ
3201 5741 3468 5806 ὁμολογῶ·
3499 5741 3744 5810 βασιλικῇ
3770 5739 3884 5807 γοὶρ
