4196 6312
231 453 295 511 73
1111 452 1114 456 λ
1207 451 1542 509 VETERUM
1583 450 1998 507 TESTIMONIA
2037 453 2176 509 PRO
2213 452 2526 508 EUSEBIO.
3376 447 3448 503 τι

229 571 481 643 συνεργίᾳ
502 536 799 643 χρῶμενος,
826 571 1019 643 ῥᾳδίως
1042 572 1108 623 τὰ
1136 556 1407 643 πανταχοῦ
1433 568 1565 638 πρὸς
1594 568 1785 620 ἑαυτὸν

1839 577 1859 631 ι
1889 568 2247 638 plurimarum
2280 581 2457 621 rerum
2488 564 2712 619 scientia
2742 564 3229 620 instructissimum
3274 563 3447 620 fuisse

227 664 474 733 συνάγειν
504 662 750 733 ἠδύνατο.

1787 666 1790 669 ·
1892 658 2084 723 fateor,
2134 673 2235 713 nec
2290 673 2357 712 ex
2396 665 2639 711 veterum
2682 657 2922 724 scriptis
2957 656 3250 726 quidquam
3302 655 3453 710 illius

226 754 617 825 subterfugisse
633 754 899 809 notitiam.
936 750 1081 808 Usus
1101 750 1246 807 enim
1272 749 1615 829 imperatoris
1644 746 1887 803 subsidio
1905 756 2065 818 atque
2088 746 2367 818 suﬁ'ragio,
2391 754 2588 801 cuncta
2613 762 2732 813 quze
2758 748 2958 816 ubique
2984 753 3164 812 erant,
3196 745 3455 801 facillime

225 839 765 922 potuit‘congregare.

297 1080 431 1135 Ὀτι
472 1080 541 1135 τά
583 1097 642 1133 τε
699 1080 867 1144 ἄλλα,
899 1081 993 1134 καὶ
1022 1080 1121 1133 ὅσα
1163 1077 1296 1148 πρὸς
1334 1074 1617 1143 Ἱστορίας
1658 1072 1781 1141 ἥκει

223 1177 414 1249 λόγων,
435 1178 868 1248 ὁΦιλοστόργιος,
902 1175 990 1229 τὸν
1024 1172 1307 1246 Παμφίλου
1336 1170 1595 1225 Εὐσέϐιον
1623 1169 1779 1219 ἐπαι-

223 1270 351 1332 νῶν,
382 1269 508 1342 περὶ
538 1269 635 1338 τὴν
669 1266 945 1320 εὐσέϐειαν
975 1266 1359 1337 διαμαρτάνειν
1400 1261 1559 1333 φησί’
1590 1260 1683 1313 καὶ
1719 1258 1783 1310 τὸ

225 1362 524 1433 ἁμάρτημα
557 1361 585 1411 6
615 1357 877 1429 δυσσεϐὴς
904 1356 1253 1428 διηγούμενος
1275 1396 1288 1420 ,
1337 1354 1470 1407 διότι
1514 1351 1785 1419 ἄγνωστον

222 1452 282 1507 τὸ
329 1451 470 1505 θεῖον
514 1452 606 1503 καὶ
638 1450 1020 1521 ἀκατάληπτον
1065 1449 1265 1518 ἡγοῖτο.
1324 1443 1481 1497 Ἀλλὰ
1526 1436 1625 1496 καὶ
1660 1440 1792 1495 ἄλλα

220 1542 440 1597 τοιαῦτα
486 1559 648 1613 φησιν
700 1541 861 1596 αὐτὸν
910 1539 1266 1611 πλημμελεῖν.
1320 1533 1682 1591 Καταπαῠσαι
1727 1532 1784 1585 δὲ

222 1636 385 1690 αὐτὸν
411 1634 511 1698 τὰς
558 1633 764 1697 οίκείας
804 1632 904 1703 τῆς
946 1630 1227 1697 Ἱστορίας
1261 1628 1477 1699 μνήμας
1510 1625 1785 1697 μέχριτῆς

218 1724 329 1779 τῶν
357 1724 561 1777 παίδων
581 1721 826 1792 διαδοχῆς
852 1718 945 1772 τοῦ
970 1718 1202 1789 μεγάλου
1232 1716 1638 1770 Κωνσταντίνου
1663 1729 1784 1765 συν-

218 1831 496 1887 επιμαρτυ
504 1816 604 1886 ρεῖ.

878 960 961 1015 Ea:
991 961 1124 1014 libro
1153 964 1326 1027 primo
1352 964 1713 1026 excerptorum
1738 950 1989 1008 llistorizr
2016 947 2407 1005 Ecclesiasticac
2440 946 2802 1023 Philostorgii.

1962 1066 2355 1135 Philostorgius
2408 1064 2703 1120 Eusebium
2759 1067 2976 1132 quidem
3010 1067 3303 1141 Pamphili,
3333 1080 3451 1127 tum

1889 1159 1960 1213 ob
2002 1158 2107 1211 alia
2155 1157 2357 1219 multa,
2408 1165 2524 1210 tum
2574 1157 2643 1212 ob
2673 1157 2971 1212 Historiam
3020 1159 3454 1219 Ecclesiasticam

1890 1251 2143 1306 laudibus
2172 1247 2356 1302 allicit.
2400 1247 2660 1303 Eumdem
2689 1256 2869 1304 tamen
2899 1250 2951 1304 in
2978 1251 3045 1305 iis
3067 1268 3188 1321 qua:
3218 1254 3285 1309 ad
3324 1256 3454 1311 reli-

1891 1342 2106 1412 gionem
2161 1338 2453 1410 pertinent,
2484 1337 2695 1408 lapsum
2738 1354 2860 1394 esse
2913 1339 3089 1397 dicit:
3126 1345 3329 1417 quippe
3361 1349 3454 1418 qui

1899 1432 2068 1489 Deum
2101 1433 2358 1503 cognosci
2402 1439 2456 1486 et
2486 1432 2875 1501 comprehendi
2906 1449 3016 1488 non
3060 1450 3223 1506 posse
3267 1440 3457 1494 existi-

1891 1523 2138 1577 maverit.
2170 1521 2327 1576 Hunc
2356 1523 2502 1577 enim
2536 1522 2655 1589 ejus
2686 1537 2927 1579 errorem
2954 1524 3152 1594 impius
3182 1526 3285 1582 iste
3313 1543 3460 1584 com-

1892 1623 2176 1670 memorat.
2237 1613 2343 1667 Sed
2373 1622 2427 1668 et
2466 1614 2793 1683 hujusmodi
2822 1615 2957 1669 alios
3015 1631 3234 1676 errores
3264 1619 3333 1673 ab
3363 1621 3458 1675 illo

1892 1706 2217 1761 commissos
2275 1720 2400 1759 esse
2456 1704 2705 1761 aﬂirmat.
2764 1705 3033 1762 Caeterum
3077 1717 3135 1764 et
3175 1709 3293 1780 ipse
3333 1726 3457 1766 cum

1892 1797 2015 1852 aliis
2045 1804 2277 1852 testatur
2322 1794 2615 1851 Eusebium
2649 1795 2948 1853 Historiam
2995 1814 3149 1854 suam
3184 1816 3357 1872 usque
3389 1798 3489 1858 ad

1894 1896 2141 1959 tempora
2171 1887 2464 1942 liberorum
2490 1885 2833 1944 Constantini
2869 1890 3418 1963 Magni'perduxisse.
3463 1941 3466 1945 .

1102 2010 1345 2066 Socrates
1369 2008 1423 2061 in
1445 2005 1578 2060 libro
1611 2005 1779 2073 primo
1810 2001 2064 2058 Historiae
2088 2000 2506 2058 Ecclesiasticaz.

290 2130 551 2195 Εὐσέϐιος
582 2134 611 2185 6
656 2120 963 2202 Παμφίλου,
1006 2129 1064 2180 ὲν
1092 2126 1231 2189 ὅλοις
1283 2123 1412 2176 δέκα
1443 2121 1666 2192 βιϐλίοις
1694 2120 1791 2191 τὴν

1839 2129 1868 2189 Β
1968 2116 2237 2173 Eusebius
2264 2114 2531 2186 Pamphili
2561 2130 2650 2170 res
2682 2116 2735 2170 in
2769 2115 3011 2172 Ecclesia
3044 2124 3226 2188 gestas
3269 2117 3456 2173 decem

228 2218 776 2291 Ἐκκλησιαστικὴν
815 2218 1107 2286 ’ἱστορίαν
1124 2214 1431 2283 ἐκθέμενος,
1452 2210 1789 2266 κατέπαυσεν

216 2314 300 2375 είς
320 2312 449 2375 τοὺς
476 2311 702 2381 χρόνους
738 2309 831 2363 τοῦ
874 2308 1133 2381 βασιλέως
1165 2303 1593 2383 Κωνσταντίνου,
1616 2304 1674 2355 ἐν
1709 2296 1789 2364 οἷς

214 2404 314 2460 καὶ
332 2407 363 2459 6
393 2404 546 2477 παρὰ
567 2403 661 2456 τοῦ
696 2399 1074 2473 Διοκλητιανοῦ
1103 2397 1243 2453 κατὰ
1275 2394 1611 2468 Χριστιανῶν
1636 2392 1789 2462 γενό-

220 2515 382 2569 μενος
410 2497 645 2568 πόλεμος
677 2494 1037 2549 ἀνεπαύσατο.
1072 2493 1303 2564 Γράφων
1344 2489 1399 2540 δὲ
1445 2488 1473 2541 6
1502 2486 1661 2548 αὐτὸς
1688 2487 1789 2549 Εἰς

216 2588 329 2642 τὸν
352 2588 498 2653 βίον
524 2586 1005 2650 Κωνσταντίνου,
1025 2583 1132 2637 τῶν
1162 2582 1282 2636 κατ’
1307 2580 1521 2650 Ἀρειον
1553 2577 1791 2648 μερικῶς

223 2683 448 2753 μνήμην
482 2679 802 2749 πεποίηται,
832 2677 940 2730 τῶν
972 2674 1207 2728 ἐπαίνων
1238 2670 1332 2724 τοῦ
1368 2670 1627 2741 βασιλέως
1649 2709 1663 2733 ,
1702 2670 1792 2722 καὶ

219 2771 325 2840 τῆς
378 2768 756 2840 πανηγυρικῆς
791 2765 1088 2837 ὑψηγορίας
1132 2762 1239 2816 τῶν
1281 2762 1452 2828 λόγων
1491 2758 1686 2829 μᾶλλον
1718 2759 1793 2820 ὠς

220 2862 281 2915 ὲν
307 2859 567 2931 ἐγκωμίῳ
590 2859 900 2931 φροντίσας,
926 2858 1069 2927 ἢπερ
1091 2852 1183 2907 τοῦ
1216 2848 1454 2922 ἀκριϐῶς
1479 2847 1790 2919 περιλαϐεῖν

219 2948 293 3002 τὰ
320 2948 608 3019 γενόμενα.

1896 2206 2049 2262 libris
2078 2207 2413 2275 complexus,
2446 2205 2753 2276 principatu
2783 2206 3125 2263 Constantini
3163 2207 3459 2263 Historiam

1896 2313 2050 2354 suam
2092 2298 2423 2363 terminavit,
2446 2313 2554 2368 quo
2607 2308 2849 2370 tempore
2896 2301 3205 2370 persecutio
3248 2301 3461 2357 Diocle-

1896 2391 2028 2445 tiani
2075 2391 2337 2446 adversus
2370 2390 2714 2446 Christianos
2764 2391 2922 2447 ﬁnem
2965 2394 3194 2463 accepit.
3224 2392 3369 2449 Idem
3404 2394 3460 2449 in

1895 2482 2051 2537 libris
2081 2498 2219 2551 quos
2255 2482 2326 2536 De
2358 2484 2464 2537 vita
2486 2483 2609 2551 imp.
2648 2480 2985 2537 Constantini
3013 2484 3365 2553 conscripsit,
3395 2499 3463 2538 ca

1896 2588 2020 2642 qua:
2051 2574 2120 2628 ad
2148 2573 2340 2627 Arium
2397 2572 2708 2645 pertinent,
2761 2574 3074 2644 singillatim
3126 2576 3348 2630 minime
3375 2583 3462 2631 est

1896 2673 2208 2727 exsecutus,
2252 2666 2452 2735 quippe
2485 2667 2576 2736 qui
2608 2673 2667 2720 ut
2717 2667 2771 2721 in
2826 2668 3091 2724 encomiis
3137 2667 3254 2722 ﬁeri
3299 2669 3457 2730 solet,

1898 2756 2245 2826 imperatoris
2277 2757 2464 2832 laudes
2496 2769 2550 2813 et
2581 2762 2962 2833 panegyricam
2985 2762 3290 2818 orationem
3322 2777 3458 2817 con-

1898 2854 2080 2901 texere
2123 2848 2297 2917 magis
2326 2848 2378 2900 in
2410 2849 2592 2904 animo
2646 2852 2892 2917 haberet,
2941 2867 3107 2923 quam
3158 2868 3247 2910 res
3277 2861 3461 2924 gestas

1898 2947 2154 2994 accurate
2182 2953 2632 2996 commemorare.
2699 2927 2719 2953 ξ

220 3079 376 3136 Idem
404 3080 650 3138 Socrates
693 3082 751 3135 in
783 3079 966 3145 eodem,
996 3078 1146 3147 libro,
1172 3093 1286 3146 cap.
1306 3078 1364 3142 7,
1396 3074 1459 3129 de
1482 3075 1703 3149 Sabino,
1735 3071 2237 3149 ﬂacedonianorum
2283 3074 2541 3144 episcopo,
2570 3074 2804 3147 loquens,
2845 3078 2935 3147 qui
2979 3075 3326 3149 Synodorum
3358 3078 3456 3135 Hi-

1250 3156 1253 3161 ‘
1392 3145 1615 3201 storiam
1644 3145 1948 3213 scripserat,
1982 3145 2059 3198 ita
2085 3144 2215 3197 dicit
2249 3160 2267 3197 :
2292 3206 2305 3217 .
2634 3144 2645 3147 ⁷
2857 3144 2867 3147 ⁷
3022 3144 3077 3211 '\

293 3262 407 3316 Καὶ
436 3262 648 3314 ἐπαινεῖ
682 3262 785 3329 μὲν
808 3260 898 3312 τὸν
937 3259 1220 3329 Παμφίλου
1254 3258 1510 3312 Εὐσέϐιον
1542 3257 1617 3320 ὡς
1641 3255 1786 3321 ἀξιό-

213 3367 414 3405 πιστον
444 3349 723 3421 μάρτυραο
762 3350 969 3401 ἐπαινεί
999 3348 1054 3401 δὲ
1092 3350 1187 3401 καὶ
1217 3349 1305 3401 τὸν
1338 3347 1587 3416 βασιλέα,
1622 3348 1697 3405 ὡς
1720 3348 1787 3401 τὰ

1961 3255 2030 3311 Et
2061 3255 2350 3314 Eusebium
2376 3262 2593 3331 quidem
2643 3263 2925 3335 Pamphili,
2969 3275 3227 3338 tanquam
3264 3277 3455 3325 testem

1892 3346 1997 3403 ﬁde
2047 3348 2423 3420 dignissimum
2475 3354 2659 3409 laudat
2712 3374 2724 3408 :
2784 3356 3165 3425 imperatorem
3229 3375 3445 3430 quoque

212 3440 565 3515 Χριστιανῶν
599 3441 942 3510 δογματίζειν
972 3440 1295 3511 δυνάμενον
1334 3442 1604 3511 μέμφεται
1628 3438 1685 3492 δὲ
1718 3441 1782 3509 τῇ

1839 3473 1861 3531 3
1894 3439 2073 3508 ipsum
2101 3442 2390 3511 przeconiis
2418 3443 2600 3508 allicit,
2638 3452 2827 3515 utpote
2855 3448 2949 3515 qui
2975 3448 3304 3503 Christianae
3335 3445 3460 3504 ﬁdei

210 3534 283 3585 ὲν
323 3530 532 3606 Νικαίᾳ
582 3529 860 3603 ὲκτεθείσῃ
909 3531 1107 3595 πίστει,
1154 3530 1229 3593 ὡς
1277 3530 1382 3582 ὑπὸ
1430 3528 1651 3582 ἰδιωτῶν
1699 3530 1791 3583 καὶ

1839 3528 1858 3531 ’“
1895 3529 2148 3601 dogmata
2178 3533 2419 3603 apprime
2451 3536 2697 3592 calleret.
2742 3534 2927 3591 Fidem
2961 3553 3091 3592 vero
3120 3536 3314 3594 Nicazaa
3362 3554 3462 3593 ex-

210 3621 380 3675 οὖδὲν
407 3621 783 3691 ἐπισταμένων
815 3621 1159 3694 ἐκδεδομένη·
1199 3620 1377 3675 καὶδν
1406 3619 1480 3683 ὡς
1512 3619 1672 3688 σοφὸν
1698 3620 1792 3673 καὶ

212 3711 433 3781 ἀψευδῆ
466 3712 619 3765 καλεῖ
649 3711 924 3783 μάρτυρα,
958 3711 1145 3764 τούτου
1187 3712 1285 3783 τὰς
1305 3710 1499 3785 ¹φωνὰς
1536 3712 1790 3775 ἐκσυσίως

211 3802 493 3874 ὑπερορᾷ.

1896 3623 2130 3691 positam
2162 3624 2527 3694 reprehendit,
2568 3633 2827 3696 tanquam
2868 3628 2935 3681 ab
2965 3628 3170 3698 ignaris
3196 3638 3249 3684 et
3289 3630 3463 3698 impe-

1895 3709 2018 3767 ritis
2043 3702 2356 3769 hominibus
2377 3715 2760 3785 conscriptam.
2785 3715 2849 3768 Et
2873 3731 3032 3785 quem
3065 3718 3361 3786 sapientem
3374 3717 3459 3769 vi-

1896 3816 2019 3856 rum
2048 3816 2113 3856 ac
2133 3818 2379 3858 veracem
2408 3811 2600 3859 testem
2646 3807 2907 3869 nominat,
2934 3806 3053 3876 ejus
3077 3806 3241 3870 yerba
3273 3806 3453 3861 sciens

1897 3904 1962 3946 ac
1982 3884 2220 3962 prudens
2241 3907 2340 3961 pro
2361 3892 2532 3947 nihilo
2554 3892 2723 3947 ducit.

1338 3994 1489 4050 Idem
1512 3994 1754 4049 Socrates
1782 3998 1841 4049 in
1873 3996 2007 4051 libro
2033 4013 2093 4064 il,
2125 4015 2242 4068 cap.
2266 3998 2358 4055 21.

316 4108 531 4177 Ἐπειδὴ
557 4107 615 4161 δέ
656 4124 798 4169 τινες
840 4104 1196 4177 ἐπεχείρησαν
1242 4104 1334 4158 καὶ
1360 4105 1521 4173 αὐτὸν
1554 4104 1795 4175 λοιδορῆ-

1919 4128 1921 4130 ·
1972 4106 2077 4162 Sed
2104 4108 2358 4178 quoniam
2387 4110 2536 4179 hunc
2580 4125 2817 4182 quoque,
2853 4109 3149 4168 Eusebium
3190 4112 3461 4184 Pamphili

208 4219 352 4263 erat,
379 4202 516 4270 φημὶ
543 4200 607 4270 δὴ
622 4200 712 4253 τὸν
738 4200 1016 4271 Παμφίλου
1033 4194 1309 4261 Εὖσὲϐιον,
1325 4197 1400 4261 ὡς
1423 4198 1795 4269 ἀρειανίζοντα

1899 4198 2157 4269 intelligo,
2192 4201 2438 4255 nonnulli
2466 4184 2750 4257 criminari
2799 4204 2979 4258 conati
3033 4213 3182 4269 sunt,
3235 4202 3461 4273 perinde

202 4295 282 4346 ἐν
330 4285 410 4353 οἷς
444 4290 621 4359 λόγοις
652 4289 896 4355 ἐξέδωκε,
928 4290 1096 4360 μικρὰ
1132 4290 1224 4343 καὶ
1250 4288 1588 4361 ηπερὶάὑτοῦ
1624 4290 1793 4341 εἰπεῖν

1899 4289 2053 4358 quasi
2085 4289 2345 4346 Arianum
2367 4292 2561 4363 dogma
2594 4294 2651 4347 in
2682 4294 2835 4350 libris
2863 4295 2977 4350 suis
3007 4302 3227 4348 secutus
3257 4292 3458 4361 fuerit.‘

198 4384 336 4437 οὐκ
367 4381 586 4453 ἄκαιρον
614 4380 873 4452 ἡγοῦμαι.
894 4380 1114 4451 Πρῶτον
1147 4380 1245 4451 μὲν
1276 4381 1403 4449 γάρ,
1436 4397 1489 4433 κ.
1513 4397 1563 4432 τ.
1585 4378 1635 4431 λ.

1898 4390 2260 4449 opportunum
2320 4381 2436 4438 fore
2472 4397 2669 4438 censeo
2719 4400 2891 4454 pauca
2942 4384 3009 4439 de
3038 4399 3104 4438 eo
3160 4383 3485 4441 dissererev

200 4471 482 4528 Primum
509 4475 677 4545 igitur
702 4472 936 4527 concilio
965 4469 1184 4526 Niceno
1212 4487 1321 4545 quo
1369 4470 1564 4523 Filium
1608 4468 1757 4523 Patri
1782 4472 2299 4541 consubstantialem
2347 4472 2514 4528 fuisse
2562 4474 2839 4529 decretum
2892 4485 2998 4540 est,
3029 4484 3083 4531 et
3127 4473 3373 4531 interfuit
3399 4481 3456 4530 ει

200 4567 537 4623 consensit.
574 4564 637 4621 In
657 4568 818 4625 tertio
847 4582 977 4624 vero
1001 4565 1142 4621 libro
1169 4579 1327 4635 quem
1363 4562 1439 4616 De
1488 4562 1595 4615 vita
1628 4560 1963 4615 Constantini
2016 4565 2257 4632 scripsit,
2309 4565 2711 4633 ita'loquitur:
2750 4583 2768 4615 ‹
2815 4564 3017 4622 Omnes
3066 4568 3360 4637 imperator
3385 4564 3457 4622 ad

198 4658 593 4717 concordiam
621 4644 888 4724 incitavit,
929 4659 1103 4715 donec
1135 4656 1419 4711 universos
1472 4654 1528 4707 in
1576 4654 1644 4709 iis
1667 4653 1735 4708 de
1765 4654 1960 4723 quibus
1995 4663 2152 4707 antea
2180 4648 2597 4720 dissentiebant,
2643 4658 2943 4715 concordes
2976 4668 3139 4729 atque
3167 4657 3456 4713 unanimes

197 4750 609 4827 pmstitisset.
641 4750 791 4808 Adeo
826 4762 883 4807 ut
912 4752 1044 4808 ﬁdes
1065 4748 1308 4805 omnium
1336 4761 1578 4803 consona
1612 4749 1754 4818 apud
1774 4746 2009 4803 Nicaeam
2037 4747 2353 4802 obtinuerit.
2386 4747 2557 4802 iCum
2587 4750 2751 4820 igitur
2772 4751 3039 4807 Eusebius
3070 4751 3454 4829 illius_concilii

194 4846 577 4906 mentionem
595 4845 820 4916 faciens,
844 4857 1069 4903 cunctas
1098 4845 1404 4900 animorum
1423 4844 1795 4899 dissensiones
1817 4844 2021 4914 sopitas
2054 4858 2175 4898 esse
2206 4844 2372 4909 dicat,
2404 4853 2456 4898 et
2490 4846 2776 4902 universos
2797 4847 2851 4900 in
2888 4862 3051 4900 unam
3098 4850 3454 4916 eamdemque

193 4939 592 5011 conspirasse
627 4941 971 5005 sententiam,
997 4938 1127 5010 quid
1165 4950 1343 4992 causae
1372 4945 1457 4993 est
1477 4952 1575 4991 cur
1594 4936 1842 4992 nonnulli
1866 4952 1991 4991 eum
2017 4936 2329 4991 existiment
2364 4936 2567 4993 Ariano
2591 4936 2827 5009 dogmati
2849 4940 3192 4994 consentire?
3230 4937 3455 4991 Fallun-

191 5043 315 5091 tur
339 5032 519 5088 etiam
552 5030 870 5102 Ariani,qui
894 5032 1044 5085 illum
1070 5024 1313 5101 opinioni
1354 5043 1466 5083 suae
1495 5028 1781 5100 suﬂ‘ragari
1821 5028 2181 5103 arbitrantur.
2215 5026 2319 5082 Sed
2350 5027 2494 5084 dicet
2532 5030 2763 5083 fortasse
2808 5030 3027 5100 aliquis,
3060 5030 3209 5083 illum
3260 5028 3450 5083 Ariani

190 5122 517 5196 dogmatis
543 5128 870 5177 assertorem
897 5122 1091 5187 videri,
1124 5127 1409 5191 propterea
1439 5122 1581 5190 quod
1602 5122 1671 5179 in
1700 5119 1862 5174 libris'
1887 5121 2002 5175 suis
2035 5120 2230 5174 crebro
2260 5118 2441 5174 dicere
2466 5120 2622 5186 solet,
2658 5135 2758 5174 pen
2791 5135 3082 5176 cumsruu.
3123 5121 3223 5175 Cui
3258 5136 3360 5176 nos
3395 5121 3450 5174 id

187 5210 674 5284 respondemus,
707 5218 762 5264 et
799 5209 901 5264 hac
931 5209 1187 5280 loquendi
1209 5209 1419 5263 ratione
1449 5216 1503 5264 et
1537 5209 1659 5265 aliis
1690 5208 2003 5277 hujusmodi
2054 5222 2175 5276 qua:
2207 5206 2668 5275 dispensationem
2712 5208 3065 5263 humanitatis
3088 5207 3219 5262 Jesu
3240 5208 3452 5264 Chrisri

186 5305 551 5373 designant,
577 5298 976 5368 ecclesiasticos
1004 5301 1297 5369 scriptores
1323 5298 1403 5353 uti
1426 5298 1776 5353 consuevisse
1815 5296 1893 5368 (a)
1928 5317 1940 5352 :
1977 5304 2032 5352 et
2061 5305 2187 5353 ante
2237 5298 2338 5353 hos
2385 5312 2574 5351 omnes
2629 5295 2855 5351 Paulum
2901 5297 3203 5367 apostolum
3257 5298 3452 5351 iisdcn:

186 5396 491 5458 vocibus
516 5402 676 5448 usum
723 5388 915 5451 fuisse,
943 5390 1035 5460 qui
1067 5396 1248 5444 tamen
1282 5386 1523 5459 perversi
1550 5386 1821 5458 dogmatis
1859 5388 2119 5457 magister
2162 5402 2443 5457 nunquam
2484 5394 2568 5441 est
2609 5387 2981 5465 existimatus.
3031 5388 3295 5443 Caeterum
3321 5405 3448 5442 eum

185 5493 403 5550 Arius
437 5480 631 5538 Filium
650 5482 749 5538 Dei
776 5490 1077 5548 creaturam
1112 5481 1336 5549 perinde
1358 5495 1421 5533 ac
1450 5486 1643 5533 caetera
1688 5494 1807 5549 qua:
1838 5493 1868 5531 a
1899 5477 2011 5534 Deo
2045 5488 2226 5534 creata
2268 5487 2415 5543 sunt,
2454 5494 2619 5533 ausus
2648 5480 2718 5531 sit
2747 5478 2947 5545 dicere,
2978 5479 3126 5543 audi,
3160 5480 3207 5533 si
3252 5481 3449 5547 placet,

186 5590 502 5659 quanam
529 5573 597 5628 de
626 5573 731 5629 hac
756 5586 816 5659 re
841 5570 1007 5659 fuerit
1032 5568 1253 5659 Eusebii
1284 5568 1555 5625 sententia
1586 5566 1831 5659 indlibro
1864 5567 2044 5659 primo
2078 5567 2155 5621 De
2178 5568 2535 5659 ecclesiastica
2567 5566 2824 5659 theologia
2848 5565 2997 5636 (cap.
3032 5567 3085 5631 9,
3122 5567 3227 5659 i0).
3256 5584 3276 5618 ι
3314 5564 3448 5659 liui-

184 5653 491 5749 éenitus,
521 5662 721 5731 inquit,
742 5658 849 5715 'Dei
890 5657 1061 5719 Filius
1087 5658 1237 5714 solus
1268 5661 1385 5730 ipse
1409 5665 1463 5714 et
1484 5671 1595 5714 non
1620 5657 1759 5712 alius
1796 5664 1853 5715 et
1884 5657 2208 5727 prmdicatur
2228 5664 2281 5714 et
2314 5663 2416 5715 est.
2465 5653 2617 5710 Unde
2649 5656 2839 5711 merito
2880 5661 3003 5725 quis
3042 5657 3448 5729 reprehenderit

279 5849 385 5924 (a)
434 5839 805 5898 Theodoritus
835 5841 891 5896 in
915 5857 1029 5911 cap.
1060 5834 1566 5915 tprimtengistolw
1591 5842 1659 5898 ad
1694 5841 1932 5901 Corinth.

578 5950 847 6015 Parnon.
891 5950 1011 6019 Gn.
1054 5949 1228 6015 XIX.
3035 5929 3073 5988 3
