4142 6306
697 389 764 446 75
1631 377 1958 434 VETERUM
1999 373 2409 432 TiiSTNONlA
2447 373 2580 428 PRO
2615 373 2924 427 EUSEBIO.
3819 369 3884 424 16

691 517 786 556 eos
805 499 893 569 qui
925 508 1226 554 creaturam
1273 497 1420 548 illum
1471 493 1651 546 dicere
1705 509 1811 546 non
1845 491 2181 551 dubitarunt,
2209 506 2271 542 ex
2297 489 2466 542 nihilo
2497 489 2773 542 conditum
2805 485 3027 556 perinde
3051 501 3114 540 ac
3153 486 3386 556 reliquas
3411 494 3707 542 creaturas.
3742 485 3888 549 Quo-

694 592 851 645 modo
875 590 1017 644 enim
1063 587 1226 642 Filius
1261 585 1437 646 fuerit,
1473 583 1741 654 quomodo
1777 581 2108 650 Unigciiitus,
2141 581 2186 634 si
2230 581 2470 634 eamdem
2521 594 2642 632 cum
2681 577 2889 632 cteteris
2919 578 3182 632 creaturis
3217 585 3460 631 naturam
3513 580 3736 632 sortitus
3779 592 3886 636 esu

694 695 943 746 unusque
971 687 1108 734 este
1139 691 1360 730 numero
1385 691 1562 728 rerum
1590 663 1912 732 erecturum:
1953 683 2134 741 utpote
2165 673 2254 741 qui
2287 689 2390 724 una
2417 687 2538 725 cum
2571 673 2676 725 illis
2707 681 2858 724 ortus
2894 671 2964 724 sit
2993 685 3058 724 ex
3097 671 3286 725 nihilo.
3325 668 3520 724 Verum
3555 671 3734 724 divina
3763 684 3888 724 eia-

695 775 818 826 cula
851 785 956 824 non
983 769 1054 822 ita
1084 766 1150 820 de
1185 767 1276 819 illo
1309 765 1626 834 praedicant.
1669 785 1685 815 ι
1729 763 1928 822 Deinde
1951 765 2137 832 paucis
2165 762 2460 828 interjcctis
2491 764 2602 816 haec
2629 763 2848 831 siihjicit
2882 778 2895 812 :
2932 778 2948 810 ι
2985 759 3244 832 Quisquis
3277 763 3441 832 igitur
3477 759 3668 816 Filium
3701 765 3790 816 Dei
3821 777 3888 817 ex

703 865 873 919 nihilo
898 861 1154 931 genitum,
1188 865 1567 912 et"‘crcaturaui
1593 873 1622 909 e
1649 873 1751 908 non
1787 865 2030 910 exstante
2063 855 2384 926 productam
2417 869 2536 908 esse
2568 856 2782 916 asserit,
2807 857 2852 908 is
2883 871 2988 908 non
3013 853 3410 914 animadvertit,
3441 869 3500 908 se
3533 854 3731 908 nudum
3761 856 3886 924 qui-

703 957 822 1010 dem
863 968 1058 1008 nomen
1091 949 1208 1002 Filii
1242 949 1290 1002 ei
1319 948 1631 1008 concedere,
1659 961 1840 1000 revera
1871 955 2192 1000 tamencum
2225 944 2418 998 Filium
2463 961 2772 1014 pernegare.
2799 945 2900 1010 Qui
2931 947 3074 1000 enim
3115 963 3178 998 ex
3205 947 3372 998 nihilo
3404 946 3614 1016 genitus
3641 960 3744 1010 est,
3765 960 3892 1000 vere

694 1049 864 1104 Filius
897 1045 987 1100 Dei
1021 1059 1142 1098 esse
1171 1057 1274 1094 non
1301 1048 1494 1108 potest,
1529 1039 1668 1094 sicut
1693 1054 1791 1090 nec
1821 1037 2035 1106 quidvis
2068 1034 2212 1089 aliud
2245 1035 2388 1103 quod
2412 1036 2647 1104 genitum
2687 1038 2775 1089 sit.
2805 1035 2978 1090 Verus
3009 1041 3184 1088 autem
3227 1033 3398 1090 Filius
3441 1034 3553 1099 Dei,
3589 1045 3770 1104 utpote
3790 1037 3886 1105 qui

695 1159 762 1200 ex
803 1142 894 1195 illo
925 1148 1179 1208 tanquam
1211 1153 1274 1190 ex
1321 1135 1474 1188 Patre
1519 1135 1731 1204 genitus
1783 1141 1886 1192 est,
1927 1131 2234 1199 unigenitus
2267 1138 2320 1184 et
2349 1131 2580 1184 dilectus
2607 1129 2785 1182 Patris
2821 1131 3014 1184 merito
3035 1117 3252 1184 dicitur.
3309 1128 3392 1182 0b
3445 1131 3688 1184 eamdem
3723 1130 3890 1182 etiam

697 1247 916 1288 causam
941 1229 1080 1283 Deus
1115 1229 1228 1296 ipse
1251 1235 1352 1281 est.
1393 1225 1524 1290 Quis
1554 1225 1697 1276 enim
1735 1224 1875 1275 alius
1907 1221 1998 1274 Dei
2026 1221 2166 1274 fetus
2199 1236 2320 1274 esse
2347 1222 2538 1289 possit,
2570 1233 2729 1288 quam
2757 1221 2832 1273 illi
2872 1221 2974 1290 ipsi
3011 1237 3105 1290 per
3125 1220 3306 1274 omnia
3337 1221 3676 1274 simillimus?
3692 1221 3892 1275 Condit

689 1321 909 1389 quidem
937 1321 1121 1372 urbem
1157 1319 1468 1388 imperator,
1504 1314 1596 1370 sed
1619 1303 1736 1366 eam
1763 1329 1872 1367 non
1901 1312 2071 1382 gignit
2099 1331 2108 1364 :
2149 1312 2315 1366 tilium
2349 1321 2524 1364 autem
2559 1313 2774 1382 gignere
2789 1312 3008 1374 dicitur,
3035 1328 3142 1366 non
3173 1313 3422 1366 condere.
3458 1313 3662 1368 Artifex
3687 1325 3890 1376 autem,

699 1417 849 1472 faber
883 1416 1080 1469 dicitur
1107 1413 1224 1482 ejus
1249 1413 1390 1482 quod
1422 1411 1714 1466 fabricatus
1748 1415 1850 1470 est.
1879 1423 1984 1461 non
2027 1417 2195 1476 pater.
2241 1405 2361 1460 Filii
2395 1421 2522 1461 vero
2569 1408 2651 1460 sui
2703 1422 3042 1476 nequaquam
3099 1405 3249 1460 faber
3294 1408 3510 1460 dicitur.
3565 1407 3636 1460 Ita
3674 1423 3892 1478 quoque

700 1522 940 1560 summus
969 1507 1128 1574 hujus
1164 1505 1399 1560 univeusi
1437 1503 1596 1560 Petis,
1635 1499 1752 1554 Filii
1782 1501 1998 1569 quidem
2029 1502 2110 1554 sui
2141 1508 2311 1570 pater,
2351 1500 2536 1554 mundi
2570 1514 2695 1554 vero
2719 1499 2866 1553 faber
2898 1507 2950 1553 ct
2981 1499 3231 1553 conditor
3263 1501 3455 1554 merito
3483 1501 3701 1554 dicitur.
3737 1501 3894 1568 Quod

699 1599 748 1654 si
782 1599 944 1652 semel
973 1599 1024 1651 in
1054 1597 1346 1664 Seripturis
1375 1595 1672 1648 inveniatur
1701 1593 1926 1654 dictum,
1952 1593 2204 1646 Dominus
2244 1594 2433 1645 crearit
2451 1610 2529 1646 me
2555 1594 2760 1646 initium
2783 1595 2983 1646 ciarum
3009 1611 3224 1652 suarum
3249 1594 3316 1646 ad
3344 1611 3498 1664 opera
3525 1611 3645 1656 sua,
3670 1610 3891 1650 scnsiiin

701 1689 877 1758 ipsum
911 1689 1193 1742 verborum
1234 1686 1495 1756 inspicere
1541 1685 1822 1746 debemus,
1859 1699 2016 1754 quem
2049 1685 2208 1751 paulo
2245 1694 2360 1752 post
2417 1699 2720 1753 exponam:
2756 1699 2875 1748 nec,
2919 1693 2976 1738 ut
3023 1685 3307 1740 Marcellus
3353 1687 3502 1751 facit,
3553 1687 3621 1738 ob
3669 1686 3892 1739 unicum

703 1783 1090 1845 testiinonium,
1125 1780 1448 1852 praecipuum
1493 1777 1748 1830 Ecclesize
1777 1775 1971 1844 dogma
2015 1775 2336 1830 convellere.
2381 1796 2400 1826 2
2435 1776 2557 1829 Hice
2589 1785 2643 1829 et
2674 1777 2776 1830 alia
2810 1778 3040 1845 plurima
3074 1779 3140 1832 ab
3181 1777 3414 1832 Eusebio
3447 1779 3710 1847 Pamphili
3743 1759 3926 1832 dicta.

701 1883 828 1930 sunt
865 1877 914 1928 in
947 1875 1082 1927 libro
1115 1875 1354 1928 adversus
1384 1871 1718 1924 Marcellum.
1757 1871 1816 1920 lii
1851 1868 2014 1920 tertio
2043 1877 2220 1918 autem
2251 1867 2491 1935 ejusdem
2517 1870 2695 1936 operis
2719 1869 2876 1930 libre,
2907 1867 3107 1922 docens
3140 1869 3409 1938 quomodo
3441 1869 3786 1938 intelligenda
3821 1871 3896 1924 sit

704 1969 821 2022 ιιωο
848 1983 942 2020 vox
977 1967 1197 2035 κτίςμα,
1231 1966 1302 2016 ita
1335 1962 1570 2033 loquitur
1603 1979 1614 2012 :
1653 1977 1670 2008 ι
1709 1957 1805 2010 liis
1840 1959 1910 2010 ita
1943 1958 2275 2020 constitutis,
2310 1974 2648 2026 consequens
2677 1969 2783 2022 est,
2817 1967 2896 2024 ut,
2927 1959 3376 2028 quemadmodum
3405 1961 3494 2013 illa
3525 1977 3640 2030 quze
3661 1977 3898 2031 praeces.

707 2068 916 2118 serunt,
949 2059 1028 2110 sic
1080 2057 1238 2124 etiam
1289 2056 1400 2106 haec
1428 2053 1588 2104 verba
1625 2069 1636 2102 :
1677 2050 1925 2102 Dominus
1978 2047 2211 2101 condidit
2246 2066 2324 2102 me
2367 2051 2573 2101 initium
2627 2051 2825 2104 uiarum
2875 2067 3090 2104 suarum
3125 2051 3191 2102 ad
3223 2067 3375 2117 opera
3415 2069 3514 2106 sua
3545 2056 3586 2115 ³,
3615 2053 3680 2108 de
3705 2054 3896 2108 eadem

705 2168 935 2222 persona
969 2153 1114 2206 dicta
1147 2153 1272 2202 sint.
1311 2145 1462 2212 Quod
1491 2145 1535 2198 si
1569 2151 1808 2196 ere-itum
1831 2157 1890 2195 se
1925 2131 2048 2194 esse
2073 2142 2226 2204 dicit,
2265 2157 2371 2195 non
2419 2143 2492 2194 ita
2529 2143 2900 2212 accipiendum
2933 2153 3037 2206 est,
3065 2145 3216 2214 quasi
3271 2145 3434 2210 dicat,
3468 2162 3526 2202 se
3563 2145 3630 2200 de
3653 2163 3759 2202 non
3795 2163 3898 2201 ex-

706 2249 972 2306 stantibus
1003 2246 1066 2298 ad
1087 2244 1134 2298 id
1171 2243 1308 2312 quod
1344 2247 1424 2294 est
1447 2239 1772 2308 pervenisse,
1807 2247 1859 2290 ei.
1891 2236 2110 2304 perinde
2143 2251 2206 2288 ae
2241 2237 2476 2303 reliquas
2507 2249 2784 2294 creaturas
2812 2253 2878 2293 ex
2911 2239 3083 2292 nihilo
3107 2238 3386 2294 conditus.
3417 2255 3558 2304 esse,
3593 2242 3734 2296 sicut
3759 2257 3900 2295 non-

706 2343 836 2400 nulli
863 2355 1138 2412 perperam
1171 2337 1564 2391 existimarunt.
1596 2329 1698 2384 Sed
1733 2330 1782 2382 id
1813 2329 1962 2392 dicit,
1995 2336 2178 2395 utpote
2200 2330 2290 2397 qui
2331 2331 2590 2384 subsistat
2629 2347 2690 2384 ac
2723 2333 3059 2400 prmexsistat
3083 2343 3206 2388 ante
3251 2336 3688 2389 constitutionem
3729 2336 3900 2389 totius

619 2457 626 2466 ·
705 2435 921 2501 mundi;
962 2447 992 2485 a
1027 2431 1180 2484 Patre
1201 2437 1377 2482 autem
1400 2442 1498 2482 suo
1536 2439 1598 2478 ac
1623 2420 1848 2474 Domino
1879 2418 2138 2487 Princeps
2161 2435 2222 2472 ac
2249 2417 2444 2472 ﬂector
2475 2421 2636 2488 hujus
2667 2422 2906 2486 universi
2937 2426 3266 2478 constitutus
3291 2425 3362 2478 sit
3387 2443 3402 2478 :
3431 2424 3564 2477 adeo
3595 2432 3653 2478 ut
3675 2427 3898 2480 verbum

707 2530 811 2583 hoc
845 2527 1076 2584 ἔκτισεν,
1101 2523 1334 2591 positum
1375 2520 1444 2573 sit
1467 2519 1568 2570 hoc
1591 2517 1710 2566 loco
1747 2527 1842 2580 pro
1874 2511 2165 2563 constituit.
2193 2509 2351 2564 Certe
2381 2513 2657 2578 apostolus
2686 2511 2902 2576 Petrus,
2943 2515 3220 2584 principes
3249 2523 3306 2569 et
3328 2523 3567 2571 rectores
3596 2519 3690 2586 qui
3719 2517 3900 2571 homi-

703 2624 866 2677 nibus
887 2623 1140 2688 praesuiit.
1176 2613 1376 2666 diserte
1399 2615 1706 2662 creaturam
1737 2605 1986 2673 appellat,
2032 2603 2117 2656 his
2161 2602 2386 2657 verbis:
2421 2601 2653 2672 Subjecti
2703 2615 2865 2660 estote
2915 2610 3058 2661 omni
3103 2610 3344 2663 humana:
3392 2619 3647 2663 creaturae
3691 2621 3904 2678 propter

705 2715 1010 2770 Dominum.
1037 2709 1140 2762 sive
1163 2707 1268 2774 regi
1299 2703 1448 2773 quasi
1471 2700 1803 2770 prtccellenti',
1832 2699 1934 2751 sire
1976 2696 2262 2750 rectoribus
2293 2707 2536 2765 tanquam
2562 2699 2624 2750 ab
2653 2697 2748 2751 illo
2773 2700 2944 2752 missis
2967 2702 3009 2754 '.
3041 2699 3307 2770 Propheta
3339 2717 3553 2771 quoque
3574 2711 3692 2755 cum
3718 2701 3850 2754 dicit
3883 2719 3896 2752 :

634 2864 636 2866 τ
707 2810 966 2877 Prwpara
996 2814 1062 2864 te,
1096 2799 1287 2862 Israel,
1319 2797 1384 2850 ad
1411 2795 1754 2850 invocantium
1786 2791 1949 2846 Deum
1987 2801 2152 2854 tuum,
2181 2793 2425 2859 quoniam
2451 2807 2564 2844 ecce
2583 2793 2670 2858 qui
2705 2793 2884 2862 ﬁrmat
2941 2796 3159 2860 tonitru,
3219 2805 3268 2848 et
3320 2798 3408 2864 qui
3451 2805 3590 2850 creat
3620 2795 3900 2864 Spiritum,

707 2901 794 2975 qui
847 2895 1122 2951 annuntiat
1171 2889 1460 2960 hominibus
1499 2885 1762 2940 Christum
1796 2901 1944 2936 suum
1969 2884 2010 2949 3;
2046 2883 2146 2938 hoc
2187 2883 2408 2936 verbum
2439 2881 2655 2944 κτίζων,
2681 2899 2788 2936 non
2817 2886 3022 2954 accepit
3048 2901 3144 2954 pro
3175 2901 3238 2940 co
3257 2886 3399 2954 quod
3437 2887 3634 2940 factum
3665 2895 3748 2940 est
3772 2903 3902 2940 cum

621 2975 626 2980 ’
709 2974 867 3050 antea
897 3004 1004 3044 non
1033 2993 1194 3041 esset.
1227 2981 1408 3050 Neque
1441 2981 1582 3033 enini
1607 2990 1732 3032 tunc
1769 2977 1910 3032 Deus
1943 2977 2147 3029 crearit
2197 2974 2478 3045 Spiritum,
2511 2991 2632 3028 cum
2665 2977 2939 3030 Christum
2971 2993 3128 3032 suum
3164 2995 3257 3048 per
3292 2981 3442 3034 illum
3475 2981 3686 3034 cunctis
3719 2981 3896 3036 homi-

699 3061 872 3140 ﬁnibus
925 3075 1280 3133 annuntiavit.
1339 3071 1479 3122 Nihil
1509 3071 1704 3139 quippe
1751 3068 1852 3122 sub
1896 3069 2008 3120 sole
2045 3081 2240 3119 novum
2293 3075 2393 3120 est.
2431 3065 2534 3120 Sed
2567 3073 2683 3119 erat
2711 3067 2924 3135 quidem
2971 3075 3128 3122 antea
3175 3067 3410 3138 Spiritus
3441 3077 3493 3124 ct
3521 3071 3852 3127 subsistebat
3881 3087 3902 3126 :

707 3178 904 3232 Missus
933 3183 1007 3228 est
1031 3179 1202 3226 autem
1233 3177 1350 3220 tunc
1394 3183 1506 3218 cum
1539 3165 1760 3232 apostoli
1779 3163 2074 3232 congregati
2101 3170 2288 3226 essent,
2325 3161 2532 3230 quando
2567 3179 2724 3215 sonits
2756 3163 2926 3216 instar
2954 3164 3168 3216 tonitrui
3207 3165 3292 3232 fac
3317 3183 3378 3218 us
3415 3175 3490 3220 est
3529 3165 3592 3220 de
3623 3165 3748 3220 caelo
3781 3175 3904 3218 tan-

708 3286 860 3340 quam
889 3261 1179 3336 ingruentis
1211 3258 1441 3328 Spiritus
1491 3256 1910 3310 vehementis:ct
1935 3256 2115 3323 repleti
2159 3265 2278 3308 sunt
2311 3252 2509 3322 Spiritu
2544 3262 2744 3307 sancto.
2781 3253 2955 3323 Atque
3007 3255 3078 3308 ita
3125 3255 3402 3310 Christum
3455 3256 3545 3312 Dei
3589 3257 3902 3312 hominibus
3975 3275 3978 3280 ·

711 3363 1086 3430 praedicarunt,
1115 3356 1266 3424 juxta
1301 3349 1629 3421 prophetiam
1663 3363 1780 3418 qu:e
1809 3348 1938 3402 dicit
1974 3369 1984 3402 :
2023 3348 2154 3401 Ecce
2173 3350 2217 3400 is
2238 3349 2322 3416 qui
2347 3349 2520 3416 ﬁrmat
2550 3349 2744 3400 tonitru
2771 3357 2820 3400 et
2851 3349 2939 3418 qui
2968 3359 3108 3402 creat
3135 3349 3410 3416 Spiritum,
3429 3362 3476 3404 et
3500 3354 3589 3421 qui
3619 3357 3900 3410 annuntiat

709 3449 1000 3504 hominibus
1031 3447 1296 3502 Christum
1321 3461 1490 3497 suum.
1527 3441 1628 3520 Ubi
1657 3443 1976 3496 vocabulum
2005 3443 2137 3495 illud
2179 3459 2360 3494 creaiis
2389 3441 2624 3510 positum
2658 3451 2742 3496 est
2767 3455 2866 3510 pro
2904 3442 3134 3504 mittens,
3165 3443 3248 3496 vel
3291 3459 3390 3512 pro
3433 3445 3706 3510 disponens
3747 3457 3904 3514 atque

711 3545 1045 3598 constituens.
1085 3541 1308 3594 rIouitru
1352 3551 1476 3592 vero
1525 3537 1774 3590 similiter
1805 3536 2077 3606 Evangelii
2112 3537 2548 3604 pradicationem
2601 3535 2890 3603 significat.
2945 3535 3112 3590 David
3163 3551 3376 3606 quoque
3431 3553 3551 3590 cum
3581 3538 3714 3591 dicit
3747 3559 3760 3592 :
3791 3538 3904 3593 Cor

712 3633 960 3689 mundum
987 3648 1104 3684 crea
1131 3631 1180 3682 in
1211 3645 1308 3686 me.
1347 3628 1482 3680 Deus
1503 3627 1545 3692 ",
1569 3642 1674 3678 non
1715 3626 1817 3678 lioc
1841 3625 1978 3678 dixit
2005 3623 2158 3694 quasi
2189 3639 2284 3677 cor
2317 3635 2470 3678 antea
2499 3640 2606 3677 non
2639 3625 2858 3680 haberet
2889 3645 2900 3679 :
2933 3627 3026 3680 sed
3065 3626 3252 3679 orabat
3281 3635 3338 3679 ut
3368 3643 3522 3682 mens
3554 3644 3686 3698 pura
3713 3629 3766 3683 in
3807 3647 3904 3686 se-

711 3733 830 3798 ipso
859 3726 1225 3797 perﬁceretur.
1261 3723 1458 3775 Eadem
1483 3721 1692 3773 ratione
1715 3717 1917 3772 dictum
1949 3730 2031 3770 est
2055 3717 2206 3778 illud,
2229 3726 2284 3768 ut
2313 3717 2444 3770 duos
2475 3719 2526 3770 in
2555 3734 2712 3770 unum
2739 3735 2924 3770 novum
2945 3719 3204 3775 hominem
3229 3729 3448 3785 crearet,
3481 3720 3532 3774 id
3565 3731 3646 3776 est.
3671 3725 3906 3791 conjun-

712 3827 880 3889 geret.
907 3817 1036 3870 Vide
1059 3825 1236 3868 autem
1265 3829 1442 3867 auiion
1473 3811 1711 3880 ejusdem
1748 3810 1961 3878 generis
1989 3811 2059 3864 sit
2084 3817 2136 3862 et
2165 3808 2296 3860 illud
2330 3828 2342 3860 :
2377 3807 2680 3862 lnduamiiii
2703 3827 2887 3863 novum
2910 3810 3164 3864 hominem
3205 3813 3290 3878 qui
3325 3821 3400 3863 est
3431 3813 3711 3865 secundum
3735 3813 3904 3866 Deum

713 3911 974 3967 creatus“.
1001 3909 1128 3964 ltem
1165 3907 1325 3962 illud:
1362 3907 1419 3960 Si
1449 3922 1548 3976 qua
1571 3905 1730 3972 igitur
1757 3905 1808 3956 in
1839 3900 2047 3956 Christo
2075 3918 2204 3954 nova
2231 3914 2468 3954 creatura
2491 3919 2508 3964 ;
2529 3909 2583 3954 et
2613 3917 2944 3972 quaecunque
2978 3903 3082 3956 alia
3125 3903 3388 3970 ejusmodi
3423 3905 3642 3972 reperiri
3671 3919 3902 3972 possunt

705 4004 785 4057 ‘ab
813 4003 879 4057 iis
903 4003 994 4072 qui
1033 3991 1338 4070 Seripturas
1371 3999 1631 4053 divinitus
1661 3999 1952 4066 inspiratus
1982 3997 2196 4050 curiose
2242 4005 2575 4050 scrutantur.
2607 3996 2682 4050 Ne
2727 3998 2940 4052 mireris
2977 4013 3104 4066 ergo
3135 3999 3178 4050 si
3217 3997 3268 4048 in
3309 3997 3412 4050 hoc
3453 3997 3594 4064 loco,
3641 3999 3896 4052 Dominu-

711 4095 907 4150 creavit
933 4109 1010 4146 me
1035 4093 1240 4146 initium
1271 4093 1471 4144 uiarum
1494 4105 1730 4150 suarum,
1765 4090 1988 4142 verbum
2021 4089 2208 4141 crearit
2240 4085 2820 4152 translativepnsitum
2849 4099 2932 4142 est
2959 4103 3057 4155 pro
3087 4089 3354 4140 constituit
3385 4098 3438 4141 et
3469 4100 3722 4142 rectorem
3753 4091 3906 4142 ordi—

717 4183 1032 4240 navitallazc
1059 4183 1320 4238 Eusebius
1349 4181 1536 4236 scribit
1570 4181 1621 4232 in
1657 4179 1808 4231 libris
1837 4191 2017 4230 contra
2047 4177 2380 4232 Marccflum.
2423 4180 2562 4241 Qua:
2593 4193 2698 4232 nos
2751 4177 2837 4230 hic
2886 4179 3208 4231 adduximus
3253 4186 3471 4247 propter
3496 4196 3590 4234 eos
3621 4181 3710 4248 qui
3745 4181 3902 4232 illum

719 4280 919 4334 frustra
947 4277 1220 4332 criminari
1253 4287 1305 4328 et
1335 4273 1615 4330 traducere
1650 4281 1935 4324 conantur.
1967 4269 2148 4339 Neque
2189 4273 2330 4326 enim
2363 4271 2604 4339 probare
2619 4281 2865 4339 possunt,
2907 4269 3198 4325 Eusebium
3229 4273 3441 4326 initium
3478 4275 3724 4328 essentia:
3759 4275 3905 4328 Filio

719 4371 997 4432 tribuisse,
1020 4370 1229 4422 tametsi
1259 4365 1675 4436 dispensationis
1705 4363 1981 4417 vocabulis
2019 4365 2214 4432 passim
2251 4365 2304 4416 in
2342 4365 2493 4430 libris
2525 4365 2638 4418 suis
2662 4371 2843 4416 utatur
2877 4383 2890 4416 :
2926 4367 3219 4430 praesertim
3261 4379 3382 4416 cum
3414 4365 3734 4434 scriptorum
3765 4365 3898 4418 Ori-

719 4462 872 4531 genis
894 4461 1128 4514 imitator
1159 4469 1212 4512 et
1241 4459 1535 4512 admirator
1555 4455 1843 4516 exstiterit,
1881 4456 1931 4507 iii
1971 4456 2166 4523 quibus
2196 4455 2392 4508 Filium
2440 4469 2504 4508 ex
2557 4453 2712 4507 Patre
2745 4455 2980 4522 genitum
3014 4471 3227 4526 semper
3283 4453 3564 4524 prmdicari
3607 4458 3906 4523 reperient,

713 4549 1022 4623 quicunque
1061 4549 1382 4623 rccmiditam
1429 4552 1676 4623 Origeiiis
1715 4553 2013 4607 doctrinam
2049 4551 2393 4618 inii-liigt-ntia
2429 4550 2642 4620 assequi
2681 4556 2927 4620 possunt.
2961 4547 3134 4618 Atque
3163 4539 3276 4602 huic
3305 4545 3476 4600 obiter
3505 4546 3645 4600 dicta
3679 4545 3805 4612 sint,
3839 4554 3912 4602 ut

716 4619 926 4674 Eusebii
963 4620 1408 4674 obtrectatoribus
1439 4619 1812 4693 respondeam.

1673 4733 1986 4788 Sozomeiius
2011 4734 2062 4786 in
2090 4732 2218 4786 libro
2253 4748 2270 4786 ι
2299 4733 2548 4792 Historia:
2573 4736 2972 4792 ecclesiasticas.

801 4839 971 4906 Atque
1010 4835 1222 4888 animus
1265 4832 1480 4903 quidem
1527 4837 1662 4888 erat,
1711 4829 1812 4880 hoc
1846 4843 1982 4897 opus
2025 4827 2090 4878 ab
2145 4827 2260 4893 ipso
2291 4843 2336 4897 Α

2291 4843 2336 4897 Α
2441 4830 2708 4902 Ὠρμήθην
2739 4830 2794 4883 δὲ
2833 4830 2891 4883 τὸ
2939 4831 3187 4901 ἀπαρχῆς
3229 4829 3426 4898 ταύτην
3463 4829 3765 4899 συγγράψαι
3805 4831 3917 4896 τὴν

729 4931 1046 4984 Christiana:
1083 4927 1354 4996 religionis
1387 4923 1606 4978 exordio
1659 4929 1914 4988 repetere.
1981 4918 2084 4972 Sed
2137 4933 2258 4971 eum

2365 4923 2772 4992 πραγματείαν·
2816 4923 3158 4990 λογισάμενος
3191 4921 3246 4972 δὲ
3288 4920 3362 4982 ὡς
3407 4921 3497 4972 καὶ
3531 4921 3676 4974 ἄλλοι
3709 4919 3917 4992 ταύτης

736 5021 1208 5075 animadverterent
1259 5017 1394 5070 alios
1431 5015 1743 5082 scriptores,
1775 5011 2102 5065 Clementem
2141 5009 2262 5062 dico
2367 5020 2372 5066 5

2367 5015 2726 5084 ἐπειράθησαν
2761 5017 2918 5083 μέχρι
2939 5013 3043 5064 τῶν
3071 5015 3188 5066 κατ’
3215 5013 3405 5074 αὐτοὺς
3431 5013 3652 5083 χρόνων,
3679 5011 3917 5084 Κλήμης

731 5118 788 5160 et
813 5107 1188 5176 iicgesippum,
1227 5107 1368 5157 viros
1401 5099 1846 5173 sapientissimos,
1879 5099 1969 5168 qui
1995 5097 2264 5166 apostolo-
2365 5133 2367 5138 ς

2365 5127 2422 5160 τε
2452 5109 2542 5160 7.1".
2587 5109 2934 5176 Ἡγήσιππος,
2977 5105 3162 5176 ἄνδρες
3205 5103 3514 5171 σοφώτατοι,
3554 5107 3617 5172 τῇ
3647 5103 3750 5156 τῶν
3777 5106 3919 5158 ἀπο-

675 5217 678 5220 ‘
733 5213 852 5253 rum
885 5197 1210 5264 temporibus
1242 5195 1482 5264 proxime
1522 5199 1922 5248 successerunt,
1955 5189 2263 5242 Africanum

2373 5200 2563 5252 στόλων
2595 5199 2800 5268 διαδοχῇ
2841 5195 3420 5267 παρακολουθήσαντες,
3471 5197 3561 5248 καὶ
3596 5198 3919 5266 Ἀφρικανὸς

731 5298 988 5344 nrreterea
1043 5289 1398 5344 historicum.
1445 5293 1498 5338 ct
1547 5283 1864 5342 Eusebium,
1911 5287 2266 5348 cognomento

2368 5294 2395 5342 6
2437 5291 2794 5358 συγγραφεὺς,
2845 5289 2936 5340 καὶ
2985 5287 3233 5348 Εὺεέϐιος
3277 5290 3304 5338 ὁ
3343 5287 3566 5356 ἐπίκλην
3606 5287 3915 5358 Παμφίλου,

731 5379 1064 5448 Pamphilum
1095 5377 1288 5436 (virum
1327 5386 1434 5430 tum
1475 5377 1524 5426 iii
1572 5373 1740 5428 sacris
1793 5371 2006 5431 litteris,
2057 5377 2165 5420 tum
2211 5369 2264 5420 in

2370 5380 2506 5448 ἀνὴρ
2539 5379 2642 5429 τῶν
2679 5379 2830 5428 ὑείων
2859 5377 3081 5444 Γραφῶν
3108 5378 3198 5428 καὶ
3227 5377 3332 5428 τῶν
3360 5379 3484 5446 παρ’
3513 5378 3732 5446 Ἕλλησι
3759 5395 3918 5449 mu}-

733 5472 902 5523 aoetis
937 5469 1162 5537 aliisilue
1201 5467 1551 5536 scriptoribus
1605 5464 1892 5533 gentilibus
1929 5459 2265 5516 exercitatis-

2053 5459 2265 5512 ὐίιθῐίδε
2369 5470 2474 5520 τῶν
2499 5471 2590 5548 iui.
2623 5469 2968 5536 s'J~{°;p‘-",siiov
3011 5467 3472 5536 ποὶυμαθέττατος
3511 5469 3689 5537 ἵστωρ.

734 5560 972 5622 simum),
1005 5560 1140 5613 idetn
1175 5560 1346 5626 ipsum
1378 5557 1442 5610 ad
1469 5573 1562 5610 sua
1601 5557 1834 5624 ipsomm
1861 5565 2097 5620 tempora
2129 5551 2264 5604 seri-

733 5652 858 5706 bere
883 5667 1182 5720 aggressos,
1205 5657 1308 5704 etc.

804 5767 820 5796 ¹
850 5763 1002 5820 Prov.
1042 5765 1264 5830 mna?“
1339 5769 1355 5799 ¹
1393 5765 1418 5818 Ι
1463 5765 1602 5820 Petr.
1649 5781 1705 5830 li,
1748 5765 1826 5818 li.
1883 5765 1924 5840 ᾖ
1953 5764 2107 5816 Amos
2157 5777 2226 5824 iv,
2271 5760 2348 5813 i5.
2433 5757 2622 5811 "Psal.
2651 5771 2704 5818 L,
2745 5755 2824 5808 1'2.
2901 5755 2918 5784 ⁵
2959 5752 3144 5820 Ephes.
3183 5767 3252 5812 iv,
3281 5749 3370 5804 ει.
