4142 6306
282 402 355 459 Π
1252 408 1589 473 V'ETERUM
1630 408 2047 464 TESTIMONIA
2084 408 2219 463 PRO
2255 410 2573 468 EUSEBIO.
3444 411 3509 466 78

1458 526 1719 583 Victorius
1746 530 1797 581 in
1823 528 2045 584 Canone
2081 528 2351 585 Paschali.

360 614 667 672 Recensitis
688 619 852 689 igitur
884 621 1132 675 ﬁdelibus
1153 619 1397 676 historiis
1420 632 1682 684 veterum,
1708 621 1850 675 beati
1874 622 2079 677 scilicet
2104 621 2319 678 Eusebii
2343 622 2693 677 Caesariensis
2719 620 3015 675 Palaestina:
3035 620 3269 675 civitatis
3296 620 3505 688 episco-

286 710 493 778 pi,viri
526 712 582 764 in
616 714 811 781 primis
865 714 1219 770 eruditissimi
1278 725 1437 784 atque
1500 715 1824 779 doctissimi,
1870 716 2142 770 Chronicis
2192 718 2552 788 prologoque;
2605 733 2667 771 ac
2699 717 2918 786 perinde
2964 717 3046 770 his
3079 731 3199 788 qure
3244 731 3273 769 a
3308 725 3507 771 sanctae

284 804 568 857 memoria:
599 804 929 877 Hieronymo
958 806 1167 862 hisdem
1197 806 1469 860 Chronicis
1495 816 1621 863 sunt
1649 807 1877 875 adjecta.

290 915 651 988 Hieronymus
693 920 746 972 iu
776 918 1014 988 Epistola
1044 918 1111 972 ad
1140 917 1504 974 Chromatium
1529 919 1970 1001 etlleliodorum,
2014 921 2455 999 quur-pra'ﬁgitur
2488 919 2871 991 .llartyrologio
2902 922 3037 991 quod
3082 921 3144 975 Β.
3197 919 3507 991 Hieronymi

1571 1001 1875 1055 inscriptum
1902 1001 1976 1042 est
2008 1007 2231 1043 nommc.

372 1103 595 1160 Constat
629 1106 909 1159 hominum
940 1114 1185 1161 nostrum
1231 1105 1414 1160 Jesum
1454 1107 1731 1161 Christum
1762 1108 1905 1161 omni
1940 1108 2027 1162 die
2060 1114 2358 1177 martyrum
2392 1122 2613 1162 suorum
2643 1108 2947 1176 triumphos
2974 1109 3244 1175 excipere,
3272 1118 3511 1178 quorum

290 1198 581 1265 passiones
608 1214 637 1250 a
674 1207 862 1252 sancto
894 1198 1125 1253 Eusebio
1152 1199 1474 1254 Cmsariensi
1498 1201 1755 1270 episcopo
1798 1202 2030 1269 scriptas
2072 1200 2389 1269 reperimus.
2431 1200 2562 1253 Nam
2608 1200 3002 1255 Constantinus
3052 1202 3347 1271 Angustus,
3380 1212 3503 1252 cum

291 1290 602 1344 Caesaream
634 1288 819 1344 fuisset
862 1291 1158 1360 ingressus.
1192 1300 1247 1344 et
1267 1290 1472 1345 diceret
1495 1300 1791 1345 memorato
1816 1291 2063 1355 antistiti,
2096 1300 2155 1344 ut
2176 1298 2379 1360 peteret
2403 1291 2581 1360 aliqua
2610 1291 2863 1344 beneficia
2900 1291 3220 1346 Caesariensi
3254 1288 3505 1346 Ecclesia:

302 1382 615 1455 profutura,
659 1381 851 1451 legitur
880 1383 1227 1452 respondisse
1251 1382 1542 1436 Eusebium
1579 1400 1591 1433 :
1626 1384 1830 1453 Opibus
1865 1385 1979 1437 suis
2010 1382 2308 1437 Ecclesiam
2333 1382 2577 1445 ditatam,
2611 1382 2756 1435 nul-la
2779 1382 2991 1451 petendi
3022 1382 3280 1436 beneficia
3310 1398 3502 1438 neces-

292 1480 465 1535 sitate
494 1477 781 1545 compelli:
820 1476 921 1531 sibi
952 1486 1132 1532 tamen
1150 1477 1479 1530 desiderium
1513 1477 1787 1531 immobile
1809 1477 2100 1537 exstitisse,
2135 1483 2191 1527 ut
2224 1474 2485 1545 quidquid
2517 1476 2569 1528 in
2606 1475 2876 1545 republica
2906 1474 3147 1538 Romana
3189 1485 3397 1545 gestum
3431 1477 3502 1531 sit

289 1580 429 1638 erga
459 1580 677 1625 sanctos
705 1568 797 1622 Dei
827 1584 923 1638 per
961 1568 1174 1638 judices
1205 1568 1481 1637 judicibus
1511 1568 1863 1623 succedentes
1902 1566 1953 1619 in
1986 1566 2240 1620 universo
2282 1567 2413 1619 orbe
2456 1564 2721 1628 Romano,
2781 1566 3009 1622 sollicita
3063 1568 3495 1636 perscrutatione

290 1666 651 1712 monumenta
685 1659 896 1728 publica
928 1660 1268 1713 discutiendo
1298 1659 1703 1728 perquirerent;
1735 1666 1788 1709 et
1825 1657 1917 1726 qui
1973 1666 2267 1726 martyrum
2297 1670 2326 1708 a
2366 1670 2475 1725 quo
2495 1657 2697 1725 judice,
2725 1659 2777 1711 in
2809 1673 2914 1727 qua
2961 1659 3235 1728 provincia
3258 1660 3338 1714 vel
3368 1660 3504 1715 civi-

291 1757 433 1811 tate,
459 1767 562 1820 qua
592 1751 680 1805 die
704 1766 875 1820 quave
903 1751 1321 1819 perseverantia,
1353 1748 1620 1818 passionis
1664 1763 1773 1801 suae
1808 1747 2141 1799 obtinuerint
2167 1746 2420 1816 palmam,
2454 1748 2520 1803 de
2549 1749 2681 1819 ipsis
2707 1750 2943 1805 archivis
2976 1751 3209 1807 sublata.
3248 1753 3348 1821 ipsi
3394 1752 3503 1808 Eu-

293 1840 453 1894 sebio
488 1842 812 1911 regiojussu
846 1842 1161 1911 dirigerent.
1194 1840 1348 1894 Unde
1396 1840 1597 1894 factum
1627 1850 1732 1904 est,
1761 1848 1818 1893 ut
1864 1838 2090 1893 idoneus
2126 1839 2326 1892 relator
2352 1840 2641 1902 exsistens,
2666 1852 2717 1895 et
2746 1839 3173 1897 Erclesiaslicam
3199 1844 3498 1900 Historiam

293 1940 529 1995 texeret,
552 1941 606 1986 et
636 1933 874 1987 omnium
918 1948 1052 2003 pene
1093 1941 1391 2002 martyrum
1434 1932 1834 2001 provinciarum
1873 1929 2116 1982 onmium
2149 1930 2510 1986 Romanarum
2543 1941 2738 2001 tropma
2766 1932 2994 2001 diligens
3022 1934 3498 2004 historiograpbus

292 2025 620 2081 declararet.

1244 2091 1482 2145 Gelasius
1508 2108 1643 2159 papa
1670 2093 1721 2143 in
1743 2089 1945 2143 decreto
1975 2087 2037 2141 de
2077 2089 2223 2142 libris
2248 2091 2575 2158 apocryphis.

370 2209 502 2261 item
536 2208 794 2263 Chronica
830 2206 1045 2262 Eusebii
1066 2205 1440 2267 Caesariensis,
1472 2212 1524 2257 et
1551 2203 1793 2271 ejusdem
1834 2200 2216 2254 Ecclesiasticw
2241 2200 2471 2254 historia:
2496 2202 2658 2256 libros
2679 2247 2693 2268 ,
2737 2204 2983 2271 quamvis
3004 2207 3057 2259 in
3104 2205 3279 2275 primo
3310 2217 3497 2261 narra-

294 2301 467 2354 tionis
498 2316 611 2354 sua:
640 2300 777 2353 libro
802 2301 1051 2369 tepuerit,
1082 2308 1136 2353 et
1165 2306 1350 2368 postea
1385 2298 1439 2349 in
1474 2295 1726 2349 laudibus
1756 2302 1919 2363 atque
1952 2294 2299 2347 excusatione
2319 2291 2565 2362 Origenis
2598 2294 2933 2348 schismatici
2958 2313 3123 2350 unum
3154 2300 3497 2369 conscripse-

296 2391 375 2443 rit
406 2390 628 2451 librum,
652 2396 871 2458 propter
897 2403 1075 2442 rerum
1112 2396 1287 2443 tamen
1310 2386 1555 2441 notitiam
1580 2385 1929 2454 singularem,
1962 2398 2080 2451 qua:
2112 2383 2178 2435 ad
2212 2383 2620 2439 instructionem
2650 2385 2938 2455 pertinent,
2972 2394 3357 2460 usquequaque
3386 2410 3499 2449 non

294 2481 536 2537 dicimus
571 2479 892 2535 renuendos.

1394 2565 1542 2619 Idem
1576 2566 1630 2617 in
1651 2563 1787 2617 libro
1815 2563 1889 2617 De
1917 2563 2129 2617 duabus
2163 2565 2393 2620 naturis.

374 2686 447 2741 υι
468 2686 699 2755 “ipsum
733 2683 972 2736 dicentes
998 2696 1103 2736 uno
1125 2682 1310 2744 corde,
1353 2695 1568 2748 unoque
1594 2693 1707 2739 ore,
1740 2683 1794 2732 et
1837 2675 2123 2730 credamus
2152 2675 2293 2745 quod
2325 2692 2353 2729 a
2381 2678 2675 2747 majoribus
2714 2682 2917 2736 nostris
2961 2685 3284 2754 accepimus,
3316 2696 3368 2742 et
3402 2690 3497 2744 do-

299 2785 469 2835 nante
492 2776 721 2829 Domino
744 2773 1023 2828 tradamus
1056 2773 1285 2843 posteris
1319 2771 1705 2831 conﬁtendum,
1736 2784 1857 2821 cum
1896 2769 2095 2838 quibus
2129 2769 2333 2823 unitam
2360 2769 2517 2824 ﬁdem
2553 2760 2660 2826 Deo
2682 2770 2913 2843 prepitio
2942 2776 3232 2844 perdurare
3260 2781 3498 2837 Catholi-

297 2884 493 2926 corum
523 2866 766 2935 subjecta
793 2864 1094 2920 testimonia
1126 2864 1506 2934 magistrorum
1527 2862 1791 2917 recensita
1814 2854 2102 2913 testantur;
2131 2858 2198 2912 Et
2219 2862 2375 2928 paulo
2407 2861 2781 2928 post:Eusebii
2800 2867 3039 2936 episc0pi
3071 2867 3497 2940 Palaestinensis,

294 2966 659 3031 cognomento
690 2956 977 3028 Pamphili,
1010 2973 1077 3013 ex
1110 2958 1445 3028 expositione
1472 2957 1663 3027 psalmi
1712 2954 1948 3025 septimi,
1982 2966 2094 3009 etc.
2141 2956 2267 3010 Item
2313 2956 2555 3025 ejusdem
2601 2972 2666 3011 ex
2723 2956 3037 3027 Evangelica
3093 2967 3493 3032 prwparalione,

299 3056 399 3109 lib.
432 3067 529 3108 vn.

678 3123 919 3193 Pelagius
937 3121 999 3177 II
1023 3134 1157 3187 papa
1185 3120 1237 3173 in
1264 3118 1504 3188 Epistola
1524 3119 1577 3182 5,
1609 3117 1677 3171 ad
1701 3116 1879 3170 Etiam
1899 3113 2278 3184 Aquileiensem
2291 3125 2339 3169 et
2368 3118 2500 3171 alios
2532 3118 2794 3188 episcopos
2828 3102 3062 3176 Ιειήαε.ι

373 3238 514 3305 Quid
536 3253 768 3306 namque
789 3238 841 3291 in
868 3236 1240 3290 hreresiarchis
1262 3236 1493 3306 Origene
1524 3238 1784 3303 deterius,
1818 3250 1871 3296 et
1902 3240 2031 3312 quid
2072 3241 2124 3293 in
2170 3238 2618 3307 historiographis
2662 3238 2888 3293 inveniri
2932 3240 3164 3297 Eusebio
3207 3244 3498 3302 honorabi-

299 3332 408 3386 lius
442 3330 654 3399 petest?
677 3328 740 3382 Et
764 3330 887 3399 quis
912 3337 1156 3384 nostrum
1189 3330 1381 3391 nescit,
1411 3330 1465 3383 in
1508 3332 1659 3387 libris
1710 3335 1826 3388 suis
1858 3333 2079 3403 quantis
2115 3330 2399 3401 Origenem
2454 3332 2719 3385 Eusebius
2763 3334 3045 3400 praaconiis
3099 3338 3308 3391 attollat
3328 3317 3367 3393 ’ί
3390 3339 3493 3394 Sed

298 3425 430 3495 quia
461 3431 649 3478 sancta
680 3423 917 3477 Ecclesia
946 3436 1167 3477 suorum
1198 3420 1430 3475 tidelium
1490 3423 1651 3477 corda
1684 3425 1969 3495 benignius
2000 3441 2159 3495 quam
2188 3425 2353 3477 verba
2403 3422 2704 3478 districtius
2742 3434 2949 3493 pensat,
2994 3442 3093 3482 nec
3126 3429 3180 3482 in
3231 3429 3496 3488 lizereticis

250 3590 255 3593 τ
298 3533 524 3574 sensum
550 3518 826 3588 proprium
853 3518 1070 3572 testatio
1094 3513 1310 3571 Eusebii
1348 3515 1626 3570 absolvere
1665 3519 1837 3586 potuit
1866 3538 1878 3571 :
1911 3533 2010 3571 nec
2044 3531 2260 3570 rursum
2289 3514 2580 3569 Eusebium
2610 3513 2814 3569 laudati
2862 3516 3137 3593 Origenisq
3157 3522 3312 3592 culpa
3341 3524 3493 3578 dam-

299 3611 472 3665 navit.

1402 3677 1677 3747 Eragrius,
1714 3678 1806 3733 lib.
1833 3696 1847 3731 l
1884 3676 2154 3740 Historiae,
2187 3692 2301 3746 cap.
2330 3677 2383 3731 i.

372 3792 615 3862 Εὑσεόίῳ
640 3791 715 3862 τῷ
743 3791 1045 3861 Παμφίλου,
1068 3793 1201 3864 ἀνὴρ
1227 3794 1281 3846 δὲ
1308 3794 1363 3855 ἐς
1400 3794 1464 3845 τὰ
1512 3792 1739 3862 μάλιστα
1768 3793 1851 3844 λό-
1877 3803 1922 3858 Α

1877 3803 1922 3858 Α
2023 3790 2291 3845 Eusebius
2320 3790 2609 3860 Pamphili,
2635 3792 2717 3844 vir
2740 3807 2862 3864 cum
2890 3793 2943 3845 in
2972 3794 3094 3847 aliis
3129 3797 3293 3853 rebus
3323 3798 3497 3855 diser-

296 3900 417 3951 τιος
441 3887 470 3936 ὁ
500 3883 777 3953 Παμφίλου
812 3883 877 3935 τά
900 3899 957 3933 τε
990 3862 1265 3945 ἄλλαίκαὶ
1302 3880 1436 3933 ὥστε
1462 3877 1571 3942 οἷός
1615 3898 1673 3932 τε
1714 3877 1845 3932 εἶναι

1950 3884 2213 3945 tissimus,
2238 3892 2347 3935 tum
2380 3884 2432 3935 in
2457 3884 2740 3937 scribendo
2764 3862 2970 3939 tantum
3006 3888 3209 3952 valens,
3240 3899 3297 3943 ut
3329 3896 3498 3961 possit

298 3975 506 4027 πείθειν
524 3975 597 4045 (α)
613 3976 735 4037 τοὺς
750 3975 1155 4044 ἐντυγχάνοντας
1168 3973 1193 4023 0
1203 3990 1266 4043 ρη
1275 3971 1428 4024 σκεύε
1438 3989 1481 4024 ιν
1496 3971 1564 4023 τὰ
1588 3972 1845 4043 ἡμέτερα,

1951 3975 2181 4028 lectores
2214 3989 2361 4035 suos,
2398 3975 2442 4027 si
2477 3990 2584 4027 non
2620 3976 2853 4045 perfecte
2881 3976 3088 4033 eﬂicere
3134 3980 3491 4050 Christianos,

297 4068 350 4119 εἰ
382 4068 476 4119 καὶ
510 4067 583 4137 μὴ
610 4066 726 4119 λίαν
752 4067 990 4137 ἀκριϐεῖς
1016 4063 1119 4118 οἶδε
1147 4068 1341 4139 ,ποιείν.

1954 4066 2025 4117 ita
2053 4071 2229 4118 tamen
2274 4066 2563 4135 impellere,
2594 4073 2650 4118 ut
2674 4076 2855 4119 nostra
2898 4068 3124 4123 libenter
3167 4075 3495 4143 amplectan-

858 4164 861 4165 ⁷
1954 4162 2061 4209 tur.

861 4269 1137 4339 Gregorius
1161 4268 1384 4337 Magnus
1419 4270 1470 4321 in
1502 4270 1721 4335 epistola
1756 4268 1822 4321 ad
1861 4269 2141 4339 Eulogium
2174 4272 2589 4324 Alexandrinum
2620 4274 2933 4339 episcopum.

377 4360 457 4415 Ex
478 4362 805 4418 audientium
830 4377 1053 4416 numero
1078 4376 1222 4415 nunc
1252 4360 1429 4415 factus
1457 4375 1600 4423 sum,
1639 4362 1725 4414 cui
1758 4363 2102 4416 sanctissima
2131 4375 2310 4419 vestra
2342 4366 2620 4419 beatitudo
2650 4365 2886 4417 scribere
2922 4368 3149 4430 studuit,
3180 4378 3236 4422 ut
3266 4378 3493 4423 cuncto-

301 4471 426 4509 rum
458 4464 749 4527 martyrum
777 4465 926 4527 gesta
966 4472 1085 4527 quae
1122 4458 1223 4526 piae
1273 4458 1547 4512 memoriae
1593 4458 1933 4513 Constantini
1984 4460 2317 4528 temporibus
2347 4461 2414 4515 ab
2465 4460 2693 4515 Eusebio
2737 4463 3053 4518 (Iresariensi
3084 4464 3309 4519 collecta
3342 4476 3490 4528 sunt,

302 4549 670 4603 transmittere
698 4548 1007 4603 debeamus.
1042 4546 1145 4603 Sed
1160 4546 1270 4602 haec
1285 4564 1459 4618 neque
1486 4549 1533 4603 si
1556 4550 1782 4603 collecta
1813 4565 1918 4603 non
1951 4553 2078 4612 sint,
2112 4568 2287 4622 neque
2314 4555 2359 4607 si
2388 4556 2516 4617 sint,
2548 4561 2671 4607 ante
2700 4566 2889 4609 vestra:
2912 4556 3258 4611 beatitudinis
3287 4560 3490 4626 scripta

303 4635 555 4706 cognovi.
580 4636 691 4704 Ago
722 4651 851 4705 ergo
885 4636 1106 4704 gratias,
1138 4637 1264 4704 quia
1306 4638 1665 4692 sanctissimae
1704 4646 1896 4692 vestrae
1927 4639 2184 4694 doctrina:
2221 4643 2440 4711 scriptis
2475 4642 2740 4701 eruditus.
2778 4646 2916 4714 ccepi
2948 4647 3088 4700 scire
3114 4647 3253 4715 quod
3284 4650 3492 4701 nescie-

300 4727 453 4781 bam.
480 4724 678 4778 Praeter
706 4726 794 4777 illa
815 4726 956 4778 enim
988 4740 1108 4793 quze
1138 4725 1192 4777 in
1218 4724 1464 4791 ejusdem
1496 4725 1712 4779 Eusebii
1745 4726 1897 4781 libris
1928 4727 2003 4781 De
2032 4730 2187 4796 gestis
2227 4742 2524 4784 sanctorum
2554 4742 2842 4802 martyrum
2872 4736 3237 4800 continentur,
3270 4738 3410 4791 nulla
3435 4739 3489 4793 in

302 4816 530 4870 archivo
553 4814 710 4882 hujus
735 4823 930 4869 nostra:
962 4815 1234 4877 Ecclesiae,
1263 4818 1347 4869 vel
1393 4818 1448 4869 in
1497 4817 1753 4871 Romam»
1809 4820 1958 4874 urbis
1994 4821 2336 4877 bibliothecis
2380 4838 2500 4877 esse
2531 4828 2777 4895 cognovi,
2806 4827 2908 4881 nisi
2960 4842 3128 4896 pauca
3160 4830 3399 4899 quaedam
3432 4830 3489 4885 in

301 4908 472 4961 unius
494 4906 695 4961 codicis
724 4907 991 4960 volumine
1021 4908 1265 4961 collecta.

967 5022 1205 5077 Celasius
1236 5024 1521 5095 Cyzicena:
1550 5030 1602 5082 in
1627 5030 1761 5083 libro
1786 5033 2009 5088 secundo
2033 5034 2107 5090 De
2132 5034 2337 5106 synodo
2365 5033 2600 5099 Nicmna,
2632 5050 2744 5102 cap.
2782 5036 2832 5089 1.

384 5131 724 5202 Ἀκούσωμεν
756 5131 818 5202 δὴ
852 5134 903 5187 τί
945 5137 1173 5191 ἐνταῦθα
1205 5138 1352 5208 λέγει
1398 5145 1489 5195 καὶ
1530 5144 1559 5194 ὁ
1594 5146 1794 5216 ἀροτὴρ
1824 5149 1851 5199 ὁ
1882 5156 1925 5214 Β

1882 5156 1925 5214 Β
2021 5149 2315 5203 Audiamus
2349 5164 2479 5203 sane
2524 5150 2653 5220 quid
2703 5149 2789 5203 hic
2815 5149 2960 5204 dicat
3014 5153 3491 5217 praestantissimus

300 5224 579 5287 κάλλιστος
610 5226 707 5295 τῆς
737 5225 1182 5300 ὲκκλησιαστικῆς
1227 5234 1514 5302 γεωργίας,
1550 5236 1577 5286 ὁ
1617 5235 1839 5307 φιλαλη-

1950 5239 2299 5295 ecclesiastici
2340 5238 2489 5301 fundi
2537 5247 2738 5301 arator,
2786 5242 2873 5293 ille
2916 5240 3023 5293 veri
3057 5240 3488 5299 studiosissimus

297 5314 551 5376 Θέστατος
597 5315 848 5378 Εὑσέὅιος
889 5318 916 5368 ὁ
948 5318 1053 5373 ,τοῦ
1103 5323 1401 5390 παμφήμου
1449 5325 1754 5393 Παμφίλουκ
1788 5330 1843 5379 Ὀ

1948 5328 2235 5390 Eusebius,
2274 5327 2606 5381 celeberrimi
2640 5326 2902 5397 Pamphili
2953 5339 3305 5397 cognomento
3360 5333 3491 5385 insi-

300 5406 398 5473 μὲν
425 5400 517 5457 οὖν
535 5405 789 5469 Λικίνιος,
820 5398 967 5475 φησὶ,
990 5410 1084 5479 τὴν
1109 5410 1294 5479 ὁμοίαν
1315 5416 1422 5475 τοῖς
1445 5414 1620 5475 ἀθέοις
1646 5417 1841 5486 τυράν-

1946 5420 2085 5488 gnis.
2120 5418 2356 5471 Licinius
2384 5417 2619 5491 quidem,
2651 5418 2840 5487 inquit,
2872 5420 3111 5472 eamdem
3140 5434 3299 5488 quam
3330 5436 3488 5492 supe-

292 5514 405 5558 νοις
434 5496 533 5565 τῆς
562 5497 814 5559 ἀσεϐείας
841 5499 1103 5568 μετελθὼν
1142 5502 1274 5566 ὁδὸν,
1301 5505 1391 5555 ἐπὶ
1411 5505 1498 5557 τὸν
1528 5507 1637 5557 ἴσον
1663 5510 1840 5571 αὐτοῖς

1947 5512 2119 5565 riores
2177 5511 2253 5563 illi
2306 5510 2446 5563 viam
2509 5510 2798 5578 impietatis
2860 5510 3165 5573 insistens,'
3200 5514 3391 5566 merito
3430 5516 3486 5569 in

289 5587 515 5651 ινδίκως
544 5588 869 5658 περιηνέχθη
906 5592 1161 5661 κρημνόν,
1196 5601 1322 5656 etc.,
1363 5612 1479 5664 qua:
1508 5598 1753 5665 leguntur
1794 5601 1843 5651 in

1950 5601 2197 5655 eumdem
2235 5614 2357 5652 cum
2399 5600 2503 5652 illis
2553 5598 2702 5651 exitii
2760 5601 3023 5668 gurgitem
3077 5607 3157 5653 est
3213 5600 3483 5672 delapsus,

290 5678 397 5733 ﬁne
432 5678 556 5733 li'bri
589 5678 791 5733 decimi
839 5678 1087 5734 Historia:
1135 5682 1517 5740 ecclesiastica.
1546 5688 1790 5740 Τοσαῦτα
1814 5691 1843 5743 ὁ
1946 5700 2050 5745 etc.
2082 5688 2351 5743 Hactenus
2376 5698 2612 5743 veterum
2657 5690 3041 5744 ecclesiasticas
3082 5690 3317 5745 bistorize
3343 5709 3484 5748 56Τί-

266 5871 273 5881 ι
358 5794 703 5867 (quaom
732 5796 890 5862 τούς.
932 5798 1021 5854 Sic
1049 5802 1347 5859 mutatione
1370 5805 1773 5864 emendavimus
1800 5822 1902 5877 quo

1800 5807 1943 5877 quod
1974 5809 2120 5878 prius
2153 5808 2291 5864 male
2322 5809 2594 5877 legebatur
2624 5812 2746 5871 to);
2787 5808 3010 5864 πείθειν.
3060 5808 3214 5865 Εοιτ.
3244 5808 3413 5864 Pun.
