  <div class='ocr_page' id='page_1' title='image "/cluster/home/n/w/nwhite01/storage/ocr_20150623/19/pst.000005712045/047.png"; bbox 0 0 4142 6306; ppageno 0'>
   <div class='ocr_carea' id='block_1_1' title="bbox 540 3191 562 3262">
    <p class='ocr_par' dir='ltr' id='par_1_1' title="bbox 540 3191 562 3262">
     <span class='ocr_line' id='line_1_1' title="bbox 540 3191 562 3262; baseline 0 0"><span class='ocrx_word' id='word_1_1' title='bbox 540 3191 562 3262; x_wconf 79' lang='grc' dir='ltr'><strong>ί</strong></span> 
     </span>
    </p>
   </div>
   <div class='ocr_carea' id='block_1_2' title="bbox 623 285 3835 360">
    <p class='ocr_par' dir='ltr' id='par_1_2' title="bbox 623 285 3835 360">
     <span class='ocr_line' id='line_1_2' title="bbox 623 285 3835 360; baseline -0.006 0"><span class='ocrx_word' id='word_1_2' title='bbox 623 305 693 360; x_wconf 84' lang='lat'><strong>79</strong></span> <span class='ocrx_word' id='word_1_3' title='bbox 885 295 898 314; x_wconf 70' lang='grc'><em>’</em></span> <span class='ocrx_word' id='word_1_4' title='bbox 1577 293 1911 352; x_wconf 72' lang='grc' dir='ltr'>νετειιυιι</span> <span class='ocrx_word' id='word_1_5' title='bbox 1951 289 2365 350; x_wconf 72' lang='lat' dir='ltr'><strong>TESTIMONIA</strong></span> <span class='ocrx_word' id='word_1_6' title='bbox 2402 287 2538 344; x_wconf 78' lang='lat' dir='ltr'><strong>PRO</strong></span> <span class='ocrx_word' id='word_1_7' title='bbox 2577 286 2887 344; x_wconf 78' lang='lat' dir='ltr'><strong>EUSEBIO.</strong></span> <span class='ocrx_word' id='word_1_8' title='bbox 3761 285 3835 342; x_wconf 86' lang='lat'><strong>80</strong></span> 
     </span>
    </p>
   </div>
   <div class='ocr_carea' id='block_1_3' title="bbox 624 388 2205 493">
    <p class='ocr_par' dir='ltr' id='par_1_3' title="bbox 624 409 2205 493">
     <span class='ocr_line' id='line_1_3' title="bbox 624 409 2205 493; baseline -0.008 -18"><span class='ocrx_word' id='word_1_9' title='bbox 624 431 838 493; x_wconf 89' lang='lat' dir='ltr'><strong>ptorum</strong></span> <span class='ocrx_word' id='word_1_10' title='bbox 889 416 992 472; x_wconf 76' lang='lat' dir='ltr'><strong>[ide</strong></span> <span class='ocrx_word' id='word_1_11' title='bbox 1038 415 1389 487; x_wconf 83' lang='lat' dir='ltr'><strong>dignissimus</strong></span> <span class='ocrx_word' id='word_1_12' title='bbox 1436 410 1702 467; x_wconf 83' lang='lat' dir='ltr'><strong>Eusebius</strong></span> <span class='ocrx_word' id='word_1_13' title='bbox 1766 412 2050 482; x_wconf 88' lang='lat' dir='ltr'><strong>Pamphili.</strong></span> <span class='ocrx_word' id='word_1_14' title='bbox 2081 409 2205 480; x_wconf 23' lang='lat' dir='ltr'><strong>qui,</strong></span> 
     </span>
    </p>
   </div>
   <div class='ocr_carea' id='block_1_4' title="bbox 2291 388 3968 493">
    <p class='ocr_par' dir='ltr' id='par_1_4' title="bbox 2291 388 3968 478">
     <span class='ocr_line' id='line_1_4' title="bbox 2291 388 3968 478; baseline -0.001 -18"><span class='ocrx_word' id='word_1_15' title='bbox 2291 407 2382 460; x_wconf 73' lang='grc' dir='ltr'><strong>τῶν</strong></span> <span class='ocrx_word' id='word_1_16' title='bbox 2403 406 2641 478; x_wconf 78' lang='grc' dir='ltr'>ἀρχαίων</span> <span class='ocrx_word' id='word_1_17' title='bbox 2668 403 3124 476; x_wconf 80' lang='grc' dir='ltr'>ἐκκλησιαστικῶν</span> <span class='ocrx_word' id='word_1_18' title='bbox 3156 388 3509 474; x_wconf 69' lang='grc' dir='ltr'>συγγραφέων</span> <span class='ocrx_word' id='word_1_19' title='bbox 3530 403 3838 468; x_wconf 83' lang='grc' dir='ltr'>ἀξιοπιστό-</span> <span class='ocrx_word' id='word_1_20' title='bbox 3901 449 3905 451; x_wconf 93' lang='grc'>.</span> <span class='ocrx_word' id='word_1_21' title='bbox 3953 391 3968 414; x_wconf 44' lang='lat' dir='ltr'><strong>’r</strong></span> 
     </span>
    </p>
   </div>
   <div class='ocr_carea' id='block_1_5' title="bbox 625 500 2178 582">
    <p class='ocr_par' dir='ltr' id='par_1_5' title="bbox 625 500 2178 582">
     <span class='ocr_line' id='line_1_5' title="bbox 625 500 2178 582; baseline -0.007 -16"><span class='ocrx_word' id='word_1_22' title='bbox 625 507 1040 582; x_wconf 89' lang='lat' dir='ltr'><strong>quamplurimis</strong></span> <span class='ocrx_word' id='word_1_23' title='bbox 1072 511 1366 577; x_wconf 77' lang='lat' dir='ltr'><strong>martyrum</strong></span> <span class='ocrx_word' id='word_1_24' title='bbox 1416 503 1804 559; x_wconf 80' lang='lat' dir='ltr'><strong>certaminibus</strong></span> <span class='ocrx_word' id='word_1_25' title='bbox 1857 500 2178 570; x_wconf 73' lang='lat' dir='ltr'><strong>conquisitis</strong></span> 
     </span>
    </p>
   </div>
   <div class='ocr_carea' id='block_1_6' title="bbox 629 590 2179 672">
    <p class='ocr_par' dir='ltr' id='par_1_6' title="bbox 629 590 2179 672">
     <span class='ocr_line' id='line_1_6' title="bbox 629 590 2179 672; baseline -0.006 -16"><span class='ocrx_word' id='word_1_26' title='bbox 629 610 792 672; x_wconf 84' lang='lat' dir='ltr'><strong>atque</strong></span> <span class='ocrx_word' id='word_1_27' title='bbox 817 599 1174 671; x_wconf 85' lang='lat' dir='ltr'><strong>investigatis,</strong></span> <span class='ocrx_word' id='word_1_28' title='bbox 1203 613 1268 651; x_wconf 76' lang='lat' dir='ltr'><strong>ex</strong></span> <span class='ocrx_word' id='word_1_29' title='bbox 1299 596 1367 650; x_wconf 87' lang='lat' dir='ltr'><strong>iis</strong></span> <span class='ocrx_word' id='word_1_30' title='bbox 1393 590 1516 668; x_wconf 66' lang='lat' dir='ltr'><strong>quae</strong></span> <span class='ocrx_word' id='word_1_31' title='bbox 1541 595 1773 666; x_wconf 79' lang='lat' dir='ltr'><strong>simplici</strong></span> <span class='ocrx_word' id='word_1_32' title='bbox 1801 610 1864 648; x_wconf 92' lang='lat' dir='ltr'><strong>ae</strong></span> <span class='ocrx_word' id='word_1_33' title='bbox 1887 595 2005 647; x_wconf 90' lang='lat' dir='ltr'><strong>rudi</strong></span> <span class='ocrx_word' id='word_1_34' title='bbox 2037 593 2179 664; x_wconf 83' lang='lat' dir='ltr'><strong>stylo</strong></span> 
     </span>
    </p>
   </div>
   <div class='ocr_carea' id='block_1_7' title="bbox 631 685 2176 764">
    <p class='ocr_par' dir='ltr' id='par_1_7' title="bbox 631 685 2176 764">
     <span class='ocr_line' id='line_1_7' title="bbox 631 685 2176 764; baseline -0.008 -14"><span class='ocrx_word' id='word_1_35' title='bbox 631 695 834 764; x_wconf 88' lang='lat' dir='ltr'><strong>scripta</strong></span> <span class='ocrx_word' id='word_1_36' title='bbox 862 693 1073 747; x_wconf 79' lang='lat' dir='ltr'><strong>fuerant</strong></span> <span class='ocrx_word' id='word_1_37' title='bbox 1117 691 1320 762; x_wconf 84' lang='lat' dir='ltr'><strong>eligens</strong></span> <span class='ocrx_word' id='word_1_38' title='bbox 1355 701 1515 761; x_wconf 84' lang='lat' dir='ltr'><strong>atque</strong></span> <span class='ocrx_word' id='word_1_39' title='bbox 1561 702 1876 756; x_wconf 90' lang='lat' dir='ltr'><strong>excerpens,</strong></span> <span class='ocrx_word' id='word_1_40' title='bbox 1913 685 2176 739; x_wconf 73' lang='lat' dir='ltr'><strong>Ecclesia-</strong></span> 
     </span>
    </p>
   </div>
   <div class='ocr_carea' id='block_1_8' title="bbox 630 774 2181 840">
    <p class='ocr_par' dir='ltr' id='par_1_8' title="bbox 630 774 2181 840">
     <span class='ocr_line' id='line_1_8' title="bbox 630 774 2181 840; baseline -0.008 -3"><span class='ocrx_word' id='word_1_41' title='bbox 630 784 816 838; x_wconf 84' lang='lat' dir='ltr'><strong>sticam</strong></span> <span class='ocrx_word' id='word_1_42' title='bbox 867 782 1143 834; x_wconf 77' lang='lat' dir='ltr'><strong>historiam</strong></span> <span class='ocrx_word' id='word_1_43' title='bbox 1196 781 1380 840; x_wconf 89' lang='lat' dir='ltr'><strong>decem</strong></span> <span class='ocrx_word' id='word_1_44' title='bbox 1439 778 1662 833; x_wconf 87' lang='lat' dir='ltr'><strong>omnino</strong></span> <span class='ocrx_word' id='word_1_45' title='bbox 1725 774 1879 828; x_wconf 84' lang='lat' dir='ltr'><strong>libris</strong></span> <span class='ocrx_word' id='word_1_46' title='bbox 1927 780 2181 827; x_wconf 87' lang='lat' dir='ltr'><strong>accurate</strong></span> 
     </span>
    </p>
   </div>
   <div class='ocr_carea' id='block_1_9' title="bbox 630 861 2180 941">
    <p class='ocr_par' dir='ltr' id='par_1_9' title="bbox 630 861 2180 941">
     <span class='ocr_line' id='line_1_9' title="bbox 630 861 2180 941; baseline -0.008 -15"><span class='ocrx_word' id='word_1_47' title='bbox 630 870 992 941; x_wconf 79' lang='lat' dir='ltr'><strong>conscriptam</strong></span> <span class='ocrx_word' id='word_1_48' title='bbox 1051 869 1204 923; x_wconf 91' lang='lat' dir='ltr'><strong>nobis</strong></span> <span class='ocrx_word' id='word_1_49' title='bbox 1243 867 1479 937; x_wconf 82' lang='lat' dir='ltr'><strong>reliquit,</strong></span> <span class='ocrx_word' id='word_1_50' title='bbox 1529 865 1791 934; x_wconf 87' lang='lat' dir='ltr'><strong>incipiens</strong></span> <span class='ocrx_word' id='word_1_51' title='bbox 1845 863 2060 933; x_wconf 88' lang='lat' dir='ltr'><strong>quidem</strong></span> <span class='ocrx_word' id='word_1_52' title='bbox 2111 861 2180 915; x_wconf 89' lang='lat' dir='ltr'><strong>ab</strong></span> 
     </span>
    </p>
   </div>
   <div class='ocr_carea' id='block_1_10' title="bbox 631 949 2180 1030">
    <p class='ocr_par' dir='ltr' id='par_1_10' title="bbox 631 949 2180 1030">
     <span class='ocr_line' id='line_1_10' title="bbox 631 949 2180 1030; baseline -0.008 -11"><span class='ocrx_word' id='word_1_53' title='bbox 631 964 864 1019; x_wconf 85' lang='lat' dir='ltr'><strong>adventu</strong></span> <span class='ocrx_word' id='word_1_54' title='bbox 896 949 1128 1022; x_wconf 69' lang='lat' dir='ltr'><strong>Domini,</strong></span> <span class='ocrx_word' id='word_1_55' title='bbox 1169 972 1489 1030; x_wconf 84' lang='lat' dir='ltr'><strong>progressus</strong></span> <span class='ocrx_word' id='word_1_56' title='bbox 1533 971 1660 1012; x_wconf 87' lang='lat' dir='ltr'><strong>vero</strong></span> <span class='ocrx_word' id='word_1_57' title='bbox 1708 956 1775 1010; x_wconf 87' lang='lat' dir='ltr'><strong>ad</strong></span> <span class='ocrx_word' id='word_1_58' title='bbox 1816 969 1880 1010; x_wconf 90' lang='lat' dir='ltr'><strong>ea</strong></span> <span class='ocrx_word' id='word_1_59' title='bbox 1922 968 2042 1024; x_wconf 82' lang='lat' dir='ltr'><strong>quae</strong></span> <span class='ocrx_word' id='word_1_60' title='bbox 2069 952 2180 1008; x_wconf 88' lang='lat' dir='ltr'><strong>dixi</strong></span> 
     </span>
    </p>
   </div>
   <div class='ocr_carea' id='block_1_11' title="bbox 631 1044 2188 1124">
    <p class='ocr_par' dir='ltr' id='par_1_11' title="bbox 631 1044 2188 1124">
     <span class='ocr_line' id='line_1_11' title="bbox 631 1044 2188 1124; baseline -0.009 -12"><span class='ocrx_word' id='word_1_61' title='bbox 631 1061 900 1124; x_wconf 82' lang='lat' dir='ltr'><strong>tempora,</strong></span> <span class='ocrx_word' id='word_1_62' title='bbox 930 1068 1038 1107; x_wconf 90' lang='lat' dir='ltr'><strong>non</strong></span> <span class='ocrx_word' id='word_1_63' title='bbox 1067 1052 1183 1106; x_wconf 88' lang='lat' dir='ltr'><strong>sine</strong></span> <span class='ocrx_word' id='word_1_64' title='bbox 1231 1050 1432 1120; x_wconf 87' lang='lat' dir='ltr'><strong>ingenti</strong></span> <span class='ocrx_word' id='word_1_65' title='bbox 1477 1048 1681 1104; x_wconf 89' lang='lat' dir='ltr'><strong>labore.</strong></span> <span class='ocrx_word' id='word_1_66' title='bbox 1727 1045 2010 1112; x_wconf 85' lang='lat' dir='ltr'><strong>Quomodo</strong></span> <span class='ocrx_word' id='word_1_67' title='bbox 2039 1044 2188 1098; x_wconf 84' lang='lat' dir='ltr'><strong>enim</strong></span> 
     </span>
    </p>
   </div>
   <div class='ocr_carea' id='block_1_12' title="bbox 633 1141 2184 1217">
    <p class='ocr_par' dir='ltr' id='par_1_12' title="bbox 633 1141 2184 1217">
     <span class='ocr_line' id='line_1_12' title="bbox 633 1141 2184 1217; baseline -0.008 -13"><span class='ocrx_word' id='word_1_68' title='bbox 633 1150 788 1205; x_wconf 79' lang='lat' dir='ltr'><strong>aliter</strong></span> <span class='ocrx_word' id='word_1_69' title='bbox 815 1147 928 1203; x_wconf 88' lang='lat' dir='ltr'><strong>ﬁeri</strong></span> <span class='ocrx_word' id='word_1_70' title='bbox 961 1141 1132 1217; x_wconf 86' lang='lat' dir='ltr'><strong>potuit</strong></span> <span class='ocrx_word' id='word_1_71' title='bbox 1159 1143 1226 1198; x_wconf 88' lang='lat' dir='ltr'><strong>ab</strong></span> <span class='ocrx_word' id='word_1_72' title='bbox 1255 1159 1342 1206; x_wconf 83' lang='lat' dir='ltr'><strong>eo,</strong></span> <span class='ocrx_word' id='word_1_73' title='bbox 1372 1141 1464 1212; x_wconf 91' lang='lat' dir='ltr'><strong>qui</strong></span> <span class='ocrx_word' id='word_1_74' title='bbox 1509 1148 1736 1195; x_wconf 19' lang='lat' dir='ltr'><strong>tantam,</strong></span> <span class='ocrx_word' id='word_1_75' title='bbox 1765 1153 1952 1193; x_wconf 90' lang='lat' dir='ltr'><strong>curam</strong></span> <span class='ocrx_word' id='word_1_76' title='bbox 1997 1152 2184 1192; x_wconf 82' lang='lat' dir='ltr'><strong>susce-</strong></span> 
     </span>
    </p>
   </div>
   <div class='ocr_carea' id='block_1_13' title="bbox 634 1227 2182 1314">
    <p class='ocr_par' dir='ltr' id='par_1_13' title="bbox 634 1227 2182 1314">
     <span class='ocr_line' id='line_1_13' title="bbox 634 1227 2182 1314; baseline -0.01 -17"><span class='ocrx_word' id='word_1_77' title='bbox 634 1242 734 1314; x_wconf 90' lang='lat' dir='ltr'><strong>pit,</strong></span> <span class='ocrx_word' id='word_1_78' title='bbox 783 1247 842 1294; x_wconf 92' lang='lat' dir='ltr'><strong>ut</strong></span> <span class='ocrx_word' id='word_1_79' title='bbox 888 1235 1196 1308; x_wconf 89' lang='lat' dir='ltr'><strong>hujusmodi</strong></span> <span class='ocrx_word' id='word_1_80' title='bbox 1250 1231 1586 1289; x_wconf 85' lang='lat' dir='ltr'><strong>collectionis</strong></span> <span class='ocrx_word' id='word_1_81' title='bbox 1633 1229 1968 1284; x_wconf 82' lang='lat' dir='ltr'><strong>harmoniam</strong></span> <span class='ocrx_word' id='word_1_82' title='bbox 2023 1227 2182 1282; x_wconf 92' lang='lat' dir='ltr'><strong>nobis</strong></span> 
     </span>
    </p>
   </div>
   <div class='ocr_carea' id='block_1_14' title="bbox 635 1321 2180 1401">
    <p class='ocr_par' dir='ltr' id='par_1_14' title="bbox 635 1321 2180 1401">
     <span class='ocr_line' id='line_1_14' title="bbox 635 1321 2180 1401; baseline -0.011 -12"><span class='ocrx_word' id='word_1_83' title='bbox 635 1328 1018 1389; x_wconf 78' lang='lat' dir='ltr'><strong>conservaret?</strong></span> <span class='ocrx_word' id='word_1_84' title='bbox 1063 1329 1170 1383; x_wconf 89' lang='lat' dir='ltr'><strong>imo</strong></span> <span class='ocrx_word' id='word_1_85' title='bbox 1211 1341 1341 1381; x_wconf 83' lang='lat' dir='ltr'><strong>vero</strong></span> <span class='ocrx_word' id='word_1_86' title='bbox 1366 1338 1658 1386; x_wconf 90' lang='lat' dir='ltr'><strong>summum,</strong></span> <span class='ocrx_word' id='word_1_87' title='bbox 1681 1322 1889 1385; x_wconf 84' lang='lat' dir='ltr'><strong>utdixi,</strong></span> <span class='ocrx_word' id='word_1_88' title='bbox 1922 1321 2180 1401; x_wconf 80' lang='lat' dir='ltr'><strong>studium,</strong></span> 
     </span>
    </p>
   </div>
   <div class='ocr_carea' id='block_1_15' title="bbox 634 1412 2184 1485">
    <p class='ocr_par' dir='ltr' id='par_1_15' title="bbox 634 1412 2184 1485">
     <span class='ocr_line' id='line_1_15' title="bbox 634 1412 2184 1485; baseline -0.01 -3"><span class='ocrx_word' id='word_1_89' title='bbox 634 1433 690 1482; x_wconf 76' lang='lat' dir='ltr'><strong>et</strong></span> <span class='ocrx_word' id='word_1_90' title='bbox 708 1422 1075 1480; x_wconf 88' lang='lat' dir='ltr'><strong>incredibilem</strong></span> <span class='ocrx_word' id='word_1_91' title='bbox 1104 1417 1308 1472; x_wconf 85' lang='lat' dir='ltr'><strong>laboris</strong></span> <span class='ocrx_word' id='word_1_92' title='bbox 1337 1415 1544 1485; x_wconf 85' lang='lat' dir='ltr'><strong>cupiam</strong></span> <span class='ocrx_word' id='word_1_93' title='bbox 1568 1413 1633 1469; x_wconf 88' lang='lat' dir='ltr'><strong>ad</strong></span> <span class='ocrx_word' id='word_1_94' title='bbox 1665 1412 1717 1468; x_wconf 90' lang='lat' dir='ltr'><strong>id</strong></span> <span class='ocrx_word' id='word_1_95' title='bbox 1745 1414 1992 1468; x_wconf 89' lang='lat' dir='ltr'><strong>contulit.</strong></span> <span class='ocrx_word' id='word_1_96' title='bbox 2018 1412 2184 1468; x_wconf 83' lang='lat' dir='ltr'><strong>Nemo</strong></span> 
     </span>
    </p>
   </div>
   <div class='ocr_carea' id='block_1_16' title="bbox 636 1503 2179 1586">
    <p class='ocr_par' dir='ltr' id='par_1_16' title="bbox 636 1503 2179 1586">
     <span class='ocr_line' id='line_1_16' title="bbox 636 1503 2179 1586; baseline -0.008 -17"><span class='ocrx_word' id='word_1_97' title='bbox 636 1529 798 1586; x_wconf 93' lang='lat' dir='ltr'><strong>porro</strong></span> <span class='ocrx_word' id='word_1_98' title='bbox 824 1512 1094 1569; x_wconf 82' lang='lat' dir='ltr'><strong>existimet</strong></span> <span class='ocrx_word' id='word_1_99' title='bbox 1129 1524 1194 1563; x_wconf 92' lang='lat' dir='ltr'><strong>ex</strong></span> <span class='ocrx_word' id='word_1_100' title='bbox 1222 1506 1290 1563; x_wconf 91' lang='lat' dir='ltr'><strong>iis</strong></span> <span class='ocrx_word' id='word_1_101' title='bbox 1319 1520 1438 1575; x_wconf 69' lang='lat' dir='ltr'><strong>qua:</strong></span> <span class='ocrx_word' id='word_1_102' title='bbox 1482 1503 1550 1560; x_wconf 87' lang='lat' dir='ltr'><strong>de</strong></span> <span class='ocrx_word' id='word_1_103' title='bbox 1579 1503 1668 1558; x_wconf 92' lang='lat' dir='ltr'><strong>illo</strong></span> <span class='ocrx_word' id='word_1_104' title='bbox 1705 1504 2179 1566; x_wconf 76' lang='lat' dir='ltr'><strong>circumferuntur,</strong></span> 
     </span>
    </p>
   </div>
   <div class='ocr_carea' id='block_1_17' title="bbox 638 1594 2184 1668">
    <p class='ocr_par' dir='ltr' id='par_1_17' title="bbox 638 1594 2184 1668">
     <span class='ocr_line' id='line_1_17' title="bbox 638 1594 2184 1668; baseline -0.008 -6"><span class='ocrx_word' id='word_1_105' title='bbox 638 1607 815 1662; x_wconf 88' lang='lat' dir='ltr'><strong>virum</strong></span> <span class='ocrx_word' id='word_1_106' title='bbox 837 1604 982 1658; x_wconf 86' lang='lat' dir='ltr'><strong>hunc</strong></span> <span class='ocrx_word' id='word_1_107' title='bbox 1014 1602 1068 1655; x_wconf 93' lang='lat' dir='ltr'><strong>in</strong></span> <span class='ocrx_word' id='word_1_108' title='bbox 1096 1599 1210 1653; x_wconf 83' lang='lat' dir='ltr'><strong>Arii</strong></span> <span class='ocrx_word' id='word_1_109' title='bbox 1253 1596 1580 1668; x_wconf 86' lang='lat' dir='ltr'><strong>impietatem</strong></span> <span class='ocrx_word' id='word_1_110' title='bbox 1613 1610 1848 1664; x_wconf 88' lang='lat' dir='ltr'><strong>unquam</strong></span> <span class='ocrx_word' id='word_1_111' title='bbox 1879 1594 2184 1650; x_wconf 88' lang='lat' dir='ltr'><strong>concessis-</strong></span> 
     </span>
    </p>
   </div>
   <div class='ocr_carea' id='block_1_18' title="bbox 639 1686 2178 1759">
    <p class='ocr_par' dir='ltr' id='par_1_18' title="bbox 639 1686 2178 1759">
     <span class='ocr_line' id='line_1_18' title="bbox 639 1686 2178 1759; baseline -0.011 -4"><span class='ocrx_word' id='word_1_112' title='bbox 639 1714 700 1755; x_wconf 82' lang='lat' dir='ltr'><strong>se</strong></span> <span class='ocrx_word' id='word_1_113' title='bbox 733 1716 748 1752; x_wconf 91' lang='lat'><strong>:</strong></span> <span class='ocrx_word' id='word_1_114' title='bbox 783 1695 877 1753; x_wconf 88' lang='lat' dir='ltr'><strong>sed</strong></span> <span class='ocrx_word' id='word_1_115' title='bbox 911 1692 1115 1756; x_wconf 88' lang='lat' dir='ltr'><strong>credat,</strong></span> <span class='ocrx_word' id='word_1_116' title='bbox 1147 1690 1195 1746; x_wconf 88' lang='lat' dir='ltr'><strong>si</strong></span> <span class='ocrx_word' id='word_1_117' title='bbox 1243 1687 1508 1759; x_wconf 59' lang='lat' dir='ltr'><strong>quaepiam</strong></span> <span class='ocrx_word' id='word_1_118' title='bbox 1548 1686 1773 1757; x_wconf 75' lang='lat' dir='ltr'><strong>protulit</strong></span> <span class='ocrx_word' id='word_1_119' title='bbox 1814 1693 1922 1753; x_wconf 52' lang='lat' dir='ltr'><strong>aut,</strong></span> <span class='ocrx_word' id='word_1_120' title='bbox 1939 1686 2178 1755; x_wconf 83' lang='lat' dir='ltr'><strong>scripsit,</strong></span> 
     </span>
    </p>
   </div>
   <div class='ocr_carea' id='block_1_19' title="bbox 2278 499 3839 570">
    <p class='ocr_par' dir='ltr' id='par_1_19' title="bbox 2278 499 3839 570">
     <span class='ocr_line' id='line_1_19' title="bbox 2278 499 3839 570; baseline -0.002 -15"><span class='ocrx_word' id='word_1_121' title='bbox 2278 519 2436 565; x_wconf 87' lang='grc' dir='ltr'>τατος</span> <span class='ocrx_word' id='word_1_122' title='bbox 2482 501 2733 564; x_wconf 80' lang='grc' dir='ltr'>Εὐσέϐιος</span> <span class='ocrx_word' id='word_1_123' title='bbox 2776 502 2805 553; x_wconf 87' lang='grc' dir='ltr'>ὁ</span> <span class='ocrx_word' id='word_1_124' title='bbox 2853 499 2946 553; x_wconf 80' lang='grc' dir='ltr'>τοῦ</span> <span class='ocrx_word' id='word_1_125' title='bbox 2993 499 3298 570; x_wconf 80' lang='grc' dir='ltr'><strong>Παμφίλου,</strong></span> <span class='ocrx_word' id='word_1_126' title='bbox 3355 499 3636 562; x_wconf 83' lang='grc' dir='ltr'>πλείστους</span> <span class='ocrx_word' id='word_1_127' title='bbox 3677 499 3839 563; x_wconf 77' lang='grc' dir='ltr'>ὅσους</span> 
     </span>
    </p>
   </div>
   <div class='ocr_carea' id='block_1_20' title="bbox 2280 579 3839 664">
    <p class='ocr_par' dir='ltr' id='par_1_20' title="bbox 2280 579 3839 664">
     <span class='ocr_line' id='line_1_20' title="bbox 2280 579 3839 664; baseline -0.003 -16"><span class='ocrx_word' id='word_1_128' title='bbox 2280 594 2494 663; x_wconf 84' lang='grc' dir='ltr'>ἀγῶνας</span> <span class='ocrx_word' id='word_1_129' title='bbox 2523 579 2744 664; x_wconf 82' lang='grc' dir='ltr'>θέμενος</span> <span class='ocrx_word' id='word_1_130' title='bbox 2772 593 2865 646; x_wconf 74' lang='grc' dir='ltr'><strong>καὶ</strong></span> <span class='ocrx_word' id='word_1_131' title='bbox 2890 591 3384 663; x_wconf 81' lang='grc' dir='ltr'><strong>διερευνησάμενος,</strong></span> <span class='ocrx_word' id='word_1_132' title='bbox 3425 593 3490 644; x_wconf 83' lang='grc' dir='ltr'><strong>ὲκ</strong></span> <span class='ocrx_word' id='word_1_133' title='bbox 3513 590 3620 643; x_wconf 85' lang='grc' dir='ltr'><strong>τῶν</strong></span> <span class='ocrx_word' id='word_1_134' title='bbox 3649 591 3839 653; x_wconf 82' lang='grc' dir='ltr'>ἁπλῶς</span> 
     </span>
    </p>
   </div>
   <div class='ocr_carea' id='block_1_21' title="bbox 2280 683 3840 757">
    <p class='ocr_par' dir='ltr' id='par_1_21' title="bbox 2280 683 3840 757">
     <span class='ocr_line' id='line_1_21' title="bbox 2280 683 3840 757; baseline -0.002 -18"><span class='ocrx_word' id='word_1_135' title='bbox 2280 687 2508 757; x_wconf 75' lang='grc' dir='ltr'>ἐχόντων</span> <span class='ocrx_word' id='word_1_136' title='bbox 2536 686 2633 756; x_wconf 79' lang='grc' dir='ltr'>τὴν</span> <span class='ocrx_word' id='word_1_137' title='bbox 2673 684 2934 756; x_wconf 82' lang='grc' dir='ltr'>ἀναλογὴν</span> <span class='ocrx_word' id='word_1_138' title='bbox 2984 685 3364 755; x_wconf 80' lang='grc' dir='ltr'><strong>ποιησάμενος,</strong></span> <span class='ocrx_word' id='word_1_139' title='bbox 3401 683 3461 736; x_wconf 85' lang='grc' dir='ltr'>ὲν</span> <span class='ocrx_word' id='word_1_140' title='bbox 3491 683 3620 738; x_wconf 83' lang='grc' dir='ltr'>δέκα</span> <span class='ocrx_word' id='word_1_141' title='bbox 3650 684 3840 754; x_wconf 86' lang='grc' dir='ltr'>τόμοις</span> 
     </span>
    </p>
   </div>
   <div class='ocr_carea' id='block_1_22' title="bbox 2280 775 3840 849">
    <p class='ocr_par' dir='ltr' id='par_1_22' title="bbox 2280 775 3840 849">
     <span class='ocr_line' id='line_1_22' title="bbox 2280 775 3840 849; baseline -0.002 -20"><span class='ocrx_word' id='word_1_142' title='bbox 2280 778 2418 840; x_wconf 80' lang='grc' dir='ltr'>ὅλοις</span> <span class='ocrx_word' id='word_1_143' title='bbox 2440 777 2507 829; x_wconf 86' lang='grc' dir='ltr'>τὰ</span> <span class='ocrx_word' id='word_1_144' title='bbox 2520 781 2618 849; x_wconf 75' lang='grc' dir='ltr'>τῆς</span> <span class='ocrx_word' id='word_1_145' title='bbox 2632 775 3165 843; x_wconf 72' lang='grc' dir='ltr'>Ἐκκλησιαστικῆς</span> <span class='ocrx_word' id='word_1_146' title='bbox 3177 776 3309 846; x_wconf 82' lang='grc' dir='ltr'>ἡμῖν</span> <span class='ocrx_word' id='word_1_147' title='bbox 3321 780 3580 847; x_wconf 76' lang='grc' dir='ltr'><strong>ἱστορίας</strong></span> <span class='ocrx_word' id='word_1_148' title='bbox 3596 775 3840 847; x_wconf 80' lang='grc' dir='ltr'>ἀκριϐῶς</span> 
     </span>
    </p>
   </div>
   <div class='ocr_carea' id='block_1_23' title="bbox 2282 865 3838 939">
    <p class='ocr_par' dir='ltr' id='par_1_23' title="bbox 2282 865 3838 939">
     <span class='ocr_line' id='line_1_23' title="bbox 2282 865 3838 939; baseline -0.002 -17"><span class='ocrx_word' id='word_1_149' title='bbox 2282 869 2699 922; x_wconf 76' lang='grc' dir='ltr'><strong>καταλέλοιπεν⁹</strong></span> <span class='ocrx_word' id='word_1_150' title='bbox 2741 867 3039 939; x_wconf 82' lang='grc' dir='ltr'>ἀρξάμενος</span> <span class='ocrx_word' id='word_1_151' title='bbox 3076 867 3172 938; x_wconf 80' lang='grc' dir='ltr'>μὲν</span> <span class='ocrx_word' id='word_1_152' title='bbox 3212 865 3322 919; x_wconf 82' lang='grc' dir='ltr'>ἀπὸ</span> <span class='ocrx_word' id='word_1_153' title='bbox 3360 865 3459 936; x_wconf 73' lang='grc' dir='ltr'>τῆς</span> <span class='ocrx_word' id='word_1_154' title='bbox 3500 865 3594 918; x_wconf 79' lang='grc' dir='ltr'><strong>τοῦ</strong></span> <span class='ocrx_word' id='word_1_155' title='bbox 3631 867 3838 936; x_wconf 78' lang='grc' dir='ltr'>Κυρίου</span> 
     </span>
    </p>
   </div>
   <div class='ocr_carea' id='block_1_24' title="bbox 2283 957 3896 1034">
    <p class='ocr_par' dir='ltr' id='par_1_24' title="bbox 2283 957 3896 1034">
     <span class='ocr_line' id='line_1_24' title="bbox 2283 957 3896 1034; baseline -0.001 -20"><span class='ocrx_word' id='word_1_156' title='bbox 2283 960 2601 1032; x_wconf 82' lang='grc' dir='ltr'><strong>παρουσίας,</strong></span> <span class='ocrx_word' id='word_1_157' title='bbox 2629 959 2916 1031; x_wconf 80' lang='grc' dir='ltr'><strong>πληρώσας</strong></span> <span class='ocrx_word' id='word_1_158' title='bbox 2941 957 2996 1014; x_wconf 85' lang='grc' dir='ltr'>δὲ</span> <span class='ocrx_word' id='word_1_159' title='bbox 3021 960 3099 1022; x_wconf 87' lang='grc' dir='ltr'><strong>είς</strong></span> <span class='ocrx_word' id='word_1_160' title='bbox 3126 957 3309 1011; x_wconf 82' lang='grc' dir='ltr'>τούσδε</span> <span class='ocrx_word' id='word_1_161' title='bbox 3343 957 3468 1020; x_wconf 70' lang='grc' dir='ltr'>τοὺς</span> <span class='ocrx_word' id='word_1_162' title='bbox 3491 957 3710 1028; x_wconf 86' lang='grc' dir='ltr'>χρόνους</span> <span class='ocrx_word' id='word_1_163' title='bbox 3736 959 3839 1012; x_wconf 86' lang='grc' dir='ltr'><strong>οὐκ</strong></span> <span class='ocrx_word' id='word_1_164' title='bbox 3891 1031 3896 1034; x_wconf 88' lang='lat'><em>_</em></span> 
     </span>
    </p>
   </div>
   <div class='ocr_carea' id='block_1_25' title="bbox 2283 1045 3841 1122">
    <p class='ocr_par' dir='ltr' id='par_1_25' title="bbox 2283 1045 3841 1122">
     <span class='ocr_line' id='line_1_25' title="bbox 2283 1045 3841 1122; baseline -0.002 -15"><span class='ocrx_word' id='word_1_165' title='bbox 2283 1053 2518 1117; x_wconf 81' lang='grc' dir='ltr'>ἀπόνωςο</span> <span class='ocrx_word' id='word_1_166' title='bbox 2552 1053 2669 1122; x_wconf 75' lang='grc' dir='ltr'>πῷς</span> <span class='ocrx_word' id='word_1_167' title='bbox 2698 1052 2805 1122; x_wconf 77' lang='grc' dir='ltr'>γὰρ</span> <span class='ocrx_word' id='word_1_168' title='bbox 2829 1047 2942 1105; x_wconf 76' lang='grc' dir='ltr'>οἷόν</span> <span class='ocrx_word' id='word_1_169' title='bbox 2969 1067 3027 1103; x_wconf 89' lang='grc' dir='ltr'><strong>τε</strong></span> <span class='ocrx_word' id='word_1_170' title='bbox 3058 1045 3124 1121; x_wconf 76' lang='grc' dir='ltr'>ἦν</span> <span class='ocrx_word' id='word_1_171' title='bbox 3154 1049 3415 1122; x_wconf 79' lang='grc' dir='ltr'><strong>τοσαύτην</strong></span> <span class='ocrx_word' id='word_1_172' title='bbox 3449 1049 3841 1121; x_wconf 78' lang='grc' dir='ltr'><strong>ἀναδεξάμενον</strong></span> 
     </span>
    </p>
   </div>
   <div class='ocr_carea' id='block_1_26' title="bbox 2283 1115 3843 1212">
    <p class='ocr_par' dir='ltr' id='par_1_26' title="bbox 2283 1115 3843 1212">
     <span class='ocr_line' id='line_1_26' title="bbox 2283 1115 3843 1212; baseline -0.001 -18"><span class='ocrx_word' id='word_1_173' title='bbox 2283 1115 2536 1212; x_wconf 81' lang='grc' dir='ltr'>φροντίδα</span> <span class='ocrx_word' id='word_1_174' title='bbox 2563 1115 2657 1194; x_wconf 57' lang='lat' dir='ltr'><strong>tbi</strong></span> <span class='ocrx_word' id='word_1_175' title='bbox 2683 1115 3046 1194; x_wconf 72' lang='grc' dir='ltr'>διασώσασθαι</span> <span class='ocrx_word' id='word_1_176' title='bbox 3072 1115 3169 1208; x_wconf 76' lang='grc' dir='ltr'>τῆς</span> <span class='ocrx_word' id='word_1_177' title='bbox 3207 1115 3415 1193; x_wconf 77' lang='grc' dir='ltr'>τοιᾶσδε</span> <span class='ocrx_word' id='word_1_178' title='bbox 3449 1115 3704 1212; x_wconf 76' lang='grc' dir='ltr'>συλλογῆς</span> <span class='ocrx_word' id='word_1_179' title='bbox 3739 1139 3843 1210; x_wconf 77' lang='grc' dir='ltr'>τὴν</span> 
     </span>
    </p>
   </div>
   <div class='ocr_carea' id='block_1_27' title="bbox 2285 1231 3840 1306">
    <p class='ocr_par' dir='ltr' id='par_1_27' title="bbox 2285 1231 3840 1306">
     <span class='ocr_line' id='line_1_27' title="bbox 2285 1231 3840 1306; baseline 0.001 -20"><span class='ocrx_word' id='word_1_180' title='bbox 2285 1233 2581 1304; x_wconf 86' lang='grc' dir='ltr'>ἀρμονίαν;</span> <span class='ocrx_word' id='word_1_181' title='bbox 2620 1232 2732 1286; x_wconf 77' lang='grc' dir='ltr'>ἀλλ’</span> <span class='ocrx_word' id='word_1_182' title='bbox 2767 1231 2842 1296; x_wconf 81' lang='grc' dir='ltr'>ὡς</span> <span class='ocrx_word' id='word_1_183' title='bbox 2872 1233 3070 1304; x_wconf 85' lang='grc' dir='ltr'>ἀρτίως</span> <span class='ocrx_word' id='word_1_184' title='bbox 3109 1231 3261 1302; x_wconf 79' lang='grc' dir='ltr'>ἔφην,</span> <span class='ocrx_word' id='word_1_185' title='bbox 3303 1231 3497 1306; x_wconf 77' lang='grc' dir='ltr'>πολλὴν</span> <span class='ocrx_word' id='word_1_186' title='bbox 3529 1232 3840 1300; x_wconf 75' lang='grc' dir='ltr'>εἰσενεγκά-</span> 
     </span>
    </p>
   </div>
   <div class='ocr_carea' id='block_1_28' title="bbox 2287 1322 3841 1395">
    <p class='ocr_par' dir='ltr' id='par_1_28' title="bbox 2287 1322 3841 1395">
     <span class='ocr_line' id='line_1_28' title="bbox 2287 1322 3841 1395; baseline 0 -19"><span class='ocrx_word' id='word_1_187' title='bbox 2287 1341 2445 1395; x_wconf 80' lang='grc' dir='ltr'>μενος</span> <span class='ocrx_word' id='word_1_188' title='bbox 2470 1323 2568 1395; x_wconf 79' lang='grc' dir='ltr'>τὴν</span> <span class='ocrx_word' id='word_1_189' title='bbox 2591 1323 2824 1394; x_wconf 82' lang='grc' dir='ltr'>σπουδὴν</span> <span class='ocrx_word' id='word_1_190' title='bbox 2852 1325 2946 1376; x_wconf 79' lang='grc' dir='ltr'><strong>καὶ</strong></span> <span class='ocrx_word' id='word_1_191' title='bbox 2980 1322 3203 1376; x_wconf 80' lang='grc' dir='ltr'>πλοῦτον</span> <span class='ocrx_word' id='word_1_192' title='bbox 3231 1323 3430 1391; x_wconf 76' lang='grc' dir='ltr'>ἄφατον</span> <span class='ocrx_word' id='word_1_193' title='bbox 3459 1324 3639 1378; x_wconf 85' lang='grc' dir='ltr'>πόνου.</span> <span class='ocrx_word' id='word_1_194' title='bbox 3679 1322 3841 1376; x_wconf 81' lang='grc' dir='ltr'>Ἀλλά</span> 
     </span>
    </p>
   </div>
   <div class='ocr_carea' id='block_1_29' title="bbox 2285 1399 3855 1489">
    <p class='ocr_par' dir='ltr' id='par_1_29' title="bbox 2285 1399 3855 1489">
     <span class='ocr_line' id='line_1_29' title="bbox 2285 1399 3855 1489; baseline 0.001 -20"><span class='ocrx_word' id='word_1_195' title='bbox 2285 1416 2473 1487; x_wconf 74' lang='grc' dir='ltr'>μηδεὶς</span> <span class='ocrx_word' id='word_1_196' title='bbox 2487 1415 2680 1469; x_wconf 80' lang='grc' dir='ltr'>οἰέσθω</span> <span class='ocrx_word' id='word_1_197' title='bbox 2703 1416 2792 1468; x_wconf 79' lang='grc' dir='ltr'>τὸν</span> <span class='ocrx_word' id='word_1_198' title='bbox 2819 1415 2984 1488; x_wconf 76' lang='grc' dir='ltr'>ἄνδρα</span> <span class='ocrx_word' id='word_1_199' title='bbox 3007 1416 3072 1468; x_wconf 85' lang='grc' dir='ltr'><strong>ὲκ</strong></span> <span class='ocrx_word' id='word_1_200' title='bbox 3089 1413 3196 1468; x_wconf 81' lang='grc' dir='ltr'><strong>τῶν</strong></span> <span class='ocrx_word' id='word_1_201' title='bbox 3222 1416 3345 1487; x_wconf 78' lang='grc' dir='ltr'>περὶ</span> <span class='ocrx_word' id='word_1_202' title='bbox 3374 1417 3536 1489; x_wconf 74' lang='grc' dir='ltr'>αὐτοῦ</span> <span class='ocrx_word' id='word_1_203' title='bbox 3567 1399 3855 1488; x_wconf 53' lang='grc' dir='ltr'>ὲπιπεφηέ</span> 
     </span>
    </p>
   </div>
   <div class='ocr_carea' id='block_1_30' title="bbox 2287 1507 3842 1581">
    <p class='ocr_par' dir='ltr' id='par_1_30' title="bbox 2287 1507 3842 1581">
     <span class='ocr_line' id='line_1_30' title="bbox 2287 1507 3842 1581; baseline 0.003 -22"><span class='ocrx_word' id='word_1_204' title='bbox 2287 1509 2580 1579; x_wconf 87' lang='grc' dir='ltr'>μισμένων,</span> <span class='ocrx_word' id='word_1_205' title='bbox 2625 1508 2700 1571; x_wconf 78' lang='grc' dir='ltr'>ὡς</span> <span class='ocrx_word' id='word_1_206' title='bbox 2738 1509 2834 1580; x_wconf 79' lang='grc' dir='ltr'>τῆς</span> <span class='ocrx_word' id='word_1_207' title='bbox 2871 1509 3075 1580; x_wconf 76' lang='grc' dir='ltr'>Ἀρείου</span> <span class='ocrx_word' id='word_1_208' title='bbox 3117 1507 3455 1581; x_wconf 73' lang='grc' dir='ltr'>βλασφημίας</span> <span class='ocrx_word' id='word_1_209' title='bbox 3481 1512 3609 1564; x_wconf 88' lang='grc' dir='ltr'>ποτέ</span> <span class='ocrx_word' id='word_1_210' title='bbox 3639 1529 3692 1564; x_wconf 90' lang='grc' dir='ltr'><strong>τι</strong></span> <span class='ocrx_word' id='word_1_211' title='bbox 3738 1528 3842 1563; x_wconf 87' lang='grc' dir='ltr'>πε-</span> 
     </span>
    </p>
   </div>
   <div class='ocr_carea' id='block_1_31' title="bbox 2284 1595 3842 1674">
    <p class='ocr_par' dir='ltr' id='par_1_31' title="bbox 2284 1595 3842 1674">
     <span class='ocr_line' id='line_1_31' title="bbox 2284 1595 3842 1674; baseline 0.004 -25"><span class='ocrx_word' id='word_1_212' title='bbox 2284 1599 2541 1670; x_wconf 80' lang='grc' dir='ltr'>φρονήκει</span> <span class='ocrx_word' id='word_1_213' title='bbox 2560 1614 2574 1628; x_wconf 87' lang='grc'><strong>·</strong></span> <span class='ocrx_word' id='word_1_214' title='bbox 2601 1597 2736 1651; x_wconf 87' lang='grc' dir='ltr'>ἀλλὰ</span> <span class='ocrx_word' id='word_1_215' title='bbox 2753 1599 3044 1664; x_wconf 81' lang='grc' dir='ltr'>πεπείσθω,</span> <span class='ocrx_word' id='word_1_216' title='bbox 3069 1601 3143 1664; x_wconf 86' lang='grc' dir='ltr'>ὡς</span> <span class='ocrx_word' id='word_1_217' title='bbox 3157 1604 3204 1655; x_wconf 86' lang='grc' dir='ltr'><strong>εί</strong></span> <span class='ocrx_word' id='word_1_218' title='bbox 3231 1603 3323 1656; x_wconf 89' lang='grc' dir='ltr'>καί</span> <span class='ocrx_word' id='word_1_219' title='bbox 3347 1595 3447 1654; x_wconf 69' lang='grc' dir='ltr'>τιν⁶</span> <span class='ocrx_word' id='word_1_220' title='bbox 3471 1603 3537 1656; x_wconf 81' lang='grc' dir='ltr'>ἂν</span> <span class='ocrx_word' id='word_1_221' title='bbox 3558 1602 3842 1674; x_wconf 79' lang='grc' dir='ltr'>ἐλάλησεν,</span> 
     </span>
    </p>
   </div>
   <div class='ocr_carea' id='block_1_32' title="bbox 2286 1688 3844 1773">
    <p class='ocr_par' dir='ltr' id='par_1_32' title="bbox 2286 1688 3844 1773">
     <span class='ocr_line' id='line_1_32' title="bbox 2286 1688 3844 1773; baseline 0.004 -33"><span class='ocrx_word' id='word_1_222' title='bbox 2286 1690 2320 1760; x_wconf 85' lang='grc' dir='ltr'>ἢ</span> <span class='ocrx_word' id='word_1_223' title='bbox 2351 1688 2552 1760; x_wconf 73' lang='grc' dir='ltr'>ἔγραψε</span> <span class='ocrx_word' id='word_1_224' title='bbox 2586 1689 2854 1773; x_wconf 50' lang='grc' dir='ltr'>μικρόνκτι</span> <span class='ocrx_word' id='word_1_225' title='bbox 2885 1690 2952 1743; x_wconf 90' lang='grc' dir='ltr'><strong>τά</strong></span> <span class='ocrx_word' id='word_1_226' title='bbox 2989 1693 3193 1764; x_wconf 82' lang='grc' dir='ltr'>Ἀρείου</span> <span class='ocrx_word' id='word_1_227' title='bbox 3228 1692 3614 1763; x_wconf 85' lang='grc' dir='ltr'>ὑπονοούμενα,</span> <span class='ocrx_word' id='word_1_228' title='bbox 3638 1694 3699 1746; x_wconf 81' lang='grc' dir='ltr'>οὐ</span> <span class='ocrx_word' id='word_1_229' title='bbox 3734 1695 3844 1765; x_wconf 79' lang='grc' dir='ltr'>μὴν</span> 
     </span>
    </p>
   </div>
   <div class='ocr_carea' id='block_1_33' title="bbox 635 1751 2205 1860">
    <p class='ocr_par' dir='ltr' id='par_1_33' title="bbox 635 1751 2181 1860">
     <span class='ocr_line' id='line_1_33' title="bbox 635 1751 2181 1860; baseline -0.012 -12"><span class='ocrx_word' id='word_1_230' title='bbox 784 1751 977 1860; x_wconf 81' lang='lat' dir='ltr'><strong>dogma</strong></span> <span class='ocrx_word' id='word_1_231' title='bbox 1007 1751 1278 1841; x_wconf 77' lang='lat' dir='ltr'><strong>tantillum</strong></span> <span class='ocrx_word' id='word_1_232' title='bbox 1307 1751 1631 1842; x_wconf 71' lang='lat' dir='ltr'><strong>subolenfia,</strong></span> <span class='ocrx_word' id='word_1_233' title='bbox 1665 1751 1733 1832; x_wconf 86' lang='lat' dir='ltr'><strong>ea</strong></span> <span class='ocrx_word' id='word_1_234' title='bbox 1764 1793 1872 1831; x_wconf 91' lang='lat' dir='ltr'><strong>non</strong></span> <span class='ocrx_word' id='word_1_235' title='bbox 1901 1751 1965 1831; x_wconf 86' lang='lat' dir='ltr'><strong>ex</strong></span> <span class='ocrx_word' id='word_1_236' title='bbox 2015 1751 2181 1846; x_wconf 83' lang='lat' dir='ltr'><strong>impio</strong></span> 
     </span>
    </p>
   </div>
   <div class='ocr_carea' id='block_1_34' title="bbox 2291 1751 3841 1860">
    <p class='ocr_par' dir='ltr' id='par_1_34' title="bbox 2291 1751 3841 1857">
     <span class='ocr_line' id='line_1_34' title="bbox 2291 1751 3841 1857; baseline 0.004 -25"><span class='ocrx_word' id='word_1_237' title='bbox 2291 1751 2431 1834; x_wconf 45' lang='grc' dir='ltr'>έατά.</span> <span class='ocrx_word' id='word_1_238' title='bbox 2452 1751 2549 1852; x_wconf 66' lang='grc' dir='ltr'><strong>την</strong></span> <span class='ocrx_word' id='word_1_239' title='bbox 2581 1751 2765 1853; x_wconf 66' lang='grc' dir='ltr'>ἀσεϐῆ</span> <span class='ocrx_word' id='word_1_240' title='bbox 2778 1751 2995 1835; x_wconf 50' lang='grc' dir='ltr'>ἓκείνου</span> <span class='ocrx_word' id='word_1_241' title='bbox 3025 1751 3248 1846; x_wconf 70' lang='grc' dir='ltr'>ἔννοιαν,</span> <span class='ocrx_word' id='word_1_242' title='bbox 3277 1784 3388 1837; x_wconf 83' lang='grc' dir='ltr'>ἀλλ’</span> <span class='ocrx_word' id='word_1_243' title='bbox 3515 1751 3841 1857; x_wconf 69' lang='grc' dir='ltr'>ἀπεριέργου</span> 
     </span>
    </p>
   </div>
   <div class='ocr_carea' id='block_1_35' title="bbox 638 1867 2179 1950">
    <p class='ocr_par' dir='ltr' id='par_1_35' title="bbox 638 1867 2179 1950">
     <span class='ocr_line' id='line_1_35' title="bbox 638 1867 2179 1950; baseline -0.012 -12"><span class='ocrx_word' id='word_1_244' title='bbox 638 1883 784 1939; x_wconf 85' lang='lat' dir='ltr'><strong>illius</strong></span> <span class='ocrx_word' id='word_1_245' title='bbox 819 1896 982 1938; x_wconf 87' lang='lat' dir='ltr'><strong>sensu</strong></span> <span class='ocrx_word' id='word_1_246' title='bbox 1015 1873 1309 1950; x_wconf 70' lang='lat' dir='ltr'><strong>protulisse</strong></span> <span class='ocrx_word' id='word_1_247' title='bbox 1341 1886 1577 1942; x_wconf 89' lang='lat' dir='ltr'><strong>unquam</strong></span> <span class='ocrx_word' id='word_1_248' title='bbox 1617 1876 1709 1922; x_wconf 83' lang='lat' dir='ltr'><strong>aut</strong></span> <span class='ocrx_word' id='word_1_249' title='bbox 1743 1867 2052 1936; x_wconf 89' lang='lat' dir='ltr'><strong>scripsisse,</strong></span> <span class='ocrx_word' id='word_1_250' title='bbox 2085 1867 2179 1921; x_wconf 91' lang='lat' dir='ltr'><strong>sed</strong></span> 
     </span>
    </p>
   </div>
   <div class='ocr_carea' id='block_1_36' title="bbox 638 1959 2180 2037">
    <p class='ocr_par' dir='ltr' id='par_1_36' title="bbox 638 1959 2180 2037">
     <span class='ocr_line' id='line_1_36' title="bbox 638 1959 2180 2037; baseline -0.011 -8"><span class='ocrx_word' id='word_1_251' title='bbox 638 1989 706 2029; x_wconf 77' lang='lat' dir='ltr'><strong>ex</strong></span> <span class='ocrx_word' id='word_1_252' title='bbox 732 1972 915 2027; x_wconf 86' lang='lat' dir='ltr'><strong>minus</strong></span> <span class='ocrx_word' id='word_1_253' title='bbox 946 1960 1490 2037; x_wconf 49' lang='lat' dir='ltr'><strong>curiosa&#39;parumque</strong></span> <span class='ocrx_word' id='word_1_254' title='bbox 1534 1959 1766 2015; x_wconf 88' lang='lat' dir='ltr'><strong>sollicita</strong></span> <span class='ocrx_word' id='word_1_255' title='bbox 1814 1959 2180 2029; x_wconf 85' lang='lat' dir='ltr'><strong>simplicitate,</strong></span> 
     </span>
    </p>
   </div>
   <div class='ocr_carea' id='block_1_37' title="bbox 643 2050 2183 2132">
    <p class='ocr_par' dir='ltr' id='par_1_37' title="bbox 643 2050 2183 2132">
     <span class='ocr_line' id='line_1_37' title="bbox 643 2050 2183 2132; baseline -0.006 -14"><span class='ocrx_word' id='word_1_256' title='bbox 643 2071 702 2118; x_wconf 90' lang='lat' dir='ltr'><strong>ut</strong></span> <span class='ocrx_word' id='word_1_257' title='bbox 734 2063 850 2132; x_wconf 88' lang='lat' dir='ltr'><strong>ipse</strong></span> <span class='ocrx_word' id='word_1_258' title='bbox 892 2061 947 2114; x_wconf 93' lang='lat' dir='ltr'><strong>in</strong></span> <span class='ocrx_word' id='word_1_259' title='bbox 981 2059 1119 2113; x_wconf 91' lang='lat' dir='ltr'><strong>libro</strong></span> <span class='ocrx_word' id='word_1_260' title='bbox 1163 2056 1489 2128; x_wconf 81' lang='lat' dir='ltr'><strong>Apologetico</strong></span> <span class='ocrx_word' id='word_1_261' title='bbox 1529 2069 1685 2124; x_wconf 89' lang='lat' dir='ltr'><strong>quem</strong></span> <span class='ocrx_word' id='word_1_262' title='bbox 1736 2051 1803 2105; x_wconf 91' lang='lat' dir='ltr'><strong>ad</strong></span> <span class='ocrx_word' id='word_1_263' title='bbox 1849 2050 2183 2108; x_wconf 78' lang='lat' dir='ltr'><strong>orthodoxos</strong></span> 
     </span>
    </p>
   </div>
   <div class='ocr_carea' id='block_1_38' title="bbox 641 2143 1964 2222">
    <p class='ocr_par' dir='ltr' id='par_1_38' title="bbox 641 2143 1964 2222">
     <span class='ocr_line' id='line_1_38' title="bbox 641 2143 1964 2222; baseline -0.011 -14"><span class='ocrx_word' id='word_1_264' title='bbox 641 2168 831 2209; x_wconf 89' lang='lat' dir='ltr'><strong>omnes</strong></span> <span class='ocrx_word' id='word_1_265' title='bbox 854 2152 1136 2222; x_wconf 86' lang='lat' dir='ltr'><strong>episcopos</strong></span> <span class='ocrx_word' id='word_1_266' title='bbox 1169 2149 1349 2214; x_wconf 88' lang='lat' dir='ltr'><strong>misit,</strong></span> <span class='ocrx_word' id='word_1_267' title='bbox 1385 2148 1595 2219; x_wconf 89' lang='lat' dir='ltr'><strong>plenius</strong></span> <span class='ocrx_word' id='word_1_268' title='bbox 1626 2143 1964 2217; x_wconf 78' lang='lat' dir='ltr'><strong>approbavit.</strong></span> 
     </span>
    </p>
   </div>
   <div class='ocr_carea' id='block_1_39' title="bbox 2291 1870 3840 1944">
    <p class='ocr_par' dir='ltr' id='par_1_39' title="bbox 2291 1870 3840 1944">
     <span class='ocr_line' id='line_1_39' title="bbox 2291 1870 3840 1944; baseline 0.004 -22"><span class='ocrx_word' id='word_1_269' title='bbox 2291 1870 2605 1942; x_wconf 81' lang='grc' dir='ltr'>ἁπλότητος,</span> <span class='ocrx_word' id='word_1_270' title='bbox 2634 1871 2812 1935; x_wconf 86' lang='grc' dir='ltr'>καθὼς</span> <span class='ocrx_word' id='word_1_271' title='bbox 2855 1873 2948 1926; x_wconf 77' lang='grc' dir='ltr'><strong>καὶ</strong></span> <span class='ocrx_word' id='word_1_272' title='bbox 2989 1873 3148 1936; x_wconf 77' lang='grc' dir='ltr'>αὐτὸς</span> <span class='ocrx_word' id='word_1_273' title='bbox 3184 1875 3238 1925; x_wconf 86' lang='grc' dir='ltr'><strong>έν</strong></span> <span class='ocrx_word' id='word_1_274' title='bbox 3283 1873 3360 1943; x_wconf 81' lang='grc' dir='ltr'><strong>τῷ</strong></span> <span class='ocrx_word' id='word_1_275' title='bbox 3399 1873 3840 1944; x_wconf 74' lang='grc' dir='ltr'>Ἀπολογητικῷ,</span> 
     </span>
    </p>
   </div>
   <div class='ocr_carea' id='block_1_40' title="bbox 2288 1955 3844 2036">
    <p class='ocr_par' dir='ltr' id='par_1_40' title="bbox 2288 1955 3844 2036">
     <span class='ocr_line' id='line_1_40' title="bbox 2288 1955 3844 2036; baseline 0.003 -21"><span class='ocrx_word' id='word_1_276' title='bbox 2288 1955 2333 2029; x_wconf 83' lang='grc' dir='ltr'>ᾧ</span> <span class='ocrx_word' id='word_1_277' title='bbox 2355 1963 2684 2034; x_wconf 72' lang='grc' dir='ltr'>διεπέμψατο</span> <span class='ocrx_word' id='word_1_278' title='bbox 2712 1963 2845 2036; x_wconf 81' lang='grc' dir='ltr'>πρὸς</span> <span class='ocrx_word' id='word_1_279' title='bbox 2875 1964 2934 2018; x_wconf 85' lang='grc' dir='ltr'>τὸ</span> <span class='ocrx_word' id='word_1_280' title='bbox 2963 1964 3068 2017; x_wconf 87' lang='grc' dir='ltr'>τῶν</span> <span class='ocrx_word' id='word_1_281' title='bbox 3089 1961 3377 2036; x_wconf 80' lang='grc' dir='ltr'>ὀρθοδόξων</span> <span class='ocrx_word' id='word_1_282' title='bbox 3402 1968 3708 2021; x_wconf 79' lang='grc' dir='ltr'>ὲπῖσκόπων</span> <span class='ocrx_word' id='word_1_283' title='bbox 3729 1983 3844 2020; x_wconf 86' lang='grc' dir='ltr'>κοι-</span> 
     </span>
    </p>
   </div>
   <div class='ocr_carea' id='block_1_41' title="bbox 2290 2054 3480 2130">
    <p class='ocr_par' dir='ltr' id='par_1_41' title="bbox 2290 2054 3480 2130">
     <span class='ocr_line' id='line_1_41' title="bbox 2290 2054 3480 2130; baseline 0.003 -22"><span class='ocrx_word' id='word_1_284' title='bbox 2290 2055 2398 2120; x_wconf 74' lang='grc' dir='ltr'>νὸν,</span> <span class='ocrx_word' id='word_1_285' title='bbox 2427 2055 2835 2128; x_wconf 84' lang='grc' dir='ltr'>μαρτυράμενος</span> <span class='ocrx_word' id='word_1_286' title='bbox 2865 2054 3034 2110; x_wconf 83' lang='grc' dir='ltr'>ταῦτα</span> <span class='ocrx_word' id='word_1_287' title='bbox 3058 2057 3480 2130; x_wconf 81' lang='grc' dir='ltr'>ὲπληροφόρησε.</span> 
     </span>
    </p>
   </div>
   <div class='ocr_carea' id='block_1_42' title="bbox 1667 2276 2850 2348">
    <p class='ocr_par' dir='ltr' id='par_1_42' title="bbox 1667 2276 2850 2348">
     <span class='ocr_line' id='line_1_42' title="bbox 1667 2276 2850 2348; baseline -0.001 -15"><span class='ocrx_word' id='word_1_288' title='bbox 1667 2282 1863 2334; x_wconf 84' lang='lat' dir='ltr'><strong>Auctor</strong></span> <span class='ocrx_word' id='word_1_289' title='bbox 1893 2277 2148 2334; x_wconf 87' lang='lat' dir='ltr'><strong>Chronici</strong></span> <span class='ocrx_word' id='word_1_290' title='bbox 2177 2276 2544 2341; x_wconf 78' lang='lat' dir='ltr'><strong>Alexandrini,</strong></span> <span class='ocrx_word' id='word_1_291' title='bbox 2572 2293 2692 2348; x_wconf 83' lang='lat' dir='ltr'><strong>pag.</strong></span> <span class='ocrx_word' id='word_1_292' title='bbox 2726 2278 2850 2332; x_wconf 74' lang='lat'><strong>582.</strong></span> 
     </span>
    </p>
   </div>
   <div class='ocr_carea' id='block_1_43' title="bbox 713 2410 2188 2485">
    <p class='ocr_par' dir='ltr' id='par_1_43' title="bbox 713 2410 2188 2485">
     <span class='ocr_line' id='line_1_43' title="bbox 713 2410 2188 2485; baseline -0.007 -11"><span class='ocrx_word' id='word_1_293' title='bbox 713 2419 978 2476; x_wconf 87' lang='lat' dir='ltr'><strong>Eusebius</strong></span> <span class='ocrx_word' id='word_1_294' title='bbox 1004 2433 1132 2473; x_wconf 91' lang='lat' dir='ltr'><strong>vero</strong></span> <span class='ocrx_word' id='word_1_295' title='bbox 1155 2415 1421 2485; x_wconf 86' lang='lat' dir='ltr'><strong>Pamphili</strong></span> <span class='ocrx_word' id='word_1_296' title='bbox 1467 2411 1521 2468; x_wconf 81' lang='lat' dir='ltr'><strong>ct</strong></span> <span class='ocrx_word' id='word_1_297' title='bbox 1565 2412 1681 2482; x_wconf 87' lang='lat' dir='ltr'><strong>ipse</strong></span> <span class='ocrx_word' id='word_1_298' title='bbox 1731 2410 2188 2480; x_wconf 90' lang='lat' dir='ltr'><strong>prudentissimus</strong></span> 
     </span>
    </p>
   </div>
   <div class='ocr_carea' id='block_1_44' title="bbox 643 2500 2184 2581">
    <p class='ocr_par' dir='ltr' id='par_1_44' title="bbox 643 2500 2184 2581">
     <span class='ocr_line' id='line_1_44' title="bbox 643 2500 2184 2581; baseline -0.008 -14"><span class='ocrx_word' id='word_1_299' title='bbox 643 2500 874 2581; x_wconf 81' lang='lat' dir='ltr'><strong>scriptOr</strong></span> <span class='ocrx_word' id='word_1_300' title='bbox 899 2511 955 2564; x_wconf 91' lang='lat' dir='ltr'><strong>in</strong></span> <span class='ocrx_word' id='word_1_301' title='bbox 994 2509 1137 2563; x_wconf 90' lang='lat' dir='ltr'><strong>hunc</strong></span> <span class='ocrx_word' id='word_1_302' title='bbox 1191 2507 1409 2569; x_wconf 81' lang='lat' dir='ltr'><strong>modum</strong></span> <span class='ocrx_word' id='word_1_303' title='bbox 1445 2510 1630 2558; x_wconf 86' lang='lat' dir='ltr'><strong>narrat</strong></span> <span class='ocrx_word' id='word_1_304' title='bbox 1667 2501 1975 2569; x_wconf 85' lang='lat' dir='ltr'><strong>:Quoniam</strong></span> <span class='ocrx_word' id='word_1_305' title='bbox 2018 2501 2184 2557; x_wconf 65' lang='lat' dir='ltr'><strong>Judaei</strong></span> 
     </span>
    </p>
   </div>
   <div class='ocr_carea' id='block_1_45' title="bbox 643 2593 2184 2665">
    <p class='ocr_par' dir='ltr' id='par_1_45' title="bbox 643 2593 2184 2665">
     <span class='ocr_line' id='line_1_45' title="bbox 643 2593 2184 2665; baseline -0.007 -9"><span class='ocrx_word' id='word_1_306' title='bbox 643 2598 920 2656; x_wconf 84' lang='lat' dir='ltr'><strong>Christum</strong></span> <span class='ocrx_word' id='word_1_307' title='bbox 969 2598 1057 2654; x_wconf 88' lang='lat' dir='ltr'><strong>die</strong></span> <span class='ocrx_word' id='word_1_308' title='bbox 1111 2596 1248 2652; x_wconf 87' lang='lat' dir='ltr'><strong>festo</strong></span> <span class='ocrx_word' id='word_1_309' title='bbox 1298 2595 1351 2648; x_wconf 92' lang='lat' dir='ltr'><strong>in</strong></span> <span class='ocrx_word' id='word_1_310' title='bbox 1399 2609 1614 2649; x_wconf 88' lang='lat' dir='ltr'><strong>crucem</strong></span> <span class='ocrx_word' id='word_1_311' title='bbox 1658 2601 1915 2665; x_wconf 79' lang='lat' dir='ltr'><strong>egerunt,</strong></span> <span class='ocrx_word' id='word_1_312' title='bbox 1947 2593 2184 2647; x_wconf 84' lang='lat' dir='ltr'><strong>vicissim</strong></span> 
     </span>
    </p>
   </div>
   <div class='ocr_carea' id='block_1_46' title="bbox 647 2677 1590 2763">
    <p class='ocr_par' dir='ltr' id='par_1_46' title="bbox 647 2677 1590 2763">
     <span class='ocr_line' id='line_1_46' title="bbox 647 2677 1590 2763; baseline -0.01 -18"><span class='ocrx_word' id='word_1_313' title='bbox 647 2689 753 2763; x_wconf 84' lang='lat' dir='ltr'><strong>ipsi</strong></span> <span class='ocrx_word' id='word_1_314' title='bbox 776 2688 962 2747; x_wconf 87' lang='lat' dir='ltr'><strong>eodem</strong></span> <span class='ocrx_word' id='word_1_315' title='bbox 987 2689 1072 2744; x_wconf 90' lang='lat' dir='ltr'><strong>die</strong></span> <span class='ocrx_word' id='word_1_316' title='bbox 1092 2687 1314 2760; x_wconf 87' lang='lat' dir='ltr'><strong>periere.</strong></span> <span class='ocrx_word' id='word_1_317' title='bbox 1587 2677 1590 2681; x_wconf 82' lang='grc'><strong>’</strong></span> 
     </span>
    </p>
   </div>
   <div class='ocr_carea' id='block_1_47' title="bbox 2372 2407 3846 2487">
    <p class='ocr_par' dir='ltr' id='par_1_47' title="bbox 2372 2407 3846 2487">
     <span class='ocr_line' id='line_1_47' title="bbox 2372 2407 3846 2487; baseline 0.003 -25"><span class='ocrx_word' id='word_1_318' title='bbox 2372 2409 2430 2462; x_wconf 89' lang='lat'><strong>&#39;0</strong></span> <span class='ocrx_word' id='word_1_319' title='bbox 2471 2407 2529 2462; x_wconf 75' lang='grc' dir='ltr'>δὲ</span> <span class='ocrx_word' id='word_1_320' title='bbox 2566 2409 2868 2478; x_wconf 81' lang='grc' dir='ltr'>σοφώτατος</span> <span class='ocrx_word' id='word_1_321' title='bbox 2903 2410 3154 2474; x_wconf 82' lang='grc' dir='ltr'>Εὐσέϐιος</span> <span class='ocrx_word' id='word_1_322' title='bbox 3191 2413 3220 2465; x_wconf 80' lang='grc' dir='ltr'><strong>ὁ</strong></span> <span class='ocrx_word' id='word_1_323' title='bbox 3258 2411 3538 2482; x_wconf 80' lang='grc' dir='ltr'>Παμφίλου</span> <span class='ocrx_word' id='word_1_324' title='bbox 3584 2415 3846 2487; x_wconf 84' lang='grc' dir='ltr'>συνεγρά-</span> 
     </span>
    </p>
   </div>
   <div class='ocr_carea' id='block_1_48' title="bbox 2291 2500 3850 2578">
    <p class='ocr_par' dir='ltr' id='par_1_48' title="bbox 2291 2500 3850 2578">
     <span class='ocr_line' id='line_1_48' title="bbox 2291 2500 3850 2578; baseline 0.003 -24"><span class='ocrx_word' id='word_1_325' title='bbox 2291 2500 2427 2571; x_wconf 77' lang='grc' dir='ltr'>ψατο</span> <span class='ocrx_word' id='word_1_326' title='bbox 2454 2501 2623 2566; x_wconf 78' lang='grc' dir='ltr'>οὕτως</span> <span class='ocrx_word' id='word_1_327' title='bbox 2643 2519 2656 2532; x_wconf 75' lang='grc' dir='ltr'><strong><em>ο</em></strong></span> <span class='ocrx_word' id='word_1_328' title='bbox 2684 2503 2802 2554; x_wconf 87' lang='grc' dir='ltr'>Ὅτι</span> <span class='ocrx_word' id='word_1_329' title='bbox 2831 2503 2888 2556; x_wconf 79' lang='grc' dir='ltr'><strong>έν</strong></span> <span class='ocrx_word' id='word_1_330' title='bbox 2916 2505 2980 2572; x_wconf 76' lang='grc' dir='ltr'><strong>τῇ</strong></span> <span class='ocrx_word' id='word_1_331' title='bbox 3012 2504 3169 2574; x_wconf 81' lang='grc' dir='ltr'>ἑορτῇ</span> <span class='ocrx_word' id='word_1_332' title='bbox 3201 2502 3290 2563; x_wconf 81' lang='grc' dir='ltr'>τὸν</span> <span class='ocrx_word' id='word_1_333' title='bbox 3323 2503 3554 2575; x_wconf 82' lang='grc' dir='ltr'>Χριστὸν</span> <span class='ocrx_word' id='word_1_334' title='bbox 3576 2504 3850 2578; x_wconf 79' lang='grc' dir='ltr'>ἐσταύρω-</span> 
     </span>
    </p>
   </div>
   <div class='ocr_carea' id='block_1_49' title="bbox 2293 2592 3846 2666">
    <p class='ocr_par' dir='ltr' id='par_1_49' title="bbox 2293 2592 3846 2666">
     <span class='ocr_line' id='line_1_49' title="bbox 2293 2592 3846 2666; baseline 0.002 -20"><span class='ocrx_word' id='word_1_335' title='bbox 2293 2610 2390 2647; x_wconf 92' lang='grc' dir='ltr'><strong>σαν</strong></span> <span class='ocrx_word' id='word_1_336' title='bbox 2439 2595 2485 2646; x_wconf 85' lang='lat' dir='ltr'><strong>ol</strong></span> <span class='ocrx_word' id='word_1_337' title='bbox 2531 2593 2785 2658; x_wconf 78' lang='grc' dir='ltr'>Ἰουδαῖοι,</span> <span class='ocrx_word' id='word_1_338' title='bbox 2829 2594 2887 2645; x_wconf 81' lang='grc' dir='ltr'>ὲν</span> <span class='ocrx_word' id='word_1_339' title='bbox 2927 2594 2990 2664; x_wconf 79' lang='grc' dir='ltr'><strong>τῇ</strong></span> <span class='ocrx_word' id='word_1_340' title='bbox 3038 2592 3212 2646; x_wconf 80' lang='grc' dir='ltr'>αὐτῶν</span> <span class='ocrx_word' id='word_1_341' title='bbox 3274 2595 3429 2666; x_wconf 79' lang='grc' dir='ltr'>ἑορτῇ</span> <span class='ocrx_word' id='word_1_342' title='bbox 3481 2595 3678 2658; x_wconf 78' lang='grc' dir='ltr'>πάντες</span> <span class='ocrx_word' id='word_1_343' title='bbox 3738 2598 3846 2649; x_wconf 86' lang='grc' dir='ltr'>ἀπ-</span> 
     </span>
    </p>
   </div>
   <div class='ocr_carea' id='block_1_50' title="bbox 2287 2684 2499 2740">
    <p class='ocr_par' dir='ltr' id='par_1_50' title="bbox 2287 2684 2499 2740">
     <span class='ocr_line' id='line_1_50' title="bbox 2287 2684 2499 2740; baseline 0.014 -3"><span class='ocrx_word' id='word_1_344' title='bbox 2287 2684 2499 2740; x_wconf 87' lang='grc' dir='ltr'>ὡλοντο.</span> 
     </span>
    </p>
   </div>
   <div class='ocr_carea' id='block_1_51' title="bbox 1625 2818 2860 2894">
    <p class='ocr_par' dir='ltr' id='par_1_51' title="bbox 1625 2818 2860 2894">
     <span class='ocr_line' id='line_1_51' title="bbox 1625 2818 2860 2894; baseline 0.005 -20"><span class='ocrx_word' id='word_1_345' title='bbox 1625 2819 1950 2890; x_wconf 78' lang='lat' dir='ltr'><strong>Nicephorus</strong></span> <span class='ocrx_word' id='word_1_346' title='bbox 1978 2821 2032 2873; x_wconf 88' lang='lat' dir='ltr'><strong>in</strong></span> <span class='ocrx_word' id='word_1_347' title='bbox 2060 2818 2193 2874; x_wconf 82' lang='lat' dir='ltr'><strong>libro</strong></span> <span class='ocrx_word' id='word_1_348' title='bbox 2222 2834 2276 2874; x_wconf 88' lang='lat' dir='ltr'><strong>vt</strong></span> <span class='ocrx_word' id='word_1_349' title='bbox 2324 2819 2592 2889; x_wconf 72' lang='lat' dir='ltr'><strong>Historiae,</strong></span> <span class='ocrx_word' id='word_1_350' title='bbox 2629 2839 2747 2894; x_wconf 84' lang='lat' dir='ltr'><strong>cap.</strong></span> <span class='ocrx_word' id='word_1_351' title='bbox 2773 2822 2860 2880; x_wconf 78' lang='lat'><strong>37.</strong></span> 
     </span>
    </p>
   </div>
   <div class='ocr_carea' id='block_1_52' title="bbox 716 2956 2193 3030">
    <p class='ocr_par' dir='ltr' id='par_1_52' title="bbox 716 2956 2193 3030">
     <span class='ocr_line' id='line_1_52' title="bbox 716 2956 2193 3030; baseline -0.005 -12"><span class='ocrx_word' id='word_1_352' title='bbox 716 2963 916 3018; x_wconf 91' lang='lat' dir='ltr'><strong>Eodem</strong></span> <span class='ocrx_word' id='word_1_353' title='bbox 943 2969 1204 3030; x_wconf 87' lang='lat' dir='ltr'><strong>tempore,</strong></span> <span class='ocrx_word' id='word_1_354' title='bbox 1228 2957 1696 3025; x_wconf 79' lang='lat' dir='ltr'><strong>eruditiouejuxta</strong></span> <span class='ocrx_word' id='word_1_355' title='bbox 1723 2963 1776 3010; x_wconf 88' lang='lat' dir='ltr'><strong>et</strong></span> <span class='ocrx_word' id='word_1_356' title='bbox 1797 2956 1921 3011; x_wconf 78' lang='lat' dir='ltr'><strong>vita:</strong></span> <span class='ocrx_word' id='word_1_357' title='bbox 1945 2957 2193 3012; x_wconf 88' lang='lat' dir='ltr'><strong>instituto</strong></span> 
     </span>
    </p>
   </div>
   <div class='ocr_carea' id='block_1_53' title="bbox 2379 2912 3849 3032">
    <p class='ocr_par' dir='ltr' id='par_1_53' title="bbox 2379 2912 3849 3032">
     <span class='ocr_line' id='line_1_53' title="bbox 2379 2912 3849 3032; baseline 0.002 -18"><span class='ocrx_word' id='word_1_358' title='bbox 2379 2960 2492 3030; x_wconf 71' lang='grc' dir='ltr'><strong>Ἐφ’</strong></span> <span class='ocrx_word' id='word_1_359' title='bbox 2515 2953 2576 3013; x_wconf 73' lang='grc' dir='ltr'>οὗ</span> <span class='ocrx_word' id='word_1_360' title='bbox 2601 2961 2741 3032; x_wconf 81' lang='grc' dir='ltr'>λόγῳ</span> <span class='ocrx_word' id='word_1_361' title='bbox 2770 2912 2868 3015; x_wconf 55' lang='grc' dir='ltr'>καί</span> <span class='ocrx_word' id='word_1_362' title='bbox 2893 2959 3160 3032; x_wconf 83' lang='grc' dir='ltr'>φιλοσόφῳ</span> <span class='ocrx_word' id='word_1_363' title='bbox 3197 2960 3295 3032; x_wconf 81' lang='grc' dir='ltr'><strong>βίῳ</strong></span> <span class='ocrx_word' id='word_1_364' title='bbox 3332 2961 3614 3026; x_wconf 82' lang='grc' dir='ltr'>διαζῶντα,</span> <span class='ocrx_word' id='word_1_365' title='bbox 3639 2964 3732 3015; x_wconf 78' lang='grc' dir='ltr'><strong>καὶ</strong></span> <span class='ocrx_word' id='word_1_366' title='bbox 3754 2963 3849 3017; x_wconf 74' lang='grc' dir='ltr'><strong>τοῦ</strong></span> 
     </span>
    </p>
   </div>
   <div class='ocr_carea' id='block_1_54' title="bbox 645 3045 2205 3128">
    <p class='ocr_par' dir='ltr' id='par_1_54' title="bbox 645 3045 2194 3125">
     <span class='ocr_line' id='line_1_54' title="bbox 645 3045 2194 3125; baseline -0.005 -17"><span class='ocrx_word' id='word_1_367' title='bbox 645 3049 1028 3125; x_wconf 87' lang='lat' dir='ltr'><strong>philosophum</strong></span> <span class='ocrx_word' id='word_1_368' title='bbox 1069 3047 1459 3113; x_wconf 85' lang='lat' dir='ltr'><strong>Christianum,</strong></span> <span class='ocrx_word' id='word_1_369' title='bbox 1489 3054 1542 3101; x_wconf 89' lang='lat' dir='ltr'><strong>et</strong></span> <span class='ocrx_word' id='word_1_370' title='bbox 1592 3045 1900 3117; x_wconf 87' lang='lat' dir='ltr'><strong>presbyteri</strong></span> <span class='ocrx_word' id='word_1_371' title='bbox 1933 3047 2194 3116; x_wconf 80' lang='lat' dir='ltr'><strong>dignitate</strong></span> 
     </span>
    </p>
   </div>
   <div class='ocr_carea' id='block_1_55' title="bbox 2291 3045 3852 3128">
    <p class='ocr_par' dir='ltr' id='par_1_55' title="bbox 2299 3052 3852 3125">
     <span class='ocr_line' id='line_1_55' title="bbox 2299 3052 3852 3125; baseline 0 -19"><span class='ocrx_word' id='word_1_372' title='bbox 2299 3052 2481 3106; x_wconf 86' lang='grc' dir='ltr'>αὐτόθι</span> <span class='ocrx_word' id='word_1_373' title='bbox 2535 3053 2822 3124; x_wconf 86' lang='grc' dir='ltr'>πρεσϐείου</span> <span class='ocrx_word' id='word_1_374' title='bbox 2872 3052 3189 3124; x_wconf 68' lang='grc' dir='ltr'>ἠξιωμένον,</span> <span class='ocrx_word' id='word_1_375' title='bbox 3242 3053 3330 3106; x_wconf 86' lang='grc' dir='ltr'>τὸν</span> <span class='ocrx_word' id='word_1_376' title='bbox 3384 3053 3524 3107; x_wconf 84' lang='grc' dir='ltr'>θεῖον</span> <span class='ocrx_word' id='word_1_377' title='bbox 3571 3054 3852 3125; x_wconf 85' lang='grc' dir='ltr'>Πάμφιλον</span> 
     </span>
    </p>
   </div>
   <div class='ocr_carea' id='block_1_56' title="bbox 651 3137 2199 3209">
    <p class='ocr_par' dir='ltr' id='par_1_56' title="bbox 651 3137 2199 3209">
     <span class='ocr_line' id='line_1_56' title="bbox 651 3137 2199 3209; baseline -0.005 -10"><span class='ocrx_word' id='word_1_378' title='bbox 651 3149 888 3206; x_wconf 80' lang='lat' dir='ltr'><strong>auctum,</strong></span> <span class='ocrx_word' id='word_1_379' title='bbox 919 3140 1157 3196; x_wconf 86' lang='lat' dir='ltr'><strong>divinum</strong></span> <span class='ocrx_word' id='word_1_380' title='bbox 1186 3137 1522 3209; x_wconf 86' lang='lat' dir='ltr'><strong>Pamphilum</strong></span> <span class='ocrx_word' id='word_1_381' title='bbox 1549 3137 1794 3192; x_wconf 81' lang='lat' dir='ltr'><strong>floruisse</strong></span> <span class='ocrx_word' id='word_1_382' title='bbox 1837 3139 2058 3194; x_wconf 86' lang='lat' dir='ltr'><strong>scimus.</strong></span> <span class='ocrx_word' id='word_1_383' title='bbox 2091 3138 2199 3193; x_wconf 88' lang='lat' dir='ltr'><strong>Cu-</strong></span> 
     </span>
    </p>
   </div>
   <div class='ocr_carea' id='block_1_57' title="bbox 644 3230 2198 3305">
    <p class='ocr_par' dir='ltr' id='par_1_57' title="bbox 644 3230 2198 3305">
     <span class='ocr_line' id='line_1_57' title="bbox 644 3230 2198 3305; baseline -0.003 -15"><span class='ocrx_word' id='word_1_384' title='bbox 644 3235 738 3305; x_wconf 84' lang='lat' dir='ltr'><strong>jus</strong></span> <span class='ocrx_word' id='word_1_385' title='bbox 760 3237 923 3290; x_wconf 87' lang='lat' dir='ltr'><strong>vitam</strong></span> <span class='ocrx_word' id='word_1_386' title='bbox 949 3240 1003 3288; x_wconf 88' lang='lat' dir='ltr'><strong>et</strong></span> <span class='ocrx_word' id='word_1_387' title='bbox 1031 3239 1185 3288; x_wconf 89' lang='lat' dir='ltr'><strong>actus</strong></span> <span class='ocrx_word' id='word_1_388' title='bbox 1212 3246 1420 3295; x_wconf 89' lang='lat' dir='ltr'><strong>omnes,</strong></span> <span class='ocrx_word' id='word_1_389' title='bbox 1451 3231 1716 3284; x_wconf 89' lang='lat' dir='ltr'><strong>celebrem</strong></span> <span class='ocrx_word' id='word_1_390' title='bbox 1742 3230 1904 3285; x_wconf 89' lang='lat' dir='ltr'><strong>etiam</strong></span> <span class='ocrx_word' id='word_1_391' title='bbox 1935 3246 2095 3300; x_wconf 90' lang='lat' dir='ltr'><strong>quam</strong></span> <span class='ocrx_word' id='word_1_392' title='bbox 2125 3230 2198 3286; x_wconf 91' lang='lat' dir='ltr'><strong>ibi</strong></span> 
     </span>
    </p>
   </div>
   <div class='ocr_carea' id='block_1_58' title="bbox 649 3321 2195 3395">
    <p class='ocr_par' dir='ltr' id='par_1_58' title="bbox 649 3321 2195 3395">
     <span class='ocr_line' id='line_1_58' title="bbox 649 3321 2195 3395; baseline -0.005 -13"><span class='ocrx_word' id='word_1_393' title='bbox 649 3326 887 3382; x_wconf 81' lang='lat' dir='ltr'><strong>instituit</strong></span> <span class='ocrx_word' id='word_1_394' title='bbox 922 3323 1160 3395; x_wconf 67' lang='lat' dir='ltr'><strong>profana:</strong></span> <span class='ocrx_word' id='word_1_395' title='bbox 1200 3323 1502 3392; x_wconf 65' lang='lat' dir='ltr'><strong>divinaeque</strong></span> <span class='ocrx_word' id='word_1_396' title='bbox 1549 3321 1899 3392; x_wconf 71' lang='lat' dir='ltr'><strong>philosOphiaa</strong></span> <span class='ocrx_word' id='word_1_397' title='bbox 1933 3322 2195 3386; x_wconf 85' lang='lat' dir='ltr'><strong>scholam,</strong></span> 
     </span>
    </p>
   </div>
   <div class='ocr_carea' id='block_1_59' title="bbox 651 3413 2200 3488">
    <p class='ocr_par' dir='ltr' id='par_1_59' title="bbox 651 3413 2200 3488">
     <span class='ocr_line' id='line_1_59' title="bbox 651 3413 2200 3488; baseline -0.003 -16"><span class='ocrx_word' id='word_1_398' title='bbox 651 3427 911 3488; x_wconf 64' lang='lat' dir='ltr'><strong>praeterea</strong></span> <span class='ocrx_word' id='word_1_399' title='bbox 961 3420 1298 3468; x_wconf 85' lang='lat' dir='ltr'><strong>constantem</strong></span> <span class='ocrx_word' id='word_1_400' title='bbox 1377 3413 1434 3468; x_wconf 90' lang='lat' dir='ltr'><strong>in</strong></span> <span class='ocrx_word' id='word_1_401' title='bbox 1498 3413 1662 3468; x_wconf 86' lang='lat' dir='ltr'><strong>variis</strong></span> <span class='ocrx_word' id='word_1_402' title='bbox 1730 3413 2200 3482; x_wconf 88' lang='lat' dir='ltr'><strong>persecutionibus</strong></span> 
     </span>
    </p>
   </div>
   <div class='ocr_carea' id='block_1_60' title="bbox 654 3503 2201 3573">
    <p class='ocr_par' dir='ltr' id='par_1_60' title="bbox 654 3503 2201 3573">
     <span class='ocr_line' id='line_1_60' title="bbox 654 3503 2201 3573; baseline -0.003 -10"><span class='ocrx_word' id='word_1_403' title='bbox 654 3505 1075 3569; x_wconf 79' lang='lat' dir='ltr'><strong>confessionem,</strong></span> <span class='ocrx_word' id='word_1_404' title='bbox 1104 3511 1158 3558; x_wconf 89' lang='lat' dir='ltr'><strong>et</strong></span> <span class='ocrx_word' id='word_1_405' title='bbox 1192 3505 1489 3559; x_wconf 88' lang='lat' dir='ltr'><strong>certamina</strong></span> <span class='ocrx_word' id='word_1_406' title='bbox 1515 3503 1898 3573; x_wconf 85' lang='lat' dir='ltr'><strong>egregiumque</strong></span> <span class='ocrx_word' id='word_1_407' title='bbox 1923 3519 2020 3572; x_wconf 90' lang='lat' dir='ltr'><strong>pro</strong></span> <span class='ocrx_word' id='word_1_408' title='bbox 2045 3504 2201 3558; x_wconf 89' lang='lat' dir='ltr'><strong>Chri-</strong></span> 
     </span>
    </p>
   </div>
   <div class='ocr_carea' id='block_1_61' title="bbox 653 3593 2199 3668">
    <p class='ocr_par' dir='ltr' id='par_1_61' title="bbox 653 3593 2199 3668">
     <span class='ocr_line' id='line_1_61' title="bbox 653 3593 2199 3668; baseline -0.005 -11"><span class='ocrx_word' id='word_1_409' title='bbox 653 3599 728 3657; x_wconf 72' lang='lat' dir='ltr'><strong>sti</strong></span> <span class='ocrx_word' id='word_1_410' title='bbox 752 3597 970 3653; x_wconf 90' lang='lat' dir='ltr'><strong>nomine</strong></span> <span class='ocrx_word' id='word_1_411' title='bbox 997 3596 1336 3668; x_wconf 81' lang='lat' dir='ltr'><strong>martyrium,</strong></span> <span class='ocrx_word' id='word_1_412' title='bbox 1359 3593 1626 3651; x_wconf 86' lang='lat' dir='ltr'><strong>Eusebius</strong></span> <span class='ocrx_word' id='word_1_413' title='bbox 1652 3597 1856 3651; x_wconf 92' lang='lat' dir='ltr'><strong>sororis</strong></span> <span class='ocrx_word' id='word_1_414' title='bbox 1883 3597 2002 3664; x_wconf 82' lang='lat' dir='ltr'><strong>ejus</strong></span> <span class='ocrx_word' id='word_1_415' title='bbox 2037 3597 2199 3659; x_wconf 80' lang='lat' dir='ltr'><strong>filius,</strong></span> 
     </span>
    </p>
   </div>
   <div class='ocr_carea' id='block_1_62' title="bbox 652 3688 2224 3761">
    <p class='ocr_par' dir='ltr' id='par_1_62' title="bbox 652 3688 2224 3761">
     <span class='ocr_line' id='line_1_62' title="bbox 652 3688 2224 3761; baseline -0.006 -12"><span class='ocrx_word' id='word_1_416' title='bbox 652 3689 938 3761; x_wconf 77' lang='lat' dir='ltr'><strong>eidemque</strong></span> <span class='ocrx_word' id='word_1_417' title='bbox 981 3688 1117 3745; x_wconf 89' lang='lat' dir='ltr'><strong>adeo</strong></span> <span class='ocrx_word' id='word_1_418' title='bbox 1152 3689 1355 3744; x_wconf 90' lang='lat' dir='ltr'><strong>charus</strong></span> <span class='ocrx_word' id='word_1_419' title='bbox 1382 3695 1442 3742; x_wconf 84' lang='lat' dir='ltr'><strong>ut</strong></span> <span class='ocrx_word' id='word_1_420' title='bbox 1463 3689 1532 3742; x_wconf 88' lang='lat' dir='ltr'><strong>ab</strong></span> <span class='ocrx_word' id='word_1_421' title='bbox 1554 3703 1622 3743; x_wconf 90' lang='lat' dir='ltr'><strong>eo</strong></span> <span class='ocrx_word' id='word_1_422' title='bbox 1645 3702 1944 3758; x_wconf 80' lang='lat' dir='ltr'><strong>cognomen</strong></span> <span class='ocrx_word' id='word_1_423' title='bbox 1974 3701 2224 3757; x_wconf 85' lang='lat' dir='ltr'><strong>accepe-.</strong></span> 
     </span>
    </p>
   </div>
   <div class='ocr_carea' id='block_1_63' title="bbox 655 3774 2202 3849">
    <p class='ocr_par' dir='ltr' id='par_1_63' title="bbox 655 3774 2202 3849">
     <span class='ocr_line' id='line_1_63' title="bbox 655 3774 2202 3849; baseline -0.005 -13"><span class='ocrx_word' id='word_1_424' title='bbox 655 3781 750 3846; x_wconf 89' lang='lat' dir='ltr'><strong>rit,</strong></span> <span class='ocrx_word' id='word_1_425' title='bbox 786 3779 1044 3849; x_wconf 80' lang='lat' dir='ltr'><strong>peculiari</strong></span> <span class='ocrx_word' id='word_1_426' title='bbox 1091 3779 1296 3848; x_wconf 90' lang='lat' dir='ltr'><strong>scripto</strong></span> <span class='ocrx_word' id='word_1_427' title='bbox 1341 3777 1561 3848; x_wconf 87' lang='lat' dir='ltr'><strong>c0piose</strong></span> <span class='ocrx_word' id='word_1_428' title='bbox 1598 3784 1706 3832; x_wconf 85' lang='lat' dir='ltr'><strong>est</strong></span> <span class='ocrx_word' id='word_1_429' title='bbox 1732 3781 2056 3845; x_wconf 90' lang='lat' dir='ltr'><strong>prosecutus</strong></span> <span class='ocrx_word' id='word_1_430' title='bbox 2090 3793 2103 3827; x_wconf 92' lang='lat'>:</span> <span class='ocrx_word' id='word_1_431' title='bbox 2136 3774 2202 3828; x_wconf 90' lang='lat' dir='ltr'><strong>ad</strong></span> 
     </span>
    </p>
   </div>
   <div class='ocr_carea' id='block_1_64' title="bbox 658 3852 2201 3944">
    <p class='ocr_par' dir='ltr' id='par_1_64' title="bbox 658 3852 2201 3944">
     <span class='ocr_line' id='line_1_64' title="bbox 658 3852 2201 3944; baseline -0.005 -18"><span class='ocrx_word' id='word_1_432' title='bbox 658 3886 819 3944; x_wconf 89' lang='lat' dir='ltr'><strong>quem</strong></span> <span class='ocrx_word' id='word_1_433' title='bbox 850 3886 943 3926; x_wconf 87' lang='lat' dir='ltr'><strong>eos</strong></span> <span class='ocrx_word' id='word_1_434' title='bbox 963 3871 1053 3940; x_wconf 90' lang='lat' dir='ltr'><strong>qui</strong></span> <span class='ocrx_word' id='word_1_435' title='bbox 1087 3852 1396 3925; x_wconf 72' lang='lat' dir='ltr'><strong>accuratius</strong></span> <span class='ocrx_word' id='word_1_436' title='bbox 1421 3869 1534 3923; x_wconf 63' lang='lat' dir='ltr'><strong>haec</strong></span> <span class='ocrx_word' id='word_1_437' title='bbox 1557 3882 1888 3937; x_wconf 79' lang='lat' dir='ltr'><strong>cognoscere</strong></span> <span class='ocrx_word' id='word_1_438' title='bbox 1913 3866 2201 3931; x_wconf 89' lang='lat' dir='ltr'><strong>voluerint,</strong></span> 
     </span>
    </p>
   </div>
   <div class='ocr_carea' id='block_1_65' title="bbox 655 3955 2206 4034">
    <p class='ocr_par' dir='ltr' id='par_1_65' title="bbox 655 3955 2206 4034">
     <span class='ocr_line' id='line_1_65' title="bbox 655 3955 2206 4034; baseline -0.005 -18"><span class='ocrx_word' id='word_1_439' title='bbox 655 3959 959 4031; x_wconf 83' lang='lat' dir='ltr'><strong>rejicimus.</strong></span> <span class='ocrx_word' id='word_1_440' title='bbox 1009 3957 1276 4014; x_wconf 88' lang='lat' dir='ltr'><strong>Eusebius</strong></span> <span class='ocrx_word' id='word_1_441' title='bbox 1321 3959 1422 4014; x_wconf 86' lang='lat' dir='ltr'><strong>iste</strong></span> <span class='ocrx_word' id='word_1_442' title='bbox 1465 3957 1768 4034; x_wconf 68' lang='lat' dir='ltr'><strong>disciplinis</strong></span> <span class='ocrx_word' id='word_1_443' title='bbox 1796 3955 2045 4012; x_wconf 90' lang='lat' dir='ltr'><strong>omnibus</strong></span> <span class='ocrx_word' id='word_1_444' title='bbox 2081 3970 2206 4024; x_wconf 90' lang='lat' dir='ltr'><strong>per-</strong></span> 
     </span>
    </p>
   </div>
   <div class='ocr_carea' id='block_1_66' title="bbox 659 4047 2206 4122">
    <p class='ocr_par' dir='ltr' id='par_1_66' title="bbox 659 4047 2206 4122">
     <span class='ocr_line' id='line_1_66' title="bbox 659 4047 2206 4122; baseline -0.001 -20"><span class='ocrx_word' id='word_1_445' title='bbox 659 4051 853 4122; x_wconf 83' lang='lat' dir='ltr'><strong>ceptis,</strong></span> <span class='ocrx_word' id='word_1_446' title='bbox 888 4063 1164 4105; x_wconf 88' lang='lat' dir='ltr'><strong>sacrarum</strong></span> <span class='ocrx_word' id='word_1_447' title='bbox 1207 4049 1437 4103; x_wconf 87' lang='lat' dir='ltr'><strong>maxime</strong></span> <span class='ocrx_word' id='word_1_448' title='bbox 1466 4048 1764 4102; x_wconf 87' lang='lat' dir='ltr'><strong>litterarum</strong></span> <span class='ocrx_word' id='word_1_449' title='bbox 1819 4047 2042 4100; x_wconf 81' lang='lat' dir='ltr'><strong>scientia</strong></span> <span class='ocrx_word' id='word_1_450' title='bbox 2089 4047 2206 4101; x_wconf 90' lang='lat' dir='ltr'><strong>eni-</strong></span> 
     </span>
    </p>
   </div>
   <div class='ocr_carea' id='block_1_67' title="bbox 658 4137 2204 4208">
    <p class='ocr_par' dir='ltr' id='par_1_67' title="bbox 658 4137 2204 4208">
     <span class='ocr_line' id='line_1_67' title="bbox 658 4137 2204 4208; baseline -0.005 -9"><span class='ocrx_word' id='word_1_451' title='bbox 658 4143 786 4208; x_wconf 87' lang='lat' dir='ltr'><strong>tuit,</strong></span> <span class='ocrx_word' id='word_1_452' title='bbox 820 4150 873 4197; x_wconf 88' lang='lat' dir='ltr'><strong>et</strong></span> <span class='ocrx_word' id='word_1_453' title='bbox 901 4140 968 4196; x_wconf 88' lang='lat' dir='ltr'><strong>ad</strong></span> <span class='ocrx_word' id='word_1_454' title='bbox 995 4139 1295 4196; x_wconf 87' lang='lat' dir='ltr'><strong>Constantii</strong></span> <span class='ocrx_word' id='word_1_455' title='bbox 1331 4153 1503 4208; x_wconf 88' lang='lat' dir='ltr'><strong>usque</strong></span> <span class='ocrx_word' id='word_1_456' title='bbox 1532 4145 1774 4208; x_wconf 88' lang='lat' dir='ltr'><strong>tempora</strong></span> <span class='ocrx_word' id='word_1_457' title='bbox 1805 4137 1956 4192; x_wconf 83' lang='lat' dir='ltr'><strong>vixit.</strong></span> <span class='ocrx_word' id='word_1_458' title='bbox 1989 4137 2054 4192; x_wconf 87' lang='lat' dir='ltr'><strong>Et</strong></span> <span class='ocrx_word' id='word_1_459' title='bbox 2083 4154 2204 4193; x_wconf 91' lang='lat' dir='ltr'><strong>cum</strong></span> 
     </span>
    </p>
   </div>
   <div class='ocr_carea' id='block_1_68' title="bbox 659 4229 2208 4305">
    <p class='ocr_par' dir='ltr' id='par_1_68' title="bbox 659 4229 2208 4305">
     <span class='ocr_line' id='line_1_68' title="bbox 659 4229 2208 4305; baseline -0.005 -12"><span class='ocrx_word' id='word_1_460' title='bbox 659 4234 984 4293; x_wconf 67' lang='lat' dir='ltr'><strong>Christianae</strong></span> <span class='ocrx_word' id='word_1_461' title='bbox 1012 4229 1369 4305; x_wconf 79' lang='lat' dir='ltr'><strong>professionis</strong></span> <span class='ocrx_word' id='word_1_462' title='bbox 1395 4229 1831 4286; x_wconf 87' lang='lat' dir='ltr'><strong>studiosissimus</strong></span> <span class='ocrx_word' id='word_1_463' title='bbox 1858 4239 2022 4292; x_wconf 89' lang='lat' dir='ltr'><strong>esset,</strong></span> <span class='ocrx_word' id='word_1_464' title='bbox 2053 4245 2208 4300; x_wconf 82' lang='lat' dir='ltr'><strong>egre-</strong></span> 
     </span>
    </p>
   </div>
   <div class='ocr_carea' id='block_1_69' title="bbox 661 4322 2204 4399">
    <p class='ocr_par' dir='ltr' id='par_1_69' title="bbox 661 4322 2204 4399">
     <span class='ocr_line' id='line_1_69' title="bbox 661 4322 2204 4399; baseline -0.006 -17"><span class='ocrx_word' id='word_1_465' title='bbox 661 4327 914 4399; x_wconf 85' lang='lat' dir='ltr'><strong>giamque</strong></span> <span class='ocrx_word' id='word_1_466' title='bbox 934 4339 1034 4395; x_wconf 91' lang='lat' dir='ltr'><strong>pro</strong></span> <span class='ocrx_word' id='word_1_467' title='bbox 1060 4322 1262 4377; x_wconf 88' lang='lat' dir='ltr'><strong>Christi</strong></span> <span class='ocrx_word' id='word_1_468' title='bbox 1295 4323 1500 4377; x_wconf 89' lang='lat' dir='ltr'><strong>honore</strong></span> <span class='ocrx_word' id='word_1_469' title='bbox 1524 4323 1923 4396; x_wconf 52' lang='lat' dir='ltr'><strong>inmutationem</strong></span> <span class='ocrx_word' id='word_1_470' title='bbox 1951 4322 2204 4392; x_wconf 86' lang='lat' dir='ltr'><strong>spiraret,</strong></span> 
     </span>
    </p>
   </div>
   <div class='ocr_carea' id='block_1_70' title="bbox 2299 3139 3850 3217">
    <p class='ocr_par' dir='ltr' id='par_1_70' title="bbox 2299 3139 3850 3217">
     <span class='ocr_line' id='line_1_70' title="bbox 2299 3139 3850 3217; baseline 0.001 -21"><span class='ocrx_word' id='word_1_471' title='bbox 2299 3143 2567 3216; x_wconf 80' lang='grc' dir='ltr'>ἔγνωμεν·</span> <span class='ocrx_word' id='word_1_472' title='bbox 2605 3139 2667 3198; x_wconf 78' lang='grc' dir='ltr'>οὗ</span> <span class='ocrx_word' id='word_1_473' title='bbox 2689 3144 2778 3198; x_wconf 73' lang='grc' dir='ltr'>τὸν</span> <span class='ocrx_word' id='word_1_474' title='bbox 2811 3144 2924 3216; x_wconf 85' lang='grc' dir='ltr'>βίον</span> <span class='ocrx_word' id='word_1_475' title='bbox 2951 3147 3043 3198; x_wconf 75' lang='grc' dir='ltr'><strong>καὶ</strong></span> <span class='ocrx_word' id='word_1_476' title='bbox 3079 3146 3149 3199; x_wconf 87' lang='grc' dir='ltr'><strong>τά</strong></span> <span class='ocrx_word' id='word_1_477' title='bbox 3180 3144 3299 3198; x_wconf 86' lang='grc' dir='ltr'>καθ’</span> <span class='ocrx_word' id='word_1_478' title='bbox 3322 3146 3548 3200; x_wconf 85' lang='grc' dir='ltr'>’ἑκαστον</span> <span class='ocrx_word' id='word_1_479' title='bbox 3572 3146 3717 3217; x_wconf 82' lang='grc' dir='ltr'>αὐτῷ</span> <span class='ocrx_word' id='word_1_480' title='bbox 3750 3163 3850 3200; x_wconf 84' lang='grc' dir='ltr'>πε-</span> 
     </span>
    </p>
   </div>
   <div class='ocr_carea' id='block_1_71' title="bbox 2298 3221 3852 3308">
    <p class='ocr_par' dir='ltr' id='par_1_71' title="bbox 2298 3221 3852 3308">
     <span class='ocr_line' id='line_1_71' title="bbox 2298 3221 3852 3308; baseline 0.002 -20"><span class='ocrx_word' id='word_1_481' title='bbox 2298 3221 2603 3307; x_wconf 76' lang='grc' dir='ltr'>πραγμένα,</span> <span class='ocrx_word' id='word_1_482' title='bbox 2645 3236 2722 3290; x_wconf 73' lang='grc' dir='ltr'>ἔτι</span> <span class='ocrx_word' id='word_1_483' title='bbox 2759 3236 2816 3290; x_wconf 80' lang='grc' dir='ltr'>δὲ</span> <span class='ocrx_word' id='word_1_484' title='bbox 2859 3237 2952 3290; x_wconf 77' lang='grc' dir='ltr'><strong>καὶ</strong></span> <span class='ocrx_word' id='word_1_485' title='bbox 3000 3233 3232 3308; x_wconf 75' lang='grc' dir='ltr'>περὶῆς</span> <span class='ocrx_word' id='word_1_486' title='bbox 3277 3239 3632 3308; x_wconf 78' lang='grc' dir='ltr'>συνεστήσατο</span> <span class='ocrx_word' id='word_1_487' title='bbox 3675 3240 3852 3291; x_wconf 85' lang='grc' dir='ltr'>ὲκείσε</span> 
     </span>
    </p>
   </div>
   <div class='ocr_carea' id='block_1_72' title="bbox 2297 3323 3855 3399">
    <p class='ocr_par' dir='ltr' id='par_1_72' title="bbox 2297 3323 3855 3399">
     <span class='ocr_line' id='line_1_72' title="bbox 2297 3323 3855 3399; baseline -0.001 -17"><span class='ocrx_word' id='word_1_488' title='bbox 2297 3327 2467 3397; x_wconf 86' lang='grc' dir='ltr'>λόγων</span> <span class='ocrx_word' id='word_1_489' title='bbox 2499 3327 2656 3382; x_wconf 90' lang='grc' dir='ltr'>θείων</span> <span class='ocrx_word' id='word_1_490' title='bbox 2691 3329 2784 3382; x_wconf 67' lang='grc' dir='ltr'><strong>καὶ</strong></span> <span class='ocrx_word' id='word_1_491' title='bbox 2816 3327 3116 3398; x_wconf 83' lang='grc' dir='ltr'>φιλοσόφων</span> <span class='ocrx_word' id='word_1_492' title='bbox 3149 3323 3449 3398; x_wconf 82' lang='grc' dir='ltr'>διατριϐῆς,</span> <span class='ocrx_word' id='word_1_493' title='bbox 3477 3329 3610 3398; x_wconf 86' lang='grc' dir='ltr'>πρὸς</span> <span class='ocrx_word' id='word_1_494' title='bbox 3642 3328 3705 3399; x_wconf 80' lang='grc' dir='ltr'>δὴ</span> <span class='ocrx_word' id='word_1_495' title='bbox 3730 3328 3855 3380; x_wconf 84' lang='grc' dir='ltr'>τού-</span> 
     </span>
    </p>
   </div>
   <div class='ocr_carea' id='block_1_73' title="bbox 2298 3417 3857 3490">
    <p class='ocr_par' dir='ltr' id='par_1_73' title="bbox 2298 3417 3857 3490">
     <span class='ocr_line' id='line_1_73' title="bbox 2298 3417 3857 3490; baseline 0.001 -20"><span class='ocrx_word' id='word_1_496' title='bbox 2298 3435 2410 3482; x_wconf 84' lang='grc' dir='ltr'>τοις</span> <span class='ocrx_word' id='word_1_497' title='bbox 2451 3420 2544 3472; x_wconf 73' lang='grc' dir='ltr'><strong>καὶ</strong></span> <span class='ocrx_word' id='word_1_498' title='bbox 2599 3419 2697 3488; x_wconf 80' lang='grc' dir='ltr'>τὴν</span> <span class='ocrx_word' id='word_1_499' title='bbox 2749 3419 2885 3488; x_wconf 82' lang='grc' dir='ltr'>ὑπὲρ</span> <span class='ocrx_word' id='word_1_500' title='bbox 2931 3417 3206 3480; x_wconf 87' lang='grc' dir='ltr'>εὐσεϐείας</span> <span class='ocrx_word' id='word_1_501' title='bbox 3257 3417 3443 3470; x_wconf 81' lang='grc' dir='ltr'>τούτου</span> <span class='ocrx_word' id='word_1_502' title='bbox 3488 3420 3544 3471; x_wconf 83' lang='grc' dir='ltr'>ὲν</span> <span class='ocrx_word' id='word_1_503' title='bbox 3581 3419 3857 3490; x_wconf 73' lang='grc' dir='ltr'>διαφόροις</span> 
     </span>
    </p>
   </div>
   <div class='ocr_carea' id='block_1_74' title="bbox 2299 3502 3856 3580">
    <p class='ocr_par' dir='ltr' id='par_1_74' title="bbox 2299 3502 3856 3580">
     <span class='ocr_line' id='line_1_74' title="bbox 2299 3502 3856 3580; baseline 0.001 -18"><span class='ocrx_word' id='word_1_504' title='bbox 2299 3509 2553 3580; x_wconf 86' lang='grc' dir='ltr'>διωγμοῖς</span> <span class='ocrx_word' id='word_1_505' title='bbox 2583 3502 2894 3579; x_wconf 69' lang='grc' dir='ltr'>ὁμολογίανο</span> <span class='ocrx_word' id='word_1_506' title='bbox 2931 3508 3054 3573; x_wconf 76' lang='grc' dir='ltr'>τούς</span> <span class='ocrx_word' id='word_1_507' title='bbox 3100 3527 3159 3563; x_wconf 87' lang='grc' dir='ltr'><strong>τε</strong></span> <span class='ocrx_word' id='word_1_508' title='bbox 3202 3509 3418 3579; x_wconf 79' lang='grc' dir='ltr'>ἀγῶνας</span> <span class='ocrx_word' id='word_1_509' title='bbox 3458 3511 3638 3574; x_wconf 76' lang='grc' dir='ltr'>αὐτοῦ,</span> <span class='ocrx_word' id='word_1_510' title='bbox 3672 3511 3856 3565; x_wconf 77' lang='grc' dir='ltr'>καὶτὸ</span> 
     </span>
    </p>
   </div>
   <div class='ocr_carea' id='block_1_75' title="bbox 2301 3601 3854 3676">
    <p class='ocr_par' dir='ltr' id='par_1_75' title="bbox 2301 3601 3854 3676">
     <span class='ocr_line' id='line_1_75' title="bbox 2301 3601 3854 3676; baseline 0.001 -22"><span class='ocrx_word' id='word_1_511' title='bbox 2301 3602 2603 3655; x_wconf 87' lang='grc' dir='ltr'>τελευταῖον</span> <span class='ocrx_word' id='word_1_512' title='bbox 2638 3602 2712 3664; x_wconf 85' lang='grc' dir='ltr'>ὡς</span> <span class='ocrx_word' id='word_1_513' title='bbox 2743 3601 2832 3655; x_wconf 82' lang='grc' dir='ltr'>τὸν</span> <span class='ocrx_word' id='word_1_514' title='bbox 2871 3601 2964 3655; x_wconf 81' lang='grc' dir='ltr'>τοῦ</span> <span class='ocrx_word' id='word_1_515' title='bbox 2998 3604 3288 3674; x_wconf 85' lang='grc' dir='ltr'>μαρτυρίου</span> <span class='ocrx_word' id='word_1_516' title='bbox 3331 3603 3620 3676; x_wconf 77' lang='grc' dir='ltr'>ἀνεδήσατο</span> <span class='ocrx_word' id='word_1_517' title='bbox 3653 3604 3854 3672; x_wconf 87' lang='grc' dir='ltr'>στέφα-</span> 
     </span>
    </p>
   </div>
   <div class='ocr_carea' id='block_1_76' title="bbox 2302 3691 3855 3762">
    <p class='ocr_par' dir='ltr' id='par_1_76' title="bbox 2302 3691 3855 3762">
     <span class='ocr_line' id='line_1_76' title="bbox 2302 3691 3855 3762; baseline 0 -18"><span class='ocrx_word' id='word_1_518' title='bbox 2302 3708 2409 3756; x_wconf 90' lang='grc' dir='ltr'>νον,</span> <span class='ocrx_word' id='word_1_519' title='bbox 2463 3691 2718 3756; x_wconf 86' lang='grc' dir='ltr'>Εὐσέϐιος</span> <span class='ocrx_word' id='word_1_520' title='bbox 2762 3692 2790 3744; x_wconf 85' lang='grc' dir='ltr'><strong>ὁ</strong></span> <span class='ocrx_word' id='word_1_521' title='bbox 2833 3691 3019 3745; x_wconf 87' lang='grc' dir='ltr'>τούτου</span> <span class='ocrx_word' id='word_1_522' title='bbox 3075 3691 3403 3762; x_wconf 80' lang='grc' dir='ltr'>ἀδελφιδοῦς,</span> <span class='ocrx_word' id='word_1_523' title='bbox 3457 3694 3550 3745; x_wconf 79' lang='grc' dir='ltr'><strong>καὶ</strong></span> <span class='ocrx_word' id='word_1_524' title='bbox 3605 3691 3855 3745; x_wconf 83' lang='grc' dir='ltr'>τοσοῦτον</span> 
     </span>
    </p>
   </div>
   <div class='ocr_carea' id='block_1_77' title="bbox 2304 3779 3856 3852">
    <p class='ocr_par' dir='ltr' id='par_1_77' title="bbox 2304 3779 3856 3852">
     <span class='ocr_line' id='line_1_77' title="bbox 2304 3779 3856 3852; baseline 0.002 -21"><span class='ocrx_word' id='word_1_525' title='bbox 2304 3779 2492 3850; x_wconf 75' lang='grc' dir='ltr'>ἐκείνῳ</span> <span class='ocrx_word' id='word_1_526' title='bbox 2524 3779 2858 3851; x_wconf 84' lang='grc' dir='ltr'>φιλούμενος,</span> <span class='ocrx_word' id='word_1_527' title='bbox 2898 3780 2973 3845; x_wconf 86' lang='grc' dir='ltr'><strong>ὡς</strong></span> <span class='ocrx_word' id='word_1_528' title='bbox 3010 3782 3104 3836; x_wconf 72' lang='grc' dir='ltr'><strong>καὶ</strong></span> <span class='ocrx_word' id='word_1_529' title='bbox 3139 3781 3236 3852; x_wconf 83' lang='grc' dir='ltr'>τὴν</span> <span class='ocrx_word' id='word_1_530' title='bbox 3274 3781 3477 3834; x_wconf 75' lang='grc' dir='ltr'>ἐκείνου</span> <span class='ocrx_word' id='word_1_531' title='bbox 3516 3781 3701 3852; x_wconf 78' lang='grc' dir='ltr'>κλῆσιν</span> <span class='ocrx_word' id='word_1_532' title='bbox 3728 3782 3856 3834; x_wconf 77' lang='grc' dir='ltr'>ἐπί-</span> 
     </span>
    </p>
   </div>
   <div class='ocr_carea' id='block_1_78' title="bbox 2305 3869 3925 3944">
    <p class='ocr_par' dir='ltr' id='par_1_78' title="bbox 2305 3869 3925 3944">
     <span class='ocr_line' id='line_1_78' title="bbox 2305 3869 3925 3944; baseline 0.003 -22"><span class='ocrx_word' id='word_1_533' title='bbox 2305 3869 2454 3924; x_wconf 87' lang='grc' dir='ltr'>θετον</span> <span class='ocrx_word' id='word_1_534' title='bbox 2476 3872 2639 3940; x_wconf 85' lang='grc' dir='ltr'>σχεῖν,</span> <span class='ocrx_word' id='word_1_535' title='bbox 2668 3873 2747 3934; x_wconf 87' lang='grc' dir='ltr'>εἰς</span> <span class='ocrx_word' id='word_1_536' title='bbox 2765 3869 2954 3924; x_wconf 80' lang='grc' dir='ltr'>λεπτὸν</span> <span class='ocrx_word' id='word_1_537' title='bbox 2973 3873 3029 3924; x_wconf 81' lang='grc' dir='ltr'>ὲν</span> <span class='ocrx_word' id='word_1_538' title='bbox 3058 3871 3170 3941; x_wconf 78' lang='grc' dir='ltr'>ἰδίῳ</span> <span class='ocrx_word' id='word_1_539' title='bbox 3191 3871 3520 3942; x_wconf 76' lang='grc' dir='ltr'>συντάγματι</span> <span class='ocrx_word' id='word_1_540' title='bbox 3545 3871 3855 3944; x_wconf 87' lang='grc' dir='ltr'>περιέλαϐε·</span> <span class='ocrx_word' id='word_1_541' title='bbox 3911 3894 3925 3903; x_wconf 89' lang='grc'>·</span> 
     </span>
    </p>
   </div>
   <div class='ocr_carea' id='block_1_79' title="bbox 2305 3951 3858 4034">
    <p class='ocr_par' dir='ltr' id='par_1_79' title="bbox 2305 3951 3858 4034">
     <span class='ocr_line' id='line_1_79' title="bbox 2305 3951 3858 4034; baseline 0.003 -20"><span class='ocrx_word' id='word_1_542' title='bbox 2305 3963 2398 4014; x_wconf 77' lang='grc' dir='ltr'><strong>καὶ</strong></span> <span class='ocrx_word' id='word_1_543' title='bbox 2433 3963 2556 4025; x_wconf 80' lang='grc' dir='ltr'>τοὺς</span> <span class='ocrx_word' id='word_1_544' title='bbox 2599 3963 2837 4034; x_wconf 82' lang='grc' dir='ltr'>ἀκριϐῶς</span> <span class='ocrx_word' id='word_1_545' title='bbox 2877 3951 3225 4034; x_wconf 84' lang='grc' dir='ltr'>βουλομένους</span> <span class='ocrx_word' id='word_1_546' title='bbox 3269 3963 3336 4016; x_wconf 84' lang='grc' dir='ltr'><strong>τὰ</strong></span> <span class='ocrx_word' id='word_1_547' title='bbox 3383 3961 3587 4018; x_wconf 80' lang='grc' dir='ltr'>ἐκείνου</span> <span class='ocrx_word' id='word_1_548' title='bbox 3635 3965 3858 4029; x_wconf 71' lang='grc' dir='ltr'>εἶδέναι,</span> 
     </span>
    </p>
   </div>
   <div class='ocr_carea' id='block_1_80' title="bbox 2305 4050 3860 4124">
    <p class='ocr_par' dir='ltr' id='par_1_80' title="bbox 2305 4050 3860 4124">
     <span class='ocr_line' id='line_1_80' title="bbox 2305 4050 3860 4124; baseline 0.007 -22"><span class='ocrx_word' id='word_1_549' title='bbox 2305 4050 2450 4120; x_wconf 84' lang='grc' dir='ltr'>αὐτῷ</span> <span class='ocrx_word' id='word_1_550' title='bbox 2477 4052 2928 4122; x_wconf 88' lang='grc' dir='ltr'>παραπέμπομεν.</span> <span class='ocrx_word' id='word_1_551' title='bbox 2961 4055 3053 4116; x_wconf 90' lang='grc' dir='ltr'>Ὃς</span> <span class='ocrx_word' id='word_1_552' title='bbox 3078 4053 3207 4124; x_wconf 81' lang='grc' dir='ltr'>δῆτα</span> <span class='ocrx_word' id='word_1_553' title='bbox 3240 4055 3493 4120; x_wconf 86' lang='grc' dir='ltr'>Εὐσέϐιος</span> <span class='ocrx_word' id='word_1_554' title='bbox 3519 4056 3608 4110; x_wconf 86' lang='grc' dir='ltr'><strong>διά</strong></span> <span class='ocrx_word' id='word_1_555' title='bbox 3640 4059 3860 4113; x_wconf 83' lang='grc' dir='ltr'>πάντων</span> 
     </span>
    </p>
   </div>
   <div class='ocr_carea' id='block_1_81' title="bbox 2305 4138 3858 4219">
    <p class='ocr_par' dir='ltr' id='par_1_81' title="bbox 2305 4138 3858 4219">
     <span class='ocr_line' id='line_1_81' title="bbox 2305 4138 3858 4219; baseline 0.008 -28"><span class='ocrx_word' id='word_1_556' title='bbox 2305 4138 2493 4204; x_wconf 78' lang='grc' dir='ltr'>ἐλθὼν,</span> <span class='ocrx_word' id='word_1_557' title='bbox 2531 4139 2757 4210; x_wconf 79' lang='grc' dir='ltr'>μάλιστα</span> <span class='ocrx_word' id='word_1_558' title='bbox 2787 4145 2852 4213; x_wconf 75' lang='grc' dir='ltr'><strong>τῇ</strong></span> <span class='ocrx_word' id='word_1_559' title='bbox 2897 4143 3023 4214; x_wconf 72' lang='grc' dir='ltr'>περὶ</span> <span class='ocrx_word' id='word_1_560' title='bbox 3050 4142 3115 4197; x_wconf 85' lang='grc' dir='ltr'><strong>τὰ</strong></span> <span class='ocrx_word' id='word_1_561' title='bbox 3144 4143 3260 4216; x_wconf 73' lang='grc' dir='ltr'>θεῖα</span> <span class='ocrx_word' id='word_1_562' title='bbox 3300 4147 3499 4217; x_wconf 80' lang='grc' dir='ltr'>σπουδῇ</span> <span class='ocrx_word' id='word_1_563' title='bbox 3539 4149 3858 4219; x_wconf 79' lang='grc' dir='ltr'>ὲνακμάζει.</span> 
     </span>
    </p>
   </div>
   <div class='ocr_carea' id='block_1_82' title="bbox 2312 4220 3858 4310">
    <p class='ocr_par' dir='ltr' id='par_1_82' title="bbox 2312 4220 3858 4310">
     <span class='ocr_line' id='line_1_82' title="bbox 2312 4220 3858 4310; baseline 0.008 -28"><span class='ocrx_word' id='word_1_564' title='bbox 2312 4220 2470 4301; x_wconf 66' lang='grc' dir='ltr'>Ἄχρι</span> <span class='ocrx_word' id='word_1_565' title='bbox 2497 4230 2553 4284; x_wconf 87' lang='grc' dir='ltr'>δὲ</span> <span class='ocrx_word' id='word_1_566' title='bbox 2588 4231 2681 4286; x_wconf 72' lang='grc' dir='ltr'>καὶ</span> <span class='ocrx_word' id='word_1_567' title='bbox 2710 4233 3079 4288; x_wconf 84' lang='grc' dir='ltr'>Κωνσταντίου</span> <span class='ocrx_word' id='word_1_568' title='bbox 3107 4233 3199 4290; x_wconf 84' lang='grc' dir='ltr'>τὸν</span> <span class='ocrx_word' id='word_1_569' title='bbox 3228 4237 3326 4308; x_wconf 84' lang='grc' dir='ltr'>τῆς</span> <span class='ocrx_word' id='word_1_570' title='bbox 3352 4237 3496 4307; x_wconf 75' lang='grc' dir='ltr'>ζωῆς</span> <span class='ocrx_word' id='word_1_571' title='bbox 3528 4241 3858 4310; x_wconf 85' lang='grc' dir='ltr'>παρείλκυσε</span> 
     </span>
    </p>
   </div>
   <div class='ocr_carea' id='block_1_83' title="bbox 2310 4321 3861 4397">
    <p class='ocr_par' dir='ltr' id='par_1_83' title="bbox 2310 4321 3861 4397">
     <span class='ocr_line' id='line_1_83' title="bbox 2310 4321 3861 4397; baseline 0.007 -24"><span class='ocrx_word' id='word_1_572' title='bbox 2310 4321 2512 4392; x_wconf 82' lang='grc' dir='ltr'>χρόνον.</span> <span class='ocrx_word' id='word_1_573' title='bbox 2545 4323 2866 4394; x_wconf 75' lang='grc' dir='ltr'>Χριστιανὸς</span> <span class='ocrx_word' id='word_1_574' title='bbox 2896 4325 3042 4379; x_wconf 83' lang='grc' dir='ltr'>δὲτὰ</span> <span class='ocrx_word' id='word_1_575' title='bbox 3069 4326 3297 4397; x_wconf 75' lang='grc' dir='ltr'>μάλιστα</span> <span class='ocrx_word' id='word_1_576' title='bbox 3333 4327 3427 4391; x_wconf 84' lang='grc' dir='ltr'>ὢν,</span> <span class='ocrx_word' id='word_1_577' title='bbox 3459 4329 3551 4382; x_wconf 75' lang='grc' dir='ltr'><strong>καὶ</strong></span> <span class='ocrx_word' id='word_1_578' title='bbox 3577 4331 3740 4386; x_wconf 85' lang='grc' dir='ltr'>πολὺν</span> <span class='ocrx_word' id='word_1_579' title='bbox 3766 4331 3861 4384; x_wconf 81' lang='grc' dir='ltr'>τὸν</span> 
     </span>
    </p>
   </div>
   <div class='ocr_carea' id='block_1_84' title="bbox 661 4408 2205 4489">
    <p class='ocr_par' dir='ltr' id='par_1_84' title="bbox 661 4411 2205 4488">
     <span class='ocr_line' id='line_1_84' title="bbox 661 4411 2205 4488; baseline -0.003 -17"><span class='ocrx_word' id='word_1_580' title='bbox 661 4413 970 4488; x_wconf 87' lang='lat' dir='ltr'><strong>quindecim</strong></span> <span class='ocrx_word' id='word_1_581' title='bbox 997 4415 1156 4469; x_wconf 88' lang='lat' dir='ltr'><strong>tomis</strong></span> <span class='ocrx_word' id='word_1_582' title='bbox 1173 4413 1536 4483; x_wconf 81' lang='lat' dir='ltr'><strong>Evangelicam</strong></span> <span class='ocrx_word' id='word_1_583' title='bbox 1564 4412 2016 4482; x_wconf 73' lang='lat' dir='ltr'><strong>prwparationem,</strong></span> <span class='ocrx_word' id='word_1_584' title='bbox 2035 4419 2088 4467; x_wconf 91' lang='lat' dir='ltr'><strong>et</strong></span> <span class='ocrx_word' id='word_1_585' title='bbox 2116 4411 2205 4466; x_wconf 91' lang='lat' dir='ltr'><strong>de-</strong></span> 
     </span>
    </p>
   </div>
   <div class='ocr_carea' id='block_1_85' title="bbox 2291 4408 3862 4489">
    <p class='ocr_par' dir='ltr' id='par_1_85' title="bbox 2313 4408 3862 4489">
     <span class='ocr_line' id='line_1_85' title="bbox 2313 4408 3862 4489; baseline 0.005 -26"><span class='ocrx_word' id='word_1_586' title='bbox 2313 4408 2470 4479; x_wconf 82' lang='grc' dir='ltr'>ζῆλον</span> <span class='ocrx_word' id='word_1_587' title='bbox 2503 4411 2641 4483; x_wconf 84' lang='grc' dir='ltr'>ὑπὲρ</span> <span class='ocrx_word' id='word_1_588' title='bbox 2666 4411 2898 4484; x_wconf 79' lang='grc' dir='ltr'>Χριστοῦ</span> <span class='ocrx_word' id='word_1_589' title='bbox 2926 4414 3119 4478; x_wconf 83' lang='grc' dir='ltr'>πνέων,</span> <span class='ocrx_word' id='word_1_590' title='bbox 3150 4416 3206 4468; x_wconf 82' lang='grc' dir='ltr'>ὲν</span> <span class='ocrx_word' id='word_1_591' title='bbox 3248 4415 3537 4469; x_wconf 81' lang='grc' dir='ltr'>δεκαπέντε</span> <span class='ocrx_word' id='word_1_592' title='bbox 3560 4418 3740 4488; x_wconf 83' lang='grc' dir='ltr'>τόμοις</span> <span class='ocrx_word' id='word_1_593' title='bbox 3758 4419 3862 4489; x_wconf 76' lang='grc' dir='ltr'>τὴν</span> 
     </span>
    </p>
   </div>
   <div class='ocr_carea' id='block_1_86' title="bbox 663 4504 2206 4575">
    <p class='ocr_par' dir='ltr' id='par_1_86' title="bbox 663 4504 2206 4575">
     <span class='ocr_line' id='line_1_86' title="bbox 663 4504 2206 4575; baseline -0.005 -11"><span class='ocrx_word' id='word_1_594' title='bbox 663 4522 783 4574; x_wconf 86' lang='lat' dir='ltr'><strong>cem</strong></span> <span class='ocrx_word' id='word_1_595' title='bbox 814 4506 935 4562; x_wconf 89' lang='lat' dir='ltr'><strong>aliis</strong></span> <span class='ocrx_word' id='word_1_596' title='bbox 964 4504 1329 4575; x_wconf 73' lang='lat' dir='ltr'><strong>Evangeficam</strong></span> <span class='ocrx_word' id='word_1_597' title='bbox 1380 4505 1874 4560; x_wconf 78' lang='lat' dir='ltr'><strong>demonstrationem</strong></span> <span class='ocrx_word' id='word_1_598' title='bbox 1928 4511 2012 4559; x_wconf 86' lang='lat' dir='ltr'><strong>est</strong></span> <span class='ocrx_word' id='word_1_599' title='bbox 2055 4519 2206 4558; x_wconf 88' lang='lat' dir='ltr'><strong>com-</strong></span> 
     </span>
    </p>
   </div>
   <div class='ocr_carea' id='block_1_87' title="bbox 665 4595 2210 4673">
    <p class='ocr_par' dir='ltr' id='par_1_87' title="bbox 665 4595 2210 4673">
     <span class='ocr_line' id='line_1_87' title="bbox 665 4595 2210 4673; baseline -0.006 -19"><span class='ocrx_word' id='word_1_600' title='bbox 665 4598 875 4673; x_wconf 88' lang='lat' dir='ltr'><strong>plexus.</strong></span> <span class='ocrx_word' id='word_1_601' title='bbox 905 4595 970 4650; x_wconf 86' lang='lat' dir='ltr'><strong>Et</strong></span> <span class='ocrx_word' id='word_1_602' title='bbox 996 4596 1204 4667; x_wconf 87' lang='lat' dir='ltr'><strong>primus</strong></span> <span class='ocrx_word' id='word_1_603' title='bbox 1233 4595 1346 4666; x_wconf 86' lang='lat' dir='ltr'><strong>ipse</strong></span> <span class='ocrx_word' id='word_1_604' title='bbox 1373 4610 1588 4650; x_wconf 90' lang='lat' dir='ltr'><strong>manum</strong></span> <span class='ocrx_word' id='word_1_605' title='bbox 1619 4595 1870 4667; x_wconf 75' lang='lat' dir='ltr'><strong>praesenti</strong></span> <span class='ocrx_word' id='word_1_606' title='bbox 1895 4600 2210 4664; x_wconf 86' lang='lat' dir='ltr'><strong>argumento</strong></span> 
     </span>
    </p>
   </div>
   <div class='ocr_carea' id='block_1_88' title="bbox 642 4678 2212 4758">
    <p class='ocr_par' dir='ltr' id='par_1_88' title="bbox 642 4678 2212 4758">
     <span class='ocr_line' id='line_1_88' title="bbox 642 4678 2212 4758; baseline -0.007 -12"><span class='ocrx_word' id='word_1_607' title='bbox 642 4688 924 4752; x_wconf 70' lang='lat' dir='ltr'><strong>&#39;Idmovit,</strong></span> <span class='ocrx_word' id='word_1_608' title='bbox 941 4687 1252 4758; x_wconf 84' lang='lat' dir='ltr'><strong>primusque</strong></span> <span class='ocrx_word' id='word_1_609' title='bbox 1280 4685 1446 4740; x_wconf 87' lang='lat' dir='ltr'><strong>libros</strong></span> <span class='ocrx_word' id='word_1_610' title='bbox 1475 4700 1569 4741; x_wconf 87' lang='lat' dir='ltr'><strong>eos</strong></span> <span class='ocrx_word' id='word_1_611' title='bbox 1597 4678 2024 4741; x_wconf 73' lang='lat' dir='ltr'><strong>Ecclesiasticam</strong></span> <span class='ocrx_word' id='word_1_612' title='bbox 2047 4683 2212 4736; x_wconf 70' lang='lat' dir='ltr'><strong>histo-</strong></span> 
     </span>
    </p>
   </div>
   <div class='ocr_carea' id='block_1_89' title="bbox 667 4773 2212 4850">
    <p class='ocr_par' dir='ltr' id='par_1_89' title="bbox 667 4773 2212 4850">
     <span class='ocr_line' id='line_1_89' title="bbox 667 4773 2212 4850; baseline -0.005 -16"><span class='ocrx_word' id='word_1_613' title='bbox 667 4783 804 4834; x_wconf 80' lang='lat' dir='ltr'><strong>riam</strong></span> <span class='ocrx_word' id='word_1_614' title='bbox 830 4778 1137 4850; x_wconf 86' lang='lat' dir='ltr'><strong>appellavit,</strong></span> <span class='ocrx_word' id='word_1_615' title='bbox 1169 4777 1462 4846; x_wconf 89' lang='lat' dir='ltr'><strong>decemque</strong></span> <span class='ocrx_word' id='word_1_616' title='bbox 1483 4791 1600 4830; x_wconf 90' lang='lat' dir='ltr'><strong>eam</strong></span> <span class='ocrx_word' id='word_1_617' title='bbox 1645 4779 1808 4832; x_wconf 92' lang='lat' dir='ltr'><strong>tomis</strong></span> <span class='ocrx_word' id='word_1_618' title='bbox 1839 4774 2088 4830; x_wconf 87' lang='lat' dir='ltr'><strong>absolvit.</strong></span> <span class='ocrx_word' id='word_1_619' title='bbox 2117 4773 2212 4827; x_wconf 84' lang='lat' dir='ltr'><strong>Est</strong></span> 
     </span>
    </p>
   </div>
   <div class='ocr_carea' id='block_1_90' title="bbox 669 4865 2211 4937">
    <p class='ocr_par' dir='ltr' id='par_1_90' title="bbox 669 4865 2211 4937">
     <span class='ocr_line' id='line_1_90' title="bbox 669 4865 2211 4937; baseline -0.005 -14"><span class='ocrx_word' id='word_1_620' title='bbox 669 4866 724 4923; x_wconf 77' lang='lat' dir='ltr'><strong>et</strong></span> <span class='ocrx_word' id='word_1_621' title='bbox 760 4868 906 4922; x_wconf 85' lang='lat' dir='ltr'><strong>aliud</strong></span> <span class='ocrx_word' id='word_1_622' title='bbox 942 4865 1061 4937; x_wconf 83' lang='lat' dir='ltr'><strong>ejus</strong></span> <span class='ocrx_word' id='word_1_623' title='bbox 1104 4868 1374 4931; x_wconf 80' lang='lat' dir='ltr'><strong>volumen,</strong></span> <span class='ocrx_word' id='word_1_624' title='bbox 1423 4866 1478 4920; x_wconf 92' lang='lat' dir='ltr'><strong>in</strong></span> <span class='ocrx_word' id='word_1_625' title='bbox 1511 4881 1619 4935; x_wconf 90' lang='lat' dir='ltr'><strong>quo</strong></span> <span class='ocrx_word' id='word_1_626' title='bbox 1662 4872 1965 4936; x_wconf 82' lang='lat' dir='ltr'><strong>temporum</strong></span> <span class='ocrx_word' id='word_1_627' title='bbox 2013 4873 2211 4919; x_wconf 89' lang='lat' dir='ltr'><strong>certam</strong></span> 
     </span>
    </p>
   </div>
   <div class='ocr_carea' id='block_1_91' title="bbox 674 4953 2213 5033">
    <p class='ocr_par' dir='ltr' id='par_1_91' title="bbox 674 4953 2213 5033">
     <span class='ocr_line' id='line_1_91' title="bbox 674 4953 2213 5033; baseline -0.005 -20"><span class='ocrx_word' id='word_1_628' title='bbox 674 4968 1085 5029; x_wconf 86' lang='lat' dir='ltr'><strong>accuratamque</strong></span> <span class='ocrx_word' id='word_1_629' title='bbox 1107 4959 1368 5013; x_wconf 83' lang='lat' dir='ltr'><strong>rationem</strong></span> <span class='ocrx_word' id='word_1_630' title='bbox 1405 4956 1651 5028; x_wconf 87' lang='lat' dir='ltr'><strong>digessit,</strong></span> <span class='ocrx_word' id='word_1_631' title='bbox 1683 4965 1736 5011; x_wconf 90' lang='lat' dir='ltr'><strong>et</strong></span> <span class='ocrx_word' id='word_1_632' title='bbox 1752 4971 1909 5025; x_wconf 92' lang='lat' dir='ltr'><strong>quem</strong></span> <span class='ocrx_word' id='word_1_633' title='bbox 1948 4953 2213 5033; x_wconf 78' lang='lat' dir='ltr'><strong>Cononem</strong></span> 
     </span>
    </p>
   </div>
   <div class='ocr_carea' id='block_1_92' title="bbox 673 5043 2212 5118">
    <p class='ocr_par' dir='ltr' id='par_1_92' title="bbox 673 5043 2212 5118">
     <span class='ocr_line' id='line_1_92' title="bbox 673 5043 2212 5118; baseline -0.004 -16"><span class='ocrx_word' id='word_1_634' title='bbox 673 5049 977 5118; x_wconf 86' lang='lat' dir='ltr'><strong>appellavit.</strong></span> <span class='ocrx_word' id='word_1_635' title='bbox 1010 5047 1238 5118; x_wconf 88' lang='lat' dir='ltr'><strong>Scripsit</strong></span> <span class='ocrx_word' id='word_1_636' title='bbox 1267 5061 1480 5117; x_wconf 89' lang='lat' dir='ltr'><strong>quoque</strong></span> <span class='ocrx_word' id='word_1_637' title='bbox 1513 5045 1586 5099; x_wconf 87' lang='lat' dir='ltr'><strong>De</strong></span> <span class='ocrx_word' id='word_1_638' title='bbox 1639 5043 1970 5101; x_wconf 79' lang='lat' dir='ltr'><strong>Constantini</strong></span> <span class='ocrx_word' id='word_1_639' title='bbox 2011 5048 2118 5101; x_wconf 81' lang='lat' dir='ltr'><strong>vita</strong></span> <span class='ocrx_word' id='word_1_640' title='bbox 2149 5045 2212 5097; x_wconf 93' lang='lat' dir='ltr'><strong>li-</strong></span> 
     </span>
    </p>
   </div>
   <div class='ocr_carea' id='block_1_93' title="bbox 671 5139 2212 5213">
    <p class='ocr_par' dir='ltr' id='par_1_93' title="bbox 671 5139 2212 5213">
     <span class='ocr_line' id='line_1_93' title="bbox 671 5139 2212 5213; baseline -0.005 -15"><span class='ocrx_word' id='word_1_641' title='bbox 671 5142 802 5198; x_wconf 76' lang='lat' dir='ltr'><strong>bros</strong></span> <span class='ocrx_word' id='word_1_642' title='bbox 833 5143 1088 5213; x_wconf 90' lang='lat' dir='ltr'><strong>quinque.</strong></span> <span class='ocrx_word' id='word_1_643' title='bbox 1138 5142 1318 5196; x_wconf 88' lang='lat' dir='ltr'><strong>Edidit</strong></span> <span class='ocrx_word' id='word_1_644' title='bbox 1349 5149 1403 5196; x_wconf 90' lang='lat' dir='ltr'><strong>et</strong></span> <span class='ocrx_word' id='word_1_645' title='bbox 1435 5141 1598 5194; x_wconf 90' lang='lat' dir='ltr'><strong>alium</strong></span> <span class='ocrx_word' id='word_1_646' title='bbox 1642 5139 1710 5193; x_wconf 90' lang='lat' dir='ltr'><strong>ad</strong></span> <span class='ocrx_word' id='word_1_647' title='bbox 1757 5140 2003 5195; x_wconf 90' lang='lat' dir='ltr'><strong>eumdem</strong></span> <span class='ocrx_word' id='word_1_648' title='bbox 2052 5152 2212 5206; x_wconf 90' lang='lat' dir='ltr'><strong>quem</strong></span> 
     </span>
    </p>
   </div>
   <div class='ocr_carea' id='block_1_94' title="bbox 677 5230 2212 5305">
    <p class='ocr_par' dir='ltr' id='par_1_94' title="bbox 677 5230 2212 5305">
     <span class='ocr_line' id='line_1_94' title="bbox 677 5230 2212 5305; baseline -0.007 -13"><span class='ocrx_word' id='word_1_649' title='bbox 677 5234 1030 5292; x_wconf 81' lang='lat' dir='ltr'><strong>Tricennalem</strong></span> <span class='ocrx_word' id='word_1_650' title='bbox 1059 5235 1352 5305; x_wconf 89' lang='lat' dir='ltr'><strong>inscripsit.</strong></span> <span class='ocrx_word' id='word_1_651' title='bbox 1384 5233 1462 5288; x_wconf 82' lang='lat' dir='ltr'><strong>Ad</strong></span> <span class='ocrx_word' id='word_1_652' title='bbox 1507 5231 1835 5302; x_wconf 87' lang='lat' dir='ltr'><strong>Stephanum</strong></span> <span class='ocrx_word' id='word_1_653' title='bbox 1864 5233 1992 5286; x_wconf 91' lang='lat' dir='ltr'><strong>item</strong></span> <span class='ocrx_word' id='word_1_654' title='bbox 2027 5230 2212 5296; x_wconf 87' lang='lat' dir='ltr'><strong>alium,</strong></span> 
     </span>
    </p>
   </div>
   <div class='ocr_carea' id='block_1_95' title="bbox 673 5321 2215 5396">
    <p class='ocr_par' dir='ltr' id='par_1_95' title="bbox 673 5321 2215 5396">
     <span class='ocr_line' id='line_1_95' title="bbox 673 5321 2215 5396; baseline -0.002 -18"><span class='ocrx_word' id='word_1_655' title='bbox 673 5323 741 5379; x_wconf 91' lang='lat' dir='ltr'><strong>de</strong></span> <span class='ocrx_word' id='word_1_656' title='bbox 762 5321 974 5395; x_wconf 66' lang='lat' dir='ltr'><strong>iisquae</strong></span> <span class='ocrx_word' id='word_1_657' title='bbox 1005 5327 1060 5380; x_wconf 88' lang='lat' dir='ltr'><strong>in</strong></span> <span class='ocrx_word' id='word_1_658' title='bbox 1097 5323 1405 5396; x_wconf 83' lang='lat' dir='ltr'><strong>Evangeliis</strong></span> <span class='ocrx_word' id='word_1_659' title='bbox 1440 5325 1496 5378; x_wconf 90' lang='lat' dir='ltr'><strong>in</strong></span> <span class='ocrx_word' id='word_1_660' title='bbox 1522 5322 1743 5378; x_wconf 90' lang='lat' dir='ltr'><strong>dubium</strong></span> <span class='ocrx_word' id='word_1_661' title='bbox 1776 5337 1871 5378; x_wconf 90' lang='lat' dir='ltr'><strong>seu</strong></span> <span class='ocrx_word' id='word_1_662' title='bbox 1893 5321 2215 5391; x_wconf 85' lang='lat' dir='ltr'><strong>disputatio-</strong></span> 
     </span>
    </p>
   </div>
   <div class='ocr_carea' id='block_1_96' title="bbox 677 5412 2214 5482">
    <p class='ocr_par' dir='ltr' id='par_1_96' title="bbox 677 5412 2214 5482">
     <span class='ocr_line' id='line_1_96' title="bbox 677 5412 2214 5482; baseline -0.002 -14"><span class='ocrx_word' id='word_1_663' title='bbox 677 5430 798 5469; x_wconf 90' lang='lat' dir='ltr'><strong>nem</strong></span> <span class='ocrx_word' id='word_1_664' title='bbox 825 5421 1104 5470; x_wconf 91' lang='lat' dir='ltr'><strong>vocantur.</strong></span> <span class='ocrx_word' id='word_1_665' title='bbox 1146 5413 1249 5470; x_wconf 90' lang='lat' dir='ltr'><strong>Sed</strong></span> <span class='ocrx_word' id='word_1_666' title='bbox 1288 5423 1342 5471; x_wconf 91' lang='lat' dir='ltr'><strong>et</strong></span> <span class='ocrx_word' id='word_1_667' title='bbox 1385 5415 1489 5468; x_wconf 89' lang='lat' dir='ltr'><strong>alia</strong></span> <span class='ocrx_word' id='word_1_668' title='bbox 1542 5413 1690 5467; x_wconf 85' lang='lat' dir='ltr'><strong>varia</strong></span> <span class='ocrx_word' id='word_1_669' title='bbox 1726 5413 1945 5482; x_wconf 88' lang='lat' dir='ltr'><strong>reliquit</strong></span> <span class='ocrx_word' id='word_1_670' title='bbox 1995 5412 2214 5480; x_wconf 89' lang='lat' dir='ltr'><strong>scripta,</strong></span> 
     </span>
    </p>
   </div>
   <div class='ocr_carea' id='block_1_97' title="bbox 676 5500 2213 5573">
    <p class='ocr_par' dir='ltr' id='par_1_97' title="bbox 676 5500 2213 5573">
     <span class='ocr_line' id='line_1_97' title="bbox 676 5500 2213 5573; baseline -0.001 -17"><span class='ocrx_word' id='word_1_671' title='bbox 676 5518 797 5573; x_wconf 65' lang='lat' dir='ltr'><strong>qua:</strong></span> <span class='ocrx_word' id='word_1_672' title='bbox 848 5505 1073 5558; x_wconf 89' lang='lat' dir='ltr'><strong>multum</strong></span> <span class='ocrx_word' id='word_1_673' title='bbox 1121 5502 1374 5560; x_wconf 73' lang='lat' dir='ltr'><strong>Ecclesia:</strong></span> <span class='ocrx_word' id='word_1_674' title='bbox 1431 5502 1662 5558; x_wconf 67' lang='lat' dir='ltr'><strong>afferunt</strong></span> <span class='ocrx_word' id='word_1_675' title='bbox 1700 5503 1969 5556; x_wconf 88' lang='lat' dir='ltr'><strong>utilitatis.</strong></span> <span class='ocrx_word' id='word_1_676' title='bbox 2017 5500 2213 5556; x_wconf 85' lang='lat' dir='ltr'><strong>Verum</strong></span> 
     </span>
    </p>
   </div>
   <div class='ocr_carea' id='block_1_98' title="bbox 677 5593 2214 5664">
    <p class='ocr_par' dir='ltr' id='par_1_98' title="bbox 677 5593 2214 5664">
     <span class='ocr_line' id='line_1_98' title="bbox 677 5593 2214 5664; baseline 0 -18"><span class='ocrx_word' id='word_1_677' title='bbox 677 5593 951 5648; x_wconf 89' lang='lat' dir='ltr'><strong>enimvero</strong></span> <span class='ocrx_word' id='word_1_678' title='bbox 973 5593 1185 5649; x_wconf 90' lang='lat' dir='ltr'><strong>etiamsi</strong></span> <span class='ocrx_word' id='word_1_679' title='bbox 1215 5595 1338 5648; x_wconf 83' lang='lat' dir='ltr'><strong>talis</strong></span> <span class='ocrx_word' id='word_1_680' title='bbox 1372 5595 1566 5658; x_wconf 89' lang='lat' dir='ltr'><strong>fuerit,</strong></span> <span class='ocrx_word' id='word_1_681' title='bbox 1593 5595 1648 5648; x_wconf 93' lang='lat' dir='ltr'><strong>in</strong></span> <span class='ocrx_word' id='word_1_682' title='bbox 1678 5593 1861 5649; x_wconf 91' lang='lat' dir='ltr'><strong>multis</strong></span> <span class='ocrx_word' id='word_1_683' title='bbox 1895 5599 2078 5648; x_wconf 88' lang='lat' dir='ltr'><strong>tamen</strong></span> <span class='ocrx_word' id='word_1_684' title='bbox 2117 5607 2214 5664; x_wconf 90' lang='lat' dir='ltr'><strong>ap-</strong></span> 
     </span>
    </p>
   </div>
   <div class='ocr_carea' id='block_1_99' title="bbox 681 5683 2072 5763">
    <p class='ocr_par' dir='ltr' id='par_1_99' title="bbox 681 5683 2072 5763">
     <span class='ocr_line' id='line_1_99' title="bbox 681 5683 2072 5763; baseline 0.001 -27"><span class='ocrx_word' id='word_1_685' title='bbox 681 5689 851 5748; x_wconf 81' lang='lat' dir='ltr'><strong>paret,</strong></span> <span class='ocrx_word' id='word_1_686' title='bbox 875 5699 1000 5745; x_wconf 84' lang='lat' dir='ltr'><strong>eum</strong></span> <span class='ocrx_word' id='word_1_687' title='bbox 1023 5683 1138 5739; x_wconf 81' lang='lat' dir='ltr'><strong>Arii</strong></span> <span class='ocrx_word' id='word_1_688' title='bbox 1167 5684 1486 5742; x_wconf 83' lang='lat' dir='ltr'><strong>sententiam</strong></span> <span class='ocrx_word' id='word_1_689' title='bbox 1513 5684 1914 5755; x_wconf 85' lang='lat' dir='ltr'><strong>comprobasse,</strong></span> <span class='ocrx_word' id='word_1_690' title='bbox 1935 5690 2072 5763; x_wconf 19' lang='lat' dir='ltr'><strong>etes</strong></span> 
     </span>
    </p>
   </div>
   <div class='ocr_carea' id='block_1_100' title="bbox 2309 4499 3862 4574">
    <p class='ocr_par' dir='ltr' id='par_1_100' title="bbox 2309 4499 3862 4574">
     <span class='ocr_line' id='line_1_100' title="bbox 2309 4499 3862 4574; baseline 0.004 -20"><span class='ocrx_word' id='word_1_691' title='bbox 2309 4499 2717 4570; x_wconf 67' lang='grc' dir='ltr'><strong>Εὑαγγελικὴν</strong></span> <span class='ocrx_word' id='word_1_692' title='bbox 2758 4503 3058 4574; x_wconf 79' lang='grc' dir='ltr'>συγγράφει</span> <span class='ocrx_word' id='word_1_693' title='bbox 3105 4504 3630 4574; x_wconf 75' lang='grc' dir='ltr'>προπαρασκευὴν,</span> <span class='ocrx_word' id='word_1_694' title='bbox 3669 4507 3764 4560; x_wconf 77' lang='grc' dir='ltr'><strong>καὶ</strong></span> <span class='ocrx_word' id='word_1_695' title='bbox 3797 4499 3862 4560; x_wconf 81' lang='grc' dir='ltr'>ἐν</span> 
     </span>
    </p>
   </div>
   <div class='ocr_carea' id='block_1_101' title="bbox 2308 4581 3866 4668">
    <p class='ocr_par' dir='ltr' id='par_1_101' title="bbox 2308 4581 3866 4668">
     <span class='ocr_line' id='line_1_101' title="bbox 2308 4581 3866 4668; baseline 0.003 -23"><span class='ocrx_word' id='word_1_696' title='bbox 2308 4591 2436 4645; x_wconf 85' lang='grc' dir='ltr'>δέκα</span> <span class='ocrx_word' id='word_1_697' title='bbox 2465 4592 2621 4646; x_wconf 84' lang='grc' dir='ltr'>πάλιν</span> <span class='ocrx_word' id='word_1_698' title='bbox 2659 4593 2757 4666; x_wconf 76' lang='grc' dir='ltr'>τὴν</span> <span class='ocrx_word' id='word_1_699' title='bbox 2785 4581 3544 4666; x_wconf 63' lang='grc' dir='ltr'><strong>Εὑὰγ-τελικὴνᾰπόδειξιν.</strong></span> <span class='ocrx_word' id='word_1_700' title='bbox 3577 4599 3683 4651; x_wconf 81' lang='grc' dir='ltr'><strong>Καὶ</strong></span> <span class='ocrx_word' id='word_1_701' title='bbox 3712 4597 3866 4668; x_wconf 80' lang='grc' dir='ltr'>πρῶ-</span> 
     </span>
    </p>
   </div>
   <div class='ocr_carea' id='block_1_102' title="bbox 2308 4672 3864 4760">
    <p class='ocr_par' dir='ltr' id='par_1_102' title="bbox 2308 4672 3864 4760">
     <span class='ocr_line' id='line_1_102' title="bbox 2308 4672 3864 4760; baseline 0.006 -25"><span class='ocrx_word' id='word_1_702' title='bbox 2308 4701 2398 4747; x_wconf 87' lang='grc' dir='ltr'><strong>τος</strong></span> <span class='ocrx_word' id='word_1_703' title='bbox 2422 4676 2576 4747; x_wconf 71' lang='grc' dir='ltr'>οὗτος</span> <span class='ocrx_word' id='word_1_704' title='bbox 2615 4687 2680 4755; x_wconf 82' lang='grc' dir='ltr'><strong>τῇ</strong></span> <span class='ocrx_word' id='word_1_705' title='bbox 2709 4687 2863 4756; x_wconf 76' lang='grc' dir='ltr'><strong>μετά</strong></span> <span class='ocrx_word' id='word_1_706' title='bbox 2891 4692 3077 4760; x_wconf 85' lang='grc' dir='ltr'>χεῖρας</span> <span class='ocrx_word' id='word_1_707' title='bbox 3118 4672 3365 4742; x_wconf 84' lang='grc' dir='ltr'>ὑποθέσει</span> <span class='ocrx_word' id='word_1_708' title='bbox 3413 4689 3690 4753; x_wconf 77' lang='grc' dir='ltr'>ἐπέϐαλεν,</span> <span class='ocrx_word' id='word_1_709' title='bbox 3733 4691 3864 4744; x_wconf 79' lang='grc' dir='ltr'><strong>Ἐκ-</strong></span> 
     </span>
    </p>
   </div>
   <div class='ocr_carea' id='block_1_103' title="bbox 2311 4775 3863 4851">
    <p class='ocr_par' dir='ltr' id='par_1_103' title="bbox 2311 4775 3863 4851">
     <span class='ocr_line' id='line_1_103' title="bbox 2311 4775 3863 4851; baseline 0.005 -24"><span class='ocrx_word' id='word_1_710' title='bbox 2311 4775 2750 4844; x_wconf 72' lang='grc' dir='ltr'>κλησιαστικὴν</span> <span class='ocrx_word' id='word_1_711' title='bbox 2785 4780 3052 4847; x_wconf 81' lang='grc' dir='ltr'>ἱστορίαν</span> <span class='ocrx_word' id='word_1_712' title='bbox 3085 4779 3295 4850; x_wconf 84' lang='grc' dir='ltr'>πρῶτος</span> <span class='ocrx_word' id='word_1_713' title='bbox 3339 4780 3606 4851; x_wconf 82' lang='grc' dir='ltr'>ὀνομάσας</span> <span class='ocrx_word' id='word_1_714' title='bbox 3639 4781 3736 4851; x_wconf 82' lang='grc' dir='ltr'>τὴν</span> <span class='ocrx_word' id='word_1_715' title='bbox 3773 4780 3863 4850; x_wconf 81' lang='grc' dir='ltr'>βί-</span> 
     </span>
    </p>
   </div>
   <div class='ocr_carea' id='block_1_104' title="bbox 2311 4863 3863 4942">
    <p class='ocr_par' dir='ltr' id='par_1_104' title="bbox 2311 4863 3863 4942">
     <span class='ocr_line' id='line_1_104' title="bbox 2311 4863 3863 4942; baseline 0.006 -26"><span class='ocrx_word' id='word_1_716' title='bbox 2311 4863 2433 4917; x_wconf 90' lang='grc' dir='ltr'>ϐλον</span> <span class='ocrx_word' id='word_1_717' title='bbox 2453 4881 2467 4895; x_wconf 75' lang='grc' dir='ltr'><strong><em>ο</em></strong></span> <span class='ocrx_word' id='word_1_718' title='bbox 2489 4864 2619 4920; x_wconf 79' lang='grc' dir='ltr'>δέκα</span> <span class='ocrx_word' id='word_1_719' title='bbox 2645 4866 2689 4919; x_wconf 82' lang='grc' dir='ltr'>δ’</span> <span class='ocrx_word' id='word_1_720' title='bbox 2715 4869 2770 4920; x_wconf 85' lang='grc' dir='ltr'>ὲν</span> <span class='ocrx_word' id='word_1_721' title='bbox 2793 4868 2978 4942; x_wconf 73' lang='grc' dir='ltr'>τᾷμοις</span> <span class='ocrx_word' id='word_1_722' title='bbox 3010 4869 3165 4922; x_wconf 82' lang='grc' dir='ltr'>τοῦτο</span> <span class='ocrx_word' id='word_1_723' title='bbox 3193 4871 3253 4923; x_wconf 89' lang='grc' dir='ltr'>τὸ</span> <span class='ocrx_word' id='word_1_724' title='bbox 3278 4871 3556 4940; x_wconf 84' lang='grc' dir='ltr'>σύνταγμα</span> <span class='ocrx_word' id='word_1_725' title='bbox 3586 4872 3863 4942; x_wconf 86' lang='grc' dir='ltr'>περικλεί-</span> 
     </span>
    </p>
   </div>
   <div class='ocr_carea' id='block_1_105' title="bbox 2312 4936 3864 5030">
    <p class='ocr_par' dir='ltr' id='par_1_105' title="bbox 2312 4936 3864 5030">
     <span class='ocr_line' id='line_1_105' title="bbox 2312 4936 3864 5030; baseline 0.008 -26"><span class='ocrx_word' id='word_1_726' title='bbox 2312 4971 2445 5006; x_wconf 85' lang='grc' dir='ltr'>εται.</span> <span class='ocrx_word' id='word_1_727' title='bbox 2477 4953 2582 5007; x_wconf 78' lang='grc' dir='ltr'><strong>Καὶ</strong></span> <span class='ocrx_word' id='word_1_728' title='bbox 2618 4955 2747 5026; x_wconf 81' lang='grc' dir='ltr'>ἄλλη</span> <span class='ocrx_word' id='word_1_729' title='bbox 2789 4936 2871 5010; x_wconf 58' lang='grc' dir='ltr'><strong>δέ</strong></span> <span class='ocrx_word' id='word_1_730' title='bbox 2893 4956 3054 5010; x_wconf 81' lang='grc' dir='ltr'>αὐτοῦ</span> <span class='ocrx_word' id='word_1_731' title='bbox 3096 4957 3269 5026; x_wconf 84' lang='grc' dir='ltr'>βίϐλος</span> <span class='ocrx_word' id='word_1_732' title='bbox 3305 4936 3614 5030; x_wconf 76' lang='grc' dir='ltr'>ἐμφέρεται,</span> <span class='ocrx_word' id='word_1_733' title='bbox 3651 4936 3715 5030; x_wconf 57' lang='grc' dir='ltr'>ἦν</span> <span class='ocrx_word' id='word_1_734' title='bbox 3743 4965 3864 5016; x_wconf 83' lang='lat' dir='ltr'><strong>Ka-</strong></span> 
     </span>
    </p>
   </div>
   <div class='ocr_carea' id='block_1_106' title="bbox 2312 5045 3866 5124">
    <p class='ocr_par' dir='ltr' id='par_1_106' title="bbox 2312 5045 3866 5124">
     <span class='ocr_line' id='line_1_106' title="bbox 2312 5045 3866 5124; baseline 0.005 -28"><span class='ocrx_word' id='word_1_735' title='bbox 2312 5045 2460 5097; x_wconf 72' lang='grc' dir='ltr'><strong>νόνα</strong></span> <span class='ocrx_word' id='word_1_736' title='bbox 2488 5046 2784 5118; x_wconf 72' lang='grc' dir='ltr'>ἐπέγραψε,</span> <span class='ocrx_word' id='word_1_737' title='bbox 2815 5045 2912 5111; x_wconf 75' lang='grc' dir='ltr'>τὰς</span> <span class='ocrx_word' id='word_1_738' title='bbox 2951 5049 3058 5102; x_wconf 82' lang='grc' dir='ltr'><strong>τῶν</strong></span> <span class='ocrx_word' id='word_1_739' title='bbox 3092 5051 3295 5122; x_wconf 86' lang='grc' dir='ltr'>χρόνων</span> <span class='ocrx_word' id='word_1_740' title='bbox 3333 5049 3694 5122; x_wconf 82' lang='grc' dir='ltr'>ἀκριϐουμένη</span> <span class='ocrx_word' id='word_1_741' title='bbox 3727 5069 3866 5124; x_wconf 86' lang='grc' dir='ltr'>γρα-</span> 
     </span>
    </p>
   </div>
   <div class='ocr_carea' id='block_1_107' title="bbox 2314 5133 3864 5210">
    <p class='ocr_par' dir='ltr' id='par_1_107' title="bbox 2314 5133 3864 5210">
     <span class='ocr_line' id='line_1_107' title="bbox 2314 5133 3864 5210; baseline 0.006 -23"><span class='ocrx_word' id='word_1_742' title='bbox 2314 5134 2438 5202; x_wconf 82' lang='grc' dir='ltr'>φάς.</span> <span class='ocrx_word' id='word_1_743' title='bbox 2454 5141 2495 5191; x_wconf 84' lang='grc' dir='ltr'>Κ</span> <span class='ocrx_word' id='word_1_744' title='bbox 2504 5139 2557 5191; x_wconf 70' lang='grc' dir='ltr'>αὶ</span> <span class='ocrx_word' id='word_1_745' title='bbox 2575 5142 2614 5188; x_wconf 81' lang='lat' dir='ltr'><strong>E</strong></span> <span class='ocrx_word' id='word_1_746' title='bbox 2621 5141 2666 5201; x_wconf 75' lang='grc' dir='ltr'>ἐς</span> <span class='ocrx_word' id='word_1_747' title='bbox 2683 5133 2792 5188; x_wconf 83' lang='grc' dir='ltr'><strong>τὸν</strong></span> <span class='ocrx_word' id='word_1_748' title='bbox 2799 5135 2945 5198; x_wconf 82' lang='grc' dir='ltr'>,βίον</span> <span class='ocrx_word' id='word_1_749' title='bbox 2956 5135 3014 5189; x_wconf 77' lang='grc' dir='ltr'>δὲ</span> <span class='ocrx_word' id='word_1_750' title='bbox 3025 5141 3437 5194; x_wconf 76' lang='grc' dir='ltr'>Κωνσταντίνο</span> <span class='ocrx_word' id='word_1_751' title='bbox 3447 5161 3474 5189; x_wconf 70' lang='grc' dir='ltr'><strong>ιι</strong></span> <span class='ocrx_word' id='word_1_752' title='bbox 3492 5141 3648 5195; x_wconf 88' lang='grc' dir='ltr'>πέντε</span> <span class='ocrx_word' id='word_1_753' title='bbox 3675 5142 3864 5210; x_wconf 88' lang='grc' dir='ltr'>λόγους</span> 
     </span>
    </p>
   </div>
   <div class='ocr_carea' id='block_1_108' title="bbox 2314 5222 3867 5302">
    <p class='ocr_par' dir='ltr' id='par_1_108' title="bbox 2314 5222 3867 5302">
     <span class='ocr_line' id='line_1_108' title="bbox 2314 5222 3867 5302; baseline 0.007 -25"><span class='ocrx_word' id='word_1_754' title='bbox 2314 5224 2566 5289; x_wconf 67' lang='grc' dir='ltr'>ὲξέδωκεο</span> <span class='ocrx_word' id='word_1_755' title='bbox 2604 5229 2697 5280; x_wconf 76' lang='grc' dir='ltr'><strong>καὶ</strong></span> <span class='ocrx_word' id='word_1_756' title='bbox 2731 5222 2912 5300; x_wconf 75' lang='grc' dir='ltr'>ἕτερον</span> <span class='ocrx_word' id='word_1_757' title='bbox 2951 5229 3008 5282; x_wconf 83' lang='grc' dir='ltr'>δὲ</span> <span class='ocrx_word' id='word_1_758' title='bbox 3045 5231 3178 5302; x_wconf 78' lang='grc' dir='ltr'>πρὸς</span> <span class='ocrx_word' id='word_1_759' title='bbox 3214 5231 3392 5295; x_wconf 86' lang='grc' dir='ltr'>αὐτὸν,</span> <span class='ocrx_word' id='word_1_760' title='bbox 3420 5230 3480 5282; x_wconf 85' lang='grc' dir='ltr'>ὂν</span> <span class='ocrx_word' id='word_1_761' title='bbox 3527 5235 3867 5300; x_wconf 79' lang='grc' dir='ltr'>Τριακοντα-</span> 
     </span>
    </p>
   </div>
   <div class='ocr_carea' id='block_1_109' title="bbox 2313 5317 3867 5393">
    <p class='ocr_par' dir='ltr' id='par_1_109' title="bbox 2313 5317 3867 5393">
     <span class='ocr_line' id='line_1_109' title="bbox 2313 5317 3867 5393; baseline 0.005 -24"><span class='ocrx_word' id='word_1_762' title='bbox 2313 5317 2582 5383; x_wconf 68' lang='lat' dir='ltr'><strong>ermotde</strong></span> <span class='ocrx_word' id='word_1_763' title='bbox 2611 5319 2929 5389; x_wconf 70' lang='grc' dir='ltr'><strong>ἐῑπιγρέιφει⁹</strong></span> <span class='ocrx_word' id='word_1_764' title='bbox 2959 5322 3051 5374; x_wconf 80' lang='grc' dir='ltr'><strong>καὶ</strong></span> <span class='ocrx_word' id='word_1_765' title='bbox 3086 5323 3338 5391; x_wconf 85' lang='grc' dir='ltr'>Στεφάνῳ</span> <span class='ocrx_word' id='word_1_766' title='bbox 3367 5323 3492 5393; x_wconf 78' lang='grc' dir='ltr'>περὶ</span> <span class='ocrx_word' id='word_1_767' title='bbox 3521 5324 3632 5376; x_wconf 86' lang='grc' dir='ltr'>τῶν</span> <span class='ocrx_word' id='word_1_768' title='bbox 3663 5325 3721 5376; x_wconf 81' lang='grc' dir='ltr'>ὲν</span> <span class='ocrx_word' id='word_1_769' title='bbox 3751 5329 3867 5390; x_wconf 78' lang='grc' dir='ltr'>τοῖς</span> 
     </span>
    </p>
   </div>
   <div class='ocr_carea' id='block_1_110' title="bbox 2317 5409 3864 5484">
    <p class='ocr_par' dir='ltr' id='par_1_110' title="bbox 2317 5409 3864 5484">
     <span class='ocr_line' id='line_1_110' title="bbox 2317 5409 3864 5484; baseline 0.006 -26"><span class='ocrx_word' id='word_1_770' title='bbox 2317 5409 2480 5477; x_wconf 87' lang='grc' dir='ltr'>ἱεροῖς</span> <span class='ocrx_word' id='word_1_771' title='bbox 2526 5409 2869 5478; x_wconf 86' lang='grc' dir='ltr'>Εὐαγγελίοις</span> <span class='ocrx_word' id='word_1_772' title='bbox 2901 5412 3281 5483; x_wconf 85' lang='grc' dir='ltr'>ἀπορουμένων</span> <span class='ocrx_word' id='word_1_773' title='bbox 3319 5412 3500 5483; x_wconf 75' lang='grc' dir='ltr'>ἕτερον</span> <span class='ocrx_word' id='word_1_774' title='bbox 3548 5413 3864 5484; x_wconf 67' lang='grc' dir='ltr'>ἀνατίθησιν</span> 
     </span>
    </p>
   </div>
   <div class='ocr_carea' id='block_1_111' title="bbox 2314 5498 3861 5578">
    <p class='ocr_par' dir='ltr' id='par_1_111' title="bbox 2314 5498 3861 5578">
     <span class='ocr_line' id='line_1_111' title="bbox 2314 5498 3861 5578; baseline 0.006 -27"><span class='ocrx_word' id='word_1_775' title='bbox 2314 5499 2407 5551; x_wconf 77' lang='grc' dir='ltr'><strong>καὶ</strong></span> <span class='ocrx_word' id='word_1_776' title='bbox 2431 5498 2562 5553; x_wconf 78' lang='grc' dir='ltr'>ἄλλα</span> <span class='ocrx_word' id='word_1_777' title='bbox 2588 5500 2816 5572; x_wconf 82' lang='grc' dir='ltr'>διάφορα</span> <span class='ocrx_word' id='word_1_778' title='bbox 2845 5505 3241 5574; x_wconf 60' lang='grc' dir='ltr'>συγγράμματα</span> <span class='ocrx_word' id='word_1_779' title='bbox 3267 5505 3634 5570; x_wconf 77' lang='grc' dir='ltr'>καταλέλοιπε,</span> <span class='ocrx_word' id='word_1_780' title='bbox 3667 5505 3861 5578; x_wconf 70' lang='grc' dir='ltr'>πολλὴν</span> 
     </span>
    </p>
   </div>
   <div class='ocr_carea' id='block_1_112' title="bbox 2313 5589 3842 5668">
    <p class='ocr_par' dir='ltr' id='par_1_112' title="bbox 2313 5589 3842 5668">
     <span class='ocr_line' id='line_1_112' title="bbox 2313 5589 3842 5668; baseline 0.008 -27"><span class='ocrx_word' id='word_1_781' title='bbox 2313 5589 2494 5659; x_wconf 71' lang='grc' dir='ltr'>ὄνησιν</span> <span class='ocrx_word' id='word_1_782' title='bbox 2535 5595 2599 5662; x_wconf 79' lang='grc' dir='ltr'>τῇ</span> <span class='ocrx_word' id='word_1_783' title='bbox 2635 5593 2924 5666; x_wconf 71' lang='grc' dir='ltr'>Ἐκκλησία</span> <span class='ocrx_word' id='word_1_784' title='bbox 2958 5596 3292 5665; x_wconf 83' lang='grc' dir='ltr'>είσφέροντα.</span> <span class='ocrx_word' id='word_1_785' title='bbox 3332 5597 3475 5668; x_wconf 78' lang='grc' dir='ltr'>Πλὴν</span> <span class='ocrx_word' id='word_1_786' title='bbox 3499 5596 3736 5663; x_wconf 79' lang='grc' dir='ltr'>τοιοῦτος</span> <span class='ocrx_word' id='word_1_787' title='bbox 3765 5597 3842 5653; x_wconf 80' lang='grc' dir='ltr'>ὢν</span> 
     </span>
    </p>
   </div>
   <div class='ocr_carea' id='block_1_113' title="bbox 2315 5682 3794 5761">
    <p class='ocr_par' dir='ltr' id='par_1_113' title="bbox 2315 5682 3794 5761">
     <span class='ocr_line' id='line_1_113' title="bbox 2315 5682 3794 5761; baseline 0.009 -27"><span class='ocrx_word' id='word_1_788' title='bbox 2315 5682 2372 5736; x_wconf 81' lang='grc' dir='ltr'>ὲν</span> <span class='ocrx_word' id='word_1_789' title='bbox 2399 5683 2606 5749; x_wconf 85' lang='grc' dir='ltr'>πολλοῖς</span> <span class='ocrx_word' id='word_1_790' title='bbox 2631 5685 2872 5756; x_wconf 84' lang='grc' dir='ltr'>φαίνεται</span> <span class='ocrx_word' id='word_1_791' title='bbox 2903 5687 2970 5742; x_wconf 87' lang='grc' dir='ltr'><strong>τά</strong></span> <span class='ocrx_word' id='word_1_792' title='bbox 3010 5689 3214 5760; x_wconf 81' lang='grc' dir='ltr'>Ἀρείου</span> <span class='ocrx_word' id='word_1_793' title='bbox 3241 5689 3570 5761; x_wconf 83' lang='grc' dir='ltr'>πρεσϐεύων,</span> <span class='ocrx_word' id='word_1_794' title='bbox 3597 5708 3652 5748; x_wconf 83' lang='grc' dir='ltr'><strong>κ.</strong></span> <span class='ocrx_word' id='word_1_795' title='bbox 3675 5689 3764 5745; x_wconf 82' lang='grc' dir='ltr'><strong>τ.)</strong></span> <span class='ocrx_word' id='word_1_796' title='bbox 3791 5745 3794 5748; x_wconf 83' lang='lat'><strong>.</strong></span> 
     </span>
    </p>
   </div>
  </div>
