4142 6306
264 494 315 560 ἰι
1163 512 1517 574 tVETERUM
1557 514 1970 573 TES'I‘IMOMA
2006 519 2144 577 Ριιο
2176 522 2483 580 EUSEBIO.

3373 519 3443 573 83

1180 608 1262 662 Ex
1286 610 1431 665 Actis
1468 614 1837 679 manuscriptis
1872 617 2039 668 sancti
2066 614 2304 675 Silvestri
2333 635 2499 689 papw.

321 751 548 816 Εὐσέϐιος
573 757 603 807 ὁ
632 756 927 826 Παμφίλου,
955 760 1052 830 τὴν
1090 762 1626 834 Ἐκτκλησιαστικὴν
1668 784 1791 836 συγ-
1820 773 1864 828 Α
1965 764 2238 835 llistoriog

1965 764 2443 835 llistoriographus
2465 771 2649 819 noster
2676 752 2943 819 Eusebius
2970 760 3319 819 Caesariensis
3345 764 3437 819 Pa-

267 845 461 913 γράφων
498 847 807 914 Ἱστορίαν,
826 851 1087 921 παρέλιπε
1111 856 1235 925 περὶ
1267 858 1493 910 ἑκάστου
1526 858 1692 912 ταῦτα
1716 864 1793 912 sia

264 936 383 998 πεῖν,
397 936 525 1005 ἅπερ
537 938 593 988 ὲν
612 938 787 1002 ἄλλοις
806 942 1165 1009 συντάγμασιν
1180 944 1429 1013 ἔφρασεν·
1448 950 1790 1021 ἐνέθεικεν(α)

268 1024 357 1095 γὰρ
384 1026 559 1081 ἕνδεκα
586 1028 763 1097 λόγοις
783 1031 851 1084 τὰ
875 1033 1168 1105 παθήματα
1200 1038 1379 1107 σχεδὸν
1398 1040 1503 1093 τῶν
1523 1044 1578 1094 ἐν
1597 1044 1791 1105 πάσαις

264 1121 363 1180 ταῖς
387 1120 663 1191 ἐπαρχίαις
702 1124 1047 1196 ἁΟλησάντων
1099 1131 1387 1201 μαρτύρων
1436 1134 1528 1186 καὶ
1575 1135 1789 1187 ἐπισκό-

266 1226 381 1269 πων,
423 1213 510 1264 καὶ
542 1214 913 1287 ὁμολογητῶν·
958 1221 1016 1272 οὐ
1066 1222 1168 1291 μὴν
1210 1223 1345 1276 ἀλλὰ
1389 1224 1657 1292 γυναικῶν
1700 1228 1792 1279 καὶ

262 1301 529 1371 παρθένων,
554 1306 673 1359 ὅσαι
699 1309 926 1381 ἀνδρείῳ
964 1314 1264 1385 φρονήματι
1293 1316 1379 1368 διὰ
1406 1316 1495 1368 τὸν
1516 1316 1790 1387 Δεσπότην

260 1394 555 1462 ἠγωνίσαντο
597 1399 851 1470 Χριστὸν,
894 1404 1252 1475 ἀνεγράψατο.
1288 1408 1396 1460 Καὶ
1438 1400 1589 1471 οὗτος
1636 1410 1791 1479 μόνος

261 1484 351 1535 τῶν
388 1486 686 1543 ἐπισκόπων
724 1493 830 1545 ἀπὸ
861 1494 952 1547 τοῦ
994 1496 1286 1550 ἀποστόλου
1311 1500 1539 1570 Πέτρου,
1567 1501 1658 1553 καὶ
1687 1519 1787 1553 κα-

259 1572 412 1644 θεξῆς,
442 1578 506 1629 τὰ
544 1580 836 1653 παθήματα
875 1585 1011 1639 κατά
1044 1588 1195 1651 τάξιν
1232 1590 1547 1661 ἐξηγήσατο.
1576 1593 1791 1645 Τούτων

255 1663 303 1716 δὲ
326 1666 425 1719 τῶν
453 1670 650 1725 πολεων
675 1675 766 1726 καὶ
787 1676 1151 1732 ἁποστολικῶν
1178 1681 1379 1751 θρόνων
1406 1683 1502 1753 τὴν
1528 1684 1791 1754 ἀρχιερω-

259 1756 399 1827 σύνην
425 1763 781 1831 ἐπεσπάσατο,
802 1769 1045 1822 τουτέστι
1077 1772 1173 1841 τῆς
1196 1772 1433 1843 μεγάλης
1457 1773 1563 1826 τῶν
1586 1775 1789 1828 πόλεων

264 1848 474 1922 Ῥώμης,
513 1854 908 1929 Ἀλεξανδρείας
942 1877 1000 1912 τε
1034 1863 1126 1913 καὶ
1167 1864 1513 1934 Ἀντιοχείας,
1546 1865 1643 1934 τῆς
1674 1883 1787 1917 κοι-

256 1940 338 2010 νῆς
364 1941 534 1997 ἕνεκεν
562 1947 840 2015 ὠφελείας.
880 1951 969 2003 Ἐκ
1002 1951 1095 2004 τοῦ
1123 1952 1352 2024 ἀριθμοῦ
1386 1956 1563 2009 τοίνυν
1588 1956 1789 2008 τούτων
1820 2010 1824 2015 ,

254 2024 317 2084 ὧν
358 2034 503 2107 μέχρι
546 2040 636 2094 τοῦ
673 2041 829 2114 δεῦρο
873 2044 1064 2114 χρόνου
1090 2047 1117 2097 ὁ
1150 2044 1477 2117 προρῤηθεὶς
1504 2050 1568 2116 τῇ
1604 2032 1788 2117 Ἐλλη-

1894 858 2114 912 lcestina:
2147 857 2296 911 urbis
2322 857 2624 925 episcopus,
2648 870 2770 910 cum
2811 854 3100 909 Historiam
3129 856 3442 910 ecclesiasti-

1891 965 2005 1001 cam
2044 949 2325 1011 scriberet,
2363 949 2700 1018 prtetcrmisit
2748 962 2809 1001 ea
2860 961 2982 1016 qum
3036 955 3164 1002 sunt
3220 954 3276 1002 in
3325 950 3444 1003 aliis

1892 1041 2191 1108 opusculis,
2225 1042 2307 1095 vel
2340 1056 2462 1110 quae
2496 1057 2553 1096 se
2591 1038 2831 1095 meminit
2873 1038 3147 1094 retulisse.
3185 1037 3320 1094 Nam
3360 1041 3443 1095 vi-

1891 1132 2023 1202 ginti
2083 1132 2269 1193 libros,
2300 1131 2353 1185 id
2396 1139 2479 1185 est
2532 1132 2667 1186 duas
2719 1131 2972 1194 decadas,
3028 1132 3269 1185 omnium
3304 1148 3445 1203 pene

1892 1224 2294 1293 provinciarum
2322 1226 2603 1293 passiones
2626 1234 2923 1294 martyrum
2945 1261 2960 1285 ,
2988 1224 3363 1293 episcoporum
3389 1233 3443 1280 et

1891 1315 2266 1370 confessorum
2305 1322 2358 1370 et
2400 1330 2676 1369 sacrarum
2716 1314 3003 1369 mulierum
3060 1329 3123 1368 ac
3172 1314 3440 1390 virginum

1892 1407 2174 1461 continere
2204 1405 2347 1460 fc‘cit.
2396 1404 2595 1460 Deinde
2630 1416 2849 1462 secutus
2886 1415 2939 1461 et
2972 1407 3041 1461 ab
3069 1406 3313 1477 apostolo
3338 1404 3440 1462 Pe-

1893 1506 2000 1561 tro,
2031 1493 2272 1552 omnium
2320 1497 2698 1566 episcoporum
2736 1498 2953 1552 nomina
3000 1506 3053 1552 et
3102 1505 3253 1568 gesta
3310 1510 3444 1553 con-

1892 1589 2111 1658 scripsit
2149 1608 2160 1640 :
2198 1596 2252 1642 et
2273 1602 2459 1650 earum
2492 1589 2704 1642 urbium
2734 1602 2850 1657 qua:
2887 1603 3064 1641 arcem
3097 1587 3443 1656 pontiﬁcatus

1890 1696 1985 1750 per
2007 1681 2331 1748 apostolicas
2354 1679 2507 1735 sedes
2530 1688 2710 1734 tenere
2738 1684 3057 1743 noscuntur,
3092 1678 3221 1731 urbs
3246 1676 3440 1744 Roma,

1888 1774 2196 1838 Antiochia,
2232 1772 2628 1844 Hierosolyma,
2668 1772 2934 1843 Ephesus,
2964 1771 3307 1835 Alexandria,
3345 1771 3443 1827 ba-
3506 1802 3511 1805 -

1888 1880 2009 1919 rum
2061 1865 2277 1919 urbium
2325 1870 2703 1934 episcoporum
2759 1865 3000 1918 omnium
3048 1863 3443 1933 pmteritorum

1889 1973 2060 2027 usque
2092 1957 2160 2012 ad
2186 1968 2395 2027 tempus
2423 1972 2579 2011 suum
2602 1955 2788 2011 Grch
2816 1971 3065 2012 sermone
3094 1954 3440 2024 conscripsit.

1890 2050 1967 2104 Ex
1988 2065 2216 2120 quorum
2236 2054 2461 2104 nn'mero
2480 2064 2644 2103 unum
2662 2050 3041 2119 episcoporum
3062 2048 3211 2103 urbis
3236 2046 3441 2111 Romae,

254 2128 357 2194 νικῇ
383 2133 739 2201 συνεγράψατο
760 2139 930 2206 φωνῇ,
954 2137 1250 2189 τούτουτον
1274 2138 1382 2207 βίον
1398 2139 1786 2209 οὑκὲξίσχυσεν
1818 2130 1860 2183 Β
1890 2152 2138 2197 sanctum
2197 2141 2233 2193 S

1890 2152 2138 2197 sanctum
2197 2141 2517 2195 Silvestrum
2580 2156 2665 2195 me
2709 2139 2775 2195 de
2821 2138 3007 2194 Graeco
3074 2140 3129 2193 in
3188 2137 3441 2193 Latinum

257 2222 585 2290 μεταᾳράσαι,
612 2227 853 2280 τουτέστι
900 2228 992 2282 τοῦ
1015 2230 1164 2298 ἁγίου
1186 2231 1503 2303 Σιλϐἐστρου
1522 2273 1535 2298 ,
1582 2250 1634 2285 κ.
1662 2251 1710 2286 τ.
1734 2232 1781 2287 λ.

265 2326 399 2384 Vetus
438 2345 616 2390 auctor
659 2341 709 2392 in
741 2339 1002 2398 Passione
1048 2348 1223 2402 sancti
1260 2346 1555 2411 Valeriani,
1580 2362 1699 2429 qua;
1743 2357 1820 2428 est
1862 2346 2060 2428 decimo
2092 2344 2219 2400 Kal.
2268 2345 2537 2411 Januarii,
2565 2356 2621 2400 ut
2668 2345 2884 2401 habetur
2934 2348 2989 2400 in
3034 2348 3187 2401 veteri
3266 2346 3475 2402 codice.
3554 2420 3562 2429 θ

1888 2232 2185 2287 transferre
2216 2232 2538 2302 praecepisti.

1644 2416 1987 2471 Mosciacensi
1998 2458 2012 2470 .

315 2490 735 2554 Beatissimorum
761 2512 1059 2575 martyrum
1085 2507 1321 2575 gloriosa
1354 2507 1673 2571 certamina,
1706 2508 1775 2561 ob
1804 2508 2063 2562 honorem
2090 2506 2290 2563 Christi
2321 2505 2531 2562 Domini
2590 2523 2652 2561 ac
2681 2506 2773 2561 Dei
2803 2508 2975 2563 nostri
3010 2506 3244 2563 assiduis
3272 2507 3439 2562 culti-

256 2578 343 2636 bus
370 2593 420 2637 et
444 2588 801 2646 solemnitate»
828 2608 1009 2648 annua
1054 2598 1421 2661 celebrantur,
1456 2605 1516 2651 ut
1547 2598 1675 2653 dum
1725 2596 1883 2652 ﬁdem
1920 2606 2218 2669 martyrum
2254 2598 2408 2668 plebs
2440 2598 2632 2653 devota
2680 2600 2959 2669 cognoscit
2989 2606 3043 2652 et
3095 2599 3217 2652 illos
3248 2600 3441 2653 trium~

260 2674 705 2749 phassegaudeat,
736 2693 788 2740 et
824 2702 882 2741 se
915 2689 1217 2761 patrocinio
1247 2705 1434 2743 eorum
1467 2690 1855 2761 protegendum
1890 2706 2012 2745 esse
2043 2690 2301 2745 conlidat.
2324 2688 2549 2745 Celebre
2576 2691 2717 2745 enim
2748 2691 2996 2757 habetur,
3027 2701 3229 2747 sanctae
3253 2707 3440 2760 recon-

256 2766 466 2823 dationis
501 2771 786 2829 Eusebium
823 2778 1164 2842 historicum,
1192 2782 1547 2839 Czrsariensis
1577 2783 1730 2837 urbis
1756 2784 2095 2852 episcopum,
2124 2783 2351 2851 egregiae
2390 2783 2510 2837 vitae
2544 2784 2914 2838 beatissimum
2960 2784 3313 2849 sacerdotem,
3344 2797 3436 2837 eo-

253 2857 531 2918 clesiastica
560 2881 774 2937 quoque
806 2868 1147 2933 institutione
1176 2872 1554 2928 doctissimum
1588 2881 1641 2928 et
1676 2873 1949 2943 praecipua
1974 2871 2345 2927 sollicitudine
2365 2872 2752 2937 venerandum,
2781 2889 2876 2943 per
2903 2889 3117 2929 omnem
3146 2875 3351 2940 orbem,
3372 2874 3435 2929 in

252 2963 488 3019 quantum
516 2958 699 3013 divino
730 2964 1085 3020 annuntiante
1113 2965 1341 3036 Spiritu,
1380 2976 1438 3021 ut
1459 2973 1668 3036 gestum
1701 2974 1804 3029 est,
1836 2965 1914 3019 rei
1936 2966 2135 3019 veritas
2175 2964 2405 3019 decursa
2436 2964 2604 3019 valuit
2637 2966 2881 3035 reperiri,
2912 2975 3072 3036 prout
3095 2966 3429 3036 singularum

253 3049 625 3113 provinciarum
656 3055 839 3122 urbes,
871 3058 987 3113 loca
1027 3061 1107 3115 vel
1140 3061 1336 3131 oppida
1399 3056 1663 3114 illustrari
1697 3058 1984 3128 triumphis
2016 3046 2325 3129 martyrum
2349 3057 2660 3112 cmlestibus
2710 3066 3023 3112 meruerunt
3044 3101 3058 3124 ,
3095 3070 3434 3129 quorumque

252 3140 532 3210 principum
558 3154 796 3218 tempore
810 3151 1060 3205 ordinata
1085 3152 1384 3209 oﬁiciorum
1416 3152 1673 3208 instantia
1704 3154 2003 3219 innumera:
2047 3142 2452 3220 persecutiones
2482 3149 2636 3205 factm
2668 3149 2899 3211 fuerant,
2934 3150 3263 3206 declarasse.
3298 3149 3424 3215 Qui,

249 3233 339 3286 etsi
388 3245 677 3307 martyrum
717 3242 1053 3313 singulorum
1104 3247 1344 3317 integras
1387 3262 1497 3300 non
1544 3245 1800 3315 explicuit
1828 3244 2132 3315 passiones,
2165 3252 2343 3298 tamen
2374 3244 2697 3301 Christianis
2729 3246 2937 3299 devotis
2967 3252 3127 3314 atque
3158 3244 3426 3310 ﬁdelibus,

245 3326 373 3378 unde
396 3327 625 3383 describi
650 3332 733 3385 vel
764 3334 1027 3389 celebrari
1060 3338 1292 3392 debeant
1322 3338 1587 3393 veraciter
1609 3338 1898 3391 intimavit.
1932 3336 2024 3390 Dci
2060 3337 2241 3405 itaque
2275 3337 2500 3407 gratiam
2528 3344 2640 3391 toto
2672 3338 2804 3392 orbe
2838 3336 3089 3391 diffusam
3117 3335 3289 3391 ﬁdelis
3315 3338 3431 3390 cul-

244 3424 319 3468 tor
346 3420 591 3484 excoluit,
627 3422 770 3478 dum.
799 3426 941 3479 velut
974 3428 1168 3498 exiguo
1200 3431 1365 3484 tritici
1396 3430 1605 3484 semine
1635 3431 1870 3500 copiosa:
1919 3444 2126 3485 messes
2158 3429 2271 3498 agri
2322 3428 2599 3483 fertilitate
2647 3429 2960 3498 gignuntur,
2994 3435 3047 3482 et
3074 3427 3432 3493 multiplicata

245 3507 469 3564 ubertate
491 3515 791 3582 proﬁciunt.
824 3519 897 3572 lta
920 3536 1014 3590 per
1048 3522 1349 3591 supradicti
1384 3523 1485 3577 viri
1516 3524 1833 3578 relationem
1862 3524 1931 3577 ab
1971 3523 2133 3576 unius
2162 3521 2370 3576 codicis
2418 3520 2566 3578 fonte
2594 3522 2875 3589 diffusam,
2912 3522 3131 3591 scriptis
3155 3526 3429 3578 mananti-

244 3594 332 3653 bus
361 3598 607 3669 ﬁdelium,
643 3613 812 3659 totum
842 3608 1026 3663 orbem
1056 3610 1392 3665 celebranda:
1422 3612 1705 3681 passiones
1732 3620 2029 3682 martyrum
2064 3611 2391 3682 rigaverunt.
2739 3597 2744 3602 ’

1440 3732 1713 3788 Usuardus
1751 3734 1804 3787 in
1850 3731 2247 3804 Martyrologio.

236 3854 239 3859 -
301 3828 391 3887 Die
409 3834 469 3887 9.1
506 3841 701 3896 mensis
722 3840 892 3898 Junii.
930 3843 1245 3911 Palaestinae,
1280 3848 1454 3901 sancti
1488 3848 1706 3902 Eusebii
1740 3847 1978 3917 episcopi
2011 3853 2065 3900 ct
2109 3844 2464 3910 confessoris,
2516 3845 2617 3901 viri
2672 3844 3111 3900 excellentissimi
3140 3844 3337 3915 ingenii
3374 3848 3430 3898 et

237 3920 650 4002 historiographi.

1437 4010 1697 4066 Notkcrus
1721 4013 1775 4064 in
1808 4011 2209 4081 Martyrologio.

301 4088 385 4144 Die
404 4092 465 4145 ill
501 4097 695 4152 mensis
720 4096 890 4155 Junii.
925 4099 979 4154 In
1002 4100 1243 4156 Caesarea
1279 4101 1542 4172 depositio
1568 4104 1741 4157 sancti
1762 4102 1979 4157 Eusebii
2012 4102 2269 4171 episcopi.

244 4194 591 4259 Hanecharius
618 4207 671 4261 in
701 4211 921 4277 epistola
962 4213 1028 4265 ad
1050 4212 1759 4287 Cerauttium‘Parisienscnt
1800 4217 2124 4287 episcopum,
2153 4231 2309 4287 quam
2352 4214 2578 4287 praeﬁxit
2606 4212 2854 4267 Passioni
2876 4221 3183 4267 sanctorum
3225 4214 3426 4278 marty‘

1228 4301 1347 4338 rum
1376 4284 1681 4355 Speusippi,
1722 4284 2041 4356 Elasippi'et
2080 4284 2411 4353 Melcusippi.
3365 4355 3368 4358 ἢ

300 4357 338 4411 Ρ
342 4354 597 4432 πνοὴ)υὲ
599 4367 1035 4429 beatissimorum
1058 4378 1433 4447 episcoporum
1453 4379 1699 4447 personis
1722 4378 1938 4433 assidue
1967 4377 2238 4448 coaequari
2262 4376 2467 4431 meritis
2497 4391 2605 4430 non
2641 4373 2930 4438 desistens,
2959 4374 3013 4428 in
3032 4373 3175 4429 omni
3198 4385 3424 4425 conver-

238 4452 430 4509 satione
456 4459 760 4525 sacerdotii,
809 4475 997 4519 sancta
1043 4468 1285 4537 quotidie
1308 4472 1561 4524 exornari
1591 4472 1847 4541 religione
1904 4471 2194 4534 festinans,
2226 4468 2531 4521 divinarum
2563 4464 2966 4535 Scripturarum
3003 4461 3209 4534 legendi
3242 4459 3424 4515 studio

242 4544 475 4603 universa
512 4551 757 4623 dogmata
788 4560 1105 4632 peragrasti.
1138 4558 1291 4614 Nunc
1331 4569 1641 4616 sanctorum
1667 4573 1961 4633 martyrum
1990 4570 2140 4633 gesta
2174 4560 2240 4614 ad
2274 4559 2450 4613 laudis
2480 4566 2585 4611 tua:
2629 4556 2903 4611 cumulum
2930 4569 3027 4623 pro
3074 4567 3257 4607 amore
3288 4551 3420 4605 reli-

241 4636 401 4703 gionis
424 4656 743 4717 congregare
774 4650 827 4702 in
860 4652 995 4705 urbe
1034 4651 1308 4708 Parisiaca
1349 4654 1577 4709 devotus
1606 4657 1861 4710 intendis.
1904 4655 2057 4710 Unde
2092 4660 2281 4709 sancto
2321 4650 2554 4717 Eusebio
2610 4648 2930 4705 Caesariensi
2972 4648 3027 4701 in
3061 4644 3421 4701 aemulationis

242 4732 406 4786 studio
436 4742 791 4809 coequatidus
826 4758 910 4808 es,
944 4752 998 4798 et
1045 4746 1161 4814 pari
1194 4746 1378 4815 gloria:
1425 4746 1567 4801 dono
1596 4749 1979 4817 perpetualiter
2006 4743 2408 4802 memorandus.

958 4856 1041 4907 Ea:
1078 4859 1233 4911 reteri
1263 4857 1531 4913 Breviario
1566 4863 1919 4929 manuscripto
1956 4859 2207 4913 Ecclesia:
2256 4852 2653 4910 Lemovicensis.

1281 4949 1464 5005 Sancti
1486 4946 1700 5005 Eusebii
1729 4954 1967 5023 episcopi
2000 4950 2348 5009 confessoris.

300 5026 490 5083 Lecno
514 5033 561 5087 l.
590 5033 858 5093 Eusebius
889 5036 1150 5093 Caesarem
1172 5038 1469 5098 Palaestinae
1497 5045 1782 5115 cpiscopus
1810 5048 1881 5102 ob
1910 5044 2444 5117 Pamphilimartyris
2482 5040 2772 5109 amicitiam
2806 5034 3070 5106 Pamphili
3099 5047 3292 5088 nomen
3321 5045 3417 5087 ac-

240 5120 389 5187 cepit,
419 5138 481 5177 eo
510 5126 651 5194 quod
681 5143 806 5183 cum
829 5131 1016 5187 eodem
1050 5132 1330 5203 Pamphilo
1359 5136 1553 5191 divinae
1578 5137 1923 5193 Bibliotheca:
1942 5140 2294 5212 investigator
2316 5135 2762 5208 diligentissimus
2783 5131 3070 5206 exstiterit.
3095 5125 3183 5181 Vir
3197 5124 3414 5196 quidem

236 5216 343 5262 erat
371 5215 658 5269 memoratu
686 5218 1037 5288 dignissimus
1073 5238 1168 5292 per
1195 5224 1306 5278 lucc
1340 5232 1602 5296 tempora,
1642 5236 1752 5281 tum
1779 5230 2069 5283 multarum
2101 5246 2283 5284 rerum
2312 5228 2524 5299 peritia,
2555 5234 2667 5278 tum
2687 5224 2903 5294 ingenio
2928 5219 3244 5275 mirabili.et
3270 5215 3414 5286 apud

237 5304 446 5391 gentiles
463 5318 511 5361 et
544 5310 680 5378 apud
698 5311 1059 5378 Christianos,
1096 5318 1235 5372 inter
1263 5318 1613 5389 philosophos
1638 5323 1939 5391 przecipuus
1974 5331 2027 5378 et
2062 5324 2433 5378 nobilissimus
2460 5319 2679 5373 habitus
2710 5328 2809 5371 est.
2838 5315 2934 5368 llic
2972 5326 3095 5365 cum
3122 5307 3432 5377 aliquando.

237 5387 425 5448 Ariana
452 5399 633 5455 hatresi
674 5401 994 5470 laborasset,
1028 5406 1094 5459 ad
1139 5408 1403 5479 synodum
1458 5410 1728 5466 Nicmnam
1780 5414 2063 5477 accedens,
2108 5413 2310 5483 Spiritu
2340 5420 2530 5467 sancto
2565 5408 2887 5478 inspiratus,
2924 5402 3145 5457 Patrum
3197 5415 3410 5457 semen-

238 5483 355 5540 tiam
407 5501 617 5549 secutus
644 5501 749 5557 cst,
782 5511 845 5550 ac
871 5499 1129 5572 deinceps
1160 5519 1329 5573 usque
1368 5504 1435 5557 ad
1474 5515 1701 5560 mortem
1736 5508 2082 5561 sanctissime
2113 5522 2236 5560 cum
2281 5506 2578 5560 orthodoxa
2606 5504 2709 5557 ﬁde
2738 5500 2890 5555 vixit.

298 5578 491 5638 LECTIO
515 5588 567 5640 2.
599 5584 927 5643 Fuit'autem
960 5593 1015 5647 in
1058 5594 1257 5649 divinis
1312 5596 1608 5663 Scripturis
1661 5595 2139 5660 studiosissimus,
2206 5610 2269 5649 ac
2321 5594 2664 5649 Bibliotheca:
2711 5590 2901 5643 divina:
2954 5604 3078 5641 cum
3130 5587 3410 5656 Pamphilo

237 5684 455 5744 martyre
484 5678 925 5751 diligentissimus
959 5686 1332 5759 investigator.
1371 5686 1535 5740 Multa
1585 5685 1788 5741 eisdem
1810 5688 2147 5757 temporibus
2169 5687 2412 5757 scripsit,
2442 5684 2671 5739 maxime
2702 5696 2827 5735 vero
2857 5682 3021 5735 libros
3082 5678 3407 5751 Evangetica:

285 5887 359 5959 (ε)
394 5887 727 5945 Ἐνέθεικεν.
758 5888 1065 5964 Legendum
1101 5892 1314 5950 videtur
1346 5890 1597 5962 éve-qusv
1627 5892 1708 5949 vel
1734 5892 2055 5951 ἐντέθεικεν.
2101 5898 2232 5953 Eon

1894 5912 2055 5951 εικεν.
2101 5898 2257 5953 Eon.
2284 5898 2456 5954 Pun.
