4142 6306
699 409 766 462 83
1071 470 1083 481 _
1520 409 1848 464 VETERUM
1886 406 2306 464 TESTIMONIA
2345 405 2622 462 CONTRA
2659 405 3052 465 EUSEBIUM.’
3812 402 3886 460 ὃὸ

681 521 1104 590 pra'parationis,
1137 521 1521 575 Ecclesiusticu.’
1577 520 1871 584 Historiis;
1911 519 1973 574 In
2039 519 2408 589 Porphyrium,
2463 521 2891 578 Christianorum
2933 521 3142 577 lios:.em
3199 519 3522 574 acerrimum
3557 537 3569 572 :
3606 516 3883 588 Apologia:

684 618 809 668 item
839 629 929 668 sea:
959 630 1052 682 pro
1084 613 1303 683 Origene
1337 615 1673 682 composuit;
1710 617 1782 668 De
1803 615 1910 668 vita
1945 612 2214 682 Pamphili
2239 618 2510 686 martyris,
2541 631 2686 684 aquo
2701 618 2770 672 ob
2784 630 3023 672 amorem
3037 597 3452 685 cognomentum
3470 619 3699 680 accepit,
3718 610 3884 664 libros

667 726 718 771 tr
734 728 792 766 es
820 729 832 764 :
859 709 983 764 Item
1018 710 1430 764 Commentarios
1455 709 1856 764 eruditissimos
1917 709 1970 762 in
2002 718 2204 760 centum
2232 710 2678 779 etquinquaginta
2717 708 2980 762 Psalmos.
3069 707 3074 712 ’

752 799 952 854 ιεοτιο
979 801 1032 855 5.
1057 799 1348 862 Praeterea,
1379 808 1436 852 ut
1469 798 1684 868 legitur,
1727 797 1968 851 omnium
2002 797 2404 864 provinciarum
2437 813 2560 868 cum
2595 798 2887 851 multorum
2913 803 3224 850 sanctorum
3257 802 3551 866 martyrum
3603 796 3886 864 passiones

677 899 733 945 et
764 891 1134 946 eunfcssorum
1167 891 1330 944 vitam
1383 905 1447 943 ac
1472 889 1738 958 virginum
1771 889 2133 958 cognovisset,
2166 888 2353 957 viginti
2379 890 2548 944 libros
2579 888 2646 944 de
2677 887 2880 945 eisdem
2905 889 3108 944 sanctis
3133 887 3489 957 scriptitavit;
3521 887 3590 941 ob
3612 889 3710 942 hos
3763 888 3886 942 ideo

677 993 732 1040 et
761 987 1026 1056 priecipue
1057 983 1420 1053 Evangelicam
1446 983 1902 1050 pra’parationem,
1931 997 2053 1036 cum
2087 982 2450 1052 apud‘gcntes
2474 985 2776 1052 prmeipuus
2817 982 3125 1044 haberetur,
3161 990 3438 1051 paternam
3497 981 3714 1035 deorum
3757 982 3888 1037 reli-

631 1103 634 1106 η
678 1081 894 1148 gioncm
918 1079 988 1134 ob
1013 1078 1257 1134 veritatis
1286 1092 1522 1132 amorem
1547 1077 1890 1144 contempsit.
1922 1074 2150 1146 Scripsit
2178 1093 2394 1147 quoque
2420 1077 2792 1132 Chronicorum
2819 1075 3094 1129 historiam
3123 1091 3151 1127 a
3183 1076 3354 1146 primo
3383 1092 3526 1132 anno
3549 1076 3776 1132 Ahraha:
3792 1090 3888 1130 us-

677 1187 783 1240 que
817 1173 884 1226 ad
924 1187 1122 1226 annum
1148 1162 1580 1225 trecentesimum
1605 1207 1620 1233 ,
1654 1183 1815 1239 quam
1843 1165 1906 1218 D.
1935 1164 2297 1238 Hieronymus
2325 1177 2647 1238 prosccutus
2693 1177 2798 1225 est.
2855 1169 2978 1223 Fuit
3018 1171 3247 1239 denique
3300 1169 3562 1226 Eusebius
3608 1171 3696 1227 hic
3759 1185 3878 1242 p05t

597 1309 616 1324 κ
677 1263 1082 1319 conversionem
1109 1263 1450 1319 Constantini
1486 1261 1682 1332 Magni,
1715 1261 1890 1316 eidem
1920 1261 2096 1330 quoad
2125 1262 2278 1324 vixit,
2313 1265 2480 1328 multa
2509 1263 2884 1320 benevolentia
2918 1263 3262 1332 conjunctus.

677 1378 744 1432 In
791 1377 1060 1430 Breriario
1096 1376 1476 1431 Lemoviceusis
1514 1373 1785 1437 Ecclesia,
1817 1375 1956 1428 edito
1983 1391 2142 1497 ann‘rli.
2363 1394 2453 1459 per
2489 1377 2758 1448 "agonem
2789 1376 3020 1441 Barbou,
3059 1375 3278 1430 habetur
3298 1377 3405 1431 lure
3443 1377 3682 1444 collecta,
3704 1381 3886 1436 eodem

2125 1465 2170 1501 te
2201 1457 2235 1500 ξ.
2341 1465 2468 1500 uuu.

2125 1449 2170 1501 ie
2201 1449 2261 1501 21
2299 1449 2468 1500 Junii.

746 1539 1122 1610 Omnipotens,
1155 1538 1481 1608 scmpiterue
1513 1535 1673 1596 ﬁcus,
1719 1535 1810 1603 qui
1837 1551 1935 1588 nos
1967 1534 2222 1590 concedis
2253 1534 2423 1590 sancti
2455 1533 2670 1590 Eusebii
2698 1534 3028 1590 confessoris
3081 1536 3156 1590 tui
3194 1545 3354 1606 atque
3412 1537 3692 1608 pontificis,
3725 1553 3887 1610 agere

679 1631 1040 1708 festivitatem,
1071 1633 1247 1686 deduc
1277 1647 1397 1694 nos,
1431 1646 1760 1700 qumsumus,
1793 1633 1911 1700 ejus
1939 1631 2190 1701 precibus
2227 1629 2294 1682 ad
2328 1629 2630 1683 cmlestium
2653 1628 2967 1698 gaudiorum
3001 1629 3328 1684 societatem.
3356 1629 3457 1687 Per
3473 1631 3753 1687 Dominum
3785 1648 3884 1686 no-

677 1735 847 1779 strum
879 1723 1062 1782 Jcsum
1093 1717 1390 1784 Christum,
1422 1731 1526 1778 etc.
2385 1719 2396 1730 '

747 1816 814 1870 In
837 1818 1050 1884 antiquo
1077 1814 1290 1870 Missali
1318 1815 1546 1884 ejusdem
1579 1811 1845 1879 Ecclesiw,
1874 1815 2012 1867 edito
2043 1831 2180 1866 anno
2225 1811 2377 1874 I485,
2413 1810 2661 1874 Parisiis,
2692 1813 2768 1864 sic
2797 1811 3016 1866 habetur
3051 1829 3066 1866 :
3097 1811 3210 1866 Sub
3239 1813 3426 1868 eodem
3457 1813 3543 1869 die
3575 1815 3742 1869 sancti
3773 1812 3890 1868 Eu-

675 1909 810 1964 sebii
839 1909 1078 1980 episc0pi
1109 1907 1356 1963 ofﬁcium.
1395 1906 1590 1959 Statuit
1615 1903 1686 1969 ei,
1712 1915 1810 1958 etc.
1849 1905 2056 1961 Oratio.
2097 1904 2198 1968 Du,
2232 1889 2565 1972 qtuesumus.
2603 1904 2864 1975 Epistola.
2891 1903 3176 1960 Testiticor
3231 1921 3412 1960 coram
3469 1905 3598 1960 Deo.
3645 1907 3886 1977 Evange-

667 2013 818 2067 lium.
855 2011 1098 2080 Vigilate.
1137 2007 1269 2070 ρυω
1298 2005 1474 2058 omnia
1501 2003 1556 2054 iu
1585 2002 1848 2056 communi
1879 1999 2191 2070 confessoris
2219 2000 2464 2069 episcopi.
2494 1997 2562 2052 Et
2596 1997 2807 2052 dicatur
2856 2003 3140 2068 residuum,
3171 2013 3228 2055 ut
3255 2008 3408 2060 unius
3431 2010 3672 2077 episcopi.

1137 2116 1200 2168 In
1239 2114 1395 2168 reteri
1419 2111 1742 2170 Kalendurio
1773 2115 2126 2184 manuscripto
2152 2115 2382 2184 ejusdem
2409 2113 2654 2170 Ecclesia:
2687 2115 2903 2170 habetur
2927 2119 2980 2170 in
3005 2135 3176 2173 mense
3203 2117 3386 2174 Junio.

736 2247 789 2285 x1
823 2230 1046 2286 Kalend.
1089 2228 1238 2289 Julii.
1263 2227 1479 2282 Eusebii
1515 2227 1932 2300 archiepiscopi.

665 2323 842 2380 Codex
866 2342 965 2378 ms.
997 2323 1310 2378 Parisiensis
1339 2321 1582 2378 Ecclesia:
1610 2333 1729 2377 ante
1758 2324 2261 2399 octingentosanuos
2289 2335 2558 2399 exui-atus,
2583 2326 2849 2399 continens
2867 2324 3079 2382 Eusebii
3107 2328 3396 2395 Historiam
3427 2333 3879 2399 ecclesiasticam,

1849 2391 2039 2462 Ruﬁno
2065 2395 2358 2462 interprete,
2392 2397 2467 2449 sic
2487 2397 2668 2464 incipit
2689 2416 2704 2451 :

731 2494 790 2548 in
822 2493 1038 2549 nomine
1068 2492 1158 2548 Dei
1185 2495 1402 2558 summi,
1427 2493 1615 2561 incipit
1653 2491 1888 2546 Historia
1915 2492 2085 2546 sancti
2125 2490 2340 2546 Eusebii
2370 2493 2720 2548 Cmsariensis
2751 2495 3013 2566 episcopi,
3056 2494 3109 2548 id
3138 2503 3220 2550 est
3249 2495 3370 2550 libri
3401 2511 3628 2552 numero
3655 2513 3726 2550 χι.

735 2613 820 2670 Ex
877 2613 1008 2667 libro
1041 2611 1116 2667 De
1167 2610 1530 2665 luminaribus
1591 2610 1868 2676 Ecclesiae,
1927 2612 2013 2679 qui
2069 2609 2286 2682 [iubetur
2325 2609 2377 2661 in
2409 2609 2736 2682 collectaneis
2789 2609 2965 2678 Beda',
3013 2621 3062 2665 et
3120 2613 3257 2665 inter
3301 2627 3458 2681 opera
3497 2615 3675 2682 spuria
3731 2613 3798 2668 Β.

1703 2719 1708 2724 -
1941 2678 1944 2679 ⁷
2115 2678 2162 2732 11
2170 2681 2442 2748 ieronymi.
3140 2747 3148 2758 .

730 2775 996 2832 Eusebius
1021 2773 1397 2842 Caesariensis,
1431 2775 1596 2829 clavis
1621 2771 2049 2844 Scripturarum,
2082 2782 2374 2843 custosque
2406 2771 2539 2827 Novi
2567 2773 2920 2840 Testamenti,
2951 2775 3135 2830 multis
3195 2777 3366 2848 major
3420 2782 3473 2835 in
3521 2777 3884 2848 conscriptio-

659 2867 823 2923 nibus
853 2883 975 2922 esse
1005 2867 1408 2936 comprobatur.
1454 2865 1580 2920 Tria
1621 2875 1747 2922 sunt
1775 2867 2056 2938 praeclara,
2081 2882 2200 2936 quae
2223 2867 2326 2920 hoc
2350 2853 2404 2918 in
2439 2867 2693 2936 operibus
2724 2867 2842 2936 ejus
2871 2883 2994 2922 vere
3019 2876 3290 2922 testantur
3320 2889 3330 2922 :
3365 2869 3596 2923 (Iunones
3647 2879 3888 2938 quatuor

585 2957 592 2962 ’
663 2957 1088 3028 Evangeliorum,
1117 2957 1206 3026 qui
1247 2956 1450 3012 Novum
1485 2957 1885 3011 Testamentum
1917 2963 2140 3010 narrant
2171 2967 2334 3025 atque
2372 2957 2704 3018 custodiunt,
2747 2956 2933 3012 decem
2967 2959 3088 3012 libri
3157 2956 3408 3014 Historia:
3465 2960 3874 3027 Ecclesiasticae,

658 3061 714 3106 et
741 3039 1054 3112 Chronicon,
1101 3048 1154 3101 id
1188 3056 1290 3123 est,
1325 3059 1628 3118 temporum
1665 3047 2010 3104 breviarium.
2041 3047 2105 3100 Et
2129 3063 2228 3101 nos
2257 3049 2441 3102 omnia
2461 3047 2580 3116 ejus
2610 3049 2837 3117 vestigia
2879 3048 2971 3117 qui
3007 3047 3208 3104 imitari
3265 3051 3547 3119 potuisset,
3593 3065 3880 3120 nunquam

657 3140 980 3210 reperimus.

656 3253 741 3306 Ea:
790 3248 1142 3308 Miscellaneis
1187 3269 1284 3307 ms.
1324 3249 1577 3328 Theodori
1621 3249 1939 3328 Metoclritce,
1989 3268 2052 3306 ea:
2111 3253 2282 3328 capite
2321 3253 2502 3328 cujus_
2529 3253 2712 3328 titulus
2765 3261 2845 3328 est
2891 3273 2907 3306 :
2955 3255 3072 3306 ’Ὁτι
3117 3253 3314 3316 πάντες
3363 3254 3474 3307 ὅσοι
3515 3254 3572 3306 ἐν
3617 3254 3878 3328 Αἰγύπτῳ

1559 3323 2029 3392 ἐνεπαιδεύθησαν,
2062 3323 2392 3394 τραχύτερον
2436 3321 2512 3392 τῷ
2538 3323 2712 3391 λέγειν
2739 3323 2996 3394 χρῶνται.
3455 3389 3462 3398 _

729 3419 995 3474 Eusebius
1021 3419 1151 3474 item
1202 3417 1490 3488 Pamphili,
1544 3433 1609 3472 ex
1665 3415 1950 3472 Palaestina
2009 3419 2297 3488 quidemA

2285 3450 2297 3482 ι
2397 3419 2504 3470 Καὶ
2533 3417 2670 3470 ὁτοῦ
2703 3419 2984 3488 Παμφίλου
3015 3415 3268 3480 Εὐσέϐιος
3294 3419 3357 3473 ἐκ
3385 3419 3742 3489 Παλαιστίνης
3773 3421 3878 3492 μὲν
3917 3487 3921 3490 ι

655 3512 922 3570 oriundus
953 3511 1072 3576 fuit,
1099 3511 1192 3565 sed
1225 3511 1278 3562 in
1315 3509 1571 3580 Egypto,
1600 3519 1658 3562 ut
1695 3508 1809 3579 ipse
1841 3510 2048 3575 scribit,
2093 3511 2214 3566 diu-

2318 3513 2378 3563 τὺ
2432 3511 2604 3576 γένος,
2641 3511 2752 3564 ἀλλ’
2797 3511 2873 3573 ὡς
2922 3511 3082 3574 αὑτός
3139 3526 3291 3580 φησι,
3332 3514 3447 3572 τοῖς
3481 3511 3566 3563 ἐπ’
3596 3510 3875 3579 Αἰγύπτου

657 3606 868 3660 tissime
907 3612 1150 3657 versatus
1214 3618 1228 3653 :
1281 3601 1365 3654 vir
1413 3601 1772 3669 undecunque
1840 3601 2211 3666 doctissimus,

2319 3602 2470 3654 πάνυ·
2492 3619 2541 3654 τι
2569 3601 2794 3672 χρονίως
2829 3603 3176 3671 συνεφοίτησε
3196 3618 3208 3630 ·
3251 3601 3562 3672 πολυμαθὴς
3587 3601 3742 3674 ἀνὴρ,
3776 3603 3877 3656 καὶ

658 3693 1110 3766 quemadmodum
1170 3699 1393 3763 apparet
1443 3708 1508 3747 ex
1552 3693 1801 3762 plurimis
1855 3709 1994 3768 quos
2045 3694 2214 3749 edidit

2316 3691 2473 3761 δῆλός
2511 3709 2572 3760 γε
2602 3690 2796 3754 πολλὰς
2822 3691 3056 3755 ἐκδόσεις
3083 3689 3441 3764 προενεγκὼν,
3475 3693 3566 3745 καὶ
3595 3691 3878 3763 χρώμενος

658 3789 834 3852 libris,
880 3786 1116 3842 dictione
1167 3792 1348 3840 tamen
1393 3791 1569 3850 utens,
1615 3794 1674 3840 ut
1735 3785 1869 3851 dixi,
1915 3786 2104 3841 scabra
2160 3791 2214 3842 et

1178 3792 1348 3840 tamen
1393 3791 1569 3850 utens,
1615 3794 1674 3840 ut
1735 3785 1869 3851 dixi,
1915 3786 2104 3841 scabra
2160 3791 2214 3842 et
2319 3789 2458 3839 οὕτω
2487 3789 2551 3856 τῇ
2583 3786 2814 3860 γλώττῃ.

657 3891 868 3949 aspera.

661 4073 3864 4097 W

939 4206 1507 4332 VETERUM
1581 4235 2317 4329 TESTIMOI‘HA
2389 4237 2855 4330 CONTRA
2925 4236 3570 4363 EUSEBIUM.

1615 4502 1702 4557 Ea:
1732 4503 1867 4568 libro
1899 4503 2136 4560 Marcelli
2175 4509 2440 4579 Ancyraui
2466 4515 2650 4560 contra
2669 4505 2922 4558 Arianos.

728 4619 896 4675 lncidi
921 4611 1219 4690 aliquando.
1235 4620 1288 4672 in
1310 4619 1587 4690 epistolam
1613 4635 1643 4675 a
1661 4620 1914 4677 Narcisso
1930 4623 2206 4692 scriptam,

2387 4605 2660 4690 Ἕντυχὼν
2691 4617 2998 4688 Ναρκίσσου
3027 4615 3118 4668 τοῦ
3157 4614 3497 4687 ¹Νερωνιὸιδος
3531 4614 3877 4684 προεστῶτος

659 4712 981 4792 Neroniadis
1004 4714 1277 4783 episcopo,
1301 4727 1464 4782 quam
1491 4713 1556 4767 ad
1587 4713 1876 4770 Chrestum
1923 4715 2207 4784 quemdam
2241 4715 2282 4769 B

2243 4715 2282 4769 Β
2313 4711 2587 4784 ἐπιστολῇ,
2627 4711 2694 4780 ἣν
2721 4710 2964 4790 γέγραφε
3003 4710 3137 4781 πρὸς
3183 4709 3425 4780 Χρηστόν
3460 4726 3598 4773 τινα,
3634 4708 3724 4761 καὶ
3763 4709 3879 4762 Εὐ-

660 4816 712 4859 et
739 4787 1107 4876 Euphronium
1128 4814 1180 4861 et
1199 4793 1490 4860 Eusebium
1515 4803 1729 4870 direxit,
1755 4805 1908 4874 quasi
1931 4808 2207 4875 proposita

2317 4805 2550 4877 φρόνιον,
2607 4803 2699 4860 καὶ
2743 4787 3018 4865 Εὑσέϐιον,
3073 4803 3146 4866 ὡς
3206 4803 3380 4854 ὐσίου
3427 4801 3520 4854 τοῦ
3567 4801 3873 4855 ἐπισκόπου

661 4899 762 4965 ipsi
777 4896 847 4950 ab
861 4895 1026 4952 Hosio
1050 4897 1306 4966 episcopo
1331 4897 1646 4966 quaestione,
1680 4883 1858 4949 utrum
1891 4897 2208 4967 ipse,veluti

2314 4897 2686 4967 ἐρωτήσαντος
2731 4893 2912 4955 αὐτὸν,
2965 4896 3033 4956 εἰ,
3065 4893 3250 4964 ὥσπερ
3289 4893 3543 4958 Εὐσέϐιος
3569 4897 3598 4946 ὁ
3631 4895 3729 4964 τῆς
3751 4893 3877 4946 Πα-

660 4987 926 5044 Eusebius
969 4987 1308 5052 Palaestinus,
1361 4988 1496 5042 duas
1551 4985 1880 5043 substantias
1927 4987 2202 5042 fateretur.

2313 4987 2604 5055 λαιστίνης,
2634 4985 2726 5038 δύο
2759 4986 2941 5048 οὐσίας
2995 4980 3132 5036 εἷναί
3191 5000 3370 5054 φησιν,
3399 4983 3539 5036 οὕτω
3584 4985 3676 5036 καὶ
3703 4981 3875 5046 αὐτὸς

661 5079 809 5134 lianc
840 5081 934 5143 ubi
973 5073 1246 5151 legissem,
1281 5077 1633 5134 animadverti
1674 5085 1727 5132 et
1778 5079 1950 5148 ipsum
2002 5079 2205 5149 scripto

2311 5080 2456 5146 λέγοι
2478 5096 2490 5107 '
2523 5079 2688 5144 ἔγνων
2744 5077 2901 5130 αὐτὸν
2929 5077 3033 5129 ἀπὸ
3059 5075 3180 5128 τῶν
3198 5075 3532 5146 γραφέντων,
3557 5075 3699 5144 τρεῖς
3725 5069 3873 5127 εἶναι

660 5170 754 5224 illo
789 5187 888 5225 suo
912 5179 1022 5228 tres
1057 5171 1386 5228 substantias
1414 5171 1634 5224 omnino
1665 5169 1928 5225 conﬁteri.

1625 5188 1634 5223 ι
1665 5169 1928 5225 conﬁteri.
2313 5169 2586 5222 πιστεύειν
2611 5168 2793 5231 οὐσίας
2821 5165 3261 5237 ἀποκρινόμενον.

663 5285 748 5341 £1:
784 5289 1003 5354 epistola
1030 5286 1278 5356 synodica
1299 5286 1650 5354 episcoporum
1687 5283 1898 5356 (Egypti
1919 5293 2346 5355 congregatarum
2373 5287 2422 5337 in
2458 5283 2582 5356 urbe
2603 5282 2952 5356 Alexandria,
2987 5282 3054 5334 ad
3092 5299 3262 5356 omnes
3304 5281 3550 5336 Ecclesiae
3595 5277 3876 5334 catholica;-

1107 5353 1394 5427 episcopos,
1431 5371 1586 5424 quam
1619 5353 2126 5424 referi'Athanasius
2159 5357 2212 5406 in
2246 5355 2593 5424 Apologctico
2619 5353 2858 5410 secundo
2891 5353 3149 5406 adversus
3173 5353 3419 5408 Arianos.
3879 5367 3884 5372 ‘

584 5541 586 5543 _
721 5467 876 5536 Quod
903 5467 1046 5522 enim
1085 5468 1370 5522 concilium
1393 5465 1792 5535 episcoporum,
1826 5474 1918 5520 aut
1949 5466 2040 5536 qui
2076 5481 2204 5518 con-

2383 5465 2517 5518 ῐῐοία
2558 5466 2666 5536 γὰρ
2701 5466 2794 5518 καὶ
2833 5465 3046 5528 σύνοδος
3087 5466 3392 5518 ἐπισκόπων
3427 5460 3495 5535 ἦν
3527 5464 3675 5529 τότες
3709 5465 3874 5520 ποῖον

653 5578 830 5616 ίεεςιιε
869 5561 982 5616 veri
1021 5557 1296 5615 studiosus
1321 5561 1428 5614 illic
1459 5559 1594 5612 fuit?
1627 5559 1814 5614 Nonne
1857 5561 2098 5630 plerique
2142 5559 2206 5610 il-

2313 5557 2578 5627 συνέδριον
2615 5557 2866 5628 ἀληθείας
2913 5557 3198 5628 ἐχόμενονς
3235 5559 3328 5622 Τίς
3369 5556 3474 5609 τῶν
3512 5557 3766 5612 πλειόνων
3798 5559 3869 5612 ὲν

660 5655 830 5707 tonum
869 5653 1072 5708 inimici
1105 5651 1263 5706 nobis
1315 5651 1568 5706 fuerunt?
1613 5649 1802 5706 Nonne
1845 5651 2108 5706 Eusebius
2135 5651 2203 5704 ob

2312 5652 2490 5712 αὐτοῖς
2522 5651 2620 5702 οὐκ
2651 5648 2836 5719 ἐχθρὸς
2869 5649 3132 5720 ἡμέτερος
3171 5644 3270 5718 iw;
3294 5649 3367 5701 Οὐ
3400 5647 3485 5700 διὰ
3511 5645 3608 5718 τὴν
3651 5647 3869 5714 Ἀρείου

659 5745 775 5798 Arii
801 5745 1064 5800 insaniam
1117 5743 1377 5797 adversus
1405 5755 1502 5798 nos
1557 5743 1734 5804 irruit,
1769 5749 1822 5796 et
1867 5731 2003 5795 alios
2063 5741 2200 5794 idem

2311 5760 2503 5812 μανιαν
2529 5745 2576 5794 οἱ
2613 5741 2737 5810 περὶ
2791 5741 3060 5792 Ἐυσὲϐιον
3109 5739 3226 5794 καθ’
3269 5739 3422 5794 ’ἡμῶν
3461 5739 3758 5811 ὥρμησαν;
3797 5741 3867 5794 οὐ

663 5855 786 5896 cum
814 5836 930 5906 ipso
976 5837 1267 5892 sentientes
1301 5835 1559 5891 adduxit?
1589 5835 1776 5890 Nonuc
1825 5834 2040 5890 assidue
2073 5850 2201 5890 con-

2309 5835 2432 5898 τοὺς
2486 5832 2672 5896 ἄλλους
2721 5831 3158 5902 συμφρονοῦντας
3197 5831 3374 5895 αὐτοῖς
3413 5834 3710 5902 ὲπήγοντος
3747 5831 3869 5886 05m
