4142 6306
695 365 766 420 87
1503 362 1833 420 VETERUM
1872 358 2291 416 TESTIMONIA
2330 360 2614 416 CONTRA
2650 359 3016 418 EUSEBIUM.

3852 355 3928 410 88

1555 479 1699 534 Idem
1732 481 1788 534 in
1819 489 2051 534 tractatu
2076 479 2150 534 De
2181 480 2404 552 synodis
2433 481 2664 535 Arimini
2689 489 2743 536 et
2771 458 3050 534 Séleuciaa.

759 597 1037 672 Praecipue
1065 609 1242 656 autem
1264 601 1520 665 Aeacius,
1550 600 1682 671 quid
1705 600 1940 657 Eusebio
1991 603 2228 672 magistri

2421 601 2672 656 Μάλιστα
2710 599 2768 653 δὲ
2809 598 3058 661 Ἀκάκιος
3087 596 3139 649 τί
3191 591 3258 649 ἂν
3297 593 3437 647 εἴποι
3483 591 3616 663 πρὸς
3654 587 3926 643 Εὐσέϐιον

688 709 792 750 suo
813 709 1176 765 responsurus
1197 695 1316 750 est?
1353 693 1457 760 Qui
1483 709 1594 749 non
1637 695 1811 748 solum
1837 695 2046 765 synodo
2076 694 2248 750 Nicae-

686 798 771 838 ηαξ
801 783 1145 854 subscripsit,
1170 782 1264 837 sed
1289 791 1344 837 et
1393 797 1491 852 per
1542 781 1828 865 epigolam
1872 785 2087 854 pepulis
2133 784 2249 840 suis

686 875 1009 945 signiﬁcavit
1037 913 1053 939 ,
1122 889 1241 930 eam
1322 888 1458 930 esse;
1506 890 1686 929 veram
1731 875 1888 930 ﬁdem
1933 891 2053 947 quae
2103 878 2248 944 apud

681 964 918 1020 Nicaeam
969 981 1036 1022 ex
1084 963 1363 1021 communi
1401 980 1671 1020 consensu
1721 967 1920 1020 tradita
1978 976 2081 1023 est.
2133 967 2252 1024 Etsi

679 1059 824 1114 enim
859 1074 925 1114 eo
970 1073 1080 1128 quo
1117 1059 1203 1113 vol
1229 1061 1292 1110 rit
1345 1057 1526 1123 modo,
1553 1060 1832 1115 excusavit
1863 1061 1923 1114 se
1972 1075 2067 1130 per
2102 1059 2248 1114 illam

589 1166 592 1168 ‘
681 1150 1001 1220 Epistolam,
1024 1165 1124 1205 voc
1148 1159 1392 1205 stamen
1417 1151 1608 1223 synodi
1627 1166 1736 1205 non
1770 1151 2097 1220 repudiavit.
2133 1149 2244 1205 lino

681 1238 917 1292 Arianos
955 1239 1247 1303 accusavit,
1297 1239 1446 1309 'quod
1481 1256 1607 1315 cum
1647 1241 1933 1297 dicerent:
1966 1239 2085 1295 Non
2126 1249 2244 1296 erat

681 1327 851 1385 Filius
873 1336 1159 1401 antequam
1186 1332 1498 1404 gigneretur
1520 1376 1537 1399 ,
1567 1348 1689 1386 eum
1738 1348 1806 1388 ne
1859 1340 1984 1388 ante
2027 1341 2241 1403 partum

683 1421 899 1490 quidem
931 1417 1113 1478 Mariae
1139 1427 1415 1480 exstitisse
1453 1423 1805 1480 afﬁrmarent.

2346 694 2437 746 τὸν
2474 693 2666 746 ἑαυτοῦ
2706 691 3053 754 διδάσκαλον;
3088 691 3182 752 Ὃς
3224 689 3282 740 οὐ
3322 687 3477 757 μόνον
3516 684 3832 756 ὑπέγραψεν
3865 682 3927 735 ὲν

2345 788 2413 856 τῇ
2460 783 2600 838 κατὰ
2649 783 2881 836 Νίκαιαν
2925 781 3158 850 συνόδῳ,
3199 778 3334 832 ἀλλὰ
3380 777 3472 830 καὶ
3522 776 3587 828 δι’
3627 771 3926 842 ἐπιπολῆς

2348 877 2581 947 ἐδήλωσε
2631 875 2741 937 τοῖς
2769 875 2860 926 ὑπ’
2903 872 3065 949 αὐτον
3093 873 3272 935 λαοῖς,
3311 869 3510 940 ταύτην
3549 865 3686 921 εἶναι
3729 867 3926 919 πίστιν

2347 966 2541 1038 ἀληθῆ,
2575 965 2674 1035 τὴν
2712 964 3128 1036 ὁμολογηθεῖσοε)
3155 967 3212 1017 ἐν
3249 966 3315 1033 τῇ
3350 963 3489 1016 κατὰ
3523 960 3755 1013 Νίκαιαν
3786 975 3924 1011 συν-

2349 1060 2452 1130 όδῳ
2476 1077 2489 1088 ·
2525 1061 2574 1113 εἰ
2603 1058 2710 1130 γὰρ
2732 1059 2823 1111 καὶ
2859 1055 2944 1120 ὠᾲ
2968 1057 3228 1130 ἠθέλησεν
3276 1055 3642 1125 ἀπελογήσατο
3679 1052 3769 1105 διὰ
3815 1050 3923 1119 τῆς

2351 1151 2658 1220 ἐπιστολῆς,
2699 1151 2836 1205 ἀλλά
2873 1168 2936 1219 γε
2969 1151 3065 1214 τὰς
3106 1149 3276 1216 λέξεις
3311 1148 3410 1201 οὐκ
3437 1147 3737 1218 ἠρνήσατο·
3774 1142 3924 1196 ἀλλὰ

2351 1245 2817 1315 καὶηκατηγόρησε
2847 1243 2953 1297 τῶν
2995 1242 3313 1312 Ἀρειανῶν,
3345 1242 3426 1294 ὅτι
3476 1241 3750 1308 λέγοντες,
3797 1238 3923 1290 Οὐκ

2345 1334 2413 1408 ἦν
2451 1339 2577 1410 πρὶν
2597 1339 2902 1410 ⁴γενηθῆναι
2950 1341 2978 1392 ὁ
3011 1338 3135 1402 Υἱὸς
3155 1379 3168 1399 ,
3201 1338 3318 1390 οὐδὲ
3349 1335 3454 1408 πρὸ
3499 1334 3714 1406 Μαρίας
3746 1331 3921 1388 αὐτὸν

2346 1428 2534 1500 ἤθελον
2565 1426 2721 1483 εἶναι.

1717 1518 1863 1574 Idem
1890 1521 1944 1575 in
1973 1521 2196 1591 epistola
2233 1522 2302 1576 ad
2329 1526 2598 1596 episcopos
2635 1526 2853 1595 African

742 1633 927 1707 Neque
955 1637 1075 1707 ejus
1105 1638 1182 1692 rei
1215 1638 1438 1709 ignarus
1483 1646 1603 1693 erat
1631 1637 1896 1694 Eusebius
1949 1641 2236 1710 episcopus

673 1727 1049 1786 Caesariensis.
1080 1729 1183 1796 Qui
1217 1745 1340 1785 cum
1369 1732 1521 1802 prius
1562 1730 1951 1802 suﬁ‘ragaretur
1971 1734 2239 1787 Arianicm

2413 1645 2523 1698 Καὶ
2571 1644 2726 1698 τοῦτο
2771 1644 3062 1714 ἐγίνωσκεν
3099 1642 3350 1706 Εὐσέϐιος
3379 1643 3409 1695 ὁ
3451 1639 3736 1710 γενόμενος
3788 1636 3920 1690 ἐπί-

2343 1753 2543 1801 σκοπος
2575 1737 2678 1806 τῆς
2707 1738 3059 1808 Καισαρείας,
3093 1736 3350 1806 πρότερον
3379 1735 3475 1806 μὲν
3511 1731 3817 1803 συντρέχων
3839 1731 3913 1799 τῇ

673 1827 858 1887 sectae,
882 1829 1070 1890 postea
1101 1831 1279 1878 tamen
1301 1822 1500 1878 Nicaani
1550 1827 1767 1880 concilii
1823 1825 2058 1880 decretis
2109 1825 2228 1881 sub

2359 1827 2662 1899 Ἀρειανικῇ
2706 1828 2934 1898 αἱρέσει,
2970 1826 3273 1896 ὕστερον.δέ
3315 1824 3631 1896 ὑπογράψας
3661 1825 3719 1875 ἐν
3761 1823 3912 1891 αὐτῇ
3945 1863 3956 1879 ,

673 1911 916 1983 scripsit,
946 1921 1000 1969 et
1023 1917 1165 1994 apud
1195 1932 1326 1972 suos
1359 1917 1595 1988 idipsum
1623 1919 1864 1990 prepriis
1920 1919 2119 1973 litteris
2165 1920 2242 1972 af-

672 2001 924 2070 ﬁrmavit,
957 2007 1114 2076 cujus
1145 2007 1259 2062 haec
1297 2010 1459 2063 verba
1497 2018 1624 2064 sunt
1657 2008 1955 2066 :Novimus
1977 2011 2239 2080 quosdam

670 2113 736 2153 ex
769 2099 968 2168 priscis
993 2101 1237 2156 eruditos
1271 2109 1325 2156 et
1354 2104 1646 2172 prteclaros
1676 2105 1966 2170 antistites,
1996 2105 2238 2174 aliosque

671 2190 990 2260 scriptores,
1027 2208 1152 2247 cum
1179 2193 1246 2249 de
1278 2196 1455 2251 Patris
1480 2205 1532 2251 et
1562 2195 1684 2251 Filii
1709 2196 1917 2253 Deitate
1946 2197 2237 2267 loqueren-

671 2287 777 2344 tur,
803 2296 935 2336 voce
963 2285 1548 2342 consubstantialitatis
1571 2302 1701 2342 usos
1723 2302 1861 2342 esse.

2341 1921 2408 1989 τῇ
2440 1920 2497 1972 ἐν
2519 1919 2722 1989 Νικαίᾳ
2761 1919 2977 1988 συνόδῳ,
3015 1917 3218 1989 ἔγραψε
3248 1919 3358 1978 τοῖς
3393 1915 3538 1978 ἰδίοις
3569 1911 3918 1966 διαϐεϐαιού-

2346 2025 2524 2080 μενος,
2549 2008 2631 2060 ὅτι
2660 1994 2773 2061 καῖ
2780 2007 2885 2060 τῶν
2911 2005 3151 2059 παλαιῶν
3174 2005 3323 2068 τινὰς
3347 2003 3556 2071 λογίους
3586 2003 3678 2055 καὶ
3704 2003 3918 2070 ἐπιφα-

2339 2103 2450 2164 νεῖς
2482 2100 2808 2162 ἐπισκόπους
2858 2099 2951 2152 καὶ
3001 2098 3346 2168 συγγραφέας
3393 2095 3632 2165 ἔγνωμεν
3667 2095 3766 2162 ,ἐπὶ
3809 2093 3914 2165 τῆς

2337 2192 2430 2246 τοῦ
2457 2191 2667 2263 Πατρὸς
2697 2191 2788 2244 καὶ
2808 2190 2939 2244 Υίοῦ
2967 2191 3216 2260 θεότητος
3239 2187 3314 2258 τῷ
3343 2188 3436 2241 τοῦ
3462 2185 3744 2258 ὁμοουσίου
3771 2202 3915 2256 χρη-

2343 2282 2603 2353 σαμένους
2625 2282 2864 2352 ὀνόματι.

1509 2405 1654 2461 Idem
1687 2408 1746 2459 in‘
1771 2416 2002 2459 tractatu
2031 2404 2106 2460 De
2131 2403 2364 2476 Synodis
2410 2402 2640 2456 Arimini
2671 2408 2724 2455 et
2753 2399 3028 2455 Seleuciae.

733 2509 1000 2570 Eusebius
1028 2532 1244 2588 quoque
1267 2536 1333 2574 ex
1365 2521 1609 2575 Caesarea
1640 2520 1947 2586 Palestina},
1990 2523 2045 2577 in
2100 2523 2234 2576 litte-

667 2605 742 2660 ris
773 2607 839 2661 ad
869 2607 1290 2680 Euphrationem
1328 2614 1640 2684 episcopum
1663 2631 1772 2670 non
1793 2615 1996 2670 veritus
2023 2623 2107 2670 est
2131 2631 2230 2684 pa-

665 2696 771 2751 lam
793 2698 996 2768 dicere,
1026 2701 1304 2761 Christum
1329 2721 1437 2762 non
1469 2721 1591 2762 esse
1613 2721 1797 2761 verum
1827 2706 2017 2762 Deum.

2421 2519 2479 2571 Ὀ
2510 2518 2582 2571 δὲ’
2607 2517 2713 2570 ἀπὸ
2744 2515 3076 2587 Καισαρείας
3103 2515 3204 2585 τῆς
3233 2512 3592 2583 Παλαιστίνης
3621 2509 3907 2574 Εὐσέϐιος,

2338 2612 2564 2683 γράφων
2591 2611 2726 2682 πρὸς
2750 2610 3105 2681 Εὐφρατίωνα
3131 2608 3220 2661 τὸν
3245 2607 3556 2668 ἐπίσκοπον,
3583 2604 3681 2657 οὐκ
3700 2602 3907 2672 ἐφοϐή-

2337 2703 2401 2773 θη
2438 2701 2684 2772 φανερῶς
2713 2704 2884 2754 είπεῖν
2913 2704 2995 2757 ὅτι
3027 2705 3056 2754 ὁ
3096 2701 3324 2771 Χριστὸς
3355 2700 3452 2753 οὐκ
3481 2698 3624 2751 ἔστιν
3650 2695 3910 2768 ἀληθινὸς

2334 2795 2483 2858 θεός.

1368 2887 1722 2959 Hieronymus
1757 2891 1812 2944 in
1845 2889 2069 2958 epistola
2097 2889 2166 2943 ad
2183 2889 2566 2960 Ctesiphontem
2596 2889 2842 2944 adversus
2867 2887 3206 2958 Pelagianos.

736 2975 958 3033 Fecerat
985 2979 1087 3035 hoc
1119 2963 1173 3037 et
1203 2983 1256 3038 in
1279 2985 1453 3039 sancti
1483 2984 1748 3054 Pamphili
1774 2984 2030 3055 martyris
2057 2985 2298 3049 nomine,
2328 2987 2606 3041 utlibrum
2653 2987 2890 3056 primum
2935 2966 3044 3039 sui]
3089 2985 3349 3039 librorum
3397 2980 3731 3039 defensionis
3769 2979 3907 3039 Ori-

661 3077 816 3144 genis
843 3074 1060 3132 Eusebii
1089 3077 1464 3146 Caesariensis,
1494 3097 1654 3151 quem
1708 3080 1876 3137 fuisse
1928 3081 2214 3145 Arianum,
2256 3097 2418 3137 nemo
2480 3091 2565 3139 est
2611 3084 2706 3154 qui
2762 3083 2988 3150 nesciat,
3046 3080 3264 3137 nomine
3316 3077 3584 3149 Pamphili
3635 3077 3900 3150 martyris

661 3179 1005 3240 praznotaret.
3695 3163 3730 3171 μ

1654 3268 1802 3325 Idem
1831 3271 1883 3322 in
1914 3269 2046 3323 libro
2074 3270 2300 3324 secando
2326 3254 2604 3326 Adversus
2626 3269 2899 3326 Ruﬁnum.

731 3360 922 3415 Statim
947 3360 1014 3417 de
1044 3371 1200 3432 portu
1229 3365 1535 3434 egrediens,
1581 3380 1772 3419 navem
1807 3362 2052 3433 impegit.
2089 3360 2350 3420 Referens
2390 3366 2536 3419 enim
2560 3365 2626 3420 de
2655 3364 2915 3436 Apologia
2949 3360 3216 3432 Pamphili
3264 3361 3537 3432 martyris,
3568 3373 3733 3431 quam
3785 3375 3892 3416 nos

660 3455 879 3511 Eusebii
903 3456 1228 3511 Arianorum
1250 3458 1536 3528 principis,
1566 3457 1940 3527 probavimus,
1966 3463 2072 3512 etc.

1569 3586 1610 3600 κ,
1661 3547 1808 3601 Idem
1839 3549 1893 3600 in
1924 3547 2056 3601 libro
2078 3550 2250 3616 primo
2271 3550 2549 3604 Adversus
2582 3547 2858 3604 Rufinum.

728 3634 994 3693 Eusebius
1018 3635 1370 3693 Caesariensis
1400 3639 1710 3709 episcopus,
1731 3639 1890 3709 cujus
1913 3655 2076 3710 supra
2101 3642 2341 3707 memini,
2366 3642 2421 3694 in
2454 3648 2608 3696 sexto
2638 3641 2778 3696 libro
2803 3641 2903 3711 τῆς
2931 3640 3280 3710 Ἀπολογίας
3307 3637 3574 3710 Origenis,
3612 3641 3717 3699 huc
3738 3642 3879 3698 idem

655 3725 843 3795 objicit
867 3726 1134 3782 Methodio
1163 3729 1422 3800 episcopo
1447 3739 1500 3784 et
1524 3731 1770 3800 martyri,
1802 3730 1948 3800 quod
1981 3739 2039 3784 tu
2074 3731 2130 3786 in
2168 3733 2306 3787 meis
2355 3732 2611 3788 laudibus
2663 3732 3009 3799 criminaris;
3044 3743 3097 3788 et
3125 3733 3256 3789 dicit
3289 3753 3299 3787 :
3330 3755 3348 3784 ι
3381 3732 3664 3800 Quomodo
3706 3751 3877 3791 ausus

652 3827 738 3874 est
771 3818 1075 3875 Methodius
1097 3836 1245 3874 nunc
1269 3830 1461 3876 contra
1495 3821 1784 3893 Origenein
1824 3823 2086 3889 scribere,
2109 3824 2200 3893 qui
2242 3825 2356 3879 haec
2387 3832 2440 3880 et
2471 3824 2586 3880 haec
2632 3825 2698 3881 de
2742 3822 2989 3895 Origenis
3043 3825 3260 3882 loeutus
3309 3835 3393 3882 est
3431 3827 3772 3896 dogmatibus
3803 3828 3826 3880 ’ί
3854 3848 3874 3879 ι

653 3911 772 3968 Non
791 3922 874 3968 est
898 3913 1060 3982 hujus
1091 3914 1194 3968 loci
1229 3929 1326 3984 pro
1357 3925 1593 3987 martyre
1612 3915 1775 3986 loqui.
1807 3914 1993 3986 Neque
2020 3916 2167 3971 enim
2188 3918 2370 3972 omnia
2395 3917 2446 3972 in
2476 3917 2611 3973 locis
2635 3917 2886 3972 omnibus
2919 3918 3234 3973 disserenda
3279 3925 3425 3973 sunt.
3475 3915 3632 3982 Nunc
3675 3919 3881 3989 tetigis-

654 4022 714 4062 se
740 4006 989 4072 sufliciat,
1027 4007 1130 4062 hoc
1162 4008 1228 4062 ab
1257 4009 1462 4062 Ariano
1492 4010 1710 4066 homine
1739 4009 1902 4079 objici
1930 4010 2238 4076 clarissimo
2259 4023 2311 4067 et
2333 4012 2779 4082 eloquentissimo
2803 4014 3050 4082 martyri,
3084 4010 3230 4084 quod
3263 4020 3321 4066 tu
3348 4011 3404 4066 in
3442 4026 3528 4066 me
3581 4018 3635 4068 et
3669 4015 3877 4068 amicus

656 4099 864 4166 laudas,
914 4109 968 4156 et
991 4101 1230 4158 ofl‘ensus
1259 4118 1508 4162 accusas.

1560 4220 1830 4287 Socrates,
1857 4222 1954 4277 lib.
1980 4237 1993 4274 ι
2027 4219 2279 4276 Historiae
2306 4212 2706 4287 ccclesiasticm,
2737 4237 2851 4289 cap.
2882 4221 2973 4276 25.

721 4332 984 4389 Eusebius
1035 4333 1251 4403 quidem
1300 4333 1564 4404 Pamphili
1607 4335 1819 4401 scribit,
1877 4337 2058 4391 statim
2092 4343 2214 4406 post

2386 4336 2642 4400 Εὐσέϐιος
2675 4337 2770 4407 μὲν
2803 4333 2894 4390 οὖν
2925 4338 2966 4388 ὁΔ
2994 4337 3284 4408 ,Παμφίλου
3333 4339 3496 4410 φησὶν
3539 4339 3696 4402 εὐθὺς
3735 4338 3878 4410 μετὰ

648 4425 911 4495 synodum
944 4424 1228 4496 Egyptios
1262 4426 1404 4481 inter
1428 4442 1486 4482 se
1529 4427 1884 4481 tumultuatos
1913 4442 2054 4492 esse,
2077 4442 2209 4480 cau-

648 4532 760 4570 sam
788 4518 1050 4572 tumultus
1083 4534 1194 4572 non
1241 4518 1463 4574 addens.
1495 4519 1611 4585 Quo
1645 4519 1702 4573 ﬁt
1751 4528 1812 4574 ut
1859 4522 1911 4575 in
1954 4520 2209 4590 bilinguis

646 4609 1012 4678 suspicionem
1041 4609 1275 4676 venerit,
1305 4621 1588 4680 propterea
1638 4613 1782 4684 quod
1831 4613 1960 4668 dum
2013 4626 2207 4667 causas

644 4717 869 4756 narrare
894 4702 1240 4775 subterfugit,
1280 4696 1520 4759 indicare
1570 4707 1784 4761 videtur
1831 4722 1890 4761 se
1945 4707 2031 4761 his
2089 4721 2209 4775 qua:

644 4795 785 4864 apud
811 4793 1044 4849 Nicaeam
1073 4797 1286 4852 decreta
1318 4795 1548 4863 fuerant,
1600 4799 1820 4854 minime
1857 4798 2130 4852 assentiri.

2316 4427 2410 4498 τὴν
2437 4427 2682 4504 σύνοδον,
2731 4429 2866 4500 πρὸς
2887 4430 3080 4502 ἑαυτὴν
3123 4429 3426 4496 στασιάζειν
3455 4430 3555 4502 τὴν
3579 4429 3874 4500 Αἴγυπτον,

2314 4521 2413 4591 τὴν
2439 4520 2615 4589 αἰτίαν
2641 4521 2713 4592 μὴ
2739 4521 3043 4593 προστιθείς
3062 4540 3075 4552 ·
3103 4522 3160 4588 ἐξ
3179 4518 3252 4576 ὧν
3279 4525 3372 4576 καὶ
3395 4521 3689 4591 διγλὼσσου
3715 4523 3874 4589 δόξαν

2315 4615 2612 4686 ἐκτήσατο,
2645 4617 2745 4679 ὅτι,
2781 4615 2876 4679 τὰς
2909 4615 3086 4681 αἰτίας
3112 4616 3287 4685 λέγειν
3325 4616 3601 4690 ἐκκλίνων)
3638 4615 3711 4689 μὴ
3745 4635 3874 4671 om-

2315 4708 2550 4762 ευδοκεῖν
2576 4712 2688 4773 τοῖς
2720 4711 2778 4762 ἐν
2807 4709 3010 4782 Νικαίᾳ
3031 4695 3307 4764 ⁸συνέθετο.

903 4910 1248 4968 Tlteodoritus
1270 4914 1324 4967 in
1357 4916 1779 4984 interpretatione
1815 4913 2066 4984 Epistola:
2089 4911 2248 4965 Pauli
2279 4911 2346 4964 ad
2371 4911 2641 4976 llebrmos,
2673 4913 2737 4967 de
2772 4915 2986 4968 Arionis
3030 4916 3260 4986 loquens,
3289 4913 3365 4968 ita
3388 4913 3570 4969 scribit
3604 4930 3622 4968 :

714 5027 868 5094 Quod
890 5030 1025 5085 sine
1044 5029 1149 5085 hoc
1173 5031 1391 5102 quidem
1427 5033 1629 5088 sufﬁcit
1675 5032 1742 5088 ad
1771 5034 1849 5088 eis
1880 5032 2204 5102 persuaden-

642 5118 793 5183 dum,
825 5121 1057 5198 Ensebio
1086 5132 1232 5179 certe
1259 5123 1548 5180 Palaestino
1589 5125 1808 5181 credere
1837 5141 1930 5180 eos
1957 5131 2202 5195 Oportet,

639 5227 801 5280 quem
830 5220 1118 5281 patronum
1146 5229 1370 5269 suorum
1396 5214 1704 5283 dogmatum
1733 5213 2025 5284 appellant.

2377 5031 2439 5083 Εἰ
2465 5030 2519 5083 δὲ
2563 5031 2696 5102 μηδέ
2744 5032 2898 5086 τοῦτο
2932 5033 3110 5086 ἱκανὸν
3144 5036 3322 5086 πεῖσαι
3374 5034 3597 5096 αὐτοὺς,
3623 5031 3870 5104 Εὐσεὸίῳ

2306 5123 2434 5191 γοῦν
2464 5124 2627 5194 ἐχρῆν
2653 5125 2938 5194 πεισθῆναι
2961 5125 3036 5194 τῷ
3062 5125 3414 5197 Παλαιστινῷ,
3443 5125 3503 5180 ὃν
3523 5125 3629 5179 τῶν
3649 5125 3867 5179 οἰκείων

2306 5213 2586 5285 δογμάτων
2618 5214 2947 5268 ἀποκαλοῦσι
2978 5217 3290 5287 συνήγορον.

866 5328 1139 5396 Antipater
1168 5329 1481 5385 Bostrorum
1507 5333 1772 5402 episcopus
1808 5333 1861 5386 in
1891 5331 2025 5385 libro
2054 5331 2223 5400 primo
2261 5331 2536 5386 Adversus
2581 5328 2800 5386 Eusebii
2830 5327 3238 5402 Apologeticum
3263 5345 3363 5401 pro
3390 5328 3641 5400 Origene.

707 5443 858 5515 Nego
903 5449 1086 5497 tamen
1129 5459 1251 5498 eum
1296 5445 1363 5498 ad
1417 5454 1659 5500 exactam
1705 5444 2200 5501 ecclesiasticorum

636 5536 950 5606 dogmatum
980 5536 1344 5608 cognitionem
1378 5539 1708 5608 pervenisse.
1760 5538 2028 5603 Quocirca
2075 5553 2200 5607 pro-

2373 5443 2484 5496 Οὐκ
2539 5441 2619 5494 ἔτι
2651 5441 2708 5494 δὲ
2760 5441 2893 5512 πρὸς
2940 5443 3040 5514 τὴν
3085 5441 3192 5495 τῶν
3247 5442 3527 5513 δογμάτων
3576 5440 3862 5513 ἀκρίϐειαν

2303 5535 2502 5604 φθάσαι
2533 5534 2672 5605 φημὶ
2696 5534 2785 5588 τὸν
2818 5533 2982 5606 ἄνδρα
3001 5552 3014 5566 υ
3043 5534 3164 5588 ὅθεν
3189 5532 3518 5604 πολυμαθίας
3555 5532 3653 5605 μὲν
3675 5549 3859 5605 παρα-

635 5627 859 5683 miscua:
881 5627 1098 5699 quidem
1131 5618 1393 5684 doctrinm
1419 5639 1581 5702 atque
1604 5629 1928 5687 eruditionis
1972 5631 2195 5701 gloriam
2223 5636 2228 5695 ς

2332 5626 2571 5699 χωρητέον
2618 5625 2786 5696 αὐτῷ,
2819 5625 3098 5696 δογμάτων
3135 5626 3190 5680 δὲ
3229 5627 3423 5696 γνῶσιν
3461 5625 3660 5680 οὐκέτι.
3696 5623 3858 5678 Ἀλλὰ

635 5720 687 5774 ei
718 5720 939 5775 omnino
970 5721 1323 5788 concedimus
1356 5743 1368 5778 :
1415 5724 1726 5794 dogmatum
1755 5739 1883 5804 vero
1924 5723 2192 5789 notitiam,

637 5826 744 5868 non
787 5811 935 5868 item.
970 5812 1110 5880 Quin
1149 5816 1331 5887 potius
1361 5815 1430 5873 ab
1468 5824 1720 5873 accurata
1761 5805 1978 5874 illorum
2010 5814 2196 5888 cogni-

2302 5721 2397 5773 καὶ
2425 5718 2565 5771 πάνυ
2616 5717 2841 5772 κατόπιν
2898 5719 3084 5802 τοῦτον
3131 5720 3228 5791 τῆς
3271 5715 3521 5790 τοιαύτης
3571 5714 3868 5788 ἀκριϐείας·

2301 5812 2586 5884 γενόμενον
2615 5811 2968 5883 ἐπιστάμεθα.
3009 5815 3108 5873 Καὶ
3134 5813 3280 5886 μετὰ
3302 5811 3536 5884 ,βραχέα
3554 5826 3570 5844 ο
3602 5809 3761 5864 ’Ὥστε
3785 5807 3856 5881 δὴ
