4196 6312
248 422 318 478 89
1064 419 1404 478 VETERUM
1444 416 1865 476 TESTI’MONIA
1901 412 2182 472 CONTRA
2217 411 2585 471 EUSEBIUM.
3399 411 3469 466 90

247 539 339 594 ινα
366 539 439 611 μὴ
467 540 703 610 δόξωμεν
747 538 1095 610 ἐπεμϐαίνειν
1124 537 1199 608 τῷ
1245 539 1424 610 ἀνδρὶ,
1461 538 1589 610 περὶ
1627 530 1688 590 οὗ
1746 535 1807 589 οὐ
1837 542 1884 600 Α

1837 542 1884 600 Α
1909 535 2056 587 tione
2085 546 2208 587 eum
2227 533 2416 600 procul
2437 528 2699 596 abfuisse,
2733 534 3064 599 compertum
3097 526 3371 582 habemus.
3395 525 3464 580 Et

245 633 531 704 πρόκειται
568 633 696 703 ἡμῖν
724 632 816 684 ἐπὶ
846 630 938 684 τοῦ
977 618 1241 702 ⁴πταρόντος
1280 629 1476 696 λέγειν,
1507 630 1613 693 ἵνα,
1646 628 1808 698 βασα-

1804 659 1808 667 ι
1905 624 2063 692 paulo
2090 631 2206 693 post
2239 639 2258 676 :
2296 621 2482 691 Itaque
2524 637 2593 676 ne
2621 621 2828 674 homini
2861 621 3123 675 insultare
3166 617 3461 681 videamur,

243 724 484 788 νίζοντες
529 723 663 795 πρὸς
701 723 982 794 ἀκρίϐειαν
1015 723 1112 793 τὴν
1155 723 1450 793 γενομένην
1472 720 1806 790 Ἀπολογίαν,

1909 715 1976 769 de
2029 729 2137 784 quo
2171 728 2316 767 nunc
2346 712 2526 767 dicere
2568 707 2726 768 nobis
2757 710 3092 780 propositum
3121 725 3229 764 non
3265 719 3374 776 est,
3408 720 3465 764 ut

242 816 554 887 αίρετικοὺς
584 813 949 883 ἀποδείξωμεν
993 814 1118 876 τοὺς
1149 811 1516 882 ἀμφοτέρους,
1555 809 1712 863 αὐτόν
1747 826 1808 862 τε

1911 807 2316 876 Apologeticum
2357 811 2611 860 accurate
2647 801 3038 869 examinantes,
3075 810 3367 871 utrumque
3392 801 3467 855 si-

241 905 720 976 ἀπολογησάμενον
758 904 852 957 καὶ
891 903 982 956 τὸν
1028 903 1166 973 ὑπὲρ
1209 902 1328 954 ὅτου
1375 900 1470 970 τὴν
1517 899 1810 966 ἀπολογίαν

1808 917 1810 934 ’
1910 903 2022 955 mul
2050 901 2364 954 haereticum
2392 913 2514 953 esse
2541 895 2922 964 ostendamus,
2951 904 3063 951 tum
3089 895 3232 948 hunc
3265 894 3356 964 qui
3381 894 3465 948 de-

243 994 522 1062 συνέταξε.
554 997 660 1050 Kal
679 998 807 1065 μεθ’
827 995 1017 1063 ἕτερα·
1041 994 1114 1047 Τὸ
1135 993 1242 1064 γὰρ
1268 993 1535 1045 δεικνύναι
1562 990 1807 1044 σπεύδειν
1887 1051 1897 1066 ⁸

1887 991 2208 1066 ,Ῑοηεὶοηθιιι
2259 990 2515 1058 scripsit,
2555 997 2669 1042 tum
2705 989 2855 1042 illum
2891 987 3046 1055 cujus
3089 991 3172 1041 est
3213 990 3485 1067 suscepta.

237 1089 343 1160 τὴν
362 1088 605 1142 τοῦΥίοῦ
635 1089 769 1160 πρὸς
795 1088 885 1141 τὸν
916 1089 1131 1159 Πατέρα
1153 1085 1414 1139 ὑπόϐασιν
1437 1083 1636 1154 ὁμοίως
1660 1081 1806 1152 αὐτῷ

1804 1111 1806 1125 ι
1908 1082 2170 1138 defensio.
2221 1081 2288 1134 Et
2315 1081 2496 1149 paucis
2542 1080 2867 1148 iuterjectis:
2906 1076 3059 1144 Quod
3101 1076 3244 1130 enim
3278 1081 3461 1128 osten-

236 1180 396 1245 τινὰς
436 1181 753 1253 εἰρηκότας,
797 1179 1008 1252 πρῶτον
1063 1180 1158 1245 μὲν
1202 1179 1260 1230 οὐ
1311 1176 1672 1246 ξενισθῶμενσ
1709 1174 1802 1227 σοῦ

1905 1172 2034 1228 dere
2065 1172 2300 1238 conaris,
2326 1171 2716 1238 subjectioncm
2750 1169 2871 1222 Filii
2903 1182 3029 1238 erga
3064 1164 3272 1219 Patrem
3303 1176 3461 1232 quos-

236 1274 351 1344 γάρ
395 1277 488 1337 καὶ
527 1274 634 1326 τῶν
686 1274 814 1344 περὶ
864 1274 921 1325 σὲ
955 1275 988 1342 ἡ
1044 1271 1262 1340 τοιαύτη
1295 1270 1455 1337 δόξαν
1512 1269 1632 1322 ὅθεν
1675 1269 1802 1339 περὶ

1800 1308 1802 1317 ι
1905 1267 2028 1321 dam
2052 1265 2283 1335 perinde
2315 1280 2379 1318 ac
2431 1263 2715 1332 Origenem
2740 1262 2962 1324 dixisse,
2987 1261 3220 1330 primum
3244 1256 3457 1326 quidem

231 1365 432 1418 τούτου
465 1365 554 1418 ἐπὶ
598 1364 690 1418 τοῦ
725 1363 986 1437 παρόντος
1018 1363 1170 1430 λόγος
1215 1364 1345 1432 ἡμῖν
1393 1361 1565 1424 οὐδεὶς
1584 1401 1598 1424 ,
1635 1360 1798 1414 πάλαι

1905 1357 2126 1411 minime
2173 1358 2453 1410 miramur.
2505 1354 2629 1408 Haac
2663 1354 2806 1409 enim
2852 1362 2943 1406 tua
2975 1353 3158 1422 tuique
3199 1349 3457 1405 similium

235 1458 344 1529 μὲν
373 1459 716 1530 ολκουμενικῇ
740 1456 963 1529 ζητήσει
990 1453 1382 1525 ὑωϐληϐἐντος
1413 1454 1505 1507 καὶ
1524 1453 1802 1524 ἀποκηρυ·

1801 1483 1802 1489 η
1905 1448 2090 1518 opinio
2121 1455 2224 1503 est.
2273 1447 2429 1527 Unde
2457 1463 2620 1518 super
2653 1447 2755 1501 hoc
2787 1446 3035 1516 dogmate
3078 1442 3458 1513 impraesentia-

229 1551 475 1622 χθέντος.
1905 1537 2024 1595 rum
2064 1541 2248 1595 nullus
2282 1541 2439 1597 nobis
2479 1550 2563 1597 est
2591 1555 2794 1604 sermo,
2825 1554 2945 1593 cum
2989 1539 3286 1608 praesertim
3317 1534 3459 1604 jam-

227 1645 449 1714 pridem
473 1645 793 1707 universalis
817 1643 1009 1715 synodi
1037 1639 1387 1712 inquisitione
1410 1642 1709 1712 projectum
1728 1641 1798 1695 sit
1830 1647 1992 1708 atque
2019 1636 2349 1691 damnatum.

303 1818 309 1823 ,
599 1763 601 1766 ‘
915 1773 939 1806 κ
1128 1755 1209 1810 Ea:
1248 1753 1449 1827 synodo
1494 1757 1714 1824 septima
1759 1753 2096 1814 wcumcnica,
2136 1754 2340 1805 artioue
2400 1761 2569 1804 sexta.

302 1849 405 1914 Τίς
437 1849 544 1922 γὰρ
591 1850 690 1902 οὐκ
727 1849 866 1917 ἔγνω
903 1848 1010 1902 τῶν
1054 1848 1256 1902 πιστῶν
1301 1846 1663 1918 Ἐκκλησίας,
1707 1849 1800 1923 διαὶ
1833 1857 1872 1909 Β

1796 1887 1800 1899 ,
1833 1857 1872 1909 Β
1972 1840 2104 1908 Quis
2133 1845 2275 1896 enim
2315 1843 2550 1896 fidelium
2587 1840 2842 1896 Ecclesia:
2870 1851 2922 1894 et
2952 1855 3136 1895 eorum
3171 1839 3263 1908 qui
3301 1855 3453 1895 vero-

215 1938 435 2009 γνῶσιν
466 1939 756 2009 εἰληφότων
785 1937 1052 2010 ἀληθινῶν
1093 1938 1392 2008 δογμάτων,
1427 1937 1506 1989 ὅτι
1543 1935 1796 2001 Εὐσέϐιος

1795 1958 1796 1963 π
1901 1949 2021 1987 rum
2045 1933 2356 2004 dogmatum
2379 1934 2657 1990 scientiam
2685 1934 3291 2005 perceperuntLignor-at
3310 1932 3452 2002 quod

214 2034 248 2088 ὁ
279 2032 597 2104 Παμφίλου,
623 2034 704 2094 εἰς
736 2031 992 2101 ἀδόκιμον
1022 2028 1521 2101 νοῦν”παραδοθεὶς,
1546 2028 1794 2098 ὁμόδοξος

1792 2049 1794 2055 ν
1899 2025 2169 2081 Eusebius
2207 2025 2472 2095 Pamphili
2512 2027 2567 2079 in
2614 2025 2901 2094 reprobum
2944 2039 3164 2078 sensum
3198 2015 3449 2086 traditus,

213 2125 324 2179 καὶ
377 2124 638 2195 σύμφρων
684 2124 874 2192 γέγονε
923 2126 1034 2186 τοῖς
1085 2123 1153 2175 τὰ
1209 2121 1414 2192 Ἀρείου
1466 2119 1794 2192 Ορησκεύου-

1790 2149 1794 2160 ι
1897 2118 2139 2186 ejusdem
2175 2108 2454 2188 opinionis
2513 2127 2568 2173 et
2625 2133 2818 2174 sensus
2858 2116 3017 2171 fuerit
3063 2131 3186 2170 cum
3238 2115 3447 2186 his'qui

214 2233 344 2282 σινς
378 2234 431 2271 κ.
455 2233 506 2269 τ.
534 2215 583 2268 λ.

1896 2211 2010 2264 Arii
2059 2212 2387 2280 impietatem
2448 2213 2621 2268 secuti
2669 2213 2828 2266 sunt?
2876 2212 2931 2265 In
2969 2210 3222 2265 omnibus
3256 2209 3451 2279 quippe.

211 2306 507 2363 historicis
538 2306 652 2362 suis
685 2306 841 2361 libris
863 2313 1170 2359 creaturam
1227 2302 1423 2356 Filium
1453 2311 1506 2356 et
1552 2299 1785 2356 Verbum
1815 2300 1905 2354 Dei
1941 2312 2118 2367 vocat,
2150 2314 2204 2358 et
2233 2303 2544 2357 ministrum
2579 2312 2633 2357 et
2663 2303 2961 2358 secundum
2997 2302 3352 2356 adorabilem.
3384 2298 3446 2356 Si

212 2411 358 2451 vero
389 2396 611 2466 quidam
642 2397 788 2452 hunc
831 2394 1181 2450 defendentes
1213 2392 1424 2457 dicunt,
1459 2394 1854 2464 subscripsisse
1887 2394 1942 2448 in
1988 2394 2227 2465 synodo;
2258 2395 2622 2468 concedamus
2655 2387 2728 2448 ita
2765 2395 2954 2450 fuisse.
3010 2394 3116 2449 Sed
3147 2395 3304 2449 labiis
3335 2392 3448 2449 suis

209 2494 508 2547 veritatem
551 2492 859 2556 honoravit,
903 2509 999 2550 cor
1029 2487 1209 2552 autem
1246 2498 1403 2568 longe
1433 2497 1533 2552 fuit
1583 2497 1652 2552 ab
1689 2488 1774 2562 ca,
1811 2505 1871 2550 ut
1900 2498 2197 2554 ostendunt
2231 2498 2354 2552 libri
2387 2497 2504 2566 ejus
2538 2507 2589 2552 et
2622 2496 2863 2567 epistolae
2906 2510 3117 2549 omnes.
3154 2489 3292 2548 Ctim
3322 2509 3449 2562 ergo

210 2585 387 2640 aliter
414 2593 577 2655 atque
607 2585 764 2641 aliter
793 2588 1093 2643 secundum
1129 2598 1342 2662 tempus
1368 2597 1420 2645 et
1450 2606 1646 2647 causas
1677 2592 2108 2660 conspersussit
2139 2602 2300 2660 atque
2327 2600 2565 2648 mutatus
2594 2632 2608 2656 ,
2644 2589 2936 2660 aliquando
2966 2590 3197 2644 laudans
3227 2604 3288 2644 ea
3329 2605 3450 2658 qua:

208 2686 355 2734 sunt
390 2677 504 2732 Arii
528 2679 844 2764 sentientes,
874 2682 1167 2750 aliquando
1194 2699 1320 2738 vero
1346 2685 1628 2739 veritatem
1657 2683 1921 2738 simulans
1941 2723 1955 2746 ,
1991 2693 2214 2752 apparet
2250 2700 2373 2738 eum
2407 2683 2576 2739 fuisse
2603 2685 2780 2737 virum
2810 2683 3012 2753 duplici
3045 2682 3247 2745 animo,
3281 2688 3340 2735 ut
3373 2681 3448 2735 ait

205 2771 460 2826 Iacobus
488 2770 654 2825 frater
683 2769 918 2837 Domini,
951 2773 1260 2828 instabilem
1291 2775 1344 2828 in
1369 2774 1622 2828 omnibus
1651 2774 1754 2828 viis
1782 2774 1916 2828 suis.
1945 2773 2053 2827 Nec
2082 2775 2353 2843 quiSpiam
2379 2775 2652 2830 existimet
2678 2775 2826 2830 illum
2860 2783 3208 2846 accepturum
3241 2774 3449 2844 aliquid

204 2877 244 2914 ιι
275 2861 532 2916 Domino.
570 2859 630 2943 Si
661 2861 806 2916 enim
839 2863 1003 2917 corde
1040 2863 1361 2919 credidisset
1397 2865 1463 2919 ad
1493 2864 1783 2934 justitiam,
1814 2870 1868 2916 et
1909 2878 2003 2918 ore
2045 2865 2329 2920 confessus
2360 2874 2506 2920 esset
2537 2865 2592 2919 in
2624 2867 2856 2922 salutem
2896 2884 3081 2923 verum
3114 2883 3442 2930 sermonem,

205 2953 410 3024 utique
445 2969 540 3024 pro
578 2955 796 3024 scriptis
819 2957 935 3011 suis
965 2958 1176 3011 veniam
1202 2959 1552 3028 postulasset,
1593 2959 1788 3012 horum
1824 2958 2220 3013 correctionem
2251 2958 2499 3028 faciens;
2533 2970 2708 3031 eLpro
2741 2962 2987 3030 epistolis
3041 2964 3155 3019 suis
3190 2947 3433 3033 profecto

199 3046 600 3105 satisfecisset.
644 3047 750 3104 Sed
792 3050 892 3102 hoc
933 3051 1244 3106 nullatenus
1276 3050 1426 3106 fecit.
1459 3050 1657 3106 Mansit
1686 3051 1828 3106 enim
1876 3052 2020 3122 sicut
2056 3051 2307 3124 :Ethiops
2339 3067 2445 3107 non
2483 3061 2686 3108 mutata
2724 3055 2880 3123 pelle.
2918 3053 3157 3124 Denique
3203 3071 3324 3109 cum
3359 3057 3444 3110 in-

211 3151 625 3212 terpretaretur
680 3141 830 3194 Dixit
862 3141 1119 3196 Dominus
1160 3143 1383 3197 Domino
1410 3183 1426 3207 ,
1462 3143 1602 3198 Deus
1638 3160 1782 3197 meus
1817 3160 1868 3196 es
1904 3153 1980 3208 tu,
2015 3153 2168 3198 extra
2197 3137 2442 3201 veracem
2476 3161 2692 3201 sensum
2711 3147 2976 3202 excedens
3003 3147 3082 3202 sic
3116 3147 3188 3200 ait
3225 3166 3238 3200 :
3276 3166 3294 3197 ι
3334 3146 3434 3201 Lc-

191 3235 380 3306 gibus
405 3241 632 3297 naturae,
667 3233 844 3288 omnis
874 3232 972 3288 ﬁlii
1007 3243 1179 3303 pater,
1214 3235 1468 3289 dominus
1494 3245 1577 3291 est
1605 3237 1790 3306 utique
1828 3236 1975 3305 ejusi;
2017 3244 2071 3291 et
2105 3235 2308 3291 idcirco
2339 3239 2602 3308 unigeniti
2649 3237 2773 3292 Filii
2801 3237 2896 3294 Dei
2927 3239 3053 3308 ipse
3102 3240 3194 3308 qui
3239 3241 3426 3311 genuit

187 3342 343 3384 eum
373 3324 534 3391 Deus,
563 3326 727 3382 simul
761 3333 816 3380 et
850 3325 993 3384 Deus
1019 3335 1073 3384 et
1101 3327 1366 3385 Dominus
1395 3339 1446 3384 et
1476 3329 1638 3384 Pater
1665 3339 1800 3386 est.)
1840 3331 2100 3386 Similiter
2123 3339 2175 3386 et
2201 3333 2256 3386 in
2296 3333 2522 3402 epistola
2552 3333 2616 3387 ad
2646 3335 2898 3387 sanctum
2915 3332 3280 3388 Alexandrum
3308 3350 3434 3404 pra:-

187 3428 492 3490 ceptorem
521 3421 702 3492 magni
730 3421 1013 3478 Athanasii
1043 3424 1270 3488 directa,
1303 3423 1460 3493 cujus
1490 3425 1704 3480 initium
1734 3435 1818 3482 cst
1851 3446 1862 3480 :
1892 3447 1910 3478 ι
1951 3429 2087 3482 Cum
2116 3435 2315 3498 quanta
2338 3426 2700 3482 sollicitudine
2722 3436 2774 3480 et
2801 3425 3122 3495 aegritudine
3146 3427 3312 3479 animi
3342 3426 3440 3479 has

183 3517 428 3571 litteras
456 3514 695 3570 scribere
727 3523 1012 3587 aggressus
1041 3516 1165 3580 sim,
1205 3523 1362 3582 ietc.,
1396 3521 1636 3588 apertius
1661 3517 2046 3590 blaSpbemans
2069 3522 2148 3575 sic
2178 3522 2251 3573 ait
2281 3521 2345 3574 de
2370 3518 2498 3572 Ario
2529 3525 2582 3573 et
2611 3519 2730 3588 ejus
2754 3518 2979 3573 asseclis
3015 3537 3056 3572 ει
3085 3516 3437 3571 Calumnian-

183 3616 297 3664 tur
328 3621 428 3661 eos
451 3606 644 3662 littera:
671 3617 796 3674 tum,
833 3621 1086 3680 tanquam
1115 3609 1377 3674 dicentes,
1411 3611 1536 3681 quia
1550 3610 1720 3667 Filius
1745 3629 1810 3668 ex
1840 3629 1945 3667 non
1972 3614 2362 3668 exsistentibus
2395 3612 2574 3666 factus
2603 3619 2705 3676 est,
2733 3611 2875 3665 sicut
2898 3625 3039 3664 unus
3068 3624 3134 3664 ex
3163 3609 3418 3664 omnibus

176 3702 266 3754 At
307 3698 395 3751 illi
426 3699 768 3768 protulerunt
796 3702 1079 3770 epistolam
1095 3716 1256 3770 quam
1285 3703 1353 3755 ad
1385 3713 1436 3757 te
1467 3701 1708 3757 fecerant
1737 3722 1748 3755 :
1781 3704 1962 3773 inqua
2003 3703 2162 3757 fidem
2199 3719 2353 3758 suam
2378 3707 2732 3771 exponentes,
2761 3693 2894 3770 ipsis
2937 3699 3117 3754 verbis
3159 3699 3272 3752 haec
3302 3713 3434 3752 ροη-

179 3790 507 3846 alebantur
533 3811 546 3844 :
576 3789 734 3862 Legis
759 3792 1012 3847 videlicet
1040 3809 1104 3847 ac
1128 3792 1524 3864 Prophetarum
1575 3804 1629 3850 et
1662 3795 1793 3850 Novi
1830 3796 2163 3852 'l‘cstamenti
2205 3796 2370 3850 Deum
2407 3795 2661 3865 genuisse
2691 3793 2883 3848 Filium
2935 3792 3270 3862 unigenitum
3314 3798 3439 3846 ante

157 3894 459 3951 tempora
479 3889 700 3946 interna,
729 3898 825 3953 per
850 3899 1011 3953 quem
1041 3892 1094 3954 et
1121 3885 1300 3946 omnia
1323 3893 1378 3938 et
1416 3885 1611 3941 smcula
1643 3885 1768 3941 fecit
1802 3907 1812 3940 :
1847 3890 2104 3956 genuisse
2124 3898 2301 3943 autem
2330 3904 2453 3942 eum
2491 3903 2598 3941 non
2624 3888 2862 3956 putative
2893 3885 2984 3939 sed
3015 3898 3162 3947 vere,
3222 3897 3285 3937 ac
3313 3869 3438 3938 con-

173 3979 459 4038 stituisse
516 3979 736 4048 prOpria
787 3980 1084 4043 voluntate,
1133 3979 1596 4034 inconvertibilem
1627 4021 1641 4045 ,
1692 3989 1996 4038 creaturam
2029 3981 2474 4052 Deiperfectam,
2525 3981 2619 4035 sed
2661 3996 2768 4034 non
2807 3981 2954 4033 sicut
2993 3992 3154 4030 unam
3185 3989 3249 4028 ex
3285 3989 3438 4031 crea-

174 4072 383 4128 turis.
426 4067 484 4123 Si
533 4086 662 4141 ergo
691 4070 886 4124 littera:
924 4071 1168 4140 ipsorum
1197 4070 1481 4124 veritatem
1512 4070 1724 4133 dicunt,
1761 4071 1949 4139 utique
1977 4071 2115 4140 apud
2155 4079 2206 4123 te
2234 4071 2500 4124 habentur
2532 4088 2545 4122 :
2577 4068 2630 4123 in
2663 4067 2861 4138 quibus
2888 4067 3214 4120 comitentur
3236 4062 3435 4117 Filium

170 4165 295 4221 Dei
329 4171 461 4218 ante
493 4171 735 4234 tempora
765 4174 982 4230 teterna,
1007 4180 1102 4234 per
1132 4181 1293 4234 quem
1327 4165 1454 4219 fecit
1484 4173 1534 4219 et
1568 4150 1912 4230 saecula,csse
1944 4165 2408 4221 inconvertibilem
2438 4172 2491 4219 et
2525 4162 3018 4218 incommutabilem
3047 4168 3102 4214 et
3129 4167 3435 4215 creaturam

170 4258 294 4313 Dei
337 4255 660 4327 perfectam,
693 4259 788 4313 sed
817 4275 923 4314 non
953 4260 1094 4314 sicut
1132 4275 1295 4314 unam
1323 4276 1389 4315 ex
1413 4264 1703 4316 creaturis.
1740 4262 1910 4317 Porro
1929 4263 2159 4332 epistola
2194 4271 2285 4316 tua
2317 4262 2682 4330 calumniatur
2709 4275 2804 4315 cos
2825 4301 2838 4325 ,
2881 4266 3138 4327 tanquam
3185 4257 3437 4310 dicentes

166 4350 336 4421 quia
371 4345 540 4404 Filius
564 4347 740 4403 factus
771 4357 854 4404 cst
876 4351 1017 4404 sicut
1043 4368 1186 4406 unus
1213 4367 1278 4406 ex
1307 4355 1581 4408 omnibus.
1619 4353 1752 4408 Vide
1780 4370 1909 4424 ergo
1952 4372 2016 4410 uc
2041 4357 2121 4410 eis
2150 4355 2332 4409 statim
2370 4355 2587 4408 occasio
2629 4353 2784 4406 detur
2816 4348 3243 4423 reprehendendi
3271 4339 3432 4416 quidl

163 4441 339 4514 quid
366 4439 653 4494 voluerint.
679 4439 880 4493 Iterum
910 4441 1205 4510 objiciebas
1243 4458 1337 4498 eos
1362 4443 1568 4498 dixisse
1603 4462 1614 4497 :
1645 4445 1747 4510 Qui
1770 4455 1868 4510 est,
1901 4463 2017 4499 eum
2039 4447 2128 4515 qui
2155 4463 2255 4498 non
2275 4455 2409 4512 erat,
2429 4446 2624 4514 genuit.
2654 4443 2817 4497 Miror
2838 4451 3015 4497 autem
3042 4442 3086 4495 si
3105 4439 3278 4511 possit
3303 4437 3428 4509 quis

164 4537 375 4589 aliter
405 4533 617 4588 dicere:
671 4533 715 4588 si
756 4534 902 4588 enim
940 4550 1079 4590 unus
1109 4546 1191 4589 est
1222 4539 1313 4607 qui
1343 4545 1446 4601 est,
1482 4537 1725 4606 profecto
1768 4558 1833 4595 ex
1884 4545 2001 4610 ipso
2030 4541 2231 4594 factum
2261 4551 2345 4595 est
2393 4555 2551 4594 omne
2582 4540 2725 4608 quod
2770 4546 2853 4592 est
2879 4536 3165 4604 cumipso.
3204 4532 3260 4586 Si
3299 4547 3430 4587 vero

162 4643 306 4685 non
344 4625 499 4680 solus
525 4627 637 4695 ipse
661 4635 744 4681 est
777 4645 792 4681 :
826 4626 918 4681 sed
947 4633 999 4681 et
1025 4626 1190 4684 Filius
1227 4637 1342 4683 erat
1370 4630 1462 4700 qui
1493 4641 1607 4696 est,
1643 4634 1912 4702 quomodo
1941 4649 2061 4687 eum
2089 4632 2182 4701 qui
2227 4639 2343 4685 erat
2376 4633 2624 4702 gignebat
2648 4632 2737 4700 qui
2769 4628 2887 4684 est?
2909 4628 2998 4681 Sic
3024 4627 3167 4681 enim
3207 4627 3316 4682 duo
3345 4640 3431 4679 es-

163 4730 325 4778 sent
367 4720 463 4789 qui
497 4729 642 4775 sunt.
676 4740 695 4772 ι
731 4719 794 4802 Et
823 4721 936 4775 haec
957 4720 1173 4790 quidem
1209 4721 1476 4778 Eusebius
1499 4725 1564 4778 ad
1603 4726 1991 4781 Alexandrum.
2019 4723 2123 4779 Sed
2155 4733 2210 4780 et
2239 4725 2356 4780 aliae
2387 4727 2505 4794 ejus
2540 4713 2782 4793 epistula:
2827 4723 2893 4777 ad
2923 4723 3168 4778 eumdem
3193 4728 3430 4783 exstant,

162 4817 240 4874 in
300 4812 521 4884 quibus
569 4813 1108 4872 inveniunturwariae
1155 4815 1524 4886 blasphemiae.
1561 4815 1666 4872 Sed
1716 4827 1769 4874 et
1807 4819 1874 4873 ad
1923 4819 2348 4889 Euphrationem
2382 4819 2697 4888 episc0pum
2733 4817 3001 4878 scribens,
3036 4807 3428 4883 apertiushlas-

163 4909 460 4980 plicu'iat.
514 4907 682 4977 Cujus
707 4909 950 4978 epistolae
979 4910 1191 4963 initium
1218 4919 1338 4965 est:
1371 4931 1389 4962 ι
1428 4911 1656 4967 Domino
1679 4930 1798 4969 meo
1823 4931 1917 4985 per
1948 4916 2124 4970 omnia
2154 4915 2355 4985 gratias
2384 4928 2505 4983 ago.
2537 4932 2556 4964 ι
2586 4911 2651 4964 Ει
2675 4911 2830 4981 paulo
2865 4918 2977 4978 post
3006 4924 3022 4960 :
3080 4930 3097 4957 ι
3137 4906 3255 4960 Non
3283 4904 3428 4959 enim

153 5001 377 5061 simul
409 5014 529 5055 cum
572 4998 734 5056 Patre
767 5001 961 5055 Filium
1012 5003 1178 5056 fuisse
1220 5000 1474 5067 fatemur,
1517 5005 1610 5060 sed
1642 5005 1853 5060 Patrem
1885 5014 2011 5060 ante
2042 5003 2237 5058 Filium
2269 4986 2567 5058 exstitisse.
2614 5001 2771 5056 Certe
2810 5001 2925 5070 ipse
2972 4996 3142 5054 Filius
3186 4996 3301 5060 Dei,
3332 4997 3428 5066 qui

152 5097 390 5170 magis
410 5096 590 5152 omnia
613 5097 820 5166 liquido
848 5099 1016 5162 novit,
1049 5099 1214 5151 alium
1239 5114 1297 5153 se
1319 5114 1350 5150 a
1381 5098 1541 5155 Patre
1564 5110 1616 5156 et
1648 5103 1912 5157 minorem
1941 5111 2105 5172 atque
2128 5101 2443 5156 inferiorem
2471 5101 2672 5176 sciens,
2702 5098 2988 5152 admodum
3021 5098 3106 5167 pie
3136 5097 3236 5149 hoc
3261 5095 3454 5172 etiam.

153 5207 288 5250 nos
326 5189 503 5245 docet
530 5190 718 5245 dicens
751 5211 764 5244 :
799 5190 962 5246 Pater
989 5194 1078 5263 qui
1107 5194 1249 5247 misit
1283 5210 1381 5257 me,
1415 5196 1586 5265 major
1610 5214 1686 5251 me
1715 5208 1791 5251 cst
1813 5200 1829 5221 "
1849 5242 1859 5252 .
1878 5219 1894 5248 ι
1921 5197 1985 5250 Et
2001 5207 2115 5264 post
2137 5198 2246 5250 alia
2269 5213 2322 5249 ει
2351 5195 2485 5250 Nam
2508 5205 2560 5251 et
2590 5197 2703 5266 ipse
2725 5195 2940 5264 quidem
2959 5194 3126 5247 Filius
3156 5191 3298 5246 Deus
3320 5198 3424 5258 est,

149 5284 280 5342 sed
334 5297 461 5336 non
493 5299 651 5338 verus
682 5284 821 5340 Deus
851 5306 896 5337 ,ι
939 5286 1017 5341 Ex
1050 5288 1135 5344 his
1163 5305 1290 5360 ergo
1338 5290 1557 5360 scriptis
1589 5292 1707 5361 ejus
1734 5291 2058 5354 ostenditur,
2107 5289 2221 5355 Arii
2247 5297 2300 5344 et
2330 5289 2664 5359 comparium
2696 5289 2814 5358 ejus
2839 5290 3085 5357 dogmata
3110 5288 3422 5357 prmolicare.

146 5379 239 5438 Et
275 5375 470 5447 paulo
496 5385 641 5446 post:
662 5369 868 5447 «Hujus
897 5394 1026 5450 ergo
1050 5379 1302 5438 factionis
1332 5384 1495 5437 etiam
1529 5383 1795 5438 Eusebius
1845 5387 2114 5438 exsistens
2138 5423 2152 5446 ,
2189 5383 2332 5438 sicut
2373 5384 2807 5438 demonstratum
2826 5390 2920 5449 .est
2950 5392 3060 5434 tam
3090 5397 3155 5436 ex
3178 5381 3426 5453 epistolis
3477 5434 3481 5436 _

145 5481 369 5545 quam
411 5481 476 5521 ex
505 5467 784 5525 historicis
811 5469 931 5540 cju‘s
953 5476 1306 5543 conscriptis,
1345 5475 1635 5547 imaginem
1660 5477 1861 5532 Christi
1897 5486 2156 5547 tanquam
2184 5475 2628 5546 Thcopassianus
2657 5475 3006 5544 abjicitpetc.

1049 5586 1270 5645 Photius
1300 5594 1353 5646 in
1381 5594 1601 5662 epistola
1634 5595 1753 5661 144,
1783 5595 1850 5648 ad
1879 5596 2277 5650 Constantinum
2300 5596 2600 5665 patricium.

233 5667 556 5759 Εὐσέϐιος,
589 5675 619 5726 ὁ
645 5672 738 5727 τοῦ
766 5675 1068 5746 Παμφίλου,
1088 5680 1196 5733 εἴτε
1235 5681 1436 5748 δοῦλος,
1467 5684 1577 5738 εἴτε
1608 5687 1768 5758 συνή-

1760 5717 1768 5726 -
1946 5688 2210 5743 Eusebius
2242 5688 2350 5753 ille,
2368 5686 2638 5756 Pamphili
2670 5684 2782 5739 sive
2809 5699 3015 5748 servus,
3048 5685 3159 5738 sive
3191 5683 3417 5748 amicus,

142 5771 299 5848 θης,
341 5765 448 5820 ὅτι
483 5763 581 5835 μὲν
615 5765 971 5842 Ἀρειανισμῷ
999 5769 1157 5837 ἑάλω,
1192 5772 1352 5843 βοῶσι
1393 5775 1490 5847 μὲν
1514 5777 1674 5835 αὑτοῦ
1700 5778 1768 5832 τὰ

1762 5797 1768 5832 ι
1873 5777 2180 5834 Arianismo
2230 5777 2462 5834 infectus
2508 5776 2626 5831 fuit.
2687 5774 2797 5829 lloc
2827 5773 2949 5828 libri
2994 5774 3060 5829 ab
3093 5773 3185 5829 illo
3229 5772 3419 5842 scripti

294 5886 328 5919 ⁸
366 5877 541 5938 Ion.
576 5895 688 5952 xiv,
719 5862 820 5953 28,⁵
