4196 6312
193 406 268 464 93
1054 410 1387 468 VETERES!
1421 407 1838 500 TESTIMOMA
1877 408 2150 465 CONTRA
2190 408 2555 469 El'SEBlUM.
3334 418 3405 474 94

201 529 556 596 ὑποδέξασθαι
578 547 590 559 ’
617 529 701 591 τίς
726 528 780 580 δὲ
803 530 830 580 ὁ
861 527 1144 597 βαπτίσας,
1165 529 1314 581 οὐδὲν
1342 528 1606 598 διασαφεῖ.
1630 529 1763 599 Περὶ

1866 544 1962 582 nec
1995 537 2172 582 utrmn
2211 531 2324 598 ipse
2351 531 2399 584 ei
2431 530 2716 598 aliquando
2777 531 3083 598 adhaeserit,
3130 549 3228 590 nec
3256 539 3400 606 quod

203 624 450 694 μέντοιγε
499 623 595 690 τῆς
656 622 989 691 Ἀρειανικῆς
1061 622 1320 694 αἱρέσεως
1377 621 1528 674 οὐδὲν
1594 621 1759 690 σαφὲς

199 717 555 785 ἀπαγγέλλει,
589 713 694 767 οὐδ’
725 715 771 766 εί
792 713 887 789 τῆς
913 713 1066 784 δόξης
1093 713 1302 782 ἐκείνης
1327 713 1517 783 εἴχετο.
1552 713 1657 766 οὐδ’
1680 713 1760 765 δτι

202 805 622 876 μεταϐέϐληται,
647 804 758 856 ἀλλ’
783 804 887 856 οὐδ’
913 805 993 855 δτι
1024 803 1236 871 φαύλως
1262 803 1294 874 ἦ
1323 803 1492 873 ὀρθῶς
1518 803 1760 867 ἐδόξαζεν

205 895 461 964 θιὶρειος,
517 891 717 961 καίπερ
765 891 1008 963 ἀνάγκην
1060 894 1195 961 ἔχων
1242 894 1299 944 ἐν
1354 893 1537 962 μνήμῃ
1591 892 1760 944 ταῦτα

202 986 558 1056 ποιήσασθαι,
589 986 681 1039 ἆτε
705 985 767 1055 δὴ
796 986 936 1055 μέγα
981 986 1142 1056 μέρος
1169 985 1465 1054 ἐπεχούσης
1498 987 1593 1056 τῆς
1638 1003 1760 1041 συν·-

199 1082 324 1136 όδου
341 1082 450 1133 τῶν
477 1079 567 1133 τοῦ
596 1079 827 1151 μεγάλου
859 1078 1103 1148 πράξεων
1126 1081 1545 1142 Κωνσταντίνου,
1576 1080 1762 1132 κάκείο

201 1191 301 1243 νης
331 1175 493 1227 πάλιν
528 1171 916 1241 ἐξαπαιτούσης
949 1171 1046 1240 τὴν
1089 1171 1213 1240 περὶ
1262 1173 1463 1224 τούτων
1505 1170 1764 1240 λεπτομε-

208 1268 479 1336 ρεστάτην
523 1265 760 1335 ἱστορίαν
785 1280 798 1292 ⁸
849 1263 982 1315 ἀλλά
1017 1263 1200 1315 στάσιν
1237 1263 1334 1332 μὲν
1375 1265 1631 1332 ἐμπεσεῖν
1665 1280 1759 1332 με-

203 1359 344 1425 τάξὺ
382 1357 587 1428 Ἀρείου
618 1358 710 1408 καὶ
745 1354 1084 1426 Ἀλεξάνδρου
1133 1354 1260 1424 (τὴν
1289 1356 1494 1426 αἵρεσιν
1532 1355 1594 1426 δὴ
1621 1355 1761 1406 οὓτω

202 1449 383 1518 λέγων
414 1451 506 1502 καὶ
548 1447 1021 1519 ὑποκρυπτὸμενος
1058 1447 1450 1515 ἀποφαίνεταί)ν
1485 1447 1670 1499 ἐπίπε
1695 1448 1759 1516 τῇ

203 1541 396 1593 στάσει
433 1539 550 1592 λίαν
589 1536 820 1605 ἀλγῆσαι
853 1538 938 1590 τὸν
976 1535 1192 1606 θεοφιλῆ
1228 1535 1465 1604 βασιλέα,
1497 1536 1588 1586 καί
1625 1534 1766 1601 ἀγωέ

199 1632 456 1685 νίσασθαι
495 1630 583 1684 διά
625 1645 682 1682 τε
715 1627 1042 1690 ἐπιστολῶν,
1089 1628 1178 1680 διά
1221 1644 1277 1679 τε
1311 1626 1401 1679 τοῦ
1455 1625 1662 1689 Ὀσίου,
1707 1623 1764 1686 ὃς

200 1723 520 1794 Κορδούϐης
545 1719 880 1780 ἐπεσκόπει,
912 1722 991 1782 εἰς
1039 1718 1214 1788 φιλίαν
1260 1718 1352 1770 καὶ
1391 1718 1638 1786 ὁμόνοιαν
1675 1734 1765 1769 συ-

201 1814 392 1878 ζεῦξαι
419 1816 480 1866 τὸ
507 1810 810 1875 στασιάζον,
846 1812 940 1881 τῆς
976 1809 1106 1883 πρὸς
1148 1809 1403 1877 ἀλλήλους
1453 1808 1625 1878 ἔριδος
1665 1810 1765 1876 ἀφ’

196 1922 225 1960 ε
235 1908 432 1977 μένους
460 1907 550 1960 καὶ
571 1905 677 1958 τῶν
694 1905 940 1959 τοιούτων
953 1903 1243 1975 ζητήσεων.
1271 1903 1357 1965 Ὠς
1379 1901 1421 1954 δ’
1447 1903 1544 1956 οὐκ
1569 1901 1776 1973 ἔπειθε,

201 1999 426 2052 σύνοδον
472 1997 800 2068 πανταχόθεν
838 1997 1111 2067 ἀθροῖσαι,
1165 1995 1257 2047 καὶ
1301 1993 1397 2064 τὴν
1429 1993 1769 2065 ἐμπεσοῦσαν

201 2090 324 2160 ἔριν
355 2090 434 2152 είς
462 2092 679 2159 εἰρήνην
703 2085 1070 2140 διαλύσασθαι.
1104 2089 1178 2138 Οὐ
1218 2088 1322 2158 μὴν
1346 2089 1424 2149 είς
1449 2085 1508 2139 τὺ
1551 2084 1771 2156 ἀκριϐὲς

199 2184 301 2235 καὶ
326 2181 578 2252 ἐπίδηλον
601 2179 969 2250 άναγράφεται
989 2196 1002 2207 ·
1029 2173 1180 2248 οὗτος
1204 2176 1295 2231 οὖν
1319 2178 1502 2248 ὥσπερ
1525 2179 1770 2247 αἰσχυνο-

135 2341 158 2346 __
205 2275 359 2345 μένῳ
383 2274 592 2338 ἐοικὼς,
627 2275 720 2326 καὶ
745 2273 818 2343 μὴ
845 2272 1147 2343 βουλομένῳ
1174 2273 1510 2343 δημοσιεύειν
1534 2273 1766 2342 Ἀρειον,

199 2365 308 2432 τήν
334 2381 394 2416 τε
420 2365 517 2432 τῆς
547 2363 759 2416 συνόδου
791 2361 1210 2432 ἐξενηνεγμένην
1240 2364 1357 2417 κατ’
1383 2362 1544 2414 αὑτοῦ
1571 2364 1766 2432 ψῆφον,

199 2456 304 2522 καὶ
340 2455 446 2508 τῶν
477 2454 950 2524 συνασεϐησάντων
991 2453 1157 2522 αὐτῷ,
1209 2454 1302 2505 καὶ
1337 2452 1770 2518 συνεξωσθέντων

199 2543 304 2614 τὴν
338 2543 549 2596 δικαίαν
590 2539 900 2610 εἴσπραξινο
937 2539 995 2590 οὐ
1050 2539 1152 2608 μὴν
1185 2538 1296 2591 ἀλλ’
1333 2539 1451 2591 οὐδὲ
1491 2540 1558 2610 ἣν
1591 2539 1770 2592 θεόθεν

200 2635 318 2694 πᾶς
363 2629 634 2700 ὀφθαλμὸς
675 2622 810 2680 εἶδεν
861 2626 1061 2679 ἔνδικον
1118 2628 1325 2697 Ἀρείου
1371 2625 1768 2695 καταστροφὴν,

198 2721 364 2774 οὐδὲν
379 2719 578 2772 τούτων
613 2719 756 2787 ἄγων
789 2719 867 2781 είς
904 2717 1037 2786 φῶς,
1068 2718 1165 2786 τήν
1184 2733 1240 2767 τε
1274 2717 1514 2787 περὶτῆς
1560 2717 1769 2769 συνόδου

205 2813 310 2867 καὶ
331 2813 438 2865 τῶν
460 2815 515 2865 ἐν
537 2814 672 2882 αὐτῇ
699 2811 1288 2884 πραχθέντωνίστορίαν
1311 2811 1640 2883 παρέδραμε.
1681 2812 1770 2864 Διὸ

202 2905 306 2959 καὶ
333 2907 458 2976 περὶ
486 2904 578 2958 τοῦ
605 2904 884 2957 θεσπεσίου
905 2903 1190 2957 Εὐσταθίου
1222 2903 1424 2974 μέλλων
1455 2903 1768 2973 διηγεῖσθαι,

201 2999 339 3050 οὔτε
375 2997 467 3049 τοῦ
515 2997 772 3068 ὀνόματος
818 2998 1113 3068 μέμνηται,
1145 2997 1249 3050 οὐδ’
1285 2996 1346 3068 [ί.
1380 2995 1624 3068 οὗθ’]ὅσα
1648 2997 1771 3068 περὶ¹

202 3090 377 3144 αὐτὸν
410 3089 678 3161 ἐτολμήθη
718 3090 810 3143 καὶ
849 3093 928 3153 εἰς
963 3090 1120 3161 ἔργον
1152 3090 1488 3162 ἀποϐέϐηκεν
1509 3108 1521 3120 '
1555 3091 1665 3143 ἀλλ’
1694 3092 1773 3154 είς

205 3185 404 3238 στάσιν
430 3183 522 3236 καὶ
557 3182 794 3253 ταραχὴν
820 3182 1032 3250 ἀνάγων
1058 3184 1149 3234 καὶ
1173 3183 1363 3246 ταῦτα,
1392 3182 1648 3254 γαληνίας
1679 3183 1772 3234 κα)⁸

202 3279 377 3332 πάλιν
405 3276 642 3343 ἐπιλέγει
666 3276 994 3339 ἐπισκόπων,
1020 3275 1160 3328 κατὰ
1181 3275 1275 3346 τὴν
1305 3276 1626 3345 ’Λντιὸχειαν
1649 3293 1771 3328 συν-

233 3369 626 3441 εδραμηκότων
689 3367 884 3437 σπουδῇ
923 3365 1180 3435 βασιλέως
1226 3370 1318 3421 καὶ
1362 3371 1652 3440 συνεργίᾳ,
1683 3370 1774 3421 καὶ

198 3463 268 3515 τὸ
310 3459 596 3524 στασιάζον
636 3463 725 3513 καὶ
758 3464 1151 3532 ταραττόμενον
1182 3464 1259 3526 εἰς
1293 3463 1353 3514 τὸ
1382 3464 1649 3534 εἰρηναῖον
1677 3480 1774 3532 με-

202 3552 646 3622 ταὸεὸληκότων.
693 3552 918 3620 Ὁμοίως
960 3554 1138 3608 δὲκαὶ
1189 3559 1246 3608 ἐν
1294 3551 1373 3619 οἷς
1413 3558 1440 3608 ὁ
1481 3555 1775 3619 πολύαθλος

199 3642 591 3722 ἐσκαεωρήῦην-
631 3642 976 3707 Ἀθανὰσιος,
1027 3647 1105 3708 είς
1161 3645 1330 3698 ταῦτα
1385 3646 1482 3718 τὴν
1541 3645 1774 3716 ἱστορίαν

198 3738 461 3812 ὁρμήσας
490 3737 794 3803 ἐπαςαεῖναι,
823 3737 1062 3800 στάσεως
1099 3738 1194 3807 μὲν
1224 3737 1593 3808 ἐμπλησθῆναι
1619 3738 1775 3790 πάλιν

205 3831 314 3884 καὶ
345 3830 586 3900 ταραχῆς
614 3829 709 3900 τὴν
755 3828 1151 3904 Ἀλεξάνδρειαν
1189 3830 1434 3899 λέγεται,
1460 3833 1551 3884 καὶ
1579 3831 1776 3902 ταύτην

206 3921 560 3993 πραϋνθῆναι
580 3923 887 3975 ἐπισκόπων
914 3923 1200 3992 παρουσίᾳ,
1219 3924 1313 3992 τὴν
1337 3921 1612 3992 βασιλικὴν
1637 3922 1779 3992 ἐχὸν⁶

203 4032 327 4069 των
354 4029 691 4084 συμμαχηιν·
727 4013 847 4067 οὔτε
876 4012 930 4066 δὲ
961 4014 1043 4076 τίς
1073 4009 1141 4083 ἦν
1177 4011 1496 4075 στασιάζων,
1523 4013 1628 4065 οὐδ’
1657 4013 1775 4081 ἥτις

203 4110 240 4176 ὴ
287 4105 500 4169 στάσις,
526 4107 571 4176 ιἢ
605 4105 656 4157 τί
694 4106 786 4158 καὶ
831 4106 1131 4177 πράξαντες
1175 4104 1271 4175 τὴν
1322 4104 1434 4174 ἔριν
1480 4102 1772 4173 ἐπράῦναν,

206 4199 329 4254 οὐδ’
364 4198 498 4258 ὅλως
540 4199 767 4250 ποιεῖται
797 4197 1043 4268 ἐπίδηλον
1063 4214 1075 4226 ·
1106 4197 1195 4248 καὶ
1229 4195 1428 4266 σχεδὸν,
1469 4190 1627 4259 ἐνόῗς
1655 4196 1774 4247 ἐπι-

209 4293 439 4347 σκόπων
468 4290 600 4360 πρὸς
629 4289 886 4360 ἀλλήλους
916 4277 1232 4357 φιλονεικίαι
1269 4288 1392 4356 περὶ
1416 4287 1714 4356 δογμάτων,
1742 4285 1774 4355 ἢ

211 4385 348 4458 περί
371 4401 530 4436 τινων
552 4381 726 4436 ἄλλων
759 4380 1041 4448 διαφωνίαι
1073 4380 1344 4448 γεγόνασι,
1371 4379 1459 4432 τὸν
1489 4371 1648 4432 αὐτὸν
1682 4380 1774 4448 τῆς

210 4475 571 4547 ἐπικρύψεως
603 4474 757 4543 ἐν.τῇ
794 4472 1040 4541 διηγήσει
1061 4470 1226 4523 τύπον
1252 4470 1614 4538 διαφυλάττει.

1861 637 1978 675 eam
2012 622 2285 689 abiecerit.
2322 621 2425 676 Sed
2451 638 2625 691 neque
2653 635 2798 679 recte
2835 641 2903 678 ne
2931 639 2999 680 an
3033 641 3191 681 secus
3220 636 3402 684 sense-

1861 715 1933 766 rit
1977 713 2154 780 Arius,
2200 729 2426 783 usquam
2467 712 2668 779 refert;
2707 716 2920 770 tametsi
2953 716 3066 770 bmc
3098 719 3404 773 necessario
3453 760 3461 769 .

1862 804 2334 858 commemoranda
2363 813 2577 867 esst-nt,
2612 807 2807 875 quippe
2847 822 2967 859 cum
2999 806 3212 904 Nicaeum
3243 824 3406 879 synoo

1864 894 1968 948 dus
2013 894 2154 947 inter
2183 911 2269 948 res
2298 911 2325 946 a
2356 895 2713 949 Constantino
2755 904 2935 964 gestas
2969 894 3296 965 pritcipuum
3328 899 3408 952 lo-

1862 1002 1983 1039 cum
2016 986 2277 1048 obtineat,
2303 997 2355 1040 et
2382 986 2582 1055 alioqui
2601 987 2997 1041 exaetissimam
3020 987 3186 1040 totius
3208 988 3406 1056 negotii

1868 1080 2235 1132 narrationem
2270 1078 2382 1146 ipsa
2413 1093 2510 1130 suo
2540 1077 2774 1147 quodam
2808 1077 2928 1145 jure
2962 1074 3201 1146 ﬂagitare
3228 1077 3405 1131 videa-

1865 1181 1971 1225 tur.
2006 1171 2202 1226 Verum
2230 1173 2316 1225 ille
2340 1171 2734 1225 dissensionem
2769 1170 2982 1240 quidem
3009 1171 3148 1224 inter
3178 1169 3408 1224 Aleman-

1865 1265 2018 1318 drum
2045 1273 2096 1319 et
2129 1265 2312 1316 Arium
2343 1273 2581 1318 exortam
2606 1264 3106 1326 eommemorattsic
3132 1263 3273 1317 enim
3304 1262 3411 1317 lia:-

1866 1359 2028 1412 resim
2087 1355 2279 1409 call;de
2308 1362 2360 1408 et
2391 1354 2796 1408 dissimulanter
2827 1354 3114 1424 appellat).
3145 1354 3318 1421 Atque
3343 1355 3412 1409 ob

1867 1451 2008 1503 hunc
2037 1450 2324 1502 tumultum
2356 1448 2674 1517 gravissimo
2700 1447 2884 1502 dolore
2905 1447 3152 1502 allectum
3185 1464 3305 1504 esse
3327 1466 3412 1504 re-

1866 1541 2268 1608 ligiosissimum
2298 1541 2593 1608 principem
2621 1549 2707 1602 ;et
2736 1548 2845 1592 tum
2873 1555 2964 1608 per
2989 1540 3410 1608 epistolam,tum

1867 1647 1961 1702 per
1989 1631 2211 1686 Ilosium
2237 1631 2641 1686 Cordubensem
2686 1632 2996 1702 epise0pum
3028 1632 3321 1695 laborasse,
3354 1639 3415 1685 ut
3464 1688 3466 1690 ,

1869 1733 2048 1792 partes
2072 1725 2210 1777 inter
2233 1739 2291 1778 se
2325 1722 2652 1777 dissidentes
2680 1723 2744 1776 ad
2775 1739 2960 1792 pacem
2983 1731 3036 1778 et
3068 1723 3411 1796 concordiam

1869 1817 2166 1876 reduceret,
2192 1816 2336 1869 omni
2362 1813 2429 1868 de
2458 1813 2764 1882 hujusmodi
2783 1817 3168 1884 quaestionibus
3189 1825 3412 1869 conten-

1871 1908 2016 1961 tione
2045 1907 2308 1976 deposita.
2338 1906 2442 1960 Sed
2477 1923 2595 1964 eum
2626 1907 2949 1976 persuadere
2977 1910 3054 1962 eis
3084 1923 3190 1961 non
3214 1907 3416 1976 potuis-

1871 2009 1973 2061 set.
2006 2000 2271 2069 synodum
2286 1997 2520 2068 undique
2541 2014 2889 2061 conrocasse,
2909 2010 2961 2052 et
2993 1999 3169 2068 scpito
3183 1997 3412 2050 tumultu

1871 2106 2056 2160 pacem
2094 2089 2419 2143 restituisse.
2445 2088 2645 2142 Verum
2672 2089 2783 2142 lucc
2819 2089 2885 2143 ab
2914 2088 3005 2140 illo
3031 2087 3300 2141 nonsatis
3325 2099 3414 2140 ac-

1871 2195 2056 2236 curate
2083 2190 2135 2235 et
2173 2190 2352 2250 aperte
2387 2182 2694 2235 traduntur.
2729 2179 2956 2234 Prorsus
2987 2179 3126 2234 enim
3161 2187 3413 2248 tanquam

1871 2277 2074 2345 pudore
2121 2274 2378 2336 sullusus,
2422 2287 2519 2326 nec
2557 2273 2667 2326 Arii
2701 2276 3025 2343 impietatem
3062 2271 3272 2342 publice
3301 2279 3416 2324 tra-

1869 2368 2066 2422 ducere
2100 2369 2346 2436 cupiens,
2398 2374 2510 2419 tum
2545 2367 2735 2435 synodi
2793 2365 3112 2419 sententiam
3158 2363 3417 2418 adversus

1873 2460 2061 2514 Arium
2114 2459 2398 2529 prolatam,
2435 2466 2546 2510 tum
2589 2472 2774 2510 eorum
2816 2457 2906 2525 qui
2941 2455 3228 2524 impietatis
3269 2455 3418 2508 illius

1872 2551 2004 2608 socii
2031 2558 2084 2604 et
2119 2551 2172 2604 in
2207 2550 2458 2602 exsilium
2479 2549 2639 2602 simul
2667 2549 2876 2618 expulsi
2907 2546 3118 2600 fuerant
3174 2546 3419 2613 justissi-

1872 2655 2013 2693 mam
2044 2639 2298 2692 ultionem
2325 2681 2338 2703 ,
2362 2637 2492 2692 illud
2519 2637 2750 2707 denique
2772 2636 2984 2701 carlitus
3014 2633 3420 2696 iullictumArio

1871 2731 2094 2786 exitium
2129 2729 2274 2800 quod
2319 2731 2559 2783 omnium
2590 2727 2901 2798 conspectui
2937 2727 3237 2795 subjectum
3293 2723 3415 2788 fuit,

1872 2821 2051 2876 sciens
2076 2821 2445 2889 praetermisit:
2482 2836 2579 2874 nec
2604 2820 2886 2874 historiam
2921 2817 3114 2890 synodi
3147 2831 3341 2886 resque
3363 2815 3419 2869 in

1872 2927 1933 2967 ea
1961 2923 2139 2984 gestas
2175 2914 2637 2968 commemoravit.
2677 2910 2812 2965 Hinc
2836 2912 2996 2964 etiam
3028 2917 3112 2966 est
3135 2909 3417 2978 quodcum

1871 3022 1935 3059 ea
1969 3021 2087 3076 qua:
2133 3004 2316 3058 divino
2360 3003 2639 3058 Eustatliio
2690 3003 3072 3070 contigerunt,
3104 3000 3264 3054 vellet
3325 2997 3422 3052 de-

1875 3101 2133 3164 scribere,
2166 3113 2233 3152 ne
2263 3083 2456 3152 nomen
2506 3095 2720 3165 quidem
2746 3096 2861 3164 ejus
2892 3093 3105 3156 retulit,
3147 3106 3243 3144 nec
3274 3105 3420 3159 qua:-

1799 3214 1839 3270 C
1874 3207 2087 3262 cunque
2137 3191 2395 3244 adversus
2423 3188 2570 3242 illum
2607 3186 2811 3240 nefarie
2839 3185 3144 3253 excogitata
3183 3189 3309 3236 sunt
3355 3195 3418 3234 ac

1875 3291 2200 3358 perpetrata,
2234 3282 2329 3338 sed
2361 3281 2679 3336 seditionem
2721 3295 2782 3334 ac
2807 3279 3090 3333 tumultum
3121 3274 3421 3329 Antiochia:

1872 3373 2146 3428 exstitisse
2180 3366 2462 3441 postquam
2492 3370 2661 3435 dixit,
2692 3384 2813 3423 mox
2849 3367 3290 3436 tranquillitatem
3332 3378 3420 3419 rc-

1872 3466 2111 3520 stitutam
2135 3477 2256 3517 esse
2280 3462 2481 3523 subdit,
2518 3461 2788 3530 episcopis
2806 3458 3146 3528 imperatoris
3167 3469 3332 3525 opera
3354 3468 3420 3508 ac

1875 3557 2053 3613 studio
2079 3557 2205 3611 illuc
2234 3555 2844 3621 convenientibus-,per
2893 3565 3029 3620 quos
3060 3548 3218 3602 turba
3243 3547 3422 3603 omnis

1875 3663 1936 3702 ac
1955 3649 2144 3702 seditio
2165 3649 2216 3701 in
2241 3645 2736 3716 tranquillissimam
2767 3657 2949 3714 pacem
2971 3653 3053 3695 est
3072 3645 3418 3708 commutata.

1879 3739 2138 3794 Similiter
2166 3739 2255 3792 ubi
2285 3736 2653 3792 narrationem
2698 3734 2932 3787 instituit
2967 3731 3033 3784 de
3083 3725 3149 3781 iis
3177 3742 3296 3796 quae
3325 3725 3422 3779 ad-

1875 3847 2065 3886 versus
2095 3829 2449 3884 fortissimum
2470 3829 2616 3881 illum
2648 3825 2996 3878 Athanasium
3017 3820 3255 3889 improbe
3273 3831 3421 3869 com-

1875 3929 2060 3990 parata
2089 3927 2234 3980 sunt,
2259 3920 2523 3974 seditione
2545 3917 2760 3987 quidem
2779 3929 2840 3967 ac
2874 3911 3107 3965 tumultu
3144 3908 3416 3976 impletam

1878 4015 2070 4067 iterum
2099 4011 2481 4065 Alexandriam
2525 4008 2725 4062 rel‘ert:
2767 4003 2861 4060 sed
2887 4018 3004 4058 eam
3034 4000 3413 4070 episcoporum
3471 4061 3488 4074 .

1875 4105 2158 4174 praesentia
2201 4111 2254 4157 et
2299 4101 2641 4171 imperatoris
2691 4099 2892 4151 auxilio
2947 4094 3186 4149 sedatam
3223 4091 3412 4146 fuisse.

1876 4197 2057 4264 Neque
2084 4197 2300 4250 interim
2330 4195 2453 4263 quis
2473 4193 2732 4246 seditione
2755 4185 3122 4246 concitaverit,
3155 4189 3248 4236 aut
3271 4194 3416 4250 qure-

1876 4304 2000 4342 nam
2030 4288 2120 4341 illa
2148 4286 2343 4341 seditio
2367 4286 2547 4346 fuerit,
2583 4297 2756 4352 neque
2782 4295 2889 4350 quo
2921 4287 3076 4347 pacto
3125 4272 3307 4328 sedata
3351 4269 3420 4321 ab

1875 4381 2148 4452 epiSCOpis
2210 4379 2400 4440 fuerit,
2447 4379 2711 4431 ullatenus
2769 4372 3003 4442 exponit.
3041 4369 3116 4420 Ac
3145 4365 3254 4419 l‘ere
3283 4376 3420 4430 quor

1879 4476 2195 4542 tiescunque
2245 4461 2617 4540 episcoporum
2672 4473 2886 4519 mutuas
2938 4462 3075 4542 inter
3113 4473 3171 4512 se
3211 4455 3420 4509 dissert-

207 4571 408 4625 siones
436 4566 504 4621 de
519 4566 641 4620 ﬁdei
672 4564 958 4635 capitibus,
981 4562 1153 4617 autde
1179 4563 1300 4618 aliis
1321 4563 1481 4617 rebus
1531 4565 1906 4622 contentiones
1936 4582 1998 4620 ac
2041 4564 2329 4621 discordia:
2375 4563 2726 4617 exstiterunt.
2762 4553 3007 4609 eumdem
3041 4535 3154 4605 'ille
3189 4549 3245 4602 in
3287 4559 3417 4600 nar-

210 4661 395 4719 rando
426 4667 604 4715 servat
627 4656 1004 4714 dissimulandi
1035 4658 1274 4712 modum.

899 4825 1128 4877 Joannes
1159 4821 1396 4880 Zonaras
1421 4826 1625 4882 intomo
1640 4825 1859 4895 Ill,ubi
1887 4843 1968 4880 res
2001 4834 2171 4896 gestas
2209 4797 2541 4878 Constantini
2573 4819 2747 4887 refert.

284 4985 399 5041 ἾΙν
435 4986 490 5039 δὲ
536 4983 656 5036 τότε
694 4983 799 5036 τῶν
827 4983 893 5036 τά
935 4985 1140 5055 Ἀρείου
1189 4983 1588 5053 πρεσϐευόντων
1621 4985 1711 5037 καὶ
1746 4987 1773 5037 ὁ

1946 4980 2061 5034 Arii
2109 4987 2308 5032 sectam
2340 4983 2450 5027 tum
2483 4974 2886 5045 amplexabatur
2936 4971 3099 5025 etiam
3153 4968 3418 5025 Eusebius

210 5077 506 5151 Παμφίλου
540 5074 815 5138 Εὐσέϐιος,
845 5076 941 5147 τῆς
976 5078 1033 5128 ἐν
1083 5076 1407 5147 Παλαιστίνῃ
1443 5076 1772 5146 Καισαρείας

208 5155 499 5240 τυγχάνων
526 5166 851 5230 ἐπίσκοπος·
889 5169 944 5230 ὃς
980 5169 1268 5238 μετέπειτα
1313 5166 1524 5235 λέγεται
1547 5167 1775 5236 ἀποστῆ-

206 5281 304 5316 ναι
339 5263 439 5330 τῆς
476 5259 570 5313 τοῦ
608 5259 812 5330 Ἀρείου
845 5261 1018 5332 δόξης,
1053 5263 1145 5314 καὶ
1190 5261 1632 5332 ὁμογνωμονῆσαι
1665 5263 1774 5322 τοῖς

213 5353 493 5408 ςυναῖδιον
524 5353 614 5406 τὸν
645 5353 772 5405 Υἰὺν
807 5353 897 5405 καὶ
937 5354 1216 5424 ὁμοούσιον
1239 5354 1314 5425 τῷ
1354 5355 1527 5424 Πατρὶ
1571 5354 1772 5421 δογμα-

211 5435 449 5524 clientas,
478 5447 572 5500 καὶ
609 5443 856 5514 δεχθῆναι
886 5446 1032 5517 παρὰ
1066 5447 1173 5498 τῶν
1215 5447 1381 5514 ἁγίων
1410 5445 1666 5517 Πατέρων
1696 5445 1773 5505 είς

217 5537 535 5592 κοινωνίαν·
569 5537 767 5608 μᾶλλον
802 5537 980 5607 μέντοι
1009 5539 1065 5590 ἐν
1097 5537 1173 5608 τῷ
1199 5537 1478 5609 πρακτικῷ
1507 5538 1601 5607 τῆς
1629 5534 1773 5606 πρὼ·

210 5645 325 5700 της
372 5628 586 5680 συνόδου
634 5629 728 5681 καὶ
770 5628 1093 5699 ὑπερμαχῶν
1137 5631 1359 5700 εὕρηται
1405 5628 1508 5680 τῶν
1549 5625 1770 5680 πιστῶν.

294 5829 383 5898 (α)
418 5827 473 5882 Id
497 5834 580 5883 est
611 5825 752 5894 apud
790 5825 1056 5884 Gelasium
1089 5827 1426 5899 Cyziccnum.

1878 5071 2218 5143 Pamphilus,
2249 5066 2506 5121 Ctesareae
2531 5065 2825 5119 Palaestinae
2847 5063 3154 5140 episcopus;
3183 5061 3273 5130 qui
3298 5069 3416 5130 post

1877 5163 2172 5220 descivisse
2213 5159 2426 5212 “dicitur
2456 5159 2522 5212 ab
2555 5157 2750 5209 Ariana
2808 5156 3078 5225 opinione,
3109 5163 3160 5208 et
3191 5168 3417 5208 consen-

1878 5259 2016 5312 sissc
2043 5269 2163 5307 cum
2188 5252 2254 5306 iis
2274 5252 2363 5321 qui
2390 5250 2579 5303 Filium
2602 5247 2748 5301 Patri
2777 5247 3119 5316 eozequalem,
3150 5245 3414 5312 ejusdem-

1879 5365 1983 5419 que
2017 5337 2373 5401 natura‘esse
2409 5344 2622 5407 docent,
2664 5349 2717 5395 et
2765 5356 2793 5392 a
2824 5339 3025 5393 sanctis
3067 5337 3318 5392 Patribus
3349 5334 3414 5388 ad

1879 5439 2312 5494 communionem
2343 5440 2607 5501 receptus.
2645 5430 2699 5484 In
2723 5430 2871 5484 Actis
2901 5437 3077 5483 autem
3109 5428 3264 5498 primi
3287 5442 3417 5479 con-

1878 5532 1987 5588 cilii
2016 5531 2176 5585 etiam
2234 5527 2432 5580 acriter
2461 5522 2766 5578 defendisse
2797 5520 2980 5574 ﬁdeles
3010 5519 3254 5572 traditur.
3294 5515 3417 5570 llzec

1881 5629 1959 5681 sic
1998 5639 2027 5679 a
2073 5621 2349 5678 nonnullis
2378 5618 2618 5689 exposita
2646 5615 2988 5686 reperiuntur
3029 5611 3127 5684 (τι),
3157 5625 3273 5680 qua:
3302 5611 3416 5679 ipse
