4142 6306
794 473 862 530 95
1267 440 1269 442 ’
1679 437 2013 531 Varenum
2053 448 2470 526 resrmoma
2505 465 2784 524 comas
2822 461 3187 532 nossenon.
3881 525 3884 527 _
3943 455 4010 511 ss

795 593 851 647 in
883 591 1255 646 Ecclesiastica
1279 605 1376 645 sua
1425 592 1644 645 historia
1696 595 1868 663 magis
1911 595 2160 665 ambigua
2193 594 2340 650 facit.

2446 592 2600 646 Οὕτω
2635 592 2732 660 μὲν
2760 581 2853 642 οὖν
2887 587 3056 642 ταῦτα
3099 583 3450 657 ἱστορούμενα
3481 583 3629 654 παρά
3657 597 3814 635 τινων
3851 578 4010 651 εὓρη-

792 681 851 736 ln
893 682 1093 750 quibus
1138 681 1294 735 libris
1323 695 1464 751 saepe
1501 695 1623 734 cum
1657 681 1787 736 Ario
1823 682 2001 739 facere
2043 685 2316 755 deprelien

715 769 718 773 ’
792 775 961 829 ditur.
985 774 1062 828 Ac
1085 775 1268 830 statim
1301 775 1356 828 in
1379 775 1500 830 libri
1529 775 1816 846 principio,
1863 776 2118 832 Davidem
2147 780 2346 840 citans.

794 865 914 934 Ipse
961 866 1098 919 dixit
1140 874 1190 920 et
1232 865 1376 938 facta
1413 877 1570 928 sunt,
1607 868 1717 938 ipse
1767 868 2034 922 mandavit
2073 878 2121 922 et
2170 879 2346 922 creata

792 967 914 1011 sunt
934 957 980 1016 ⁷,
1033 959 1110 1018 ait
1141 956 1356 1011 Patrem
1391 968 1444 1012 et
1473 961 1732 1013 factorem
1761 999 1775 1022 ,
1821 973 1922 1028 pro
1969 960 2254 1016 conditore
2287 977 2350 1015 ac

792 1046 929 1100 duce
963 1047 1198 1102 universi
1231 1047 1440 1109 haberi,
1467 1049 1558 1116 qui
1587 1047 1736 1118 regio
1771 1056 1906 1102 nutu
1965 1049 2223 1126 imperet.
2261 1066 2346 1104 se-

791 1137 1032 1191 cundum
1065 1145 1246 1191 autem
1279 1138 1346 1192 ab
1377 1151 1442 1192 eo
1477 1138 1718 1191 divinum
1744 1137 1980 1208 Verbum
2016 1148 2237 1209 paterna
2253 1156 2349 1194 ex~

791 1225 946 1296 sequi
969 1224 1146 1294 jussu.
1193 1225 1324 1280 Past
1349 1229 1599 1282 nonnulla
1645 1227 1768 1282 item
1798 1229 1943 1295 dicit,
1987 1230 2115 1284 huic
2153 1238 2212 1284 ut
2247 1229 2350 1284 Pa-

790 1318 894 1372 tris
917 1319 1171 1388 potentize
1191 1327 1246 1373 et
1278 1320 1573 1390 sapientiai,
1599 1322 1871 1378 secundas
1903 1331 2086 1393 partes
2115 1323 2266 1394 regni
2297 1333 2348 1378 et

791 1408 1002 1478 imperii
1056 1409 1112 1462 in
1162 1423 1350 1464 omnes
1380 1425 1504 1466 esse
1535 1411 1792 1467 creditas.
1839 1412 1900 1466 Et
1929 1413 2088 1482 paulo
2116 1423 2231 1484 post
2261 1415 2349 1467 ite-

781 1514 946 1553 .rum:
977 1501 1054 1555 Ac
1088 1517 1210 1556 esse
1239 1511 1490 1556 naturam
1535 1505 1846 1572 quamdam,
1879 1519 2000 1575 quae
2028 1515 2150 1560 ante
2191 1522 2350 1562 Imm.-

793 1589 922 1643 dum
953 1591 1146 1646 vixerit
1174 1601 1227 1646 et
1249 1592 1574 1660 substiterit,
1603 1607 1668 1646 ac
1709 1591 1820 1647 Deo
1843 1609 1906 1648 ac
1927 1592 2072 1647 Patri
2107 1595 2344 1650 universi

791 1681 849 1736 in
870 1697 1048 1736 rerum
1079 1681 1341 1746 factarum
1365 1683 1583 1752 Opificio
1635 1679 1976 1740 ministrarit.
1999 1685 2066 1738 Et
2090 1685 2346 1741 Salomon

749 1821 752 1824 .
790 1773 892 1828 sub
935 1788 1168 1842 persona
1205 1775 1484 1842 sapientia:
1515 1773 1609 1830 Dei
1643 1776 1716 1828 ait
1739 1763 1773 1829 ε’
1806 1775 2063 1829 Dominus
2111 1777 2346 1831 condidit

787 1879 868 1916 me
897 1864 1210 1931 principium
1247 1863 1445 1917 viarum
1505 1881 1722 1918 suarum
1751 1865 1792 1932 ',
1841 1875 1950 1921 etc.
1983 1864 2184 1919 Deinde
2229 1855 2346 1934 post

789 1955 898 2008 alia
924 1955 1077 2023 plura
1113 1955 1313 2022 infert:
1348 1955 1410 2008 Et
1455 1947 1620 2028 super
1655 1957 1771 2012 haec
1817 1959 2002 2012 omnia
2052 1958 2198 2022 sicut
2247 1957 2342 2012 Dei

786 2044 1044 2108 Verbum,
1069 2047 1211 2116 quod
1242 2055 1366 2102 ante
1401 2049 1501 2103 fuit
1547 2058 1601 2104 et
1630 2058 1757 2104 ante
1801 2049 1998 2106 smcula
2037 2049 2220 2106 omnia
2258 2050 2340 2120 fa-

783 2147 934 2191 ctum
989 2148 1090 2200 est,
1151 2139 1514 2195 venerabilem
1545 2140 1803 2195 honorem
1830 2155 1860 2194 ιι
1891 2139 2002 2196 Deo
2023 2139 2180 2197 Patre
2213 2141 2342 2196 ade-

2453 701 2573 739 ται·
2599 680 2878 753 ,ἀμφίϐολα
2909 680 2954 734 δ’
2977 681 3177 742 ἐκεῖνος
3202 677 3358 736 αὐτὰ,
3385 677 3450 729 δι’
3480 669 3556 730 ὧν
3585 674 3646 726 ἐν
3667 677 3734 746 τῇ
3773 674 4010 737 Ἐκκληο

2458 773 2749 843 σιαστικῇ
2777 773 3008 842 ἱστορίᾳ
3031 771 3253 842 εὕρηται
3289 767 3755 842 συγγραψάμενος,
3795 764 4006 836 τίθησιο

2456 867 2720 939 πολλαχοῦ
2753 864 2861 938 γὰρ
2892 867 2950 917 ὲν
2981 863 3058 933 τῷ
3085 860 3354 934 εἰρημένῳ
3383 858 3771 930 συγγράμματι
3804 857 4011 927 Ἀρεια-

2405 998 2432 1014 .,
2455 962 2617 1026 νίζων
2651 957 3123 1029 καταλαμϐάνεται
3145 971 3158 986 ·
3181 953 3378 1008 αὐτίκα
3411 952 3534 1023 περί
3563 969 3664 1004 που
3701 951 3797 1020 τὴν
3835 949 4010 1020 ἀρχὴν

2451 1051 2544 1104 τοῦ
2578 1050 2778 1121 βιϐλίου
2809 1048 2900 1102 τὸν
2928 1045 3088 1098 Δαδὶδ
3107 1044 3338 1114 εἰσάγων
3365 1041 3616 1110 λέγοντα.
3642 1040 3835 1106 Αὐτὸς
3859 1041 4008 1104 εἷπε,

2451 1143 2546 1196 καὶ
2561 1137 3134 1212 ἑγενήθησανάὑτὸς
3147 1135 3500 1200 ἐνετείλατο,
3515 1133 3608 1188 καί
3621 1134 4006 1201 ἐκτίσθησαν,

2451 1237 2584 1306 φησι⁹
2615 1235 2704 1286 τὸν
2739 1233 2838 1304 μὲν
2875 1233 3089 1301 Πατέρα
3129 1227 3222 1281 καὶ
3264 1225 3510 1298 ποιητὴν,
3530 1224 3604 1288 ὡς
3657 1223 3880 1295 ποιητὴν
3911 1223 4009 1278 καὶ

2451 1326 2799 1398 πανηγεμόνα
2826 1322 3156 1395 νομίζεσθαι,
3195 1309 3451 1390 βασιλικῷ
3467 1317 3858 1389 προστάττοντα
3880 1313 4005 1368 νεύ-

2453 1431 2579 1490 ματι
2599 1437 2611 1449 ·
2646 1419 2738 1472 τὸν
2769 1417 2825 1470 δὲ
2857 1416 3044 1470 τούτου
3075 1412 3457 1484 δευτερεύοντα
3489 1409 3626 1478 θεῖον
3667 1409 3855 1477 Λόγον,
3887 1409 4008 1470 ταῖς

2448 1515 2734 1581 πατρικαῖς
2785 1507 3155 1579 ὑπουργοῦντα
3187 1505 3489 1570 ἐπιταγαῖς.
3543 1501 3650 1554 Καὶ
3702 1499 3848 1569 μετά
3877 1515 4012 1554 τινα

2445 1600 2627 1670 λέγει,
2655 1600 2842 1654 τοῦτον
2866 1597 3064 1650 ὡσανεὶ
3089 1593 3181 1647 τοῦ
3205 1592 3414 1664 Πατρός
3445 1591 3754 1662 ὑπάρχοντα
3781 1589 4010 1660 δύναμιν

2447 1694 2541 1746 καὶ
2577 1693 2791 1762 σοφίαν,
2826 1691 2919 1744 κα)⁴
2945 1689 3014 1743 τὰ
3047 1688 3322 1757 δευτερεῖα
3352 1685 3449 1755 τῆς
3483 1683 3624 1736 κατὰ
3653 1683 3865 1736 πάντων
3907 1681 4008 1752 βα-

2447 1784 2649 1848 σιλείας
2671 1785 2764 1838 καὶ
2801 1781 2974 1854 ἀρχῆς
3006 1775 3503 1851 ὲμπεπιστευμένον
3521 1792 3533 1804 ·
3563 1775 3660 1828 καὶ
3686 1771 3858 1841 αὖθις
3877 1774 4009 1844 μετ’

2445 1877 2640 1946 ὀλίγα·
2675 1877 2782 1928 Καὶ
2800 1877 2885 1928 ’ὅτι
2911 1865 3054 1926 ἔστιν
3075 1869 3232 1925 οὐσία
3261 1885 3344 1932 τις
3365 1867 3711 1939 προκόσμιος,
3739 1863 3890 1930 ζῶσα
3911 1867 4012 1922 καὶ

2445 1953 2750 2034 ὑφεστῶσα,
2774 1968 2806 2035 ἡ
2833 1964 2910 2036 τῷ
2933 1964 3050 2036 Θεῷ
3071 1963 3163 2016 καὶ
3191 1959 3364 2031 Πατρὶ
3385 1959 3490 2011 τῶν
3517 1958 3651 2012 ὅλων
3677 1961 3753 2022 είς
3783 1959 3877 2029 τὴν
3898 1959 4010 2012 τῶν

2445 2056 2684 2128 γενητῶν
2709 2055 3062 2127 δημιουργίαν
3087 2049 3562 2123 ύπηρετησαμένη.
3577 2050 3686 2102 Καὶ
3705 2051 3734 2102 ὁ
3757 2048 4012 2120 Σολομὼν

2443 2147 2585 2215 λέγει
2620 2147 2892 2220 προσώπῳ
2923 2148 3020 2218 τῆς
3044 2147 3136 2201 τοῦ
3163 2146 3296 2200 Θεοῦ
3322 2147 3508 2215 σοφίας
3527 2159 3540 2172 ·
3575 2143 3784 2210 Κύριος
3803 2141 4012 2196 ἐκτισέ

781 2237 956 2297 ptum,
998 2231 1212 2284 adorari
1245 2239 1501 2300 tanquam
1530 2231 1720 2288 Deum.
1743 2231 1868 2288 l-lazc
1905 2241 1958 2288 et
1987 2233 2340 2316 aliaﬁemon-

2446 2257 2515 2309 με
2539 2238 2736 2308 ἀρχὴν
2764 2238 2917 2293 ὁδῶν
2965 2239 3171 2302 αυτοῦ,
3205 2239 3298 2293 καὶ
3343 2238 3487 2306 ἑξῆς.
3535 2237 3643 2289 Καὶ
3662 2235 3799 2331 μεθ’
3830 2234 4012 2303 ἕτερα

781 2329 962 2376 strant
1013 2320 1307 2376 Eusebium
1355 2319 1556 2378 Ariana
1601 2325 1852 2395 dogmata
1897 2327 2198 2396 probasse;
2233 2327 2338 2382 nisi

778 2411 905 2478 quis
931 2411 1096 2476 dicat,
1129 2412 1184 2466 id
1221 2429 1357 2484 opus
1381 2421 1504 2470 ante
1541 2417 1954 2473 conversionem
1981 2417 2049 2472 ab
2078 2433 2142 2472 eo
2172 2416 2340 2474 fuisse

777 2505 1174 2573 conscriptum.

2445 2330 2696 2384 πλείονα
2715 2331 2948 2400 φάσκει·
2977 2332 3070 2384 καὶ
3102 2332 3190 2384 ἐπὶ
3214 2332 3344 2384 πᾶσι
3361 2327 3588 2392 τούτοις,
3633 2322 3719 2380 οἷα
3735 2325 3872 2380 Θεοῦ
3909 2325 3990 2378 Λό

2445 2437 2539 2488 γον
2574 2421 2810 2494 προόντα
2831 2425 2928 2475 καὶ
2955 2419 3300 2493 πρδκαίώνων
3335 2422 3586 2475 ἁπάντων
3631 2417 3986 2489 οὖσιωμένων

2447 2511 2656 2584 [[.-νον]
2704 2513 2798 2583 τὴν
2829 2515 3118 2583 σεϐάσμιον
3152 2515 3314 2584 τιμὴν
3337 2514 3483 2585 παρὰ
3505 2511 3597 2566 τοῦ
3621 2510 3831 2584 Πατρδς
3857 2509 3980 2582 είλη
4005 2539 4014 2549 -

780 2595 936 2663 φότα,
969 2597 1386 2669 προσκυνεῖσθαι
1410 2601 1556 2655 ὠσὰν
1579 2600 1920 2654 Θεόν.Ταῦτα
1947 2601 2040 2654 καὶ
2055 2599 2216 2671 ἔτερα
2229 2601 2284 2656 δὲ
2307 2603 2420 2667 τοῖς
2459 2604 2849 2676 Ἀρειανίζουσι
2873 2607 3104 2676 δόγμασι
3135 2605 3464 2658 δεικνύουσιν
3487 2603 3758 2675 ὁμόφρονα
3785 2601 3876 2656 τὸν
3901 2601 4014 2655 Εὑ-

779 2687 985 2744 σέϐιον·
1035 2691 1080 2742 εί
1115 2693 1186 2762 μή
1229 2709 1312 2756 τις
1352 2691 1487 2763 φαίη
1522 2693 1625 2764 πρὸ
1665 2694 1764 2764 τῆς
1815 2695 2142 2766 ἐπιστροφῆς
2192 2695 2338 2766 αὐτῷ
2365 2695 2660 2769 πονηθῆναι
2691 2697 2893 2752 τούτων
2932 2699 3030 2770 τὴν
3062 2699 3399 2770 συγγραφήν.

1753 2871 2016 2928 Baronius
2046 2873 2115 2926 ad
2145 2889 2341 2928 annum
2400 2873 2598 2930 Christi
2628 2875 2752 2940 5w,
2789 2891 2905 2946 cap.
2943 2875 3040 2930 58.-

843 3052 1003 3109 Certe
1037 3051 1290 3111 Socrates
1315 3055 1530 3112 dealbat
1560 3055 1892 3128 Ethiopem,
1938 3058 2067 3114 dum
2095 3057 2288 3112 nititur
2318 3059 2495 3129 ipsum
2527 3059 2820 3118 Eusebium
2847 3063 2914 3116 ab
2942 3060 3143 3114 Ariana
3177 3058 3372 3114 haeresi
3402 3071 3690 3120 excusare,
3730 3069 3794 3109 ac
3836 3055 4014 3127 plane

769 3145 1068 3202 immunem
1104 3149 1348 3219 reddere.
1375 3148 1495 3219 ipse
1523 3151 1668 3204 enim
1709 3145 2384 3217 Eusebiuslicet‘tandem,
2413 3159 2472 3206 ut
2506 3155 2816 3223 imperatori
2849 3167 3052 3224 morem
3091 3155 3323 3220 gereret,
3355 3147 3572 3201 Nicreno
3605 3147 3833 3200 concilio
3867 3145 4010 3200 sub-

772 3239 1107 3308 scripsisset,
1141 3241 1331 3297 iisdem
1361 3243 1518 3312 plane
1555 3243 1807 3298 sordibus
1835 3245 2016 3300 sciens
2039 3245 2334 3316 volensque
2382 3249 2596 3318 turpius
2627 3249 2942 3318 inquinatus
2978 3254 3080 3309 est,
3118 3255 3175 3300 ut
3205 3261 3300 3320 sus
3327 3245 3436 3298 lota
3468 3244 3522 3298 in
3550 3241 3836 3298 volutabra
3873 3240 4006 3310 luti,

769 3338 823 3384 et
851 3341 909 3384 ut
942 3334 1094 3388 canis
1131 3333 1197 3387 ad
1231 3335 1489 3389 vomitum
1518 3351 1675 3390 suum
1710 3354 1978 3393 reversus.
2002 3338 2150 3393 Adeo
2173 3347 2232 3392 ut
2268 3341 2445 3410 qualis
2483 3341 2599 3411 ipse
2633 3342 2796 3398 fuerit
2821 3357 2992 3411 usque
3041 3341 3106 3395 ad
3137 3339 3278 3396 diem
3305 3339 3511 3402 obitus,
3547 3353 3654 3392 non
3684 3337 3754 3392 sit
3777 3334 4010 3390 aliunde.

770 3425 1141 3491 quaarendum,
1167 3441 1326 3495 quam
1362 3442 1424 3480 ex
1453 3429 1615 3484 rebus
1650 3439 1771 3500 post
1791 3429 2066 3486 Nicaenu
2101 3435 2391 3488 concilium
2422 3435 2490 3488 ab
2519 3450 2583 3489 eo
2610 3437 2796 3506 gestis,
2821 3435 3050 3506 singulis
3073 3433 3238 3488 ferme
3269 3435 3427 3487 annis
3451 3432 3700 3502 superius
3729 3428 4006 3484 recitatis.

775 3515 840 3570 Ut
872 3523 1051 3572 autem
1075 3528 1297 3575 excuset
1327 3521 1476 3574 illum
1503 3523 1571 3576 ab
1606 3526 1806 3579 Ariana
1845 3526 2058 3593 hazresi,
2089 3528 2220 3581 citat
2253 3529 2420 3584 libros
2449 3529 2516 3583 ab
2544 3544 2609 3583 eo
2631 3530 2865 3600 scriptos
2893 3539 3084 3583 contra
3144 3527 3456 3583 Marcellum
3486 3527 3834 3596 Ancyranum
3863 3522 3990 3592 epi-

769 3625 1016 3678 scopum,
1071 3615 1368 3684 reeitatque
1392 3630 1459 3670 ex
1495 3617 1602 3671 illis
1633 3616 1935 3686 fragmenta
1976 3621 2222 3688 quaedam
2277 3622 2478 3690 quibus
2525 3620 2953 3684 demonstratur,
2997 3635 3116 3675 eam
3144 3620 3212 3674 dc
3239 3617 3377 3674 Filio
3411 3617 3502 3672 Dei
3531 3615 3748 3671 Eusebii
3804 3614 3989 3671 fuisse

768 3705 1112 3772 sententiam,
1139 3713 1197 3759 ut
1231 3709 1442 3776 negarit
1467 3709 1640 3778 ipsum
1671 3725 1792 3766 esse
1817 3720 2146 3781 creaturam,
2179 3721 2435 3784 tanquam
2475 3729 2638 3767 unam
2663 3730 2728 3769 ex
2753 3715 2975 3782 reliquis
3003 3713 3300 3774 creaturis,
3333 3726 3404 3764 ex
3453 3709 3625 3764 nihilo
3647 3723 3678 3760 a
3707 3705 3818 3762 Deo
3837 3719 4002 3761 crea-

766 3795 855 3848 tis.
925 3791 1122 3847 Verum
1153 3797 1282 3848 dum
1309 3797 1499 3861 nititur
1532 3815 1598 3852 ex
1623 3799 1706 3854 his
1733 3800 2025 3856 Eusebium
2067 3797 2319 3875 purgare,
2349 3815 2534 3876 aperte
2569 3805 2859 3875 signiﬁcat,
2886 3821 2943 3859 se
2977 3804 3092 3857 Arii
3123 3811 3176 3860 et
3203 3803 3530 3856 Arianorum
3559 3799 3780 3855 hatresis
3835 3797 4002 3869 laby—

765 3883 1008 3938 rinthum
1037 3885 1259 3941 minime
1291 3897 1628 3958 penetrasse.
1661 3891 1729 3944 Et
1755 3894 1914 3961 paulo
1945 3906 2061 3966 post
2093 3913 2110 3950 :
2140 3897 2405 3952 Caeterum
2443 3897 2659 3952 Eusebii
2691 3897 2958 3968 Pamphili
3007 3895 3449 3956 inconstantiai'n,
3477 3902 3530 3949 et
3561 3899 3683 3962 post
3708 3889 4000 3944 Nicmnum

765 3975 1076 4040 concilium,
1105 3980 1260 4046 cujus
1295 3981 1414 4036 lidei
1441 3985 1641 4052 regula:
1700 3968 2120 4059 Subscripserat,
2149 3990 2215 4043 ad
2245 4006 2461 4048 errores
2499 3993 2762 4062 pristinos
2801 3989 3035 4044 reditum
3080 3988 3334 4058 suggillat
3391 3987 3588 4055 saepius
3618 3983 3996 4048 Athanasius;

764 4081 998 4144 eumque
1031 4071 1370 4128 demonstrat
1396 4077 1450 4130 in
1479 4076 1695 4132 Nicmno
1742 4083 1973 4137 concilio
2002 4091 2258 4154 tanquam
2297 4083 2568 4139 ludionem
2598 4085 2653 4139 in
2695 4100 2858 4139 scena
2883 4085 3115 4150 lusisse,
3145 4081 3333 4134 habitu
3360 4077 3632 4132 catholico
3683 4073 3990 4144 super'in-

723 4219 725 4222 ,
763 4161 966 4228 ducto;
997 4179 1175 4232 quem,
1202 4182 1459 4235 "egressus
1489 4170 1633 4236 inde,
1690 4187 1917 4236 exuens,
1951 4191 2262 4244 personam,
2295 4194 2545 4248 quamam
2586 4185 2750 4242 esset,
2786 4179 2840 4232 in
2870 4177 3145 4238 omnibus,
3181 4183 3240 4227 ut
3269 4174 3343 4224 ait
3387 4168 3748 4240 Epiphanius,
3783 4183 3904 4237 pra:
3931 4183 4000 4223 se

761 4253 906 4309 tulit.
935 4254 1084 4310 Adeo
1103 4269 1158 4312 ut
1189 4259 1328 4312 idem
1361 4260 1626 4317 Eusebius
1655 4263 2322 4324 EusebioNicomediensi
2356 4263 2709 4339 coniunctus,
2765 4271 2888 4340 biga
2919 4267 3208 4336 impietatis
3239 4263 3412 4318 ellecti
3452 4263 3633 4326 ambo,
3669 4262 3788 4331 pari
3817 4277 3994 4316 cursu

758 4351 811 4398 et
847 4347 1070 4416 impetu,
1107 4349 1404 4418 impulsore
1435 4369 1666 4422 nequam
1715 4356 1910 4424 spiritu
1938 4359 2148 4426 agitati,
2187 4361 2242 4414 in
2275 4377 2434 4416 suum
2459 4363 2704 4432 ipsorum
2729 4371 2782 4416 et
2802 4363 3031 4436 aliorum
3059 4359 3282 4413 exitium
3302 4358 3356 4411 in
3384 4371 3623 4428 praeceps
3650 4355 3814 4412 delati
3837 4357 3980 4410 sint.

763 4435 832 4493 Ut
863 4457 970 4496 non
1005 4441 1280 4524 immerito'
1309 4448 1568 4518 appellari
1597 4451 1711 4520 ipse
1747 4451 2012 4509 Eusebius
2055 4453 2409 4510 Caesariensis
2439 4457 2696 4510 meruerit
2735 4471 2764 4507 a
2797 4435 2987 4509 sancto
3017 4451 3344 4524 Hieronymo
3369 4457 3422 4505 et
3452 4451 3593 4512 aliis,
3621 4449 3835 4502 Arianae
3891 4445 3980 4500 fa-

758 4533 957 4590 ctionis
983 4523 1230 4607 signifer,
1261 4551 1628 4614 propugnator
1655 4548 2051 4614 apertissimus,
2081 4557 2132 4603 et
2159 4550 2300 4603 inter
2343 4549 2574 4604 Arianos
2615 4549 2772 4603 facile
2806 4550 3075 4618 princeps.
3115 4547 3284 4618 Cujus
3312 4555 3365 4602 et
3385 4543 3698 4601 memoriam
3727 4540 3861 4593 adeo
3892 4553 3996 4592 ex-

760 4633 971 4678 secrata
1003 4633 1084 4681 est
1110 4628 1326 4684 Nicmna
1374 4632 1616 4702 synodus
1653 4635 1914 4703 secunda,
1970 4644 2028 4691 ut
2057 4638 2216 4707 plane
2245 4653 2366 4692 eum
2414 4638 2526 4708 jam
2557 4625 2874 4694 defendere
2903 4639 3057 4702 velle,
3089 4639 3222 4693 nihil
3258 4635 3405 4692 aliud
3437 4632 3854 4690 existimandum
3887 4632 3990 4694 sit,

758 4731 920 4784 quam
951 4717 1246 4775 Ecclesiam
1293 4725 1615 4780 catholicam
1650 4729 1988 4800 impugnare.
2024 4729 2178 4786 Unde
2209 4739 2262 4786 et
2285 4732 2490 4801 pudere
2522 4732 2734 4788 Sixtum
2784 4741 3053 4802 oporteat,
3087 4733 3218 4786 dum
3250 4732 3512 4786 adversus
3546 4729 3788 4783 omnium
3837 4728 3992 4781 anti-

755 4821 986 4874 quorum
1018 4807 1237 4864 Patrum
1265 4819 1583 4882 sententias,
1613 4823 1788 4888 ipsum
1835 4821 2126 4876 Eusebium
2155 4825 2488 4880 catholicum
2518 4839 2836 4880 asseverare
2859 4841 2968 4878 non
2997 4823 3209 4878 dubitat
3235 4841 3248 4890 ;
3281 4837 3402 4876 cum
3447 4819 3639 4890 frigide
3664 4834 3788 4874 eum
3808 4811 3988 4873 excii-

757 4917 904 4963 sans,
936 4901 1154 4958 Eusebii
1187 4904 1618 4978 Nicomediensis
1643 4931 1764 4968 esse
1795 4916 1982 4978 tradit,
2015 4916 2162 4985 quod
2211 4919 2418 4973 erroris
2470 4919 2766 4973 ascribitur
2817 4917 3052 4973 Eusebio
3104 4916 3370 4988 Pamphili
3399 4935 3410 4970 :
3469 4914 3691 4984 perinde
3715 4929 3777 4968 ac
3807 4915 3852 4969 si
3879 4930 3986 4970 eo-

755 4993 998 5050 rumdem
1025 4996 1244 5053 Patrum
1269 4997 1549 5058 sementim
1581 5005 1647 5058 de
1679 5007 1864 5061 eodem
1889 5007 2154 5078 ambigua:
2181 4999 2312 5074 sint,
2347 5027 2411 5068 ac
2443 5011 2508 5066 de
2541 5011 2776 5066 Eusebio
2809 5009 3208 5066 Nicomediensi
3235 5010 3443 5078 possint
3473 5007 3834 5077 interpretari.
3857 5007 3988 5062 Uti-

755 5103 876 5141 nam
906 5091 984 5144 vel
1013 5092 1242 5173 eriguus
1269 5096 1459 5150 saltem
1491 5095 1612 5164 ejus
1647 5101 1946 5154 excusandi
1983 5101 2383 5170 relinqueretur
2405 5107 2579 5158 locus.
2613 5103 2784 5169 Quam
2821 5104 3183 5159 libentissime
3217 5103 3332 5173 ipse
3363 5102 3656 5155 historicus
3684 5116 3781 5170 pro
3803 5099 3990 5157 histo—

753 5184 868 5235 rico
894 5171 1218 5252 laborarem,
1273 5188 1358 5240 cui
1393 5190 1556 5258 (quod
1589 5206 1781 5261 magna
1817 5193 2014 5249 fiducia
2059 5195 2290 5264 ingenue
2325 5195 2664 5266 profitemur)
2691 5195 2774 5249 vel
2801 5211 2865 5267 ex
2897 5211 2960 5250 ea
2984 5203 3138 5265 parte
3179 5191 3468 5262 plurimum
3511 5190 3751 5246 Ecclesia
3793 5189 3990 5244 catho-

750 5277 854 5331 lica
871 5279 1047 5344 debet,
1066 5281 1210 5350 quod
1238 5297 1417 5336 rerum
1447 5286 1940 5342 ecclesiasticarum
1985 5274 2384 5360 quamplurima
2413 5290 2638 5360 antiqua
2667 5300 3014 5345 monumenta
3038 5304 3235 5360 magno
3263 5289 3445 5342 labore
3471 5287 3723 5349 collecta,
3745 5283 3988 5341 ﬁdeliter

747 5375 986 5444 posteris
1039 5377 1354 5449 tradiderit?
1399 5378 1504 5434 Ter
1532 5389 1831 5451 quaterque
1867 5383 1992 5437 felix
2027 5393 2106 5438 tot
2129 5385 2459 5455 peregregi‘is
2493 5385 2962 5439 lucubrationibus
2995 5383 3175 5447 editis,
3199 5381 3304 5436 nisi
3338 5397 3460 5436 cum
3487 5381 3736 5450 impietas
3767 5377 3986 5434 Ariana

743 5476 824 5521 tot
856 5467 1132 5537 tantisque
1158 5469 1410 5528 sordibus
1435 5475 1664 5542 turpiter
1689 5477 2030 5545 aspersisset,
2057 5483 2110 5534 et
2132 5486 2276 5542 ante,
2310 5479 2706 5547 persecutionis
2736 5487 2998 5548 tempore,
3033 5477 3218 5548 lapsus
3272 5491 3302 5529 a
3337 5475 3462 5542 ﬁde,
3504 5473 3748 5529 eamdem
3793 5480 3988 5526 tanto-

745 5575 874 5630 pere
903 5559 1300 5616 labefactasset.
1337 5563 1488 5629 Quod
1515 5579 1642 5619 vero
1673 5565 2020 5636 simplicitate
2049 5571 2281 5639 quadam
2319 5579 2371 5626 et
2414 5585 2598 5626 rerum
2647 5571 2864 5626 inscitia
2903 5570 2958 5622 in
2993 5583 3093 5624 suo
3139 5567 3457 5623 Sanctorum
3498 5563 3736 5634 catalogo
3775 5562 3984 5620 Petrus

741 5655 886 5706 inter
915 5664 1137 5708 sanctos
1165 5639 1412 5710 eumdein
1443 5657 1736 5714 Eusebium
1766 5661 1970 5726 retulit,
1995 5673 2050 5715 et
2080 5677 2266 5717 errore
2308 5673 2470 5734 atque
2512 5664 2724 5718 incuria
2755 5661 2992 5733 quadam
3034 5662 3088 5718 in
3121 5659 3342 5732 aliquod
3367 5657 3814 5731 Martyrologium
3839 5655 3990 5713 irre-

743 5743 868 5811 psit,
903 5743 957 5795 in
987 5745 1191 5798 nostris
1221 5743 1288 5798 ad
1313 5745 1615 5802 Romanum
1646 5747 2086 5824 Martyrologium
2111 5752 2276 5818 notis,
2303 5754 2550 5824 pluribus
2577 5753 2833 5810 diximus.

813 5898 832 5930 ⁷
863 5896 955 5956 Ρδ.
995 5915 1162 5968 xxxii,
1194 5901 1247 5956 9.
1303 5895 1322 5922 ’⁸
1347 5890 1507 5950 Pror.
1535 5913 1654 5972 rm,
1677 5891 1768 5957 9.2.
