4142 6306
0 147 300 480 Ι
314 354 319 359 ·
448 388 449 391 γ
988 345 1319 413 Varenum
1356 352 1636 409 resrnu

1740 354 1775 407 ll
1814 351 2094 409 CONTRA
2135 350 2503 409 EUSEBIUM.
3308 351 3376 407 εδ

1163 496 1395 567 Scaliger
1425 496 1477 548 in
1500 494 1737 550 Elencbo
1758 494 2094 562 Trihaercsii,
2117 510 2236 563 cap.
2267 492 2357 547 27.

161 636 471 708 Eusebius,
498 664 632 717 quo
670 653 857 709 nullus
879 640 1373 715 ecclesiasticorum
1397 632 1639 709 veterum
1673 654 1827 721 plura
1860 652 1925 707 ad
1953 650 2238 707 historiam
2272 647 2678 706 Christianismi
2708 646 2937 703 contulit
2966 663 2981 713 ;
3016 646 3199 703 nullus
3223 646 3374 716 plura

94 742 269 789 errata
300 737 361 791 in
397 742 667 813 scriptis
698 748 812 803 suis
834 748 1051 817 reliquit
1073 748 1308 813 ;nullius
1345 748 1526 818 plures
1551 747 2005 801 ballucinationes
2027 752 2243 800 exstant
2277 744 2458 805 hodie,
2493 750 2602 798 etc.

814 900 958 955 Idem
990 902 1041 954 in
1075 902 1207 954 libro
1236 917 1288 954 γι
1316 899 1389 955 De
1412 900 1792 955 emendatione
1826 908 2151 970 temporum,
2182 916 2297 968 mp.
2334 901 2387 964 1,
2414 899 2508 954 sub
2534 902 2710 969 ﬁnem.

155 981 382 1049 Quanto
412 991 722 1061 majorem
749 996 1081 1069 diligentiam
1115 997 1465 1067 acjudicium
1501 997 1555 1050 in
1584 997 1751 1049 tantis
1783 996 1914 1049 viris
1945 996 2338 1057 desideramus,
2373 1004 2526 1051 tanto
2559 998 2857 1068 impensior
2898 994 3019 1049 data
3069 998 3151 1047 est
3184 1004 3371 1059 opera,
3459 1015 3465 1020 -

90 1087 145 1132 ut
190 1096 305 1137 non
356 1088 749 1161 negligenter
782 1094 995 1148 illorum
1038 1095 1241 1164 scripta
1271 1109 1302 1147 a
1331 1094 1491 1149 nobis
1522 1094 1786 1163 legantur.
1838 1092 1970 1147 Nam
2021 1103 2073 1147 et
2102 1092 2257 1163 longe
2308 1092 2460 1162 plura
2493 1091 2856 1163 deprehendet
2895 1091 3063 1143 lector
3097 1084 3369 1143 eruditus,

90 1173 294 1242 majore
354 1182 570 1237 studio
605 1202 790 1255 quam
814 1188 1022 1258 judicio
1066 1190 1135 1243 ab
1168 1188 1402 1244 Eusebio
1436 1196 1490 1243 et
1519 1190 1642 1244 aliis
1678 1188 1951 1244 veteribus
1998 1189 2245 1242 collecta.
2301 1186 2411 1242 Nos
2454 1203 2620 1242 unum
2653 1196 2865 1241 tantum
2923 1184 3216 1239 Eusebium
3261 1180 3374 1235 dis-

88 1268 389 1335 cussimus,
422 1278 598 1344 quod
633 1281 785 1351 ipse,
817 1290 876 1337 ut
908 1283 1167 1349 diximus,
1194 1284 1437 1338 omnium
1467 1284 1684 1337 illorum
1726 1291 1969 1339 veterum
2007 1283 2253 1338 clausula
2280 1290 2383 1337 est.
2413 1281 2600 1352 Itaque
2651 1298 2819 1335 unum
2869 1280 3160 1335 Eusebium
3198 1278 3372 1339 noris,

87 1374 279 1420 omnes
311 1370 508 1427 noris.

88 1520 231 1575 Idem
268 1524 542 1598 Scaliger
585 1533 655 1586 in
686 1536 1269 1592 Animadversionihus
1300 1536 1368 1591 ad
1400 1537 1728 1592 Chronicum
1757 1536 2141 1602 Eusebianum,
2168 1552 2286 1606 pag.
2318 1536 2373 1600 8,
2414 1551 2674 1604 exponens
2709 1533 2859 1588 verba
2887 1532 2982 1586 illa
3020 1532 3321 1601 Hieronymi
3353 1546 3373 1586 :

188 1660 207 1693 ι
245 1643 437 1711 Quam
478 1646 794 1707 Eusebius
820 1653 984 1723 hujus
1016 1655 1264 1709 conditor
1292 1655 1438 1719 libri,
1474 1672 1583 1710 non
1610 1663 1718 1709 tam
1751 1656 2030 1725 ignorasse
2063 1662 2249 1725 utpote
2279 1653 2711 1715 eruditissimus,
2732 1672 2750 1704 ι
2805 1661 2937 1717 etc.,
2966 1653 3041 1705 ita
3075 1624 3271 1707 notat]:

149 1756 206 1811 Si
246 1762 722 1822 eruditissimus
755 1768 1034 1823 vocandus
1083 1772 1174 1841 qui
1223 1770 1391 1824 multa
1419 1772 1569 1842 legit,
1613 1788 1746 1828 sane
1774 1786 1933 1827 nemo
1967 1771 2042 1825 illi
2078 1770 2219 1825 hanc
2257 1769 2473 1824 laudem
2524 1768 2769 1823 invidere
2809 1774 3005 1838 potest.
3043 1765 3137 1820 Sin
3191 1772 3372 1820 autem

80 1851 613 1997 iﬁruditissimus
648 1861 760 1930 qui
782 1861 1047 1930 judicium
1076 1877 1199 1916 cum
1232 1863 1401 1916 multa
1434 1863 1665 1918 lectione
1719 1864 2033 1935 conjunxit,
2079 1863 2243 1917 alium
2293 1862 2474 1932 potius
2521 1875 2684 1931 quam
2742 1858 3030 1914 Eusebium
3073 1859 3374 1929 producere

182 1946 285 1997 uit.

182 1946 285 1998 uit.

1405 2089 1596 2145 Suidas
1627 2092 1680 2144 in
1712 2106 1829 2145 voce
1853 2090 2125 2160 Διόδωρος.

143 2206 424 2277 Διόδωρος
456 2207 778 2278 μονάζων,
815 2211 873 2261 ὲν
904 2213 1015 2275 τοῖς
1046 2212 1255 2283 χρόνοις
1292 2213 1579 2267 Ἰουλιανοῦ
1626 2214 1719 2267 καὶ
1747 2220 1779 2275 Α

1747 2220 1790 2276 Α
1894 2210 2157 2266 Diodorus
2184 2208 2504 2273 monachus,
2543 2209 2635 2279 qui
2666 2209 2960 2279 episc0pus
2984 2208 3085 2263 fuit
3113 2210 3267 2268 Tarsi
3316 2215 3370 2269 in

79 2297 379 2363 οὺὰλεντος
407 2301 845 2371 trunca-ﬁcu;
876 2304 1098 2375 Ταρσῶν
1128 2305 1225 2375 τῆς
1255 2304 1520 2367 Κιλικίας.
1547 2298 1713 2368 Οὗτος

1816 2301 2031 2367 Cilicia,
2062 2300 2396 2369 temporibus
2447 2294 2644 2351 Iuliani
2678 2313 2741 2351 ac
2776 2294 3036 2372 Valentis.
3082 2297 3181 2352 llic
3223 2302 3371 2355 varia

72 2388 426 2473 FTWEVJIX;
444 2408 603 2461 φησι
616 2391 919 2464 Θεόδωρος
947 2392 1314 2464 Ἀναγνώστης
1325 2395 1381 2446 ὲν
1394 2396 1459 2463 τῇ
1478 2394 1708 2461 Ἐκκλη-

1820 2394 2038 2463 scripsit
2093 2393 2374 2462 opuscula,
2420 2400 2479 2444 ut
2516 2390 2682 2445 refert
2728 2389 3050 2443 Theodorus
3073 2388 3268 2445 Lector
3317 2394 3369 2445 in

82 2479 368 2550 σωστικῆ
389 2484 697 2552 Ιστορίςι,
724 2484 995 2555 διάφορα·
1014 2486 1118 2548 εἰσὶ
1148 2486 1203 2538 δὲ
1250 2485 1372 2539 τάδε
1406 2488 1711 2554 Χρονικὸν,

1819 2484 2191 2539 Ecclesiastica
2231 2480 2513 2537 Historia:
2548 2483 2663 2537 haec
2716 2494 2899 2537 autem
2945 2481 3320 2536 inscribuntur
3353 2503 3366 2537 :

83 2568 471 2641 διορθούμενον
502 2572 577 2625 τὸ
607 2572 863 2642 σφάλμα
889 2571 1140 2625 Εὐσεσίου
1162 2572 1254 2625 τοῦ
1275 2573 1556 2642 Παμφίλου
1588 2574 1712 2643 περὶ

1818 2576 2150 2640 Chronicum,
2186 2576 2243 2639 in
2261 2592 2371 2646 quo
2390 2576 2608 2631 Eusebii
2661 2574 2923 2647 Pamphili
2976 2573 3030 2628 in
3061 2572 3281 2645 digercn
3322 2579 3368 2634 is

80 2660 181 2725 τίεν
211 2660 456 2734 χρόνων.

1816 2668 2150 2738 temporibus
2164 2682 2320 2724 error
2346 2667 2664 2737 castigatur.
