  <div class='ocr_page' id='page_1' title='image "/cluster/home/n/w/nwhite01/storage/ocr_20150623/19/pst.000005712045/057.png"; bbox 0 0 4196 6312; ppageno 0'>
   <div class='ocr_carea' id='block_1_1' title="bbox 790 376 3978 476">
    <p class='ocr_par' dir='ltr' id='par_1_1' title="bbox 790 376 3978 476">
     <span class='ocr_line' id='line_1_1' title="bbox 790 376 3978 476; baseline -0.003 0"><span class='ocrx_word' id='word_1_1' title='bbox 790 422 860 476; x_wconf 74' lang='lat'><strong>99</strong></span> <span class='ocrx_word' id='word_1_2' title='bbox 1492 400 1753 476; x_wconf 64' lang='lat' dir='ltr'><strong><em>susse.&quot;</em></strong></span> <span class='ocrx_word' id='word_1_3' title='bbox 1790 415 2260 475; x_wconf 56' lang='lat' dir='ltr'><strong><em>cmssmmsxs</em></strong></span> <span class='ocrx_word' id='word_1_4' title='bbox 2297 414 2444 469; x_wconf 71' lang='lat' dir='ltr'><strong><em>ore.</em></strong></span> <span class='ocrx_word' id='word_1_5' title='bbox 2480 415 2663 473; x_wconf 67' lang='lat' dir='ltr'><strong><em>esas</em></strong></span> <span class='ocrx_word' id='word_1_6' title='bbox 2698 416 2739 474; x_wconf 82' lang='grc' dir='ltr'><strong><em>ι.</em></strong></span> <span class='ocrx_word' id='word_1_7' title='bbox 2770 450 2835 460; x_wconf 88' lang='grc'><strong>-</strong></span> <span class='ocrx_word' id='word_1_8' title='bbox 2862 415 3251 474; x_wconf 72' lang='lat' dir='ltr'><strong><em>HISTORICA.</em></strong></span> <span class='ocrx_word' id='word_1_9' title='bbox 3528 376 3536 395; x_wconf 83' lang='grc'><em>’</em></span> <span class='ocrx_word' id='word_1_10' title='bbox 3876 410 3978 465; x_wconf 80' lang='lat' dir='ltr'><strong><em>too</em></strong></span> 
     </span>
    </p>
   </div>
   <div class='ocr_carea' id='block_1_2' title="bbox 793 672 3963 717">
    <p class='ocr_par' dir='ltr' id='par_1_2' title="bbox 797 676 3959 713">
     <span class='ocr_line' id='line_1_2' title="bbox 797 676 3959 713; baseline -0.002 -5"><span class='ocrx_word' id='word_1_11' title='bbox 797 676 3959 713; x_wconf 58' lang='lat' dir='ltr'><strong><em>mmmm</em></strong></span> 
     </span>
    </p>
   </div>
   <div class='ocr_carea' id='block_1_3' title="bbox 1105 980 3651 1311">
    <p class='ocr_par' dir='ltr' id='par_1_3' title="bbox 1105 980 3651 1311">
     <span class='ocr_line' id='line_1_3' title="bbox 1105 980 3651 1311; baseline -0.002 -113"><span class='ocrx_word' id='word_1_12' title='bbox 1130 993 2159 1311; x_wconf 87' lang='lat' dir='ltr'><strong><em>EUSEBII</em></strong></span> <span class='ocrx_word' id='word_1_13' title='bbox 2347 984 3651 1196; x_wconf 83' lang='lat' dir='ltr'><strong><em>PAMPHILI</em></strong></span> 
     </span>
    </p>
   </div>
   <div class='ocr_carea' id='block_1_4' title="bbox 1014 1736 3741 1923">
    <p class='ocr_par' dir='ltr' id='par_1_4' title="bbox 1014 1736 3741 1923">
     <span class='ocr_line' id='line_1_4' title="bbox 1014 1736 3741 1923; baseline -0.001 -4"><span class='ocrx_word' id='word_1_14' title='bbox 1014 1739 2551 1923; x_wconf 76' lang='lat' dir='ltr'><strong><em>CHBONICOBUM</em></strong></span> <span class='ocrx_word' id='word_1_15' title='bbox 2638 1744 3212 1915; x_wconf 76' lang='lat' dir='ltr'><strong><em>LIBRI</em></strong></span> <span class='ocrx_word' id='word_1_16' title='bbox 3299 1737 3741 1917; x_wconf 82' lang='grc' dir='ltr'><strong><em>Ι)Πο</em></strong></span> 
     </span>
    </p>
   </div>
   <div class='ocr_carea' id='block_1_5' title="bbox 1346 2184 3459 2257">
    <p class='ocr_par' dir='ltr' id='par_1_5' title="bbox 1346 2184 3459 2257">
     <span class='ocr_line' id='line_1_5' title="bbox 1346 2184 3459 2257; baseline -0.007 -5"><span class='ocrx_word' id='word_1_17' title='bbox 1346 2191 1443 2253; x_wconf 77' lang='lat' dir='ltr'><strong><em>(Ex</em></strong></span> <span class='ocrx_word' id='word_1_18' title='bbox 1465 2192 1584 2241; x_wconf 84' lang='lat' dir='ltr'><strong><em>edit.</em></strong></span> <span class='ocrx_word' id='word_1_19' title='bbox 1609 2195 1737 2256; x_wconf 73' lang='lat' dir='ltr'><strong><em>Aug.</em></strong></span> <span class='ocrx_word' id='word_1_20' title='bbox 1764 2193 1875 2257; x_wconf 73' lang='lat' dir='ltr'><strong><em>sm,</em></strong></span> <span class='ocrx_word' id='word_1_21' title='bbox 1901 2191 2080 2257; x_wconf 84' lang='lat' dir='ltr'><strong><em>Script.</em></strong></span> <span class='ocrx_word' id='word_1_22' title='bbox 2104 2200 2195 2245; x_wconf 76' lang='grc' dir='ltr'><strong><em>νει.</em></strong></span> <span class='ocrx_word' id='word_1_23' title='bbox 2219 2207 2342 2246; x_wconf 71' lang='lat' dir='ltr'><strong><em>noua</em></strong></span> <span class='ocrx_word' id='word_1_24' title='bbox 2364 2190 2602 2254; x_wconf 63' lang='lat' dir='ltr'><strong><em>Collatia,</em></strong></span> <span class='ocrx_word' id='word_1_25' title='bbox 2625 2198 2742 2243; x_wconf 83' lang='lat' dir='ltr'><strong><em>tam.</em></strong></span> <span class='ocrx_word' id='word_1_26' title='bbox 2764 2191 2893 2254; x_wconf 78' lang='lat' dir='ltr'><strong><em>VIII,</em></strong></span> <span class='ocrx_word' id='word_1_27' title='bbox 2916 2186 3404 2252; x_wconf 69' lang='lat' dir='ltr'><strong><em>Roma,1833,in4.</em></strong></span> <span class='ocrx_word' id='word_1_28' title='bbox 3424 2184 3459 2252; x_wconf 73' lang='grc' dir='ltr'><strong><em>Ῑ</em></strong></span> 
     </span>
    </p>
   </div>
   <div class='ocr_carea' id='block_1_6' title="bbox 2345 2408 3499 2430">
    <p class='ocr_par' dir='ltr' id='par_1_6' title="bbox 2345 2408 3499 2430">
     <span class='ocr_line' id='line_1_6' title="bbox 2345 2408 3499 2430; baseline 0 -1"><span class='ocrx_word' id='word_1_29' title='bbox 2345 2412 2421 2430; x_wconf 83' lang='grc'><strong><em>-</em></strong></span> <span class='ocrx_word' id='word_1_30' title='bbox 3475 2408 3499 2423; x_wconf 57' lang='grc' dir='ltr'><strong><em>θ’</em></strong></span> 
     </span>
    </p>
   </div>
   <div class='ocr_carea' id='block_1_7' title="bbox 2066 2506 2740 2670">
    <p class='ocr_par' dir='ltr' id='par_1_7' title="bbox 2066 2506 2740 2670">
     <span class='ocr_line' id='line_1_7' title="bbox 2066 2506 2740 2670; baseline -0.001 -3"><span class='ocrx_word' id='word_1_31' title='bbox 2066 2506 2740 2670; x_wconf 62' lang='lat' dir='ltr'><strong><em>PREFATIO.</em></strong></span> 
     </span>
    </p>
   </div>
   <div class='ocr_carea' id='block_1_8' title="bbox 864 2846 3980 2924">
    <p class='ocr_par' dir='ltr' id='par_1_8' title="bbox 864 2846 3980 2924">
     <span class='ocr_line' id='line_1_8' title="bbox 864 2846 3980 2924; baseline -0.002 -13"><span class='ocrx_word' id='word_1_32' title='bbox 864 2856 993 2911; x_wconf 98' lang='lat' dir='ltr'><strong><em>Post</em></strong></span> <span class='ocrx_word' id='word_1_33' title='bbox 1034 2853 1294 2908; x_wconf 72' lang='lat' dir='ltr'><strong><em>inuentum</em></strong></span> <span class='ocrx_word' id='word_1_34' title='bbox 1336 2852 1546 2909; x_wconf 81' lang='lat' dir='ltr'><strong><em>Eusebii</em></strong></span> <span class='ocrx_word' id='word_1_35' title='bbox 1588 2854 1979 2911; x_wconf 80' lang='lat' dir='ltr'><strong><em>Chrntiicorum</em></strong></span> <span class='ocrx_word' id='word_1_36' title='bbox 2008 2856 2234 2923; x_wconf 75' lang='lat' dir='ltr'><strong><em>priorem</em></strong></span> <span class='ocrx_word' id='word_1_37' title='bbox 2263 2851 2487 2917; x_wconf 88' lang='lat' dir='ltr'><strong><em>librum,</em></strong></span> <span class='ocrx_word' id='word_1_38' title='bbox 2534 2867 2682 2921; x_wconf 85' lang='lat' dir='ltr'><strong><em>quem</em></strong></span> <span class='ocrx_word' id='word_1_39' title='bbox 2724 2848 2905 2906; x_wconf 89' lang='lat' dir='ltr'><strong><em>Latini</em></strong></span> <span class='ocrx_word' id='word_1_40' title='bbox 2941 2866 3129 2907; x_wconf 70' lang='lat' dir='ltr'><strong><em>ueteres</em></strong></span> <span class='ocrx_word' id='word_1_41' title='bbox 3167 2868 3430 2924; x_wconf 76' lang='lat' dir='ltr'><strong><em>nunquam</em></strong></span> <span class='ocrx_word' id='word_1_42' title='bbox 3455 2852 3770 2914; x_wconf 81' lang='lat' dir='ltr'><strong><em>habuerunt,</em></strong></span> <span class='ocrx_word' id='word_1_43' title='bbox 3799 2846 3980 2908; x_wconf 63' lang='grc' dir='ltr'><strong><em>(ἔτιτδὶ</em></strong></span> 
     </span>
    </p>
   </div>
   <div class='ocr_carea' id='block_1_9' title="bbox 786 2945 3977 3017">
    <p class='ocr_par' dir='ltr' id='par_1_9' title="bbox 786 2945 3977 3017">
     <span class='ocr_line' id='line_1_9' title="bbox 786 2945 3977 3017; baseline -0.001 -17"><span class='ocrx_word' id='word_1_44' title='bbox 786 2946 903 3017; x_wconf 81' lang='lat' dir='ltr'><strong><em>jam</em></strong></span> <span class='ocrx_word' id='word_1_45' title='bbox 953 2948 1042 3000; x_wconf 85' lang='lat' dir='ltr'><strong><em>diu</em></strong></span> <span class='ocrx_word' id='word_1_46' title='bbox 1089 2945 1485 3011; x_wconf 83' lang='lat' dir='ltr'><strong><em>desiderabant,</em></strong></span> <span class='ocrx_word' id='word_1_47' title='bbox 1518 2949 1752 3001; x_wconf 75' lang='lat' dir='ltr'><strong><em>Armenii</em></strong></span> <span class='ocrx_word' id='word_1_48' title='bbox 1774 2945 1988 3017; x_wconf 85' lang='lat' dir='ltr'><strong><em>denique</em></strong></span> <span class='ocrx_word' id='word_1_49' title='bbox 2023 2948 2136 3000; x_wconf 89' lang='lat' dir='ltr'><strong><em>orbi</em></strong></span> <span class='ocrx_word' id='word_1_50' title='bbox 2169 2947 2541 3010; x_wconf 86' lang='lat' dir='ltr'><strong><em>restituerunt,</em></strong></span> <span class='ocrx_word' id='word_1_51' title='bbox 2572 2946 2690 3000; x_wconf 82' lang='lat' dir='ltr'><strong><em>dua:</em></strong></span> <span class='ocrx_word' id='word_1_52' title='bbox 2727 2947 3084 3001; x_wconf 76' lang='lat' dir='ltr'><strong><em>tantummodo</em></strong></span> <span class='ocrx_word' id='word_1_53' title='bbox 3121 2948 3278 3000; x_wconf 88' lang='lat' dir='ltr'><strong><em>totius</em></strong></span> <span class='ocrx_word' id='word_1_54' title='bbox 3310 2947 3473 3014; x_wconf 81' lang='lat' dir='ltr'><strong><em>operis</em></strong></span> <span class='ocrx_word' id='word_1_55' title='bbox 3501 2946 3746 3000; x_wconf 86' lang='lat' dir='ltr'><strong><em>editiones</em></strong></span> <span class='ocrx_word' id='word_1_56' title='bbox 3774 2956 3977 3000; x_wconf 68' lang='lat' dir='ltr'><strong><em>curate</em></strong></span> 
     </span>
    </p>
   </div>
   <div class='ocr_carea' id='block_1_10' title="bbox 789 3039 3980 3110">
    <p class='ocr_par' dir='ltr' id='par_1_10' title="bbox 789 3039 3980 3110">
     <span class='ocr_line' id='line_1_10' title="bbox 789 3039 3980 3110; baseline -0.002 -15"><span class='ocrx_word' id='word_1_57' title='bbox 789 3051 944 3103; x_wconf 87' lang='lat' dir='ltr'><strong><em>sunt,</em></strong></span> <span class='ocrx_word' id='word_1_58' title='bbox 978 3040 1382 3095; x_wconf 72' lang='lat' dir='ltr'><strong><em>Mediolanensis</em></strong></span> <span class='ocrx_word' id='word_1_59' title='bbox 1427 3044 1658 3097; x_wconf 72' lang='lat' dir='ltr'><strong><em>videlicet</em></strong></span> <span class='ocrx_word' id='word_1_60' title='bbox 1693 3051 1845 3109; x_wconf 85' lang='lat' dir='ltr'><strong><em>atque</em></strong></span> <span class='ocrx_word' id='word_1_61' title='bbox 1899 3039 2091 3093; x_wconf 86' lang='lat' dir='ltr'><strong><em>Veneta</em></strong></span> <span class='ocrx_word' id='word_1_62' title='bbox 2116 3056 2134 3092; x_wconf 91' lang='lat'><strong><em>:</em></strong></span> <span class='ocrx_word' id='word_1_63' title='bbox 2164 3056 2313 3110; x_wconf 62' lang='grc' dir='ltr'><strong><em>τινας,</em></strong></span> <span class='ocrx_word' id='word_1_64' title='bbox 2355 3042 2612 3110; x_wconf 70' lang='lat' dir='ltr'><strong><em>separatis</em></strong></span> <span class='ocrx_word' id='word_1_65' title='bbox 2663 3039 2786 3094; x_wconf 89' lang='lat' dir='ltr'><strong><em>locis</em></strong></span> <span class='ocrx_word' id='word_1_66' title='bbox 2823 3039 3108 3109; x_wconf 75' lang='lat' dir='ltr'><strong><em>studiisque</em></strong></span> <span class='ocrx_word' id='word_1_67' title='bbox 3155 3042 3342 3107; x_wconf 65' lang='lat' dir='ltr'><strong><em>facta.</em></strong></span> <span class='ocrx_word' id='word_1_68' title='bbox 3374 3039 3515 3091; x_wconf 85' lang='lat' dir='ltr'><strong><em>haud</em></strong></span> <span class='ocrx_word' id='word_1_69' title='bbox 3557 3040 3709 3094; x_wconf 87' lang='lat' dir='ltr'><strong><em>semel</em></strong></span> <span class='ocrx_word' id='word_1_70' title='bbox 3746 3040 3882 3091; x_wconf 82' lang='lat' dir='ltr'><strong><em>inter</em></strong></span> <span class='ocrx_word' id='word_1_71' title='bbox 3923 3053 3980 3090; x_wconf 80' lang='lat' dir='ltr'><strong><em>se</em></strong></span> 
     </span>
    </p>
   </div>
   <div class='ocr_carea' id='block_1_11' title="bbox 787 3130 3980 3205">
    <p class='ocr_par' dir='ltr' id='par_1_11' title="bbox 787 3130 3980 3205">
     <span class='ocr_line' id='line_1_11' title="bbox 787 3130 3980 3205; baseline -0.003 -16"><span class='ocrx_word' id='word_1_72' title='bbox 787 3134 1089 3197; x_wconf 86' lang='lat' dir='ltr'><strong><em>dissident,</em></strong></span> <span class='ocrx_word' id='word_1_73' title='bbox 1131 3146 1315 3187; x_wconf 82' lang='lat' dir='ltr'><strong><em>neutra</em></strong></span> <span class='ocrx_word' id='word_1_74' title='bbox 1350 3152 1465 3189; x_wconf 78' lang='lat' dir='ltr'><strong><em>vero</em></strong></span> <span class='ocrx_word' id='word_1_75' title='bbox 1510 3136 1581 3189; x_wconf 70' lang='lat' dir='ltr'><strong><em>ecl</em></strong></span> <span class='ocrx_word' id='word_1_76' title='bbox 1628 3135 1694 3189; x_wconf 88' lang='lat' dir='ltr'><strong><em>ad</em></strong></span> <span class='ocrx_word' id='word_1_77' title='bbox 1735 3151 1952 3205; x_wconf 86' lang='lat' dir='ltr'><strong><em>unguem</em></strong></span> <span class='ocrx_word' id='word_1_78' title='bbox 2004 3134 2218 3186; x_wconf 83' lang='lat' dir='ltr'><strong><em>elimata</em></strong></span> <span class='ocrx_word' id='word_1_79' title='bbox 2258 3133 2335 3187; x_wconf 84' lang='lat' dir='ltr'><strong><em>vel</em></strong></span> <span class='ocrx_word' id='word_1_80' title='bbox 2378 3134 2710 3202; x_wconf 66' lang='lat' dir='ltr'><strong><em>perfecta‘est</em></strong></span> <span class='ocrx_word' id='word_1_81' title='bbox 2746 3150 2763 3187; x_wconf 95' lang='lat'><strong><em>:</em></strong></span> <span class='ocrx_word' id='word_1_82' title='bbox 2803 3149 3099 3203; x_wconf 87' lang='lat' dir='ltr'><strong><em>quanquam</em></strong></span> <span class='ocrx_word' id='word_1_83' title='bbox 3129 3147 3218 3201; x_wconf 85' lang='lat' dir='ltr'><strong><em>ego</em></strong></span> <span class='ocrx_word' id='word_1_84' title='bbox 3256 3130 3460 3185; x_wconf 79' lang='lat' dir='ltr'><strong><em>Veneta:</em></strong></span> <span class='ocrx_word' id='word_1_85' title='bbox 3500 3132 3739 3194; x_wconf 78' lang='lat' dir='ltr'><strong><em>editioni,</em></strong></span> <span class='ocrx_word' id='word_1_86' title='bbox 3766 3138 3980 3198; x_wconf 74' lang='lat' dir='ltr'><strong><em>propter</em></strong></span> 
     </span>
    </p>
   </div>
   <div class='ocr_carea' id='block_1_12' title="bbox 790 3218 3983 3300">
    <p class='ocr_par' dir='ltr' id='par_1_12' title="bbox 790 3218 3983 3300">
     <span class='ocr_line' id='line_1_12' title="bbox 790 3218 3983 3300; baseline -0.003 -16"><span class='ocrx_word' id='word_1_87' title='bbox 790 3218 1091 3284; x_wconf 74' lang='lat' dir='ltr'><strong><em>Armeniaci</em></strong></span> <span class='ocrx_word' id='word_1_88' title='bbox 1123 3238 1287 3282; x_wconf 69' lang='lat' dir='ltr'><strong><em>textus</em></strong></span> <span class='ocrx_word' id='word_1_89' title='bbox 1321 3228 1688 3300; x_wconf 80' lang='lat' dir='ltr'><strong><em>doctorumque</em></strong></span> <span class='ocrx_word' id='word_1_90' title='bbox 1715 3228 2029 3283; x_wconf 80' lang='lat' dir='ltr'><strong><em>sciwliorum</em></strong></span> <span class='ocrx_word' id='word_1_91' title='bbox 2061 3229 2363 3282; x_wconf 87' lang='lat' dir='ltr'><strong><em>comitatum</em></strong></span> <span class='ocrx_word' id='word_1_92' title='bbox 2384 3267 2399 3291; x_wconf 91' lang='lat'><strong><em>,</em></strong></span> <span class='ocrx_word' id='word_1_93' title='bbox 2430 3229 2749 3297; x_wconf 72' lang='lat' dir='ltr'><strong><em>pracipuum</em></strong></span> <span class='ocrx_word' id='word_1_94' title='bbox 2779 3227 3021 3281; x_wconf 83' lang='lat' dir='ltr'><strong><em>honorem</em></strong></span> <span class='ocrx_word' id='word_1_95' title='bbox 3069 3236 3246 3296; x_wconf 80' lang='lat' dir='ltr'><strong><em>sponte</em></strong></span> <span class='ocrx_word' id='word_1_96' title='bbox 3292 3225 3486 3295; x_wconf 86' lang='lat' dir='ltr'><strong><em>defero.</em></strong></span> <span class='ocrx_word' id='word_1_97' title='bbox 3537 3225 3787 3291; x_wconf 68' lang='lat' dir='ltr'><strong><em>Quacum</em></strong></span> <span class='ocrx_word' id='word_1_98' title='bbox 3815 3224 3898 3277; x_wconf 83' lang='lat' dir='ltr'><strong><em>ita</em></strong></span> <span class='ocrx_word' id='word_1_99' title='bbox 3925 3240 3983 3277; x_wconf 71' lang='lat' dir='ltr'><strong><em>se</em></strong></span> 
     </span>
    </p>
   </div>
   <div class='ocr_carea' id='block_1_13' title="bbox 788 3318 3978 3397">
    <p class='ocr_par' dir='ltr' id='par_1_13' title="bbox 788 3318 3978 3397">
     <span class='ocr_line' id='line_1_13' title="bbox 788 3318 3978 3397; baseline -0.002 -23"><span class='ocrx_word' id='word_1_100' title='bbox 788 3320 1034 3385; x_wconf 66' lang='lat' dir='ltr'><strong><em>habeant,</em></strong></span> <span class='ocrx_word' id='word_1_101' title='bbox 1056 3338 1317 3392; x_wconf 84' lang='lat' dir='ltr'><strong><em>nunquam</em></strong></span> <span class='ocrx_word' id='word_1_102' title='bbox 1357 3340 1457 3377; x_wconf 88' lang='lat' dir='ltr'><strong><em>non</em></strong></span> <span class='ocrx_word' id='word_1_103' title='bbox 1482 3324 1653 3392; x_wconf 77' lang='lat' dir='ltr'><strong><em>optavi</em></strong></span> <span class='ocrx_word' id='word_1_104' title='bbox 1688 3325 1888 3377; x_wconf 82' lang='lat' dir='ltr'><strong><em>tertiam</em></strong></span> <span class='ocrx_word' id='word_1_105' title='bbox 1917 3322 2122 3375; x_wconf 85' lang='lat' dir='ltr'><strong><em>demum</em></strong></span> <span class='ocrx_word' id='word_1_106' title='bbox 2152 3322 2409 3377; x_wconf 83' lang='lat' dir='ltr'><strong><em>adamare</em></strong></span> <span class='ocrx_word' id='word_1_107' title='bbox 2433 3322 2706 3377; x_wconf 85' lang='lat' dir='ltr'><strong><em>editionem</em></strong></span> <span class='ocrx_word' id='word_1_108' title='bbox 2726 3362 2741 3381; x_wconf 86' lang='lat'><strong><em>.</em></strong></span> <span class='ocrx_word' id='word_1_109' title='bbox 2764 3338 2880 3396; x_wconf 69' lang='lat' dir='ltr'><strong><em>qua:</em></strong></span> <span class='ocrx_word' id='word_1_110' title='bbox 2905 3323 3082 3375; x_wconf 85' lang='lat' dir='ltr'><strong><em>omnia</em></strong></span> <span class='ocrx_word' id='word_1_111' title='bbox 3109 3321 3431 3397; x_wconf 77' lang='lat' dir='ltr'><strong><em>superiorum</em></strong></span> <span class='ocrx_word' id='word_1_112' title='bbox 3460 3318 3595 3373; x_wconf 91' lang='lat' dir='ltr'><strong><em>bona</em></strong></span> <span class='ocrx_word' id='word_1_113' title='bbox 3618 3321 3978 3387; x_wconf 72' lang='lat' dir='ltr'><strong><em>coniungeret,</em></strong></span> 
     </span>
    </p>
   </div>
   <div class='ocr_carea' id='block_1_14' title="bbox 791 3410 3981 3484">
    <p class='ocr_par' dir='ltr' id='par_1_14' title="bbox 791 3410 3981 3484">
     <span class='ocr_line' id='line_1_14' title="bbox 791 3410 3981 3484; baseline -0.002 -17"><span class='ocrx_word' id='word_1_114' title='bbox 791 3411 984 3467; x_wconf 85' lang='lat' dir='ltr'><strong><em>mendis</em></strong></span> <span class='ocrx_word' id='word_1_115' title='bbox 1014 3414 1237 3466; x_wconf 74' lang='lat' dir='ltr'><strong><em>exclusis</em></strong></span> <span class='ocrx_word' id='word_1_116' title='bbox 1266 3420 1282 3465; x_wconf 67' lang='grc' dir='ltr'><em>ἐ</em></span> <span class='ocrx_word' id='word_1_117' title='bbox 1308 3413 1359 3466; x_wconf 90' lang='lat' dir='ltr'><strong><em>id</em></strong></span> <span class='ocrx_word' id='word_1_118' title='bbox 1388 3415 1521 3482; x_wconf 86' lang='lat' dir='ltr'><strong><em>quod</em></strong></span> <span class='ocrx_word' id='word_1_119' title='bbox 1553 3415 1614 3469; x_wconf 90' lang='lat' dir='ltr'><strong><em>de</em></strong></span> <span class='ocrx_word' id='word_1_120' title='bbox 1639 3417 1808 3482; x_wconf 85' lang='lat' dir='ltr'><strong><em>priore</em></strong></span> <span class='ocrx_word' id='word_1_121' title='bbox 1832 3417 2119 3479; x_wconf 65' lang='lat' dir='ltr'><strong><em>pra&#39;sertim</em></strong></span> <span class='ocrx_word' id='word_1_122' title='bbox 2151 3414 2282 3469; x_wconf 84' lang='lat' dir='ltr'><strong><em>libro</em></strong></span> <span class='ocrx_word' id='word_1_123' title='bbox 2312 3415 2508 3469; x_wconf 83' lang='lat' dir='ltr'><strong><em>dictum</em></strong></span> <span class='ocrx_word' id='word_1_124' title='bbox 2540 3416 2641 3479; x_wconf 90' lang='lat' dir='ltr'><strong><em>sit,</em></strong></span> <span class='ocrx_word' id='word_1_125' title='bbox 2685 3416 2775 3484; x_wconf 88' lang='lat' dir='ltr'><strong><em>qui</em></strong></span> <span class='ocrx_word' id='word_1_126' title='bbox 2821 3414 2960 3467; x_wconf 87' lang='lat' dir='ltr'><strong><em>unici</em></strong></span> <span class='ocrx_word' id='word_1_127' title='bbox 3003 3414 3196 3467; x_wconf 85' lang='lat' dir='ltr'><strong><em>codicis</em></strong></span> <span class='ocrx_word' id='word_1_128' title='bbox 3234 3412 3531 3465; x_wconf 79' lang='lat' dir='ltr'><strong><em>Armeniaci</em></strong></span> <span class='ocrx_word' id='word_1_129' title='bbox 3569 3410 3879 3464; x_wconf 77' lang='lat' dir='ltr'><strong><em>auctoritate</em></strong></span> <span class='ocrx_word' id='word_1_130' title='bbox 3922 3418 3981 3462; x_wconf 79' lang='lat' dir='ltr'><strong><em>et</em></strong></span> 
     </span>
    </p>
   </div>
   <div class='ocr_carea' id='block_1_15' title="bbox 797 3500 3983 3573">
    <p class='ocr_par' dir='ltr' id='par_1_15' title="bbox 797 3500 3983 3573">
     <span class='ocr_line' id='line_1_15' title="bbox 797 3500 3983 3573; baseline -0.001 -18"><span class='ocrx_word' id='word_1_131' title='bbox 797 3500 1096 3556; x_wconf 79' lang='lat' dir='ltr'><strong><em>Crtecarum</em></strong></span> <span class='ocrx_word' id='word_1_132' title='bbox 1138 3503 1547 3570; x_wconf 80' lang='lat' dir='ltr'><strong><em>fraginentorum</em></strong></span> <span class='ocrx_word' id='word_1_133' title='bbox 1579 3503 1896 3556; x_wconf 89' lang='lat' dir='ltr'><strong><em>adminiculo</em></strong></span> <span class='ocrx_word' id='word_1_134' title='bbox 1934 3506 2138 3557; x_wconf 88' lang='lat' dir='ltr'><strong><em>nititur.</em></strong></span> <span class='ocrx_word' id='word_1_135' title='bbox 2168 3503 2234 3556; x_wconf 84' lang='lat' dir='ltr'><strong><em>In</em></strong></span> <span class='ocrx_word' id='word_1_136' title='bbox 2266 3504 2552 3571; x_wconf 85' lang='lat' dir='ltr'><strong><em>posteriore</em></strong></span> <span class='ocrx_word' id='word_1_137' title='bbox 2592 3513 2763 3556; x_wconf 87' lang='lat' dir='ltr'><strong><em>autem</em></strong></span> <span class='ocrx_word' id='word_1_138' title='bbox 2796 3503 2925 3556; x_wconf 88' lang='lat' dir='ltr'><strong><em>libro</em></strong></span> <span class='ocrx_word' id='word_1_139' title='bbox 2959 3504 3107 3573; x_wconf 83' lang='lat' dir='ltr'><strong><em>longe</em></strong></span> <span class='ocrx_word' id='word_1_140' title='bbox 3136 3503 3289 3571; x_wconf 85' lang='lat' dir='ltr'><strong><em>plura</em></strong></span> <span class='ocrx_word' id='word_1_141' title='bbox 3330 3503 3631 3571; x_wconf 85' lang='lat' dir='ltr'><strong><em>adjumenta</em></strong></span> <span class='ocrx_word' id='word_1_142' title='bbox 3669 3507 3983 3568; x_wconf 68' lang='lat' dir='ltr'><strong><em>suppetunt,</em></strong></span> 
     </span>
    </p>
   </div>
   <div class='ocr_carea' id='block_1_16' title="bbox 791 3591 3984 3665">
    <p class='ocr_par' dir='ltr' id='par_1_16' title="bbox 791 3591 3984 3665">
     <span class='ocr_line' id='line_1_16' title="bbox 791 3591 3984 3665; baseline -0 -21"><span class='ocrx_word' id='word_1_143' title='bbox 791 3591 973 3660; x_wconf 83' lang='lat' dir='ltr'><strong><em>quibus</em></strong></span> <span class='ocrx_word' id='word_1_144' title='bbox 1018 3593 1277 3662; x_wconf 84' lang='lat' dir='ltr'><strong><em>egregium</em></strong></span> <span class='ocrx_word' id='word_1_145' title='bbox 1322 3592 1531 3649; x_wconf 85' lang='lat' dir='ltr'><strong><em>Eusebii</em></strong></span> <span class='ocrx_word' id='word_1_146' title='bbox 1582 3610 1708 3661; x_wconf 87' lang='lat' dir='ltr'><strong><em>opus</em></strong></span> <span class='ocrx_word' id='word_1_147' title='bbox 1756 3595 1821 3647; x_wconf 91' lang='lat' dir='ltr'><strong><em>ad</em></strong></span> <span class='ocrx_word' id='word_1_148' title='bbox 1866 3597 2130 3649; x_wconf 82' lang='lat' dir='ltr'><strong><em>meliorem</em></strong></span> <span class='ocrx_word' id='word_1_149' title='bbox 2181 3597 2382 3665; x_wconf 84' lang='lat' dir='ltr'><strong><em>frugem</em></strong></span> <span class='ocrx_word' id='word_1_150' title='bbox 2434 3611 2670 3650; x_wconf 77' lang='lat' dir='ltr'><strong><em>revocare</em></strong></span> <span class='ocrx_word' id='word_1_151' title='bbox 2723 3596 2841 3649; x_wconf 88' lang='lat' dir='ltr'><strong><em>licet</em></strong></span> <span class='ocrx_word' id='word_1_152' title='bbox 2890 3611 2909 3649; x_wconf 90' lang='lat'><strong><em>:</em></strong></span> <span class='ocrx_word' id='word_1_153' title='bbox 2954 3605 3077 3649; x_wconf 86' lang='lat' dir='ltr'><strong><em>sunt</em></strong></span> <span class='ocrx_word' id='word_1_154' title='bbox 3116 3597 3253 3649; x_wconf 87' lang='lat' dir='ltr'><strong><em>enim</em></strong></span> <span class='ocrx_word' id='word_1_155' title='bbox 3293 3597 3348 3648; x_wconf 90' lang='lat' dir='ltr'><strong><em>in</em></strong></span> <span class='ocrx_word' id='word_1_156' title='bbox 3413 3596 3665 3651; x_wconf 81' lang='lat' dir='ltr'><strong><em>Vaticana</em></strong></span> <span class='ocrx_word' id='word_1_157' title='bbox 3705 3591 3984 3661; x_wconf 77' lang='lat' dir='ltr'><strong><em>Pontiﬁcis</em></strong></span> 
     </span>
    </p>
   </div>
   <div class='ocr_carea' id='block_1_17' title="bbox 793 3672 3983 3761">
    <p class='ocr_par' dir='ltr' id='par_1_17' title="bbox 793 3672 3983 3761">
     <span class='ocr_line' id='line_1_17' title="bbox 793 3672 3983 3761; baseline 0.002 -25"><span class='ocrx_word' id='word_1_158' title='bbox 793 3682 1018 3740; x_wconf 65' lang='lat' dir='ltr'><strong><em>Maximi</em></strong></span> <span class='ocrx_word' id='word_1_159' title='bbox 1047 3684 1352 3738; x_wconf 81' lang='lat' dir='ltr'><strong><em>bibliotheca</em></strong></span> <span class='ocrx_word' id='word_1_160' title='bbox 1378 3686 1680 3752; x_wconf 85' lang='lat' dir='ltr'><strong><em>posterioris</em></strong></span> <span class='ocrx_word' id='word_1_161' title='bbox 1707 3686 2099 3741; x_wconf 84' lang='lat' dir='ltr'><strong><em>Chronicorum</em></strong></span> <span class='ocrx_word' id='word_1_162' title='bbox 2132 3690 2253 3743; x_wconf 88' lang='lat' dir='ltr'><strong><em>libri</em></strong></span> <span class='ocrx_word' id='word_1_163' title='bbox 2282 3696 2481 3743; x_wconf 84' lang='lat' dir='ltr'><strong><em>codices</em></strong></span> <span class='ocrx_word' id='word_1_164' title='bbox 2509 3691 2625 3749; x_wconf 83' lang='lat' dir='ltr'><strong><em>plus</em></strong></span> <span class='ocrx_word' id='word_1_165' title='bbox 2652 3690 2831 3759; x_wconf 81' lang='lat' dir='ltr'><strong><em>viginti</em></strong></span> <span class='ocrx_word' id='word_1_166' title='bbox 2850 3730 2865 3753; x_wconf 91' lang='lat'><strong><em>,</em></strong></span> <span class='ocrx_word' id='word_1_167' title='bbox 2888 3706 3013 3759; x_wconf 90' lang='lat' dir='ltr'><strong><em>quas</em></strong></span> <span class='ocrx_word' id='word_1_168' title='bbox 3044 3672 3177 3742; x_wconf 67' lang='lat' dir='ltr'><strong><em>inter</em></strong></span> <span class='ocrx_word' id='word_1_169' title='bbox 3204 3691 3403 3761; x_wconf 86' lang='lat' dir='ltr'><strong><em>aliquot</em></strong></span> <span class='ocrx_word' id='word_1_170' title='bbox 3430 3677 3620 3745; x_wconf 77' lang='lat' dir='ltr'><strong><em>celeres</em></strong></span> <span class='ocrx_word' id='word_1_171' title='bbox 3644 3699 3689 3743; x_wconf 90' lang='lat' dir='ltr'><strong><em>et</em></strong></span> <span class='ocrx_word' id='word_1_172' title='bbox 3716 3697 3983 3757; x_wconf 68' lang='lat' dir='ltr'><strong><em>prestat:-</em></strong></span> 
     </span>
    </p>
   </div>
   <div class='ocr_carea' id='block_1_18' title="bbox 796 3770 3979 3849">
    <p class='ocr_par' dir='ltr' id='par_1_18' title="bbox 796 3770 3979 3849">
     <span class='ocr_line' id='line_1_18' title="bbox 796 3770 3979 3849; baseline -0 -17"><span class='ocrx_word' id='word_1_173' title='bbox 796 3780 1007 3836; x_wconf 83' lang='lat' dir='ltr'><strong><em>tissinti.</em></strong></span> <span class='ocrx_word' id='word_1_174' title='bbox 1038 3777 1299 3831; x_wconf 70' lang='lat' dir='ltr'><strong><em>Pra‘terea</em></strong></span> <span class='ocrx_word' id='word_1_175' title='bbox 1343 3794 1458 3831; x_wconf 89' lang='lat' dir='ltr'><strong><em>cum</em></strong></span> <span class='ocrx_word' id='word_1_176' title='bbox 1490 3779 1544 3830; x_wconf 88' lang='lat' dir='ltr'><strong><em>in</em></strong></span> <span class='ocrx_word' id='word_1_177' title='bbox 1588 3776 1966 3834; x_wconf 74' lang='lat' dir='ltr'><strong><em>Mediolanensi</em></strong></span> <span class='ocrx_word' id='word_1_178' title='bbox 2003 3797 2064 3834; x_wconf 90' lang='lat' dir='ltr'><strong><em>ac</em></strong></span> <span class='ocrx_word' id='word_1_179' title='bbox 2102 3780 2474 3847; x_wconf 7' lang='lat' dir='ltr'><strong><em>Venetaqunius</em></strong></span> <span class='ocrx_word' id='word_1_180' title='bbox 2516 3792 2714 3837; x_wconf 87' lang='lat' dir='ltr'><strong><em>tantum</em></strong></span> <span class='ocrx_word' id='word_1_181' title='bbox 2748 3782 2957 3837; x_wconf 85' lang='lat' dir='ltr'><strong><em>Eusebii</em></strong></span> <span class='ocrx_word' id='word_1_182' title='bbox 2994 3782 3146 3837; x_wconf 69' lang='lat' dir='ltr'><strong><em>verba</em></strong></span> <span class='ocrx_word' id='word_1_183' title='bbox 3186 3770 3579 3845; x_wconf 82' lang='lat' dir='ltr'><strong><em>contineantur,</em></strong></span> <span class='ocrx_word' id='word_1_184' title='bbox 3622 3796 3861 3849; x_wconf 74' lang='lat' dir='ltr'><strong><em>magnum</em></strong></span> <span class='ocrx_word' id='word_1_185' title='bbox 3894 3788 3979 3833; x_wconf 83' lang='lat' dir='ltr'><strong><em>est</em></strong></span> 
     </span>
    </p>
   </div>
   <div class='ocr_carea' id='block_1_19' title="bbox 796 3868 3978 3944">
    <p class='ocr_par' dir='ltr' id='par_1_19' title="bbox 796 3868 3978 3944">
     <span class='ocr_line' id='line_1_19' title="bbox 796 3868 3978 3944; baseline -0.001 -20"><span class='ocrx_word' id='word_1_186' title='bbox 796 3871 962 3938; x_wconf 89' lang='lat' dir='ltr'><strong><em>operis</em></strong></span> <span class='ocrx_word' id='word_1_187' title='bbox 989 3868 1372 3932; x_wconf 87' lang='lat' dir='ltr'><strong><em>detrimentum,</em></strong></span> <span class='ocrx_word' id='word_1_188' title='bbox 1405 3869 1541 3939; x_wconf 84' lang='lat' dir='ltr'><strong><em>quod</em></strong></span> <span class='ocrx_word' id='word_1_189' title='bbox 1564 3872 1831 3936; x_wconf 86' lang='lat' dir='ltr'><strong><em>permultis</em></strong></span> <span class='ocrx_word' id='word_1_190' title='bbox 1857 3881 2009 3942; x_wconf 85' lang='lat' dir='ltr'><strong><em>atque</em></strong></span> <span class='ocrx_word' id='word_1_191' title='bbox 2035 3873 2305 3940; x_wconf 69' lang='lat' dir='ltr'><strong><em>pra’claris</em></strong></span> <span class='ocrx_word' id='word_1_192' title='bbox 2332 3872 2391 3927; x_wconf 86' lang='lat' dir='ltr'><strong><em>S.</em></strong></span> <span class='ocrx_word' id='word_1_193' title='bbox 2415 3873 2717 3944; x_wconf 82' lang='lat' dir='ltr'><strong><em>Hieronymi</em></strong></span> <span class='ocrx_word' id='word_1_194' title='bbox 2741 3873 3107 3936; x_wconf 86' lang='lat' dir='ltr'><strong><em>additamentis</em></strong></span> <span class='ocrx_word' id='word_1_195' title='bbox 3127 3882 3289 3928; x_wconf 82' lang='lat' dir='ltr'><strong><em>caret.</em></strong></span> <span class='ocrx_word' id='word_1_196' title='bbox 3318 3871 3496 3943; x_wconf 82' lang='lat' dir='ltr'><strong><em>Neque</em></strong></span> <span class='ocrx_word' id='word_1_197' title='bbox 3522 3875 3727 3941; x_wconf 86' lang='lat' dir='ltr'><strong><em>ipsemet</em></strong></span> <span class='ocrx_word' id='word_1_198' title='bbox 3756 3869 3978 3923; x_wconf 77' lang='lat' dir='ltr'><strong><em>Eusebii</em></strong></span> 
     </span>
    </p>
   </div>
   <div class='ocr_carea' id='block_1_20' title="bbox 800 3948 3984 4038">
    <p class='ocr_par' dir='ltr' id='par_1_20' title="bbox 800 3948 3984 4038">
     <span class='ocr_line' id='line_1_20' title="bbox 800 3948 3984 4038; baseline 0 -24"><span class='ocrx_word' id='word_1_199' title='bbox 800 3970 971 4015; x_wconf 72' lang='lat' dir='ltr'><strong><em>textus</em></strong></span> <span class='ocrx_word' id='word_1_200' title='bbox 1015 3962 1068 4012; x_wconf 87' lang='lat' dir='ltr'><strong><em>in</em></strong></span> <span class='ocrx_word' id='word_1_201' title='bbox 1096 3961 1360 4027; x_wconf 77' lang='lat' dir='ltr'><strong><em>prwdictis</em></strong></span> <span class='ocrx_word' id='word_1_202' title='bbox 1390 3961 1703 4015; x_wconf 86' lang='lat' dir='ltr'><strong><em>editionibus</em></strong></span> <span class='ocrx_word' id='word_1_203' title='bbox 1723 4002 1738 4025; x_wconf 90' lang='lat'><strong><em>,</em></strong></span> <span class='ocrx_word' id='word_1_204' title='bbox 1770 3979 1883 4032; x_wconf 80' lang='lat' dir='ltr'><strong><em>qua:</em></strong></span> <span class='ocrx_word' id='word_1_205' title='bbox 1910 3979 1975 4016; x_wconf 74' lang='lat' dir='ltr'><strong><em>ea:</em></strong></span> <span class='ocrx_word' id='word_1_206' title='bbox 2006 3966 2313 4018; x_wconf 82' lang='lat' dir='ltr'><strong><em>Armeniaca</em></strong></span> <span class='ocrx_word' id='word_1_207' title='bbox 2340 3964 2511 4019; x_wconf 90' lang='lat' dir='ltr'><strong><em>codice</em></strong></span> <span class='ocrx_word' id='word_1_208' title='bbox 2541 3975 2789 4029; x_wconf 88' lang='lat' dir='ltr'><strong><em>manant,</em></strong></span> <span class='ocrx_word' id='word_1_209' title='bbox 2818 3948 3009 4038; x_wconf 73' lang='lat' dir='ltr'><strong><em>integer</em></strong></span> <span class='ocrx_word' id='word_1_210' title='bbox 3039 3975 3114 4021; x_wconf 89' lang='lat' dir='ltr'><strong><em>est</em></strong></span> <span class='ocrx_word' id='word_1_211' title='bbox 3148 3978 3301 4035; x_wconf 87' lang='lat' dir='ltr'><strong><em>atque</em></strong></span> <span class='ocrx_word' id='word_1_212' title='bbox 3342 3962 3579 4018; x_wconf 76' lang='lat' dir='ltr'><strong><em>illibatus</em></strong></span> <span class='ocrx_word' id='word_1_213' title='bbox 3610 3980 3629 4017; x_wconf 90' lang='lat'><em>:</em></span> <span class='ocrx_word' id='word_1_214' title='bbox 3648 3963 3822 4018; x_wconf 86' lang='lat' dir='ltr'><strong><em>etenim</em></strong></span> <span class='ocrx_word' id='word_1_215' title='bbox 3860 3962 3984 4016; x_wconf 71' lang='lat' dir='ltr'><strong><em>luce</em></strong></span> 
     </span>
    </p>
   </div>
   <div class='ocr_carea' id='block_1_21' title="bbox 800 4051 3982 4126">
    <p class='ocr_par' dir='ltr' id='par_1_21' title="bbox 800 4051 3982 4126">
     <span class='ocr_line' id='line_1_21' title="bbox 800 4051 3982 4126; baseline 0 -23"><span class='ocrx_word' id='word_1_216' title='bbox 800 4051 1088 4105; x_wconf 83' lang='lat' dir='ltr'><strong><em>meridiana</em></strong></span> <span class='ocrx_word' id='word_1_217' title='bbox 1126 4052 1321 4105; x_wconf 73' lang='lat' dir='ltr'><strong><em>clarius</em></strong></span> <span class='ocrx_word' id='word_1_218' title='bbox 1357 4061 1465 4115; x_wconf 88' lang='lat' dir='ltr'><strong><em>est,</em></strong></span> <span class='ocrx_word' id='word_1_219' title='bbox 1511 4069 1613 4106; x_wconf 89' lang='lat' dir='ltr'><strong><em>non</em></strong></span> <span class='ocrx_word' id='word_1_220' title='bbox 1657 4070 1823 4120; x_wconf 89' lang='lat' dir='ltr'><strong><em>pauca</em></strong></span> <span class='ocrx_word' id='word_1_221' title='bbox 1864 4056 2164 4109; x_wconf 85' lang='lat' dir='ltr'><strong><em>Armenium</em></strong></span> <span class='ocrx_word' id='word_1_222' title='bbox 2200 4056 2277 4110; x_wconf 74' lang='lat' dir='ltr'><strong><em>uel</em></strong></span> <span class='ocrx_word' id='word_1_223' title='bbox 2316 4057 2693 4112; x_wconf 81' lang='lat' dir='ltr'><strong><em>Amanuensem</em></strong></span> <span class='ocrx_word' id='word_1_224' title='bbox 2741 4058 2817 4111; x_wconf 78' lang='lat' dir='ltr'><strong><em>vel</em></strong></span> <span class='ocrx_word' id='word_1_225' title='bbox 2864 4058 3189 4126; x_wconf 79' lang='lat' dir='ltr'><strong><em>interpretem</em></strong></span> <span class='ocrx_word' id='word_1_226' title='bbox 3229 4055 3292 4110; x_wconf 87' lang='lat' dir='ltr'><strong><em>de</em></strong></span> <span class='ocrx_word' id='word_1_227' title='bbox 3331 4056 3566 4124; x_wconf 75' lang='lat' dir='ltr'><strong><em>genuinis</em></strong></span> <span class='ocrx_word' id='word_1_228' title='bbox 3614 4053 3815 4123; x_wconf 57' lang='lat' dir='ltr'><strong><em>Eusebii</em></strong></span> <span class='ocrx_word' id='word_1_229' title='bbox 3862 4055 3982 4123; x_wconf 80' lang='lat' dir='ltr'><strong><em>fra-</em></strong></span> 
     </span>
    </p>
   </div>
   <div class='ocr_carea' id='block_1_22' title="bbox 798 4143 3983 4217">
    <p class='ocr_par' dir='ltr' id='par_1_22' title="bbox 798 4143 3983 4217">
     <span class='ocr_line' id='line_1_22' title="bbox 798 4143 3983 4217; baseline 0.001 -23"><span class='ocrx_word' id='word_1_230' title='bbox 798 4143 1016 4211; x_wconf 83' lang='lat' dir='ltr'><strong><em>gmentis</em></strong></span> <span class='ocrx_word' id='word_1_231' title='bbox 1059 4143 1448 4210; x_wconf 77' lang='lat' dir='ltr'><strong><em>prwtermisisse</em></strong></span> <span class='ocrx_word' id='word_1_232' title='bbox 1491 4158 1508 4195; x_wconf 90' lang='lat'><strong><em>:</em></strong></span> <span class='ocrx_word' id='word_1_233' title='bbox 1551 4159 1705 4211; x_wconf 84' lang='lat' dir='ltr'><strong><em>quam</em></strong></span> <span class='ocrx_word' id='word_1_234' title='bbox 1749 4161 1853 4197; x_wconf 87' lang='lat' dir='ltr'><strong><em>rem</em></strong></span> <span class='ocrx_word' id='word_1_235' title='bbox 1905 4145 2172 4216; x_wconf 80' lang='lat' dir='ltr'><strong><em>Syncelius</em></strong></span> <span class='ocrx_word' id='word_1_236' title='bbox 2218 4150 2539 4215; x_wconf 73' lang='lat' dir='ltr'><strong><em>prtesertim,</em></strong></span> <span class='ocrx_word' id='word_1_237' title='bbox 2584 4159 2632 4202; x_wconf 89' lang='lat' dir='ltr'><strong><em>et</em></strong></span> <span class='ocrx_word' id='word_1_238' title='bbox 2675 4149 2983 4203; x_wconf 83' lang='lat' dir='ltr'><strong><em>Cbronicon</em></strong></span> <span class='ocrx_word' id='word_1_239' title='bbox 3015 4148 3269 4217; x_wconf 83' lang='lat' dir='ltr'><strong><em>paschale</em></strong></span> <span class='ocrx_word' id='word_1_240' title='bbox 3309 4146 3479 4217; x_wconf 88' lang='lat' dir='ltr'><strong><em>(cujus</em></strong></span> <span class='ocrx_word' id='word_1_241' title='bbox 3523 4147 3874 4202; x_wconf 83' lang='lat' dir='ltr'><strong><em>nobilissimus</em></strong></span> <span class='ocrx_word' id='word_1_242' title='bbox 3927 4150 3983 4200; x_wconf 78' lang='lat' dir='ltr'><strong><em>in</em></strong></span> 
     </span>
    </p>
   </div>
   <div class='ocr_carea' id='block_1_23' title="bbox 810 4229 3982 4308">
    <p class='ocr_par' dir='ltr' id='par_1_23' title="bbox 810 4229 3982 4308">
     <span class='ocr_line' id='line_1_23' title="bbox 810 4229 3982 4308; baseline 0.001 -23"><span class='ocrx_word' id='word_1_243' title='bbox 810 4229 1063 4285; x_wconf 79' lang='lat' dir='ltr'><strong><em>Vaticana</em></strong></span> <span class='ocrx_word' id='word_1_244' title='bbox 1090 4231 1395 4304; x_wconf 82' lang='lat' dir='ltr'><strong><em>bibliotheca</em></strong></span> <span class='ocrx_word' id='word_1_245' title='bbox 1424 4232 1583 4286; x_wconf 71' lang='lat' dir='ltr'><strong><em>codex</em></strong></span> <span class='ocrx_word' id='word_1_246' title='bbox 1616 4242 1747 4302; x_wconf 86' lang='lat' dir='ltr'><strong><em>est).</em></strong></span> <span class='ocrx_word' id='word_1_247' title='bbox 1781 4245 1953 4304; x_wconf 89' lang='lat' dir='ltr'><strong><em>aperte</em></strong></span> <span class='ocrx_word' id='word_1_248' title='bbox 1977 4237 2363 4301; x_wconf 87' lang='lat' dir='ltr'><strong><em>demonstrant,</em></strong></span> <span class='ocrx_word' id='word_1_249' title='bbox 2396 4239 2458 4291; x_wconf 91' lang='lat' dir='ltr'><strong><em>de</em></strong></span> <span class='ocrx_word' id='word_1_250' title='bbox 2484 4256 2702 4308; x_wconf 84' lang='lat' dir='ltr'><strong><em>quorum</em></strong></span> <span class='ocrx_word' id='word_1_251' title='bbox 2742 4239 2899 4292; x_wconf 80' lang='lat' dir='ltr'><strong><em>ueluti</em></strong></span> <span class='ocrx_word' id='word_1_252' title='bbox 2930 4240 3215 4293; x_wconf 82' lang='lat' dir='ltr'><strong><em>rivularum</em></strong></span> <span class='ocrx_word' id='word_1_253' title='bbox 3252 4237 3315 4290; x_wconf 87' lang='lat' dir='ltr'><strong><em>ab</em></strong></span> <span class='ocrx_word' id='word_1_254' title='bbox 3353 4236 3578 4293; x_wconf 87' lang='lat' dir='ltr'><strong><em>Eusebio</em></strong></span> <span class='ocrx_word' id='word_1_255' title='bbox 3605 4239 3795 4307; x_wconf 85' lang='lat' dir='ltr'><strong><em>origine</em></strong></span> <span class='ocrx_word' id='word_1_256' title='bbox 3824 4238 3982 4290; x_wconf 72' lang='lat' dir='ltr'><strong><em>nullo</em></strong></span> 
     </span>
    </p>
   </div>
   <div class='ocr_carea' id='block_1_24' title="bbox 799 4312 3983 4400">
    <p class='ocr_par' dir='ltr' id='par_1_24' title="bbox 799 4312 3983 4400">
     <span class='ocr_line' id='line_1_24' title="bbox 799 4312 3983 4400; baseline 0.002 -23"><span class='ocrx_word' id='word_1_257' title='bbox 799 4323 951 4378; x_wconf 87' lang='lat' dir='ltr'><strong><em>modo</em></strong></span> <span class='ocrx_word' id='word_1_258' title='bbox 995 4322 1226 4375; x_wconf 87' lang='lat' dir='ltr'><strong><em>dubitari</em></strong></span> <span class='ocrx_word' id='word_1_259' title='bbox 1251 4333 1436 4390; x_wconf 87' lang='lat' dir='ltr'><strong><em>potest.</em></strong></span> <span class='ocrx_word' id='word_1_260' title='bbox 1474 4312 1715 4391; x_wconf 79' lang='lat' dir='ltr'><strong><em>Profecto</em></strong></span> <span class='ocrx_word' id='word_1_261' title='bbox 1744 4337 1953 4381; x_wconf 88' lang='lat' dir='ltr'><strong><em>sanctus</em></strong></span> <span class='ocrx_word' id='word_1_262' title='bbox 1981 4327 2325 4400; x_wconf 80' lang='lat' dir='ltr'><strong><em>Hieronymus</em></strong></span> <span class='ocrx_word' id='word_1_263' title='bbox 2353 4330 2588 4397; x_wconf 80' lang='lat' dir='ltr'><strong><em>afﬁrmat</em></strong></span> <span class='ocrx_word' id='word_1_264' title='bbox 2617 4332 2671 4382; x_wconf 91' lang='lat' dir='ltr'><strong><em>in</em></strong></span> <span class='ocrx_word' id='word_1_265' title='bbox 2712 4332 3044 4400; x_wconf 63' lang='lat' dir='ltr'><strong><em>praefatione,</em></strong></span> <span class='ocrx_word' id='word_1_266' title='bbox 3078 4347 3132 4384; x_wconf 91' lang='lat' dir='ltr'><strong><em>se</em></strong></span> <span class='ocrx_word' id='word_1_267' title='bbox 3162 4340 3279 4385; x_wconf 84' lang='lat' dir='ltr'><strong><em>ante</em></strong></span> <span class='ocrx_word' id='word_1_268' title='bbox 3323 4331 3556 4400; x_wconf 79' lang='lat' dir='ltr'><strong><em>Trojano</em></strong></span> <span class='ocrx_word' id='word_1_269' title='bbox 3591 4339 3809 4396; x_wconf 84' lang='lat' dir='ltr'><strong><em>tempora</em></strong></span> <span class='ocrx_word' id='word_1_270' title='bbox 3841 4330 3983 4384; x_wconf 70' lang='lat' dir='ltr'><strong><em>nihil</em></strong></span> 
     </span>
    </p>
   </div>
   <div class='ocr_carea' id='block_1_25' title="bbox 798 4400 3980 4492">
    <p class='ocr_par' dir='ltr' id='par_1_25' title="bbox 798 4400 3980 4492">
     <span class='ocr_line' id='line_1_25' title="bbox 798 4400 3980 4492; baseline 0.002 -25"><span class='ocrx_word' id='word_1_271' title='bbox 798 4427 1011 4479; x_wconf 85' lang='lat' dir='ltr'><strong><em>prorsus</em></strong></span> <span class='ocrx_word' id='word_1_272' title='bbox 1038 4414 1258 4466; x_wconf 84' lang='lat' dir='ltr'><strong><em>Eusebio</em></strong></span> <span class='ocrx_word' id='word_1_273' title='bbox 1284 4414 1549 4467; x_wconf 87' lang='lat' dir='ltr'><strong><em>addidisse</em></strong></span> <span class='ocrx_word' id='word_1_274' title='bbox 1577 4432 1593 4468; x_wconf 92' lang='lat'><em>:</em></span> <span class='ocrx_word' id='word_1_275' title='bbox 1617 4426 1663 4468; x_wconf 87' lang='lat' dir='ltr'><strong><em>et</em></strong></span> <span class='ocrx_word' id='word_1_276' title='bbox 1689 4426 1857 4470; x_wconf 89' lang='lat' dir='ltr'><strong><em>tamen</em></strong></span> <span class='ocrx_word' id='word_1_277' title='bbox 1884 4417 2105 4471; x_wconf 89' lang='lat' dir='ltr'><strong><em>Latinus</em></strong></span> <span class='ocrx_word' id='word_1_278' title='bbox 2158 4418 2546 4475; x_wconf 85' lang='lat' dir='ltr'><strong><em>Chronicorum</em></strong></span> <span class='ocrx_word' id='word_1_279' title='bbox 2587 4400 2752 4475; x_wconf 72' lang='lat' dir='ltr'><strong><em>textus</em></strong></span> <span class='ocrx_word' id='word_1_280' title='bbox 2786 4421 3053 4490; x_wconf 78' lang='lat' dir='ltr'><strong><em>complura</em></strong></span> <span class='ocrx_word' id='word_1_281' title='bbox 3075 4423 3224 4477; x_wconf 81' lang='lat' dir='ltr'><strong><em>liabet</em></strong></span> <span class='ocrx_word' id='word_1_282' title='bbox 3248 4433 3368 4478; x_wconf 89' lang='lat' dir='ltr'><strong><em>ante</em></strong></span> <span class='ocrx_word' id='word_1_283' title='bbox 3407 4423 3580 4492; x_wconf 66' lang='lat' dir='ltr'><strong><em>Troia:</em></strong></span> <span class='ocrx_word' id='word_1_284' title='bbox 3607 4422 3980 4488; x_wconf 76' lang='lat' dir='ltr'><strong><em>captivitatem,</em></strong></span> 
     </span>
    </p>
   </div>
   <div class='ocr_carea' id='block_1_26' title="bbox 797 4504 3984 4586">
    <p class='ocr_par' dir='ltr' id='par_1_26' title="bbox 797 4504 3984 4586">
     <span class='ocr_line' id='line_1_26' title="bbox 797 4504 3984 4586; baseline 0.002 -27"><span class='ocrx_word' id='word_1_285' title='bbox 797 4522 833 4559; x_wconf 79' lang='grc' dir='ltr'><strong><em>α</em></strong></span> <span class='ocrx_word' id='word_1_286' title='bbox 858 4504 1050 4560; x_wconf 72' lang='lat' dir='ltr'><strong><em>Grarcis</em></strong></span> <span class='ocrx_word' id='word_1_287' title='bbox 1090 4523 1222 4574; x_wconf 72' lang='lat' dir='ltr'><strong><em>sa&#39;pe</em></strong></span> <span class='ocrx_word' id='word_1_288' title='bbox 1254 4506 1554 4576; x_wconf 77' lang='lat' dir='ltr'><strong><em>fragmentis</em></strong></span> <span class='ocrx_word' id='word_1_289' title='bbox 1585 4511 1920 4579; x_wconf 76' lang='lat' dir='ltr'><strong><em>conﬁrmata,</em></strong></span> <span class='ocrx_word' id='word_1_290' title='bbox 1949 4528 2063 4581; x_wconf 80' lang='lat' dir='ltr'><strong><em>qua:</em></strong></span> <span class='ocrx_word' id='word_1_291' title='bbox 2094 4511 2432 4566; x_wconf 77' lang='lat' dir='ltr'><strong><em>Armeniacus</em></strong></span> <span class='ocrx_word' id='word_1_292' title='bbox 2458 4516 2619 4569; x_wconf 75' lang='lat' dir='ltr'><strong><em>codex</em></strong></span> <span class='ocrx_word' id='word_1_293' title='bbox 2640 4515 2921 4570; x_wconf 88' lang='lat' dir='ltr'><strong><em>desiderat.</em></strong></span> <span class='ocrx_word' id='word_1_294' title='bbox 2953 4514 3081 4570; x_wconf 87' lang='lat' dir='ltr'><strong><em>Post</em></strong></span> <span class='ocrx_word' id='word_1_295' title='bbox 3118 4516 3330 4586; x_wconf 86' lang='lat' dir='ltr'><strong><em>Trajam</em></strong></span> <span class='ocrx_word' id='word_1_296' title='bbox 3359 4532 3558 4586; x_wconf 80' lang='lat' dir='ltr'><strong><em>quoque</em></strong></span> <span class='ocrx_word' id='word_1_297' title='bbox 3585 4525 3779 4583; x_wconf 87' lang='lat' dir='ltr'><strong><em>captam</em></strong></span> <span class='ocrx_word' id='word_1_298' title='bbox 3800 4517 3984 4567; x_wconf 73' lang='lat' dir='ltr'><strong><em>multa</em></strong></span> 
     </span>
    </p>
   </div>
   <div class='ocr_carea' id='block_1_27' title="bbox 798 4597 3984 4677">
    <p class='ocr_par' dir='ltr' id='par_1_27' title="bbox 798 4597 3984 4677">
     <span class='ocr_line' id='line_1_27' title="bbox 798 4597 3984 4677; baseline 0.003 -25"><span class='ocrx_word' id='word_1_299' title='bbox 798 4608 918 4652; x_wconf 78' lang='lat' dir='ltr'><strong><em>sunt</em></strong></span> <span class='ocrx_word' id='word_1_300' title='bbox 945 4597 1006 4649; x_wconf 92' lang='lat' dir='ltr'><strong><em>ab</em></strong></span> <span class='ocrx_word' id='word_1_301' title='bbox 1034 4599 1338 4650; x_wconf 84' lang='lat' dir='ltr'><strong><em>Armeniaca</em></strong></span> <span class='ocrx_word' id='word_1_302' title='bbox 1369 4601 1640 4665; x_wconf 81' lang='lat' dir='ltr'><strong><em>interprete</em></strong></span> <span class='ocrx_word' id='word_1_303' title='bbox 1664 4605 2044 4666; x_wconf 81' lang='lat' dir='ltr'><strong><em>prcctermissa,</em></strong></span> <span class='ocrx_word' id='word_1_304' title='bbox 2071 4619 2185 4671; x_wconf 69' lang='lat' dir='ltr'><strong><em>quia</em></strong></span> <span class='ocrx_word' id='word_1_305' title='bbox 2210 4603 2553 4675; x_wconf 83' lang='lat' dir='ltr'><strong><em>Hieronymus</em></strong></span> <span class='ocrx_word' id='word_1_306' title='bbox 2582 4610 2796 4672; x_wconf 88' lang='lat' dir='ltr'><strong><em>retinet,</em></strong></span> <span class='ocrx_word' id='word_1_307' title='bbox 2827 4624 2915 4660; x_wconf 86' lang='lat' dir='ltr'><strong><em>nec</em></strong></span> <span class='ocrx_word' id='word_1_308' title='bbox 2949 4616 3117 4662; x_wconf 89' lang='lat' dir='ltr'><strong><em>tamen</em></strong></span> <span class='ocrx_word' id='word_1_309' title='bbox 3146 4610 3280 4664; x_wconf 88' lang='lat' dir='ltr'><strong><em>inter</em></strong></span> <span class='ocrx_word' id='word_1_310' title='bbox 3311 4608 3422 4677; x_wconf 87' lang='lat' dir='ltr'><strong><em>ejus</em></strong></span> <span class='ocrx_word' id='word_1_311' title='bbox 3458 4609 3805 4662; x_wconf 85' lang='lat' dir='ltr'><strong><em>additamenta</em></strong></span> <span class='ocrx_word' id='word_1_312' title='bbox 3854 4623 3984 4661; x_wconf 79' lang='lat' dir='ltr'><strong><em>cen-</em></strong></span> 
     </span>
    </p>
   </div>
   <div class='ocr_carea' id='block_1_28' title="bbox 798 4686 3981 4771">
    <p class='ocr_par' dir='ltr' id='par_1_28' title="bbox 798 4686 3981 4771">
     <span class='ocr_line' id='line_1_28' title="bbox 798 4686 3981 4771; baseline 0.003 -26"><span class='ocrx_word' id='word_1_313' title='bbox 798 4707 909 4746; x_wconf 89' lang='lat' dir='ltr'><strong><em>sere</em></strong></span> <span class='ocrx_word' id='word_1_314' title='bbox 948 4691 1099 4749; x_wconf 89' lang='lat' dir='ltr'><strong><em>licet,</em></strong></span> <span class='ocrx_word' id='word_1_315' title='bbox 1132 4692 1254 4757; x_wconf 84' lang='lat' dir='ltr'><strong><em>quia</em></strong></span> <span class='ocrx_word' id='word_1_316' title='bbox 1282 4707 1398 4742; x_wconf 88' lang='lat' dir='ltr'><strong><em>cum</em></strong></span> <span class='ocrx_word' id='word_1_317' title='bbox 1432 4686 1625 4744; x_wconf 73' lang='lat' dir='ltr'><strong><em>Gracis</em></strong></span> <span class='ocrx_word' id='word_1_318' title='bbox 1660 4691 1962 4759; x_wconf 80' lang='lat' dir='ltr'><strong><em>fragmentis</em></strong></span> <span class='ocrx_word' id='word_1_319' title='bbox 1996 4695 2105 4747; x_wconf 88' lang='lat' dir='ltr'><strong><em>sine</em></strong></span> <span class='ocrx_word' id='word_1_320' title='bbox 2136 4695 2291 4750; x_wconf 87' lang='lat' dir='ltr'><strong><em>dubio</em></strong></span> <span class='ocrx_word' id='word_1_321' title='bbox 2326 4697 2629 4752; x_wconf 87' lang='lat' dir='ltr'><strong><em>Eusebianis</em></strong></span> <span class='ocrx_word' id='word_1_322' title='bbox 2669 4698 2991 4751; x_wconf 83' lang='lat' dir='ltr'><strong><em>adamassim</em></strong></span> <span class='ocrx_word' id='word_1_323' title='bbox 3019 4710 3328 4769; x_wconf 88' lang='lat' dir='ltr'><strong><em>congruunt.</em></strong></span> <span class='ocrx_word' id='word_1_324' title='bbox 3361 4699 3544 4769; x_wconf 73' lang='lat' dir='ltr'><strong><em>Operae</em></strong></span> <span class='ocrx_word' id='word_1_325' title='bbox 3576 4702 3729 4771; x_wconf 87' lang='lat' dir='ltr'><strong><em>igitur</em></strong></span> <span class='ocrx_word' id='word_1_326' title='bbox 3747 4703 3981 4769; x_wconf 74' lang='lat' dir='ltr'><strong><em>pretium</em></strong></span> 
     </span>
    </p>
   </div>
   <div class='ocr_carea' id='block_1_29' title="bbox 801 4783 3983 4861">
    <p class='ocr_par' dir='ltr' id='par_1_29' title="bbox 801 4783 3983 4861">
     <span class='ocr_line' id='line_1_29' title="bbox 801 4783 3983 4861; baseline 0.003 -28"><span class='ocrx_word' id='word_1_327' title='bbox 801 4798 879 4837; x_wconf 80' lang='lat' dir='ltr'><strong><em>me</em></strong></span> <span class='ocrx_word' id='word_1_328' title='bbox 920 4784 1182 4852; x_wconf 84' lang='lat' dir='ltr'><strong><em>facturum</em></strong></span> <span class='ocrx_word' id='word_1_329' title='bbox 1224 4784 1420 4845; x_wconf 80' lang='lat' dir='ltr'><strong><em>speravi</em></strong></span> <span class='ocrx_word' id='word_1_330' title='bbox 1442 4823 1456 4845; x_wconf 88' lang='lat'><strong><em>,</em></strong></span> <span class='ocrx_word' id='word_1_331' title='bbox 1497 4784 1543 4836; x_wconf 87' lang='lat' dir='ltr'><strong><em>si</em></strong></span> <span class='ocrx_word' id='word_1_332' title='bbox 1582 4784 1872 4835; x_wconf 72' lang='lat' dir='ltr'><strong><em>universum</em></strong></span> <span class='ocrx_word' id='word_1_333' title='bbox 1908 4783 2117 4837; x_wconf 83' lang='lat' dir='ltr'><strong><em>Eusebii</em></strong></span> <span class='ocrx_word' id='word_1_334' title='bbox 2144 4787 2434 4841; x_wconf 75' lang='lat' dir='ltr'><strong><em>Chronicon</em></strong></span> <span class='ocrx_word' id='word_1_335' title='bbox 2469 4807 2597 4842; x_wconf 75' lang='lat' dir='ltr'><strong><em>nova</em></strong></span> <span class='ocrx_word' id='word_1_336' title='bbox 2632 4790 2729 4842; x_wconf 85' lang='lat' dir='ltr'><strong><em>hac</em></strong></span> <span class='ocrx_word' id='word_1_337' title='bbox 2762 4790 2983 4842; x_wconf 87' lang='lat' dir='ltr'><strong><em>editione</em></strong></span> <span class='ocrx_word' id='word_1_338' title='bbox 3024 4791 3293 4860; x_wconf 86' lang='lat' dir='ltr'><strong><em>integrius,</em></strong></span> <span class='ocrx_word' id='word_1_339' title='bbox 3322 4790 3645 4846; x_wconf 80' lang='lat' dir='ltr'><strong><em>emendatius</em></strong></span> <span class='ocrx_word' id='word_1_340' title='bbox 3677 4790 3983 4861; x_wconf 73' lang='lat' dir='ltr'><strong><em>pleniusque</em></strong></span> 
     </span>
    </p>
   </div>
   <div class='ocr_carea' id='block_1_30' title="bbox 802 4875 3984 4954">
    <p class='ocr_par' dir='ltr' id='par_1_30' title="bbox 802 4875 3984 4954">
     <span class='ocr_line' id='line_1_30' title="bbox 802 4875 3984 4954; baseline 0.002 -24"><span class='ocrx_word' id='word_1_341' title='bbox 802 4875 1021 4944; x_wconf 79' lang='lat' dir='ltr'><strong><em>facerem</em></strong></span> <span class='ocrx_word' id='word_1_342' title='bbox 1046 4894 1061 4928; x_wconf 92' lang='lat'><em>:</em></span> <span class='ocrx_word' id='word_1_343' title='bbox 1084 4878 1305 4943; x_wconf 79' lang='lat' dir='ltr'><strong><em>priorem</em></strong></span> <span class='ocrx_word' id='word_1_344' title='bbox 1335 4878 1524 4929; x_wconf 82' lang='lat' dir='ltr'><strong><em>scilicet</em></strong></span> <span class='ocrx_word' id='word_1_345' title='bbox 1561 4878 1748 4929; x_wconf 77' lang='lat' dir='ltr'><strong><em>librant</em></strong></span> <span class='ocrx_word' id='word_1_346' title='bbox 1780 4878 2000 4929; x_wconf 85' lang='lat' dir='ltr'><strong><em>duarum</em></strong></span> <span class='ocrx_word' id='word_1_347' title='bbox 2029 4879 2302 4933; x_wconf 86' lang='lat' dir='ltr'><strong><em>collatione</em></strong></span> <span class='ocrx_word' id='word_1_348' title='bbox 2330 4883 2612 4935; x_wconf 86' lang='lat' dir='ltr'><strong><em>editionum</em></strong></span> <span class='ocrx_word' id='word_1_349' title='bbox 2632 4923 2646 4945; x_wconf 86' lang='lat'><strong><em>,</em></strong></span> <span class='ocrx_word' id='word_1_350' title='bbox 2676 4886 2870 4937; x_wconf 85' lang='lat' dir='ltr'><strong><em>criticis</em></strong></span> <span class='ocrx_word' id='word_1_351' title='bbox 2914 4885 3111 4954; x_wconf 86' lang='lat' dir='ltr'><strong><em>aliquot</em></strong></span> <span class='ocrx_word' id='word_1_352' title='bbox 3154 4883 3686 4939; x_wconf 79' lang='lat' dir='ltr'><strong><em>animaduersionibus</em></strong></span> <span class='ocrx_word' id='word_1_353' title='bbox 3708 4924 3722 4948; x_wconf 94' lang='lat'><strong><em>,</em></strong></span> <span class='ocrx_word' id='word_1_354' title='bbox 3749 4884 3984 4952; x_wconf 76' lang='lat' dir='ltr'><strong><em>philolo-</em></strong></span> 
     </span>
    </p>
   </div>
   <div class='ocr_carea' id='block_1_31' title="bbox 799 4968 3983 5049">
    <p class='ocr_par' dir='ltr' id='par_1_31' title="bbox 799 4968 3983 5049">
     <span class='ocr_line' id='line_1_31' title="bbox 799 4968 3983 5049; baseline 0.003 -29"><span class='ocrx_word' id='word_1_355' title='bbox 799 4969 912 5035; x_wconf 85' lang='lat' dir='ltr'><strong><em>giea</em></strong></span> <span class='ocrx_word' id='word_1_356' title='bbox 948 4968 1119 5021; x_wconf 86' lang='lat' dir='ltr'><strong><em>studio</em></strong></span> <span class='ocrx_word' id='word_1_357' title='bbox 1158 4985 1218 5021; x_wconf 89' lang='lat' dir='ltr'><strong><em>ac</em></strong></span> <span class='ocrx_word' id='word_1_358' title='bbox 1248 4968 1518 5021; x_wconf 68' lang='lat' dir='ltr'><strong><em>sedulitate</em></strong></span> <span class='ocrx_word' id='word_1_359' title='bbox 1549 4971 1824 5036; x_wconf 70' lang='lat' dir='ltr'><strong><em>erpalirem</em></strong></span> <span class='ocrx_word' id='word_1_360' title='bbox 1857 4980 1904 5023; x_wconf 91' lang='lat' dir='ltr'><strong><em>et</em></strong></span> <span class='ocrx_word' id='word_1_361' title='bbox 1950 4972 2286 5039; x_wconf 88' lang='lat' dir='ltr'><strong><em>reformarem</em></strong></span> <span class='ocrx_word' id='word_1_362' title='bbox 2325 4989 2342 5025; x_wconf 89' lang='lat'><strong><em>:</em></strong></span> <span class='ocrx_word' id='word_1_363' title='bbox 2385 4976 2719 5041; x_wconf 87' lang='lat' dir='ltr'><strong><em>posteriorem</em></strong></span> <span class='ocrx_word' id='word_1_364' title='bbox 2766 4994 2911 5042; x_wconf 80' lang='lat' dir='ltr'><strong><em>vero,</em></strong></span> <span class='ocrx_word' id='word_1_365' title='bbox 2946 4996 3048 5033; x_wconf 87' lang='lat' dir='ltr'><strong><em>non</em></strong></span> <span class='ocrx_word' id='word_1_366' title='bbox 3084 4980 3253 5033; x_wconf 83' lang='lat' dir='ltr'><strong><em>solum</em></strong></span> <span class='ocrx_word' id='word_1_367' title='bbox 3291 4981 3656 5049; x_wconf 78' lang='lat' dir='ltr'><strong><em>prcetermissis</em></strong></span> <span class='ocrx_word' id='word_1_368' title='bbox 3694 4979 3756 5031; x_wconf 90' lang='lat' dir='ltr'><strong><em>ab</em></strong></span> <span class='ocrx_word' id='word_1_369' title='bbox 3784 4977 3983 5032; x_wconf 77' lang='lat' dir='ltr'><strong><em>Arme-</em></strong></span> 
     </span>
    </p>
   </div>
   <div class='ocr_carea' id='block_1_32' title="bbox 805 5059 3981 5146">
    <p class='ocr_par' dir='ltr' id='par_1_32' title="bbox 805 5059 3981 5146">
     <span class='ocr_line' id='line_1_32' title="bbox 805 5059 3981 5146; baseline 0.005 -33"><span class='ocrx_word' id='word_1_370' title='bbox 805 5059 954 5113; x_wconf 78' lang='lat' dir='ltr'><strong><em>niaca</em></strong></span> <span class='ocrx_word' id='word_1_371' title='bbox 1004 5062 1273 5126; x_wconf 88' lang='lat' dir='ltr'><strong><em>interprete</em></strong></span> <span class='ocrx_word' id='word_1_372' title='bbox 1319 5059 1622 5113; x_wconf 65' lang='lat' dir='ltr'><strong><em>Eusebianis</em></strong></span> <span class='ocrx_word' id='word_1_373' title='bbox 1670 5062 1970 5131; x_wconf 84' lang='lat' dir='ltr'><strong><em>fragmentis</em></strong></span> <span class='ocrx_word' id='word_1_374' title='bbox 2014 5079 2287 5131; x_wconf 81' lang='lat' dir='ltr'><strong><em>augerem,</em></strong></span> <span class='ocrx_word' id='word_1_375' title='bbox 2338 5082 2509 5118; x_wconf 80' lang='lat' dir='ltr'><strong><em>verum</em></strong></span> <span class='ocrx_word' id='word_1_376' title='bbox 2551 5070 2709 5121; x_wconf 87' lang='lat' dir='ltr'><strong><em>etiam</em></strong></span> <span class='ocrx_word' id='word_1_377' title='bbox 2752 5070 2916 5125; x_wconf 90' lang='lat' dir='ltr'><strong><em>doctis</em></strong></span> <span class='ocrx_word' id='word_1_378' title='bbox 2964 5071 3269 5142; x_wconf 80' lang='lat' dir='ltr'><strong><em>Hieronymi</em></strong></span> <span class='ocrx_word' id='word_1_379' title='bbox 3268 5073 3579 5146; x_wconf 55' lang='lat' dir='ltr'><strong><em>jabaribus</em></strong></span> <span class='ocrx_word' id='word_1_380' title='bbox 3620 5071 3981 5139; x_wconf 74' lang='lat' dir='ltr'><strong><em>cumularem;</em></strong></span> 
     </span>
    </p>
   </div>
   <div class='ocr_carea' id='block_1_33' title="bbox 803 5154 3981 5234">
    <p class='ocr_par' dir='ltr' id='par_1_33' title="bbox 803 5154 3981 5234">
     <span class='ocr_line' id='line_1_33' title="bbox 803 5154 3981 5234; baseline 0.006 -29"><span class='ocrx_word' id='word_1_381' title='bbox 803 5154 1012 5220; x_wconf 87' lang='lat' dir='ltr'><strong><em>etquod</em></strong></span> <span class='ocrx_word' id='word_1_382' title='bbox 1057 5158 1287 5222; x_wconf 83' lang='lat' dir='ltr'><strong><em>apprime</em></strong></span> <span class='ocrx_word' id='word_1_383' title='bbox 1328 5160 1608 5215; x_wconf 78' lang='lat' dir='ltr'><strong><em>intererat,</em></strong></span> <span class='ocrx_word' id='word_1_384' title='bbox 1655 5166 1726 5207; x_wconf 84' lang='lat' dir='ltr'><strong><em>tot</em></strong></span> <span class='ocrx_word' id='word_1_385' title='bbox 1771 5157 2001 5209; x_wconf 78' lang='lat' dir='ltr'><strong><em>codicum</em></strong></span> <span class='ocrx_word' id='word_1_386' title='bbox 2032 5156 2399 5211; x_wconf 83' lang='lat' dir='ltr'><strong><em>Vaticanorum</em></strong></span> <span class='ocrx_word' id='word_1_387' title='bbox 2434 5164 2629 5215; x_wconf 75' lang='lat' dir='ltr'><strong><em>auxilio</em></strong></span> <span class='ocrx_word' id='word_1_388' title='bbox 2659 5164 2821 5232; x_wconf 89' lang='lat' dir='ltr'><strong><em>fretus</em></strong></span> <span class='ocrx_word' id='word_1_389' title='bbox 2858 5184 2989 5220; x_wconf 87' lang='lat' dir='ltr'><strong><em>nova</em></strong></span> <span class='ocrx_word' id='word_1_390' title='bbox 3034 5183 3247 5234; x_wconf 86' lang='lat' dir='ltr'><strong><em>prorsus</em></strong></span> <span class='ocrx_word' id='word_1_391' title='bbox 3287 5167 3501 5222; x_wconf 82' lang='lat' dir='ltr'><strong><em>lectione</em></strong></span> <span class='ocrx_word' id='word_1_392' title='bbox 3539 5168 3800 5223; x_wconf 75' lang='lat' dir='ltr'><strong><em>donarem.</em></strong></span> <span class='ocrx_word' id='word_1_393' title='bbox 3846 5166 3981 5223; x_wconf 74' lang='lat' dir='ltr'><strong><em>Herc</em></strong></span> 
     </span>
    </p>
   </div>
   <div class='ocr_carea' id='block_1_34' title="bbox 801 5246 3981 5328">
    <p class='ocr_par' dir='ltr' id='par_1_34' title="bbox 801 5246 3981 5328">
     <span class='ocr_line' id='line_1_34' title="bbox 801 5246 3981 5328; baseline 0.005 -32"><span class='ocrx_word' id='word_1_394' title='bbox 801 5253 877 5297; x_wconf 89' lang='lat' dir='ltr'><strong><em>est</em></strong></span> <span class='ocrx_word' id='word_1_395' title='bbox 904 5246 1057 5323; x_wconf 75' lang='lat' dir='ltr'><strong><em>igitur</em></strong></span> <span class='ocrx_word' id='word_1_396' title='bbox 1096 5248 1300 5298; x_wconf 87' lang='lat' dir='ltr'><strong><em>consilii</em></strong></span> <span class='ocrx_word' id='word_1_397' title='bbox 1328 5249 1425 5298; x_wconf 83' lang='lat' dir='ltr'><strong><em>mei</em></strong></span> <span class='ocrx_word' id='word_1_398' title='bbox 1450 5262 1650 5299; x_wconf 84' lang='lat' dir='ltr'><strong><em>summa</em></strong></span> <span class='ocrx_word' id='word_1_399' title='bbox 1676 5263 1690 5296; x_wconf 94' lang='lat'><em>:</em></span> <span class='ocrx_word' id='word_1_400' title='bbox 1717 5248 1797 5297; x_wconf 84' lang='lat' dir='ltr'><strong><em>cui</em></strong></span> <span class='ocrx_word' id='word_1_401' title='bbox 1810 5247 1923 5312; x_wconf 84' lang='lat' dir='ltr'><strong><em>jam</em></strong></span> <span class='ocrx_word' id='word_1_402' title='bbox 1948 5246 2081 5298; x_wconf 81' lang='lat' dir='ltr'><strong><em>illud</em></strong></span> <span class='ocrx_word' id='word_1_403' title='bbox 2111 5246 2401 5301; x_wconf 84' lang='lat' dir='ltr'><strong><em>addendum</em></strong></span> <span class='ocrx_word' id='word_1_404' title='bbox 2425 5262 2533 5313; x_wconf 88' lang='lat' dir='ltr'><strong><em>est,</em></strong></span> <span class='ocrx_word' id='word_1_405' title='bbox 2560 5256 2694 5320; x_wconf 86' lang='lat' dir='ltr'><strong><em>quod</em></strong></span> <span class='ocrx_word' id='word_1_406' title='bbox 2730 5256 2970 5309; x_wconf 88' lang='lat' dir='ltr'><strong><em>lacunam</em></strong></span> <span class='ocrx_word' id='word_1_407' title='bbox 3003 5259 3194 5312; x_wconf 87' lang='lat' dir='ltr'><strong><em>codicis</em></strong></span> <span class='ocrx_word' id='word_1_408' title='bbox 3224 5258 3553 5323; x_wconf 79' lang='lat' dir='ltr'><strong><em>Armeniaci,</em></strong></span> <span class='ocrx_word' id='word_1_409' title='bbox 3590 5261 3722 5313; x_wconf 85' lang='lat' dir='ltr'><strong><em>inter</em></strong></span> <span class='ocrx_word' id='word_1_410' title='bbox 3744 5259 3981 5328; x_wconf 74' lang='lat' dir='ltr'><strong><em>priorem</em></strong></span> 
     </span>
    </p>
   </div>
   <div class='ocr_carea' id='block_1_35' title="bbox 806 5337 3975 5423">
    <p class='ocr_par' dir='ltr' id='par_1_35' title="bbox 806 5337 3975 5423">
     <span class='ocr_line' id='line_1_35' title="bbox 806 5337 3975 5423; baseline 0.006 -34"><span class='ocrx_word' id='word_1_411' title='bbox 806 5337 1121 5405; x_wconf 73' lang='lat' dir='ltr'><strong><em>alterumque</em></strong></span> <span class='ocrx_word' id='word_1_412' title='bbox 1153 5338 1339 5390; x_wconf 89' lang='lat' dir='ltr'><strong><em>librum</em></strong></span> <span class='ocrx_word' id='word_1_413' title='bbox 1374 5341 1686 5407; x_wconf 79' lang='lat' dir='ltr'><strong><em>intetjectam</em></strong></span> <span class='ocrx_word' id='word_1_414' title='bbox 1712 5381 1724 5402; x_wconf 92' lang='lat'><strong><em>,</em></strong></span> <span class='ocrx_word' id='word_1_415' title='bbox 1752 5339 1804 5390; x_wconf 89' lang='lat' dir='ltr'><strong><em>id</em></strong></span> <span class='ocrx_word' id='word_1_416' title='bbox 1837 5351 1909 5391; x_wconf 84' lang='lat' dir='ltr'><strong><em>est</em></strong></span> <span class='ocrx_word' id='word_1_417' title='bbox 1944 5340 2211 5392; x_wconf 86' lang='lat' dir='ltr'><strong><em>consulum</em></strong></span> <span class='ocrx_word' id='word_1_418' title='bbox 2257 5341 2652 5412; x_wconf 80' lang='lat' dir='ltr'><strong><em>Ccesarumque,</em></strong></span> <span class='ocrx_word' id='word_1_419' title='bbox 2701 5364 2817 5401; x_wconf 86' lang='lat' dir='ltr'><strong><em>cum</em></strong></span> <span class='ocrx_word' id='word_1_420' title='bbox 2868 5350 3255 5405; x_wconf 88' lang='lat' dir='ltr'><strong><em>decurrentibus</em></strong></span> <span class='ocrx_word' id='word_1_421' title='bbox 3299 5352 3714 5423; x_wconf 83' lang='lat' dir='ltr'><strong><em>olympiadibus,</em></strong></span> <span class='ocrx_word' id='word_1_422' title='bbox 3749 5353 3975 5419; x_wconf 76' lang='lat' dir='ltr'><strong><em>seriem,</em></strong></span> 
     </span>
    </p>
   </div>
   <div class='ocr_carea' id='block_1_36' title="bbox 804 5427 3980 5513">
    <p class='ocr_par' dir='ltr' id='par_1_36' title="bbox 804 5427 3980 5513">
     <span class='ocr_line' id='line_1_36' title="bbox 804 5427 3980 5513; baseline 0.004 -29"><span class='ocrx_word' id='word_1_423' title='bbox 804 5428 1037 5481; x_wconf 83' lang='lat' dir='ltr'><strong><em>invocato</em></strong></span> <span class='ocrx_word' id='word_1_424' title='bbox 1087 5427 1335 5484; x_wconf 83' lang='lat' dir='ltr'><strong><em>Chronici</em></strong></span> <span class='ocrx_word' id='word_1_425' title='bbox 1386 5434 1653 5501; x_wconf 81' lang='lat' dir='ltr'><strong><em>paschalis</em></strong></span> <span class='ocrx_word' id='word_1_426' title='bbox 1702 5434 1898 5485; x_wconf 75' lang='lat' dir='ltr'><strong><em>auxilio</em></strong></span> <span class='ocrx_word' id='word_1_427' title='bbox 1957 5434 2254 5496; x_wconf 81' lang='lat' dir='ltr'><strong><em>certissime,</em></strong></span> <span class='ocrx_word' id='word_1_428' title='bbox 2304 5442 2361 5484; x_wconf 89' lang='lat' dir='ltr'><strong><em>ut</em></strong></span> <span class='ocrx_word' id='word_1_429' title='bbox 2419 5437 2663 5502; x_wconf 77' lang='lat' dir='ltr'><strong><em>arbitror,</em></strong></span> <span class='ocrx_word' id='word_1_430' title='bbox 2715 5446 2922 5507; x_wconf 82' lang='lat' dir='ltr'><strong><em>sustuli,</em></strong></span> <span class='ocrx_word' id='word_1_431' title='bbox 2971 5452 3021 5496; x_wconf 90' lang='lat' dir='ltr'><strong><em>et</em></strong></span> <span class='ocrx_word' id='word_1_432' title='bbox 3082 5442 3289 5498; x_wconf 88' lang='lat' dir='ltr'><strong><em>Eusebii</em></strong></span> <span class='ocrx_word' id='word_1_433' title='bbox 3344 5459 3472 5513; x_wconf 88' lang='lat' dir='ltr'><strong><em>opus</em></strong></span> <span class='ocrx_word' id='word_1_434' title='bbox 3526 5443 3980 5500; x_wconf 70' lang='lat' dir='ltr'><strong><em>absolutissimum</em></strong></span> 
     </span>
    </p>
   </div>
   <div class='ocr_carea' id='block_1_37' title="bbox 803 5518 1024 5575">
    <p class='ocr_par' dir='ltr' id='par_1_37' title="bbox 803 5518 1024 5575">
     <span class='ocr_line' id='line_1_37' title="bbox 803 5518 1024 5575; baseline 0.009 -2"><span class='ocrx_word' id='word_1_435' title='bbox 803 5518 1024 5575; x_wconf 82' lang='lat' dir='ltr'><strong><em>reddidi.</em></strong></span> 
     </span>
    </p>
   </div>
   <div class='ocr_carea' id='block_1_38' title="bbox 2256 5693 2505 5715">
    <p class='ocr_par' dir='ltr' id='par_1_38' title="bbox 2256 5693 2505 5715">
     <span class='ocr_line' id='line_1_38' title="bbox 2256 5693 2505 5715; baseline -0.008 -1"><span class='ocrx_word' id='word_1_436' title='bbox 2256 5693 2505 5715; x_wconf 63' lang='grc' dir='ltr'><strong><em>..ι’-</em></strong></span> 
     </span>
    </p>
   </div>
  </div>
