4144 6318
231 475 331 531 177

1434 482 1923 539 ειιιιοΝιεοιιυιι
1959 460 2085 541 LIB.’
2127 485 2167 541 ι.

3308 482 3421 537 178,

226 595 399 662 cipem
429 609 497 651 ex
529 594 691 660 Juda,
715 595 1015 668 ducemque
1047 614 1076 654 e
1108 599 1308 655 femore
1353 601 1491 671 ejus,
1532 601 1702 657 donec
1733 604 1777 659 is
1806 613 1851 669 Α
1879 606 1998 660 dem
2030 614 2083 660 et
2110 611 2396 675 antequam
2429 602 2646 657 Darium
2681 602 3007 658 interimeret
3026 600 3134 669 jam
3156 614 3413 670 regnave-

226 686 545 739 adventaret
584 686 675 740 cui
716 698 986 741 servatum
1016 699 1121 751 est,
1164 690 1217 743 in
1261 705 1367 759 quo
1408 701 1595 761 gentes
1627 709 1776 762 spem

224 791 383 831 suam
414 778 840 833 collocaverunt.
878 800 895 832 ι
930 780 1103 850 Atque
1137 782 1249 835 haec
1277 783 1347 836 ita
1378 798 1436 837 se
1465 778 1685 839 habent.

298 867 351 921 4.
396 866 618 922 Summa
646 884 775 924 vero
808 873 1067 940 temporis
1105 888 1133 925 a
1160 871 1445 928 Salomone
1488 876 1776 944 templique

223 956 543 1023 primordiis
572 972 741 1028 usque
765 959 831 1013 ad
870 975 1070 1015 annum
1104 961 1247 1017 Darii
1277 961 1453 1019 Persa:
1480 964 1774 1021 secundum

222 1049 523 1118 templique
567 1052 1038 1116 instaurationem,
1089 1056 1215 1108 anni
1258 1063 1385 1110 sunt
1413 1071 1509 1111 nu.
1559 1055 1695 1111 Tum
1744 1070 1775 1109 a

226 1135 411 1208 Moyse
425 1155 752 1211 egressaque
781 1158 842 1198 ex
865 1142 1095 1215 [Egypto
1120 1144 1183 1198 ad
1212 1142 1554 1201 Salomonem
1572 1155 1625 1202 et
1642 1160 1774 1200 con-

224 1228 402 1284 ditura
442 1233 726 1300 templum,
755 1234 881 1287 anni
912 1242 1038 1289 sunt
1064 1250 1349 1291 ccccnxxx.
1401 1238 1446 1290 Α
1472 1239 1645 1306 primo
1676 1253 1774 1291 au-

224 1322 337 1373 tem
373 1331 510 1372 anno
537 1321 825 1375 Abrahami
857 1322 920 1376 ad
950 1323 1148 1379 exitum
1188 1325 1314 1379 anni
1339 1340 1433 1381 ον.
1463 1325 1527 1379 Et
1571 1341 1603 1379 a
1630 1326 1771 1381 dilu~

222 1407 318 1461 vio
352 1407 418 1462 ad
452 1409 681 1477 primum
724 1408 923 1467 annum
951 1414 1264 1479 Abrahami,
1311 1416 1439 1471 anni
1471 1431 1767 1473 ncccchu.

223 1496 301 1552 Et
326 1500 394 1554 ab
423 1501 631 1557 Adamo
666 1504 734 1558 ad
765 1504 1024 1560 diluvium
1057 1508 1182 1561 anni
1218 1522 1489 1565 ιιιιεοιιιι.
1533 1507 1773 1580 Denique

221 1589 299 1643 ab
331 1589 533 1648 Adamo
569 1594 637 1648 ad
682 1593 827 1651 Darii
867 1597 1091 1652 alterum
1131 1612 1329 1654 annum
1369 1600 1771 1671 secundumque

222 1680 699 1756 Hierosolymitani
728 1688 909 1758 templi
939 1690 1223 1747 aedificium
1256 1694 1606 1748 cumulantur
1639 1694 1767 1749 anni

220 1789 589 1830 ιιιιιιιοιιιι
611 1776 709 1849 (i).
734 1776 959 1849 Reliqua
992 1788 1232 1851 tempora
1258 1789 1380 1851 post
1416 1783 1640 1839 alterum
1674 1782 1770 1839 Da-

220 1864 297 1918 rii
328 1879 548 1932 annum,
569 1868 663 1939 qui
690 1867 793 1923 fuit
832 1874 1175 1943 sexagesima!
1205 1874 1408 1944 quintae
1447 1875 1768 1946 Olympiadis
1796 1888 1801 1891 ‘

1876 703 1959 748 rat
1984 696 2140 749 annis
2165 712 2239 751 vr.
2270 693 2488 748 Summa
2514 693 2775 763 temporis
2802 692 2870 746 ab
2896 692 3075 746 altero
3096 689 3241 744 Darii
3269 704 3408 743 anno

1876 781 1942 835 ad
1963 782 2253 836 Alexandri
2280 781 2510 845 obitum,
2541 784 2632 852 qui
2658 781 2714 835 in
2740 781 2969 850 primum
2997 794 3196 834 annum
3226 777 3415 833 incidit

1873 871 2195 941 Olympiadis
2247 873 2554 927 centesimas
2595 880 2801 942 quartae
2829 870 3069 935 decimze,
3122 871 3248 923 anni
3288 877 3415 924 sunt

1872 970 2074 1014 CXCVII.

1943 1053 1995 1107 6.
2035 1053 2163 1109 Post
2193 1036 2741 1115 Alexandriobitum,
2775 1050 2993 1122 Egypti
3025 1061 3077 1106 et
3106 1049 3415 1105 Alexandri-
3489 1073 3496 1081 ’

1872 1158 1955 1198 nm
1981 1143 2131 1199 urbis
2165 1143 2446 1214 imperium
2480 1150 2771 1197 tenuerunt
2809 1144 2863 1197 bi
2894 1161 2908 1195 :

1943 1238 1982 1288 Ι.
2023 1234 2340 1289 Ptolemaeus
2366 1232 2494 1303 Lagi
2525 1233 2682 1287 annis
2704 1247 2792 1286 XL.

1941 1321 2003 1378 ll.
2045 1322 2363 1378 Ptolemaeus
2387 1320 2769 1390 Philadelphus
2787 1322 2943 1377 annis
2964 1334 3171 1377 xxxvm
3194 1320 3272 1391 (6)

2010 1413 2124 1469 Sub
2172 1413 2275 1470 hoc
2321 1413 2663 1469 Hebraeorum
2703 1414 2844 1467 sacri
2884 1412 3033 1467 Libri
3069 1413 3135 1466 ad
3171 1411 3417 1468 Graecam

1870 1503 2107 1575 linguam
2133 1505 2382 1559 translati
2410 1512 2558 1571 sunt,
2584 1512 2637 1560 et
2660 1505 2714 1559 in
2752 1503 3126 1573 Alexandrinae
3153 1501 3303 1557 urbis
3336 1500 3413 1556 bi-

1869 1593 2191 1649 bliothecam
2223 1595 2442 1663 recepti.

1938 1681 2025 1737 lli.
2066 1681 2384 1739 Ptolemaeus
2418 1683 2706 1756 Evergetes
2735 1686 2891 1741 annis
2913 1700 3057 1741 XXIV.

1938 1772 2027 1829 iV.
2067 1771 2388 1829 Ptolemaeus
2410 1772 2725 1845 Philopator
2746 1776 2904 1830 annis
2924 1789 3035 1830 xxi.

1940 1861 2005 1918 V.
2046 1862 2363 1918 Ptolemaeus
2390 1860 2694 1933 Epiphanes
2724 1865 2881 1918 annis
2907 1879 3043 1917 χιιι.

218 1966 401 2009 annus
424 1956 649 2026 primus,
686 1958 922 2015 cliiciunt
952 1962 1285 2044 olympiadas
1309 1980 1547 2029 cxxxvn,
1594 1982 1766 2023 annos

1828 1954 1841 2008 ι
1940 1952 2026 2008 Vi.
2067 1954 2387 2011 Ptolemzeus
2412 1954 2741 2009 Philometor
2769 1953 2925 2009 annis
2945 1969 3130 2012 xxxiv.

216 2060 445 2102 lucrm.
486 2047 615 2114 Quae
660 2058 895 2121 tempora
925 2053 1233 2122 singillatim
1270 2056 1342 2108 ita
1384 2066 1763 2126 supputantur.

297 2132 348 2185 5.
386 2132 517 2190 Post
554 2135 752 2208 Cyrum
801 2155 979 2212 regem
1026 2143 1257 2212 primum
1298 2144 1609 2210 Persarum,
1651 2147 1768 2201 dia-

215 2222 382 2279 dema
425 2225 492 2279 ad
529 2225 845 2300 Cambysem
884 2231 1108 2300 recidit;
1165 2233 1231 2288 ab
1274 2234 1375 2290 hoc
1414 2239 1483 2290 ad
1524 2235 1763 2299 Darium,

213 2311 317 2383 qui
358 2314 515 2370 annis
547 2319 768 2373 omnino
815 2322 1055 2389 regnavit
1104 2336 1155 2375 vt
1199 2337 1361 2392 supra
1401 2340 1527 2379 xxx.
1590 2324 1764 2395 Hujus

214 2416 366 2459 anno
419 2407 587 2462 altero
649 2410 905 2479 templum
966 2411 1350 2484 Hierosolymis
1408 2415 1763 2471 instauratum

213 2503 307 2549 est
330 2496 427 2566 (2).
460 2497 671 2570 Reliqui
700 2505 827 2557 sunt
870 2501 1015 2557 Darii
1044 2521 1227 2559 xxxrv.
1266 2505 1574 2562 Teneantur
1597 2509 1763 2579 igitur

215 2584 370 2642 Darii
393 2590 518 2645 anni
545 2608 726 2651 xxxiv.
764 2592 902 2649 Tum
932 2594 1125 2652 Xerxis
1151 2601 1277 2651 anni
1310 2614 1380 2653 xx
1407 2600 1507 2670 (5),
1536 2602 1640 2656 sub
1660 2616 1767 2671 quo

218 2676 468 2735 Estheris
489 2697 579 2737 res
598 2684 912 2753 agebantur.
941 2684 1144 2742 Deinde
1164 2687 1477 2743 Artaxerxis
1504 2689 1629 2743 anni
1656 2705 1763 2743 xu.

218 2766 345 2821 Sub‘
387 2768 489 2823 hoc
531 2769 731 2827 Esdras
762 2787 1041 2828 sacrorum
1073 2776 1215 2845 apud
1255 2773 1471 2831 Judmos
1502 2777 1763 2832 librorum

215 2860 429 2930 peritus
474 2863 651 2916 scriba
685 2863 927 2925 ﬂorebat.
968 2862 1019 2921 Is
1054 2867 1215 2921 etiam
1261 2865 1431 2921 fertur
1461 2874 1690 2922 cunctas
1735 2883 1765 2921 a

212 2947 333 3003 Deo
362 2950 537 3006 dictas
578 2949 888 3023 Scripturas
922 2953 977 3007 in
1027 2962 1259 3009 mentem
1310 2955 1414 3011 sibi
1456 2970 1762 3020 revocasse,

213 3052 421 3107 easque
445 3037 647 3096 Iudaeis
672 3042 963 3100 tradidisse
998 3044 1155 3101 novis
1197 3042 1581 3100 Hebraicarum
1625 3046 1766 3103 litte-

216 3145 403 3184 rarum
432 3131 621 3187 formis
659 3150 945 3204 expressas
967 3136 1079 3207 (4):
1115 3137 1274 3208 idque
1304 3147 1429 3207 post
1476 3138 1615 3193 bella
1648 3155 1768 3210 quae

216 3222 494 3293 regionem
529 3222 677 3278 illam
702 3233 1062 3284 vastaverant.
1088 3228 1355 3284 Praeterea
1387 3237 1442 3284 et
1480 3226 1767 3287 Nehemias

216 3315 480 3385 pincerna
505 3317 951 3388 c0gnoscebatur,
986 3319 1079 3389 qui
1102 3319 1394 3374 mandante
1422 3334 1547 3390 rege
1586 3318 1642 3373 in
1671 3318 1766 3374 Ju-

216 3409 392 3464 daaam
415 3424 731 3481 progressus
758 3409 1124 3483 HieroSblyma
1151 3412 1440 3473 excitabat,
1466 3411 1765 3481 urbemque

216 3500 491 3557 mmnibus
525 3502 800 3557 ambiebat
831 3522 844 3557 :
874 3510 1098 3559 eatenus
1151 3504 1294 3559 enim
1338 3504 1470 3560 urbs
1501 3504 1557 3558 in
1590 3504 1763 3559 ruinis

216 3591 796 3665 consederat,,templo
837 3606 1082 3667 excepto,
1135 3596 1280 3667 quod
1324 3598 1428 3653 sub
1477 3595 1639 3651 Dario
1676 3611 1762 3651 re-

214 3684 449 3737 vixerat.
473 3680 605 3737 PoSt
628 3684 981 3741 Artaxerxem
1010 3687 1269 3743 dominati
1297 3697 1424 3744 sunt
1452 3688 1629 3744 Persis
1660 3688 1714 3742 hi
1748 3707 1761 3745 :

217 3772 416 3829 Darius
445 3776 602 3830 annis
631 3792 723 3830 xix
748 3776 845 3847 (5).
876 3777 1201 3838 Artaxerxes
1231 3780 1477 3836 Mnemon
1496 3780 1653 3836 annis
1674 3794 1763 3836 χι..

212 3863 403 3920 Ochus
470 3866 628 3922 annis
687 3882 833 3923 xxvr.
882 3869 1047 3924 Arses
1098 3873 1256 3925 annis
1304 3886 1372 3924 Iv.
1429 3870 1622 3926 Darius
1677 3884 1767 3924 an-

214 3957 308 4013 nis
329 3973 402 4012 vr.
432 3957 563 4015 Post
593 3959 693 4016 hos
730 3960 1033 4017 Alexander
1073 3961 1293 4017 Macedo
1333 3961 1621 4029 Persarum
1665 3963 1768 4015 im-

212 4049 425 4118 perium
444 4049 659 4116 delevit,
693 4053 1041 4123 regnavitque
1074 4054 1188 4124 ipse
1218 4056 1376 4109 annis
1400 4069 1450 4107 vr
1476 4072 1489 4121 ;
1519 4054 1613 4125 qui
1643 4052 1763 4123 qui-

286 4187 351 4259 (')
389 4189 541 4244 Κατὰ
587 4191 643 4244 δὲ
695 4192 956 4262 Ἀντίοχον
997 4194 1202 4246 τουτονὶ
1246 4193 1557 4255 Ματταθέας
1610 4192 1778 4261 Ἀσαμ

214 4259 517 4315 ἀναλαϐὼν.
544 4260 640 4315 τὴν
675 4261 933 4314 Ἰουδαίων
962 4264 1132 4315 ἀργὴν
1178 4265 1540 4315 ἀνεκτήσατο.
1572 4264 1664 4315 καὶ
1694 4263 1778 4315 im

1828 4187 1972 4242 ναίου
2005 4188 2133 4247 παῖς
2176 4187 2333 4255 ζῆλον
2384 4187 2471 4237 τὸν
2520 4187 2630 4252 una

1828 4274 1933 4311 rato
1962 4256 2053 4308 τοῦ
2099 4254 2247 4308 λαοῦ.
2277 4254 2408 4307 Μεθ’
2428 4254 2486 4306 ὃν
2518 4254 2548 4305 ὁ
2582 4256 2630 4307 υἱ

285 4260 517 4322 αλαϐὼν,
544 4260 933 4381 τὲνηίουδαίών
962 4264 1132 4335 ἀρχὴν
1178 4265 1540 4342 ἁνεκλτήσατο,
1572 4264 1664 4315 καὶ
1694 4260 1778 4332 rm

285 4331 331 4392 ις
354 4330 586 4403 hia.qu
608 4346 740 4403 αιος.
780 4331 1027 4403 Ἰωνάθης
1070 4332 1207 4403 μετὰ
1234 4350 1437 4385 τουτον.
1474 4333 1654 4402 Σίμων
1686 4348 1776 4403 του

1828 4274 1933 4311 ξατο
1962 4260 2053 4308 τοῦ
2099 4260 2247 4308 λαοῦ.
2277 4260 2408 4307 Μεθ’
2428 4260 2486 4306 ὃν
2518 4260 2548 4305 ὁ
2582 4260 2691 4319 υἱὸς
2718 4260 2877 4306 αὐτου
2912 4260 3105 4312 Ἰούδας
3131 4260 3158 4303 ὁ
3182 4260 3406 4319 επικλη-

1828 4328 1894 4382 wi.
1932 4329 1960 4379 ὁ
1996 4326 2217 4403 ἁδελφὸς
2253 4323 2417 4403 αἰετοῦ
2458 4324 2768 4403 διαδέχεται.
2794 4322 2900 4403 Εἰς
2933 4320 3115 4403 τοζιξον
3153 4322 3185 4389 ή
3231 4318 3409 4389 βίϐλος

213 4328 331 4392 θεὶς
368 4330 570 4383 Μακκα

1941 2046 1992 2100 7.
2032 2044 2205 2115 Hujus
2233 2054 2391 2101 actate
2421 2048 2661 2116 regnavit
2692 2045 2745 2098 in
2783 2044 2937 2116 Syria
2965 2043 3284 2110 Antiocht's,
3315 2058 3421 2099 con

1869 2143 2158 2208 guomento
2188 2135 2517 2207 Epiphanes,
2548 2137 2651 2194 sub
2689 2152 2799 2208 quo
2824 2151 2887 2191 ea
2922 2136 3261 2205 contigerunt
3288 2152 3408 2206 quae

1869 2230 1924 2283 in
1950 2228 2091 2282 libro
2114 2224 2190 2299 (7)
2218 2226 2645 2283 Machabatorum
2668 2236 2991 2295 narrantur;
3026 2242 3237 2298 nempe,
3266 2227 3413 2295 quod

1868 2316 2170 2376 Antiochu‘s
2200 2318 2436 2375 Iudaeam
2458 2327 2671 2391 gentem
2698 2320 2763 2374 ad
2786 2318 3199 2389 superstitiones
3232 2319 3411 2375 ethni-

1867 2428 1959 2468 cas
1996 2412 2163 2468 relabi
2202 2412 2463 2483 coegerit,
2502 2412 2865 2482 templumque
2905 2410 3165 2466 dedicatis
3212 2409 3286 2465 ibi
3331 2411 3409 2466 si-

1867 2505 1986 2575 gnis
2046 2505 2418 2569 temeraverit,
2469 2511 2581 2557 tum
2631 2511 2685 2557 et
2742 2517 2950 2557 sacram
3021 2502 3407 2571 supellectilem

1869 2597 2173 2668 olympiade
2212 2596 2507 2651 centesima
2529 2595 2974 2666 quinquagesima
3006 2594 3178 2663 prima
3203 2592 3278 2665 (8)
3324 2592 3406 2646 di-

1867 2689 2115 2760 ripuerit.
2134 2688 2455 2757 lnterjacent
2478 2695 2654 2742 autem
2680 2688 2822 2742 inter
2839 2684 3144 2742 Macedonis
3168 2684 3406 2741 Alexan-

1866 2779 1950 2833 dri
1978 2779 2183 2835 obitum
2210 2780 2551 2850 primumque
2584 2792 2785 2833 annum
2828 2776 3125 2848 Epiphanis
3152 2776 3403 2831 Antiochi

1869 2871 2076 2925 annicr.
2104 2871 2178 2939 (9)
2212 2892 2224 2925 :
2254 2881 2308 2925 et
2354 2872 2495 2925 inter
2534 2872 2761 2926 alterum
2797 2869 2940 2924 Darii
2989 2885 3191 2925 annum
3243 2874 3408 2939 atque

1866 2965 2035 3031 ipsum
2053 2962 2524 3020 Antiochumanni
2546 2977 2785 3017 cccxx.in
2815 2960 2947 3032 (10).
2978 2958 3152 3030 Hujus
3174 2963 3195 2983 "
3218 2960 3409 3018 Antio-

1866 3053 1953 3108 chi
1984 3054 2323 3123 temporibus
2351 3053 2655 3121 Matathias,
2688 3051 2991 3108 Asamonaai
3018 3050 3181 3116 filius,
3210 3050 3409 3121 patrio-

1866 3157 1987 3198 rum
2026 3156 2304 3197 sacrorum
2334 3144 2523 3203 zelum.
2556 3162 2668 3221 pra:
2703 3156 2762 3197 se
2806 3140 3004 3205 ferens,
3040 3140 3149 3194 dux
3190 3137 3409 3210 gentilis

1865 3233 2142 3291 exercitus
2163 3234 2393 3288 exstitit.
2440 3231 2577 3286 Huic
2610 3233 2875 3287 successit
2919 3230 3087 3286 Judas
3114 3229 3280 3294 filius,
3315 3244 3409 3285 co-

1870 3330 2161 3395 gnomento
2189 3320 2543 3376 Machabaaus.
2576 3320 2704 3377 Post
2729 3321 2875 3377 hunc
2904 3337 3096 3379 rursus
3122 3320 3288 3376 frater
3312 3317 3408 3375 Jo-

1869 3414 2062 3468 nathas
2089 3432 2101 3467 :
2127 3418 2249 3481 post
2294 3426 2452 3480 quem
2487 3410 2652 3466 frater
2690 3412 2814 3467 item
2852 3410 3059 3477 Simon,
3105 3414 3161 3467 in
3193 3426 3301 3487 quo
3341 3411 3410 3467 ii-

1868 3505 2096 3575 ber(H)
2133 3502 2551 3558 Machabazorum
2575 3502 2734 3556 tinem
2766 3502 2915 3566 facit,
2967 3518 3232 3559 annorum
3271 3519 3409 3575 qua-

1867 3597 2114 3667 draginta
2134 3592 2245 3665 (12)
2273 3609 2361 3647 res
2388 3593 2722 3664 complexus.
2738 3608 2927 3663 nempe
2956 3610 3130 3664 usque
3152 3594 3219 3649 ad
3238 3596 3409 3667 olym-

1866 3688 2074 3758 piadem
2132 3684 2477 3741 centesimam
2520 3686 2906 3755 sexagesimam
2957 3687 3182 3755 primam
3226 3687 3412 3756 exple-

1865 3780 1975 3827 tam
1996 3791 2008 3826 :
2032 3787 2062 3825 a
2089 3787 2195 3841 qua
2224 3770 2290 3825 ad
2318 3772 2613 3841 Augustum
2640 3770 3003 3828 Romanorum
3031 3775 3407 3843 imperatorem

1867 3862 1994 3919 anni
2019 3878 2255 3917 Lxxxvm
2287 3873 2593 3932 supersunt.

1926 3958 1979 4014 8.
2001 3959 2127 4015 Post
2139 3958 2433 4023 Simonem,
2450 3958 2675 4015 testibus
2689 3957 2941 4013 Africano
2954 3966 3007 4014 et
3024 3956 3257 4027 Josepho
3273 3956 3319 4028 (Ι
3330 3957 3407 4029 '5),

1862 4050 2166 4125 Iudaeorum
2201 4051 2439 4108 ductavit
2475 4051 2771 4105 exercitum
2800 4048 3059 4105 Jonathas
3084 4050 3215 4122 (14),
3241 4052 3331 4120 qui
3355 4058 3411 4105 et

1828 4186 1972 4242 ναίου
2005 4188 2133 4247 παῖς
2176 4184 2333 4255 ζῆλον
2384 4183 2471 4237 τὸν
2520 4184 2620 4236 ὑπὲ
2700 4183 2798 4252 τῆς
2844 4180 3069 4252 πατρίου
3118 4180 3409 4251 θρησκείας

1828 4274 1933 4311 ξατο
1962 4256 2053 4308 τοῦ
2099 4254 2247 4308 λαοῦ.
2277 4254 2408 4307 Μεθ’
2428 4254 2486 4306 ὃν
2518 4254 2548 4305 ὁ
2582 4202 2691 4314 ego;
2718 4251 2877 4306 αὑτοῦ
2911 4251 3105 4312 Ἰούδας
3131 4254 3158 4303 ὁ
3182 4249 3406 4314 ἐπικλη-

2718 4249 2877 4306 αὖτοῦ
2911 4249 3105 4312 Ἰούδας
3131 4249 3160 4303 6
3182 4249 3406 4319 ἐπικλη-
3446 4297 3465 4315 η,

214 4390 721 4474 τῶν-Μαζιεξδαξων
748 4390 1427 4474 περαιοζιὲαίπεριέχουσα
1444 4390 1630 4473 χρόνον
1660 4401 1793 4474 ἐτῶν
1824 4390 2223 4474 τεσᾳαρᾲκοντα
2257 4394 2415 4474 μέχρι
2438 4390 2756 4474 τέξους’ρξω
2784 4390 3123 4474 δζυμπξὰδοὶς.

286 4468 438 4522 Μετὰ
452 4470 507 4523 δὲ
524 4471 739 4540 Σίμωνα
765 4458 1024 4523 Ἰουδαίων
1052 4458 1282 4541 ήγεῗταίξ
1301 4458 1491 4541 καθὼῖ
1514 4470 1831 4543 Ἀφρικανὸς
1858 4468 1950 4520 καὶ
1990 4458 2287 4535 Ἰώσηππος
2318 4458 2938 4533 ἶᾶτοροῦσινριωνάθηίς,
2960 4461 3094 4531 δκαὶ
3126 4458 3403 4530 Ὑρκανὸς,

272 4589 350 4657 ’(1)
374 4587 658 4661 Syncellus
682 4605 733 4658 p.
761 4589 867 4661 181,
888 4589 927 4642 ι)
948 4591 1021 4644 ait
1045 4611 1055 4644 ;
1080 4592 1361 4661 ῨΕἰσὶνμᾴπδ
1398 4591 1567 4661 Ἀδὰμ
1591 4590 1691 4654 ἕως
1717 4570 1768 4659 ηἕ

2053 4584 2234 4639 Codex
2262 4586 2408 4638 Arm.
2447 4598 2634 4645 xxvm,
2661 4582 2753 4639 sed
2784 4580 3009 4636 inferius
3026 4596 3263 4637 .xxxvnt.
3296 4584 3323 4591 "
3356 4632 3359 4633 ν

272 4589 350 4657 ’(1)
374 4587 658 4658 Syncelius
682 4605 733 4658 p.
761 4589 855 4645 181
888 4589 927 4642 ι)
948 4591 1021 4644 ait
1045 4611 1055 4644 :
1086 4592 1233 4644 Εἰσὶν
1255 4592 1361 4643 ἀπὸ
1398 4591 1567 4661 Ἀδὰμ
1591 4590 1691 4654 ἕως
1717 4589 1763 4659 η’

214 4660 368 4721 ἔτους
397 4658 703 4729 Σολομῶνος
746 4660 886 4714 κατὰ
919 4660 1206 4723 Εὑσὲϐιον,
1243 4656 1361 4724 ὶδρό
1389 4679 1400 4691 ·
1435 4662 1513 4714 Ab
1558 4662 1758 4713 A’damo

216 4731 286 4783 ad
356 4741 594 4782 actarum
668 4730 963 4783 Salomonis
1021 4747 1213 4783 annum
1282 4730 1537 4783 Eusebius
1595 4747 1758 4783 annos

1941 4588 1993 4655 (6
2053 4586 2234 4639 Codex
2262 4586 2408 4638 Arm.
2447 4600 2462 4635 ι

1828 4670 1835 4707 ι
1935 4586 2013 4783 (ἹΞ
2052 4655 2251 4722 Nempe
2277 4656 2462 4733 primo.

1935 4728 1988 4783 (8
2052 4727 2105 4779 ln
2157 4725 2395 4780 secundo
2437 4725 2462 4775 l1

216 4731 286 4783 ad
356 4741 594 4782 actarum
668 4730 963 4786 Salomonis
1021 4747 1213 4783 annum
1282 4730 1537 4784 Eusebius
1595 4747 1758 4783 annos

216 4814 511 4870 Inuucux
555 4802 719 4870 ponit.
770 4800 1047 4870 Templum
1090 4800 1363 4854 conditura
1396 4809 1479 4853 est
1522 4816 1665 4854 anno
1708 4816 1759 4852 tv

216 4868 542 4925 Salomonis.
592 4869 732 4939 Ergo
769 4886 798 4923 a
835 4868 1218 4935 uu'uuucuxx,
1264 4871 1543 4926 subductis
1568 4886 1673 4924 Dcn
1708 4879 1761 4923 et

215 4953 292 5008 tv,
322 4947 615 5009 supersunt
638 4941 767 4993 anni
792 4955 1129 4995 ιιιιιίιιιιχιν.

288 5009 365 5080 (9.)
394 5008 606 5078 Nempe
646 5024 790 5064 anno
823 5012 994 5064 altero
1029 5011 1322 5065 instaurari
1372 5017 1629 5078 emptum,
1668 5024 1760 5063 oc-

211 5079 337 5136 tavo
362 5081 445 5134 vel
464 5084 656 5149 potius
688 5086 841 5135 sexto
868 5079 1172 5134 absolutum
1205 5088 1308 5136 est.
1640 5080 1643 5085 ’

304 5151 359 5219 57)
402 5149 459 5219 in
488 5149 693 5204 codicis
722 5157 867 5203 textu
891 5165 968 5213 ιι,
999 5157 1053 5204 at
1074 5150 1129 5203 in
1159 5150 1399 5219 margine
1431 5164 1519 5201 xx.

305 5218 360 5288 ιι)
404 5217 537 5273 Rem
576 5220 716 5273 hanc
746 5219 1150 5273 celeberrimam
1184 5217 1376 5275 rursus
1406 5219 1620 5287 attingit
1655 5218 1761 5273 Eu-

209 5290 394 5344 sebius
432 5290 483 5343 in
531 5292 772 5344 secundo
804 5289 961 5352 libro,
1002 5289 1145 5358 quod
1175 5289 1303 5344 facit
1330 5290 1490 5344 etiam
1537 5289 1591 5340 in
1624 5306 1761 5357 pra:-

207 5358 418 5412 fatione
474 5358 830 5419 Psalmorum,
865 5359 1119 5428 itemque
1170 5361 1225 5413 in
1260 5359 1644 5415 Commentario
1691 5360 1759 5412 ad

206 5429 477 5495 psalmum
498 5444 627 5483 [ιιι.
658 5431 724 5485 Et
748 5427 964 5497 quidem
991 5427 1059 5483 de
1091 5428 1258 5483 Esdra
1288 5431 1545 5483 librorum
1570 5444 1757 5482 sacro-

210 5514 331 5551 rum
368 5498 755 5562 iustauratore,
782 5500 1013 5566 itemque
1044 5498 1109 5552 de
1149 5500 1448 5553 litteraran
1483 5498 1624 5565 apud
1659 5498 1761 5553 He-

208 5566 388 5621 braeos
412 5572 725 5631 mutatione,
754 5568 953 5635 judicia
997 5576 1233 5621 veterum
1271 5569 1487 5622 Patrum
1523 5582 1619 5620 nec
1650 5584 1758 5623 non

210 5636 523 5707 Judaaorum
557 5637 838 5691 commode
866 5639 1200 5707 coacervavit
1232 5638 1506 5692 Calmetus
1548 5637 1601 5707 in
1644 5654 1761 5707 per-

212 5708 390 5761 doctis
432 5705 900 5777 dissertationibus
944 5706 1125 5762 Esdrre
1164 5709 1486 5777 prtepositis,
1521 5706 1588 5759 ad
1621 5705 1758 5776 quas

211 5783 450 5844 tectores
478 5776 806 5844 ablegamus.

278 5845 361 5915 (5)
403 5842 479 5896 Ita
514 5842 676 5899 etiam
724 5846 802 5915 in'
829 5847 1024 5902 tabulis
1068 5854 1122 5900 et
1172 5847 1225 5900 in
1268 5845 1564 5914 posteriore
1594 5845 1755 5904 libro.

202 5913 275 5970 At
301 5913 557 5985 superius
586 5930 707 5987 cap.
741 5914 806 5971 15
836 5918 1150 5974 scribuntur
1174 5913 1297 5973 anni
1330 5934 1423 5973 vn.

1935 4721 2011 4795 (8)
2052 4727 2105 4779 ln
2157 4721 2395 4780 secundo
2437 4723 2575 4795 libro
2617 4722 2871 4778 dicuntur
2911 4722 3025 4777 haec
3064 4722 3132 4777 ab
3177 4721 3406 4777 Eusebio

1862 4796 2157 4865 contigisse
2186 4794 2489 4864 olympiade
2516 4808 2664 4865 cun.

1932 4863 2033 4937 (9f
2050 4864 2181 4937 Yide
2205 4863 2556 4934 posteriorem
2587 4863 2803 4937 librum.

1958 4935 2043 5005 10)
2071 4931 2415 4995 νὶόθἰ·ιιηιιε
2442 4934 2792 5003 posteriorem
2820 4931 3035 4986 librum.

1956 5006 2043 5068 Η)
2082 5005 2301 5060 Scilicet
2322 5006 2537 5072 primus.
2616 5070 2647 5072 η
2908 5066 2909 5069 η

1932 5068 2225 5147 (i2)_Ergo
2255 5068 2506 5147 mendose
2523 5070 2784 5147 scribitur
2797 5070 2950 5147 apud
2980 5068 3285 5147 Syncelluni
3326 5076 3413 5124 tri-

1860 5140 2126 5218 ginta.'En
2153 5140 2330 5218 autem
2352 5144 2469 5218 ejus
2494 5142 2653 5218 verba
2678 5158 2731 5218 p‘.
2756 5140 2858 5218 288
3064 5142 3170 5218 ἀπο
3194 5143 3412 5218 Ματτα-

1862 5209 1973 5269 θίου
2002 5216 2092 5269 τοῦ
2130 5215 2329 5285 πατρὸς
2353 5209 2461 5285 τῶν
2498 5209 2876 5285 Μοικκιειὸςιιίῳν¹
2895 5209 3064 5285 Ἰούδα
3092 5212 3183 5285 ζα).
3202 5284 3207 5285 ν
3229 5212 3411 5285 Ἴων-ἀ-

1861 5287 1952 5338 θου
1988 5288 2080 5339 καὶ
2107 5279 2340 5355 Σὶμώνος
2369 5283 2554 5355 χρόνος
2566 5280 2717 5355 -κατὰ
2733 5279 3003 5355 -Εὑσέξιον
3034 5281 3168 5355 ἐςτῶν
3196 5284 3311 5333 ἐστι
3347 5281 3406 5331 λ’·

1862 5356 2079 5409 Summa
2104 5348 2492 5421 memoria-quo
2528 5350 2837 5421 Mattathias
2864 5348 3282 5421 ﬁlacjtabmorttiit
3314 5366 3410 5416 pu-

1864 5427 1957 5488 ter,
1987 5443 2075 5479 nec
2100 5418 2328 5490 uort'ﬁlii
2364 5418 2557 5485 Judas,
2592 5418 2850 5473 Jouathas
2880 5428 2926 5470 et
2959 5418 3137 5473 Simon
3168 5437 3271 5490 rem
3313 5436 3411 5490 ppu-

1861 5498 2051 5549 bticam
2096 5488 2551 5552 administrat-unt,
2599 5489 2723 5542 ωιηὲ
2753 5498 2874 5540 sunt
2917 5505 3023 5542 xxx
3074 5490 3142 5543 ad
3190 5488 3409 5541 Eusebii

1862 5568 2109 5619 rationes.
2147 5563 2441 5617 Dicendum
2469 5568 2585 5615 erat
2622 5558 2784 5625 igitur
2817 5558 3184 5625 quadraginta,
3215 5561 3290 5612 uti
3323 5567 3407 5613 est

1862 5637 1915 5687 in
1950 5635 2133 5689 Crzeco
2177 5641 2349 5693 textu,
2391 5638 2554 5700 utque
2591 5644 2619 5682 a
2664 5629 2960 5697 posteriore
3004 5629 3220 5684 Eusebii
3264 5630 3405 5683 libro

1861 5704 2167 5759 confirmari
2202 5704 2430 5757 videtur.

1957 5776 2039 5843 15)
2075 5774 2249 5842 Antiq.
2281 5787 2397 5843 xm.
2436 5771 2487 5823 8.

1958 5836 2044 5911 14⁷)
2086 5844 2165 5897 Ita
2212 5836 2472 5895 Ionathas
2522 5841 2574 5893 in
2607 5847 2757 5911 textu
2783 5838 3043 5911 Armenio
3084 5849 3137 5911 et
3181 5836 3401 5911 Graeco;

1862 5909 1993 5986 quin
2029 5909 2201 5971 etiam
2252 5914 2306 5967 iu
2354 5910 2692 5968 Armeniacis
2724 5909 2959 5966 Bibliisl
2999 5909 3239 5965 Machab.
3280 5923 3406 5975 xm,
