4144 6318
929 497 1064 553 VIII.
1100 498 1462 552 Aristomedes
1482 498 1639 552 annis
1670 513 1831 552 xxxv.

933 587 1020 644 IX.
1051 587 1288 657 Agemon
1315 588 1472 642 annis
1497 602 1606 641 xvi.
1748 595 1751 598 '

927 675 995 732 X.
1025 675 1330 732 Alexander
1358 676 1515 729 annis
1540 692 1664 730 xxv.

932 764 1021 821 XI.
1051 765 1291 821 II‘elestes
1322 765 1480 819 annis
1507 780 1604 822 xu.

931 857 1044 914 XII.
1079 859 1408 912 Automenes
1436 871 1578 910 anno
1605 871 1640 909 ι.

927 949 1063 1004 Exin
1091 949 1254 1002 annui
1278 947 1530 1017 praesides
1553 945 1788 1001 fuerunt.

1219 1037 1445 1093 CAPUT
1481 1038 1701 1094 XXXV.

861 1132 1374 1187 Lacedwmoniorum
1402 1148 1546 1200 rcges
1579 1149 1607 1186 e
1632 1131 1852 1186 Diodori
1889 1131 2056 1186 libris.
2139 1162 2142 1165 -

757 1226 778 1248 ⁶
812 1225 864 1277 1.
899 1222 1160 1288 Quoniam
1193 1237 1221 1275 a
1245 1221 1405 1276 rebus
1432 1220 1686 1289 Troianis
1707 1237 1880 1291 usque
1910 1222 1976 1275 ad
2005 1221 2232 1291 primam

687 1314 1042 1385 olympiadem
1077 1311 1309 1367 difﬁcilis
1348 1319 1650 1380 temporum
1686 1311 1892 1365 notatio
1953 1318 2057 1377 est,
2109 1325 2234 1380 pro-

691 1416 870 1476 pterea
892 1404 1038 1475 quod
1065 1419 1129 1460 eo
1159 1403 1443 1458 intervallo
1473 1418 1647 1472 neque
1670 1403 1894 1458 Athenis
1916 1419 2089 1472 neque
2111 1402 2232 1456 aliis

692 1498 747 1551 in
777 1497 1000 1552 urbibus
1029 1495 1195 1550 annui
1242 1494 1588 1564 magistratus
1616 1493 1871 1561 fuerunt;
1908 1494 2110 1549 idcirco
2134 1508 2233 1548 nos

691 1586 755 1640 ad
783 1601 898 1640 eam
949 1601 1062 1640 rem
1117 1593 1331 1639 utemur
1366 1581 1893 1637 Lacedaemoniorum
1922 1585 2158 1654 regibus.
2190 1580 2235 1636 A

689 1675 867 1745 Trojae
895 1676 1059 1731 exitio
1091 1674 1158 1729 ad
1179 1674 1409 1744 primam
1440 1675 1796 1746 Olympiadem
1821 1675 1958 1745 lapsi
1981 1684 2128 1738 sunt,
2156 1675 2234 1728 uti

687 1767 1040 1823 Atheniensis
1073 1767 1437 1838 Apollodorus
1469 1768 1564 1832 ait,
1597 1769 1723 1822 anni
1753 1782 1915 1821 cnvut
1948 1766 2025 1836 (I)
2054 1786 2066 1819 :
2099 1780 2235 1835 quo-

1353 379 1615 438 EUSEBII
1645 381 2117 437 CIESARIENSIS
2154 381 2304 438 OPP.
2351 383 2532 438 PARS
2569 384 2607 438 I.
2649 412 2714 422 —
2746 380 3129 438 IIISTORICA.

2257 505 2304 560 Α
2331 501 2496 564 annis
2519 501 2795 571 sexaginta
2829 519 2844 554 :
2880 505 3065 568 postea
3093 493 3355 549 Nicander
3384 493 3542 547 annis
3567 466 3798 546 duobus
3825 491 3884 545 de

3785 376 3884 430 214

2332 591 2719 662 quadraginta;
2744 589 3124 665 Theopompus
3147 586 3304 640 annis
3334 592 3536 654 septem
3559 591 3616 638 et
3641 581 3887 652 quadra-

2330 685 2496 752 ginta.
2535 682 2594 736 In
2639 667 2811 750 hujus
2836 682 2965 735 item
2997 679 3208 732 decimo
3238 690 3380 729 anno
3408 677 3578 746 prima
3611 675 3887 745 Olympias

2330 775 2679 844 Comperitur.
2725 772 2945 826 Summa
2977 769 3238 840 temporis
3263 781 3293 823 a
3321 767 3482 836 Troia
3518 775 3680 836 capta
3711 781 3888 837 usque

2332 866 2400 920 ad
2420 866 2742 923 descensum
2765 862 3174 919 IIeraclidarum
3199 861 3323 915 anni
3351 868 3478 915 sunt
3501 875 3670 915 Lxxx.

2402 955 2821 1026 Subsequuntur
2851 953 3383 1010 Lacedaemoniorum
3413 967 3588 1024 reges.

2403 1047 2442 1103 I.
2480 1048 2812 1120 Eurystheus
2839 1049 2996 1104 annis
3025 1063 3152 1103 xui.

2399 1140 2462 1194 II.
2497 1141 2629 1210 Agis
2658 1155 2800 1196 anno
2824 1157 2861 1196 ι.

2405 1229 2497 1285 III.
2528 1231 2882 1286 Echestratus
2910 1231 3066 1285 annis
3090 1245 3291 1285 xxxvu.

2400 1317 2491 1373 ιν.
2527 1319 2761 1375 Labotas
2795 1318 2951 1373 annis
2979 1333 3181 1372 xxxvii.

2406 1411 2473 1466 ν.
2500 1409 2807 1481 Durysthus
2836 1410 2994 1465 annis
3021 1425 3168 1464 χχιχ.

2407 1501 2496 1559 VI.
2527 1503 2811 1574 Agesilaus
2837 1502 2996 1556 annis
3018 1516 3158 1555 xciv.

2402 1593 2514 1649 VII.
2553 1594 2853 1650 Archelaus
2887 1593 3041 1647 annis
3065 1605 3153 1645 ιι.

2405 1685 2538 1741 VIII.
2575 1685 2824 1742 Teleclus
2853 1685 3011 1739 annis
3042 1699 3132 1738 ιιι.

2407 1779 2499 1834 IX.
2535 1781 2853 1834 Alcamenes
2887 1778 3046 1832 annis
3079 1791 3289 1840 xxxv",
3319 1773 3477 1844 cujus
3505 1773 3730 1831 decimo
3751 1785 3896 1828 anm

689 1871 808 1911 rum
831 1873 971 1911 Lxxx
1003 1865 1357 1912 numerantur
1373 1872 1545 1926 usque
1584 1858 1648 1911 ad
1678 1855 2087 1911 IIeraclidarum
2112 1855 2237 1910 des-
2266 1845 2308 1900 Β
2340 1872 2513 1941 prima
2540 1871 2806 1941 Olympias
2828 1877 2949 1922 acia
2972 1875 3075 1922 εει,

686 1965 932 2012 censum,
981 1949 1574 2020 reliqui'occupantur
1620 1963 1651 2001 a
1704 1946 2234 2002 Lacedzemoniorum

596 2097 604 2104 ,
689 2041 927 2112 regibus,
956 2039 1168 2103 Procle,
1195 2038 1498 2109 Eurystheo
1519 2039 1619 2109 (2),
1647 2039 1950 2110 horumque
1979 2040 2233 2109 posteris.

690 2129 801 2185 Nos
825 2143 954 2183 vero
982 2131 1226 2199 singulos
1257 2146 1322 2184 ex
1354 2131 1440 2186 his
1477 2129 1699 2187 familiis
1741 2148 1884 2202 reges
1907 2146 2234 2202 percensea-

693 2236 816 2276 mus
835 2235 1004 2288 usque
1030 2221 1095 2274 ad
1117 2221 1342 2290 primam
1380 2222 1760 2293 Olympiadem.

758 2312 814 2364 '2.
857 2309 1188 2382 Eurystheus
1216 2327 1440 2382 regnum
1463 2327 1692 2367 exorsus
1711 2322 1796 2369 cst
1825 2328 1966 2368 anno
1999 2323 2119 2384 post
2148 2332 2234 2370 res

690 2400 955 2472 Troianas
983 2403 1334 2473 octogesimo,
1368 2403 1650 2474 tenuitque
1676 2404 1888 2460 duobus
1919 2420 2078 2474 supra
2102 2422 2235 2476 qua-

688 2493 958 2563 draginta.
1010 2493 1140 2549 Post
1185 2511 1306 2549 eum
1353 2495 1482 2565 Agis
1523 2510 1667 2549 anno
1715 2511 1854 2562 uno;
1888 2495 2235 2552 Echestratus

690 2584 849 2638 annis
869 2583 1090 2653 triginta
1123 2592 1176 2637 et
1207 2599 1316 2636 uno
1358 2583 1434 2651 (³5)
1482 2601 1496 2636 :
1549 2598 1710 2652 quem
1763 2585 1974 2654 excepit
2004 2582 2235 2640 Labotas

689 2675 851 2731 annis
880 2683 1082 2744 septem
1118 2690 1242 2728 cum
1272 2675 1528 2744 triginta;
1563 2684 1677 2728 tum
1708 2674 2011 2746 Dorysthus
2037 2675 2112 2747 (4)
2136 2692 2237 2730 an-

687 2765 780 2820 nis
827 2765 1191 2836 undetriginta
1230 2783 1245 2819 :
1289 2765 1375 2819 his
1429 2767 1697 2822 successit
1755 2766 2037 2838 Agesilaus
2079 2770 2236 2824 annis

689 2861 925 2924 quatuor
952 2869 1076 2908 cum
1100 2853 1493 2925 quadraginta;
1523 2855 1876 2913 Archesilaus
1907 2858 2064 2912 annis
2088 2873 2239 2914 sexa-

689 2944 872 3015 ginta;
904 2942 1153 3000 Teleclus
1181 2945 1339 2998 annis
1367 2945 1753 3014 quadraginta;
1798 2944 2117 3002 Alcamenes
2143 2948 2237 3002 de-

693 3039 857 3108 nique
899 3039 1055 3092 annis
1087 3044 1210 3091 octo
1243 3052 1367 3090 cum
1396 3036 1619 3106 triginta
1646 3036 1746 3104 (5).
1775 3037 1836 3090 In
1868 3037 2032 3106 hujus
2065 3039 2237 3108 impe-

688 3127 863 3182 rantis
882 3141 1024 3180 anno
1043 3126 1254 3181 decimo
1281 3128 1450 3195 prima
1477 3127 1741 3195 olympias
1758 3129 2108 3196 comperitur,
2132 3143 2239 3198 qua

690 3220 820 3274 vicit
846 3219 1077 3273 stadium
1104 3194 1366 3275 Cormhus
1403 3219 1563 3274 Eleus
1603 3219 1699 3290 (6).
1734 3219 1813 3274 Ex
1845 3194 2011 3275 altera
2040 3194 2242 3291 pari—ter
2269 3194 2310 3252 Ο
2343 3233 2470 3282 runt

692 3309 855 3364 domo
883 3319 1265 3380 regnaverunt,
1300 3311 1519 3366 Procles
1551 3312 1726 3381 primo
1774 3313 1933 3368 annis
1971 3313 2242 3384 quinqua-

694 3400 843 3472 ginta
873 3417 981 3454 uno
1003 3402 1182 3458 minus
1216 3402 1292 3472 (ἴ)
1319 3422 1330 3456 :
1355 3411 1469 3455 tum
1502 3402 1752 3473 Prytanis
1799 3403 1875 3474 (8)
1908 3405 2066 3460 annis
2088 3408 2245 3475 quin-

694 3493 951 3561 quaginta
978 3507 1087 3546 uno
1134 3493 1313 3547 minus
1356 3511 1369 3546 :
1419 3493 1611 3547 deinde
1653 3492 1946 3549 Eunomius
1977 3494 2051 3566 (9)
2081 3497 2240 3550 annis

695 3584 934 3654 quinque
985 3598 1108 3637 cum
1153 3583 1548 3654 quadraginta:
1581 3584 1773 3641 deinde
1800 3584 2082 3640 Chariclus
2131 3584 2242 3657 (10)

778 3736 1163 3807 Ἀριστομήδης
1195 3734 1288 3807 ἔτη
1315 3734 1406 3788 λε’.

779 3805 907 3878 ’Δγή
917 3805 1028 3877 μων
1056 3805 1148 3876 ἔτή
1183 3805 1279 3870 ις’..

770 3969 908 4040 ΜεΟξ
928 3969 1308 4040 οὒς-ἐνιαύσιοι
1333 3969 1636 4040 πρυτάνεις.
1667 3964 1748 4040 Ea:
1781 3965 2042 4040 Syncello.
2071 3985 2125 4038 p.
2159 3969 2276 4040 170.

2414 1961 2634 2017 Summa
2660 1976 2924 2016 annorum
2945 1974 3173 2014 cccxxv.

2412 2053 2490 2107 Ex
2521 2055 2690 2107 altera
2717 2068 2845 2107 vero
2875 2035 3078 2106 familia
3107 2058 3484 2121 regnaverunt.

2406 2144 2446 2198 I.
2481 2143 2698 2198 Procics
2725 2144 2880 2198 annis
2912 2159 2984 2198 LI.

2407 2235 2470 2291 II.
2507 2235 2758 2306 Prytanis
2785 2236 2941 2290 annis
2975 2248 3120 2288 χιιι.

2409 2321 2496 2376 III.
2533 2322 2830 2375 Eunomius
2853 2322 3008 2374 annis
3037 2336 3160 2375 va.

2408 2408 2498 2465 IV.
2532 2411 2810 2465 Charicles
2845 2410 2956 2479 (11)
2981 2411 3137 2463 annis
3168 2423 3255 2462 ιι.

2410 2499 2476 2556 ν.
2504 2499 2772 2556 Nicander
2793 2501 2950 2555 annis
2976 2517 3202 2554 xxxviii.
3295 2551 3302 2555 .

2412 2585 2500 2645 Vl.
2526 2589 2905 2659 Theopompus
2927 2590 3084 2646 annis
3118 2603 3281 2655 vau,
3307 2587 3466 2658 cujus
3497 2587 3722 2643 decimo
3752 2599 3903 2644 anno

2341 2689 2460 2735 acta
2483 2688 2566 2735 est
2589 2681 2762 2750 prima
2793 2682 3078 2752 Olympias.

2411 2771 2634 2827 Summa
2666 2787 2930 2827 annorum
2963 2787 3114 2827 ccxc.
3374 2792 3375 2795 η

2861 2862 3086 2920 CAPUT
3124 2860 3361 2917 XXXVI.

2379 2954 2462 3008 Ea:
2500 2953 2722 3008 Diodori
2768 2955 2916 3008 libris
2952 2954 3167 3008 breviter
3209 2955 3274 3008 de
3313 2953 3630 3023 temporibus
3684 2953 3868 3008 maria

2772 3047 2989 3114 imperio
3015 3048 3293 3100 tenentium
3323 3047 3456 3118 (12).

2415 3133 2580 3190 Maris
2625 3135 2914 3205 imperium
2961 3145 3082 3204 post
3127 3135 3426 3207 Troianum
3473 3135 3681 3192 bellum
3708 3143 3903 3192 tenue-

2409 3315 2450 3374 I.
2480 3317 2519 3337 “
2543 3314 2676 3387 Lydi
2702 3325 2756 3372 et
2790 3317 3021 3372 Maeones
3055 3317 3168 3388 (15)
3189 3318 3346 3372 annis
3372 3331 3504 3372 xcu.

2415 3407 2488 3465 II.
2506 3408 2718 3480 Pelasgi
2743 3411 2899 3464 annis
2927 3425 3126 3464 Lxxxv.

2414 3496 2502 3551 Ill.
2546 3498 2783 3554 Thraces
2809 3501 2967 3555 annis
2997 3515 3177 3554 anx.

2420 3586 2511 3641 IV.
2542 3586 2737 3642 Rhodii
2774 3590 2932 3644 annis
2971 3606 3122 3644 χχιιι.

2417 3729 2759 3804 Ἁλέξανδρος
2783 3733 2874 3804 ἔτη
2910 3742 3004 3787 κε’.

2417 3802 2681 3873 Τελεστὴς
2707 3804 2798 3872 ἐτη
2827 3802 2910 3856 ιϐ’.

2415 3873 2720 3944 Δὺτομενὴς
2748 3874 2864 3937 ἔτος
2890 3873 2965 3929 ἓν.

772 4039 833 4159 (⁵)
870 4037 987 4088 Τῶν
1009 4038 1063 4090 δὲ
1089 4041 1289 4108 χρόνων
1312 4037 1510 4092 τοῦτων
1531 4037 1992 4106 περιειλημμένων
2021 4041 2076 4091 έν
2104 4039 2272 4110 ταύτῃ
2295 4040 2359 4108 τῇ
2387 4041 2747 4109 πραγματείᾳ,
2774 4039 2897 4101 τοὺς
2927 4038 3024 4108 μὲν
3052 4037 3157 4108 πρὸ
3186 4038 3290 4091 τῶν
3307 4038 3563 4108 Τρωῖκῶν
3588 4040 3652 4092 οὐ
3677 4041 3914 4114 διοριζό-

803 4126 839 4159 α
869 4107 1111 4159 Βεϐαίως.
1147 4109 1231 4159 διὰ
1262 4110 1321 4159 τὸ
1357 4108 1518 4159 αηδὲν
1546 4107 1886 4159 παράπηγμα
1908 4109 2290 4159 παρειληφέναι
2317 4109 2440 4159 περὶ
2465 4109 2664 4159 τούτων
2696 4110 3090 4159 πιστευόμενον.
3110 4109 3238 4159 Ἀπὸ
3259 4109 3314 4159 δὲ
3338 4108 3444 4159 τῶν
3472 4109 3767 4159 Τοωῖκῶν-
3789 4115 3914 4159 ἀκοή

745 4107 839 4180 soci
869 4107 1111 4180 βεϐαίοις,
1147 4109 1231 4180 διὰ
1262 4110 1321 4162 τὸ
1357 4108 1523 4180 μηδὲν
1546 4107 1886 4180 παράπηχμα
1908 4107 2290 4180 παρειληφέναι
2317 4107 2442 4180 περ).
2465 4107 2664 4180 τούτων
2696 4107 3238 4180 πιστευρμενονζᾏπὸ
3259 4109 3314 4180 δε
3338 4107 3444 4180 τῷν
3472 4107 3919 4180 Τρωῖκῶνξάιιοιδ

745 4127 839 4160 τινα
869 4127 1111 4176 Ρεοαιως,
1147 4127 1231 4161 οια
1262 4127 1321 4162 το
1357 4127 1518 4178 μηοεν
1546 4127 1886 4175 παραπηγμα
1908 4127 2290 4178 παρειληφεναι
2317 4127 2440 4177 περι
2465 4127 2664 4160 τουτων
2696 4127 3090 4178 πιστευομενον.
3123 4127 3238 4160 mro
3259 4127 3314 4161 οε
3338 4127 3444 4162 των
3481 4127 3768 4180 ιρωικων,
3789 4127 3914 4167 ama

700 4127 902 4240 λῖόθως
924 4177 1295 4249 Ἀπολλοᾷώρῳ
1325 4179 1400 4249 τῷ
1444 4175 1950 4249 Ἀθηναίῳ,τίθεμεν
1978 4179 2297 4249 ὀγδοήκοντα
2329 4178 2418 4246 ἐτη
2445 4180 2577 4248 πρὸς
2611 4179 2709 4249 τὴν
2740 4178 2956 4233 κάθοδον
2979 4178 3086 4232 τῶν
3129 4177 3483 4249 Ἡρακλειδῶν
3501 4195 3514 4208 '
3545 4180 3658 4233 ἀπὸ
3696 4184 3760 4236 δὲ
3789 4186 3914 4237 ταύ-

699 4264 800 4325 της
829 4248 919 4325 ἐπὶ
941 4247 1040 4325 τὴν
1067 4245 1285 4325 πρὼτὴν
1309 4245 1629 4325 ὀλὺμπιάδρι,
1662 4245 1780 4325 δνσὶ
1820 4245 2204 4325 λείπρντατῷν
2234 4245 2552 4325 τριακοσξὼν
2594 4245 2686 4325 ira}
2726 4250 3031 4325 τριάκοντα,
3063 4245 3488 4325 σμυλλογιζόμενοι
3518 4251 3649 4314 τοὺς
3682 4254 3918 4325 χρόνους,

701 4317 808 4370 ἀπὸ
838 4315 1024 4369 τῶν’ὲν
1055 4315 1418 4386 Λακεδαίμονι
1448 4315 1888 4386 βασιλευσάντων.
1924 4315 2006 4368 Ex
2028 4317 2233 4370 Diodora

2328 4319 2700 4389 'azfationeg‘b,
2732 4315 2819 4373 sed
2852 4333 2967 4372 cum
2989 4315 3258 4374 varietate;

769 4433 1052 4506 (“)_Au60_’t
1093 4434 1142 4485 οἱ
1183 4433 1535 4506 καζΜείονες
1576 4432 2112 4503 ἐθαλασσοκράτησαν
2155 4435 2245 4506 ἔτη

695 4499 801 4571 ιιϐί.
839 4499 1112 4570 Syncellus
1143 4519 1193 4569 p.
1227 4502 1324 4554 172
1363 4499 1424 4554 C.

699 4571 1038 4697 ,θῦῐεόασγοὶ
1070 4572 1112 4641 β’
1141 4572 1677 4642 έθαλασσοκράτησαν
1722 4570 1814 4640 ἐτη
1867 4579 1968 4626 πε’.
2015 4571 2161 4628 Idem
2193 4591 2245 4644 ρ.

772 4818 848 4888 (1)
885 4818 1065 4874 Codex
1094 4819 1514 4888 Arm.,cccvm,
1543 4817 1803 4888 mendosa
1826 4815 2089 4886 scriptura
2119 4833 2246 4888 pro-

707 4887 837 4952 pter
867 4897 1112 4941 notarum
1147 4887 1569 4941 similitudinem.
1615 4887 1874 4956 Superius
1902 4897 2081 4940 tamen
2123 4887 2243 4958 Cap.

703 4958 763 5012 51
798 4959 1110 5011 scribuntur
1139 4970 1360 5016 ccccvu.

777 5026 853 5092 (2)
890 5027 964 5078 Ita
1006 5028 1197 5080 scribit
1234 5025 1500 5078 Eusebius
1542 5025 1625 5078 bis
1676 5025 1832 5077 etiam
1867 5023 1920 5076 in
1953 5025 2248 5092 posteriore

706 5097 866 5149 libro.
899 5094 1002 5148 Sed
1023 5096 1365 5165 Eurysthenes
1389 5096 1584 5165 dicitur
1602 5109 1627 5145 a
1647 5092 2015 5165 Pausania_m,
2037 5095 2085 5152 I.
2101 5095 2244 5165 apud

708 5181 865 5233 quem
910 5162 1242 5233 geminorum
1292 5164 1515 5217 fratrum
1553 5162 1759 5218 Proclis
1799 5174 1851 5218 et
1902 5162 2250 5233 Eurysthenis

708 5235 932 5288 historia
960 5235 1176 5298 legenda
1202 5242 1303 5287 est.

779 5305 855 5370 (5)
882 5303 1145 5356 Eusebius
1179 5314 1257 5354 ter
1286 5302 1511 5356 inferius
1544 5317 1748 5355 .YXXVII.

780 5374 855 5435 (4)
885 5371 1214 5428 Pausanias.
1236 5372 1510 5439 Doryssus.

781 5441 856 5507 (5)
894 5440 1152 5495 Eusebius
1174 5449 1271 5503 ter
1295 5442 1517 5494 inferius
1542 5455 1746 5492 xxxvii.

783 5509 859 5570 (ϐ)
899 5509 1159 5564 Eusebius
1181 5521 1355 5563 tamen
1385 5512 1436 5562 in
1467 5511 1762 5578 posteriore
1789 5509 1914 5564 librt
1947 5510 2012 5563 ad
2045 5525 2244 5562 annum

715 5590 880 5656 liceri.
909 5579 1135 5647 primam
1179 5579 1530 5650 Olympiadem
1559 5580 1784 5632 collocat
1819 5579 1883 5631 in
1927 5583 2066 5632 anno
2100 5579 2250 5631 Alca-

715 5660 886 5698 nICIIIS
917 5663 1118 5700 XXXVII.

661 5719 666 5725 '
787 5716 862 5777 (7)
895 5715 1156 5770 Eusebius
1186 5716 1413 5771 inferius
1435 5732 1510 5768 LI.

782 5781 860 5855 (8)
887 5783 1184 5854 Pausanias
1233 5801 1314 5853 ιιι,
1361 5787 1411 5849 7,
1445 5789 1580 5842 inter
1613 5784 1852 5841 Proclem
1891 5796 1943 5842 et
1974 5786 2246 5859 Prytanim

2421 4437 2602 4511 ᾟρξτοι
2648 4437 3189 4510 ὲθαλασσοκράτησαν
3236 4437 3445 4509 Θρᾷκες
3477 4435 3569 4508 ἔτη
3617 4438 3727 4495 οθ’.
3768 4441 3920 4496 Idem

2350 4506 2676 4648 ρ’ἑὲἐαξτοι
2706 4576 3239 4648 ἐθαλασᾳοκράτησαν
3274 4575 3480 4642 Ῥόδιοι,
3507 4576 3652 4630 κατὰ
3685 4581 3750 4634 δέ
3769 4599 3921 4644 τινας

2354 4645 2608 4714 πέμπτοι,
2637 4645 2727 4717 ἔτη
2762 4653 2865 4714 κγ’.
2897 4645 3044 4700 [dein
3073 4645 3280 4700 ibidem.

2275 4841 2323 4900 Β
2351 4819 2578 4900 ςρΗοειιι
2609 4817 2769 4900 Suum
2803 4818 3014 4873 Proclis
3047 4819 3212 4874 ﬁlium
3239 4861 3256 4887 ,
3313 4821 3545 4893 itemque
3592 4820 3698 4878 Sci
3747 4826 3926 4880 ﬁlium

2351 4887 2718 4956 Eurypontcm.

2424 4957 2496 5026 (9)
2533 4957 2829 5012 Pausanias
2864 4959 3051 5013 scribit
3082 4958 3394 5014 Eunomum.
3429 4960 3546 5015 Jam
3572 4961 3733 5016 inter
3777 4965 3928 5021 hunc

2353 5036 2406 5082 et
2454 5028 2758 5082 Charicluin
2812 5026 3108 5083 Pausanias
3138 5044 3220 5096 ιιι,
3253 5030 3304 5097 7,
3344 5031 3531 5086 statuit
3583 5031 3928 5103 Polydecten

2350 5112 2550 5166 regem.

2425 5165 2534 5236 (10)
2565 5166 2861 5222 Pausanias
2892 5167 3077 5221 scribit
3101 5165 3412 5223 Charinum.

2423 5236 2538 5372 (11)
2570 5235 2644 5290 Ita
2671 5238 2757 5289 hic
2790 5237 2956 5290 codex
2989 5238 3134 5290 Arm.
3163 5239 3228 5290 At
3258 5239 3507 5308 superius
3529 5236 3857 5298 Chariclus.

2450 5306 2532 5372 η)
2569 5308 2639 5359 De
2665 5308 2751 5368 iis,
2775 5308 2862 5372 qui
2889 5309 3049 5360 maris
3071 5308 3348 5372 imperium
3371 5309 3763 5372 obtinuerunt.
3789 5331 3857 5372 on

2450 5306 2532 5376 η)
2553 5308 2639 5384 _l)e
2665 5308 2751 5368 iis,
2775 5308 2862 5384 qui
2889 5309 3049 5384 maris
3071 5306 3348 5384 imperium
3371 5309 3763 5384 obtinuerunt,
3789 5331 3937 5384 opus

2355 5378 2751 5444 conscripserat
2779 5378 2940 5430 etiam
2984 5376 3175 5432 Castor
3199 5379 3496 5434 historicus
3539 5387 3694 5437 teste
3753 5376 3936 5438 Su'ida

2353 5460 2471 5498 voc.
2504 5447 2754 5513 Κάστωρ.
3601 5498 3604 5499 ,

2423 5516 2533 5581 (15)
2568 5515 2854 5583 Distinguit
2901 5515 3068 5569 codex
3113 5515 3260 5588 Arm.
3286 5515 3523 5588 Lydosia
3559 5519 3892 5577 Maronihus
3921 5542 3934 5587 ;

2353 5582 2568 5660 Graecus
2598 5582 2776 5639 textus
2809 5602 2973 5638 unum
3006 5582 3447 5660 populum‘di'cit.
3475 5586 3798 5660 Utramque
3817 5582 3937 5647 seu;

2349 5656 2571 5778 regulam
2594 5664 2807 5779 ιυεηιρι
2829 5665 3073 5712 auctores
3101 5659 3241 5727 apud
3263 5655 3555 5714 Cellarium
3583 5655 3797 5732 Geo'gr.
3836 5675 3930 5718 nes.

2374 5741 2388 5777 ι
2433 5766 2447 5779 .
2480 5740 2562 5779 ιιι.
2585 5739 2704 5779 can.
2773 5764 2788 5779 .

2374 5739 2447 5779 II).
2480 5740 2562 5788 ιιι,
2585 5739 2704 5794 cap.
2734 5739 2788 5779 4.
