4144 6318
756 413 864 473 255

1279 519 1506 588 QAPUT
1544 519 1780 574 XXXIX.

1251 611 1620 666 Thessalorum
1668 627 1829 680 reges.

831 707 882 760 1.
917 703 1164 760 Thessali
1189 710 1242 758 et
1271 703 1506 774 Epirotae
1541 702 1634 758 diu
1670 709 1968 772 paruerunt
1997 701 2185 758 iisdem
2217 703 2309 772 qui

762 793 1144 850 Macedonibus
1171 793 1558 864 praesidebant;
1593 808 1622 846 a
1653 791 1910 847 Romanis
1950 801 2126 848 autem
2153 793 2312 847 liber-

759 896 925 940 tatem
971 899 1092 939 cum
1154 883 1276 954 jure
1329 883 1516 937 utendi
1557 883 1672 946 suis
1719 883 1928 950 legibus
1976 883 2152 953 adepti
2187 893 2312 939 sunt

762 987 886 1047 post
913 975 1220 1047 Philippum
1265 977 1320 1028 in
1361 973 1642 1028 Thessalia
1684 977 1848 1030 armis
1879 974 1988 1028 Titi
2041 975 2312 1030 Romano-

763 1083 884 1120 rum
918 1067 1074 1120 ducis
1117 1067 1454 1136 proﬂigatum
1491 1065 1592 1150 (1).
1628 1065 1730 1120 Sed
1759 1077 1810 1122 et
1841 1067 1942 1134 ipsi
1967 1065 2182 1120 demum
2211 1067 2312 1134 sti-

763 1158 1033 1230 pendiarii
1073 1157 1436 1212 Romanorum
1473 1158 1600 1212 facti
1627 1165 1754 1212 sunt
1774 1159 1962 1214 eadem
1991 1173 2098 1228 qua
2139 1155 2311 1214 Mace-
2341 1199 2358 1218 .

765 1247 936 1301 dones
959 1246 1148 1300 causa.

833 1337 888 1392 2.
944 1335 1158 1391 Scilicet
1207 1343 1327 1406 post
1369 1337 1578 1392 obitum
1627 1336 1918 1392 Alexandri
1973 1335 2058 1392 his
2099 1351 2315 1406 quoque

763 1425 1042 1492 Aridaeus,
1095 1427 1186 1495 qui
1231 1434 1298 1486 et.
1331 1425 1635 1497 Philippus,
1683 1426 1968 1496 imperavit
2018 1427 2176 1481 annis
2229 1443 2314 1482 se-

763 1525 928 1586 ptem.
1007 1515 1142 1572 l-luic
1202 1517 1464 1572 successit
1517 1515 1820 1572 Cassander
1871 1515 2208 1587 Epirotarum
2261 1525 2314 1572 et

770 1605 1156 1661 Thessalorum
1191 1621 1286 1660 rex
1333 1606 1494 1660 annis
1521 1607 1914 1682 novemdecim.
1947 1605 2082 1660 Tum
2117 1605 2316 1678 Philip-

768 1710 870 1762 pus
897 1694 1016 1762 ejus
1045 1693 1188 1748 ﬁlius
1213 1693 1494 1748 mensibus
1524 1693 1598 1765 (ἓ)
1628 1703 1877 1763 quatuor.
1911 1693 2112 1750 Deinde
2133 1703 2187 1749 et
2215 1696 2316 1750 hu-

763 1784 857 1852 jus
897 1782 1094 1836 fratres
1133 1782 1412 1852 Antipater
1460 1789 1515 1837 et
1563 1782 1866 1837 Alexander
1913 1782 2072 1838 annis
2103 1783 2315 1838 duobus

1465 403 1730 462 EUSEBII
1770 403 2242 460 CAESARIENSIS
2265 402 2414 460 OPP.
2452 399 2632 458 PARS
2669 399 2708 456 Ι.
2741 431 2811 441 —
2847 397 3231 456 HISTORICA.

3831 393 3920 450 250

2333 525 2378 580 Α
2406 515 2684 572 Thessalia
2733 513 2982 581 fuerunt;
3019 513 3274 582 deinceps
3303 527 3428 568 vero
3457 513 3732 584 principes
3777 527 3918 568 annui

2410 605 2677 678 suﬁragiis
2720 605 2952 676 publicis
2999 605 3102 674 legi
3151 611 3451 674 cmperunt.
3503 601 3718 658 Primus
3765 615 3918 660 autem

2408 704 2622 752 creatus
2648 704 2733 750 est
2765 693 3061 750 Pausanias
3097 693 3396 760 Echecrati,
3429 692 3710 749 Pheneos.
3745 693 3918 750 Deinde

2407 784 2668 856 Amyntas
2709 783 2967 848 Cratetis,
3009 781 3238 846 Pierius,
3299 798 3407 852 quo
3451 783 3750 854 imperante
3793 785 3920 840 Titus

2408 873 2634 929 Romam
2669 889 2922 929 reversus
2965 883 3068 930 est.
3103 873 3304 930 Deinde
3335 871 3590 930 z‘Eacides
3622 875 3796 930 Calliae
3833 891 3922 930 me.

2409 967 2790 1034 tropolitanus.
2837 965 3040 1020 Deinde
3071 964 3396 1036 Epidromus
3425 964 3804 1028 Andromachi.
3835 965 3912 1020 La-

2409 1057 2652 1120 rissaius,
2683 1059 2958 1114 mensibus
2997 1065 3152 1124 octo;
3199 1057 3406 1126 reliqua
3449 1064 3630 1112 autem
3677 1057 3790 1126 ejus
3818 1058 3920 1112 anni

2411 1159 2562 1218 parte
2617 1147 2894 1202 Eunomus
2943 1145 3220 1218 Polycleti,
3279 1145 3614 1212 Larissaius,
3677 1147 3920 1202 mensibus

2413 1247 2662 1308 quatuor.
2717 1237 2978 1292 Posthinc
3035 1237 3312 1293 Eunomus
3367 1251 3510 1292 anno
3575 1253 3700 1291 uno.
3750 1236 3921 1292 Deinde

2413 1329 2666 1384 :Eacides
2691 1328 2873 1384 Calliae
2897 1328 3336 1398 metr0politanus
3365 1327 3584 1382 iterum.
3607 1325 3800 1382 Deinde
3817 1325 3922 1380 Pra-

2411 1423 2552 1476 vilus
2573 1421 2681 1492 (11)
2709 1419 2944 1484 Phaxiae,
2977 1419 3298 1476 Scotusaeus.
3322 1417 3522 1474 Deinde
3549 1417 3815 1474 Eunomus
3837 1417 3922 1474 Po-

2413 1513 2615 1584 lycleti,
2669 1511 2987 1574 Larissaeus,
3039 1514 3256 1566 iterum.
3303 1509 3508 1566 Deinde
3547 1507 3920 1566 Androsthenes

2413 1605 2584 1668 lnlalii,
2597 1603 2890 1675 Gyrtonius
2911 1603 3041 1674 (12).
3061 1601 3257 1660 Deinde
3271 1601 3707 1675 Thrasymachus
3721 1603 3923 1658 Alexan-

2413 1694 2517 1760 dri,
2567 1693 2840 1750 Atracius.
2891 1693 3094 1750 Deinde
3147 1692 3539 1750 Laontomenes
3579 1691 3920 1754 Damothonis,

2413 1779 2690 1836 Pheraeus.
2745 1781 2948 1838 Deinde
2992 1779 3289 1836 Pausanias
3343 1780 3710 1837 Damothonis.
3753 1780 3922 1838 Deinde

772 1873 1160 1943 tnensibusque
1189 1888 1304 1928 sex.
1345 1873 1476 1950 Item
1507 1873 1811 1928 Demetrius
1839 1873 2090 1942 Antigoni
2123 1873 2196 1944 (5)
2221 1889 2316 1928 an-
2345 1867 2384 1921 Β
2413 1871 2727 1927 Theodorus
2749 1871 3058 1934 Alexandri,
3077 1873 3306 1942 Argivus
3331 1871 3463 1942 (15).
3497 1871 3695 1927 Deinde
3713 1871 3924 1926 Nicom—

771 1969 856 2021 nis
887 1983 980 2030 sex
1017 1967 1344 2036 totidemque
1374 1968 1670 2022 mensibus.
1711 1965 1903 2022 Postea
1935 1965 2175 2038 Pyrrhus
2203 1969 2314 2038 (δ’)

771 2059 930 2113 annis
959 2065 1192 2127 quatuor
1229 2057 1561 2126 totidemque
1593 2058 1890 2112 mensibus.
1933 2056 2133 2112 Deinde
2167 2057 2318 2128 Lysi-

773 2149 1005 2202 machus
1049 2147 1364 2216 Agathoclis
1392 2147 1552 2202 annis
1582 2163 1699 2202 sex.
1729 2147 1846 2203 Mox
1887 2157 1939 2204 et
1973 2147 2312 2214 Ptolemzeus.

774 2245 1129 2308 cognomento
1191 2236 1494 2300 Ceraunus,
1555 2251 1698 2292 anno
1755 2255 1865 2294 uno
1935 2241 2320 2312 mensibusque

775 2330 1058 2398 quinque:
1093 2345 1250 2398 quem
1297 2331 1506 2400 excepit
1549 2330 1812 2400 Meleager
1856 2332 2130 2388 mensibus
2185 2335 2320 2388 duo-

777 2417 913 2473 bus:
951 2426 1072 2488 post
1113 2435 1272 2490 quem
1324 2421 1609 2490 Antipater
1655 2421 1960 2492 Lysimachi
1987 2423 2063 2493 (4)
2085 2425 2320 2494 quinque

776 2518 831 2563 et
859 2509 1210 2580 quadraginta
1234 2510 1426 2566 diebus
1459 2531 1472 2565 :
1507 2521 1628 2584 post
1659 2527 1816 2582 quem
1848 2509 2140 2571 Sosthenes
2179 2531 2320 2570 anno

777 2617 914 2656 uno.
945 2601 1306 2656 Consecutum
1337 2609 1422 2656 est
1455 2603 1820 2672 interregnum
1850 2602 2062 2660 duobus
2091 2607 2248 2662 annis
2269 2617 2322 2662 et

779 2693 1058 2748 mensibus
1090 2693 1335 2746 totidem.
1379 2691 1516 2746 Exin
1559 2694 1870 2752 dominatus
1909 2703 1994 2752 est
2022 2695 2322 2768 Antigonus

780 2780 1035 2836 Demetrii
1063 2779 1222 2835 annis
1253 2780 1470 2850 triginta
1497 2791 1751 2851 quatuor,
1783 2785 2170 2856 mensibusque
2191 2788 2326 2842 duo-

773 2874 906 2944 bus.
939 2873 1098 2926 Circa
1129 2871 1228 2927 hos
1269 2887 1439 2928 annos
1459 2873 1700 2944 Pyrrhus
1743 2876 1976 2945 receptis
2011 2875 2064 2929 in
2099 2875 2327 2940 deditio-

779 2977 902 3018 nem
936 2961 1186 3032 Antigoni
1211 2964 1402 3032 copiis,
1431 2967 1724 3034 paucisque
1753 2967 1888 3019 locis
1940 2968 2164 3036 potitus,
2195 2985 2326 3040 prae»

781 3053 860 3108 lio
888 3051 1080 3106 deinde
1113 3051 1286 3106 Derdii
1310 3053 1385 3124 (5)
1421 3068 1450 3105 a
1493 3051 1762 3108 Demetrio
1801 3055 1910 3108 lilio
1949 3055 2204 3128 Antigoni
2233 3059 2328 3114 de-

781 3142 1016 3198 bellatus
1050 3150 1152 3208 est,
1201 3144 1467 3213 rebusque
1517 3155 1713 3202 exutus
1740 3145 1851 3216 (6).
1891 3145 2047 3201 Brevi
2091 3157 2328 3219 tempore

781 3241 924 3304 post,
945 3233 1209 3289 exstincto
1233 3233 1520 3304 Antigono,
1555 3237 1794 3307 regnavit
1819 3236 1938 3304 ejus
1965 3236 2108 3294 ﬁlius
2132 3239 2322 3294 Deme-

786 3324 927 3378 trius
970 3323 1128 3379 annis
1171 3323 1375 3378 decem.
1421 3323 1550 3379 Post
1594 3325 1738 3379 hunc
1785 3325 2086 3393 Antigonus
2113 3329 2328 3382 'Deme-

789 3413 880 3468 trii
925 3414 1002 3484 (7)
1044 3415 1177 3482 ejus,
1233 3415 1327 3482 qui
1375 3415 1636 3483 Cyrenem
1687 3415 1964 3484 profectus
2013 3427 2096 3472 est
2137 3419 2237 3489 (8),
2275 3427 2328 3474 et

789 3501 1120 3572 Olympiadis
1150 3501 1224 3573 (9)
1277 3503 1396 3556 ﬁliae
1429 3501 1682 3573 Polycleti
1721 3503 1988 3573 Larissmi,
2034 3509 2190 3563 annis
2233 3525 2330 3564 no-

791 3607 932 3648 vem.
963 3591 1062 3646 Hic
1093 3593 1302 3648 Achaeis
1335 3595 1607 3663 suppetias
1631 3597 1838 3652 validas
1881 3591 2062 3654 ferens
2088 3599 2331 3658 Cleome-

791 3699 912 3738 nem
969 3681 1406 3738 Lacedannonum
1450 3693 1732 3755 tyrannum
1784 3689 1969 3759 praelio
2024 3694 2328 3762 superavit,

795 3772 1198 3843 Spartanosque
1239 3775 1484 3830 libertate
1534 3776 1772 3842 donavit,
1806 3793 1869 3834 ac
1909 3781 2120 3837 divinos
2164 3797 2330 3852 prope

796 3865 1027 3920 honores
1099 3866 1240 3935 apud
1321 3867 1636 3922 Achmorum
1711 3882 1922 3941 gentem
2005 3874 2332 3942 promeritus

793 3965 877 4012 est
908 3957 1040 4028 (10).
1093 3955 1222 4012 Post
1269 3957 1411 4012 hunc
1459 3957 1736 4030 Philippus
1790 3961 2040 4017 Demetrii
2091 3967 2334 4035 regnavit

799 4047 956 4099 annis
985 4061 1118 4098 xxiii
1152 4061 1272 4099 cum
1306 4049 1582 4104 mensibus
1615 4065 1668 4104 ιι
1697 4069 1710 4105 ;
1735 4056 1844 4104 tum
1871 4053 2052 4120 prielio
2081 4053 2134 4108 in
2165 4053 2334 4110 Thes-

797 4138 934 4190 salia
962 4153 990 4191 a
1020 4137 1138 4192 Tito
1181 4139 1315 4192 duce
1343 4137 1570 4192 Romani
1602 4141 1873 4196 exercitus
1900 4144 2199 4199 debellatus
2226 4153 2328 4200 est.
2357 4185 2360 4188 ι

797 4231 844 4284 Α
873 4229 1127 4286 Romanis
1159 4241 1334 4286 autem
1366 4231 1660 4285 libertatem
1697 4239 2122 4303 potestatemque
2147 4237 2331 4290 utendi

799 4337 914 4378 suis
956 4320 1158 4390 iegibus
1203 4332 1526 4390 acceperunt
1581 4321 1822 4377 Thessali
1860 4325 2091 4396 itemque
2135 4328 2330 4397 reliqui

801 4413 968 4469 Graeci
995 4415 1086 4484 qui
1117 4414 1338 4482 vectigal
1367 4411 1612 4482 Philippo
1642 4415 1967 4482 pendebant.

2413 1956 2496 2018 tes
2521 1963 2772 2030 Phaxini,
2818 1963 3146 2018 Scotusaeus.
3183 1963 3384 2018 Deinde
3422 1962 3783 2034 Hippolochus
3819 1963 3923 2017 Ale-

2415 2055 2582 2124 xippi,
2609 2053 2926 2110 Larissaeus.
2959 2053 3160 2109 Deinde
3189 2053 3598 2110 Cleomachides
3625 2053 3806 2118 (Εηεὶ,
3839 2053 3924 2108 La-

2417 2146 2657 2200 rissmus.
2677 2143 2874 2200 Deinde
2893 2143 3552 2215 PliyrinusAristomenis,
3574 2144 3920 2216 Gomphensis.

2485 2238 2536 2290 4.
2579 2235 2654 2289 Eo
2693 2251 2832 2288 anno
2885 2233 3163 2306 Philippus
3213 2252 3304 2292 rex
3347 2235 3478 2290 obiit
3527 2237 3584 2290 in
3623 2235 3921 2296 Macedonia,

2417 2331 2680 2398 potestate
2711 2325 2763 2378 in
2797 2324 2964 2378 ﬁlium
2998 2323 3252 2378 Perseum
3282 2323 3566 2378 translata.
3601 2321 3658 2377 1s
3683 2321 3924 2377 Thessalis

2419 2411 2791 2488 imperaverat,
2825 2425 2882 2469 ut
2897 2415 3099 2469 dictum
3120 2423 3222 2478 est.
3251 2413 3406 2466 annis
3431 2413 3622 2480 viginti
3643 2411 3752 2483 (14)
3775 2411 3922 2464 tribus

2419 2523 2540 2564 cum
2589 2507 2864 2562 mensibus
2903 2520 3118 2569 novem,
3155 2501 3536 2585 Macedonibus
3581 2512 3754 2558 autem
3793 2502 3924 2555 annis

2419 2599 2639 2654 omnino
2679 2597 3033 2668 quadraginta
3079 2596 3289 2650 duobus
3338 2601 3390 2651 et
3429 2595 3704 2651 mensibus
3731 2607 3917 2649 novem.

2419 2691 2538 2746 iam
2565 2705 2695 2747 vero
2726 2705 2756 2745 a
2785 2690 3092 2746 centesimae
3126 2699 3179 2746 et
3213 2699 3420 2760 quarta:
3447 2689 3665 2746 decimae
3691 2687 3925 2762 olympia-

2423 2783 2506 2838 dis
2535 2797 2676 2836 anno
2704 2783 2898 2846 altera,
2937 2797 3046 2852 quo
3074 2789 3311 2854 tempore
3341 2781 3505 2836 rebus
3532 2781 3836 2852 prapositus
3859 2785 3926 2834 est

2423 2869 2700 2944 Philippus
2723 2873 3032 2944 (Aridwus),
3065 2887 3238 2942 usque
3269 2869 3336 2924 ad
3361 2869 3667 2943 Philippum
3705 2867 3926 2926 Demetrii

2424 2967 2770 3030 exstinctum,
2827 2966 2984 3036 cujus
3024 2965 3204 3020 obitus
3231 2964 3421 3018 incidit
3459 2964 3516 3018 in
3554 2963 3844 3018 centesimae
3881 2969 3926 3014 et

2425 3049 2882 3127 quinquagesimae
2937 3054 3256 3127 Olympiadis
3301 3070 3500 3109 annum
3559 3055 3781 3109 alterum
3822 3065 3924 3106 cum

2427 3149 2665 3218 quinque
2714 3148 3018 3214 mensibus,
3063 3145 3540 3221 conﬁanturganni
3585 3159 3758 3208 cxuv,
3800 3157 3928 3199 men-

2429 3249 2619 3303 sesque
2647 3249 2698 3286 v.

2495 3325 2547 3379 5.
2588 3323 2966 3379 Thessalorum
2997 3339 3177 3394 regum
3213 3337 3444 3377 summa.

2496 3412 2537 3468 1.
2579 3413 2841 3474 Aridmus,
2873 3413 3118 3481 idemque
3145 3409 3442 3481 Philippus,
3468 3411 3626 3466 annis
3647 3423 3740 3465 ιιι.

2497 3504 2560 3560 ll.
2599 3504 2903 3560 Cassander
2933 3505 3087 3558 annis
3116 3520 3228 3558 xix.

2499 3593 2585 3650 ill.
2625 3595 2905 3664 Philippus
2929 3595 3202 3651 mensibus
3231 3611 3304 3651 tv.

2499 3684 2588 3741 IV.
2631 3687 2909 3756 Antipater
2931 3687 3044 3760 (15)
3074 3695 3127 3742 et
3149 3686 3450 3742 Alexander
3476 3688 3634 3744 annis
3663 3703 3700 3742 ll
3721 3693 3773 3742 et
3798 3697 3926 3740 meu-

2431 3781 2582 3836 sibtts
2603 3797 2677 3834 v1.
3203 3765 3208 3770 η

2507 3869 2566 3924 V.
2611 3871 2912 3938 Demetrius
2941 3855 3174 3934 annis,“
3198 3879 3251 3926 et
3277 3871 3558 3930 mensibus
3573 3887 3650 3928 vt.

2499 3961 2589 4018 Vl.
2624 3959 2865 4032 Pyrrhus
2903 3963 3058 4016 annis
3082 3977 3140 4016 ιιι
3163 3961 3273 4032 (16)
3305 3973 3358 4017 et
3389 3961 3668 4020 mensibus
3692 3977 3761 4017 tv.

2499 4053 2612 4108 VII.
2649 4053 3003 4124 Lysimachus
3031 4055 3188 4107 annis
3207 4069 3282 4110 γι.

2505 4143 2634 4200 Vill.
2675 4143 3016 4212 Ptolemaeus,
3053 4143 3299 4216 idemque
3337 4145 3644 4212 Ceraunus,
3681 4155 3814 4200 anno
3833 4145 3930 4198 tet

2433 4235 2708 4290 mensibus
2731 4251 2786 4290 ν.
3271 4275 3278 4280 -

2503 4325 2594 4380 lX.
2633 4325 2892 4394 Meleager
2919 4321 3198 4379 mensibus
3220 4317 3286 4375 ll.

2503 4416 2568 4469 Χ.
2607 4415 2886 4485 Antipater
2911 4414 3100 4470 diebus
3131 4430 3250 4472 va.

869 4501 924 4557 5.
970 4501 1034 4554 Et
1091 4501 1263 4569 primo
1310 4501 1524 4569 quidem
1575 4515 1714 4552 anno
1768 4502 1900 4554 nulli
1953 4503 2222 4574 principes
2275 4502 2330 4555 in
2367 4525 2412 4582 ο
2505 4505 2594 4560 XI.
2637 4505 2929 4561 Sosthenes
2969 4520 3112 4560 anno
3139 4521 3176 4560 ι.

875 4677 948 4748 (1)
987 4675 1263 4746 Legendus
1297 4675 1482 4732 Livius
1505 4691 1672 4740 xxxii,
1709 4679 1772 4732 10
1813 4693 1954 4748 sqq.,
1997 4685 2109 4732 tum
2141 4693 2334 4742 χχχιιι,

806 4748 894 4809 52,
927 4763 1110 4806 xxxiv.
1137 4749 1188 4799 1.
1628 4807 1630 4812 .

877 4815 951 4882 (2)
988 4815 1168 4870 Codex
1201 4815 1348 4870 Arm.
1379 4816 1464 4868 hic
1492 4819 1663 4878 annis,
1691 4817 1780 4870 sed
1803 4815 2026 4871 inferius
2059 4815 2337 4871 mensibus.

878 4885 952 4956 (ὅ)
993 4883 1170 4956 Codex
1198 4884 1357 4956 Ar_m._
1380 4887 1660 4956 Antipatri,
1701 4887 1842 4954 quod
1873 4887 2058 4938 vitium
2091 4886 2336 4939 emenda-

721 4955 734 4968 ’
807 4952 982 5008 vimus
1011 4955 1168 5007 etiam
1203 4952 1304 5009 col.
1329 4952 1454 5018 249,
1491 4969 1548 5013 ιι.
1577 4956 1631 5013 4.

881 5023 992 5092 (δ’)
1031 5021 1284 5092 Pyrrhus.
1317 5029 1391 5073 Ita
1438 5033 1518 5078 est
1549 5031 1706 5076 etiam
1745 5024 1795 5076 in
1827 5023 2029 5078 Veneta
2069 5024 2298 5077 editione.
2327 5043 2338 5086 ;

809 5091 902 5212 sia!
924 5099 1108 5212 tamen
1145 5093 1488 5147 scribendum
1522 5097 1738 5146 omnino
1779 5101 1860 5146 est
1885 5096 2174 5148 Alexantzer
2209 5095 2344 5162 Pur-

810 5177 892 5212 τη
982 5175 1082 5212 ius.

810 5175 892 5213 τω
923 5175 1082 5213 unus.

810 5163 1082 5228 rhiﬁlitts.

769 5231 774 5234 ’
883 5231 956 5296 (τι)
1017 5228 1221 5300 Rursus
1279 5229 1488 5300 videtur
1534 5229 1816 5284 dicendum
1897 5231 2147 5300 Philippi.
2213 5230 2342 5284 Vide

812 5295 947 5367 sup.’
971 5295 1076 5348 col.
1106 5295 1228 5360 254,
1257 5313 1308 5350 η.
1339 5299 1372 5354 6

881 5368 953 5437 (75)
997 5367 1221 5437 _\’idetu_r_
1243 5369 1520 5422 dicendum
1550 5367 1725 5437 Argis.

882 5435 958 5500 (6)
997 5435 1225 5502 Legendi
1258 5447 1380 5488 sunt
1409 5435 1650 5491 Justinus
1686 5451 1807 5494 xxv,
1844 5445 1894 5488 et
1931 5435 2252 5490 Plutarchus
2291 5439 2342 5490 in

803 5502 1038 5574 Pyrrho.
1077 5505 1194 5556 Jam
1235 5505 1293 5574 si
1331 5507 1536 5561 scribas
1576 5508 1821 5574 superius
1867 5508 2040 5574 Argis,
2075 5508 2218 5562 dices
2259 5509 2345 5560 hic

805 5571 1060 5639 'rebnsque
1087 5573 1323 5624 humanis
1347 5585 1552 5629 exutus.

887 5641 960 5708 (7)
1003 5641 1268 5694 Immerito
1313 5642 1472 5709 igitur
1497 5647 1588 5696 hic
1625 5643 1922 5700 Antigonus
1953 5643 2230 5698 videbatur
2257 5645 2346 5696 Al-

815 5710 997 5777 cyonei
1047 5711 1186 5764 ﬁlius
1233 5709 1514 5764 Reineccio
1547 5713 1816 5764 Monarrh.
1869 5722 1980 5763 (ert.
2037 5728 2088 5778 p.
2137 5716 2257 5766 129.
2305 5719 2344 5765 Α

817 5778 1080 5834 Pausania
1109 5795 1198 5847 vn,
1234 5781 1282 5844 7,
1321 5779 1516 5834 dicitur
1561 5783 1874 5852 Antigonus
1908 5780 2118 5848 ἀνεψιὸς
2149 5785 2220 5853 τῷ
2261 5785 2346 5834 Φι-

2435 4682 2633 4752 λίππῳ,
2659 4683 2750 4734 καὶ
2789 4683 2978 4752 μητέρι
3010 4683 3169 4752 αὐτοῦ
3200 4684 3480 4745 συνοικῶθ,
3507 4679 3736 4751 Philippi
3758 4689 3934 4750 patru-

2439 4753 2501 4806 lis
2523 4763 2569 4804 et.
2599 4752 2830 4805 vitricus.

2509 4823 2578 4887 (8)
2621 4821 2829 4890 Yidesis
2863 4835 2979 4888 cap.
3011 4821 3098 4890 38,
3133 4837 3189 4875 η.
3223 4821 3324 4890 9L
3378 4857 3388 4890 ς

2509 4883 2580 4959 (9)
2621 4889 2869 4960 Demetrii
2909 4883 3056 4944 u'xor
3088 4883 3206 4945 erat
3233 4958 3242 4960 _
3273 4887 3499 4954 Phthia;
3523 4905 3662 4960 ergo
3699 4883 3933 4960 Olympias

2439 4955 2754 5028 concubina.
2788 4958 2968 5026 Neque
2999 4961 3117 5028 huc
3145 4958 3405 5012 trahenda
3422 4955 3662 5028 iVidell'll‘
3700 4955 3934 5028 Olympias

2441 5027 2628 5094 Pyrrhi
2675 5024 2896 5096 (τρίτοιξέ
2929 5029 3068 5098 regis
3097 5027 3222 5088 ﬁlia,
3260 5043 3380 5096 qua:
3419 5027 3676 5098 Demetrii
3712 5024 3932 5082 auxilium

2441 5097 2762 5164 imploravit,
2797 5097 3156 5152 testeJtistino
3189 5113 3375 5160 xxvnt,
3411 5097 3460 5152 1,

2513 5161 2617 5218 Fit);
2662 5165 2778 5216 llinc
2801 5167 2864 5220 de
2895 5169 2928 5217 ,1
2941 5169 3156 5236 ntignno
3185 5169 3290 5221 late
3317 5167 3608 5236 praedicant
3631 5161 3866 5234 Polybius
3887 5174 3935 5236 ῃ,

2457 5235 2531 5298 'u;
2569 5237 2746 5286 Livius
2772 5251 2860 5296 xc,
2907 5227 3606 5301 5i;'Pausanias'tI.9,vt;
3639 5227 3745 5299 ίὸξ
3779 5227 3934 5292 ιιινΤ

2445 5321 2462 5352 ι.
2481 5320 2552 5355 1:1.
2593 5307 2648 5358 L5:
2687 5303 2928 5356 Justinus
2957 5321 3142 5368 xxvut,
3167 5305 3280 5368 3,4,
3305 5315 3358 5361 et
3384 5304 3600 5360 Suidas.

2513 5375 2552 5436 ιςὶ
2579 5379 2616 5430 εξ.
2663 5374 2904 5432 inferius,
2933 5373 3178 5426 Praviles.

2513 5431 2620 5502 (i2;
2663 5443 2737 5511 ita
2767 5445 2818 5495 in
2845 5445 3080 5511 margine
3101 5444 3302 5498 codicis
3329 5443 3566 5506 Arm.;at
3589 5443 3646 5497 in
3677 5447 3810 5498 textu
3831 5431 3938 5490 60"

2445 5520 2630 5563 tonius.
2667 5509 2800 5563 Nunt
2837 5509 3152 5578 Gortynius?

2515 5581 2624 5646 (15)
2650 5580 2784 5650 Puta
2807 5597 2870 5650 ea;
2901 5581 3050 5650 Argis
3084 5579 3487 5644 amphilochicis.

2513 5651 2618 5710 (HJ
2649 5647 2800 5701 Deest
2833 5647 2920 5700 hic
2951 5647 3124 5719 viginti
3151 5651 3204 5704 in
3237 5651 3354 5704 cod.
3383 5650 3532 5704 Arm.

2516 5721 2557 5785 (1
2573 5721 2623 5790 3i)
2649 5719 2833 5790 Codex
2855 5719 3026 5779 Arm..
3059 5721 3366 5790 Antigonus.
3401 5741 3404 5744 ’

2517 5787 2624 5858 (16)
2652 5785 2906 5856 Superius
2933 5804 3002 5841 tv.
