4144 6318
823 383 930 441 239

1532 384 1795 440 EISSEBII
1835 384 2304 444 CESARIENSIS
2338 385 2486 442 OPP.
2529 386 2707 442 PARS
2742 389 2779 442 1.
2821 419 2887 430 -—
2926 387 3301 444 HlSTORlCA.

3359 303 3388 316 κ

3920 393 3995 446 260

820 500 962 554 inter
994 497 1258 552 barbaros
1293 498 1520 554 ulterius
1546 507 1855 569 provectus,
1887 502 2114 555 victoria
2154 517 2378 572 regnum
2411 510 2453 562 A
2482 513 2534 556 et
2590 506 2880 560 tricesima:
2935 514 3140 560 octava:
3185 505 3541 576 Olympiadis,
3595 512 3763 574 atque
3813 506 3877 558 ita
3921 523 3992 561 au-

819 591 1182 653 coniirmavit,
1223 606 1286 645 ex
1318 607 1488 660 caque
1530 589 1835 648 dictus'est
1863 592 2098 648 Nicanor
2123 595 2199 664 (l)
2252 596 2371 665 (seu

819 684 1042 752 victor),
1075 693 1394 753 sceptroque
1436 683 1638 752 potitus
1677 694 1760 739 est
1795 686 1953 739 annis
1986 688 2208 756 triginta
2239 687 2377 741 duo-

819 775 944 837 bus,
981 790 1141 829 orsus
1171 775 1417 828 videlicet
1451 791 1481 828 a
1516 778 1829 830 centesima:
1859 785 1914 830 et
1958 778 2181 832 decima:
2222 780 2378 848 septi-

820 882 921 920 ma:
973 867 1292 936 Olympiadis
1341 881 1484 920 anno
1528 868 1704 937 primo
1745 869 1856 936 (2),
1906 869 2269 940 desinensque
2322 872 2376 926 in

820 961 1132 1013 centesima!
1175 967 1228 1012 et
1278 958 1548 1012 vicesimae
1589 967 1793 1028 quartae
1845 975 2044 1014 annum
2097 970 2373 1031 quartum,

821 1049 928 1100 vita
962 1048 1028 1101 ad
1060 1063 1260 1101 annum
1295 1063 1466 1116 usque
1495 1051 1952 1118 septuagesimum
1980 1051 2225 1120 quintum
2251 1045 2377 1122 pro-

819 1140 1002 1202 ducta,
1042 1155 1151 1208 quo
1186 1139 1412 1192 insidias
1450 1154 1479 1190 a
1525 1138 1779 1193 familiari
1821 1138 2116 1201 Ptolemaai.
2170 1158 2374 1214 cogno-

819 1238 1002 1284 mento
1032 1229 1285 1290 Cerauni,
1314 1231 1768 1299 passus'interiit.

888 1322 940 1379 5.
985 1322 1260 1378 Successit
1293 1324 1433 1377 filius
1463 1322 1764 1378 Antiochus
1796 1339 1858 1379 ex
1891 1325 2092 1394 Apame
2133 1327 2370 1397 perside.

816 1415 906 1484 qui
943 1414 1241 1484 appellatus
1279 1423 1362 1468 est
1398 1413 1558 1468 Soter
1593 1415 1669 1483 (5)
1703 1413 1915 1484 (nempe
1957 1421 2241 1480 servator).
2277 1420 2373 1482 llic

819 1509 1126 1562 centesimae
1188 1515 1242 1562 et
1295 1509 1572 1562 vicesimae
1642 1523 1800 1562 llOﬂZB
1849 1511 2169 1582 Olympiadis
2230 1529 2374 1568 anno

816 1598 990 1667 primo
1018 1598 1172 1663 obiit,
1209 1608 1496 1668 postquam
1540 1600 1698 1653 annis
1733 1615 1858 1658 LXIV
1888 1604 2129 1670 vixerat;
2174 1622 2371 1676 regna-

815 1696 966 1741 verat
1013 1697 1191 1743 autem
1237 1690 1393 1742 annis
1442 1705 1554 1752 xix,
1602 1705 1632 1743 a
1669 1692 1975 1748 centesimae
2007 1701 2061 1748 et
2105 1695 2374 1750 vicesima:

815 1781 1016 1849 quintxe
1047 1779 1375 1850 olympiadis
1416 1783 1590 1858 primo
1623 1799 1789 1849 anno,
1838 1802 2010 1856 usque
2053 1786 2120 1839 ad
2153 1787 2370 1840 tertium

2480 594 2566 647 nis
2604 611 2690 648 xxi
2718 594 2793 664 (9)
2827 595 3135 650 dominatus
3167 603 3270 651 est.
3299 596 3359 648 Ei
3397 605 3612 651 mortuo
3637 597 3754 666 (10)
3796 601 3995 652 succedit

2480 683 2624 738 tilius
2664 682 2946 746 Seleucus,
2984 692 3342 755 cognomento
3378 682 3680 740 Ceraunus.
3711 686 3880 757 Atque
3909 687 3993 743 haec

2477 777 2693 846 quidem
2727 778 2800 829 ita
2833 791 2891 829 se
2921 775 3243 841 habuerunt.

2548 869 2601 921 8.
2646 867 3032 922 Verumtamen
3053 867 3264 921 vivente
3285 867 3461 921 adhuc
3488 868 3756 922 Callinico
3785 869 3991 933 Seleuco,

2475 957 2777 1027 Antigonus
2811 954 2924 1026 (ll)
2956 957 3135 1009 mino'r
3165 965 3295 1010 natu
3332 957 3498 1010 frater
3531 959 3731 1026 quietis
3765 960 3995 1028 sortisque

2477 1065 2588 1102 sum
2620 1050 2928 1117 impatiens,
2973 1049 3276 1118 adjutorem
3311 1034 3705 1117 favitorcmque
3735 1059 3914 1105 nactus
3932 1057 3995 1105 est

2474 1138 2861 1205 Alexandrum,
2909 1140 3002 1209 qui
3029 1125 3213 1194 urbem
3251 1139 3450 1194 Sardes
3483 1141 3724 1204 tenebat,
3757 1150 3808 1195 et
3847 1141 3997 1196 Laodi-

2476 1247 2566 1286 ces
2601 1232 2790 1287 matris
2824 1247 2935 1286 sua;
2971 1230 3136 1286 frater
3173 1239 3290 1285 erat
3313 1231 3464 1300 (12):
3496 1231 3732 1302 denique
3772 1239 3823 1287 et
3861 1230 3994 1286 Gallis

2475 1325 2827 1379 auxiliaribus
2863 1340 2996 1378 usus
3042 1331 3144 1378 est.
3187 1322 3406 1378 Duobus
3443 1325 3643 1394 prmliis
3687 1323 3932 1378 Seleucus
3954 1325 3996 1376 in

2475 1416 2640 1487 Lydia
2676 1418 2955 1471 victoriam
2997 1425 3193 1471 nactus
3238 1424 3321 1472 est
3351 1417 3484 1486 (l3),
3519 1418 3590 1470 ita
3627 1424 3809 1472 tamen
3840 1425 3892 1470 ut
3922 1431 3994 1469 ne-

2475 1525 2579 1577 que
2622 1509 2820 1564 Sardes
2853 1515 3070 1579 caperet
3112 1525 3288 1578 neque
3319 1508 3611 1578 Ephesum,
3649 1525 3812 1579 quam
3840 1508 3996 1562 urbem

2474 1601 2794 1655 Ptolemaeus
2824 1600 3074 1669 prmsidio
3109 1599 3395 1652 insidebat.
3423 1598 3627 1652 Deinde
3653 1600 3706 1651 in
3749 1596 3995 1668 Cappado-

2474 1695 2558 1747 cia
2610 1691 2872 1746 adversus
2921 1688 3325 1752 Mithridatem,
3385 1703 3527 1742 novo
3579 1689 3770 1758 praelia
3810 1695 3996 1751 coorto,

2474 1793 2586 1839 tum
2634 1785 2863 1838 militum
2908 1782 3027 1851 ejus
3063 1781 3249 1851 viginti
3299 1781 3464 1834 millia
3515 1795 3658 1835 caesa
3709 1796 3742 1835 a
3785 1779 3996 1834 barbaris

815 1872 1087 1925 vicesima:
1123 1885 1278 1924 nona:
1316 1886 1480 1940 supra
1512 1877 1884 1929 centesimam.
1925 1875 2046 1928 Nati
2082 1886 2209 1930 sunt
2252 1878 2299 1932 ei
2340 1895 2370 1934 e
2408 1859 2447 1912 Β
2477 1887 2621 1938 sunt,
2650 1885 2761 1940 tum
2799 1877 2912 1946 ipse
2943 1873 3258 1944 profligatus
3294 1873 3511 1926 evanuit
3539 1873 3671 1942 (1.4).

818 1961 1120 2018 Stratonice
1149 1962 1399 2017 Demetrii
1428 1965 1705 2020 masculus
1735 1965 2037 2021 Antiochus
2080 1974 2132 2022 et
2160 1967 2371 2025 femina:

817 2055 1123 2109 Stratonice
1173 2064 1336 2124 atque
1400 2057 1622 2127 Apame,
1673 2074 1902 2130 quantm
1961 2059 2219 2129 Apamem
2266 2061 2371 2115 Ma-

815 2163 910 2218 gas
942 2147 1014 2218 (4)
1046 2148 1197 2200 duxit
1236 2164 1480 2204 uxorem.
1524 2151 1884 2206 Stratonicem
1916 2159 2092 2206 autem
2135 2168 2229 2208 rex
2259 2153 2369 2207 Ma-

814 2242 1054 2297 cedonia:
1085 2241 1409 2297 Demetrius.

884 2333 937 2387 6.
983 2331 1245 2386 Prazdicto
1274 2335 1540 2390 Antiocho
1567 2333 1742 2391 Soteri
1780 2338 1892 2393 vita
1931 2338 2122 2395 functo
2158 2349 2373 2396 succes-

817 2426 889 2480 sit
928 2426 980 2479 in
1025 2426 1312 2495 imperium
1351 2427 1677 2493 Antiochus,
1717 2440 2074 2498 cognomento
2106 2432 2367 2502 Deus(5),

811 2534 974 2578 orsus
1013 2533 1043 2570 a
1087 2519 1394 2574 centesimae
1433 2528 1487 2575 et
1525 2521 1796 2576 vicesima:
1841 2539 1998 2578 nona:
2045 2526 2369 2597 Olympiadis

813 2618 1011 2678 quarto
1042 2624 1207 2672 anno,
1241 2611 1514 2681 vitamque
1559 2613 1719 2667 annis
1746 2613 1919 2668 adhuc
1952 2633 2018 2669 xv
2042 2616 2117 2687 (6)
2173 2633 2370 2687 prepa-

813 2717 968 2772 gans.
1006 2701 1301 2771 Implicitas
1330 2704 1384 2757 in
1409 2704 1655 2759 morbum
1685 2704 1920 2760 decessit
1951 2707 2147 2777 Ephesi
2184 2718 2368 2764 cente-

815 2797 966 2846 sima:
1003 2801 1057 2846 et
1095 2794 1382 2849 tricesima;
1413 2796 1612 2865 quinta:
1643 2797 1962 2867 Olympiadis
2003 2801 2162 2854 tertio
2198 2816 2365 2866 anno,

814 2894 1096 2956 postquam
1139 2887 1297 2943 annis
1338 2889 1562 2942 omnino
1589 2889 1946 2960 quadraginta
1992 2892 2235 2947 vixisset.
2276 2891 2367 2948 Fi-

813 2977 918 3032 lios
960 2979 1200 3048 suscepit
1248 2977 1407 3042 duos,
1453 2977 1762 3046 Seleucum,
1814 2992 2170 3052 cognomento
2210 2983 2367 3038 Calli-

811 3069 1014 3135 nicum,
1063 3080 1116 3126 et
1161 3071 1524 3141 Antigonum;
1581 3071 1827 3143 ﬁliasque
1873 3075 2009 3132 duas
2056 3093 2086 3132 e
2132 3076 2366 3134 Laodice

809 3162 988 3216 Acbari
1032 3160 1131 3231 (7),
1180 3178 1412 3230 quarum
1461 3164 1688 3217 alteram
1728 3163 2086 3234 Mithridates,
2139 3167 2361 3222 alteram

808 3248 1043 3307 Arathes
1067 3251 1142 3323 (8)
1174 3254 1448 3306 duxerunt
1479 3269 1693 3309 uxores.
2061 3306 2064 3309 .

881 3346 936 3402 7.
979 3345 1107 3400 Post
1139 3361 1260 3399 eum
1293 3346 1467 3416 major
1495 3354 1626 3400 natu
1668 3346 1946 3411 Seleucus,
1982 3357 2360 3418 cognomento,

809 3447 870 3493 ut
902 3438 1157 3502 diximus,
1192 3438 1509 3503 Callinicus,
1544 3454 1767 3508 regnum
1809 3440 1967 3495 tertio
2010 3429 2152 3494 anno
2194 3441 2365 3511 olym-

809 3530 986 3600 piadis
1033 3531 1340 3583 centesimze
1389 3535 1443 3582 et
1488 3529 1781 3584 tricesima:
1824 3531 2000 3586 tertiae
2047 3531 2364 3601 auspicatus

809 3630 914 3687 est,
952 3621 1233 3689 tenuitque
1265 3621 1329 3673 ad
1361 3620 1588 3673 alterum
1615 3635 1788 3689 usque
1817 3634 2016 3673 annum
2057 3628 2366 3676 centesrmae

879 3799 954 3868 (l)
1018 3798 1190 3868 Vulgo
1237 3797 1507 3870 δίε-αισα
1566 3798 1660 3870 sed
1715 3796 1951 3852 Nicanor
2008 3799 2170 3853 etiam
2225 3801 2363 3870 apud

810 3867 1209 3926 ChOrenensem
1239 3867 1380 3924 Hist.
1415 3886 1474 3932 ll,
1511 3871 1563 3932 1,
1592 3868 1915 3938 Graecosque
1952 3867 2261 3923 nonnullos.

884 3941 960 4009 (2)
990 3940 1102 3992 Hoc
1128 3947 1210 3992 est
1260 3941 1670 3994 celeberrimum
1695 3940 1908 3993 initium
1937 3942 2155 4007 epocliae
2187 3939 2365 3995 Seleu-

809 4011 1074 4071 cidarum,
1110 4025 1214 4078 qua
1263 4024 1422 4077 super
1467 4026 1522 4064 re
1549 4011 1807 4078 legendus
1859 4025 2088 4078 magnus
2114 4009 2362 4066 Norisius

807 4081 871 4134 de
903 4081 1104 4147 epocltis
1136 4080 1611 4148 Syromacedonum
1633 4081 1855 4133 dissert.
1881 4095 1944 4143 ιι,
1972 4081 2024 4134 1.

886 4152 968 4224 (5)
995 4148 1434 4224 Propter_Gallt)s
1454 4150 1795 4224 'debcllatos,
1824 4219 1830 4224 λ
1857 4165 2018 4219 quam
2078 4150 2362 4206 victoriam

809 4221 1004 4290 legesis
1035 4219 1174 4289 apud
1219 4219 1516 4290 Lucianu'm
1551 4221 1604 4273 in
1632 4219 1830 4273 Zeuxi.’

881 4292 956 4358 (4)
999 4290 1327 4343 Vocabulum
1365 4289 1549 4358 Magos
1588 4300 1912 4359 corruptum
1946 4297 2030 4344 est
2080 4291 2134 4343 in
2175 4291 2363 4346 codice

808 4361 959 4413 Arm.
991 4359 1096 4415 Res
1124 4367 1300 4413 tamen
1316 4365 1822 4428 perspicueconstat
1849 4377 1878 4414 e
1907 4360 2171 4413 Pausania
2195 4365 2356 4415 Attic.

808 4446 902 4484 vn.
939 4429 1062 4482 Erat
1080 4439 1255 4482 autem
1289 4429 1466 4498 Magas
1504 4429 1776 4484 Ptolemaei
1806 4429 2143 4499 Philadelphi
2169 4431 2357 4497 frater,

805 4500 1151 4579 Cyrene-sque
1190 4515 1288 4579 rex
1321 4503 1401 4554 vel
1447 4501 1752 4579 praefectus.
1805 4499 1968 4569 Maga:
2001 4501 2355 4579 registlyre-

2545 1965 2594 2017 9.
2627 1961 2940 2016 Ptolemaeus
2961 1978 3110 2026 vero,
3140 1962 3297 2031 quiet
3320 1961 3571 2032 Tryphon
3597 1962 3734 2032 (l5),
3756 1961 3911 2032 Syria:
3930 1977 3996 2015 re-

2475 2058 2660 2127 giones
2698 2071 2817 2109 cum
2845 2057 3103 2110 Darnasco
3131 2057 3412 2126 occupavit
3449 2050 3997 2124 (lb’),0rthosiamquc

2476 2147 2753 2201 obsidione
2779 2147 2946 2199 cinxit
2969 2147 3099 2217 (i7),
3127 2162 3244 2216 quae
3265 2147 3478 2216 quidem
3516 2147 3694 2199 soluta
3736 2156 3819 2200 est
3844 2154 3997 2198 cente-

2475 2240 2625 2292 simae
2657 2246 2710 2292 et
2750 2238 3038 2292 tricesima:
3086 2246 3290 2308 quartae
3323 2237 3647 2308 Olympiadis
3679 2252 3819 2292 anno
3848 2235 3997 2299 tertio,

2477 2331 2700 2388 Seleuco
2741 2334 2868 2386 illuc
2901 2333 3144 2404 appulso.

2545 2428 2629 2481 10.
2673 2427 2862 2482 Frater
2907 2436 3086 2481 autem
3137 2425 3378 2480 Callinici
3424 2424 3730 2494 Antigonus
3782 2434 3998 2492 magnam

2473 2519 2757 2591 Phrygiam
2787 2535 3100 2590 peragrans,
3132 2519 3346 2573 tributis
3369 2518 3574 2571 incolas
3588 2516 3865 2570 onerabat.
3884 2514 4000 2579 Quin

2473 2621 2528 2667 et
2553 2621 2738 2665 contra
2768 2609 3048 2666 Seleucum
3071 2611 3353 2681 copiarum
3389 2608 3557 2663 duces
3600 2607 3873 2671 mittebat;
3914 2619 4002 2674 quo

2473 2711 2712 2772 tempore
2760 2717 2883 2756 cum
2919 2717 2950 2754 a
2993 2701 3309 2772 voluptariis
3337 2701 3453 2756 suis
3483 2701 3755 2754 ministris
3798 2698 4002 2753 traditus

2474 2794 2663 2849 fuisset
2697 2793 2940 2850 barbaris
2975 2793 3106 2865 (18),
3142 2795 3330 2847 horum
3351 2793 3601 2847 manibus
3617 2793 3836 2862 elapsus
3860 2804 4003 2860 parvo

2472 2887 2728 2942 comitatu
2761 2886 3087 2957 Magnesiam
3113 2886 3285 2941 evasit
3317 2905 3330 2940 :
3360 2886 3710 2954 crastinaque
3734 2885 3822 2940 die
3845 2881 4002 2935 Ptole«

2472 2981 2590 3034 maei
2621 2979 2834 3033 auxiliis
2863 2978 3032 3032 fretus
3064 2978 3304 3047 praelium
3332 2975 3474 3031 felici
3506 2975 3679 3031 Marte
3702 2973 3963 3029 conSeruit
3988 2989 4000 3022 :

2473 3076 2583 3122 tum
2602 3075 2654 3122 et
2671 3067 2826 3122 Zielie
2842 3068 2951 3138 (l9)
2968 3067 3128 3122 filiam
3149 3066 3350 3137 nuptiis
3373 3066 3476 3121 sibi
3503 3065 3797 3136 copulavit.
3826 3062 4004 3118 Deinde

2471 3177 2613 3216 anno
2663 3169 2856 3232 quarto
2906 3159 3225 3232 Olympiadis
3273 3159 3582 3214 centesimae
3631 3166 3685 3212 et
3741 3156 4005 3210 tricesima;

2391 3220 2435 3282 ϐ
2461 3220 2703 3324 septimae
2726 3254 2779 3307 in
2803 3220 3071 3322 Lydia'bis
3092 3251 3256 3308 armis
3279 3249 3765 3305 motisrdebellatus
3785 3256 3866 3303 est
3888 3244 4001 3313 (20).

2466 3344 2601 3399 Tum
2627 3345 2788 3399 etiam
2822 3345 2966 3398 circa
2996 3343 3233 3399 Choloén
3259 3343 3486 3397 certavit
3517 3357 3646 3396 cum
3671 3341 3852 3394 Attalo
3874 3337 4001 3408 (‘21):

2465 3444 2519 3490 et
2548 3435 2764 3505 quidem
2794 3436 2968 3505 primo
2997 3449 3139 3489 anno
3167 3433 3488 3504 Olympiadis
3512 3432 3806 3487 tricesima:
3826 3437 4005 3485 octaua

2465 3541 2627 3596 supra
2659 3527 3027 3591 centesimam,
3055 3525 3291 3580 Attalum
3320 3524 3376 3579 in
3418 3522 3712 3578 Thraciam
3744 3537 3913 3593 usque
3935 3519 3981 3573 fu

2463 3619 2632 3689 giens,
2669 3627 2788 3687 post
2817 3631 3048 3688 pugnam
3083 3618 3137 3671 iu
3177 3616 3335 3671 Caria
3365 3625 3656 3686 patratam,
3695 3614 3807 3702 vita
3837 3626 4005 3669 exces-

2467 3795 2722 3851 refutavit
2759 3812 3004 3851 summus
3039 3795 3354 3850 Vicecomes
3390 3792 3634 3863 Iconogr.
3658 3811 3742 3862 gr.
3770 3793 3857 3856 In,
3894 3793 4000 3849 382.

2531 3869 2640 3937 (ll)
2679 3867 2776 3920 Hic
2813 3878 2895 3921 est
2943 3867 3241 3920 Antiochus
3273 3865 3490 3919 Hierax.
3528 3866 3586 3918 ln
3618 3867 3817 3920 codice
3844 3874 4003 3920 tamen

2462 3937 2612 3990 Arm.
2636 3945 2948 3992 constanter
2975 3937 3229 3991 scribitur
3255 3937 3569 4004 Antigonus.

2537 4008 2647 4076 (1‘2)
2674 4007 3028 4071 Quaerendum
3059 4007 3125 4060 de
3156 4007 3257 4076 hoc
3294 4025 3308 4068 ;
3360 4003 3483 4059 nam
3529 4004 3861 4076 Ptolemaeus
3893 4003 4002 4073 qui-

2461 4076 2603 4137 dem,
2633 4080 2858 4146 quimox
2882 4084 3149 4137 occurret,
3185 4075 3350 4128 frater
3377 4084 3492 4128 erat
3525 4075 3841 4136 Berenices,
3861 4088 4001 4143 quam

2463 4148 2709 4202 Laodicea
2736 4149 2892 4200 uxori
2932 4148 3114 4212 primae
3142 4146 3520 4214 super-induxit
3569 4146 3898 4204 Antiochus.
3924 4158 4003 4198 co-

2463 4220 2714 4288 gnomine
2748 4217 2906 4279 Deus,
2937 4217 3183 4288 Callinici
3213 4223 3268 4288 et
3298 4215 3791 4288 llieracis_parens.

2532 4289 2642 4358 (15)
2685 4289 2818 4342 Puta
2849 4288 3110 4358 adversus
3153 4284 3501 4358 Ptolemaauin
3538 4284 3891 4356 Tryphonem
3921 4299 4001 4338 seu

2462 4354 2772 4428 Everg'otem
2796 4358 2906 4427 (qui
2930 4357 3168 4428 Βεζθηίοἰ
3188 4357 3358 4428 sorori
3373 4354 3567 4428 vindex
3580 4354 3835 4426 venerat)
3860 4364 4003 4425 atque

2463 4425 2722 4483 adversus
2753 4425 2994 4495 ejusdem
3018 4425 3288 4479 Ptolemaei
3315 4425 3626 4480 auxiliares.

2536 4498 2646 4568 (1-1)
2674 4499 2871 4566 Copias
2902 4497 3110 4552 Seleuci
3125 4496 3498 4568 internecione
3513 4511 3713 4568 caesas,
3733 4495 4002 4568 ipsumque

808 4559 908 4624 ιιὼί
974 4559 1351 4640 pinguedinem
1403 4559 1586 4623 narrat
1643 4559 1932 4626 Athenaeus
1989 4559 2090 4637 xu:
2148 4559 2350 4641 12:1).
2390 4559 4004 4641 DSeleucum-aliquandiudesideratumnarratl’lutarclius

807 4641 930 4696 550.
1381 4686 1387 4693 .

879 4711 954 4780 (5)
973 4708 1109 4780 Huic
1130 4709 1478 4780 regiputatur
1497 4708 1729 4765 Berosus
1764 4708 2053 4780 Historiam
2083 4726 2235 4766 suam
2259 4710 2353 4766 ob-

808 4778 1020 4836 tulisse.
1051 4779 1183 4834 Vide
1216 4778 1501 4833 Tatianum
1533 4789 1670 4834 orat.
1699 4796 1818 4848 cap.
1850 4779 1936 4834 56.

881 4851 955 4921 (6)
992 4850 1168 4903 Codex
1219 4850 1367 4902 Arm.
1393 4865 1518 4921 xix,
1561 4851 1700 4921 quod
1733 4850 2004 4921 (mendum
2053 4851 2235 4906 statim
2267 4851 2354 4906 hic

806 4920 1141 4991 coarguitur,
1182 4927 1235 4991 et
1266 4929 1344 4971 ter
1375 4920 1568 4974 deinde
1589 4920 1834 4973 inferius.

881 4989 962 5060 (η
991 4989 1088 5042 llic
1116 4990 1352 5060 Achaeus,
1371 5005 1545 5057 regem
1583 5005 1641 5044 se
1668 4999 1849 5060 postea
1875 4989 2028 5042 dixit.
2069 4989 2252 5060 Polyb.
2279 5007 2350 5055 iv,

881 5004 955 5113 (li)
991 5004 1088 5042 me
1116 5004 1339 5044 Acuteus
1371 5005 1545 5057 regem
1583 5005 1641 5044 se
1668 5004 1849 5058 postea
1875 5004 2028 5042 uixit.
2069 5004 2252 5060 PUIyD.
2279 5007 2350 5055 iv,

805 5061 894 5115 48.
953 5078 1038 5114 mo
1058 5061 1305 5121 Achaeus,
1325 5059 1390 5112 de
1412 5075 1519 5128 quo
1539 5061 1775 5128 loquitur
1804 5059 2156 5131 Porphyrius,
2173 5063 2354 5116 senior

807 5141 911 5187 est.
941 5132 1255 5195 Qui‘autem
1284 5145 1340 5182 se
1367 5145 1544 5199 regem
1580 5131 1738 5192 dixit,
1761 5130 1966 5199 junior.

881 5202 956 5270 (8)
988 5201 1225 5268 lntellige
1249 5198 1602 5271 Cappadociae
1619 5215 1822 5269 regem.
1850 5198 1968 5252 Jam
2008 5200 2228 5254 Arathes
2254 5217 2352 5271 pro

810 5269 1114 5325 Ariarathes
1169 5269 1425 5324 scribitur
1467 5271 1628 5323 etiam
1674 5285 1704 5322 a
1741 5271 2020 5324 Memnone
2041 5271 2182 5340 apud
2212 5269 2353 5324 Pho-

808 5344 941 5395 tium
967 5342 1088 5395 cod.
1114 5355 1325 5404 ccxxtv,
1355 5340 1442 5393 52.

881 5413 956 5482 (υ)
989 5412 1128 5464 Bene
1152 5411 1205 5463 in
1230 5412 1526 5482 posteriore.
1568 5411 1706 5463 libro
1735 5408 1816 5463 bis
1845 5410 2039 5480 legitur
2069 5426 2158 5476 xx,
2192 5411 2245 5464 in
2272 5419 2350 5464 ta-

811 5482 953 5547 bulis
977 5495 1163 5547 nempe
1194 5495 1374 5547 regum
1398 5489 1450 5533 et
1476 5481 1529 5532 in
1559 5494 1785 5533 canone.

879 5546 990 5617 (10)
1022 5546 1381 5602 En’Eusebius
1397 5566 1491 5604 seu
1525 5548 1856 5618 Porphyrius
1874 5551 2199 5604 mentionem
2231 5551 2350 5603 nul-

810 5621 914 5672 lam
945 5621 1145 5672 faciunt
1164 5619 1488 5686 captivitatis
1509 5619 1751 5673 Callinici
1772 5621 1908 5689 apud
1929 5620 2346 5689 Parthos,quam

810 5700 987 5741 tamen
1017 5690 1311 5757 scriptores
1330 5690 1868 5758 aliqubt,quosinter
1902 5692 2080 5758 magni
2114 5691 2346 5744 nominis

812 5758 1725 5822 limninesVaillantius,Fr(Blicliius
1750 5769 1905 5828 atque
1921 5759 2225 5820 Eckhelius,
2245 5761 2342 5812 sibi

811 5833 1145 5898 persuasisse
1181 5829 1453 5883 videntur.
1483 5829 1667 5890 Merito
1702 5828 1859 5897 igitur
1876 5831 2013 5884 hanc
2038 5830 2344 5900 opinionem

2456 4639 2738 4706 Apophth.,
2780 4633 2880 4694 ed:
2907 4638 3083 4692 Paris.
3121 4645 3161 4690 t.
3207 4633 3273 4698 ll,
3311 4651 3365 4705 p.
3398 4635 3538 4701 184,
3573 4643 3628 4706 et
3675 4635 3758 4689 De
3786 4638 4001 4705 fraterno

2455 4726 2653 4772 amore,
2673 4725 2722 4772 [ι.
2763 4709 2886 4762 489.

2527 4725 2979 4846 ὶξέὁῖῐξίοὲῗιῗξειιε
3014 4775 3302 4846 Evergetes
3332 4774 3531 4830 dicitur
3574 4773 3834 4845 Tryphon
3859 4778 4001 4832 etiam

2455 4863 2484 4902 a
2513 4849 2685 4918 Trogo
2713 4849 2911 4918 prolog.
2939 4862 3105 4918 xxvn,
3133 4855 3185 4900 et
3218 4861 3345 4900 xxx.

2526 4913 2645 4989 (l6)
2672 4913 2952 4973 A'ucbcrus
2983 4917 3305 4971 Damascum
3338 4924 3390 4969 et
3410 4913 3734 4971 Orthosiam
3767 4917 4003 4972 obsesszis

2455 4989 2548 5042 ait.

2525 5062 2541 5130 (
2553 5061 2636 5128 l7)
2664 5061 2802 5113 Cave
2823 5059 2931 5114 huc
2953 5059 3135 5113 trahas
3165 5053 3375 5130 locuml
3416 5054 3668 5111 Machab.
3700 5056 3904 5130 x_v,_37.
3926 5053 4002 5130 tl'_'_i

2453 5124 2540 5183 est
2571 5124 2637 5185 de
2666 5130 2973 5199 Tryphone,
3019 5131 3127 5182 alio
3176 5125 3346 5196 Syria:
3387 5134 3643 5199 tyranno,
3703 5127 3934 5199 T9ng
3960 5124 4005 5175 δὲ

2454 5201 2626 5269 ἐμϐὰς
2666 5195 2757 5262 εἰς’
2778 5195 3024 5269 ’πλοῖοννξ
3049 5195 3244 5269 ἔφυγεν
3268 5199 3349 5269 εἰς
3393 5195 3722 5269 Ὀρθωσξαν,
3753 5195 4003 5266 Trypheri

2454 5266 2659 5339 navigio
2682 5285 2957 5324 conscenso
2991 5266 3294 5339 Orthosiam
3324 5267 3449 5337 fuga
3476 5267 3666 5339 erasit.

2524 5337 2634 5409 (t8)
2676 5340 2738 5393 Hi
2768 5341 3028 5409 videntur
3049 5338 3185 5393 Galli
3211 5337 3555 5409 mercenarii.

2477 5411 2483 5415 ’
2524 5401 2634 5482 (19)
2665 5481 2678 5482 7
2699 5413 2773 5462 Ita
2807 5408 2977 5462 codex
3006 5407 3178 5482 Arm.,
3202 5405 3383 5482 ζξςιαξ.
3412 5405 3547 5482 Jam_
3564 5404 3634 5460 de
3671 5401 3845 5465 Ζείιω
3863 5403 4004 5482 Nico:

2453 5473 2627 5533 modis
2657 5481 3009 5548 Bithynorum
3038 5480 3182 5548 regis
3221 5477 3330 5548 ﬁ_l_io
3354 5474 3856 5548 lege_Memnonem
3879 5473 4002 5548 apud

2451 5549 2697 5603 Ptiotium
2728 5543 2848 5603 cod.
2884 5543 3214 5609 ccxxrvfﬁﬁ.
3245 5543 3444 5601 Verum
3468 5543 3734 5604 Justinus
3755 5543 3926 5608 XXVII,
3955 5545 3999 5601 3.

2451 5622 2582 5672 dicit
2611 5620 2864 5688 Antigoni
2893 5615 3057 5686 hujus
3086 5620 3222 5686 (sive
3255 5617 3531 5687 Antiochi)
3559 5633 3830 5675 socerum
3861 5618 4004 5671 Arta-

2451 5707 2647 5743 menem
2681 5691 3032 5757 Cappadociae
3059 5703 3258 5757 regem.

2523 5762 2632 5829 (~20)
2669 5759 2802 5829 Lege
2822 5758 3286 5829 Justinumxxvu,
3319 5757 3374 5812 5.

2521 5827 2630 5901 (21)
2665 5827 2909 5899 Pergami
2935 5844 3077 5900 rege.
3108 5827 3342 5897 Pausan.
3375 5827 3532 5882 Αιιὶε.
3572 5844 3698 5884 vm.
