4144 6318
705 429 812 488 283

1442 427 1711 485 EUSEBII
1750 428 2231 484 CESARIENSIS
2259 425 2408 483 OPP.
2439 425 2621 482 PARS
2661 423 2700 480 I.
2745 457 2812 466 —
2853 425 3242 482 IIISTORICA.

3843 418 3947 473 288

776 550 830 602 6.
856 545 1048 600 Latino
1079 552 1310 607 mortuo,
1344 559 1438 598 rex
1471 553 1688 600 creatus
1713 551 1797 598 est
1824 542 1966 598 ﬁlius
1992 544 2112 612 ejus
2138 544 2269 597 Alba
2301 552 2343 606 Α
2444 542 2484 595 Ι.
2532 541 2780 597 xEneasa
2799 548 2997 610 quarto
3013 547 3133 608 post
3154 546 3372 610 captum
3395 537 3547 593 Ilium
3572 549 3722 590 anno
3736 535 3950 591 Latinis

707 637 931 700 Silvius,
963 640 1054 705 qui
1103 637 1260 690 annis
1305 644 1427 689 octo
1474 645 1527 690 et
1563 636 1783 705 triginta
1832 644 2153 704 potestatem
2182 651 2269 690 re-

705 732 891 782 tinuit.
934 725 1129 781 Postea
1171 727 1456 794 imperavit
1499 725 1691 795 Epitus
1745 725 1948 781 Silvius
1991 727 2148 782 annis
2191 731 2269 780 vi-

702 816 838 887 ginti
869 831 981 870 sex.
1020 815 1140 881 Quo
1172 815 1449 882 defuncto,
1493 832 1721 886 regnum
1770 816 2051 885 delapsum
2087 828 2170 872 est
2202 817 2270 871 ad

701 910 920 978 Capyn;
947 907 1111 976 idque
1133 907 1182 961 ei
1209 907 1407 960 mansit
1437 909 1597 961 annis
1626 907 2051 979 duodetriginta.
2073 907 2266 966 Postea

701 999 954 1069 Calpetus
989 999 1131 1052 ﬁlius
1161 999 1280 1066 ejus
1312 999 1471 1053 annis
1507 999 1764 1054 tredecim
1802 1000 2115 1055 dominatus
2155 1013 2267 1057 est.

702 1091 824 1147 Mox
854 1091 1106 1146 Tiberius
1141 1091 1216 1161 (1)
1265 1089 1468 1144 Silvius
1507 1092 1666 1146 annis
1709 1103 1852 1146 octo.
1908 1090 1958 1145 Is
2005 1096 2267 1147 adversus

697 1182 963 1238 Etruscos
993 1183 1340 1252 expeditione
1362 1191 1635 1251 suscepta,
1671 1183 1800 1236 dum
1827 1183 2013 1238 Albam
2043 1183 2265 1236 ﬂuvium

696 1291 822 1330 cum
869 1276 1113 1328 exercitu
1167 1259 1585 1338 transmitteret,
1628 1277 1841 1345 gurgite
1880 1275 2001 1344 ejus
2051 1291 2266 1330 mersus

696 1364 871 1416 obiit:
911 1378 976 1416 ex
1007 1379 1115 1432 quo
1143 1378 1338 1418 nomen
1386 1362 1534 1416 fluvii
1580 1363 1839 1434 deinceps
1883 1364 1985 1418 fuit
2028 1363 2262 1419 Tiberis.

696 1452 774 1507 Eo
802 1454 925 1507 vitze
950 1462 1156 1524 erepto,
1182 1455 1470 1524 imperavit
1499 1454 1710 1510 Latinis
1752 1455 1991 1527 Agrippa
2029 1456 2264 1527 quadra-

694 1547 841 1617 ginta
875 1549 1035 1601 annis
1055 1554 1110 1602 et
1133 1562 1261 1602 uno.

763 1671 814 1728 7.
850 1671 1004 1726 Hunc
1027 1679 1358 1727 consecutus
1376 1679 1458 1726 est
1478 1672 1726 1729 Amulius
1744 1675 1818 1745 (2)
1845 1673 2046 1732 Silvius
2062 1681 2082 1700 '
2105 1677 2262 1733 annis

692 1763 1053 1834 undeviginti.
1089 1763 1187 1819 Hie
1223 1765 1462 1819 traditur
1491 1767 1546 1819 in
1585 1767 1734 1820 omni
1785 1768 1896 1821 vita
1928 1769 2162 1838 superbe
2204 1785 2264 1823 se

689 1857 950 1926 gessisse,
979 1866 1032 1911 et
1065 1871 1187 1910 cum
1230 1858 1351 1926 ipso
1381 1855 1517 1912 Jove
1559 1857 1626 1912 de
1657 1859 1901 1928 potentia
1943 1860 2262 1914 :emulanter

688 1962 950 2004 certasse.
1002 1948 1180 2014 Quare
1235 1958 1289 2004 et
1342 1949 1613 2004 interdum
1663 1951 1965 2006 autumnali
2017 1960 2260 2021 tempore

613 2057 622 2064 ’
688 2055 854 2110 quum
903 2040 1209 2111 frequentia
1249 2049 1303 2094 et
1353 2041 1693 2096 vehementia
1741 2042 1981 2098 tonitrua
2032 2043 2260 2098 exaudi-

688 2137 899 2193 rentur,
945 2129 992 2183 is
1037 2130 1336 2183 exercitum
1386 2146 1545 2184 suum
1586 2129 1834 2198 juliebat,
1885 2133 2042 2202 signo
2085 2134 2255 2199 edito,

686 2220 908 2290 clypeos
945 2220 1278 2274 unanimiter
1300 2219 1492 2290 gladiis
1518 2229 1799 2290 percutere
1823 2238 1835 2271 :
1866 2233 2027 2292 atque
2061 2225 2129 2278 ita
2158 2240 2257 2294 pu-

687 2311 840 2364 tabat
871 2309 947 2381 (5)
982 2326 1040 2365 se
1066 2311 1371 2381 graviorem
1421 2313 1625 2366 tonitru
1671 2311 1938 2383 fragorem
1991 2317 2251 2370 excitare.

686 2401 868 2468 Quare
899 2403 1200 2483 et'superbi
1237 2402 1294 2456 in
1343 2402 1475 2459 deos
1501 2404 1670 2458 animi
1710 2420 1902 2476 ρωπος
1944 2407 2042 2460 luit
2073 2407 2256 2464 fulmi-

685 2511 789 2550 neo
814 2496 922 2549 ictu
949 2506 1196 2559 enectus,
1225 2511 1459 2565 cumque
1479 2498 1640 2551 domo
1663 2499 1913 2553 universa
1946 2501 2049 2554 sub
2078 2501 2253 2555 lacum

685 2589 941 2642 albanum
993 2603 1227 2642 mersus.
1267 2587 1579 2642 Etiamnum
1621 2588 1850 2644 Romani
1902 2592 2054 2648 lacus
2108 2593 2255 2649 illius

684 2681 883 2736 accolae
929 2681 1155 2750 vestigia
1205 2681 1451 2751 quaedam
1499 2682 1916 2748 demonstrant,
1968 2686 2250 2741 columnas

685 2773 942 2827 nimirum
994 2774 1098 2827 sub
1141 2788 1281 2843 aqua
1330 2776 1723 2843 prominentes,
1777 2776 1936 2846 cujus
1984 2777 2039 2830 in
2085 2777 2252 2833 fundo

684 2867 833 2934 regia
862 2863 1060 2918 domus
1090 2863 1195 2918 sita
1224 2873 1360 2919 erat.

753 2993 807 3049 8.
847 2992 982 3048 Exin
1037 2995 1212 3050 lectus
1241 3002 1326 3049 est
1367 2993 1654 3060 Avantius,
1687 2998 1781 3066 qui
1835 2999 1994 3052 annis
2040 3006 2248 3068 septem

683 3104 852 3158 supra
892 3087 1115 3158 triginta
1159 3088 1427 3158 regnavit.
1461 3088 1509 3142 Is
1541 3089 1731 3157 prmlio
1755 3089 2108 3145 ﬁnitimorum
2133 3108 2251 3145 rna-

682 3190 920 3245 gnopere
956 3191 1202 3246 pressus,
1256 3177 1310 3229 iu
1357 3175 1648 3231 Avenlium
1687 3178 1763 3247 (ιι)
1795 3180 1989 3234 collem
2026 3181 2150 3252 fuga
2191 3197 2249 3238 se

2371 637 2600 704 imperat
2632 635 2789 688 annis
2823 649 2904 686 tu.

2440 727 2501 780 ll.
2529 727 2797 780 Ascanius
2829 725 2989 779 annis
3017 741 3247 779 xxxvtu.

2439 815 2524 870 III.
2561 816 2760 870 Silvius
2788 815 2971 870 IEnea:
2999 816 3159 870 annis
3180 831 3349 868 xxvttt
3378 813 3477 883 (5).

2439 906 2526 962 IV.
2559 907 2762 962 A-Zueas
2787 905 2988 961 Silvius
3007 907 3164 961 annis
3194 921 3343 960 xxxi.

2437 996 2502 1051 V.
2536 996 2762 1051 Latinus
2794 995 2996 1052 Silvius
3029 997 3188 1052 annis
3214 1012 3264 1051 ι..

2440 1088 2524 1140 Vl.
2553 1090 2688 1141 Alba
2721 1089 2921 1142 Silvius
2952 1088 3110 1142 annis
3141 1104 3307 1141 xxxtx
3343 1086 3442 1157 (6).

2441 1179 2550 1234 VII.
2587 1180 2778 1250 Epitus
2810 1178 3012 1234 Silvius
3043 1181 3201 1235 annis
3233 1196 3376 1233 xxvi.

2439 1272 2572 1326 VIII.
2609 1276 2786 1344 Capys
2824 1273 3027 1328 Silvius
3057 1273 3216 1327 annis
3247 1288 3439 1326 xxvtu.

2439 1365 2527 1421 IX.
2552 1366 2808 1437 Calpetus
2843 1366 3046 1422 Silvius
3075 1365 3231 1418 annis
3264 1381 3382 1418 xm.

2437 1454 2503 1511 Χ,
2539 1456 2789 1512 Tiberius
2814 1457 3015 1533 Silvius
3049 1457 3208 1512 annis
3229 1471 3345 1510 vni.

2436 1548 2526 1604 XI.
2558 1550 2790 1618 Agrippa
2814 1548 3013 1603 Silvius
3040 1548 3196 1602 annis
3221 1563 3366 1601 xxxv
3390 1547 3484 1615 (7).

2437 1640 2548 1694 XII.
2576 1641 2822 1694 Amulius
2858 1638 3060 1694 Silvius
3093 1638 3252 1694 annis
3295 1655 3406 1693 xtx.

2434 1730 2574 1785 XIII.
2605 1729 2870 1786 Aventius
2904 1730 3105 1785 Silvius
3145 1730 3304 1784 annis
3331 1743 3544 1786 xxxvtt.

2440 1822 2574 1876 XIV.
2610 1822 2811 1876 Procas
2849 1822 3050 1878 Silvius
3091 1822 3249 1876 annis
3279 1837 3433 1876 xxtu.

2430 1911 2544 1967 XV.
2580 1913 2827 1968 Amulius
2853 1911 3054 1967 Silvius
3090 1913 3250 1967 anuis
3272 1926 3402 1965 χιιι.

2439 2005 2703 2058 Romulus
2728 2002 2953 2058 Romam
2979 2004 3164 2059 condit
3189 2014 3483 2075 regnatque
3505 2004 3741 2074 septima
3765 2005 3948 2076 olym-

2366 2099 2542 2169 piade.
2600 2098 2769 2168 Igitur
2825 2099 2892 2152 ab
2937 2095 3108 2152 Enea
3165 2096 3233 2151 ad
3283 2094 3574 2152 Romulum
3627 2099 3760 2151 anni
3812 2107 3948 2153 sunt

2364 2205 2597 2246 CDXLVIII
2627 2189 2731 2257 (8).
2769 2189 2850 2242 Ab
2879 2187 2976 2242 ilio
3019 2198 3200 2240 autem
3241 2197 3397 2256 capto
3427 2187 3552 2241 anni
3596 2201 3804 2240 cnxxxt
3835 2187 3941 2258 (9).

2395 2282 2478 2334 Ἀ
2514 2279 2766 2345 Romulo,
2809 2280 2902 2350 qui
2949 2278 3173 2334 Romam
3220 2279 3480 2346 condidit,
3531 2279 3585 2333 bi
3634 2296 3795 2350 reges
3842 2281 3946 2334 lxa-

2363 2374 2578 2430 bentur.
3471 2412 3487 2425 .
3843 2386 3862 2389 ‘

2434 2466 2475 2519 I.
2513 2465 2778 2522 Romulus
2807 2466 2964 2521 annis
2991 2468 3221 2520 xxxvm.

2435 2559 2498 2615 II.
2525 2559 2696 2614 Numa
2721 2559 3016 2637 Pompilius
3047 2559 3208 2614 annis
3230 2575 3335 2613 xu.

2434 2650 2521 2706 III.
2555 2643 2744 2708 Tullus
2773 2651 3036 2706 IIostilius
3061 2653 3218 2707 annis
3242 2667 3365 2706 xxx.

2431 2741 2520 2796 IV.
2551 2744 2732 2798 Anciis
2763 2743 2995 2798 Marcius
3031 2743 3189 2799 annis
3234 2759 3431 2796 xxxtu.

2433 2833 2498 2889 V.
2530 2833 2861 2904 Tarquinius
2891 2833 3047 2888 annis
3079 2849 3289 2888 xxxvii.

2431 2927 2520 2981 VI.
2552 2925 2817 2982 Servilius
2850 2927 3007 2981 annis
3035 2941 3180 2979 thv.

2428 3017 2538 3074 VII.
2569 3018 2900 3088 Tarquinius
2931 3018 3212 3086 Superbus
3240 3017 3400 3071 annis
3422 3032 3568 3070 xxiv.

2437 3111 2502 3165 Ili
2547 3121 2751 3181 septem
2793 3125 2948 3180 reges
2994 3125 3023 3162 a
3054 3107 3286 3162 Romulo
3317 3108 3673 3170 exstiterunt,
3709 3123 3945 3162 eorum.

2356 3219 2462 3273 que
2498 3202 2798 3257 dominatio
2837 3202 3051 3257 sublata
3079 3209 3161 3255 est
3189 3209 3312 3270 post
3337 3215 3510 3256 annos
3548 3213 3743 3255 ccxuv
3788 3200 3936 3271 (10).

682 3269 964 3364 εξιιιάυιίιν
987 3269 1185 3364 ξιυίέι
1220 3283 1294 3364 ’⁸ο
1326 3283 1522 3323 nomen
1566 3271 1839 3364 ερηξῗξηῖι
1868 3273 2251 3364 Ανεηιίίχίίοο
2277 3281 2320 3338 C
2353 3269 2526 3350 βου-ο
2555 3296 2622 3350 ab
2668 3294 2763 3348 Ilio
2801 3302 2960 3364 capto
3009 3295 3076 3349 ad
3121 3269 3413 3349 Romulum
3447 3293 3577 3347 anui
3604 3299 3736 3347 sunt
3763 3269 3939 3348 cant

681 3357 936 3421 abeunte,
969 3357 1396 3413 dominationem
1417 3361 1635 3428 excepit
1669 3360 1812 3416 ﬁlius
1844 3363 2087 3431 ejusdem
2113 3362 2249 3420 Pro-

679 3462 775 3502 cas
815 3446 1039 3513 Silvius,
1078 3451 1363 3518 tenuitque
1402 3452 1562 3506 annis
1603 3453 1777 3507 tribus
1822 3469 1988 3523 supra
2033 3457 2243 3526 viginti.

679 3541 800 3606 Quo
843 3541 969 3596 item
1019 3550 1228 3597 natura:
1280 3542 1672 3619 satisfaciente,
1724 3546 1871 3600 filius
1911 3558 2039 3602 natu
2069 3551 2250 3603 minor

680 3633 930 3686 Amulius
963 3633 1305 3703 tyrannidem
1345 3636 1647 3704 usurpavit,
1681 3639 1808 3706 quia
1839 3637 2089 3694 Numitor
2125 3658 2246 3695 ma-

676 3724 767 3792 jor
802 3732 930 3776 natu
971 3722 1158 3786 frater,
1193 3726 1344 3793 regni
1379 3726 1576 3793 hazres,
1614 3728 1908 3799 longinqua
1943 3732 1998 3785 in
2032 3734 2250 3802 regione

682 3818 1021 3871 versabatur.
1073 3815 1338 3889 Regnavit
1397 3821 1649 3876 Amulius
1699 3823 1857 3876 annis
1907 3825 2067 3892 paulo
2126 3827 2248 3896 plus

680 3905 1036 3977 quadraginta
1061 3908 1257 3972 tribus,
1287 3910 1459 3965 donec
1488 3926 1515 3964 a
1537 3909 1708 3967 Remo
1728 3921 1782 3968 et
1805 3911 2039 3970 Romulo
2066 3915 2254 3974 Romae

680 4000 1057 4056 conditoribus
1091 4001 1408 4057 interfectus
1445 4012 1548 4058 est.

751 4115 804 4169 9.
847 4114 958 4171 Iam
989 4124 1044 4172 et
1074 4117 1388 4187 singillatim
1422 4115 1790 4174 Romanorum
1826 4137 1980 4194 reges
2015 4121 2069 4175 hi
2103 4130 2249 4180 sunt.

751 4275 814 4345 (')
851 4275 977 4362 τοτε
1002 4274 1273 4366 Ἱῖωλιέύλος
1299 4277 1536 4362 Σκιλούῖος
1561 4281 1691 4363 παρ’
1717 4279 1954 4366 ὅλονςτόν
1979 4279 2090 4366 βξρν
2115 4280 2458 4366 ὑπερήφανος
2473 4279 2794 4366 favour-330;,
2815 4276 3088 4366 ,ήξιξλξῑτη
3122 4275 3260 4366 ﬁeri;
3284 4275 3377 4366 Iov
3392 4272 3560 4366 Αθεόνὶθ

2352 3389 2496 3453 (11);
2531 3402 2739 3442 summa
2766 3387 2928 3457 igitur
2957 3393 3041 3441 est
3062 3401 3324 3440 annorum
3345 3399 3554 3439 ncnxxv
3584 3383 3721 3456 (12).

2421 3478 2648 3542 Horum,
2677 3480 2885 3533 scilicet
2913 3493 2942 3532 a
2973 3477 3208 3533 Romulo
3233 3492 3408 3547 usque
3439 3475 3505 3530 ad
3536 3473 3938 3546 Tarquinium,

2351 3570 2722 3625 Romanorum
2781 3584 2965 3640 regum
3029 3576 3276 3639 tempora
3350 3566 3647 3638 Dionysius
3701 3582 3938 3637 quoque

2351 3661 2804 3716 Halicarnasseus
2866 3659 3103 3714 strictim
3159 3661 3417 3714 recenset
3469 3658 3618 3713 circa
3683 3659 3937 3728 primum

2349 3755 2581 3824 septimae
2616 3753 2728 3823 (13)
2759 3751 3083 3824 Olympiadis
3117 3751 3190 3805 ita
3220 3750 3489 3808 scribens.

2891 3862 3119 3919 CAPUT
3144 3861 3352 3918 XLVII.

2357 3958 2592 4030 Dionysii
2616 3956 3014 4030 Halicamussei
3040 3956 3104 4010 de
3139 3954 3344 4030 regibus
3367 3955 3458 4024 qui
3484 3962 3603 4022 post
3632 3952 3930 4008 Romuiam

2863 4027 3041 4082 [fama
3070 4028 3402 4080 exstiterunt.

2425 4121 2519 4193 (“)
2554 4123 2604 4176 1.
2641 4121 2930 4176 Enimvero
2971 4119 3077 4175 sia
3107 4118 3330 4190 regibus
3367 4117 3600 4174 sublatis
3630 4131 3809 4187 usque
3855 4117 3932 4171 ad

3590 4272 3936 4344 βροντῶντος

678 4343 1000 4418 γὰρἀὐςοζ),
1029 4346 1243 4418 ἐκέλευε
1266 4350 1392 4407 τοὺς
1423 4343 1754 4418 στρατιώτας
1776 4353 1896 4413 ταῖς
1921 4343 2151 4414 στέάθαις
2174 4343 2396 4402 τύτέέειν
2426 4343 2526 4412 τάξ
2553 4343 2786 4412 diuisa;
2807 4343 2896 4418 φέρ’
2927 4347 3044 4409 ἐνὸς
3072 4343 3762 4418 συγθήμᾳτοςρᾷκαὶλέγειγ
3785 4343 3865 4408 ὡς
3895 4346 3936 4418 ῥ

679 4419 809 4492 sier”
842 4415 1017 4492 σέιὲτών
1039 4415 1626 4492 γινέμενοςλὲρφρςεῖη
1654 4419 1888 4488 μείζων
1917 4421 1996 4472 διὸ
2026 4423 2253 4492 ἐκερσιυν

2353 4439 2388 4492 j.
2422 4419 2682 4474 Diodorus
2711 4422 2764 4472 in
2793 4415 3078 4487 Evcerptis
3123 4417 3192 4471 de
3244 4415 3542 4471 virtutibus
3569 4424 3625 4471 et
3654 4416 3805 4471 vitiis
3833 4415 3931 4470 ed.

678 4483 1012 4554 Wesseling.,
1054 4494 1094 4541 t.
1122 4483 1187 4543 ΙΙ.
1212 4502 1264 4554 p.
1299 4487 1404 4541 546
1427 4483 1559 4556 (14).

751 4557 835 4626 (")
871 4553 980 4608 Kal
1007 4557 1111 4627 μὴν
1129 4553 1234 4629 ἀπό
1256 4573 1319 4625 γε
1333 4553 1442 4629 τῆς
1458 4557 1682 4629 ἐκϐολῆς
1698 4557 1803 4610 τῶν
1821 4556 2084 4627 βασιλέων
2107 4558 2199 4610 ἐπὶ
2226 4557 2316 4610 τὸν
2345 4556 2556 4629 πρώτον
2574 4555 2811 4628 ἄρξαντα
2833 4555 2935 4626 τῆς
2955 4554 3158 4618 πόλεως
3186 4553 3567 4618 ἀναϐιϐασθεὶς
3592 4555 3879 4626 Ῥωμύλον
3906 4562 3940 4613 ὁ

679 4729 798 4784 cap.
819 4713 905 4784 I7,
937 4714 1050 4766 ait:
1080 4711 1344 4782 Regnante
1362 4712 1552 4784 Latino
1583 4711 1747 4767 Silvio
1770 4714 1988 4767 colonica
2013 4711 2247 4784 deducte:
2277 4716 2323 4772 D

679 4781 799 4838 sunt
837 4783 1124 4844 Prameste.
1158 4781 1328 4837 Tibur
1356 4783 1533 4845 Gabii,
1563 4783 1870 4846 Tusculum,
1899 4784 2060 4845 Cora,
2090 4781 2246 4836 Locri

680 4855 1002 4910 (Lanuvium
1058 4855 1139 4909 vel
1186 4853 1467 4922 Labicum)
1519 4853 1919 4917 Crustumium,
1976 4854 2245 4916 Camena,

677 4925 924 4988 Ronillw,
957 4923 1217 4994 (Bovillae)
1263 4935 1549 4995 cwteraque
1596 4924 1785 4992 oppida
1820 4927 2242 4995 circumquaque.

748 4997 822 5061 (1)
851 4997 923 5048 Ita
953 4999 1112 5050 etiam
1151 4996 1288 5048 infra
1324 5010 1422 5060 pro
1456 4993 1749 5049 Tiberinus.

749 5065 824 5134 (2)
855 5065 930 5119 Ita
965 5067 1206 5119 Amulius
1247 5067 1417 5120 codex
1447 5074 1633 5120 noster
1674 5066 1824 5118 Arm.
1854 5066 1940 5119 hic
1969 5075 2024 5118 et
2076 5064 2247 5118 inter-

679 5138 805 5189 dum
841 5137 989 5200 alibi,
1018 5138 1236 5203 quicum
1267 5136 1539 5190 consentit
1571 5135 1813 5188 Zonaras
1832 5135 2029 5188 Annal.
2060 5150 2153 5199 vlt,
2191 5135 2242 5190 1.

679 5205 862 5260 Graece
892 5207 977 5258 llic
1011 5205 1284 5260 Romulus.
1315 5206 1397 5258 Ab
1435 5205 1665 5259 Eusebio
1699 5208 1994 5274 posteriore
2022 5205 2159 5258 libro
2187 5206 2241 5258 in

681 5292 864 5344 regum
897 5277 1097 5329 tabulis
1140 5277 1398 5331 scribitur
1441 5276 1743 5338 Aremulus,
1790 5293 1889 5330 nec
1917 5291 2022 5328 non
2059 5277 2111 5328 in
2140 5275 2244 5328 Ca-

683 5363 842 5424 uone.
886 5347 1202 5424 Itemﬁapud
1338 5345 1722 5417 Hieronymum
1771 5347 1921 5401 varie
1966 5345 2238 5409 Remulus,

681 5419 718 5470 Λ
733 5416 980 5479 remulus,
1015 5414 1282 5470 Romulus.

751 5488 825 5557 (5)
860 5485 1082 5557 Graece:
1121 5487 1290 5540 dicere
1318 5486 1558 5556 jubebat,
1601 5487 1856 5555 majorem
1897 5503 2006 5539 esse
2048 5486 2241 5553 strepi-

683 5566 789 5607 tum
809 5556 886 5608 αθ
911 5558 1036 5624 ipsis
1059 5558 1274 5609 editum.
1307 5557 1369 5612 L.

755 5627 828 5695 (4)
858 5625 930 5680 Ita
957 5627 1125 5680 codex
1149 5628 1321 5684 Arm..
1339 5628 1425 5681 cui
1451 5626 1776 5696 sullragatur
1802 5627 1964 5680 etiam
1994 5625 2231 5696 Dionysii

683 5694 855 5750 Halic.
890 5699 1038 5750 varia
1072 5700 1260 5751 saltem
1305 5698 1465 5752 lectio
1490 5694 1667 5766 Antii].
1700 5713 1736 5758 l,
1774 5697 1862 5751 84.
1895 5696 2033 5761 Quin
2065 5694 2235 5766 etve-

683 5776 770 5817 tus
804 5767 1065 5836 interpres
1094 5768 1358 5821 orationis
1386 5765 1647 5822 Tullianae
1675 5769 1737 5820 de
1784 5784 1885 5821 mre
1930 5767 2100 5820 alieno
2137 5765 2232 5818 Mi-

683 5837 957 5959 Ἅνηίειβιό.
992 5835 1145 5893 Rom.
1181 5856 1230 5909 p.
1262 5838 1387 5908 227,
1423 5846 1536 5893 not.
1568 5839 1622 5910 d)
1655 5840 1841 5893 scribit
1874 5840 2106 5892 Adrento
2140 5853 2237 5906 pro

735 5923 820 5958 ten
850 5924 956 5959 mo.

735 5920 956 5960 t‘enlmo.

2426 4711 2500 4780 (5)
2529 4711 2790 4781 Superius
2813 4727 2962 4767 xxix.

2423 4786 2497 4845 (6)
2523 4782 2783 4850 Superius
2808 4797 3035 4836 xxxvut.

2426 4852 2501 4923 (7)
2529 4852 2792 4921 Superius
2826 4868 2935 4906 XLI.

2418 4924 2496 4992 (8)
2537 4923 2636 4997 I_Iic
2662 4939 2928 4997 annorum
2957 4937 3214 4997 numerus
3254 4923 3460 4997 petitur
3484 4925 3670 4995 potius
3693 4940 3760 4980 ex
3794 4928 3939 4997 ipso

2352 5002 2501 5048 textu
2529 4993 2763 5065 Diodori
2792 5008 2954 5062 quam
2989 5001 3054 5048 ex‘
3081 4993 3185 5049 hoc
3216 4993 3503 5065 catalogo.
3633 4999 3642 5008 ‘

2425 5065 2498 5135 (9)
2529 5061 2627 5117 llic
2659 5061 2924 5135 numerus
2965 5078 3107 5135 cum
3133 5061 3417 5135 superiore
3445 5063 3473 5135 ᾗ
3526 5065 3552 5118 1
3584 5065 3774 5134 utique
3801 5063 3940 5124 fere

2351 5133 2627 5204 congruit;
2660 5149 2846 5188 verum
2883 5133 2926 5188 si
2958 5133 3274 5203 proximum
3290 5133 3577 5189 numerum
3624 5133 3937 5206 respicies,

2347 5205 2553 5258 scribes
2575 5206 2795 5257 omnino
2824 5217 3025 5258 ccccu.

2425 5274 2536 5339 (10)
2562 5275 2724 5342 Atqui
2761 5276 3070 5342 superiores
3099 5274 3306 5329 numeri
3341 5275 3471 5330 dant
3502 5289 3741 5330 cchvn.

2427 5345 2538 5414 (11)
2581 5343 2777 5399 Recole
2804 5352 2915 5397 not.
2945 5344 2998 5398 9.
3325 5385 3328 5390 .
3674 5361 3676 5364 ν

2419 5413 2530 5485 (12)
2565 5414 2928 5485 Ergo_rursus
2974 5414 3120 5485 prior
3140 5428 3399 5470 numerus
3420 5421 3506 5469 est
3535 5429 3767 5469 coxxxt.
3806 5415 3936 5472 To-

2347 5483 2458 5538 tum
2492 5483 2653 5555 hunc
2680 5483 2988 5554 AEtliinpem
3033 5483 3320 5555 lavandum
3360 5485 3485 5540 aliis
3517 5486 3933 5555 permittimus.

2417 5555 2526 5625 (15)
2551 5554 2844 5608 Videbatur
2870 5554 3173 5625 addendum
3198 5556 3446 5625 septimm.

2413 5623 2523 5695 (11)
2548 5625 3030 5698 IIoc_l:r_agmentu_m
3052 5624 3105 5678 in
3117 5626 3386 5698 excerptis
3401 5623 3938 5698 Valesianis(adeo-

2343 5693 2447 5766 que
2487 5705 2539 5749 et
2571 5698 2627 5749 in
2659 5695 3110 5766 Wesselingiaua_
3133 5693 3362 5766 Diodori
3400 5693 3667 5766 editione)
3711 5693 3934 5754 dicitur

2347 5763 2571 5837 petitum
2617 5784 2646 5820 e
2697 5766 2834 5837 libro
2880 5763 3034 5837 sexto
3086 5763 3336 5837 Diodori;
3387 5781 3572 5837 verum
3637 5763 3937 5826 Eusebiu-.

2349 5835 2493 5892 nunc
2523 5840 2676 5893 docet
2703 5836 2753 5890 id
2791 5835 3057 5906 pertinere
3089 5835 3154 5890 ad
3187 5836 3474 5906 septimum
3506 5836 3731 5892 librum.
