4144 6318
217 383 336 442 289
1473 398 1973 457 CIIRONICORUM
2013 403 2139 459 LIB.
2183 405 2222 459 I.

731 510 882 564 PHE’
917 512 1292 568 ΟΛΥΜΠΙΛΣ.
1380 593 1394 603 χ

215 594 314 649 ιν.
327 595 421 649 ὑπ.
450 598 823 672 Κορνεφηκίου
849 605 943 658 καὶ
967 606 1268 677 Πομπηΐου.

212 690 300 742 A'.
327 689 421 742 61:.
463 691 780 747 Ἀντωνίνου
806 696 900 749 καὶ
923 691 1181 764 Λίϐωνος.

213 781 303 834 Εν.
331 781 426 835 ὑπ.
464 783 810 840 Ὀκταϐίανοῦ
837 788 1146 858 Αὐγούστου
1177 791 1270 847 καὶ
1295 794 1620 867 Κικέρωνος.

214 875 319 930 ετ.
346 873 440 928 ὑπ.
483 873 830 933 Ὀκταϐιανοῦ
868 883 1175 951 Αὐγούστου
1213 885 1275 940 τὸ
1297 886 1341 958 β’
1367 888 1460 941 καὶ
1485 887 1788 961 Κορϐιλίου.

711 992 877 1062 Ριιεῖν
915 997 1288 1055 ΟΛΥΜΠΙΑΣ.

208 1079 298 1132 Ζ¹.
324 1079 416 1133 ὑπ.
457 1080 806 1137 Ὀκταϐιανοῦ
836 1087 1144 1156 Αὐγούστου
1165 1090 1227 1143 τὸ
1251 1098 1300 1160 γ’
1325 1093 1420 1147 καὶ
1443 1095 1718 1165 Κράσσου.

1765 544 1798 568 ο
1832 529 1875 584 Α
2246 576 2252 584 .
2342 518 2627 585 CLXXXV
2648 529 3030 588 'OLYMPIAS.

1897 611 1984 668 Ill.
2026 614 2316 672 Cornificio
2345 627 2399 674 et
2426 619 2685 693 Pompeio
2719 641 2867 682 coss.
2956 658 2962 668 -

1896 701 1984 758 IV.
2019 704 2294 762 Antonino
2321 716 2375 762 et
2401 707 2605 765 Libone
2635 727 2782 768 coss.

1895 793 1960 847 V.
1999 794 2295 852 Octaviano
2321 797 2565 870 Augusto
2593 809 2644 858 et
2673 795 2938 862 Cicerone
2965 822 3111 864 coss.

1894 883 1984 941 Vl.
2019 885 2317 945 Octaviano
2343 887 2588 962 Augusto
2627 909 2665 948 ιι
2694 906 2747 950 et
2779 896 3017 954 Carvilio
3043 915 3189 956 coss.

2319 1003 2626 1078 CLXXXVI
2660 1007 3029 1068 OLYMPIAS.

1891 1090 2005 1145 VII.
2036 1091 2332 1150 Octaviano
2350 1096 2596 1168 Augusto
2626 1116 2683 1153 ιιι
2717 1109 2772 1156 ct
2793 1101 2996 1158 Crasso
3023 1118 3170 1159 coss.

209 1174 306 1227 ll’.
334 1174 428 1230 61:.
487 1177 838 1232 Ὀκταϐιανοῦ
887 1181 1196 1250 Αὐγούστου
1233 1185 1296 1239 τὸ
1330 1186 1372 1238 δ’
1397 1187 1490 1241 καὶ
1537 1189 1790 1260 Κράσσου

1620 1190 1790 1244 mam,
1891 1179 2024 1237 VIll.
2056 1182 2351 1240 Octaviano
2378 1185 2625 1258 Augusto
2656 1205 2710 1245 Iv
2737 1201 2792 1246 et
2812 1191 3013 1274 Crasso
3042 1208 3082 1249 ιι
3112 1211 3256 1284 coss:

291 1264 352 1317 τὸ
381 1265 442 1318 B'.

291 1265 352 1317 τὸ
411 1271 442 1318 ’.

207 1355 298 1408 θ’.
466 1357 940 1433 Ἀενοϐἀρϐουνκαὶ
977 1366 1236 1421 Σωσσίου.

164 1520 170 1524 _
209 1447 277 1501 ιο.
309 1449 401 1503 ὑπ.
446 1451 792 1508 Ὀκταϐιανοῢ
820 1457 1125 1526 Αὐγούστου
1167 1461 1229 1514 τὸ
1254 1468 1294 1514 ε’
1323 1463 1416 1516 καὶ
1449 1463 1784 1538 Ἀπουληῖου.

690 1566 835 1618 PIIZ'
875 1567 1248 1635 O'AYMIIIAE.

213 1647 322 1702 IA’.
354 1649 447 1704 61:.
481 1651 829 1707 Ὀκταϐίανοῦ
860 1655 1164 1725 Αὐγούστου
1190 1660 1252 1712 τὸ
1285 1667 1338 1725 ς’
1362 1663 1455 1715 καὶ
1490 1662 1783 1736 Ἀγρίππα.

1889 1354 1981 1410 IX.
2014 1355 2329 1414 Enobarbo
2356 1366 2412 1414 et
2443 1359 2601 1416 Sosio
2627 1375 2776 1418 coss.

1876 1446 1957 1524 _X.
1988 1448 2281 1506 Octaviano
2303 1451 2546 1523 Augusto
2579 1469 2612 1506 v
2639 1461 2694 1509 et
2725 1456 2952 1526 Apuleio
2980 1471 3125 1514 coss.

2249 1562 2628 1633 ,CLXXXVII
2661 1563 3032 1623 OLYMPIAS.

1885 1648 1978 1705 XI.
2012 1649 2310 1710 Octaviano
2330 1653 2574 1725 Augusto
2605 1671 2659 1708 vt
2681 1663 2734 1711 et
2763 1656 3001 1729 Agrippa
3028 1673 3174 1716 coss.

213 1741 320 1794 IB'.
362 1743 454 1795 ὑπ.
501 1744 848 1799 Ὀκταϐίανοῦ
872 1747 1179 1816 Αὐγούστου
1209 1751 1270 1803 τὸ
1311 1753 1355 1817 ζ’
1387 1755 1481 1806 καὶ
1516 1755 1787 1825 Ἀγρίππα

1652 1756 1787 1810 ίππα
1887 1740 2001 1798 XII.
2039 1741 2338 1800 Octaviano
2370 1747 2616 1819 Augusto
2643 1765 2716 1804 vn
2738 1757 2792 1808 et
2823 1751 3058 1822 Agrippa
3083 1768 3118 1805 ιι
3145 1767 3288 1808 coss.

288 1832 346 1884 τὸ
369 1835 436 1903 β’.

213 1923 314 1979 ﬂ".
349 1926 442 1978 61:.
485 1927 833 1983 Ὀκταϐιανοῦ
859 1930 1169 2001 Αὐγούστου
1195 1934 1256 1988 τὸ
1275 1941 1326 2005 η’
1358 1937 1450 1990 καὶ
1477 1937 1708 2010 Ταύρου.

212 2013 313 2068 IA'.
344 2015 437 2070 61:.
483 2016 828 2074 Ὀκταϐίανοῦ
853 2022 1159 2091 Αὐγούστου
1181 2024 1243 2078 τὸ
1277 2025 1320 2078 6⁸
1349 2029 1441 2080 καὶ
1466 2027 1708 2114 Σιλανοῦ.

716 2131 873 2186 PIIH'
911 2113 1288 2193 υΛΥιιιιιιΑΣ.

212 2212 312 2266 IE'.
348 2216 443 2270 61:.
487 2217 834 2275 Ὀκταϐιανοὺ
877 2225 1186 2292 Αὐγούστου
1223 2228 1284 2280 τὸ
1325 2234 1354 2281 ι’
1383 2229 1476 2282 καὶ
1513 2231 1778 2287 Φλάκκου.

214 2301 310 2340 l”!
357 2306 379 2336 ,τ

214 2337 283 2353 -ια
316 2345 329 2353 .
360 2337 379 2353 ιι

213 2301 330 2371 εἴτ’.
357 2306 450 2360 ὑπ.
499 2293 844 2367 Ὀκταϐιᾶνοῦ
877 2316 1183 2384 Αὐγούστου
1215 2318 1275 2371 τὸ
1304 2327 1370 2371 ια’
1399 2322 1492 2374 καὶ
1521 2322 1778 2389 Πίσωνος.

213 2396 308 2450 IZ'.
334 2399 430 2453 61:.
471 2400 816 2459 Ὀκταϐίανοῦ
840 2406 1146 2475 Αὐγούστου
1164 2407 1225 2460 τὸ
1244 2408 1309 2480 ιβ’
1330 2411 1422 2463 καὶ
1452 2410 1776 2484 Ἀρουντίου.

213 2489 317 2542 1Η¹.
347 2491 442 2546 ὑπ.
471 2493 678 2577 Κέλσου
707 2497 798 2551 καὶ
827 2497 1096 2570 Τιϐερίου,

707 2611 855 2664 ΡΠΘ¹
895 2611 1267 2671 ΟΛΥΜΠῙΑΣ.

221 2695 320 2747 ΙΘ¹.
351 2696 448 2751 ὑπ.
478 2697 698 2754 Λολλίου
738 2702 832 2756 καὶ
861 2703 1111 2758 Λεπίδου.

217 2785 304 2839 K'.
340 2787 448 2840 61:.
498 2789 811 2861 'Amu).r"iou
851 2791 944 2845 καὶ
976 2793 1178 2865 Νερϐά.

228 2876 357 2928 KA'.
393 2877 489 2930 61:.
522 2879 876 2949 Σατουρνίλου
905 2881 998 2934 καὶ
1028 2883 1384 2955 Λουκρητίου.

213 2964 341 3019 KB'.
368 2966 462 3018 61:.
492 2969 787 3023 Λεντούλου
812 2970 906 3024 καὶ
931 2973 1245 3029 Λεντούλου.

715 3081 850 3135 PIII'
890 3082 1263 3140 ΟΛΥΜΠῙΑΣ.

215 3167 343 3223 ΚΡ.
372 3168 465 3223 ὑπ.
499 3171 791 3226 Λεντούλου
820 3173 882 3228 τὸ
915 3174 959 3245 β’
991 3176 1085 3230 καὶ
1110 3179 1427 3250 Κορνηλίου.

211 3257 339 3309 KA'.
372 3258 465 3312 61:.
503 3261 783 3332 Φορνικίου
812 3263 906 3317 καὶ
939 3263 1184 3324 Σιλανοῦ.

209 3349 345 3402 κε’.
379 3351 471 3405 ὑπ.
507 3354 766 3424 Δομετίου
801 3356 896 3410 καὶ
943 3358 1320 3433 Ἀενοϐάρϐου.

210 3439 362 3506 κεῖν.
402 3442 493 3495 ὐπ.
534 3443 775 3510 Λίϐωνος
809 3447 904 3502 καὶ
925 3447 1184 3516 Πίσωνος.
1359 3440 1382 3456 ⁸

700 3556 876 3610 PIIIA'
915 3561 1288 3620 ΟΛΥΜΠΙΑΣ.

207 3643 340 3694 ΚΖ’.
365 3642 454 3695 ὑπ.
478 3645 734 3716 Κράσσου
768 3647 863 3700 καὶ
894 3650 1208 3708 Λεντούλου.

205 3733 348 3785 κιῐν.
384 3735 475 3788 ὑπ.
510 3737 758 3807 Νέρωνος
791 3740 886 3792 καὶ
918 3741 1155 3813 Κλάρον.

207 3823 343 3878 KG’.
368 3826 458 3879 61:.
492 3829 749 3884 Μεσσαλὰ
774 3831 865 3884 καὶ
891 3817 1168 3904 Κυρινίου.

205 3915 288 3968 Α⁹.
326 3915 418 3969 ὑπ.
461 3917 791 3980 Ῥουϐελλίου
826 3923 919 3976 καὶ
944 3925 1282 3998 Σατορνίνου.

689 4034 864 4088 ΡΠΙΒ¹
902 4036 1276 4095 ΟΛΥΜΠΙΑΣ.

204 4116 335 4170 ΛΝ.
363 4119 454 4175 61:.
488 4122 736 4194 Μαξίμου
774 4126 868 4178 καὶ
912 4127 1272 4200 Τουϐέρὶυνος.

202 4209 332 4263 AB'.
365 4213 454 4264 61:.
499 4214 822 4285 ’Λφρικανοῦ
851 4218 944 4270 καὶ
976 4219 1226 4291 Μαξίμου
1252 4221 1311 4275 τὸ
1345 4222 1410 4292 β’.

200 4299 328 4351 ΛΡ.
366 4301 451 4352 61:.
485 4303 716 4372 Δρούσου
748 4306 844 4358 καὶ
881 4308 1200 4378 Κρισπίνου.

199 4393 325 4444 ΑΔΕ
357 4392 448 4445 61:.
478 4395 814 4466 Κενσωρῖνου
848 4400 942 4451 καὶ
972 4401 1194 4456 Γάλλου.

587 4517 590 4525 '
676 4510 848 4563 PIIIF’
890 4512 1259 4571 ΟΛΥΜΠΙΑΣ.

200 4595 328 4648 ΛΕ’.
355 4595 443 4650 ὑπ.
477 4598 723 4670 Νέρωνος
746 4601 808 4655 τὺ
839 4601 882 4673 β’
913 4606 1006 4658 καὶ
1034 4607 1273 4672 Πίσωνος
1296 4611 1355 4664 τὺ
1388 4613 1448 4682 β’.

184 4685 330 4750 ’Λς¹.
358 4686 448 4740 ὑπ.
471 4689 675 4744 Βάλϐου
698 4694 791 4746 καὶ
825 4694 1074 4767 Βετέρου.

197 4777 324 4830 ΛΖ’.
355 4779 445 4832 ὑπ.
484 4780 831 4837 Ὀκταϐίανοῦ
864 4787 999 4854 Αὐγ.
1036 4787 1095 4840 τὸ
1121 4796 1186 4856 ιγ’
1220 4791 1309 4843 καὶ
1340 4793 1554 4847 Σύλλου.

199 4869 337 4923 AH’.
371 4869 459 4923 61:.
491 4872 714 4926 Σαϐίνου
739 4876 832 4928 καὶ
871 4878 1171 4949 Ῥουφίνου.

673 4987 845 5041 ΡΠΙΔ’
895 4991 1264 5046 ΟΛΥΜΠΙΑΣ.

197 5075 326 5130 ΛΘν.
355 5077 442 5129 ὑπ.
483 5076 830 5133 Ὀκταϐία.νοῦ
862 5081 996 5149 Αὑγ.
1018 5083 1080 5136 τὸ
1115 5083 1172 5135 ιδ’
1205 5087 1296 5136 καὶ
1329 5086 1565 5141 Σιλανοῦ.

196 5168 287 5220 Μ’.
323 5167 416 5221 ὑπ.
448 5168 741 5222 Λεντούλου
771 5171 1031 5236 Πίσωνος.

196 5259 338 5313 MA’.
375 5261 463 5320 61:.
496 5262 756 5316 Πουϐλίου
777 5262 1050 5336 Καίσαρος
1083 5270 1174 5321 καὶ
1199 5269 1428 5325 Παύλου.

197 5349 334 5403 MB’.
365 5351 454 5405 61:.
489 5353 784 5406 Ουίνδικίου
813 5355 902 5421 καὶ
933 5357 1162 5429 Οὐάρου.

439 5503 458 5520 .
555 5447 576 5456 ’
673 5467 848 5520 PIIIE'
897 5469 1265 5523 ΟΛΥΜΠΙΑΣ.

196 5552 331 5606 Ml".
367 5551 454 5605 ὑπ.
481 5555 688 5624 Λαμίου
716 5557 808 5608 καὶ
829 5557 1137 5629 Σερϐηλίου.

194 5646 329 5697 MA'.
375 5643 460 5697 61:.
489 5646 704 5714 Μάγνου
732 5649 822 5702 καὶ
854 5649 1130 5718 Βαλερίου.

196 5734 332 5790 ME’.
373 5734 458 5788 61:.
489 5736 714 5789 Λεπίδου
752 5740 842 5791 καὶ
874 5740 1139 5806 Πλάγκου.

197 5826 352 5890 Μετ’.
389 5827 478 5880 ὑπ.
500 5825 745 5897 Τιϐερίου
777 5830 1047 5902 Καίσαρος
1076 5835 1168 5885 καὶ
1192 5833 1539 5907 Καπήτωνος.

1810 1877 1854 1932 Β
1883 1922 2024 1979 XIII.
2061 1923 2359 1983 Octaviano
2384 1927 2630 2002 Augusto
2655 1946 2754 1987 vm
2785 1940 2839 1989 ct
2871 1931 3051 1990 Tauro
3078 1949 3220 1992 coss.

1882 2013 2020 2069 XIV.
2045 2016 2342 2075 Octaviano
2373 2022 2620 2093 Augusto
2644 2040 2696 2079 ιι
2722 2033 2776 2080 et
2811 2023 2995 2082 Silano
3023 2043 3168 2085 coss.

2285 2134 2639 2190 CLXXXVIII
2677 2137 3043 2196 OLYMPIAS.

1882 2221 1998 2275 XV.
2032 2221 2330 2279 Octaviano
2360 2228 2605 2298 Augusto
2625 2245 2659 2282 ι
2685 2239 2738 2283 ct
2767 2229 2965 2300 Flacco
2990 2246 3134 2307 coss.

1880 2314 2018 2370 XVI.
2052 2314 2345 2372 Octaviano
2381 2318 2627 2390 Augusto
2660 2337 2714 2376 χι
2746 2330 2800 2377 et
2834 2323 3030 2381 Pisone
3055 2341 3199 2382 coss.

1879 2404 2041 2460 XVII.
2071 2406 2367 2464 Octaviano
2394 2410 2636 2482 Augusto
2665 2428 2742 2466 xu
2769 2424 2824 2468 et
2853 2412 3085 2469 Aruntio
3110 2431 3254 2472 coss.

1879 2497 2067 2556 XVIII.
2096 2500 2257 2557 Celso
2281 2511 2334 2558 et
2365 2501 2582 2559 Tiberio
2609 2521 2754 2561 coss.

2301 2613 2615 2669 CLXXXIX
2652 2613 3020 2674 OLYMPIAS.

1878 2701 2021 2756 XIX.
2053 2701 2228 2757 Lollio
2251 2710 2306 2759 et
2331 2703 2535 2780 Lepido
2551 2721 2696 2760 coss.

1876 2793 1993 2848 XX.
2029 2795 2256 2864 Apuleio
2278 2804 2328 2850 et
2351 2795 2524 2851 Nerva
2543 2811 2693 2852 coss.

1875 2886 2014 2942 XXI.
2045 2886 2322 2943 Saturnilo
2346 2895 2402 2943 et
2430 2886 2682 2944 Lucretio
2715 2904 2863 2948 coss.

1877 2978 2037 3034 XXII.
2070 2978 2298 3036 Lentulo
2315 2986 2370 3037 et
2390 2979 2618 3036 Lentulo
2643 2996 2793 3039 coss.

2401 3093 2533 3149 CXC
2563 3092 2928 3150 OLXMPIAS.

1798 3223 1844 3283 ε
1879 3181 2069 3237 XXIII.
2105 3183 2333 3238 Lentulo
2359 3201 2400 3238 ιι
2437 3194 2491 3283 et
2516 3185 2770 3241 Cornelio
2790 3201 2933 3243 coss.

1874 3274 2061 3330 XXIV.
2093 3276 2346 3331 Fornicio
2375 3284 2428 3331 et
2455 3274 2639 3331 Silano
2668 3293 2812 3335 coss.

1870 3362 2034 3417 XXV.
2070 3363 2302 3419 Domitio
2329 3372 2384 3420 et
2414 3363 2730 3443 fEnobarbo
2757 3382 2901 3424 coss.

1869 3453 2055 3510 XXVI.
2089 3455 2297 3513 Libone
2317 3465 2371 3512 ct
2402 3457 2600 3513 Pisone
2629 3473 2775 3514 coss.

2353 3568 2512 3626 CXCI
2568 3569 2868 3627 OLYMPIA
2880 3571 2939 3628 3.

1866 3658 2078 3715 XXVII.
2111 3659 2310 3716 Crasso
2338 3670 2392 3716 et
2422 3661 2652 3716 Lentulo
2690 3677 2834 3718 coss.

1864 3751 2098 3805 XXVIII.
2129 3752 2345 3809 Nerone
2366 3766 2419 3810 et
2440 3755 2601 3809 Claro
2633 3771 2777 3809 coss.

1864 3844 2048 3900 XXIX.
2086 3844 2313 3916 Messala
2337 3853 2389 3898 ct
2420 3839 2640 3915 Cyrinio
2666 3860 2809 3900 coss.
2854 3838 2856 3840 ’

1866 3936 2029 3990 XXX.
2073 3936 2322 3992 Rubellio
2350 3947 2401 3991 et
2421 3933 2718 3992 Saturnino
2741 3952 2886 3993 coss.

2351 4048 2535 4104 CXCII
2568 4048 2934 4105 OLYMPIAS.

1860 4137 2049 4192 XXXI.
2085 4138 2317 4195 Maximo
2338 4149 2391 4195 et
2421 4141 2708 4197 Tuberone
2728 4157 2874 4197 coss.

1860 4229 2073 4286 XXXII.
2109 4231 2366 4286 Africano
2392 4240 2446 4288 et
2499 4232 2734 4286 Maximo
2761 4247 2801 4286 ιι
2827 4248 2972 4289 coss.

1857 4319 2096 4374 XXXIII.
2129 4321 2304 4376 Druso
2326 4330 2379 4375 et
2405 4321 2660 4390 Crispino
2690 4337 2836 4379 coss.

1857 4409 2093 4464 XXXIV.
2124 4411 2426 4465 Censorino
2459 4418 2512 4464 ct
2534 4411 2687 4468 Gallo
2715 4429 2861 4470 coss.

2339 4521 2543 4577 CXCIII
2569 4523 2955 4611 OLYMPIASX

1859 4629 2070 4685 XXXV.
2093 4631 2305 4689 Nerone
2333 4650 2370 4688 ιι
2395 4643 2449 4690 et
2473 4635 2669 4691 Pisone
2702 4651 2742 4689 ιι
2774 4652 2920 4694 coss.

1857 4721 1898 4773 X
1911 4721 2102 4782 XXVI.
2123 4722 2288 4778 Balbo
2319 4733 2374 4780 et
2400 4725 2594 4782 Vetere
2639 4742 2782 4783 coss.

1856 4812 2116 4868 XXXVII.
2151 4813 2447 4870 Octaviano
2485 4816 2622 4887 Aug.
2656 4835 2753 4873 xm
2783 4827 2837 4875 et
2867 4818 3011 4890 Sylla
3048 4837 3192 4879 coss.

1853 4904 2135 4962 XXXVIII.
2164 4905 2365 4961 Sabino
2388 4915 2442 4962 et
2471 4906 2664 4964 Rulino
2685 4926 2834 4985 coss.

2325 5016 2529 5072 CXCIV
2561 5017 2924 5074 OLYMPIAS.

1849 5102 2087 5156 XXXIX.
2113 5102 2408 5159 Octaviano
2436 5106 2571 5176 Aug.
2602 5121 2693 5160 xtv
2719 5114 2774 5160 et
2797 5103 2980 5161 Silano
3001 5123 3147 5164 coss.

1851 5195 1958 5248 XL.
1984 5194 2210 5249 Lentulo
2238 5206 2290 5250 ct
2310 5196 2504 5251 Pisone
2524 5212 2666 5251 coss.

1849 5286 1983 5342 XLI.
2017 5286 2206 5342 Publio
2233 5289 2444 5343 Caesare
2475 5297 2527 5343 et
2557 5288 2724 5343 Paulo
2752 5304 2895 5346 coss.

1846 5376 2002 5431 XLII.
2037 5377 2284 5432 Vindicio
2304 5388 2357 5432 et
2384 5379 2546 5434 Vario
2575 5397 2717 5436 coss.
2855 5376 2862 5384 ’

2335 5490 2514 5545 cxcv
2545 5491 2907 5575 ouums.

1843 5576 2026 5631 XLIII.
2058 5575 2242 5629 Lamia
2265 5586 2318 5631 et
2350 5579 2577 5634 Servilio
2609 5597 2751 5658 coss.

1845 5667 2023 5723 XLIV.
2056 5668 2246 5738 Magno
2264 5675 2316 5724 ct
2343 5671 2555 5726 Valerio
2586 5689 2731 5729 coss.

1840 5759 1993 5813 XLV.
2031 5760 2230 5829 Lepido
2262 5770 2314 5816 et
2346 5762 2547 5818 Planco
2569 5767 2714 5821 δοες.

1840 5851 2245 5907 XLVLTibcrio
2266 5854 2473 5910 Caesare
2501 5864 2555 5911 et
2575 5858 2834 5926 Capitone
2854 5872 2998 5914 coss.
