4108 6314
718 414 823 470 :295
1399 403 1679 460 'EUSEBII
1717 401 2191 477 C/ESARIENSIS
2225 400 2376 458 OPP.
2417 399 2597 455 PARS
2636 400 2677 456 I.
2709 431 2776 441 —
2815 367 3197 454 HISTORICA.
3811 393 3936 450 296

787 525 1036 582 Vitellius
1053 537 1239 579 mense
1272 521 1482 592 imperii
1510 519 1718 575 decimo
1743 520 1796 574 in
1829 518 2031 589 palatio
2056 526 2141 573 est
2171 515 2257 572 in-
2286 521 2330 580 Α

2313 526 2330 579 ι
2425 499 3072 586 Οὐϊτέλλιος-βασιλεύσας
3097 514 3268 585 μῆνας
3293 519 3344 580 ι’,
3371 511 3580 584 ἐσφάγη
3613 511 3670 566 ἑν
3701 510 3778 582 τῷ
3809 528 3935 564 πα-

715 624 1038 686 teremptus.
1960 683 1966 691 ι

1960 683 1966 691 ι
2363 608 2529 678 λατίῳ
2545 653 2553 661 λ,
2563 604 2797 678 Ῥώμης.

787 708 1152 762 Romanorum
1179 703 1471 773 imperator
1503 699 1593 755 VII
1616 698 1988 771 Vespasianus
2008 706 2077 753 ab
2104 714 2262 767 exer-

2443 697 2722 768 Ῥωμαίων
2739 695 2781 760 ζ’
2804 693 3143 748 ἐϐασίλευσεν
3178 690 3576 756 Οὐεσπασιανὸς
3601 690 3697 763 ἐτη
3717 691 3784 755 θ’,
3815 690 3939 762 μῆ-

714 802 830 856 citu
865 800 1090 864 electus,
1122 797 1283 853 annis
1312 813 1389 860 Ix,
1417 796 1695 851 mensibus
1721 808 1800 858 ιι,
1821 793 2012 848 diebus
2046 807 2178 846 xm.

2361 805 2458 852 νας
2491 794 2580 853 ια’,
2612 786 2822 859 ἡμέρας
2851 785 2957 856 κβι,
2987 785 3276 855 στέψαντας
3300 784 3461 840 αὑτὸν
3482 783 3574 840 τοῦ
3592 780 3875 858 στρατοῦ.

836 943 839 946 -
1199 906 1381 963 ccxu
1410 902 1777 960 OLYMPIAS.
2090 884 2102 892 '

2090 884 2102 892 '
2872 900 2990 954 Σιιιι
3027 899 3399 954 οΑΥΜιιιΑΣ.

719 1002 762 1057 I.
795 999 962 1055 Galba
986 1007 1041 1055 et
1067 998 1190 1053 Tito
1219 998 1415 1052 Ruﬁno
1437 1011 1583 1051 coss.

2362 993 2440 1049 A'.
2480 992 2577 1049 61:.
2617 988 2798 1044 Γαλϐἁ
2826 990 2921 1044 καὶ
2951 990 3110 1044 Τίτου
3143 989 3444 1060 Ῥουφίνου.

720 1092 784 1146 II.
819 1089 1152 1161 Vespasiano
1181 1089 1312 1157 imp.
1346 1087 1462 1142 solo
1490 1101 1604 1141 eos.

2361 1085 2438 1140 B'.
2479 1085 2573 1137 61:.
2613 1080 3014 1136 Οὐεσπασιανοῦ
3045 1081 3443 1153 αὐτοκράτορος
3471 1079 3649 1151 μόνου.

721 1182 808 1236 lll.
843 1181 1178 1252 Vespasiano
1201 1179 1330 1247 imp.
1366 1193 1402 1230 II
1427 1185 1481 1232 et
1505 1174 1678 1230 Nerva
1707 1190 1853 1231 coss.

2359 1174 2435 1230 I".
2477 1175 2569 1226 61:.
2611 1171 3010 1226 Οὐεσπασιανοῦ
3044 1172 3334 1251 αὐτοκράτ.
3368 1170 3429 1224 τὸ
3458 1171 3499 1240 β’
3523 1170 3615 1224 καὶ
3639 1169 3889 1241 Νεροῦα.

722 1272 812 1328 IV.
847 1271 1182 1341 Vespasiano
1203 1268 1445 1337 Angusto
1477 1281 1535 1320 ιιι
1563 1277 1616 1320 et
1642 1265 1766 1320 Tito
1788 1280 1933 1321 coss.

2360 1267 2435 1319 A'.
2477 1267 2572 1319 61:.
2612 1263 3014 1335 Οὐεσπασιανοῦ
3035 1264 3341 1334 Αὐγούστου
3369 1263 3430 1317 τὸ
3465 1262 3513 1330 γ’
3537 1262 3626 1316 καὶ
3657 1261 3855 1314 Τίτου.

1190 1378 1392 1434 CCXIII
1448 1375 1813 1434 OLVMPIAS.

1778 1377 1813 1429 5.
2848 1384 2855 1390 ’
2872 1378 2988 1431 ΣΙΓ¹
3027 1376 3400 1432 ΟΛΥΜΠΙΑΣ.

721 1474 788 1529 V.
824 1473 1155 1542 Vespasiano
1184 1472 1432 1541 Augusto
1463 1485 1515 1527 Iv
1535 1474 1589 1522 et
1620 1465 1744 1520 Tito
1789 1480 1826 1519 II
1862 1459 2018 1520 coss.

2361 1468 2439 1521 E'.
2479 1468 2571 1520 61:.
2612 1467 3022 1521 Οὐεσπασιανοῦ
3037 1468 3342 1536 Αὐγούστου
3357 1465 3418 1520 τὸ
3433 1466 3474 1518 δ’
3490 1464 3748 1518 καὶΤίτου
3765 1462 3835 1516 τὸ
3851 1461 3932 1533 β’.
3960 1532 3965 1535 _

723 1562 810 1618 VI.
837 1561 1214 1617 Demitiano’et
1239 1560 1526 1615 Messalino
1555 1574 1702 1614 coss.

2362 1558 2453 1623 ς’.
2476 1557 2568 1609 ὑπ.
2608 1558 2926 1628 Δομετιανοῦ
2955 1559 3046 1611 καὶ
3069 1558 3424 1613 Μεσσαλίνου.
3667 1553 3671 1555 ’

729 1654 833 1706 VII.
866 1653 1199 1723 Vespasiano
1229 1651 1477 1721 Augusto
1505 1665 1540 1703 γ
1563 1659 1616 1703 et
1637 1647 1761 1701 Tito
1796 1663 1853 1700 Ill
1883 1662 2024 1703 coss.

2360 1648 2436 1699 Z'.
2475 1646 2568 1700 61:.
2609 1647 3009 1707 Οὐεσπασιανοῦ
3025 1648 3334 1717 Αὐγούστου
3349 1648 3410 1701 τὸ
3425 1653 3466 1700 ε’
3487 1644 3578 1701 καῖ
3594 1645 3750 1700 Τίτου
3765 1646 3834 1698 τὸ
3848 1651 3929 1713 γ’.

722 1741 856 1795 VIII.
890 1739 1222 1810 Vespasiano
1253 1738 1390 1807 Aug.
1415 1752 1466 1789 γι
1491 1745 1544 1791 et
1573 1736 1696 1792 Tito
1725 1752 1778 1790 Iv
1810 1752 1952 1793 coss.

2361 1737 2442 1789 Ην.
2477 1737 2575 1791 ιὺπ.
2615 1737 3018 1792 Οὐεσπασιανοῦ
3033 1736 3336 1807 Αὐγούστου
3351 1739 3414 1792 τὸ
3430 1745 3481 1804 ς’
3500 1739 3591 1792 καὶ
3603 1737 3758 1790 Τίτου
3773 1738 3844 1791 τὸ
3858 1736 3930 1790 δ’.

1172 1895 1175 1898 .
1204 1845 1407 1902 CCXIV
1425 1845 1789 1902 OLYMPIAS.
2295 1856 2340 1912 Β
2498 1837 2500 1839 ’

2295 1856 2340 1912 Β
2498 1837 2500 1839 ’
2876 1851 2993 1903 ΣιΔο
3030 1850 3406 1904 οΑΥΜιιιΑΣ.
3505 1850 3521 1858 ί

722 1939 812 1998 IX.
845 1938 1179 2009 Vespasiano
1211 1937 1454 2007 Augusto
1485 1952 1560 1990 vn
1594 1945 1648 1991 et
1680 1934 1803 1990 Tito
1831 1951 1865 1989 ν
1898 1950 2042 1992 coss.

2365 1938 2442 1990 8'.
2483 1939 2574 1991 61:.
2601 1939 3005 1993 Οὐεσπασιανοῦ
3024 1942 3327 2008 Αὐγούστου
3346 1941 3407 1993 τὸ
3422 1938 3466 2004 ζ’
3481 1941 3574 2013 καὶ
3589 1939 3744 1994 Τίτου
3762 1939 3828 1992 τὸ
3854 1945 3927 1992 ε’.

730 2031 798 2086 X.
833 2031 957 2085 Tito
989 2047 1042 2084 νι
1071 2038 1124 2085 et
1154 2029 1459 2083 Domitiano
1490 2042 1527 2080 ιι
1555 2042 1701 2081 coss.
1802 2083 1807 2086 ,

2367 2030 2422 2083 I'.
2465 2032 2556 2084 61:.
2599 2031 2754 2084 Τίτου
2787 2032 2848 2085 τὸ
2882 2038 2934 2096 ς’
2960 2033 3053 2085 καὶ
3077 2032 3400 2103 Δομετιανοῦ
3426 2032 3490 2084 τὸ
3517 2032 3580 2102 β’.

801 2120 914 2175 Hoc
958 2135 1099 2174 anno
1138 2119 1504 2186 Vespasianus
1556 2116 1849 2191 imperator
1911 2116 2099 2191 morbo
2145 2129 2269 2169 cor-

2450 2122 2538 2174 Ἐν
2564 2121 2736 2193 τούτῳ
2765 2122 2841 2192 τῷ
2865 2123 3038 2195 χρόνῳ
3062 2123 3204 2194 νόσῳ
3233 2124 3442 2194 βληθεὶς
3471 2125 3878 2190 Οὐεσπασιανὸς
3899 2129 3935 2179 ὀ

725 2219 930 2281 reptus,
970 2224 1035 2263 ex
1073 2210 1374 2265 defectione
1403 2213 1650 2274 moritur,
1687 2225 1859 2264 annos
1878 2218 2038 2262 natus
2071 2223 2196 2261 nx.

1909 2218 2038 2262 latus
2071 2223 2196 2261 nx.
2368 2213 2617 2282 βασιλεὺς
2643 2214 2899 2285 παρεθεὶς
2927 2215 3171 2287 τελευτᾷ,
3206 2215 3281 2269 ὣν
3310 2218 3443 2270 ἐτῶν
3471 2224 3531 2271 o'.

797 2301 1161 2356 Romanorum
1203 2304 1496 2373 imperator
1538 2301 1652 2356 VIII
1691 2301 1868 2365 Titus,
1915 2303 2060 2356 illius
2105 2291 2265 2364 Illius,

2447 2305 2726 2376 Ῥωμαίων
2739 2313 2788 2376 η’
2808 2307 3147 2361 ἐϐασίλευσεν
3168 2307 3343 2374 Τίτος,
3357 2309 3386 2363 ὁ
3402 2311 3512 2374 υίὸς
3534 2309 3827 2382 αὐτοῦ,ἕτη
3854 2309 3928 2382 β.

728 2408 886 2446 (“IIIIS
925 2409 985 2445 II.

728 2484 766 2538 I.
798 2483 918 2537 Tito
942 2485 1187 2559 Augusto
1205 2499 1279 2538 vn
1301 2491 1355 2539 et
1380 2482 1773 2542 Domitianam
1812 2486 1957 2538 coss.

2365 2482 2452 2544 Αδ.
2489 2491 2584 2545 ὑπ.
2624 2491 2781 2544 Τίτου
2809 2492 3113 2560 Αὐγούστου
3141 2493 3202 2546 τὸ
3231 2493 3274 2558 ζ’
3303 2495 3396 2547 καὶ
3415 2492 3816 2562 Δομετιανοῦτδ
3848 2498 3930 2561 Υ.

727 2573 790 2626 ll.
813 2573 980 2627 Galba
1005 2585 1056 2628 et
1082 2573 1322 2628 Pollione
1345 2588 1491 2628 coss.
2177 2588 2183 2595 ·

2177 2588 2183 2595 ·
2367 2579 2442 2634 Β’.
2483 2581 2576 2634 ὑπ.
2616 2581 2793 2635 Γαλϐὰ
2821 2583 2912 2635 καὶ
2940 2583 3286 2647 Πουλλίωνος.

799 2663 893 2719 His
920 2664 1191 2734 praedictis
1228 2679 1370 2720 coss.
1401 2665 1550 2736 gravi
1580 2656 1770 2719 morbo
1792 2677 2088 2734 Oppressus
2115 2661 2270 2716 Titus

2451 2672 2570 2725 Ἐπὶ
2597 2672 2703 2725 τῶν
2746 2673 3115 2744 προκειμένων
3161 2674 3379 2728 ὑπάτων
3419 2675 3576 2729 πάθει
3603 2674 3757 2746 δεινῷ
3784 2651 3938 2747 βλη-Δ

728 2765 952 2811 mortem
982 2758 1114 2810 obiit
1145 2771 1315 2811 annos
1342 2764 1505 2810 natus
1525 2773 1656 2811 XLII.
1825 2774 1828 2777 ·

1825 2774 1828 2777 ‘
2368 2761 2481 2826 θεὶς
2507 2763 2662 2827 Τίτος
2690 2766 2974 2830 ἀπέθανεν,
3002 2767 3078 2820 ὢν
3105 2767 3238 2822 ἐτῶν
3274 2768 3400 2840 μβ¹.1

798 2845 1161 2900 Romanorum
1181 2847 1473 2916 imperator
1505 2851 1571 2905 IX
1605 2845 1941 2901 Domitianus
1971 2846 2128 2902 annis
2159 2863 2244 2900 τισι

2159 2863 2244 2900 m
2450 2842 2730 2926 Ῥωμαίων
2756 2857 2798 2911 θ’
2816 2857 3158 2934 ἐϐασίλευσεν
3193 2861 3512 2932 Δομετιανὸς
3543 2860 3634 2931 ἔτη
3664 2866 3757 2924 ις’-

712 3015 714 3018 ,
1215 2951 1394 3013 CCXV
1421 2956 1784 3012 OLYMPIAS.

1779 3000 1784 3011 ι
2614 3001 2616 3007 ν
2877 2972 2998 3026 ΣΙΕ¹
3033 2973 3401 3030 ΟΛΥΜΠΙΑΣ.

729 3048 771 3102 I.
797 3046 1099 3104 Domitiano
1129 3049 1374 3121 Angusto
1399 3065 1453 3104 Iv
1482 3057 1536 3104 et
1567 3048 1770 3105 Sabino
1797 3065 1942 3106 coss.

2365 3064 2445 3112 A'.
2483 3061 2580 3115 ὑπ.
2616 3063 2935 3132 Δομετιανοῦ
2963 3048 3267 3134 Αὐγούστου
3287 3066 3347 3119 τὸ
3367 3067 3407 3119 δ’
3429 3069 3522 3122 καὶ
3545 3069 3765 3122 Σαϐίνου

729 3138 792 3194 ΙΙ.
827 3139 1132 3196 Domitiano
1157 3142 1401 3213 Augusto
1437 3157 1472 3196 γ
1502 3148 1556 3197 et
1579 3140 1702 3196 Tito
1726 3141 1865 3197 Rufo
1892 3158 2035 3198 coss.
2293 3184 2338 3246 c

2306 3184 2338 3246 Β
2367 3148 2442 3202 B'.
2482 3152 2575 3205 ὑπ.
2609 3153 2929 3224 Δομετιανοῦ
2940 3156 3247 3224 Αὐγούστου
3262 3159 3322 3212 τὸ
3338 3166 3378 3212 ε’
3393 3161 3485 3213 καὶ
3498 3161 3652 3213 Τίτου
3668 3158 3928 3230 Ῥούφου.

728 3229 817 3284 ΙΙΙ.
844 3228 1148 3284 Domitiano
1169 3229 1410 3301 Augusto
1433 3248 1485 3286 τι
1521 3242 1576 3286 et
1607 3231 1808 3288 Sabino
1830 3248 1976 3288 coss.
2296 3228 2338 3246 ν

2296 3228 2338 3246 ν
2368 3242 2441 3295 Γ’.
2483 3245 2576 3298 ὑπ.
2614 3247 2936 3320 Δομετιανοῦ
2956 3251 3262 3320 Αὐγούστου
3285 3253 3345 3307 τὺ
3373 3262 3425 3320 ς’
3447 3257 3541 3308 καὶ
3568 3228 3807 3309 Σαϐίνου.

729 3317 818 3373 IV.
849 3318 1151 3373 Domitiano
1182 3319 1425 3390 Augusto
1451 3337 1526 3375 vn
1551 3329 1605 3376 et
1630 3321 1821 3376 Fulvio
1850 3338 1994 3378 coss.

2372 3335 2444 3388 Δ’.
2485 3337 2578 3389 ὑπ.
2615 3319 2939 3407 Δομετιανοῦ
2965 3317 3271 3411 Αὐγούστου
3298 3345 3360 3397 τὸ
3382 3317 3435 3409 ξ’
3460 3347 3554 3399 καὶ
3575 3346 3846 3402 Φουλϐίου.

1203 3421 1411 3486 CCXVI
1439 3419 1802 3491 OLVMPIAS.
1925 3509 1929 3512 ι
2714 3517 2716 3519 b

1791 3479 1802 3491 .
1925 3509 1929 3512 ,
2714 3517 2716 3519 >
2871 3453 3005 3521 Σιφ
3043 3455 3413 3512 οΑΥΜΠιΑΣ.

731 3520 796 3576 V.
825 3521 1130 3578 Domitiano
1149 3522 1390 3593 Augusto
1415 3539 1514 3580 vIII
1537 3535 1590 3580 et
1620 3526 1887 3582 Dolabella
1912 3542 2056 3582 coss.

2372 3539 2449 3592 E'.
2488 3540 2582 3593 61:.
2622 3517 2939 3612 Δομετιανοῦ
2962 3517 3269 3613 Αὐγούστου
3295 3550 3357 3604 τὸ
3387 3557 3436 3622 η’
3476 3550 3570 3604 καὶ
3600 3552 3923 3611 Δολαεελλά.

733 3611 822 3664 Vl.
857 3612 1158 3667 Domitiano
1195 3613 1437 3683 Augusto
1461 3631 1512 3668 Ix
1545 3623 1599 3670 et
1622 3614 1914 3694 saturnino
1939 3632 2080 3671 coss.

2374 3633 2462 3697 ς’.
2491 3633 2582 3684 ὑπ.
2624 3634 2943 3702 Δομετιανοῦ
2963 3636 3267 3704 Αὐγούστου
3295 3640 3354 3693 τὸ
3375 3641 3418 3694 θ’
3437 3643 3529 3696 καὶ
3550 3644 3923 3716 Σατουρνίνου.

732 3699 848 3753 VII.
877 3700 1180 3756 Domitiano
1208 3702 1502 3771 Augusto:
1525 3711 1576 3757 et
1605 3701 1727 3758 Tito
1759 3702 1899 3758 Rufo
1920 3719 1959 3780 II
1989 3721 2132 3761 coss.

2372 3724 2446 3776 Z'.
2487 3724 2578 3776 ὑπ.
2617 3699 2936 3794 Δομετιανοῦ
2957 3699 3090 3796 Αὑγ.
3109 3731 3212 3784 τὺι⁹
3228 3732 3321 3784 καὶ
3337 3733 3495 3787 Τίτου
3520 3699 3739 3805 Ῥούφού
3765 3737 3825 3790 τὸ
3848 3737 3922 3806 β’.

734 3789 869 3844 VIII.
901 3790 1089 3849 Fulvio
1119 3807 1158 3845 II
1195 3801 1249 3848 et
1275 3793 1526 3848 Atratino
1549 3809 1697 3850 coss.

2374 3811 2456 3866 H'.
2494 3814 2587 3865 ὑπ.
2626 3789 2880 3870 Φουλϐίου
2901 3817 2961 3870 τὸ
2989 3818 3032 3888 β’
3049 3789 3153 3873 ’καὶ
3187 3822 3517 3891 Ἀτρατίνου.

1193 3921 1419 3977 CCXVII
1443 3921 1811 3980 OLYMPIAS.

1777 3923 1811 3980 ι.
2860 3927 2995 4001 .szr
3033 3929 3399 3983 ΟΛΥΜΠΙΑΣ.

739 4011 829 4067 IX.
859 4011 1163 4067 Domitiano
1193 4013 1434 4083 Augusto
1458 4030 1510 4068 XI
1543 4024 1596 4070 et
1625 4014 1799 4071 Nerva
1828 4032 1970 4074 coss.

2374 4011 2450 4063 9'.
2491 4013 2586 4066 ὑπ.
2624 4016 2944 4084 Δομετιανοῦ
2965 4018 3271 4086 Αὐγούστου
3291 4021 3351 4073 τὸ
3375 4028 3440 4074 ια’
3468 4023 3808 4095 καὶΝεροῦα.
3865 4013 3867 4016 Α

736 4103 804 4158 Χ.
840 4102 1126 4157 Glabrione
1155 4112 1210 4158 et
1237 4102 1471 4174 Trajano
1496 4119 1643 4161 coss.

2375 4102 2431 4155 I'.
2471 4104 2563 4156 ὑπ.
2607 4104 2983 4176 (Γ)λα6ρίωνος
3015 4109 3109 4161 καὶ
3139 4110 3426 4180 Τραϊανοῦ.
3485 4088 3487 4092 ί

736 4190 828 4245 XI.
853 4191 1156 4246 Domitiano
1183 4191 1426 4261 Augusto
1451 4203 1601 4250 met
1630 4194 1923 4253 Saturnino
1956 4214 2101 4256 coss.
2139 4205 2142 4208 ’

2377 4196 2478 4248 ΙΑ’.
2517 4196 2611 4248 ὑπ.
2651 4197 2970 4266 Δομετιανοῦ
2994 4199 3297 4267 Αὐγούστου
3314 4203 3375 4255 τὸ
3396 4204 3460 4274 ιβ’
3476 4205 3568 4258 καὶ
3585 4206 3921 4278 Σατορνίνου.

739 4280 854 4336 XII.
879 4280 1137 4350 Pompeio~
1160 4291 1212 4337 et
1245 4281 1499 4352 Crispino
1521 4299 1665 4357 coss.

2376 4275 2473 4338 IB‘.
2520 4285 2612 4338 61:.
2651 4287 2935 4357 Πομπηΐου
2971 4289 3065 4341 καὶ
3090 4291 3407 4362 Κρισπίνου.

1178 4400 1430 4475 CCXVIII
1455 4419 1821 4480 OLYMPIAS.

1791 4425 1821 4480 ἰ.
2883 4398 3006 4455 ΣΙΗ⁹
3046 4401 3413 4460 ΟΛΥΜΠΙΑΣ.

743 4507 874 4566 XIII.
903 4509 1206 4565 Domitiano
1236 4510 1478 4583 Augusto
1530 4527 1630 4566 xm
1674 4521 1727 4568 et
1775 4513 1958 4570 Flavio
2005 4501 2282 4572 Clemente
2309 4516 2352 4571 D

2309 4516 2352 4571 Β
2377 4484 2474 4537 ΙΡ.
2515 4484 2606 4538 ὑπ.
2647 4488 2966 4557 Δομετιανοῦ
3003 4492 3306 4561 Αὐγούστου
3338 4495 3399 4548 τὸ
3446 4502 3515 4564 ιγ’
3560 4497 3654 4550 καὶ
3695 4498 3926 4554 Φλαυτου

741 4615 884 4655 coss.
1054 4594 1058 4598 ’

1322 4575 1347 4583 ⁷
2447 4575 2775 4646 Κλήμεντος.

744 4689 881 4745 XIV.
911 4690 1209 4760 Asprenate
1237 4697 1290 4746 et
1317 4691 1581 4748 Laterano
1605 4707 1748 4748 coss.

2379 4665 2477 4718 IA'.
2516 4667 2610 4720 ὑπ.
2663 4669 3022 4740 Ἀσπρενάτου
3058 4673 3149 4726 καὶ
3177 4674 3503 4744 Λαπράνου.

741 4778 856 4833 XV.
880 4756 1181 4834 Domitiano
1205 4797 1294 4834 xw
1323 4788 1376 4835 et
1403 4779 1677 4838 Clemente
1707 4800 1747 4837 II
1778 4798 1921 4840 coss.

2379 4757 2477 4808 IE'.
2511 4756 2613 4810 ὑπ.
2651 4759 2970 4828 Δομετιανοῦ
2994 4763 3128 4829 Αὑγ.
3151 4761 3212 4815 τὸ
3229 4763 3301 4817 ιδ’
3322 4766 3416 4819 καὶ
3446 4765 3755 4838 Κλήμεντος
3773 4768 3834 4824 τὸ
3850 4769 3926 4842 β’.

744 4869 884 4923 XVI.
910 4859 1130 4924 Valente
1163 4878 1216 4923 et
1247 4869 1439 4924 Vetere
1464 4884 1608 4926 coss.

2379 4847 2494 4912 ις’.
2535 4846 2629 4899 ὑπ.
2671 4850 2963 4914 Οὐάλεντος
2997 4853 3090 4904 καὶ
3113 4853 3360 4925 Βετέρου.

810 4961 1144 5018 Domitianus
1159 4962 1485 5024 occisusest,
1517 4976 1606 5016 an.
1639 4969 1904 5023 natam.“

1828 4980 1904 5019 LV.
2447 4939 2765 5007 Δομετιανὸς
2793 4941 3050 5012 ἀνηρὲθη,
3078 4941 3153 4995 ὢν
3184 4945 3318 4998 ὲτῶν
3350 4955 3450 5018 με’.

791 5051 1176 5107 Romanorum
1207 5051 1496 5120 imperator
1524 5050 1573 5105 Χ
1597 5051 1768 5106 Nerva
1801 5068 1941 5110 anno
1968 5071 2004 5108 I.

2461 5027 2741 5098 Ῥωμαίων
2767 5036 2796 5082 ι’
2827 5029 3169 5086 ἐϐασίλευσεν
3193 5036 3433 5106 Νεροῦας
3462 5037 3580 5102 ἔτος
3604 5046 3673 5094 α’.

1215 5139 1424 5196 CCXIX
1456 5140 1816 5196 OLVMPIAS.
2546 5145 2550 5147 ’

2546 5145 2550 5147 “
2885 5144 3006 5197 ΣΙΘ¹
3043 5144 3416 5202 ΟΛΥΜΠΙΑΣ.

749 5233 787 5286 I.
811 5229 981 5285 Nerva
1009 5230 1251 5299 Augusto
1279 5241 1332 5285 et
1354 5231 1476 5286 Tito
1505 5231 1648 5286 Rufo
1681 5249 1741 5287 III
1773 5249 1894 5288 coss
2027 5259 2030 5264 ·
2302 5253 2309 5260 ‘

2377 5228 2456 5281 A'.
2496 5229 2589 5282 ὑπ.
2628 5229 2840 5301 Νεροῦα
2869 5233 3173 5301 Αὐγούστου
3201 5235 3294 5288 παὶ
3324 5237 3486 5290 Τίτου
3517 5237 3742 5306 Ῥούφου
3767 5242 3827 5296 τὸ
3855 5250 3930 5311 γ’.

816 5315 985 5370 Nerva
1040 5315 1229 5372 morbo
1282 5317 1619 5373 conﬂictatus
1644 5321 1766 5374 vita:
1805 5321 1963 5376 ﬁnem
2009 5321 2133 5377 fecit
2162 5339 2278 5378 VIII.

2448 5320 2690 5390 Νεροῦας
2725 5323 2956 5391 νοσήσας
2998 5325 3367 5396 ἐτελεύτησεν
3395 5326 3502 5398 πρὸ
3547 5334 3595 5398 η’
3639 5330 3936 5390 Καλενδῶν

749 5404 968 5460 Kalend.
997 5404 1295 5462 Februarii.
1684 5439 1689 5445 ι
2325 5453 2328 5456 ~

2325 5453 2328 5456 .
2379 5413 2756 5485 Φεϐρουαρίου.
3513 5442 3519 5451 ·

821 5494 1178 5549 Romanorum
1203 5498 1333 5567 imp.
1365 5496 1435 5549 XI
1458 5498 1724 5570 Trajanus
1755 5517 1842 5555 an.
1869 5519 1979 5559 six.

2459 5505 2739 5576 Ῥωμαίων
2769 5515 2833 5558 ια’
2863 5509 3204 5563 ἐϐασίλευσεν
3233 5511 3507 5583 Τραῦανὺς
3531 5513 3624 5587 ἔτη
3659 5516 3747 5574 ιθτ.

750 5583 792 5638 I.
819 5584 1047 5652 Trajano
1077 5585 1315 5654 Augusto
1347 5590 1460 5642 solo
1481 5605 1591 5645 eos.
2369 5594 2372 5599 ⁴

2369 5594 2455 5646 Ἀ¹.
2497 5596 2589 5648 ὑπ.
2630 5597 2893 5668 Τραϊανοῦ
2921 5602 3224 5670 Αὐγούστου
3258 5603 3435 5674 μόνου.

755 5676 815 5727 11.
842 5673 1019 5729 Palma
1049 5686 1101 5732 et
1127 5677 1422 5736 Senecione
1450 5697 1590 5737 coss.

2384 5684 2454 5735 B'.
2497 5686 2588 5737 ὑπ.
2629 5688 2826 5757 Παλμὰ
2858 5693 2948 5743 καὶ
2981 5673 3319 5758 Σενεκίωνος.
3412 5728 3424 5735 -

754 5762 835 5817 ιιι.
865 5762 1095 5833 Trajano
1127 5768 1362 5840 Augusto
1396 5786 1432 5837 II
1479 5781 1531 5826 et
1552 5772 1812 5827 Pontiano
1841 5789 1979 5828 coss.

2385 5777 2454 5827 I".
2499 5778 2588 5830 ὑπ.
2628 5780 2889 5850 Τραῖανοῦ
2918 5783 3220 5850 Αὐγούστου
3255 5786 3314 5838 τὸ
3346 5787 3391 5856 β’
3421 5787 3513 5841 καὶ
3540 5770 3854 5848 Ποντιανοῦ.
