4144 6318
346 418 456 472 309

339 532 421 581 A'.
453 531 542 582 ὑπ.
574 532 754 602 Κάρου
783 538 872 588 καὶ
900 537 1152 606 Χαρίνου..

839 649 990 717 Σεσι
1024 652 1391 720 οΛΥΜιιιΑΣ.

339 749 416 802 B'.
447 751 538 805 ὑπ.
567 755 937 826 Διοκλητιανοῦ
972 761 1062 812 καὶ
1086 761 1312 815 Βάσσου.

339 841 416 896 Γ’.
447 845 536 898 ὑπ.
567 849 798 918 Καρίνου
822 852 882 904 τὸ
919 853 969 921 βξ
997 856 1088 907 καὶ
1118 857 1506 928 Νουμεριανοῦ.

409 934 590 1005 Κάρος
625 941 963 1012 ἐκεραυνώθη
1001 946 1057 997 ἐν
1092 949 1157 1016 τῇ
1201 949 1606 1020 Μεσοποταμίᾳ.
1654 951 1885 1023 Τελευτᾷ

336 1026 571 1096 Καρῖνος
607 1029 678 1081 ὢν
723 1033 857 1084 ἐτῶν
925 1034 1031 1102 λςΐ.
1059 1030 1188 1089 Εἶτα
1229 1035 1484 1106 σφάζεται
1526 1041 1885 1111 Νουμεριανὸς

335 1115 394 1167 ἐν
415 1117 652 1188 Περίνθῳ
678 1121 776 1191 τῆς
798 1121 1016 1203 Θρᾴκης
1042 1129 1108 1197 τῇ
1134 1127 1226 1180 νῦν
1253 1130 1554 1204 καλουμένῃ
1591 1131 1884 1204 Ἡρακλείᾳ

337 1207 442 1261 ὑπὸ
472 1211 675 1282 Ἀπρου
696 1215 953 1286 ἐπάρχου.

418 1384 696 1454 Ῥωμαίων
724 1387 799 1455 λγ¹
825 1389 1161 1446 ἐϐασίλευσεν
1185 1394 1553 1466 Διοκλητιανὸς
1590 1398 1682 1470 ἐτη
1712 1386 1800 1453 κ’(

331 1562 410 1613 Α’.
565 1564 936 1648 Διοκλητιανοῦ
965 1570 1098 1638 Αὐγ.
1121 1570 1182 1624 τὸ
1209 1570 1252 1641 pr
1280 1575 1370 1626 καὶ
1394 1575 1809 1646 Ἀριστοϐούλου.

333 1655 408 1707 B'.
444 1657 534 1708 ὑπ.
567 1658 812 1728 Μαξίμου
839 1661 929 1712 καί
970 1661 1261 1718 Ἀκυλίνου.

837 1773 969 1826 ΣΞΖ¹
1002 1776 1374 1831 υΛΥΜΠΙΑΣ.

1499 425 1584 482 CII
1593 426 2036 484 RONICORUUM
2077 428 2201 486 LIB.
2243 430 2287 487 Ι.

1915 557 1959 613 Α
1987 542 2028 598 1.
2063 543 2202 599 Caro
2230 553 2282 600 et
2317 545 2511 602 Carino
2540 563 2684 606 coss.

3419 445 3519 500 '5l0

2436 661 2684 730 (1cm!
2713 661 3074 731 OLYMPIAS.

1987 769 2048 828 II.
2069 772 2398 828 Diocletiano
2422 782 2476 828 et
2509 774 2677 832 Basso
2703 791 2845 832 coss.

1986 863 2070 918 III.
2093 863 2291 935 Carinp
2318 880 2357 920 ιι
2377 872 2430 920 et
2452 864 2778 921 Numeriano
2795 867 2954 930 Teoss.

2052 956 2224 1012 Carus
2258 957 2481 1013 fulmine
2513 959 2654 1017 ictus
2680 967 2764 1015 est
2787 961 2841 1014 in
2872 961 3269 1035 Mesopotamia.
3293 963 3521 1024 Carinas

1985 1059 2157 1099 annos
2190 1058 2350 1101 natus
2400 1062 2565 1114 xxxv:
2617 1050 2866 1116 moritur.
2922 1051 3123 1115 Deinde
3166 1052 3521 1110 Numerianus

1984 1135 2244 1215 Perinthi,
2277 1137 2331 1190 in
2363 1136 2605 1193 Thracia:
2647 1140 2882 1206 civitate,
2937 1158 3099 1214 quam
3153 1159 3297 1199 nunc
3353 1142 3521 1200 Hera-

1984 1229 2154 1284 cleam
2184 1240 2398 1295 vocant,
2449 1232 2516 1286 ab
2551 1232 2694 1301 Apro
2738 1233 2988 1304 praefecto
3036 1238 3273 1307 praetorii
3312 1239 3520 1294 interli-

1982 1317 2144 1388 citur.

2049 1407 2415 1464 Romanorum
2443 1411 2736 1482 imperator
2774 1414 2984 1470 XXXIII
3015 1417 3398 1488 Diocletianus,
3419 1435 3515 1474 an-

1981 1500 2067 1556 nis
2097 1518 2184 1556 xx.
2818 1498 2821 1499 7
3064 1526 3066 1528 '

1983 1594 2021 1647 I.
2058 1593 2382 1648 Diocletiano
2405 1593 2648 1665 Augusto
2681 1612 2719 1650 ιι
2757 1606 2811 1650 et
2836 1597 3142 1654 Aristobulo
3167 1615 3311 1656 coss.
3397 1643 3402 1667 ,

1980 1681 2043 1736 Il.
2078 1682 2308 1739 Maximo
2335 1693 2388 1740 et
2420 1685 2673 1754 Aquilino
2696 1673 2838 1741 coss.

2410 1796 2679 1853 CCLXVII
2719 1797 3084 1856 OLYMPIAS.

327 1881 404 1935 Ρ.
435 1882 528 1935 ὑπ.
573 1883 943 1954 Διοκλητιανοῦ
968 1874 1271 1956 Αὐγούστου
1305 1891 1367 1945 τὸ
1400 1895 1448 1961 γ’
1477 1897 1566 1948 καὶ
1607 1895 1880 1967 Μαξιμια-
1910 1910 1952 1965 Β

1910 1910 1952 1965 Β
1981 1907 2065 1962 Ill.
2086 1909 2432 1981 Diocletiano
2458 1912 2698 1986 Augusto
2724 1929 2783 1968 ιιι
2811 1921 2866 1970 et
2906 1915 3228 1972 Maximiano
3256 1917 3516 1974 Herculeo

404 1971 495 2028 νοῦ
535 1973 834 2046 Ἑρκουλίου
865 1978 1188 2048 Αὐγούστου.

325 2067 369 2116 Δ
388 2061 412 2118 ξ
430 2065 525 2119 ὑπ.
551 2066 886 2139 Μαξιμιανοῦ
924 2072 1229 2143 Ἑρκουλίου
1249 2075 1307 2127 τὸ
1334 2075 1377 2145 β’
1403 2079 1493 2130 καὶ
1533 2080 1874 2151 Ἰανουαρίου.

329 2154 374 2206 ε
397 2194 411 2207 .
442 2155 534 2207 ὑπ.
568 2156 774 2232 Βάσσου
802 2161 894 2212 καὶ
917 2162 1230 2216 Κυντιανοῦ.

324 2247 418 2312 ς’.
450 2246 542 2299 ὑπ.
569 2248 942 2318 Διοκλητιανοὺ
966 2254 1271 2320 Αὐγούστου
1295 2256 1355 2309 τὸ
1378 2259 1421 2311 δ’,
1440 2260 1530 2313 καὶ
1545 2261 1875 2332 Μαξιμιανοῦ

411 2337 711 2408 Ἑρκουλξου
741 2341 1045 2409 Αὐγούστου
1077 2345 1138 2398 τὸ
1158 2351 1225 2412 γ’.

821 2455 962 2509 ΣΞΗ⁹
1004 2458 1372 2513 ΟΛΥΜΠΙΑΣ.

323 2565 401 2616 2‘.
434 2564 527 2616 ύπ.
561 2564 874 2636 Τιὸεριανοῦ
901 2569 992 2634 καὶ
1015 2570 1228 2633 Δίωνος.
1261 2578 1266 2582 ’

324 2656 410 2708 H'.
443 2657 534 2709 ὑπ.
576 2657 965 2712 Ἀννιϐαλιανοῦ
991 2662 1080 2713 καὶ
1120 2663 1576 2736 Ἀσκληπιοδὸτου.

320 2745 402 2797 6'.
429 2748 522 2798 ὑπ.
551 2748 924 2819 Διοκλητιανοῦ
948 2753 1251 2820 Αὐγούστου
1279 2756 1336 2807 τὸ
1355 2761 1516 2810 ε’-καὶ
1539 2759 1874 2829 Μαξιμιανοῦ

408 2838 710 2908 Ἐρκουλίου
739 2842 1044 2909 Αὐγούστου
1072 2843 1129 2894 τὸ
1153 2843 1214 2898 δ’.

317 2932 380 2982 1⁸.
408 2930 500 2982 ὑπ.
525 2931 891 2984 Κωνσταντίου
917 2933 1189 3004 Καίσαρος
1211 2935 1656 3008 καὶ-Μάξιμιανού
1695 2940 1870 2995 Ἰοϐίου

393 3024 680 3094 Καίσαρος.

825 3139 960 3191 ΣΞΘ¹
1000 3140 1369 3194 ΟΛΥΜΠΙΑΣ.

315 3253 427 3305 ιΑν.
460 3251 551 3304 ὑπ.
587 3251 823 3307 Τούσκου
847 3256 939 3308 καὶ
972 3254 1317 3309 Ἀνουλλίνου.

313 3343 424 3395 IB’.
463 3346 553 3396 ὑπ.
584 3344 955 3416 Διοκλητιανοῦ
987 3346 1288 3415 Αὐγούστου
1311 3347 1370 3400 τὸ
1395 3354 1446 3412 ς’
1468 3351 1559 3402 καὶ
1585 3352 1870 3405 Κωνσταν-

394 3435 508 3487 τῑου
541 3438 809 3511 Καίσαρος
833 3438 893 3490 τὸ
915 3438 976 3507 β’.

315 3527 402 3580 ιιη
433 3527 526 3578 ὑπ.
558 3527 889 3598 Μαξιμιανοῦ
919 3531 1226 3601 Ἐρκουλίου
1251 3531 1310 3585 τὸ
1343 3539 1382 3584 ε’
1408 3533 1497 3586 καὶ
1538 3534 1871 3605 Μαξιμιανοῦ

415 3617 598 3670 Ἰοὸίου
628 3617 898 3690 Καέσαρος
920 3608 979 3673 τὸ
1005 3621 1069 3689 β’.

315 3713 425 3765 lA'.
461 3710 554 3763 ὑπ.
595 3711 820 3764 Ἀνικίου
853 3713 1089 3766 Φαύστου
1116 3716 1206 3767 καὶ
1231 3715 1465 3787 Σεϐήρου
1493 3716 1709 3770 Γάλλου.

839 3826 932 3878 Σο¹
971 3827 1339 3880 ΟΑΥΜΠΙΑΣ.

311 3940 424 3994 ιε’.
462 3939 554 3993 ὑπ.
584 3939 954 4012 Διοκλητιανοῦ
998 3942 1298 4010 Αὐγούστου
1323 3943 1382 3995 τὸ
1418 3942 1459 4006 ζ’
1481 3944 1572 3997 καὶ
1598 3944 1871 4014 Μαξιμια-

392 4033 486 4087 νοῦ
525 4032 827 4104 Ἑρκουλξου
846 4033 1148 4102 Αὐγούστου
1177 4035 1235 4085 τὸ
1264 4040 1335 4098 ς’.
1636 4083 1640 4088 .

310 4127 442 4192 ΙΕΓ.
473 4126 567 4178 ὑπ.
615 4125 984 4180 Κωνσταντίου
1011 4127 1282 4198 Καίσαρος
1323 4127 1382 4179 τὸ
1409 4135 1454 4195 γ’
1485 4128 1576 4180 καὶ
1600 4125 1866 4198 Μαξιμια-

391 4213 485 4266 νοῦ
522 4215 704 4268 Ἰοὸίου
729 4214 788 4268 τὺ
811 4221 879 4284 γ’.

307 4307 422 4358 1Ζ’.
456 4303 546 4356 ὑπ.
575 4303 819 4358 Τιτιανοῦ
850 4306 940 4358 καὶ
966 4305 1329 4360 Νεπωτιανοὺ.

304 4396 426 4463 lIi'.
468 4393 559 4446 ὑπ.
591 4395 959 4448 Κωνσταντίου
993 4397 1265 4468 Καίσαρος
1305 4398 1364 4451 τὸ
1401 4401 1440 4450 δ’
1483 4401 1572 4452 καὶ
1600 4400 1870 4469 Μαξιμια-

389 4481 482 4538 νοῦ
508 4483 805 4552 Αὐγούστου
832 4485 1104 4557 Καίσαρος
1128 4487 1188 4538 τὸ
1205 4487 1265 4540 δ’.

830 4599 970 4652 ΣΟΑ⁹
997 4598 1363 4652 ΟΛΥΜΠΙΑΣ.

305 4710 424 4764 }6'.
457 4708 546 4760 ὑπ.
597 4708 968 4780 Διοκλητιοινοὺ
1015 4709 1314 4778 Αὐγούστου
1348 4710 1407 4762 τὸ
1457 4717 1502 4781 η’
1551 4713 1641 4763 καὶ
1697 4712 1865 4777 Μαξι-

391 4799 580 4872 μιανοῦ
609 4800 699 4851 τοῦ
730 4800 1033 4870 Ἐρκουλίου
1058 4803 1116 4854 τὺ
1147 4802 1208 4865 ζ’.

299 4899 401 4952 K'.
433 4896 526 4948 ὑπ.
579 4893 954 4964 Διοκλητιανοῢ
1009 4895 1312 4963 Αὐγούστου
1355 4895 1415 4946 τὸ
1462 4893 1503 4945 θ’
1560 4896 1650 4946 καὶ
1703 4895 1864 4960 Magi-

389 4989 580 5059 μιανοῦ
623 4986 922 5057 Ἐρκουλῐου
953 4986 1012 5038 τὸ
1037 4993 1104 5056 η’.

309 5083 614 5152 Ῥωμαίων
656 5079 727 5147 λδ¹
785 5078 1123 5131 ἐϐασίλευσεν
1170 5080 1196 5130 ὁ
1227 5078 1493 5139 θειότατος
1546 5076 1636 5128 καὶ
1684 5069 1863 5129 πιστό-

386 5190 551 5238 τατος
581 5174 978 5232 Κωνσταντῖνος
1000 5171 1026 5221 ὁ
1058 5171 1263 5238 Μέγας,
1289 5170 1316 5220 ὁ
1340 5171 1449 5232 υἱὸς
1469 5170 1858 5236 Κωνσταντξου,

381 5266 492 5337 πρὸ
515 5272 566 5335 η’
592 5263 880 5318 Καλανδῶν
911 5263 1238 5330 Αὐγούστου,
1269 5261 1360 5332 ἔτη
1394 5262 1492 5323 λα’,
1525 5262 1695 5331 μῆνας
1726 5268 1776 5312 ι’.

288 5367 386 5420 Αθ,
437 5361 532 5410 ὑπ.
586 5354 958 5410 Κωνσταντίου
1025 5353 1299 5422 Καίσαρος
1354 5354 1413 5406 τὸ
1460 5360 1499 5405 ε’
1554 5352 1640 5404 καὶ
1691 5353 1860 5417 Μαξί-

381 5437 581 5524 μιανᾱοῦ
622 5445 804 5498 Ἰοϐίου
830 5445 890 5498 τὸ
917 5452 977 5497 ε’.

288 5546 378 5602 B'.
446 5541 539 5592 ὑπ.
597 5536 970 5591 Κωνσταντίου
1029 5536 1302 5604 Καίσαρος
1353 5536 1411 5587 τὸ
1451 5541 1503 5596 ς’
1562 5533 1653 5586 καὶ
1691 5533 1860 5595 Mati:-

375 5629 575 5708 μισ.νοῦ
619 5627 802 5682 Ἰοεὶου
826 5629 885 5680 τὸ
907 5635 977 5692 ς’.

809 5743 944 5794 ΣΟΒ’
985 5740 1352 5795 ΟΛΥΜΠῘΑΣ.

312 5844 370 5899 Γ¹
431 5842 526 5895 ὑπ.
564 5834 790 5891 Φλαϐίου
824 5833 1214 5888 Κωνσταντίνου
1263 5829 1560 5900 Αὐγούστου
1610 5831 1783 5899 μόνον.

2047 2005 2289 2074 Augusto
2317 2020 2461 2062 coss.

1979 2092 2066 2145 IV.
2092 2094 2413 2150 Maximiano
2443 2093 2704 2152 Herculeo
2735 2113 2774 2151 ιι
2804 2103 2856 2152 et
2889 2095 3144 2151 Januario
3164 2112 3308 2152 coss.

1978 2180 2044 2237 V.
2068 2183 2233 2237 Basso
2255 2193 2307 2238 et
2335 2183 2624 2249 Quintiano
2654 2199 2796 2239 coss.

1977 2272 2063 2327 VI.
2100 2272 2428 2329 Diocletiano
2485 2290 2536 2328 IV
2578 2281 2633 2328 et
2674 2273 3001 2331 Maximiano
3041 2275 3304 2332 Herculeo
3333 2277 3514 2348 Augu-

2046 2373 2132 2421 8ιο
2165 2381 2225 2420 III
2248 2380 2391 2421 COSS.

2390 2475 2683 2532 CCLXVIII
2725 2476 3082 2532 OLYMPIAS.

1978 2590 2085 2646 VII.
2119 2591 2407 2648 Tiberiano
2437 2601 2492 2650 et
2519 2593 2686 2650 Dione
2712 2609 2854 2650 coss.

1976 2682 2108 2738 VIII.
2145 2683 2536 2739 Hannibaliano
2572 2692 2626 2739 et
2655 2683 3032 2754 Asclepiodoto
3051 2700 3196 2741 coss.

1975 2774 2063 2828 IX.
2096 2773 2427 2830 Diocletiano
2469 2775 2761 2847 Augustov
2789 2785 2843 2832 et
2875 2776 3198 2832 Maximiano
3251 2773 3514 2832 I-lerculco

2045 2866 2285 2935 Augusto
2313 2882 2366 2922 IV
2396 2881 2539 2923 coss.
3001 2931 3003 2939 ι

1973 2954 2039 3008 Χ.
2071 2955 2426 3012 Constantino
2445 2957 2656 3014 Caesare
2685 2968 2737 3014 et
2765 2959 3088 3015 Maximiano
3114 2958 3268 3015 Jovio
3304 2959 3518 3016 Casam

2043 3061 2187 3103 (085-

2423 3161 2670 3217 CCLXIX
2698 3161 3058 3217 OLYMPIAS.

1903 3241 1945 3298 ο
1977 3273 2063 3328 XI.
2102 3273 2280 3329 Tusco
2308 3282 2362 3328 et
2390 3274 2643 3328 Anullino
2661 3289 2806 3329 coss.

1973 3363 2086 3418 XII;
2121 3365 2451 3421 Diocletiano
2489 3367 2730 3437 Augusto
2773 3383 2824 3421 vx
2868 3374 2920 3421 et
2963 3367 3275 3423 Constantio
3302 3367 3511 3422 Caesare

2053 3451 2090 3490 II
2121 3450 2263 3491 COSS.

1973 3527 2104 3582 XIII.
2140 3527 2465 3582 Maximiano
2497 3525 2853 3585 'IIerculeo,v
2882 3534 2937 3582 et
2988 3527 3312 3584 Maximiano
3356 3526 3511 3582 Jovio

2051 3618 2261 3673 Caesare
2286 3633 2323 3672 ιι
2347 3633 2491 3674 coss.

1971 3708 2107 3764 XIV.
2137 3708 2327 3764 Anicio
2346 3707 2544 3764 Fausto
2565 3716 2615 3762 et
2645 3709 2844 3765 Severo
2875 3708 3028 3764 Gallo
3053 3725 3196 3766 coss.

2431 3822 2656 3878 CCLXX
2688 3821 3057 3879 OLYMPIAS.

1971 3937 2085 3992 XV.
2145 3937 2477 3992 Diocletiano
2523 3935 2766 4008 Augusto
2808 3926 2889 3991 vn
2934 3946 2985 3992 et
3024 3935 3346 3993 Maximiano
3398 3940 3512 3993 Au-

2039 4036 2200 4100 gusto
2229 4045 2283 4082 v1
2314 4042 2456 4090 coss.

1969 4120 2107 4176 XVI.
2153 4120 2464 4176 Constantio
2533 4119 2744 4175 Caesare
2775 4133 2834 4174 ιιι
2877 4126 2933 4174 et
2973 4117 3294 4187 Maximiano
3351 4120 3505 4176 Jovio

2045 4232 2104 4270 III
2136 4230 2277 4270 COSS.

1967 4306 2128 4361 XVII.
2166 4305 2382 4360 Titiano
2405 4311 2460 4360 et
2487 4302 2781 4374 Nepotiano
2801 4317 2942 4358 coss.

1968 4395 2148 4451 XVIII.
2182 4396 2496 4460 Constantio
2540 4393 2750 4449 Caesare
2777 4410 2830 4448 IV
2878 4401 2931 4448 et
2983 4391 3305 4446 Maximiano
3355 4391 3508 4448 Iovio

2036 4487 2246 4544 Caesare
2277 4504 2330 4542 ιν
2359 4503 2499 4543 coss.

2411 4595 2657 4652 CCLXXI
2685 4594 3052 4650 OLYMPIAS.

1966 4710 2102 4764 XIX.
2132 4709 2461 4765 Diocletiano
2494 4701 2738 4779 Augusto
2769 4723 2862 4759 VIII
2887 4713 2939 4760 et
2961 4704 3284 4767 Maximiano
3312 4703 3508 4760 Hercu-

2036 4806 2116 4856 leo
2150 4819 2215 4854 vu
2241 4817 2384 4856 coss.
2719 4849 2723 4852 .

1963 4895 2080 4950 XX.
2106 4893 2441 4949 Diocletiano
2469 4889 2710 4960 Augusto
2731 4906 2780 4944 ix
2816 4898 2869 4943 et
2893 4889 3212 4942 Maximiano
3245 4884 3506 4941 Herculeo

2032 4999 2124 5039 VIII
2159 4996 2295 5037 COSS.

2034 5077 2398 5130 Romanorum
2434 5072 2563 5142 imp.
2603 5069 2839 5128 XXXIV,
2870 5065 3245 5122 sanctissimus
3280 5074 3331 5120 et
3358 5066 3473 5118 chri

1964 5168 2325 5222 stianissimus
2341 5163 2724 5218 Constantinus
2748 5161 2990 5229 Magnus,
3014 5156 3314 5212 Constantii
3345 5157 3504 5220 ﬁlius,

1962 5276 2022 5311 ex
2043 5275 2092 5312 ιι.
2112 5258 2163 5310 (1.
2185 5272 2275 5309 vm
2294 5255 2516 5310 Kalend.
2538 5254 2784 5323 Augusti,
2815 5252 2968 5304 annis
2993 5264 3138 5309 xm,
3159 5248 3431 5303 mensibus
3449 5263 3502 5300 Χ.

1963 5352 1999 5404 I.
2028 5349 2344 5405 Constantio
2375 5347 2584 5401 Cmsare
2617 5363 2649 5400 ν
2675 5358 2728 5400 et
2761 5343 3083 5396 Maximiano
3118 5333 3269 5393 Iovio
3302 5355 3328 5390 ν
3357 5353 3500 5392 coss.

1963 5530 2022 5586 Il.
2073 5527 2390 5583 Constantio
2429 5523 2636 5580 Caesare
2665 5537 2715 5573 γι
2760 5528 2812 5573 et
2875 5518 3196 5573 Maximiano
3243 5511 3394 5569 Iovio
3450 5529 3501 5567 VI

2032 5637 2171 5674 COSS.

2384 5724 2652 5783 CCLXXII
2706 5718 3070 5777 OLVMPIAS.
3230 5796 3232 5798 ν

1963 5827 2045 5880 111.
2079 5822 2258 5879 Flavio
2290 5821 2641 5878 Constantino
2673 5816 2913 5888 Augusto
2939 5812 3053 5867 solo
3079 5824 3220 5865 coss.
