4108 6314
197 394 284 450 5ιὸ
1365 400 1819 459 CIlRONICORUI

1716 402 1854 459 [ὶοΜ
1893 403 2020 459 LIB.
2062 404 2126 459 ll.
3236 414 3338 469 511

213 576 3135 607 .._._.._____..._____________________________________

752 752 1593 933 EUSEBII
1696 752 2745 932 PAMPHILI

469 1070 1598 1204 CHRONICO'RUM
1672 1072 2138 1200 LIBER
2228 1073 3028 1210 SECUNDUS

828 1310 887 1373 S.
928 1305 1414 1371 BIERONYMO
1456 1303 1959 1369 INTERPRETE
1998 1308 2099 1369 ET
2142 1306 2659 1372 AMPLIATORE

1086 1469 1199 1539 iAd
1230 1469 1481 1533 codices
1512 1468 1847 1537 Vaticanos
1883 1486 2088 1547 nuper
2119 1476 2397 1534 exactus.

319 1773 607 1842 SANCTI
626 1770 1110 1836 HIERONYMI
1138 1730 1435 1831 pum
1447 1768 1585 1831 no
1612 1769 1711 1831 IN
1736 1768 1781 1827 L
1793 1766 1930 1828 wn
1938 1767 2063 1831 ΠΜ
2082 1768 2157 1830 II
2186 1767 2795 1833 CHRONICORUM
2816 1748 3163 1835 EUSEBII

313 1938 637 1995 Hisaozmws
674 1935 971 1992 Viscsnrro
990 1948 1063 1991 ετ
1097 1932 1333 1990 Guteuo
1370 1948 1483 1989 SUIS
1516 1946 1777 1989 SALUTEI.

238 2073 286 2127 1.
307 2071 457 2129 Vetus
474 2074 574 2130 iste
602 2073 927 2129 disertorum
951 2088 1069 2131 mos
1097 2074 1218 2138 fuit,
1246 2070 1617 2128 ut-exercendi
1646 2072 1842 2143 ingenii
1872 2085 2033 2125 causa
2054 2069 2267 2125 Grzecos
2296 2070 2464 2127 libros
2486 2070 2678 2128 Latino
2699 2087 2945 2130 sermone
2968 2072 3333 2138 absolverent,

178 2172 240 2229 et,
267 2168 395 2235 quod
417 2167 534 2235 plus
563 2168 617 2221 in
652 2182 709 2222 se
744 2166 1069 2223 diﬂicultatis
1106 2167 1285 2231 habet,
1301 2162 1551 2237 poemata
1574 2166 1860 2221 illustrium
1894 2167 2153 2229 virorum,
2186 2166 2369 2220 addita
2398 2168 2554 2222 metri
2586 2168 2925 2235 necessitate,
2953 2166 3333 2224 transferrent.

180 2255 311 2313 Unde
340 2267 389 2313 et
418 2268 599 2315 noster
629 2258 838 2316 Tullius
861 2258 1102 2317 Platonis
1123 2262 1359 2331 integros
1386 2248 1552 2313 libros
1586 2260 1650 2313 ad
1684 2260 1904 2317 verbum
1934 2259 2318 2328 interpretatus
2347 2266 2431 2312 est
2463 2276 2477 2312 :
2510 2266 2709 2314 etcum
2737 2261 2958 2315 Aratum
2987 2262 3098 2329 jam
3137 2260 3335 2315 Roma-

175 2366 286 2405 num
313 2353 625 2410 hexametris
650 2332 895 2412 versibus
923 2356 1200 2421 edidisset,
1254 2356 1311 2410 in
1346 2354 1715 2424 Xenophontis
1757 2352 2104 2408 OEconomico
2133 2354 2261 2408 lusit
2297 2372 2310 2407 :
2355 2352 2409 2407 in
2456 2368 2563 2423 quo
2612 2369 2771 2423 opere
2802 2354 2875 2407 ita
2928 2369 3068 2423 saepe
3111 2370 3337 2409 aureum

176 2438 290 2494 illud
313 2441 498 2497 llumen
523 2443 841 2514 eloquentia:
862 2443 1184 2514 quibusdam
1216 2441 1423 2498 scabris
1456 2452 1509 2497 et
1538 2442 1858 2497 turbulentis
1880 2441 2125 2498 obicibus
2156 2440 2476 2512 retardatur,
2495 2450 2553 2497 ut
2578 2443 2670 2513 qui
2696 2443 3041 2511 interpretata
3065 2446 3332 2512 nesciunt,

176 2544 203 2583 a
221 2530 456 2593 Cicerone
486 2534 631 2603 dicta
661 2550 769 2589 non
790 2534 1030 2590 credant.
1063 2532 1284 2590 DilIicile
1309 2541 1392 2590 est
1413 2536 1557 2590 enim
1590 2534 1794 2589 alienas
1819 2535 1987 2589 lineas
2018 2536 2385 2605 insequentem
2410 2551 2517 2590 non
2545 2535 2745 2591 alicubi
2770 2534 3055 2589 excedere:
3080 2537 3330 2601 arduum,

176 2631 228 2680 ut
251 2640 356 2694 qua
382 2626 437 2680 in
482 2627 655 2681 aliena
682 2627 860 2699 lingua
891 2628 1205 2684 bene-dicta
1238 2636 1385 2695 sunt,
1439 2627 1684 2683 eumdem
1710 2628 1957 2683 decorem
2012 2610 2065 2682 in
2090 2628 2442 2685 translatione
2469 2637 2812 2688 conservent.
2849 2629 3216 2700 Signiﬁcatum
3251 2642 3339 2687 est

175 2719 349 2788 aliquid
396 2722 556 2777 unius
595 2721 745 2777 verbi
777 2722 1132 2792 proprietate;
1162 2737 1272 2777 non
1302 2721 1471 2776 habeo
1498 2737 1677 2793 meum,
1705 2738 1813 2791 quo
1843 2720 1898 2775 id
1941 2720 2196 2789 elferam;
2244 2728 2297 2777 et
2351 2721 2478 2777 dum
2525 2737 2709 2793 quaero
2737 2722 2960 2792 implere
2990 2726 3334 2789 sententiam,

172 2811 307 2881 longo
326 2812 521 2867 ambitu
552 2812 641 2865 vix
670 2812 848 2869 brevis
873 2812 971 2867 via:
997 2813 1167 2883 spatia
1195 2828 1530 2868 consummo.
1548 2813 1823 2867 Accedunt
1843 2814 2255 2885 hyperbatorum
2276 2813 2573 2878 anfractus,
2595 2815 3060 2873 dissimilitudines
3089 2835 3335 2887 casuum,

170 2906 374 2962 varietas
406 2907 695 2978 figurarum
730 2926 744 2963 :
795 2908 972 2978 ipsum
1002 2915 1274 2978 postremo
1312 2922 1488 2973 suum,
1520 2916 1593 2972 et,
1647 2916 1706 2961 ut
1737 2908 1810 2961 ita
1842 2909 2040 2975 dicam,
2071 2910 2417 2979 vernaculum
2459 2900 2653 2981 linguae
2695 2926 2881 2977 genus.
2917 2912 2972 2965 Si
3020 2912 3085 2966 ad
3120 2915 3336 2970 verbum

170 2992 480 3065 interpretor,
504 2999 739 3054 absurde
764 3010 985 3054 resonat
1017 3018 1030 3054 :
1068 2999 1115 3060 si
1138 2998 1208 3070 ob
1234 3000 1616 3054 netessitatem
1648 2998 1850 3070 aliquid
1886 3000 1944 3055 in
1970 3000 2157 3055 ordine
2176 3001 2260 3055 vel
2297 3001 2353 3055 in
2384 3014 2630 3055 sermone
2660 3008 2957 3068 mutavero,
2984 3004 3050 3057 ab
3075 3004 3340 3075 interpre-

169 3090 230 3143 tis
262 3088 466 3147 videbor
497 3090 673 3146 oliicio
695 3094 1003 3150 recessisse.

227 3183 276 3237 2.
305 3183 499 3256 Itaque,
523 3186 599 3240 mi
630 3184 883 3241 Vincenti
910 3187 1253 3251 charissime,
1275 3196 1327 3242 et
1352 3193 1411 3241 tu
1434 3186 1653 3242 Galiene
1681 3202 1807 3259 pars
1832 3187 2022 3241 animm
2050 3202 2199 3250 mete,
2218 3186 2464 3252 obsecro,
2497 3194 2555 3258 ut
2586 3170 2846 3258 quidquid
2871 3188 2971 3243 hoc
2996 3190 3336 3246 tumultuarii

169 3280 326 3348 operis
354 3290 453 3347 est,
506 3281 824 3348 amicorum,
853 3298 962 3338 non
990 3282 1234 3353 judicum
1270 3282 1449 3336 animo
1478 3282 1728 3353 relegatis
1762 3301 1775 3336 :
1810 3282 2107 3351 praesertim
2138 3297 2261 3337 cum
2292 3288 2347 3337 et
2388 3282 2633 3346 notario,
2672 3282 2940 3345 utscitis,
2995 3283 3334 3341 velocissime

169 3373 479 3438 «ﬁctaverim,
508 3383 564 3431 et
594 3374 957 3429 dilﬁcultatem
990 3377 1064 3429 rci
1097 3374 1258 3430 etiam
1291 3374 1598 3429 divinorum
1636 3374 1970 3429 voluminum
2027 3373 2386 3428 instrumenta
2435 3380 2723 3439 testentur,
2773 3390 2892 3444 quae
2942 3390 2972 3428 a
3030 3372 3169 3430 LXX
3246 3374 3334 3430 In-

169 3471 469 3540 terpretibus
498 3471 663 3535 edita,
697 3486 806 3524 non
836 3471 1082 3525 eumdem
1111 3484 1358 3539 saporem
1393 3470 1449 3523 in
1499 3466 1685 3523 Graeco
1733 3483 1982 3525 sermone
2037 3467 2368 3524 custodiunt.
2403 3451 2764 3535 Quamobrem
2814 3469 3041 3539 Aquila,
3074 3480 3127 3525 et
3180 3470 3337 3541 Sym-

167 3561 391 3626 machus,
413 3570 465 3616 et
500 3561 1061 3627 TheodotiO'incitati,
1096 3561 1367 3616 diversum
1401 3576 1535 3631 pene
1564 3575 1699 3631 opus
1736 3559 1793 3614 in
1823 3558 2009 3615 eodem
2033 3575 2195 3629 opere
2227 3557 2580 3629 prodiderunt
2612 3576 2625 3613 :
2658 3559 2762 3613 alio
2789 3559 2991 3613 nitente
3018 3560 3239 3614 verbum
3267 3561 3334 3615 de

168 3656 311 3709 verbo
338 3655 655 3725 exprimere,
686 3655 792 3709 alio
817 3668 1034 3709 sensum
1064 3654 1243 3723 potius
1278 3654 1449 3722 sequi,
1481 3653 1637 3708 tertio
1672 3666 1779 3707 non
1811 3652 2042 3706 multum
2081 3666 2112 3705 a
2146 3650 2420 3706 veteribus
2460 3650 2785 3721 discrepare.
2821 3648 3018 3715 Quinta
3052 3661 3247 3716 autem,
3279 3666 3335 3711 er

167 3752 321 3808 sexta,
336 3752 386 3798 et
420 3743 643 3815 septima
665 3741 851 3806 editio,
883 3741 1007 3796 licet
1033 3742 1229 3811 quibus
1258 3751 1580 3797 censeantur
1616 3742 1948 3806 auctoribus,
1970 3742 2271 3813 ignoretur,
2306 3748 2486 3796 tamen
2529 3741 2602 3794 ita
2633 3742 2960 3811 probabilem
2986 3743 3070 3797 sui
3106 3743 3334 3799 diversi-

166 3845 308 3893 tatem
332 3845 530 3903 tenent,
558 3844 619 3891 ut
652 3836 1024 3891 auctoritatem
1060 3836 1178 3891 sine
1210 3836 1518 3891 nominibus
1548 3839 1862 3893 meruerint.
1881 3835 2010 3891 Inde
2041 3837 2175 3891 adeo
2204 3838 2371 3900 venit,
2392 3842 2448 3890 ut
2474 3850 2643 3890 sacrae
2667 3836 2855 3892 littera:
2884 3836 3062 3891 minus
3085 3846 3330 3907 comptre,

166 3929 350 3986 etdure
374 3936 626 3985 sonantes
657 3928 967 3996 videantur;
992 3929 1135 3998 quod
1172 3929 1261 3983 isti
1292 3928 1539 3983 homines
1566 3930 1942 3999 interpretatas
1966 3944 2060 3983 eas
2091 3927 2157 3983 de
2188 3926 2409 3983 Hebraeo
2441 3927 2764 3995 nescientes,
2798 3926 2926 3981 dum
2972 3928 3331 3997 superﬁciem,

164 4032 258 4072 non
306 4020 590 4073 medullam
618 4018 931 4089 inspiciunt,
967 4026 1089 4072 ante
1124 4019 1280 4088 quasi
1306 4025 1507 4074 vestem
1545 4019 1805 4074 orationis
1839 4018 2111 4075 sordidam
2140 4018 2580 4087 perhorrescunt,
2621 4034 2779 4089 quam
2822 4020 3103 4088 pulchrum
3136 4022 3333 4078 intrin-

165 4124 303 4167 secus
328 4127 502 4167 rerum
535 4102 731 4181 corpus
760 4111 1056 4166 inveniant.
1086 4109 1324 4180 Denique
1350 4110 1478 4181 quid
1508 4110 1768 4164 Psalterio
1797 4110 2068 4174 canorius,
2104 4109 2249 4180 quod
2278 4111 2333 4163 in
2366 4126 2570 4167 morem
2617 4112 2789 4167 nostri
2809 4110 3015 4177 Flacci,
3065 4120 3117 4167 et
3161 4111 3325 4169 Graeci

164 4204 383 4271 Pindari,
414 4222 557 4261 nunc
601 4206 779 4260 iambo
811 4204 1003 4269 currit,
1050 4220 1195 4260 nunc
1222 4204 1439 4259 Alcaico
1482 4213 1756 4274 personat,
1807 4220 1953 4258 nunc
1985 4203 2254 4274 Sapphico
2302 4211 2492 4270 tumet,
2523 4222 2668 4261 nunc
2694 4206 2963 4276 semipede
3000 4206 3335 4277 ingreditur?

164 4297 285 4363 Quid
309 4298 703 4354 Deuteronomii
727 4306 779 4351 et
809 4294 960 4350 Isaiae
980 4298 1192 4353 cantico
1210 4296 1527 4366 pulchrius?
1557 4296 1695 4361 Quid
1736 4295 2023 4351 Salomone
2060 4296 2317 4366 gravius?
2338 4295 2478 4362 Quid
2512 4297 2801 4366 perfectius
2830 4296 2967 4352 Job?
2992 4298 3120 4363 Quae
3151 4299 3332 4353 omnia

163 4388 464 4445 hexametris
495 4396 549 4443 et
578 4387 927 4459 pentametris
962 4386 1226 4450 versibus,
1253 4394 1312 4439 ut
1336 4385 1601 4456 Iosephus
1635 4394 1687 4441 et
1720 4385 1979 4456 Origenes
2032 4389 2296 4453 scribunt,
2344 4389 2484 4458 apud
2536 4404 2664 4444 suos
2695 4390 2988 4459 composita
3014 4391 3328 4453 decurrunt.

161 4478 269 4555 Haec
298 4496 418 4536 cum
448 4481 630 4536 Grtece
662 4480 905 4549 legimus,
940 4477 1084 4530 aliud
1113 4477 1366 4546 quiddam
1389 4488 1601 4540 sonant,
1633 4492 1756 4531 cum
1788 4475 1997 4541 Latine,
2029 4479 2242 4547 penitus
2269 4493 2375 4533 non
2398 4478 2689 4533 cohaerent.
2723 4477 2887 4544 Quod
2906 4481 2951 4533 si
2991 4480 3078 4532 cui
3112 4495 3218 4533 non
3250 4480 3333 4534 vi-

162 4574 297 4630 detur
322 4576 515 4648 lingua:
544 4577 771 4648 gratiam
820 4572 1265 4642 interpretatione
1290 4574 1510 4636 mutari,
1541 4573 1829 4626 llomerum
1863 4572 1930 4626 ad
1976 4573 2201 4627 verbum
2246 4573 2513 4641 exprimat
2559 4573 2613 4625 in
2648 4571 2915 4625 Latinum.
2945 4569 3075 4627 Plus
3126 4574 3328 4642 aliquid

162 4667 335 4732 dicam,
366 4670 610 4725 eumdem
643 4669 697 4722 in
732 4682 829 4723 sua
846 4668 1038 4737 'lingua
1063 4680 1236 4735 prosa:
1261 4666 1440 4722 verbis
1473 4667 1878 4738 interpretetur,
1910 4666 2108 4721 videbit
2132 4664 2373 4720 ordinem
2396 4664 2683 4720 ridiculum
2704 4703 2719 4729 ,
2755 4670 2807 4718 et
2835 4666 3048 4733 poetam
3075 4664 3330 4735 eloquen-

161 4760 408 4817 tissimum
438 4764 529 4816 vix
563 4763 886 4832 loquentem.
1880 4818 1893 4841 ε

218 4858 265 4913 5.
298 4856 564 4923 Quorsum
596 4854 735 4910 ista?
768 4852 1023 4923 Videlicet
1055 4859 1114 4905 ut
1142 4868 1248 4905 non
1282 4852 1434 4906 vobis
1486 4853 1683 4906 mirum
1723 4851 1986 4918 videatur,
2034 4852 2080 4905 si
2125 4848 2322 4904 alicubi
2374 4848 2716 4915 oﬂ'endimus,
2755 4849 2799 4904 si
2830 4850 2978 4904 tarda
3011 4849 3185 4903 oratio
3234 4858 3328 4903 aut

161 4950 555 5009 consonantibus
590 4958 891 5018 asperatur,
916 4951 1010 4999 aut
1038 4944 1313 4999 vocalibus
1346 4943 1523 4997 hiulca
1555 4944 1641 5017 vel
1667 4943 1839 4999 divisa
1874 4943 1951 5007 ﬁt,
1985 4951 2076 4997 aut
2104 4957 2281 4995 rerum
2324 4942 2563 5011 ipsarum
2609 4941 2869 4995 brevitate
2915 4940 3324 5007 constringitur,

162 5058 265 5097 cum
288 5027 635 5099 eruditissimi
670 5039 913 5093 homines
943 5039 999 5093 in
1028 5039 1213 5093 eodem
1244 5053 1403 5106 opere
1432 5038 1761 5103 sudaverint,
1824 5046 1877 5091 et
1894 5038 1965 5091 ad
1987 5050 2322 5090 communem
2354 5034 2746 5097 difﬁcultatem,
2787 5046 2945 5103 quam
2978 5034 3031 5088 in
3057 5036 3202 5089 omni
3242 5036 3327 5089 in-

162 5130 519 5205 terpretatione
543 5131 750 5186 causati
786 5146 997 5194 sumus,
1033 5129 1137 5185 hoc
1161 5130 1315 5184 nobis
1339 5130 1612 5197 proprium
1650 5130 1900 5193 accedat,
1936 5125 2075 5197 quod
2110 5126 2337 5199 historia
2384 5126 2663 5195 multiplex
2701 5133 2813 5191 est,
2863 5125 3066 5181 habens
3096 5127 3323 5182 barbara

160 5231 377 5297 nomina,
403 5244 488 5285 res
517 5224 819 5295 incognitas
838 5222 1063 5288 Latinis,
1096 5238 1348 5276 numeros
1374 5222 1790 5284 inextricabiles,
1818 5220 2055 5291 virgulas
2086 5218 2247 5273 rebus
2275 5218 2479 5287 pariter
2522 5234 2583 5271 ac
2613 5218 2852 5271 numeris
2895 5218 3227 5284 intertextas,
3263 5228 3323 5276 ut

160 5334 275 5388 pene
300 5320 567 5375 diﬂicilius
594 5319 665 5373 sit
706 5315 915 5387 legendi
942 5315 1187 5370 ordinem
1216 5314 1425 5369 discere
1468 5328 1628 5382 quam
1660 5313 1725 5366 ad
1774 5312 2022 5366 lectionis
2054 5311 2299 5365 notitiam
2324 5309 2630 5378 pervenire.
2690 5306 2757 5361 Ut
2804 5316 2981 5363 autem
3035 5310 3321 5367 manifesto

160 5423 489 5487 cognoscatur
511 5411 732 5475 indicio,
756 5408 823 5463 ad
856 5421 1017 5479 quem
1038 5422 1317 5461 numerum
1339 5405 1563 5459 historia
1597 5420 1820 5474 quaeque
1853 5403 2131 5473 pertineat,
2171 5402 2268 5456 has
2302 5400 2670 5454 distinctiones
2696 5401 2899 5469 positas
2933 5402 3097 5454 lector
3129 5402 3321 5456 adver-

162 5514 240 5571 tat,
266 5515 320 5561 ut
347 5508 392 5562 si
421 5506 487 5560 ad
519 5505 751 5576 primum
787 5513 1069 5557 numerum
1090 5497 1238 5568 regni
1272 5491 1747 5567 primitus'enotati
1768 5496 1990 5553 historia
2015 5493 2294 5549 referenda
2320 5500 2423 5555 est,
2459 5492 2685 5561 primam
2715 5492 2943 5547 litteram
2970 5494 3023 5545 in
3065 5495 3323 5565 explana-

162 5598 284 5656 tione
314 5584 549 5654 bistorize
579 5594 967 5665 contempletur
999 5609 1015 5645 :
1041 5600 1092 5644 et
1122 5590 1384 5658 siquidem
1414 5602 1531 5642 eam
1552 5604 1617 5643 ex
1649 5588 1816 5643 minio
1862 5586 2071 5649 viderit,
2098 5586 2173 5639 illi
2205 5583 2432 5653 tempori
2474 5584 2844 5654 applicandam
2877 5586 2956 5637 vel
2988 5601 3128 5639 anno
3162 5588 3321 5652 sciat,

161 5702 296 5756 Quem
319 5687 644 5761 suggesserit
666 5701 922 5742 numerus
950 5683 1195 5739 similiter
1234 5685 1418 5738 eodem
1442 5682 1607 5738 minio
1638 5682 1917 5753 ﬁguratus.
1949 5680 2005 5733 Si
2044 5695 2171 5735 vero
2196 5695 2475 5733 numerum
2521 5694 2630 5733 non
2662 5692 2797 5749 puro
2818 5677 3003 5741 minio,
3035 5678 3128 5733 sed
3159 5681 3321 5733 misto

161 5778 294 5853 nigro
323 5790 565 5840 notatum
596 5790 715 5838 esse
737 5778 1051 5851 perviderit,
1086 5782 1332 5833 seCumlae
1359 5778 1509 5832 linem
1536 5790 1757 5829 numero
1788 5774 2008 5830 debetur
2032 5772 2275 5829 historia.
2294 5772 2348 5827 bi
2373 5778 2549 5827 autem
2580 5772 2739 5827 tertio
2768 5782 3113 5827 numerorum
3141 5769 3320 5825 ordini

334 5982 369 5995 ,I
