4136 6322
226 473 340 530 £89

1484 477 1982 539 CHBONICORUM
2019 478 2149 540 LIB.
2176 480 2247 539 ll.

3336 496 3440 552 £90

230 636 253 655 .,
310 632 1668 655 _,_._._________________
1686 644 2032 658 ___
2055 647 2075 659 ..
2097 646 3367 666 ______________________._
3392 654 3397 666 ,

305 736 339 773 a
370 719 671 776 Alexander
723 722 1008 777 adversum
1058 721 1267 793 lilyrios
1299 730 1353 777 et
1405 720 1645 778 Thracas
1690 723 1923 781 feliciter
1966 727 2214 792 dimicat,
2267 732 2320 783 et
2357 727 2633 783 subversis
2678 726 2877 784 Thebis
2912 728 2988 801 (1)
3024 729 3080 784 ἱιι
3114 728 3337 797 Achaia,
3375 726 3434 785 in

226 813 431 872 Persas
459 831 609 871 arma
645 820 933 884 convertit,
964 826 1018 874 et
1052 818 1195 889 apud
1230 818 1521 873 Granicum
1562 818 1758 875 ﬂumen
1792 821 1955 892 regiis
1989 821 2220 879 ducibus
2248 824 2542 894 oppressis,
2577 824 2767 879 urbem
2798 821 2985 881 Sardis
3021 822 3187 898 capit.

1170 948 1361 990 OLYIP.
1434 950 1663 989 ABBAHA-
1733 948 1928 990 IACED.

1495 1020 1597 1062 IIUS

2036 950 2183 992 PERS.
2322 950 2448 989 1101.

1678 1073 1960 1145 Philippus
2007 1073 2201 1130 Darius
2274 1073 2485 1129 Consu-

1443 1242 1654 1255 -ψ

1482 1304 1620 1358 £682

1480 1375 1621 1429 1685

1481 1443 1619 1498 1684

653 1419 734 1493 Β.
778 1420 1044 1492 CDXX.
1199 1422 1336 1489 H2

2334 1146 2410 1199 les

1827 1303 1863 1355 2
2105 1303 2141 1357 2
2314 1304 2418 1357 178

1828 1373 1862 1426 3
2106 1374 2141 1428 3
2318 1374 2416 1428 179

1829 1442 1863 1496 4
2108 1444 2142 1497 4
2318 1443 2420 1497 180

292 1556 619 1624 Alexander,
653 1568 807 1629 capta
837 1557 999 1629 Tyro,
1037 1556 1277 1612 Judaeam
1308 1557 1536 1621 invadit,
1584 1571 1615 1611 a
1648 1570 1753 1626 qua
1786 1554 2154 1610 favorabiliter
2180 1563 2460 1625 exceptus,
2496 1553 2606 1611 Deo
2636 1555 2883 1611 victimas
2917 1554 3181 1619 immolat,
3214 1561 3269 1610 et
3300 1551 3430 1611 Jad-

220 1650 362 1703 dum
398 1652 702 1719 pontilicem
738 1651 922 1720 templi
963 1650 1262 1704 honoribus
1314 1650 1561 1720 plurimis
1595 1648 1964 1721 prosequitur,
2008 1647 2389 1703 Andromacho
2439 1649 2691 1703 locorunr
2724 1648 2945 1704 custode
2981 1648 3228 1713 dimisso,
3264 1663 3426 1718 quem

211 1752 412 1814 postea
449 1742 775 1799 Samaritani
814 1744 1201 1799 interﬁciumt:
1235 1743 1303 1798 ob
1336 1758 1455 1812 quae
1490 1742 1559 1796 ab
1586 1741 1822 1814 ngypto
1851 1755 2105 1797 reversus
2134 1740 2438 1795 Alexander
2469 1742 2678 1811 magnis
2706 1755 2800 1797 eos
2839 1740 3117 1810 suppliciis
3148 1738 3346 1807 alfecit,
3374 1749 3430 1796 et

212 1840 413 1895 urbem
442 1853 629 1892 eorum
663 1847 872 1907 captam
907 1836 1287 1895 Macedonibus
1317 1838 1380 1891 ad
1420 1835 1828 1891 inhabitandum
1865 1834 2012 1892 dedit
2048 1849 2191 1891 anno
2224 1835 2373 1905 regni
2407 1834 2489 1889 sui
2519 1845 2732 1904 quarto.

290 1999 320 2052 b
362 2000 665 2054 Alexander
690 2001 924 2054 obtinuit
955 1999 1054 2052 Ba-
1470 1997 1609 2054 1686

202 2073 470 2142 ιιγὶοιιεειῐι
512 2067 799 2142 interfecto
839 2070 1000 2123 Dario
1038 2088 1049 2121 :

204 2139 268 2195 iri
320 2154 431 2210 quo
480 2154 705 2209 regnum
768 2139 1055 2210 Persarum

200 2209 554 2265 destructum
584 2218 668 2264 est
710 2224 853 2265 anno
886 2209 1051 2280 septi-

200 2294 297 2333 mo
339 2281 493 2350 regni
523 2279 661 2349 ejus.

1821 1928 1856 1982 5

1822 1997 1856 2052 θ
1914 2079 1917 2082 ι

2100 1928 2135 2053 ἓ
2560 2011 2589 2049 c
2626 1993 2993 2048 Romanorum
3039 1992 3231 2051 consul
3275 1993 3427 2049 Man-

2195 2116 2198 2119 .
2500 2064 2606 2119 lius
2659 2064 2965 2134 Torquatus
3016 2065 3186 2117 ﬁlium
3236 2078 3422 2134 suum,

2497 2135 2641 2204 quod
2680 2133 2869 2188 contra
2900 2135 3185 2202 imperium
3232 2133 3287 2186 in
3333 2133 3427 2187 ho.
3514 2166 3523 2167 η

2504 2212 2640 2283 stem
2692 2212 3023 2274 pugnaverat
3074 2205 3421 2283 viceratque,

2376 2278 2383 2283 “
2495 2276 2661 2344 virgis
2702 2289 2900 2329 caesum
2928 2276 3106 2328 securi
3137 2276 3420 2343 percussit.

277 2389 316 2442 ά
355 2391 663 2447 Alexander
689 2393 966 2463 llyrcanos
993 2393 1137 2462 capit
1168 2400 1221 2447 et
1252 2390 1468 2447 Mardos
1507 2408 1521 2445 :
1557 2400 1979 2462 revertensque,
2013 2405 2138 2446 cum
2169 2389 2506 2447 ascendisset
2532 2390 2599 2446 ad
2633 2389 2949 2447 Hammonis
2977 2389 3260 2460 templum,
3291 2401 3422 2444 con.

200 2482 352 2538 didit
384 2484 659 2540 civitatem
692 2486 747 2541 in
785 2486 954 2557 Libya
994 2486 1268 2553 inferiore,
1296 2501 1458 2558 quam
1489 2498 1685 2563 vocant
1717 2485 2100 2544 Paraetonium.

1298 2770 1484 2811 OLTIIP.
1559 2770 1788 2812 ABRAHA-
1853 2769 2051 2810 IACED.

1628 2840 1728 2881 IUS

1604 3122 1741 3176 1687

1845 3063 2054 3076 ἰ’-.-

2161 2769 2285 2811 ROI.

1843 2893 2065 2949 Alexan-

1897 2965 1993 3018 der

1952 3121 1982 3175 7
2191 3122 2295 3178 185
2504 3120 3029 3196 Romanisamnitas
3059 3123 3337 3196 subigunt,
3363 3136 3417 3182 et

2440 3191 2685 3247 colonias
2714 3192 3008 3248 deducunt.

277 3324 307 3363 e
343 3306 672 3364 Alexandria
698 3311 751 3364 in
787 3307 1022 3382 Egypto
1049 3308 1269 3363 condita
1307 3309 1539 3380 septimo
1571 3307 1670 3381 [αι.
1709 3306 1886 3381 sexto]
1920 3322 2061 3362 anno
2092 3309 2241 3379 regni
2280 3307 2569 3363 Alexandri
2600 3322 2745 3379 :quo
2770 3316 3011 3379 tempore
3043 3309 3206 3365 etiam
3237 3309 3414 3366 Latini

200 3416 236 3453 ιι
270 3397 538 3455 Romanis
570 3403 853 3471 perdomiti
889 3410 1035 3459 sunt.
1066 3401 1371 3458 Alexander
1408 3411 1596 3474 regnat
1637 3401 1781 3458 Asiae
1827 3416 1971 3459 anno
2022 3402 2169 3472 regni
2222 3402 2306 3457 sui
2345 3403 2574 3473 septimo
2615 3400 2713 3473 [αι.
2762 3398 2932 3473 sexto]
2972 3410 3026 3457 et
3058 3405 3417 3472 tenetomnia

200 3493 374 3546 annis
407 3491 711 3547 duodecim.

278 3667 311 3737 Ῑ
336 3667 642 3739 Alexander
674 3654 894 3723 Aornim
926 3677 1132 3739 petram
1165 3684 1249 3723 ca-
1323 3605 1461 3676 “3

197 3739 290 3809 pit
315 3746 369 3793 et
388 3738 576 3792 Indum
602 3753 813 3793 amnem
835 3740 1246 3809 transgreditur.
1600 3742 1739 3796 1690

1604 3810 1730 3864 1691

1328 3911 1467 3979 114
1600 3880 1737 3934 ’69⁵⁸

1944 3602 1978 3679 δ
2189 3605 2292 3679 lg!
2502 3603 2783 3676 Harpalus
2800 3605 2933 3676 fugit
2963 3607 3017 3661 in
3038 3606 3219 3661 Asiam
3245 3608 3318 3679 (2)

1916 3674 1983 3799 1?)
2504 3716 3031 3798 BellumAlexandri
3065 3745 3119 3798 in
3152 3742 3301 3800 India
3326 3754 3416 3803 ad-

1914 3812 1974 3865 11
2192 3812 2294 3866 187
2430 3827 2645 3867 versum
2678 3812 2875 3867 Porum
2900 3824 2951 3867 et
2982 3813 3244 3869 Taxilem.

1912 3881 1981 3934 12
2189 3881 2295 3937 188
2502 3900 2532 3937 a
2556 3883 2914 3937 Anaximenes
2931 3892 2983 3937 et
2994 3884 3244 3937 Enicuru:

2556 3883 2914 3939 Anaximenes
2931 3892 2983 3938 et
2994 3884 3259 3953 Epicurus
3280 3887 3415 3941 clari

2434 3951 2467 4005 h
2501 3900 2914 4007 gannxrmenes
2931 3900 3259 3953 CILPICUI‘US
3280 3900 3415 3941 οιατι
3457 3958 3459 3962 Α

2473 3966 2500 4005 a
2541 3961 2719 4007 entur.

276 4035 318 4090 Ιι
354 4013 655 4095 Alexander
682 4039 958 4123 tricesimo
987 4039 1227 4096 secundo
1257 4038 1355 4110 [αι.
1379 4054 1508 4101 xxx,
1545 4039 1619 4092 al.
1655 4039 1849 4112 χχχιιι]
1873 4041 2046 4096 aetatis
2086 4057 2197 4098 suae
2233 4057 2376 4098 anno
2393 4043 2463 4122 jn
2490 4043 2759 4114 Babylone
2785 4043 3017 4098 moritur
3046 4062 3059 4098 :
3093 4053 3217 4114 post
3250 4060 3412 4115 quem

198 4130 483 4184 translato
529 4133 583 4185 in
618 4133 829 4208 multos~
869 4133 1117 4203 imperio,
1172 4131 1371 4187 diversi
1411 4142 1788 4199 regnaverunt.
1838 4132 1976 4188 Hinc
2024 4134 2511 4190 Alexandrinorum
2556 4135 2799 4189 nascitur
2849 4149 3070 4205 regnum
3136 4135 3283 4205 quod
3325 4140 3407 4195 es!

190 4219 434 4290 (Egypti
464 4239 477 4275 :
505 4228 557 4277 et
587 4238 682 4292 per
709 4224 951 4278 diversas
983 4231 1193 4294 gentes,
1222 4238 1358 4294 quas
1384 4222 1689 4279 Alexander
1715 4233 1982 4291 tenuerat,
2016 4225 2217 4281 diversi
2249 4235 2628 4296 regnaverunt.

270 4498 314 4534 α
358 4480 698 4552 Ἀλέξανδρος
740 4479 1023 4552 Ἰλλυρίους
1050 4482 1141 4535 καὶ
1170 4482 1386 4553 Θρᾷκας
1417 4479 1546 4547 εἷλε,
1577 4483 1755 4555 Θήϐας

187 4571 516 4640 κατέσκαψε
537 4611 553 4635 ,
595 4565 719 4634 τοὺς
763 4573 985 4641 Δαρείου
1020 4578 1350 4644 στρατηγοὺς
1382 4576 1475 4628 ἐπὶ
1511 4574 1754 4645 Γρανικῷ

186 4662 435 4733 ποταμῷ
464 4662 646 4714 Λυδῶν
669 4663 902 4732 ἐνίκησε,
930 4664 1149 4734 Σάρδεις
1172 4658 1301 4730 εἷλε,
1326 4665 1496 4735 Τύρον
1520 4665 1755 4735 ἐπολιόρ-

185 4769 395 4829 κησεν,
460 4753 711 4807 Ἰουδαίαν
772 4755 1160 4823 προσελάϐετο,
1217 4757 1309 4809 καὶ
1353 4757 1443 4808 τὸν
1496 4757 1752 4827 ἀρχιερέα

199 4843 445 4907 Ἰαδδδὺς
478 4846 700 4916 ἐτίμησε
742 4845 905 4907 θύσας
944 4846 1022 4914 τῷ
1048 4846 1182 4918 Θεῷ⁸
1216 4843 1283 4919 ἦς
1322 4846 1631 4917 (Ἰουδαίας)
1660 4848 1753 4899 καὶ

185 4934 535 5005 ἐπιμελητὴν
593 4936 726 5005 μετὰ
774 4934 880 4987 τῶν
930 4935 1127 4987 λοιπῶν
1178 4939 1353 4989 τόπων
1398 4936 1751 5005 Ἀνδρόμαχον

185 5025 556 5095 κατέστησεν,
576 5024 633 5077 ὃν
658 5025 932 5089 ἀνελόντες
956 5028 1002 5078 οἱ
1026 5026 1122 5096 τὴν
1148 5027 1443 5098 Σαμαρέων
1461 5025 1751 5089 οἰκοῦντες,

183 5117 359 5175 δίκα-ς
384 5113 562 5166 ἔτισαν
588 5115 964 5179 ἐπανελθόντος
996 5114 1336 5185 Ἀλεξάνδρου
1371 5115 1430 5180 ἐξ
1462 5116 1749 5185 Αἰγύπτου·

185 5202 297 5272 τὴν
348 5200 653 5270 Σαμάρειαν
701 5199 849 5254 πόλιν
892 5202 1026 5256 ἐλὼν
1077 5203 1412 5275 Ἀλέξανδρος
1444 5206 1753 5267 Μακεδόνας

184 5294 252 5345 ἐν
277 5290 422 5360 αὐτῇ
456 5290 771 5360 κατῴκισεν.
798 5288 947 5345 Idem
980 5310 1031 5361 ρ.
1061 5294 1192 5356 26οξ
1213 5294 1340 5348 2‘31.

174 5434 187 5437 ,,
266 5382 301 5433 ι
343 5380 613 5451 Κατέσχεν
642 5381 933 5435 Βαϐυλῶνα
960 5383 1317 5454 Ἀλέξανδρος,
1353 5385 1445 5439 καὶ
1471 5384 1503 5455 ὴ
1530 5386 1751 5456 Περσῶν

185 5465 453 5541 βασιλεία
486 5471 771 5542 κατελύθη,
800 5459 1115 5543 διαμείνασα
1149 5474 1241 5529 σλ’.
1280 5473 1428 5529 Idem
1452 5491 1505 5543 p.
1533 5476 1654 5540 170,
1685 5474 1746 5531 C.

387 5727 469 5784 Al.
504 5742 603 5799 pro
652 5728 908 5783 subvenis
955 5729 1139 5786 Thebis
1188 5730 1348 5790 habet
1396 5734 1577 5803 quibus
1632 5733 1754 5787 sub-

483 5891 751 5968 Ριτιιοι,
780 5888 899 5953 Gn.
926 5892 1099 5955 XIX.

1926 4499 1953 4535 c
1987 4482 2322 4555 (Ῥωμαίων)
2374 4483 2573 4548 ὕπατος
2618 4485 2709 4539 τὸν
2754 4485 2881 4539 ἴδιον
2918 4486 3031 4539 υἱὸν
3073 4484 3403 4544 ἐπελέκισεν,

1856 4572 2008 4644 παρὰ
2045 4576 2267 4646 γνώμην
2304 4574 2465 4628 αὑτοῦ
2510 4574 2849 4645 συμϐαλόντα
2876 4576 3103 4646 πόλεμον
3131 4576 3225 4629 καὶ
3255 4577 3406 4648 νικη-

1858 4682 2043 4719 σαντα.
2077 4666 2270 4720 Chron.
2304 4665 2483 4734 pasch.
2507 4681 2558 4733 ρ.
2588 4665 2708 4729 171,
2744 4666 2808 4719 Β.

1923 4755 1957 4807 d
2003 4755 2344 4825 Ἀλέξανδρος
2386 4755 2675 4825 Ὑρκανοὺς
2719 4757 2810 4809 καὶ
2838 4756 3088 4827 Μαρδοὺς
3116 4756 3406 4829 ἐχειρώσα-

1853 4856 1931 4893 το.
1956 4840 2113 4911 Sync.
2143 4857 2194 4911 p.
2218 4841 2343 4907 261,
2368 4842 2432 4896 Β.

1920 4949 1948 4985 e
1989 4932 2413 5005 Ἀλεξάνδρειαή
2448 4934 2565 4989 κατ’
2590 4937 2853 5001 Αἴγυπτον
2886 4934 3095 5005 ἑϐδόμῳ
3117 4933 3223 4986 ἔτει
3262 4931 3405 4984 Ἀλε-

1854 5021 2072 5093 ξάνδρου
2102 5024 2341 5095 ἐκτίσθη.
2379 5024 2404 5077 1
2413 5024 2600 5088 bidem,
2630 5025 2693 5077 A.

1906 5113 1949 5182 ‘f
1987 5114 2326 5187 Ἀλέξανδρος
2353 5115 2450 5184 τὴν
2483 5116 2707 5186 Ἀορνον
2736 5116 2936 5183 πέτραν
2959 5112 3287 5186 ἐχειρώσατο
3308 5115 3399 5167 καὶ

1854 5208 2091 5275 ποταμὸν
2131 5206 2284 5260 Ἰνδὸν
2320 5206 2489 5277 διέϐη.
2526 5207 2680 5277 Sync.
2710 5224 2765 5274 p.
2792 5206 2917 5271 961,
2950 5205 3014 5258 Β.

1926 5311 1958 5365 g
1997 5295 2342 5367 Ἀναξιμένης
2372 5296 2466 5351 καὶ
2506 5296 2815 5365 Ἐπίκουρος
2844 5282 3197 5367 ἐγνωρίξοντο
3252 5293 3399 5347 Jdem

1853 5400 1907 5454 ρ.
1937 5384 2062 5449 275,
2091 5387 2158 5438 Α.

1923 5476 1956 5528 It
1999 5475 2331 5545 Ἀλέξανδρος
2356 5474 2432 5529 λϐ¹
2457 5474 2573 5537 ἔτος
2598 5475 2743 5543 ἄγων
2772 5475 2995 5545 τελευτᾷ
3020 5475 3080 5530 ἐν
3102 5473 3399 5529 Βαϐυλῶνι.

1867 5731 2152 5873 Γέὲὲοιωο
2189 5749 2252 5787 ea:
2294 5735 2426 5789 Asia
2457 5734 2825 5800 scribendum,
2874 5734 3196 5791 admonente
3257 5729 3395 5789 Scr

1891 5818 1903 5855 Ι
2042 5834 2057 5854 e

3086 5896 3158 5958 16
