4136 6322
220 368 333 450 διε

1429 373 1914 432 CHRONICORUM
1952 375 2076 431 LIB.
2116 376 2180 431 ll.

227 529 3384 559 mm

1307 627 1492 668 οων.
1547 629 1801 671 CHRISTUS
1883 631 1997 672 ιυι).

225 957 304 1025 Β.
374 956 733 1028 DCCCXX.

3284 381 3386 439 5“

2149 632 2256 672 BOI

1842 759 2032 828 Agrip-
2137 756 2276 813 Nero

1898 844 1965 898 pa

1827 927 2029 1018 “24—
2106 927 2270 1020 "Ti

286 1151 350 1208 L.
380 1155 614 1213 Annaeus
648 1155 832 1223 Melas,
868 1154 1084 1212 Senecae
1116 1157 1279 1213 frater
1304 1165 1358 1213 et
1379 1158 1666 1222 Gallionis,
1695 1159 1835 1214 bona
1862 1150 2065 1217 Lucani
2096 1162 2286 1234 poetae,
2311 1164 2408 1220 filii
2436 1169 2545 1234 sui,
2575 1167 2832 1225 aNerone
2853 1178 3208 1240 promeretur.

290 1267 324 1304 a
353 1249 552 1305 Contra
585 1248 821 1316 Iudaeos,
853 1252 946 1322 qui
975 1251 1140 1306 Cestii
1171 1250 1312 1306 Flori
1344 1251 1624 1305 avaritiam
1655 1267 1763 1307 non
1808 1252 2043 1311 ferentes
2071 1257 2420 1326 rebellabant,
2447 1258 2811 1332 Vespasianus
2837 1263 3094 1334 magister
3126 1265 3330 1320 militiae
3355 1281 3386 1320 a

211 1338 425 1398 Nerone
451 1346 851 1412 transmittitur,
885 1349 981 1418 qui
1005 1350 1260 1418 plurimas
1288 1348 1484 1405 Iudaea:
1509 1351 1669 1405 urbes
1701 1349 1865 1418 capit.

285 1434 313 1486 b
341 1433 554 1491 Flavius
570 1435 833 1516 Iosephus
859 1441 1087 1508 scriptor
1115 1441 1429 1506 historicus,
1454 1442 1561 1496 dux
1594 1441 1716 1495 belli
1737 1438 2062 1511 Iudaeorum,
2087 1457 2212 1499 cum
2243 1460 2274 1501 a
2294 1443 2550 1502 Romanis
2574 1447 2975 1504 interficiendus
2997 1457 3160 1514 esset,
3183 1449 3388 1522 Vespa-

213 1526 366 1580 siano
397 1529 717 1596 praenuntiat
743 1530 809 1584 de
842 1539 1015 1586 morte
1039 1529 1286 1597 Neronis,
1321 1540 1374 1585 et
1401 1532 1517 1598 ejus
1540 1533 1786 1601 imperio.

283 1637 314 1675 ο
340 1619 497 1688 Nero,
527 1637 646 1676 cum
678 1640 708 1678 a
749 1635 935 1680 senatu
957 1633 1285 1696 qurercretur
1313 1624 1379 1678 ad
1407 1638 1639 1692 poenam,
1666 1639 1697 1678 e
1761 1623 1958 1691 palatio
1986 1621 2222 1694 fugiens,
2249 1627 2316 1682 ad
2350 1638 2602 1698 quartum
2632 1628 2792 1686 Urbis
2837 1631 3142 1686 milliarium
3173 1633 3229 1687 in
3257 1633 3386 1688 sub-

211 1713 424 1767 urbano
469 1715 644 1769 liberti
671 1717 924 1772 sui-inter
957 1718 1220 1771 Salariam
1263 1723 1314 1771 et
1347 1714 1729 1770 Nomentanam
1784 1715 1925 1769 viam
1960 1717 2306 1787 semetipsum
2336 1718 2626 1784 interficit,
2662 1734 2804 1775 anno
2837 1723 3010 1777 aetatis
3055 1739 3167 1779 suae
3208 1739 3382 1793 xxxv,

208 1811 373 1872 atque
402 1805 456 1859 in
490 1819 552 1858 eo
580 1807 756 1861 omnis
789 1806 1014 1875 Augusti
1044 1804 1248 1859 familia
1270 1811 1640 1858 consummata
1672 1808 1773 1856 est.
1837 1825 1840 1827 >

280 1895 316 1948 ά
351 1895 475 1951 Post
505 1894 768 1952 Neronem
800 1897 965 1951 Galba
998 1898 1053 1951 in
1084 1895 1320 1958 Hiberia,
1347 1893 1594 1948 Vitellius
1621 1894 1674 1946 in
1712 1890 2018 1958 Germania,
2051 1891 2189 1949 Otho
2217 1894 2418 1963 Roma},
2455 1897 2735 1968 imperium
2758 1901 3129 1971 arripuerunt.

283 1986 497 2043 Marcus
527 1988 723 2043 Fabius
753 1980 1116 2068 Quintilianus
1143 1987 1368 2042 Romam
1399 2001 1429 2040 a
1461 1985 1624 2040 Galba
1655 1984 2005 2053 perducitur..
2934 1988 2935 1992 ‘

285 2094 316 2133 ε
338 2077 700 2148 Vespasianus
728 2081 938 2135 duobus
969 2080 1167 2148 prmliis
1193 2086 1474 2148 superatos
1493 2076 1704 2131 Iudaeos
1735 2077 1801 2130 ad
1825 2092 2010 2131 muros
2034 2073 2312 2150 compulit.

246 2182 254 2198 ·
281 2168 449 2224 Galba
491 2171 716 2240 septimo
744 2186 927 2226 mense
959 2170 1164 2242 imperii
1204 2171 1288 2225 sui
1316 2171 1366 2222 in
1395 2168 1571 2222 medio
1597 2167 1851 2221 Romanae
1881 2168 2027 2222 urbis
2061 2169 2175 2224 foro
2209 2169 2386 2240 capite
2414 2177 2728 2228 truncatur,

281 2259 423 2314 Otho
454 2263 611 2316 tertio
643 2265 790 2332 regni
823 2263 903 2316 sui
937 2277 1118 2317 mense
1137 2261 1275 2330 apud
1307 2258 1612 2313 Vetriacum
1644 2257 1747 2328 [αι.
1772 2257 2114 2330 Bebriacum]
2145 2262 2362 2330 propria
2392 2277 2555 2317 manu
2585 2265 2860 2321 occubuit.

275 2351 542 2416 Vitellius,
572 2368 602 2406 a
639 2352 953 2422 Vespasiani
1003 2354 1228 2429 ducibus
1277 2352 1511 2416 occisus,
1548 2350 1601 2403 in
1636 2349 1869 2405 Tiberim
1903 2352 2199 2420 projicitur,
2239 2363 2427 2410 octavo
2463 2371 2648 2414 mense
2699 2359 2905 2431 imperii
2927 2363 3033 2430 sui,
3055 2367 3107 2417 et
3130 2364 3218 2422 die
3250 2381 3380 2424 uno.

277 2445 467 2510 Galba,
495 2445 652 2514 Otho,
683 2447 948 2512 Vitellius,
984 2453 1340 2518 regnaverunt
1362 2459 1504 2499 anno
1532 2458 1658 2508 uno,
1684 2444 1958 2500 mensibus
1988 2459 2099 2499 sex.

277 2537 307 2605 f
334 2537 633 2594 Antiochiae
667 2539 939 2597 secundus
967 2539 1252 2611 episcopus
1275 2538 1556 2596 ordinatur
1580 2537 1834 2610 lgnatius.

1618 2967 1683 3019 70

1961 2734 1991 2787 g
2019 2716 2132 2770 Vll.
2198 2715 2666 2777 VESPASlANUS
2699 2723 2854 2803 annis
2882 2739 2958 2790 ιι,
2989 2726 3268 2783 mensibus
3298 2742 3376 2791 ιι,

2061 2807 2250 2864 diebus
2272 2826 2407 2866 χχιι.

1894 2967 1962 3022 25
2206 2971 2232 3024 1

268 3123 306 3175 lt
335 3119 697 3189 Vespasianus
730 3120 869 3190 apud
893 3119 1132 3178 Iudaeam
1168 3106 1459 3190 imperator
1486 3121 1554 3177 ab
1577 3121 1820 3177 exercitu
1854 3123 2172 3193 appellatus,
2196 3123 2249 3180 et
2293 3123 2490 3181 bellum
2532 3122 2653 3180 Tito
2683 3125 2793 3182 filio
2823 3128 3231 3195 commendans,
3261 3128 3375 3184 Bo-

200 3234 350 3276 nam
380 3234 474 3290 per
501 3217 875 3274 Alexandriam
907 3217 1288 3290 proﬁciscitur.

267 3377 596 3450 Capitolium
623 3379 802 3435 Romae
830 3379 1127 3434 incensum.
1616 3381 1675 3435 71

1886 3381 1955 3435 26
2195 3381 2230 3435 2

267 3582 292 3634 ί
323 3578 500 3643 Titus,
530 3571 712 3632 Iudaea
752 3583 905 3645 capta
949 3584 1001 3631 et
1043 3575 1424 3648 Hierosolymis
1457 3576 1760 3644 snbversis,
1793 3591 1857 3631 nc
1891 3578 2056 3632 millia
2103 3578 2340 3632 virorum
2390 3565 2657 3632 interﬁcit.
2701 3573 2966 3646 Iosephus
3012 3588 3140 3631 vero
3190 3574 3380 3633 scribit

189 3671 458 3728 undecies
489 3678 712 3724 centena
742 3669 906 3722 millia
938 3669 1075 3723 fame
1107 3675 1158 3720 et
1198 3667 1374 3737 gladio
1407 3669 1652 3737 periisse,
1685 3675 1738 3723 et
1768 3669 1871 3721 alia
1903 3679 2112 3724 centum
2143 3669 2307 3723 millia
2336 3670 2668 3738 captivorum
2701 3668 2914 3738 publice
2948 3668 3272 3722 venundata.
3308 3665 3380 3722 Ut

186 3772 379 3817 autem
415 3768 561 3816 tanta
588 3759 873 3814 multitudo
903 3758 1289 3828 liieroSolymis
1320 3760 1667 3826 reperiretur,
1696 3775 1918 3816 causam
1947 3774 2252 3829 azymorum
2283 3758 2452 3813 fuisse
2474 3760 2674 3814 refert:
2705 3759 2774 3813 ob
2802 3774 2921 3828 quae
2947 3769 3011 3813 ex
3041 3759 3188 3812 omni
3222 3765 3380 3827 gente

183 3852 367 3909 Judaei
393 3851 459 3905 ad
490 3850 740 3920 templum
764 3849 1112 3916 confluentes,
1147 3849 1275 3902 urbe
1303 3849 1459 3917 quasi
1490 3865 1710 3906 carcere
1766 3860 1893 3906 sunt
1938 3849 2149 3908 reclusi.
2189 3849 2434 3921 Oportuit
2464 3849 2606 3905 enim
2635 3850 2689 3904 in
2717 3850 2802 3906 his
2829 3850 3014 3906 diebus
3045 3848 3263 3904 Pascha:
3282 3863 3377 3904 eos

184 3948 456 4016 interfici,
478 3947 532 4002 in
555 3946 750 4018 quibus
786 3944 1116 4001 Salvatorem
1143 3945 1542 3999 cruciﬁxerant.

256 4168 295 4203 α
338 4146 571 4199 Ἰουδαῖοι
603 4142 878 4211 Ῥωμαίων
907 4139 1213 4210 ἀπέστησαν
1234 4141 1324 4194 ἐπὶ
1351 4141 1566 4195 Γεστίου
1592 4141 1734 4194 Φλώ-

181 4258 286 4316 ρου
321 4237 412 4290 διὰ
444 4231 743 4297 πλεονεξίαν
779 4228 945 4284 ἀὐτοῦ
980 4230 1238 4302 ἄμετρονο
1273 4235 1354 4301 ἐφ’
1387 4233 1475 4298 οὓς
1502 4238 1528 4287 ὁ
1549 4235 1734 4304 Νέρων

178 4326 597 4388 οὑεσπασιανὸν
662 4321 1126 4393 στρατοπεδάρχην
1193 4324 1512 4396 ἐξέπεμψεν.
1588 4325 1733 4379 Idem

179 4443 233 4494 p.
262 4420 396 4483 556,
427 4418 496 4472 D.

253 4516 284 4568 b
327 4509 557 4572 Φλάϐιος
607 4508 905 4578 Ἱώσηππος
954 4509 1327 4579 συγγραφεὺς,
1367 4507 1736 4577 στρατηγήσας

180 4605 331 4675 ὑπὲρ
371 4596 642 4654 ’Ἰουδαίων
663 4639 676 4663 ,
726 4601 819 4652 καὶ
853 4599 1057 4670 μέλλων
1085 4599 1162 4660 εἰς
1194 4597 1281 4648 τὸν
1315 4597 1542 4666 πόλεμον
1586 4599 1735 4650 ἀναι-

187 4691 452 4767 μεῖσθαι9
498 4687 732 4752 θεσπίζει
776 4686 1157 4757 Οὐεσπασιανῷ
1197 4688 1322 4757 περὶ
1361 4690 1457 4757 τῆς
1493 4687 1737 4757 Νέρωνος

178 4787 487 4860 τελευτῆς,
520 4781 609 4834 καὶ
650 4781 746 4850 τῆς
787 4781 947 4844 αὐτοῦ
994 4777 1394 4833 Οὐεσπασιανοῦ
1447 4777 1730 4846 βασιλείας.

180 4880 390 4933 Chron.
420 4873 592 4942 pasch.
616 4890 667 4941 p.
693 4872 815 4936 250,
841 4871 908 4925 D.

248 4988 281 5025 ο
313 4966 510 5036 Νέρων
536 4963 718 5017 ἑαυτὸν
750 4963 976 5015 ἀνεῖλεν.
1005 4961 1265 5018 Cedrenus
1293 4976 1346 5028 p.
1376 4959 1498 5024 215,
1530 4959 1594 5014 Ι).

247 5062 287 5114 d
326 5055 489 5112 Μετὰ
515 5054 759 5125 Νέρωνος
801 5053 1008 5116 Γάλϐας
1051 5053 1389 5106 ἐϐασίλευσεν
1422 5051 1477 5100 ἐν
1511 5050 1733 5120 Ἰϐηρίᾳ,

182 5145 500 5206 Οὐιτέλλιος
523 5143 578 5195 ὲν
603 5141 897 5214 Γερμανίᾳ·
929 5143 1100 5195 Ὄθων
1131 5143 1218 5194 ἐπὶ
1247 5140 1486 5209 Ῥώμης.
1514 5140 1736 5202 ἕκαστος

181 5238 374 5296 αὐτῶν
409 5237 515 5307 ἰδίᾳ
555 5234 720 5304 ἐπέϐη
757 5236 823 5304 τῇ
863 5234 1022 5303 ἀρχῇ.
1069 5232 1260 5287 Chron.
1306 5231 1481 5301 pasch.
1523 5247 1573 5300 p.
1607 5233 1731 5298 245,

180 5332 310 5388 246.

247 5441 275 5477 e
313 5418 723 5482 υύεσπασιανὺς
753 5419 869 5471 δυσὶ
913 5417 1159 5486 πολέμοις
1208 5418 1484 5480 Ἰουδαίους
1539 5418 1735 5488 τρεψά-

185 5529 354 5587 μενος
391 5509 726 5564 ἀπέκλεισεν.
763 5507 920 5580 Sync.
951 5523 1000 5577 p.
1036 5507 1169 5571 540,
1211 5505 1273 5562 Β.
1305 5508 1511 5569 Γάλϐας
1553 5508 1734 5590 ἐϐασί-

182 5608 350 5661 λευσε
405 5603 580 5674 μῆνας
624 5601 688 5664 ζ’,
733 5602 824 5654 καὶ
869 5604 923 5653 ὲν
967 5600 1102 5670 μέσῃ
1133 5601 1194 5667 τῇ
1242 5599 1521 5670 Ῥωμαίων
1565 5600 1738 5670 ἀγορᾷ

184 5700 279 5771 τὴν
305 5692 558 5764 κεφαλὴν
585 5690 887 5762 ἀπετμήθη.
921 5690 1094 5742 Ὄθων
1120 5690 1432 5758 βασιλεύσας
1462 5690 1630 5760 μῆνας
1664 5697 1731 5757 γ’,

185 5788 552 5862 διεχειρίσατο
584 5784 786 5837 ἑαυτόν.
821 5781 994 5836 Chron
1041 5781 1211 5853 pascit.
1246 5799 1277 5850 p
1324 5783 1446 5847 245,
1475 5783 1595 5847 ⁸246,
1622 5781 1685 5835 Α.

1907 4141 1933 4205 f
1954 4140 2272 4209 Ἀντιοχείας
2294 4137 2583 4199 ἐπίσκοπος
2611 4134 2882 4204 Ἰγνάτιος.
2907 4135 3064 4207 Sync.
3087 4153 3139 4204 ρ.
3165 4138 3288 4203 διε,
3308 4137 3374 4192 Β.

1906 4285 1936 4338 g
1979 4266 2252 4336 Ῥωμαίων
2288 4263 2332 4326 ζ’
2382 4261 2721 4337 ὲθασίλευσεν
2754 4221 3145 4321 Οὐεσπασιανὸς
3188 4259 3280 4330 ἔτη
3309 4260 3373 4314 θ’.

1842 4359 2031 4413 Chron.
2062 4355 2236 4424 pascit.
2269 4371 2321 4423 p.
2349 4353 2475 4418 246,
2502 4353 2567 4406 Α.

1911 4479 1942 4530 It
1968 4478 2366 4539 Οὐεσπασιανὸς
2390 4474 2756 4545 αὐτοκράτωρ,
2784 4472 3068 4543 πέψαντος
3093 4473 3252 4526 αὐτὸν
3281 4471 3378 4526 τοῦ

1843 4566 2089 4639 στρατοῦ,
2117 4567 2203 4618 τὸν
2229 4565 2368 4618 κατὰ
2409 4564 2668 4616 Ἰουδαίων
2695 4562 3000 4633 ἐγχειρίσας
3027 4561 3254 4629 πόλεμον
3285 4561 3379 4613 Τί-

1841 4677 1933 4728 τῳ,
1954 4659 2110 4720 αὐτὸς
2132 4657 2196 4708 δι’
2225 4653 2618 4724 Ἀλεξανδρείας
2633 4655 2711 4715 εἰς
2727 4654 2824 4723 τὴν
2851 4653 3131 4723 Ῥωμαίων
3155 4650 3379 4720 ἀφίκετο

1841 4751 2010 4802 πόλιν.
2045 4748 2189 4802 Idem
2218 4765 2268 4817 p.
2291 4746 2413 4809 246,
2444 4743 2580 4799 Αοϐ.
3297 4740 3302 4745 ’

1909 4866 1926 4916 ί
1949 4863 2119 4925 Τῖτος,
2152 4860 2427 4922 Ἰουδαίους
2449 4859 2825 4928 πολιορκήσας,
2840 4857 3016 4909 καὶτὰ
3039 4855 3379 4924 Ἱεροσόλυμα

1842 4954 2210 5023 κατασκάψας,
2229 4953 2317 5004 καὶ
2343 4951 2604 5021 μυριάδας
2633 4949 2837 5020 ἀνδρῶν
2863 4947 3132 5015 ἐφόνευσε.
3158 4948 3302 5016 Φησὶ
3322 4947 3379 4998 δὲ

1841 5050 1930 5101 καὶ
1964 5047 2257 5116 Ἰώσηππος
2287 5043 2429 5114 λιμῷ
2462 5044 2554 5096 καὶ
2589 5042 2826 5112 μαχαίρᾳ
2861 5039 3116 5110 μυριάδας
3157 5046 3221 5110 ρι’
3249 5041 3379 5092 ἀπθ-

1839 5138 2056 5200 λέσοαι,
2114 5136 2204 5188 καὶ
2249 5133 2411 5198 ἄλλας
2465 5137 2612 5205 τρεῖς
2669 5130 2926 5203 μυριάδας
2985 5129 3378 5199 διαπεπράσθαι

1840 5227 2216 5300 αἰχμαλώτων·
2258 5229 2425 5280 αἴτιον
2456 5226 2510 5278 δὲ
2537 5226 2595 5278 τὸ
2621 5223 2836 5277 τοσοῦτο
2870 5221 3069 5291 πλῆθος
3110 5221 3247 5274 κατὰ
3282 5219 3379 5289 τὴν

1841 5325 1990 5378 πόλιν
2041 5321 2295 5393 εὑρῆσθαί
2338 5337 2467 5391 φησι
2500 5319 2595 5389 τὴν
2625 5316 2717 5370 τοῦ
2757 5317 2944 5386 Πάσχα
2985 5317 3203 5386 ἑορτὴν,
3249 5315 3305 5365 ἐν

1842 5417 2034 5477 πάντες
2059 5415 2107 5466 οἱ
2150 5412 2240 5466 τοῦ
2286 5412 2468 5472 ἔθνους
2498 5408 2933 5478 συνεληλυθόντες
2970 5408 3042 5468 ὡς
3084 5407 3140 5456 ἐν
3187 5405 3374 5474 εἱρκτῇ
3424 5393 3428 5397 ”

1842 5505 2284 5573 συνεκλείσθησαν
2303 5520 2316 5531 ·
2353 5503 2456 5560 ἔδει
2484 5503 2587 5572 γὰρ
2613 5501 2735 5563 τοὺς
2767 5503 2823 5552 ἐν
2850 5499 3027 5569 ἡμέρα
3069 5495 3160 5550 τοῦ
3189 5495 3376 5564 Πάσχα

1840 5597 1916 5667 τῷ
1960 5598 2164 5667 Σωτῆρι
2192 5595 2634 5654 ἐπιϐουλευκότας
2676 5593 2747 5662 μὴ
2782 5591 2963 5646 ἄλλοτε
2992 5588 3058 5656 τὰ
3104 5587 3370 5656 ἐπίχειρα,

1840 5683 1912 5742 ὧν
1941 5689 2258 5758 ἐτόλμησαν,
2300 5687 2504 5740 παθεῖν.
2537 5685 2788 5738 Eusebius
2827 5682 2960 5748 apud
2993 5681 3146 5750 Sync.
3171 5695 3222 5748 p.
3249 5679 3372 5743 342,
3449 5757 3455 5763 δ

1843 5783 1906 5852 Α,
1934 5791 1980 5835 et
2011 5782 2146 5851 apud
2181 5780 2372 5836 Chron.
2399 5778 2575 5848 pascit.
2597 5793 2648 5846 ρ.
2678 5777 2799 5844 ΞΠ,
2834 5775 2964 5829 Α-Β.
