4138 6312
2014 677 2200 716 οιιιν.
2267 673 2520 714 CHRISTUS

2011 966 2219 978 _—.—

2029 1018 2173 1089 224
2235 1089 2237 1092 ι

2286 963 2491 977 ἡ

2312 1005 2415 1058 117

1523 422 1784 480 EUSEBII
1822 423 2292 480 CESARIENSIS
2327 423 2475 480 OPP.
2515 421 2691 478 PARS
2726 420 2768 482 1.
2806 454 2863 466 -
2894 423 3272 480 lllSTORlCA.
3855 425 3941 484 53

2601 673 2727 712 ROI.

2572 793 2764 864 Traja-

2608 881 2712 920 nus

2564 963 2772 975 *-

2623 1002 2690 1056 19
2831 1021 2862 1058 a
2891 1001 3214 1056 Salaminam
3243 1003 3429 1056 urbem
3461 999 3942 1071 Cypri,_interfectis

2792 1074 2848 1128 in
2869 1086 2931 1129 ea
2961 1073 3270 1142 gentilibus,
3303 1069 3615 1127 subvertere
3639 1069 3820 1126 Judaei.

881 1241 910 1293 b
942 1238 1205 1309 Traianus
1249 1236 1436 1292 morbo
1464 1236 1518 1290 in
1563 1228 1784 1288 civitate
1827 1229 2105 1285 Selinunte
2145 1226 2308 1298 perit,
2340 1225 2472 1288 sive,
2523 1231 2582 1277 ut
2627 1223 2752 1278 alibi
2803 1225 3063 1293 scriptum
3111 1223 3432 1293 reperimus,
3481 1224 3622 1294 apud
3665 1223 3940 1280 Seleuciam

812 1333 998 1387 urbem
1025 1331 1260 1395 Isauriae,
1303 1329 1563 1398 proﬂuvio
1598 1324 1802 1381 ventris
1840 1323 2140 1377 exstinctus
2184 1327 2268 1374 est
2305 1333 2446 1372 anno
2485 1317 2656 1372 aetatis
2704 1332 2832 1370 um
2857 1315 2952 1386 [αι.
2985 1313 3201 1384 tum],
3249 1330 3433 1370 mense
3458 1331 3624 1379 nono,
3653 1315 3942 1384 diequarto-

811 1425 947 1481 Ossa
973 1427 1179 1496 ejus.in
1206 1439 1396 1479 urnam
1422 1435 1638 1476 auream
1685 1418 1898 1484 collata,
1930 1417 2026 1487 [aL
2061 1411 2305 1485 collecta]
2334 1419 2388 1468 et
2429 1412 2484 1466 in
2514 1410 2630 1466 foro
2661 1411 2762 1465 sub
2793 1412 3039 1464 columna
3069 1410 3279 1481 posita:
3325 1409 3579 1480 solusque
3611 1409 3836 1464 omnium
3860 1409 3944 1462 im-

810 1526 1025 1587 perator
1048 1517 1188 1584 intra
1215 1513 1406 1570 Urbem
1440 1514 1698 1581 sepultus.

881 1608 1150 1663 Adrianus
1207 1603 1581 1659 Alexandriam
1632 1602 1729 1656 abs
1779 1598 1977 1652 Iudaeis

811 1678 1123 1733 subversam
1187 1673 1293 1744 [αι.
1346 1670 1703 1744 laborantem]
1756 1669 1978 1739 publicis

811 1743 1130 1800 instauravit
1157 1743 1429 1812 eipensis.

881 1814 916 1866 ιι
963 1805 1243 1867 Adrianus
1289 1811 1501 1864 Iudaeos
1557 1810 1698 1877 capit
1745 1805 1980 1863 secundo

811 1890 999 1937 contra
1031 1883 1302 1936 Romanos
1330 1880 1669 1936 rebellantes.

2325 1781 2604 1856 ns"

2527 1610 2553 1647 c
2578 1592 2688 1648 XII.
2716 1589 3060 1646 ADRIANUS
3093 1592 3249 1647 annis
3279 1601 3392 1646 ut.

2872 1661 2970 1715 Hic
2993 1661 3261 1716 Adrianus
3280 1661 3483 1728 italicae
3508 1661 3561 1714 in
3595 1659 3838 1728 Hi5pania
3859 1675 3944 1715 na-

2799 1741 2889 1786 tus
2914 1731 3248 1785 consobrina:
3272 1726 3487 1798 Trajani
3516 1731 3655 1783 ﬁlius
3682 1726 3792 1783 fuit.

2670 1800 2695 1852 1
2872 1800 3140 1854 Adrianus
3186 1800 3584 1854 eruditissimus
3639 1802 3690 1853 in
3742 1807 3946 1868 utraque

2802 1869 2980 1940 lingua
3007 1887 3020 1922 :
3057 1870 3149 1940 sed
3184 1870 3236 1922 in
3264 1884 3549 1938 puerorum
3581 1883 3756 1923 amore
3779 1883 3945 1938 parum

2801 1937 3082 1993 continens
3102 1937 3220 1993 fuit.

883 2128 909 2164 ε
934 2097 1221 2165 λεπιδηέ
1247 2101 1465 2171 Traiani
1517 2097 1764 2153 invidens
1790 2094 1971 2166 gloriae
1997 2092 2064 2147 de
2090 2090 2330 2161 Assyria,
2377 2087 2783 2158 Mesopotamia,
2811 2086 3084 2150 Armenia,
3115 2100 3249 2155 quas
3288 2087 3377 2141 ille
3407 2085 3708 2156 provincias
3748 2082 3946 2146 fecerat,

812 2199 1041 2253 removit
1072 2196 1360 2250 exercitus.

887 2287 1152 2341 Adrianus
1180 2283 1381 2350 reliqua
1411 2277 1731 2333 tributorum
1773 2271 1998 2328 urbibus
2035 2265 2318 2332 relaxavit,
2345 2265 2549 2322 chartis
2578 2263 2789 2336 publice
2821 2264 3077 2321 incensis.
3106 2263 3372 2318 Plurimos
3399 2264 3562 2319 etiam
3592 2263 3720 2333 ipsis
3752 2260 3946 2317 tributis

817 2384 1012 2436 Iberos
1041 2377 1303 2448 praestitit.

813 2553 889 2628 Β.
943 2551 1346 2627 DCCCLXX.

740 2773 743 2778 _
824 2740 827 2745 ι
883 2731 913 2783 g
948 2713 1258 2783 Plutarchus
1278 2707 1622 2783 Lhmrgneus,
1665 2707 1720 2755 et
1761 2698 1976 2783 Sic-stus.

813 2791 868 2836 et
884 2768 1278 2850 "Agathobulus‘.
1309 2785 1361 2829 et
1390 2773 1717 2835 OEnomaus,
1747 2768 1979 2837 philoso-

814 2852 903 2921 phi
927 2846 1162 2918 insignes
1197 2846 1475 2898 habentur.

2253 2608 2255 2610 -
2322 2581 2422 2637 119

2320 2691 2424 2746 120

2659 2581 2698 2633 2
2869 2581 2897 2647 f
2917 2579 3146 2634 Senatus
3169 2579 3456 2648 Traianum
3487 2580 3541 2632 in
3570 2579 3696 2632 deos
3723 2575 3889 2631 refert.

2661 2691 2694 2744 ὅ
2864 2689 2897 2740 Ιι
2915 2688 3287 2743 Alexandrinae
3307 2685 3558 2740 Ecclesiae
3581 2688 3794 2755 quintus
3835 2701 3946 2742 con-

2803 2758 3042 2838 stituitur
3071 2759 3353 2826 episcopus
3389 2755 3578 2811 Justus
3614 2757 3763 2811 annis
3790 2758 3944 2812 unde—

2800 2843 2927 2883 cun.

881 2967 901 3018 ί
927 2964 1191 3019 Romana:-
1206 2960 1459 3014 Ecclesiae
1490 2963 1674 3011 sextus
1701 2953 2062 3023 episcopatum
2090 2949 2277 3006 Xistus
2310 2948 2470 3004 annis
2494 2945 2676 3004 decem
2716 2952 2880 3002 tenet.

881 3057 912 3106 k
941 3055 1142 3110 Bellum
1169 3051 1358 3108 contra
1397 3050 1738 3104 Sauromatas
1779 3053 1986 3118 gestum
2037 3048 2184 3117 ,225

705 3197 708 3201 ι
814 3126 1033 3201 est__bo_c
1063 3134 1321 3201 tempore.

885 3185 1192 3262 Euphrates
1235 3189 1451 3244 Stoicus
1478 3185 1824 3259 philosophus
1869 3197 1984 3238 mo-

815 3270 1145 3399 rll(gauisus
1173 3317 1373 3399 ﬂuvius
1411 3321 1713 3399 Eleusinam
1736 3320 1987 3399 .inunda-

814 3400 892 3452 vit
925 3390 1127 3466 {quem
1158 3396 1419 3449 Adrianus
1446 3393 1605 3462 ponte
1628 3390 1981 3460 coniungens,

812 3465 1038 3522 Athenis
1061 3467 1288 3520 hiemem
1321 3465 1515 3533 exegit.

2330 3043 2426 3097 121

2326 3246 2428 3300 122

2327 3314 2428 3369 125

2669 3041 2704 3094 4
2844 3039 2864 3090 ι
2891 3038 3158 3109 Adrianus
3185 3039 3240 3093 in
3276 3038 3528 3109 Libyam,
3559 3052 3687 3109 quae
3706 3052 3733 3090 a
3770 3035 3947 3090 Iudaeis

2775 3115 2980 3162 vastata
3009 3107 3201 3172 fuerat,
3230 3107 3472 3162 colonias
3502 3108 3664 3161 misit.

2673 3247 2706 3299 5
2842 3241 3198 3298 m’Adrianus
3239 3243 3652 3297 Atheniensibus
3697 3243 3834 3311 leges
3869 3254 3948 3308 pe-

2671 3318 2703 3369 ti
2772 3311 3008 3366 tentibus
3030 3327 3096 3365 ex
3118 3312 3373 3368 Draconis
3399 3320 3452 3366 et
3487 3311 3696 3365 Solonis
3728 3311 3949 3379 reliquo-

2775 3391 3001 3449 ruque
3033 3380 3184 3438 libris
3198 3383 3322 3452 jura
3347 3382 3666 3451 composuit.
3691 3428 3694 3434 .

883 3636 919 3671 η
951 3617 1134 3673 Terra:
1162 3623 1306 3668 motu
1329 3612 1468 3684 apud
1518 3609 1819 3680 Bithyniam
1863 3605 2168 3661 Nicomedia
2214 3607 2323 3658 ruit
2354 3623 2368 3658 :
2399 3612 2452 3660 et
2497 3603 2723 3662 Nicaena:
2775 3605 2925 3660 urbis
2961 3606 3190 3675 plurima
3214 3618 3409 3660 eversa
3452 3611 3579 3660 sunt
3605 3600 3835 3658 aediﬁcia.
3881 3593 3950 3649 Ad

815 3722 1043 3779 quarum
1072 3705 1511 3759 instaurationem
1538 3700 1805 3754 Adrianus
1830 3698 1895 3752 de
1918 3697 2131 3767 publico
2168 3697 2391 3766 largitus
2417 3706 2498 3750 est
2525 3696 2819 3767 impensas.

2321 3788 2420 3841 124

2666 3788 2696 3840 7

887 3903 917 3942 ο
942 3882 1320 3953 lierosolymis
1350 3880 1591 3936 decimus
1619 3885 1739 3950 post
1764 3878 2066 3947 Philippum
2105 3877 2448 3931 constituitur
2471 3879 2756 3948 episcopus
2785 3878 3026 3947 -Seneca.
3058 3877 3187 3932 Post
3209 3893 3366 3948 quem
3403 3877 3715 3932 undecimus
3740 3873 3945 3931 Justus:

819 3984 904 4037 cui
934 3979 1169 4035 succedit
1192 3975 1539 4030 duodecimus
1572 3972 1719 4028 Levi.
1764 3971 1891 4027 Post
1918 3985 2074 4040 quem
2108 3970 2540 4026 tertiusdecimus
2583 3971 2807 4042 Ephres.
2849 3972 3084 4038 Quartus
3107 3973 3349 4028 decimus
3368 3967 3545 4027 loses.
3574 3968 3801 4037 Quintus
3819 3967 3949 4024 deci-

818 4088 940 4126 mus
965 4069 1150 4124 Iudas.
1179 4065 1245 4118 lli
1278 4080 1462 4118 omnes
1493 4078 1664 4132 usque
1707 4061 1773 4115 ad
1821 4060 2174 4123 eversionem,
2200 4073 2359 4127 quam
2418 4060 2487 4114 ab
2527 4061 2762 4116 Adriano
2807 4077 3059 4131 perpessa
3113 4069 3199 4118 est
3238 4059 3593 4130 Hierusalem,
3631 4077 3694 4118 ex
3733 4062 3949 4113 circum-

817 4165 1021 4220 cisione
1040 4159 1275 4229 episcopi
1308 4153 1648 4226 praefuerunt.

885 4358 919 4393 α
941 4340 1075 4400 Τοὺς
1104 4340 1160 4390 ἐν
1180 4337 1434 4407 Σαλαμῖνι
1453 4336 1548 4405 τῆς
1575 4333 1795 4404 Κύπρου
1816 4333 2077 4403 Ἕλληνας
2108 4332 2342 4386 Ἰουδαῖοι

816 4429 1108 4493 ἀνελόντες,
1140 4427 1236 4497 τὴν
1266 4428 1413 4478 πόλιν
1454 4424 1810 4491 κατέσκαψαν.
1851 4422 2007 4492 Sync.
2035 4437 2086 4489 p.
2120 4422 2242 4484 348,
2276 4421 2341 4476 A.

889 4520 916 4570 b
954 4516 1211 4588 Τραϊανὸς
1232 4514 1367 4583 νόσῳ
1388 4514 1623 4582 τελευτᾷ.
1650 4513 1866 4566 Ibidem.

888 4628 916 4662 c
966 4609 1243 4680 Ῥωμαίων
1293 4607 1356 4660 ιδ’
1378 4606 1712 4660 ἐϐασίλευσεν
1761 4605 2028 4676 Ἀδριανὸς
2055 4604 2229 4668 Αἴλιος
2252 4604 2345 4674 ἐτη

821 4707 924 4754 κα’.
953 4697 1172 4763 Ibidem,
1215 4696 1275 4752 C.

889 4790 923 4842 d
965 4789 1230 4858 Ἀδριανὸς
1261 4787 1542 4849 Ἰουδαίους
1562 4784 1698 4838 κατὰ
1732 4783 2108 4854 ’Δλεξανδρέων
2139 4783 2351 4837 στασιὰ-

822 4880 1009 4942 ζοντας
1037 4876 1302 4930 ἐκόλασεν.
1330 4874 1547 4937 Ibidem,
1565 4875 1634 4928 D.

894 4989 919 5024 e
965 4970 1231 5044 Ἀδριανὸς
1267 4967 1438 5037 χρεῶν
1471 4967 1683 5035 ὀφειλὰς
1712 4966 1816 5018 τῶν
1843 4966 1932 5017 ὑπ’
1961 4961 2118 5017 αὐτὸν
2149 4965 2350 5016 πόλεων

823 5060 1122 5130 ἁνηκούσας
1160 5059 1234 5128 τῷ
1260 5057 1494 5128 δημοσίῳ
1527 5057 1664 5124 λόγῳ
1700 5055 1957 5123 ἀπέκοψε,
2000 5052 2199 5116 καύσας
2230 5054 2350 5113 τοὺς

827 5151 1046 5218 χάρτας.
1089 5147 1145 5218 τυ
1193 5147 1350 5209 αὐτὸς
1401 5144 1678 5215 Ῥωμαίοις
1725 5145 1917 5212 φόρους
1961 5140 2178 5202 πολλοὺς
2230 5141 2352 5209 ἐχα-

831 5241 1033 5308 ρίσατο.
1066 5233 1287 5289 Ibidem.

896 5329 923 5396 f
956 5327 1019 5379 Ἦ
1049 5325 1340 5396 σύγκλητος
1386 5325 1500 5377 θεὸν
1543 5323 1800 5394 Τραϊανὸν
1843 5322 2156 5392 ἐψηφίσατο.
2191 5321 2346 5388 Sync.

827 5431 877 5484 ρ.
903 5416 1024 5478 549,
1052 5415 1119 5468 Α.
1150 5406 1162 5416 ⁷
2321 5469 2324 5473 ,

893 5522 923 5573 g
955 5504 1287 5575 Πλούταρχος
1328 5504 1631 5572 Χαιρωνεὺς
1657 5505 1747 5557 καὶ
1774 5504 1957 5568 Σέξτος
2003 5505 2094 5556 καὶ
2133 5505 2350 5572 Ἀγαθό-

827 5589 1011 5656 ϐουλος
1061 5595 1149 5648 καὶ
1205 5595 1459 5664 υῑνόμαος
1510 5596 1780 5663 φιλόσοφοι
1833 5595 2192 5665 ὲγνωρίζοντο.
2243 5595 2352 5649 Ibi-

824 5681 963 5746 dem,
994 5682 1062 5738 B.

896 5775 928 5827 Ii
958 5774 1345 5848 Ἀλεξανδρείας
1360 5778 1645 5858 ἐπίσκοπος
1658 5782 1876 5844 Ἰοῦστος
1893 5780 1981 5850 ἔτη
2001 5777 2087 5835 ι’.1
2092 5778 2252 5834 bidem
2261 5778 2344 5849 ,B.

2513 4336 2532 4386 i
2593 4335 2870 4404 Ῥωμαίων
2932 4335 3218 4396 ἐπίσκοπος
3278 4335 3463 4402 γέγονε
3507 4331 3703 4396 Ξύστος
3756 4333 3846 4404 ειη
3890 4327 3928 4384 θ’
3932 4370 3946 4385 .

2448 4427 2667 4495 Ibidem,
2703 4429 2769 4483 B.

2517 4520 2545 4572 Ir
2575 4521 2912 4589 Σαυρομάται
2937 4518 3460 4597 κατεπολεμήθησαν.
3488 4515 3704 4574 Ibidem.

2516 4609 2535 4660 ι
2574 4609 2846 4662 Ἀποικίαν
2901 4612 2978 4674 εἰς
3032 4610 3232 4678 Λιϐύην
3275 4608 3644 4680 ἐρημωθεῖσαν
3705 4602 3946 4679 ’Δδριανδς

2447 4697 2702 4768 ἐπεμψεν.
2735 4697 2953 4754 Ibidem.
3477 4717 3492 4722 “

2515 4803 2563 4838 m
2597 4788 2652 4839 '0
2672 4787 2829 4850 αὐτὸς
2860 4788 3152 4859 Ἀθηναίοις
3169 4784 3450 4851 ἀξιώσασιν
3473 4791 3537 4841 ἐκ
3555 4788 3662 4840 τῶν
3681 4787 3947 4858 Δράκοντος

2448 4878 2539 4928 καὶ
2563 4877 2792 4938 Σόλωνος
2818 4878 3007 4947 νόμους
3035 4877 3393 4942 ὲπισυνέταξε,
3415 4877 3678 4948 χειμάσας
3707 4879 3779 4941 εἰς
3813 4874 3949 4942 Ἀθή-

2447 4982 2538 5027 νας
2561 4966 2652 5018 καὶ
2680 4967 2898 5037 μυηθεὶς
2922 4967 2988 5020 τὰ
3017 4965 3324 5031 Ἐλευσίνια,
3345 4969 3437 5021 καὶ
3453 4968 3766 5039 γεφυρώσας
3801 4966 3949 5019 Ἐλευ-

2450 5057 2566 5106 σῖνα
2598 5055 3046 5108 κατακλυσθεῖσαν
3076 5055 3177 5110 ὑπὸ
3204 5055 3437 5125 Κεφισοῦ
3462 5056 3721 5128 ποταμοῦ.
3750 5055 3944 5109 Ibidem.

2517 5162 2549 5197 η
2586 5145 2852 5214 Ἀδριανὸς
2893 5144 3246 5216 Νικομήδειαν
3293 5145 3494 5217 σεισμῷ
3535 5143 3948 5200 καταπτωθεῖσαν

2451 5236 2540 5286 καὶ
2570 5235 2798 5288 Νίκαιαν
2829 5234 3008 5297 πόλεις
3045 5235 3288 5300 Βιθυνίας
3322 5238 3586 5307 χρήμασιν
3626 5236 3944 5308 ἁνεστήσατο.

2450 5323 2669 5389 Ibidem,
2700 5325 2765 5378 A.

2515 5432 2544 5466 ο
2583 5413 2954 5486 Ἰεροσολύμων
2978 5417 3194 5477 δέκατος
3236 5415 3524 5478 ἐπίσκοπος
3559 5415 3797 5478 Ἑνὲκαςο
3824 5410 3948 5467 ἑνδέ-

2449 5519 2606 5565 κατος
2663 5501 2914 5563 Ἰοῦστοςο
2965 5504 3253 5560 δωδέκατος
3298 5503 3482 5566 Λευίςο
3539 5503 3946 5575 τρισκαιδέκατος

2462 5591 2708 5662 Ἐφραῖμ’
2762 5590 3330 5663 τεσσαρεσκαιδέκατος
3365 5591 3589 5663 Ἰωσήφο
3639 5587 3948 5647 πεντεκαιδέι

2449 5698 2608 5743 κατος
2666 5681 2878 5746 Ἰούδας,
2934 5681 3051 5734 καθ’
3096 5681 3154 5734 ὃν
3202 5681 3291 5734 ἐπὶ
3341 5679 3607 5753 Ἀδριανοῦ
3661 5680 3829 5733 τελεία
3869 5674 3947 5729 καὶ

2448 5772 2642 5841 ἐσχάτη
2672 5773 2853 5839 γέγονε
2877 5774 2973 5842 τῆς
3001 5772 3198 5836 πόλεως
3224 5772 3436 5836 ἅλωσις.
3453 5770 3606 5837 Idem
3628 5787 3680 5840 p.
3705 5767 3944 5838 519,350-
