4112 6314
700 407 797 486 ῆι
831 463 841 479 ν
1463 398 1726 455 EUSEBH
1765 394 2234 453 CIESARIENSIS
2273 395 2324 450 Oi

2273 395 2421 450 OPP.
2463 391 2642 448 PARS
2679 391 2718 446 ῐ.
2749 422 2814 432 —-
2845 389 3228 446 HISTORICA.
3794 384 3881 441 59!

708 545 3858 574 MM

1936 653 2124 693 OLYIP.
2199 650 2458 691 CHRISTUS
2536 651 2659 690 κου.

2448 766 2716 851 Constan-

2536 851 2647 895 ttus

2586 1013 2652 1066 η

779 1143 982 1201 Bellum
1014 1143 1287 1203 Persicum
1322 1158 1646 1204 nocturnum
1675 1145 1813 1216 apud
1849 1131 2169 1214 Singaram,
2204 1144 2256 1197 in
2301 1158 2407 1212 quo
2433 1141 2575 1194 haud
2620 1139 2836 1193 dubiam
2872 1138 3156 1192 victoriam
3192 1135 3419 1190 militum
3457 1133 3747 1190 stoliditate
3776 1147 3884 1201 per-

711 1240 966 1296 didimus.
998 1240 1180 1312 Neque
1210 1257 1338 1297 vero
1365 1243 1528 1296 ullum
1555 1241 1874 1297 Constantio
1904 1253 1970 1291 ex
2005 1253 2199 1298 novent
2241 1234 2574 1306 gravissimis
2605 1232 2801 1302 praeliis
2836 1240 3024 1284 contra
3062 1229 3257 1284 Persas
3292 1229 3508 1298 gravius
3541 1228 3740 1282 bellum
3781 1227 3882 1282 fuit.

666 1399 668 1401 q
713 1329 866 1395 Nam,
900 1341 950 1385 ut
982 1333 1084 1386 alia
1118 1335 1386 1397 omittam,
1420 1333 1592 1388 Nisibi
1625 1334 1872 1396 obsessa,
1909 1331 2154 1384 Dizalidae
2183 1339 2230 1384 et
2264 1327 2452 1381 Amida
2489 1335 2656 1395 captae
2686 1335 2828 1378 sunt.

779 1421 1233 1493 Quadragesimus
1272 1426 1536 1480 Maximus
1565 1432 1685 1493 post
1733 1423 2022 1477 Macarium
2081 1422 2570 1492 Hierosolymorum
2625 1420 2913 1488 cpiscopus
2962 1418 3212 1471 moritur.
3263 1414 3574 1483 Postquam
3615 1411 3885 1468 Ecclesiam

713 1513 897 1566 Ariani
929 1514 1228 1568 invadunt:
1261 1515 1312 1568 id
1337 1524 1421 1568 est
1448 1515 1704 1585 Cyrillns,
1746 1513 2064 1584 Eutychius,
2102 1528 2319 1567 rursmn
2354 1511 2610 1582 Cyrillus,
2643 1509 2896 1573 Irenteus,
2939 1509 3099 1564 tertio
3123 1508 3375 1579 Cyrillus,
3411 1505 3672 1566 llilarius,
3714 1511 3889 1574 quarto

710 1607 941 1676 Cyrillus
969 1624 982 1671 ;
1027 1623 1256 1676 quorum
1307 1607 1560 1678 Cyrillus,
1616 1621 1738 1660 cum
1770 1622 1797 1660 a
1831 1606 2062 1659 Maximo
2111 1606 2304 1660 fuisset
2334 1607 2612 1676 presbyter
2653 1603 2956 1664 ordinatus,
3005 1611 3057 1656 et
3091 1611 3210 1672 post
3244 1608 3469 1655 mortem
3512 1599 3629 1668 ejus
3659 1599 3730 1651 ita
3757 1595 3799 1649 ei
3830 1595 3888 1647 ab

709 1697 1210 1766 Aeacio,episcopo
1237 1697 1577 1762 Cmsariensi,
1637 1707 1690 1752 et
1721 1699 1930 1753 caitcris
1963 1699 2234 1769 episcopis
2288 1701 2504 1753 Arianis
2551 1697 2897 1768 episcopatus
2939 1695 3365 1764 promitteretur,
3417 1692 3460 1746 si
3509 1691 3886 1745 ordinationem

712 1779 929 1837 Maximi
981 1783 1339 1854 repudiasset,
1397 1785 1658 1843 diaconus
1715 1787 1770 1841 in
1819 1789 2050 1843 ecclesia
2098 1789 2496 1842 administravit
2543 1808 2554 1842 :
2605 1790 2675 1842 ob
2723 1802 2882 1856 quam
2942 1786 3272 1855 impietatem
3331 1785 3617 1841 sacerdotii
3665 1782 3888 1837 mercede

711 1884 990 1944 pensatus.
1022 1875 1346 1944 lieraclium,
1379 1894 1537 1947 quem
1583 1879 1823 1933 moriens
1863 1873 2129 1933 Maximus
2175 1878 2229 1932 in
2273 1895 2429 1934 suum
2463 1879 2640 1933 locum
2673 1878 3049 1942 substituerat,
3093 1879 3246 1932 varia
3278 1877 3465 1932 fraude
3487 1875 3798 1938 sollicitans,
3830 1871 3890 1926 dc

713 1968 968 2038 episeopo
992 1967 1044 2022 in
1070 1968 1438 2039 presbyterum
1471 1970 1795 2041 regradavit.

2475 937 2685 950 —-—I’—

2197 945 2404 956 ..ο-...-

2251 2061 2354 2114 534
2421 2075 2424 2080 '
2567 2061 2632 2114 15

787 2169 1047 2226 Romana“:
1077 2171 1331 2225 Ecclesire
1365 2170 1673 2225 tricesimus
1705 2179 1930 2245 quartus
1973 2171 2254 2225 ordinatur
2288 2172 2573 2242 episcopus
2611 2171 2873 2227 Liberius.
2898 2173 3016 2239 Quo
3047 2175 3100 2228 in
3145 2173 3393 2229 exsilium
3434 2173 3502 2228 ob
3551 2173 3703 2228 fidem
3734 2182 3886 2239 truso,

712 2276 901 2318 omnes
931 2263 1109 2316 clerici
1135 2264 1450 2330 iuraverunt
1492 2260 1634 2332 quod
1668 2263 1872 2315 nullum
1905 2262 2068 2316 alium
2100 2264 2455 2332 susciperent.
2493 2263 2688 2319 Verum
2735 2281 2860 2319 cum
2906 2265 3051 2320 Felix
3085 2267 3152 2320 ab
3172 2266 3384 2320 Arianis
3415 2265 3604 2319 fuisset
3643 2268 3694 2320 in
3722 2280 3886 2321 sacer-

719 2351 924 2406 dotium
955 2353 1298 2415 substitutus,
1346 2353 1560 2423 plurimi
1592 2354 1970 2424 pejerarerunt
2003 2373 2016 2409 :
2061 2365 2113 2409 et
2151 2365 2270 2426 post
2301 2372 2498 2410 annum
2537 2373 2658 2411 cum
2691 2356 2870 2412 Felice
2902 2360 3057 2427 ejccli
3096 2367 3257 2425 sunt;
3303 2357 3427 2428 quia
3474 2355 3714 2413 Liberius
3745 2357 3889 2412 taedio

723 2447 896 2500 victus
922 2446 1118 2510 exsilii,
1149 2456 1200 2502 et
1231 2449 1282 2501 in
1305 2448 1555 2503 haeretica
1583 2450 1846 2520 pravitate
1875 2451 2248 2519 subscribens,
2280 2451 2504 2507 Romam
2536 2455 2692 2522 quasi
2717 2455 2890 2508 vietor
2913 2456 3226 2509 intraverat.

782 2537 965 2614 Romae
999 2542 1237 2614 populus
1259 2541 1518 2614 adyersus
1559 2543 1891 2613 Magnentta—
2787 2547 3102 2603 Vetranioni
3134 2549 3272 2614 apud
3308 2549 3552 2603 Naissum
3579 2565 3606 2601 a
3627 2547 3879 2602 Constano

715 2611 1141 2732 nosdal‘ebellans
1192 2612 1260 2666 ab
1307 2610 1590 2668 Heraclida
1645 2610 1894 2670 senatore
2717 2620 2796 2673 tio
2836 2621 3042 2688 regium
3076 2610 3282 2687 insigne
3303 2619 3621 2672 detractum.

719 2697 814 2733 oro
859 2698 869 2732 |
903 2696 984 2733 ur.

719 2697 984 2748 prouttur.

789 2769 1096 2840 Magnentio
1122 2773 1262 2842 apud
1288 2773 1736 2844 Augustodunum
1773 2774 2064 2844 arripiente
2115 2777 2420 2844 imperium,
2470 2776 2738 2831 Constans
2786 2777 2927 2831 haud
2958 2778 3114 2846 longe
3153 2778 3218 2832 ab
3251 2776 3528 2846 Hispania,
3565 2791 3701 2830 anno
3730 2771 3887 2830 aetatis

716 2877 827 2915 sme
858 2863 1155 2927 tricesimo,
1191 2867 1399 2936 imperii
1437 2866 1518 2920 sui
1549 2867 1963 2932 tertiodecimo,
2009 2867 2061 2920 in
2087 2871 2329 2932 castello,
2357 2870 2441 2923 cui
2489 2885 2680 2922 nomen
2712 2878 2792 2922 est
2839 2869 3056 2933 llelene,
3099 2869 3438 2924 interficitur.
3484 2867 3649 2938 Quam
3686 2866 3753 2920 ob
3787 2879 3886 2919 rem

716 2953 927 3007 turbata
955 2970 1007 3008 re
1037 2954 1272 3024 publica,
1304 2953 1558 3008 Vetrauio
1591 2954 1802 3018 Mursze,
1825 2955 2153 3028 Nepotianus
2189 2960 2369 3015 Romae
2404 2959 2752 3027 imperatores
2784 2959 2930 3013 facti.

785 3045 1068 3116 Nepotiani
1099 3056 1261 3118 caput
1293 3049 1400 3118 pilo
1431 3065 1522 3119 per
1552 3047 1748 3104 Urbem
1783 3050 2179 3119 circumlatum,
2243 3053 2532 3122 mullmque
2587 3053 3009 3123 proscriptiones
3047 3051 3309 3105 nobilium
3343 3059 3397 3106 et
3429 3049 3601 3105 cades
3630 3049 3794 3105 facta).

2249 3191 2252 3200 ·
2600 3169 2667 3222 Μ

786 3230 1041 3306 Nonnulli
1072 3231 1330 3286 nobilium
1353 3231 1653 3290 Antiochia:
1681 3249 1711 3288 a
1742 3234 1894 3291 Gallo
2277 3238 2380 3292 356
2592 3240 2658 3292 15
2815 3234 2995 3290 Gallus
3015 3235 3315 3290 Constantii
3352 3235 3610 3306 patruelis
3625 3233 3792 3290 Caesar
3823 3233 3888 3285 fa-

718 3301 1004 3356 interfecti.
2723 3315 2864 3360 ctus.

786 3411 1124 3482 Magnentius
1152 3413 1344 3470 Mursae
1367 3417 1577 3472 victus:
1609 3417 1662 3470 in
1693 3433 1799 3486 quo
1830 3420 2011 3486 praelio
2049 3418 2302 3471 Romamn
2331 3419 2472 3472 \‘ircs
2504 3418 2874 3473 conciderunt.

785 3503 969 3560 Gallus
1015 3503 1260 3571 Iudaeos;
1303 3508 1393 3576 qui
1451 3508 1747 3564 interfectis
1799 3525 1894 3578 per
1945 3520 2154 3564 noctem
2225 3510 2490 3564 militibus
2541 3525 2688 3562 arnza
2734 3510 2799 3562 ad
2845 3508 3211 3564 rebellandum
3249 3510 3578 3573 invaserant,
3624 3511 3888 3578 Oppressit.

717 3598 872 3652 cassis
899 3597 1082 3652 multis
1113 3597 1390 3651 hominum
1425 3599 1684 3666 millibus,
1734 3617 1905 3670 usque
1935 3601 1999 3654 ad
2033 3602 2302 3654 innoxiam
2342 3610 2550 3656 aetatem
2588 3618 2600 3652 :
2633 3610 2694 3655 ‘ct
2726 3601 2972 3656 civitates
3000 3615 3186 3655 eorum
3219 3599 3624 3665 Dioczesaream,
3649 3599 3887 3654 Tiberia—

717 3693 860 3755 dem,
907 3700 960 3747 et
991 3691 1306 3761 Diospolim,
1342 3693 1682 3764 plurimaque
1714 3673 1909 3765 oppida
1944 3697 2055 3765 igni
2086 3697 2326 3750 tradidit.

1999 3817 2141 3885 284
2282 3812 2384 3885 {>57
2597 3810 2662 3885 19

789 3875 1099 3932 Gennadius
1116 3875 1507 3948 Forojuliensis
1523 3889 1705 3934 orator
1719 3879 1903 3935 Roma:
2002 3856 2141 3885 ω’*
2600 3856 2664 3932 ᾖ
2805 3856 3097 3932 Minervius
3144 3877 3546 3947 Burdigalensis
3597 3878 3770 3932 rhetor
3800 3870 3892 3924 Ro-

720 3945 950 4014 lnsignis
979 3948 1224 4002 habetur.
1259 3945 1269 3948 ⁷
2731 3965 2830 4002 ma:
2859 3949 3239 4003 ﬂorentissime
3264 3945 3460 4002 ducet.

789 4030 1123 4104 Magnentius
1153 4036 1395 4108 Lugduni
1428 4039 1482 4092 in
1514 4041 1712 4108 palatio
1745 4041 1963 4110 pr0pria
1995 4055 2055 4094 se
2080 4054 2241 4092 manu
2280 4037 2534 4091 interficit
2567 4055 2579 4088 :
2617 4047 2668 4092 et
2706 4036 2997 4092 Decentius
3037 4037 3204 4092 frater
3223 4037 3366 4106 ejus,
3401 4052 3562 4108 quem
3590 4037 3660 4091 ad
3692 4031 3894 4089 tuendus

719 4125 921 4180 Gallias
946 4125 1215 4182 Caesarem
1252 4130 1492 4193 miserat,
1525 4131 1665 4200 apud
1703 4129 1946 4185 Senonas
1979 4130 2173 4201 laqueo
2202 4130 2366 4183 vitam
2397 4129 2594 4197 explet.

1519 4249 1521 4252 i
1568 4247 1648 4314 Β.
1695 4246 1907 4319 MCX.
2296 4243 2398 4297 559
2613 4243 2676 4298 18
2770 4313 2780 4319 _
2815 4241 3003 4297 Gallus
3029 4244 3209 4319 Gaesar
3233 4244 3892 4319 sollicitatus_a_()oustan_-

2746 4313 2821 4364 tio
2879 4314 3143 4380 patrueli,
3201 4313 3289 4366 eui
3342 4313 3395 4366 in
3447 4310 3892 4382 suspicionem-ob

799 4372 1052 4451 Silvanus
1097 4375 1150 4428 in
1196 4375 1501 4451 Gallia__rcs
1544 4394 1710 4451 novas
1756 4383 1914 4435 moli-
2743 4372 2944 4451 regiam
2975 4372 3222 4451 indolem
3275 4372 3561 4447 \eneratﬁ'
3590 4383 3752 4437 lstrize
3794 4378 3890 4451 [αι.

726 4457 813 4498 tus
845 4445 1103 4499 vicesimo
1141 4457 1329 4500 octavo
1363 4447 1449 4502 die
1474 4450 1776 4504 exstinctus
1804 4463 1910 4506 est.
2743 4445 2986 4521 Hirstone]
3015 4451 3296 4506 occiditur.

799 4559 1109 4614 Victorinus
1142 4560 1322 4614 rhetor
1346 4569 1398 4615 et
1433 4561 1671 4619 Donatus
1700 4563 2086 4632 grammaticus
2119 4573 2419 4636 praeceptor
2455 4578 2608 4618 meus
2640 4561 2824 4616 Romae
2855 4563 3093 4632 insignes
3128 4564 3430 4619 habentur:
3455 4579 3484 4617 e
3511 4563 3707 4632 quibus
3728 4562 3890 4616 Victo-

724 4651 875 4704 rinus
907 4650 1068 4702 etiam
1096 4655 1324 4702 statuam
1356 4649 1408 4701 in
1450 4648 1566 4703 foro
1593 4650 1811 4718 Trajani
1844 4650 1942 4722 [al.
1972 4649 2240 4723 Romano]
2278 4651 2494 4704 meruit.

794 4758 1069 4828 Alcimus
1094 4763 1147 4809 et
1202 4755 1514 4828 Delphidius
1561 4759 1806 4813 rhetores
1859 4761 1911 4812 in
2297 4759 2400 4813 360
2613 4759 2678 4814 i9
2822 4758 3082 4814 Paulinus
3099 4769 3151 4812 et
3171 4758 3462 4815 Rhodanus
3493 4759 3778 4816 Galliarum
3806 4758 3893 4828 εμὲ·

724 4825 1428 4898 Aquitaniaﬂorentissime
1459 4826 1674 4881 docent.
2213 4856 2217 4858 -
2744 4831 2896 4898 scapi
2925 4832 2977 4882 in
3002 4829 3249 4884 exsilium
3267 4831 3335 4883 ob
3365 4831 3523 4885 tidem
3547 4832 3706 4888 trusi.

723 4895 988 5021 dofetrus
1015 4895 1442 4964 Casaraugusta:
1468 4905 1652 4950 orator
1683 4898 1910 4968 insignis

830 4975 902 5019 et.
981 4993 988 5002 -

799 5083 1060 5146 Donatus,
1096 5097 1126 5135 a
1155 5099 1264 5151 quo
1292 5099 1453 5154 supra
1479 5081 1808 5137 Donatianos
1838 5084 1945 5138 dici
1981 5085 2034 5138 in
2061 5083 2242 5138 Africa
2275 5081 2694 5138 memoravimus
2715 5121 2731 5146 ,
2783 5081 3110 5150 Carthagine
3154 5082 3388 5152 pellitur.
3432 5081 3661 5146 Quidam
3689 5089 3892 5137 sectato-

732 5193 820 5232 res
846 5176 965 5243 ejus
993 5177 1154 5231 etiam
1189 5174 1494 5230 Montenses
1529 5185 1743 5237 vocant,
1783 5191 1846 5229 eo
1879 5178 2019 5244 quod
2049 5177 2330 5231 ecclesiam
2364 5173 2543 5229 llornre
2577 5175 2806 5243 primum
2841 5173 2894 5225 in
2927 5182 3104 5226 monte
3133 5173 3330 5228 habere
3360 5182 3660 5242 cmperunt.

799 5266 1059 5320 Eusebius
1119 5264 1474 5320 Vercellensis
1505 5265 1808 5333 cpisc0pus,
1846 5276 1897 5320 et
1920 5267 2153 5328 Lucifer,
2188 5282 2249 5319 ac
2287 5265 2575 5336 Dionysius
2618 5264 2958 5325 Caralitame,
2992 5272 3043 5316 et
3066 5263 3481 5318 Mcdiolancnsis
3513 5263 3760 5320 Ecclesia:
3798 5261 3891 5332 epi-

733 5359 901 5426 scopi,
957 5356 1270 5411 Paneratius
1296 5371 1508 5423 quoque
1560 5355 1831 5411 Romanus
1874 5359 2172 5429 presbyter,
2209 5365 2261 5410 et
2296 5355 2507 5410 llilarus
2554 5357 2815 5410 diaconus
2857 5354 3185 5408 distantibus
3212 5355 3352 5408 inter
3380 5369 3437 5410 se
3465 5355 3533 5408 ab
3558 5355 3769 5410 Arianis
3789 5362 3835 5407 et
3865 5367 3889 5404 tt

731 5452 1048 5503 Constantio
1077 5451 1399 5502 damnantur
1423 5448 1646 5503 exsiliis.

801 5565 1044 5619 Julianus
1094 5563 1258 5619 frater
1289 5565 1426 5619 Galli
1473 5563 1753 5618 Mediolani
1795 5564 1903 5617 (ἴω-
2815 5561 3120 5620 Sarmatha,
3145 5561 3422 5623 Amathas,
3459 5570 3514 5613 et
3537 5559 3797 5613 Macarius
3824 5556 3890 5608 di-

736 5652 832 5707 sai:
865 5637 1178 5707 appellatur.
1275 5703 1304 5707 __
1345 5704 1383 5707 _
1526 5704 1535 5707 _
1666 5704 1675 5707 Α
2006 5639 2141 5707 285
2294 5631 2390 5686 561
2599 5634 2668 5687 9.0
2747 5632 2934 5707 Scipuli
2961 5631 3175 5707 Antonii
3203 5631 3737 5707 Insigneshabentur.
3862 5695 3870 5703 .

805 5699 1061 5770 Reliquis:
1084 5703 1309 5772 apostoli
1345 5704 1611 5758 Timothei
1640 5704 1904 5758 CODSi'ln-
2006 5699 2135 5707 ""
2740 5769 2770 5772 η
2819 5700 3061 5772 Liberius
3082 5700 3366 5768 episcopus
3387 5699 3660 5753 Romanus
3689 5701 3742 5752 in
3777 5699 3891 5750 essi-

737 5769 973 5842 napolim
1001 5769 1240 5826 invecta).
2738 5769 2867 5822 lium
2893 5770 3138 5823 mittitur.
