4098 6328
294 552 396 608 aes
866 535 873 544 ’
1497 561 1988 618 CHRONICORUM
2023 563 2147 616 LIB.
2191 562 2257 616 n.
2782 632 2789 639 _
3370 561 3470 619 594

1508 823 1695 863 οιυιρ.
1747 824 2006 864 CHRISTUS
2078 824 2206 863 ῐιοιι.

2020 990 2289 1070 Constan-

2084 1069 2194 1113 ιιιιε

1783 1156 1991 1171 -ο-ι-

2060 1156 2267 1169 —.——-

346 1230 624 1303 Antonius
654 1234 950 1290 monachus
998 1235 1293 1291 centesimo
1328 1238 1515 1306 quinto
1548 1251 1691 1291 anno
1720 1238 1891 1293 aetatis
1939 1237 1995 1291 in
2039 1252 2220 1292 (ιι-οηιο
2268 1236 2513 1299 moritur,
2549 1237 2739 1291 solitus
2791 1235 2973 1291 multis
3005 1236 3073 1290 ad
3121 1250 3180 1291 se
3217 1234 3473 1290 venienti-

290 1324 392 1379 bus
422 1323 488 1379 de
522 1324 690 1380 Paulo
713 1327 941 1396 quodam
975 1326 1204 1383 Thewa
1243 1330 1389 1385 inira:
1440 1330 1781 1385 beatitudinis
1838 1332 1951 1384 viro
2005 1330 2204 1384 referre
2245 1330 2555 1399 complura:
2590 1328 2747 1397 cujus
2778 1343 2875 1384 nos
2900 1329 3101 1383 exitum
3122 1329 3266 1386 brevi
3296 1330 3471 1385 libello

286 1413 668 1483 clplicuimus.

359 1502 595 1560 Iliiarius
649 1506 930 1575 episcopus
973 1504 1320 1562 Pictaviensis
1378 1507 1608 1563 factione
1663 1508 1937 1563 Saturnini
1982 1509 2318 1565 Arelatensis
2351 1509 2607 1579 episcopi,
2637 1510 3069 1578 reliquorumque
3110 1508 3201 1577 qui
3244 1523 3368 1564 cum
3407 1526 3471 1565 eo

285 1602 465 1662 erant,
495 1596 837 1660 Arianorum,
865 1600 1303 1666 antetriennium
1337 1602 1391 1653 in
1428 1598 1710 1670 Phrygiam
1740 1602 1928 1669 pulsus
1959 1603 2125 1657 libros
2154 1601 2219 1655 de
2246 1609 2430 1657 nostra
2454 1601 2707 1670 religione
2735 1599 3023 1670 componit.

360 1676 615 1740 Saraceni
663 1687 715 1740 in
756 1690 1141 1743 monasterium
1180 1689 1320 1743 beati
1347 1690 1562 1744 Antonii
1590 1692 1856 1747 irruentes
1890 1691 2229 1745 Sarmatham
2257 1691 2600 1746 interﬁciunt.

357 1773 560 1847 Magnae
595 1777 1014 1833 Alamannorum
1048 1779 1214 1848 copire
1243 1777 1383 1848 apud
1412 1779 1823 1850 Argentoratum
1856 1778 1952 1852 [aL
1977 1780 2369 1851 Argentarium,
2395 1770 2535 1849 infra
2564 1778 3240 1853 Argentariam],oppidum
3273 1776 3470 1833 Gallia-

285 1885 429 1937 rum,
460 1886 490 1924 a
526 1870 736 1927 Caesare
753 1870 967 1929 Iuliano
992 1887 1281 1944 oppressae.

364 2022 658 2097 Evanthius
710 2023 1108 2097 eruditissimus
1156 2025 1471 2097 grammati-
1814 2025 1917 2080 362
2125 2026 2187 2083 21
2388 2026 2709 2081 Constantio
2756 2025 2977 2097 Romam
3026 2028 3296 2097 ingresso,
3348 2041 3470 2097 ossa

281 2108 488 2167 corium
518 2093 983 2167 Constantinopoli
1024 2095 1161 2167 diem
1208 2095 1340 2147 obiit
1370 2113 1382 2146 :
1414 2095 1470 2148 in
2295 2099 2515 2167 Andreae
2543 2096 2813 2167 apostoli,_
2838 2103 2891 2150 et
2918 2093 3108 2167 rLucte'
3133 2096 3473 2167 evangelista

282 2163 444 2285 coitus
476 2161 650 2216 locum
689 2178 755 2217 ex
792 2161 971 2218 Africa
1012 2163 1274 2218 Chrestus
1308 2180 1468 2219 assu-
2296 2181 2326 2219 a
2359 2161 2961 2234 Constantinopolitanis
2991 2167 3131 2235 miro
3150 2161 3330 2223 favore
3354 2181 3473 2223 sus-

282 2248 357 2286 mi
389 2247 473 2285 ur.
1228 2286 1232 2294 ,
2293 2244 2468 2306 cepta.
3495 2244 3509 2259 ‘

354 2323 612 2379 Paulinus
664 2321 1007 2379 Trevirorum
1052 2326 1337 2395 episc0pus
1370 2312 1422 2379 in
1451 2324 1680 2396 Phrygia
1722 2326 1818 2397 [αι.
1854 2326 2068 2399 Pythia]
2096 2330 2353 2384 exsulans
2397 2329 2643 2384 moritur.

358 2413 670 2470 Nicomedia
693 2420 849 2469 terrai
876 2423 1023 2469 motu
1056 2414 1297 2470 funditus
1324 2429 1533 2479 eversa,
1567 2415 1757 2469 vicinis
1788 2414 2013 2471 urbibus
2044 2432 2107 2471 ex
2140 2424 2291 2486 parte
2318 2417 2572 2471 versatis.

1806 2505 1909 2560 565
2121 2505 2192 2559 22

356 2617 605 2688 Synodus
638 2618 778 2687 apud
816 2619 1115 2673 Ariminum
1157 2627 1212 2673 et
1254 2617 1549 2673 Seleuciam
1581 2615 1799 2670 Isauriae
1843 2615 1983 2671 facta
2016 2639 2028 2671 :
2076 2619 2129 2673 in
2175 2634 2279 2688 qua
2312 2618 2536 2689 antiqua
2580 2614 2799 2673 Patrum
2835 2617 2985 2683 ﬁdes,
3015 2617 3202 2675 decem
3245 2619 3474 2688 primum

281 2710 610 2778 legafOrum,
637 2710 830 2765 dehinc
858 2710 1097 2763 omnium
1130 2710 1429 2778 proditione
1459 2707 1709 2762 damnata
1735 2714 1836 2762 est.

358 2799 615 2865 Hilarius,
657 2816 778 2854 cum
829 2799 970 2870 apud
1018 2799 1471 2869 Constantinopo-
1818 2798 1922 2854 564
2129 2799 2211 2855 23
2375 2800 2675 2856 Honoratus
2698 2816 2759 2853 ex
2793 2800 3043 2867 prtefecto
3073 2800 3323 2870 praetorio
3350 2798 3498 2870 (ἔτρι-⁵

282 2872 382 2922 lim
415 2871 610 2941 librum
648 2886 746 2940 pro
777 2887 833 2923 se
858 2868 1171 2925 Constantio
1201 2868 1473 2941 porreiis-
1874 2883 1876 2886 '
2300 2870 2735 2941 liarumiprimus
2781 2868 3244 2939 Constantinopoli
3285 2868 3476 2939 praefe-

282 2947 393 2995 set.
422 2940 487 2993 ad
519 2938 718 2994 Gallias
745 2941 921 2994 rediit.
1202 2938 1217 2941 ’
2290 2947 2410 2993 etus
2444 2940 2559 2992 urbi
2593 2938 2784 2994 factus.
2891 2982 2895 2985 .

361 3009 707 3065 Macedonius
729 3010 1195 3080 Constantinopoli
1233 3010 1469 3081 pellitur.
2368 3006 2678 3069 Gratianus,
2712 3009 2803 3078 qui
2837 3022 2982 3063 nunc
3036 3010 3328 3078 imperator
3371 3012 3473 3068 est,

2293 3081 2558 3134 nascitur.

357 3194 559 3249 Omnes
590 3211 724 3265 pene
748 3204 859 3249 toto
882 3198 1011 3251 orbe
1034 3194 1287 3251 Ecclesia?
1314 3197 1413 3251 sub
1432 3196 1645 3250 nomine
1676 3198 1823 3267 pacis
1844 3204 1896 3259 et
1924 3196 2071 3268 regis
2086 3196 2408 3250 Arianorum
2438 3194 2712 3264 consortio
2735 3194 3064 3263 polluuntur.

318 3283 719 3371 [Constantius
767 3285 1296 3371 itinpsocrcnisinter
1338 3288 1469 3340 Cili-
1536 3301 1674 3371 285
1818 3286 1921 3342 565
2134 3286 2202 3339 26
2321 3286 2835 3371 "Constantinopoli
2864 3284 3093 3339 maxima
3138 3280 3366 3337 ecclesia
3393 3280 3480 3335 dea

279 3356 427 3408 ciam
478 3356 977 3426 Cappadociamque
1018 3358 1278 3423 moritur,
1328 3373 1469 3412 anno
1539 3356 1671 3371 ’νυ
2304 3356 2535 3426 dicatur.

278 3426 461 3479 aetatis
482 3418 710 3499 una.
738 3418 906 3498 ηεαδ
1265 3418 1274 3423 ’
2307 3494 2317 3499 _
2370 3424 2542 3499 tialiin
2566 3423 2945 3499 perAlIilariuni
2993 3421 3350 3499 Ariminensis
3377 3418 3475 3491 [aL

2293 3493 2528 3565 Arianm]
2561 3492 2797 3563 perﬁdiae
2819 3492 2971 3547 dolos
2999 3492 3236 3545 damnat.

284 3628 603 3686 Aeletius
643 3629 898 3685 Sebastiae
931 3631 1303 3685 Armeniorum
1339 3632 1620 3700 episc0pus
1654 3630 1720 3684 ab
1754 3628 1952 3683 Acacio
2003 3643 2057 3688 et
2092 3629 2322 3704 Georgio
2374 3626 2642 3697 episcopis
2682 3624 2899 3679 Arianis
2933 3623 3271 3677 Antiochiam
3302 3630 3480 3675 trans-

279 3727 497 3780 fertur:
540 3730 594 3776 et
635 3730 757 3791 post
798 3739 904 3777 non
945 3724 1146 3793 grande
1192 3725 1450 3793 temporis
1494 3725 1854 3788 intervallum,
1902 3737 2023 3777 cum
2054 3721 2416 3793 presbyteros,
2467 3720 2557 3790 qui
2596 3720 2663 3773 ab
2704 3716 2945 3772 Eudoxio
2991 3726 3333 3773 antecessore
3380 3728 3478 3770 suo

275 3814 519 3887 depositi
552 3814 784 3879 fuerant,
816 3816 1169 3886 suscepisset,
1197 3816 1371 3870 exsilii
1396 3815 1755 3884 justissimam
1784 3830 2004 3871 causam
2043 3814 2219 3871 subita
2251 3813 2372 3867 ﬁdei
2406 3811 2769 3865 demutatione
2797 3808 3011 3863 delusit.
3254 3806 3257 3807 ⁷

367 3968 611 4043 Georgio
646 3988 740 4043 per
785 3971 1335 4043 seditionemhpOpuli
1381 3971 1464 4043 in-
2026 3965 2312 4020 XXXVIII.
2345 3961 2670 4019 JULIANUS
2704 3978 2844 4016 anno
2871 3976 2997 4025 uno,
3030 3959 3305 4013 mensibus
3334 3965 3474 4012 octo.

273 4040 664 4108 censo,quiin_
689 4046 858 4096 locum
878 4040 1153 4094 Athanasii
1199 4043 1266 4095 ab
1310 4041 1465 4093 Aria-
1896 4107 1902 4108 γ
2692 4064 2695 4065 ν

273 4112 372 4165 nis
428 4107 601 4165 fuerat
651 4112 951 4175 ordinatus,
988 4112 1318 4165 Athanasius
1348 4110 1466 4164 Ale-
1810 4107 1912 4162 366
2159 4108 2183 4159 ί

274 4178 565 4235 xandriam
602 4185 908 4236 revertitur.

349 4297 572 4354 Juliano
626 4300 691 4353 ad
739 4300 1005 4354 idolorum
1046 4300 1249 4353 cultum
1294 4312 1579 4364 converso,
1624 4294 1819 4350 blanda
1860 4295 2163 4365 persecutio
2213 4291 2311 4346 fuit
2363 4290 2589 4344 illiciens
2632 4290 2823 4359 magis,
2877 4303 3036 4358 quam
3084 4286 3362 4356 impellens
3413 4284 3477 4336 ad

275 4392 699 4448 sacriﬁcandum
737 4412 749 4446 :
787 4392 840 4445 in
879 4406 985 4460 qua
1018 4392 1170 4444 multi
1207 4407 1269 4445 ex
1302 4392 1506 4445 nostris
1532 4390 1805 4443 voluntate
1833 4389 2047 4457 propria
2080 4391 2421 4440 corruerunt.

355 4485 621 4542 Eusebius
645 4495 697 4541 et
725 4485 938 4541 Lucifer
956 4487 1022 4541 de
1048 4486 1240 4540 exsilio
1270 4496 1610 4541 revertuntur
1638 4506 1649 4540 :
1676 4502 1705 4540 e
1740 4485 1933 4554 quibus
1964 4482 2177 4536 Lucifer
2228 4484 2416 4539 ascitis
2459 4481 2670 4536 duobus
2732 4478 3134 4535 confessoribus
3178 4474 3477 4535 Paulinum,

271 4579 567 4635 Eustachii
600 4580 834 4649 episcopi
888 4579 1283 4650 presbyterum,
1306 4579 1398 4648 qui
1451 4594 1509 4633 se
1546 4592 1818 4648 nunquam
1845 4575 2216 4630 haereticorum
2244 4574 2624 4629 communione
2652 4572 2934 4640 polluerat,
2967 4568 3021 4621 in
3047 4573 3195 4637 parte
3218 4563 3479 4619 catholica

273 4672 589 4726 Antiochia:
618 4672 928 4740 episcopum
963 4668 1111 4724 facit.

1820 4757 1924 4811 367
2163 4756 2198 4809 2
2371 4753 2693 4811 IEmilianus
2728 4751 2797 4804 ob
2828 4764 3042 4802 ararum
3076 4746 3478 4802 subversionem

2300 4823 2580 4880 Dorostori
2613 4837 2642 4875 a
2671 4820 2875 4874 vicario
2898 4819 3219 4875 incenditur.

351 4949 723 5007 Prohaeresius
782 4950 1021 5021 sephista
1073 4949 1436 5013 Atheniensis,
1470 4950 1584 5019 lege
1626 4950 1769 5011 data,
1810 4963 1875 5002 ne
1908 4946 2196 5002 Christiani
2248 4943 2547 4999 liberalium
2596 4939 2789 4992 artium
2840 4938 3091 4991 doctores
3119 4937 3321 4993 essent,
3355 4942 3481 4983 cum

270 5048 388 5106 sibi
424 5046 730 5114 specialiter
751 5043 1000 5099 Julianus
1031 5041 1367 5105 concederet,
1399 5049 1456 5094 ut
1494 5040 1830 5096 Christianos
1854 5039 2091 5100 doceret,
2126 5036 2364 5092 scholam
2395 5038 2582 5102 sponte
2610 5027 2866 5085 deseruit.

352 5112 601 5188 Ecclesia
649 5131 947 5185 Antiochize
1002 5131 1207 5193 clausa,
1268 5137 1321 5183 et
1374 5128 1689 5199 gravissima
1732 5127 2061 5181 imminentis
2122 5121 2510 5195 persecutionis
2575 5119 2810 5190 procella
2856 5117 2946 5173 Dei
2979 5116 3255 5169 voluntate
3306 5112 3482 5180 sopita

267 5238 389 5285 est.
442 5224 573 5279 Nam
613 5221 861 5279 Julianus
899 5224 954 5277 in
1000 5223 1191 5277 Persas
1222 5219 1493 5291 profectus
1526 5226 1778 5275 'nostrmn
1812 5227 1930 5290 post
1968 5218 2247 5272 victoriam
2276 5216 2380 5270 diis
2423 5216 2741 5283 sanguinem
2772 5216 2987 5265 voverat
3018 5225 3030 5260 :
3065 5205 3155 5259 ubi
3186 5219 3215 5257 a
3247 5202 3481 5273 quodam

268 5321 544 5379 simulato
594 5317 813 5389 perfuga
868 5318 932 5369 ad
966 5317 1174 5372 deserta
1218 5316 1529 5387 perductus,
1566 5330 1686 5369 cum
1723 5315 1862 5369 fame
1903 5324 1957 5369 et
2001 5314 2088 5367 siti
2136 5314 2390 5382 Apostata
2425 5309 2747 5379 perdidisset
2768 5303 3085 5365 exercitum,
3119 5308 3171 5354 et
3207 5296 3481 5353 inconsul-

270 5417 399 5471 tius
450 5430 480 5468 a
534 5427 752 5468 suorum
784 5417 990 5465 erraret
1038 5411 1363 5481 agminibus,
1415 5410 1483 5464 ab
1515 5408 1672 5462 obvio
1720 5407 1854 5462 forte
1900 5407 2137 5461 hostium
2178 5406 2357 5473 equite
2396 5409 2555 5455 conto
2597 5401 2689 5453 ilia
2747 5395 3025 5466 perfossus
3081 5391 3304 5452 interiit,
3337 5402 3481 5441 anno

266 5506 465 5563 ;etatis
518 5518 644 5557 xxxi
696 5502 794 5575 [αι.
854 5500 1049 5571 xxxn].
1108 5500 1237 5555 I‘ost
1291 5515 1448 5571 quem
1498 5498 1744 5569 sequenti
1796 5498 1883 5552 die
1945 5495 2205 5550 Jovianus
2251 5508 2316 5547 ex
2358 5490 2667 5560 primicerio
2710 5486 3132 5541 domesticorum
3190 5481 3480 5549 imperator

270 5601 465 5653 factus
517 5600 619 5647 est.

1874 5676 2109 5732 XXXIX.
2151 5672 2483 5731 JOVIANUS
2509 5672 2784 5727 mensibus
2812 5677 2954 5723 octo.

353 5778 618 5835 Iovianus
646 5790 825 5830 rerum
853 5773 1187 5829 necessitate
1222 5774 1469 5841 compnl-
1816 5840 1821 5841 ί
1859 5837 1906 5841 η
2168 5838 2180 5841 _
2375 5831 2406 5841 _
2452 5832 2463 5841 ι
2618 5840 2622 5841 ί
2750 5826 2798 5841 __

267 5826 1050 5913 snsUN-is—ib—inetvmagnam
1081 5826 1473 5913 IlleSOpota'nnre
1813 5837 1915 5893 368
2161 5838 2185 5889 I
2368 5831 2687 5913 Sugrogatus
2744 5826 3078 5913 Marcellinus
3134 5840 3477 5893 archiepisco-

269 5896 730 5999 ;;}iéiii"'sa'ﬁoii’
754 5896 1188 5984 regiUPersaruni
1224 5896 1461 5966 tradidit.
2300 5921 2395 5973 pus
2438 5896 2854 5971 Rothomagemis
2895 5896 2969 5951 γι
2979 5896 3024 5951 1.
