4098 6328
719 287 3882 326 1M

1579 443 2014 506 APPENDIX
2051 445 2164 503 AD
2205 444 2552 506 EUSEBII
2589 445 3083 510 CHRONICON

859 769 1650 998 Silllllibls
1817 631 2896 1005 riturum
3044 777 3784 1008 uiuus

1881 1140 2761 1270 TEMPORUM

693 1405 724 1422 ί
1131 1394 1582 1530 USQUE
1662 1395 1848 1508 AD
1927 1331 2306 1510 SUAM
2381 1397 3010 1513 jETATEM
3093 1401 3522 1515 RATIO

1751 1629 1778 1661 ε
1812 1615 1961 1664 Lirinus
1993 1628 2338 1664 ntsrontconcn
2371 1631 2611 1666 scum-rm
2647 1631 2898 1668 comae-ra.

2351 1687 2382 1716 ς.

945 1781 1100 1824 οινυς
1144 1779 1228 1821 EX
1277 1779 1572 1822 HAICANIS
1629 1779 1904 1832 QUINQUE
1959 1778 2284 1823 CODICIRUS
2321 1783 2399 1822 ΔΒ
2429 1781 2672 1824 ,ιοΑΝΝΕ
2723 1783 3012 1827 ῑοηιιηο
3075 1782 3362 1826 DOCTOBE
3415 1783 3698 1826 ARMENIO

1191 1857 1570 1902 DILIGENTER
1639 1859 2038 1901 EXSCBII‘TL‘M
2093 1859 2297 1910 ATQUE
2363 1861 2754 1904 EMENDATUM
2807 1861 3084 1904 JOANNES
3139 1861 3463 1906 ZOHBABCS

1491 1938 1568 1980 ET
1623 1937 1902 1980 ANGELCS
1976 1938 2169 1980 MAIUS
2233 1939 2478 1980 PRIMUM
2533 1939 2909 1983 CONJUNCTIS
2967 1941 3148 1984 CUIUS

1693 2015 2072 2058 LLTINITATE
2131 2017 2436 2060 DONATL‘M
2497 2017 2806 2070 NOTISQUE
2863 2019 2960 2060 ιι.-

1916 2095 2289 2138 ιεετωτυλι
2352 2096 2740 2140 EDIDERUNT.

1851 2241 2152 2304 (Mediolani,
2173 2239 2322 2302 regiis
2349 2243 2494 2304 typis,
2513 2254 2792 2290 uncccxrm.

1548 2550 1696 2640 DE
1769 2550 1986 2638 SAM
2012 2547 2310 2638 UELE
2408 2543 3076 2636 PRIE‘FATIO.

2299 2749 2356 2758 μή

775 2857 814 2910 l.
851 2857 1110 2911 Samnii:
1137 2859 1484 2912 summarium
1515 2855 1779 2910 commode
1809 2873 1926 2908 cum
1963 2855 2187 2908 Eusebio
2224 2857 2575 2924 conjungitur.
2595 2883 2665 2892 —-
2697 2849 2992 2920 Postquam
3033 2849 3318 2904 Eusebiam'
3349 2849 3591 2906 Chronici
3626 2853 3762 2906 curis
3795 2849 3886 2903 cdt-

711 2949 988 3018 tionisque
1031 2949 1215 3004 labore
1248 2948 1462 3002 tandem
1495 2948 1786 3017 aliquando
1815 2947 2061 3001 defuncti
2091 2947 2316 3010 fuimus,
2351 2965 2412 3001 ea
2445 2947 2623 3001 statim
2655 2945 2911 3014 cogitatio
2941 2959 3042 2998 nos
3069 2943 3256 3008 subiit,
3297 2945 3620 2998 solitatimne
3645 2945 3886 2996 mallemus

703 3037 840 3094 istos
885 3039 1137 3096 Canones
1189 3039 1245 3094 in
1300 3041 1476 3094 lucem
1511 3041 1778 3103 emittere,
1813 3054 1884 3092 an.
1913 3049 1973 3092 ut
2002 3039 2157 3092 multi
2204 3038 2398 3106 Graeci,
2437 3047 2495 3092 ut
2517 3033 2664 3107 Syri,
2719 3045 2777 3088 ut
2803 3034 2976 3090 Latini
3051 3036 3210 3104 (quos
3239 3037 3381 3090 inter
3413 3035 3654 3104 princeps
3701 3031 3886 3090 Eusebii

703 3132 972 3201 interpres
1013 3130 1076 3186 D.
1113 3128 1473 3202 Hieronymus
1525 3130 1842 3202 primusque
1870 3129 2043 3184 editor
2069 3128 2483 3182 Mediolanensis
2523 3127 2905 3198 Mombritius),
2939 3120 3303 3192 Eusebianum
3349 3140 3486 3194 opus
3519 3135 3884 3180 consecuturutn

703 3241 1008 3296 [emporum
1069 3225 1232 3295 gestis
1258 3225 1701 3290 cmuniavcrunt;
1736 3240 1836 3278 nos
1871 3223 2230 3293 quoqueitem
2257 3221 2546 3276 editionem
2575 3229 2817 3275 nostram
2843 3221 3138 3289 posteriore
3163 3221 3342 3290 aliqua
3381 3223 3603 3276 historia
3642 3222 3885 3276 continua-

704 3335 912 3374 remus.
931 3317 1190 3388 Equidem
1223 3320 1314 3374 ubi
1343 3319 1408 3373 de
1431 3317 1826 3388 prosequendis
1850 3317 2170 3372 Canonibus
2201 3319 2470 3372 sententia
2508 3317 2732 3384 placuit,
2765 3313 2900 3368 nihil
2935 3314 3294 3384 opportunius
3337 3313 3438 3368 fuit
3473 3313 3710 3368 Samuele
3741 3312 3876 3364 chro-

705 3413 984 3482 nographo
1021 3413 1295 3476 Armenio,
1337 3413 1495 3481 cujus
1527 3412 1705 3466 omnis
1737 3413 2004 3467 industria
2029 3429 2082 3465 ll)
2111 3427 2176 3466 eo
2215 3411 2630 3480 diligentissime
2657 3419 2868 3464 versata
2897 3417 3000 3472 est,
3045 3417 3102 3462 ut
3132 3409 3272 3478 apud
3301 3411 3526 3480 gentiles
3553 3427 3672 3464 suos
3700 3405 3882 3462 Eusebii

705 3505 808 3560 sibi
841 3520 1123 3574 personam
1150 3519 1444 3574 vocemque
1465 3511 1794 3573 capesseret.
1819 3503 1952 3578 Nam
1982 3520 2105 3558 cum
2139 3506 2394 3558 universo
2425 3518 2585 3574 opere
2599 3501 2839 3564 Eusebii,
2867 3501 3055 3556 latiore
3087 3503 3342 3556 nimirum
3369 3505 3588 3558 historia
3615 3518 3672 3556 ac
3694 3501 3882 3555 linearis

704 3596 936 3650 canonis
959 3596 1194 3664 epitomc
1223 3601 1465 3648 uteretur
1499 3593 1739 3658 Samuel,
1769 3593 1910 3648 haud
1937 3595 2054 3664 ipse
2078 3595 2366 3648 consilium
2393 3596 2556 3662 cepit,
2577 3594 2720 3662 quod
2746 3593 2870 3648 olim
2893 3590 3068 3646 Latini
3101 3595 3362 3658 fecerunt,
3383 3603 3550 3648 totum
3577 3593 3694 3646 illud
3719 3590 3883 3662 prioris

707 3687 832 3740 libri
865 3689 1112 3742 volumen
1135 3687 1310 3743 securi
1341 3683 1575 3742 Tenedia
1605 3690 1906 3756 resecandi;
1933 3705 2143 3752 verum,
2169 3690 2384 3744 mitiore
2409 3697 2694 3742 contentus
2713 3689 2998 3752 sententia,
3019 3691 3251 3759 priorem
3275 3689 3490 3760 quidem
3517 3690 3699 3744 librum
3725 3695 3792 3740 tot
3807 3701 3882 3737 au-

704 3791 913 3836 ctorum
958 3785 1242 3838 sententiis
1272 3782 1676 3836 redundantem
1723 3799 1786 3837 ac
1822 3784 2056 3848 varium,
2079 3785 2214 3838 satis
2241 3783 2388 3838 brevi
2416 3783 2738 3853 compendio
2789 3782 3056 3835 conclusit
3082 3800 3094 3846 ;
3125 3783 3480 3850 posteriorem
3505 3790 3672 3837 autem
3704 3781 3762 3833 ad
3814 3779 3878 3830 sui

704 3877 964 3946 temporis
1013 3893 1168 3930 usum
1205 3877 1366 3946 paulo
1397 3877 1576 3945 aptius
1614 3875 2062 3942 accommodavit,
2099 3877 2280 3930 addita
2317 3875 2518 3937 Christi
2553 3889 2682 3938 aera,
2719 3877 2988 3942 rebusque
3015 3875 3198 3926 multis
3229 3888 3364 3944 quas
3389 3873 3648 3928 Eusebius
3669 3872 3879 3941 neglexe-

703 3980 832 4025 rat:
883 3979 996 4024 tum
1055 3971 1198 4041 quod
1254 3969 1485 4026 instituti
1543 3977 1709 4038 caput
1733 3977 1870 4034 erat,
1905 3968 2040 4024 adeo
2091 3977 2390 4038 temporum
2433 3969 2787 4038 digestionem
2850 3965 3122 4036 produxit,
3171 3975 3230 4020 ut
3280 3967 3348 4021 ab
3385 3983 3527 4022 anno
3579 3958 3876 4020 Constantini

703 4063 878 4132 Magni
905 4063 1171 4118 vicesimo
1201 4063 1280 4132 (in
1306 4075 1412 4132 quo
1454 4061 1611 4114 linem
1639 4059 1764 4113 fecit
1795 4059 2084 4128 Eusebius)
2137 4059 2199 4114 ad
2234 4061 2485 4129 quintum
2546 4075 2718 4128 usque
2747 4070 2800 4113 et.
2825 4059 3292 4130 quadragesimum
3355 4059 3608 4114 Manueiis
3653 4055 3876 4113 Conmeni

701 4151 1034 4215 decurrerit;
1087 4152 1230 4219 quod
1297 4151 1486 4218 ingens
1541 4150 1968 4203 additamentum
2021 4141 2108 4204 res
2151 4163 2418 4204 annorum
2479 4151 2909 4219 octingentorum
2977 4160 3028 4204 et
3085 4151 3474 4221 quinquaginta
3523 4151 3876 4220 complectitur.

701 4247 1043 4314 Quanquam,
1081 4252 1139 4296 ut
1163 4258 1284 4297 rere
1305 4242 1572 4304 dicamus,
1601 4242 1652 4296 id
1677 4242 1948 4312 praecipue
1979 4244 2244 4312 spectavit
2267 4241 2484 4297 Samuel
2519 4257 2820 4312 magnoque
2853 4244 3034 4298 studio
3070 4245 3314 4313 perfecit,
3349 4254 3409 4298 ut
3443 4264 3530 4302 res
3569 4247 3878 4301 Armeniacas

697 4355 928 4415 quarum
959 4337 1163 4390 nullum
1195 4335 1489 4405 ,rcstigium
1531 4333 1674 4404 apud
1709 4334 1998 4389 Eusebium
2047 4333 2230 4389 videre
2286 4343 2388 4394 est,
2421 4351 2450 4388 e
2491 4349 2702 4388 summo
2759 4337 2934 4405 gentis
2986 4335 3248 4399 historico
3292 4337 3617 4393 Chorenensi
3655 4337 3791 4392 Mose
3833 4337 3876 4390 in

698 4447 856 4487 suam
880 4429 1306 4483 lucubrationem
1339 4426 1658 4482 transferret
1683 4445 1695 4493 ;
1725 4428 1814 4480 ubi
1843 4444 1972 4482 vero
1992 4429 2079 4482 hic
2113 4429 2276 4484 etiam
2307 4429 2582 4492 deﬁceret,
2606 4429 2911 4498 complures
2933 4431 3067 4486 alios
3103 4441 3156 4485 ct
3177 4448 3368 4502 graves
3387 4433 3748 4488 Armeniorum
3769 4429 3878 4484 seri-

699 4537 881 4598 ptores
902 4535 1214 4594 excerperet
1241 4543 1254 4589 ;
1289 4523 1360 4590 ad~
1386 4533 1686 4578 extremum
1720 4540 1840 4593 qua:
1864 4525 1978 4593 ipse
2013 4525 2238 4588 viderat,
2267 4524 2712 4595 chronographiie
2761 4529 3140 4584 committeret.
3173 4529 3290 4584 Non
3345 4547 3455 4586 uno
3488 4539 3656 4584 autem
3685 4527 3872 4582 nomine

701 4621 1016 4677 Eusebianre
1036 4618 1258 4675 editioni
1295 4619 1512 4687 prodest
1536 4615 1803 4672 Samuelis
1834 4617 2172 4685 conjunctio.
2201 4617 2442 4688 Namque
2477 4620 2529 4672 in
2569 4621 2756 4690 primis
2787 4621 2952 4690 priori
2989 4623 3266 4678 Canonum
3291 4623 3707 4678 Eusebianorum
3737 4623 3874 4675 histo-

699 4715 792 4768 ria:
823 4715 1004 4784 (quam
1038 4727 1205 4782 prope
1257 4711 1419 4764 stulte
1445 4711 1663 4778 quidam
1697 4709 1874 4763 critici
1926 4709 2038 4778 jam
2070 4709 2313 4763 lictitiam
2351 4713 2664 4782 nullamque
2695 4729 2814 4768 esse
2836 4713 3117 4785 putabant)
3149 4716 3514 4770 testimonium
3539 4717 3870 4786 gravissimum

700 4805 1090 4872 ttulubinmquc
1117 4802 1303 4872 adjicit
1348 4799 1585 4864 Samuel,
1609 4802 1736 4854 dum
1777 4809 1834 4854 et
1855 4801 1973 4868 ejus
2003 4803 2324 4870 proremium
2369 4820 2534 4872 prope
2565 4805 2630 4857 ad
2657 4806 2886 4858 litteram
2919 4807 3264 4876 exprimit,ct
3295 4822 3382 4862 res
3403 4807 3710 4863 Chaldaicas
3759 4822 3808 4860 se
3831 4805 3871 4856 in

699 4895 954 4964 praedicto
977 4895 1113 4949 libro
1137 4897 1330 4964 legisse
1361 4902 1770 4956 commemorat,
1801 4901 1853 4945 et
1883 4892 2024 4946 unde
2051 4893 2314 4950 Eusebius
2337 4895 2654 4950 Hebraicam
2688 4898 3090 4968 cbronologiam
3133 4899 3204 4952 sit
3236 4913 3464 4957 exorsus
3494 4901 3663 4964 docet,
3687 4907 3736 4955 et
3757 4898 3874 4964 ejus-

699 4989 819 5040 dem
851 4985 1090 5038 imitator
1118 4987 1242 5048 τοὺς
1281 4981 1420 5036 LXX
1448 4981 1742 5035 Bibliorum
1773 4985 2095 5053 lntcrprctcs
2120 4989 2347 5053 pressim
2382 4988 2686 5056 sequendos
2711 4989 3002 5054 existimat,
3031 4997 3086 5043 et
3122 4990 3242 5045 illas
3267 4992 3456 5062 viginti
3483 4995 3800 5066 geneaiogias
3824 4989 3876 5041 ab

697 5085 884 5136 eodem
917 5077 1152 5132 Eusebio
1177 5085 1453 5130 mutuatur
1494 5094 1506 5128 :
1551 5091 1858 5144 quanquam
1897 5069 2256 5146 ipsc‘dentum
2311 5081 2741 5148 patriarcharum
2791 5098 2988 5136 uxores
3035 5093 3225 5152 sponte
3266 5087 3455 5140 inserit
3496 5105 3559 5142 ex
3601 5088 3762 5156 aliqua
3789 5083 3873 5136 for-

699 5191 844 5232 tasse
896 5173 1108 5230 Veteris
1161 5173 1492 5226 Testamenti
1547 5172 2014 5243 pseudepigraplio
2049 5174 2206 5240 libro,
2266 5175 2474 5228 erudita
2513 5179 2830 5232 curiositate
2871 5179 3106 5234 delectas
3149 5179 3244 5250 (α).
3295 5179 3434 5247 Quid
3469 5181 3683 5236 autem?
3729 5189 3874 5232 ntmm‘

701 5269 915 5322 Samuel
949 5265 1234 5320 emendare
1271 5263 1558 5317 Eusebium
1597 5265 1966 5329 \‘itit‘lllr,Cllltl
1995 5266 2292 5320 Cainanum
2327 5267 2502 5337 (cujus
2535 5269 2799 5325 Eusebius
2829 5273 3015 5327 omissi
3046 5287 3210 5327 causa
3228 5282 3306 5327 tot
3327 5275 3556 5346 Syncelii
3581 5273 3874 5328 criminatio-

699 5361 857 5416 nibus
879 5361 1068 5430 patuit)
1090 5359 1142 5413 in
1165 5357 1592 5428 patriarcharum
1614 5357 1802 5412 ordine
1829 5360 2203 5412 collocandum
2227 5361 2602 5418 demonstrat?
2645 5363 2834 5419 Nonne
2875 5365 3098 5421 nomina
3117 5367 3232 5422 sive
3255 5365 3480 5437 propria
3519 5368 3630 5423 sire
3663 5363 3872 5438 gentilia:

767 5515 842 5585 (α)
871 5516 1090 5588 Legesis
1129 5513 1394 5572 Samuelis
1425 5514 1704 5584 prologum
1755 5523 1808 5570 et
1857 5517 2055 5584 prioris
2088 5517 2254 5586 partis
2295 5519 2468 5588 prima
2503 5521 2677 5592 capita
2704 5521 2828 5576 duo.
