  <div class='ocr_page' id='page_1' title='image "/cluster/home/n/w/nwhite01/storage/ocr_20150623/19/pst.000005712045/308.png"; bbox 0 0 4098 6328; ppageno 0'>
   <div class='ocr_carea' id='block_1_1' title="bbox 191 420 3416 489">
    <p class='ocr_par' dir='ltr' id='par_1_1' title="bbox 191 420 3416 489">
     <span class='ocr_line' id='line_1_1' title="bbox 191 420 3416 489; baseline 0.004 -14"><span class='ocrx_word' id='word_1_1' title='bbox 191 420 300 476; x_wconf 78' lang='grc'><strong>601</strong></span> <span class='ocrx_word' id='word_1_2' title='bbox 1240 421 1328 476; x_wconf 85' lang='lat' dir='ltr'><strong>DE</strong></span> <span class='ocrx_word' id='word_1_3' title='bbox 1365 422 1685 479; x_wconf 80' lang='lat' dir='ltr'><strong>SAMUELE</strong></span> <span class='ocrx_word' id='word_1_4' title='bbox 1723 424 1991 480; x_wconf 69' lang='lat' dir='ltr'><strong>ANIENSI</strong></span> <span class='ocrx_word' id='word_1_5' title='bbox 2031 425 2416 483; x_wconf 61' lang='lat' dir='ltr'><strong>PREFATIO‘.</strong></span> <span class='ocrx_word' id='word_1_6' title='bbox 3309 436 3416 489; x_wconf 65' lang='lat'><strong>602</strong></span> 
     </span>
    </p>
   </div>
   <div class='ocr_carea' id='block_1_2' title="bbox 187 535 3414 608">
    <p class='ocr_par' dir='ltr' id='par_1_2' title="bbox 187 535 3414 608">
     <span class='ocr_line' id='line_1_2' title="bbox 187 535 3414 608; baseline 0.005 -22"><span class='ocrx_word' id='word_1_7' title='bbox 187 549 382 587; x_wconf 82' lang='lat' dir='ltr'><strong>nonne</strong></span> <span class='ocrx_word' id='word_1_8' title='bbox 400 548 664 588; x_wconf 86' lang='lat' dir='ltr'><strong>annorum</strong></span> <span class='ocrx_word' id='word_1_9' title='bbox 685 543 861 599; x_wconf 89' lang='lat' dir='ltr'><strong>notas,</strong></span> <span class='ocrx_word' id='word_1_10' title='bbox 881 549 1061 589; x_wconf 89' lang='lat' dir='ltr'><strong>nonne</strong></span> <span class='ocrx_word' id='word_1_11' title='bbox 1077 535 1180 589; x_wconf 86' lang='lat' dir='ltr'><strong>alia</strong></span> <span class='ocrx_word' id='word_1_12' title='bbox 1194 536 1472 605; x_wconf 83' lang='lat' dir='ltr'><strong>complura</strong></span> <span class='ocrx_word' id='word_1_13' title='bbox 1489 552 1607 606; x_wconf 65' lang='lat' dir='ltr'><strong>quae</strong></span> <span class='ocrx_word' id='word_1_14' title='bbox 1625 537 1678 591; x_wconf 91' lang='lat' dir='ltr'><strong>in</strong></span> <span class='ocrx_word' id='word_1_15' title='bbox 1694 535 1911 592; x_wconf 79' lang='lat' dir='ltr'><strong>Eusebii</strong></span> <span class='ocrx_word' id='word_1_16' title='bbox 1929 539 2209 594; x_wconf 86' lang='lat' dir='ltr'><strong>codicibus</strong></span> <span class='ocrx_word' id='word_1_17' title='bbox 2245 541 2427 597; x_wconf 72' lang='lat' dir='ltr'><strong>luxata</strong></span> <span class='ocrx_word' id='word_1_18' title='bbox 2466 543 2709 608; x_wconf 81' lang='lat' dir='ltr'><strong>luerunt,</strong></span> <span class='ocrx_word' id='word_1_19' title='bbox 2740 551 2886 599; x_wconf 87' lang='lat' dir='ltr'><strong>recte</strong></span> <span class='ocrx_word' id='word_1_20' title='bbox 2916 543 3130 600; x_wconf 79' lang='lat' dir='ltr'><strong>Samuel</strong></span> <span class='ocrx_word' id='word_1_21' title='bbox 3145 546 3414 604; x_wconf 75' lang='lat' dir='ltr'><strong>interdum</strong></span> 
     </span>
    </p>
   </div>
   <div class='ocr_carea' id='block_1_3' title="bbox 185 625 3417 706">
    <p class='ocr_par' dir='ltr' id='par_1_3' title="bbox 185 625 3417 706">
     <span class='ocr_line' id='line_1_3' title="bbox 185 625 3417 706; baseline 0.005 -28"><span class='ocrx_word' id='word_1_22' title='bbox 185 625 522 679; x_wconf 74' lang='lat' dir='ltr'><strong>constituit?</strong></span> <span class='ocrx_word' id='word_1_23' title='bbox 559 625 797 695; x_wconf 79' lang='lat' dir='ltr'><strong>Denique</strong></span> <span class='ocrx_word' id='word_1_24' title='bbox 852 626 918 680; x_wconf 85' lang='lat' dir='ltr'><strong>ad</strong></span> <span class='ocrx_word' id='word_1_25' title='bbox 947 626 1163 681; x_wconf 84' lang='lat' dir='ltr'><strong>Eusebii</strong></span> <span class='ocrx_word' id='word_1_26' title='bbox 1196 629 1381 683; x_wconf 87' lang='lat' dir='ltr'><strong>cr-isim</strong></span> <span class='ocrx_word' id='word_1_27' title='bbox 1405 629 1532 698; x_wconf 93' lang='lat' dir='ltr'><strong>quid</strong></span> <span class='ocrx_word' id='word_1_28' title='bbox 1555 644 1664 682; x_wconf 89' lang='lat' dir='ltr'><strong>nou</strong></span> <span class='ocrx_word' id='word_1_29' title='bbox 1719 629 1808 682; x_wconf 82' lang='lat' dir='ltr'><strong>hic</strong></span> <span class='ocrx_word' id='word_1_30' title='bbox 1849 629 2094 684; x_wconf 81' lang='lat' dir='ltr'><strong>conferat</strong></span> <span class='ocrx_word' id='word_1_31' title='bbox 2147 642 2355 696; x_wconf 88' lang='lat' dir='ltr'><strong>auctor,</strong></span> <span class='ocrx_word' id='word_1_32' title='bbox 2403 634 2496 702; x_wconf 86' lang='lat' dir='ltr'><strong>qui</strong></span> <span class='ocrx_word' id='word_1_33' title='bbox 2541 633 2704 688; x_wconf 90' lang='lat' dir='ltr'><strong>modo</strong></span> <span class='ocrx_word' id='word_1_34' title='bbox 2745 633 3032 689; x_wconf 85' lang='lat' dir='ltr'><strong>Eusebium</strong></span> <span class='ocrx_word' id='word_1_35' title='bbox 3075 635 3142 690; x_wconf 88' lang='lat' dir='ltr'><strong>ab</strong></span> <span class='ocrx_word' id='word_1_36' title='bbox 3183 653 3240 692; x_wconf 89' lang='lat' dir='ltr'><strong>se</strong></span> <span class='ocrx_word' id='word_1_37' title='bbox 3281 654 3417 706; x_wconf 80' lang='lat' dir='ltr'><strong>pene</strong></span> 
     </span>
    </p>
   </div>
   <div class='ocr_carea' id='block_1_4' title="bbox 184 719 3318 803">
    <p class='ocr_par' dir='ltr' id='par_1_4' title="bbox 184 719 3318 803">
     <span class='ocr_line' id='line_1_4' title="bbox 184 719 3318 803; baseline 0.004 -32"><span class='ocrx_word' id='word_1_38' title='bbox 184 719 437 771; x_wconf 78' lang='lat' dir='ltr'><strong>cxscribi</strong></span> <span class='ocrx_word' id='word_1_39' title='bbox 466 719 748 773; x_wconf 74' lang='lat' dir='ltr'><strong>confirmat</strong></span> <span class='ocrx_word' id='word_1_40' title='bbox 781 720 854 789; x_wconf 90' lang='lat' dir='ltr'><strong>(a)</strong></span> <span class='ocrx_word' id='word_1_41' title='bbox 882 739 896 786; x_wconf 85' lang='lat'><strong>;</strong></span> <span class='ocrx_word' id='word_1_42' title='bbox 930 720 1089 774; x_wconf 91' lang='lat' dir='ltr'><strong>modo</strong></span> <span class='ocrx_word' id='word_1_43' title='bbox 1119 722 1290 776; x_wconf 90' lang='lat' dir='ltr'><strong>eidem</strong></span> <span class='ocrx_word' id='word_1_44' title='bbox 1318 723 1391 775; x_wconf 85' lang='lat' dir='ltr'><strong>ita</strong></span> <span class='ocrx_word' id='word_1_45' title='bbox 1421 737 1479 777; x_wconf 91' lang='lat' dir='ltr'><strong>se</strong></span> <span class='ocrx_word' id='word_1_46' title='bbox 1502 723 1746 776; x_wconf 77' lang='lat' dir='ltr'><strong>innixum</strong></span> <span class='ocrx_word' id='word_1_47' title='bbox 1779 724 2000 790; x_wconf 75' lang='lat' dir='ltr'><strong>fatetur,</strong></span> <span class='ocrx_word' id='word_1_48' title='bbox 2039 733 2116 791; x_wconf 88' lang='lat' dir='ltr'><strong>ut,</strong></span> <span class='ocrx_word' id='word_1_49' title='bbox 2150 740 2215 780; x_wconf 90' lang='lat' dir='ltr'><strong>eo</strong></span> <span class='ocrx_word' id='word_1_50' title='bbox 2243 726 2532 791; x_wconf 89' lang='lat' dir='ltr'><strong>subducto,</strong></span> <span class='ocrx_word' id='word_1_51' title='bbox 2584 728 2717 783; x_wconf 81' lang='lat' dir='ltr'><strong>nihil</strong></span> <span class='ocrx_word' id='word_1_52' title='bbox 2758 730 2994 785; x_wconf 85' lang='lat' dir='ltr'><strong>scribere</strong></span> <span class='ocrx_word' id='word_1_53' title='bbox 3010 732 3182 800; x_wconf 86' lang='lat' dir='ltr'><strong>possit</strong></span> <span class='ocrx_word' id='word_1_54' title='bbox 3211 731 3318 803; x_wconf 76' lang='lat' dir='ltr'><strong>(b)?</strong></span> 
     </span>
    </p>
   </div>
   <div class='ocr_carea' id='block_1_5' title="bbox 263 829 3418 914">
    <p class='ocr_par' dir='ltr' id='par_1_5' title="bbox 263 829 3418 914">
     <span class='ocr_line' id='line_1_5' title="bbox 263 829 3418 914; baseline 0.006 -32"><span class='ocrx_word' id='word_1_55' title='bbox 263 829 334 886; x_wconf 89' lang='lat' dir='ltr'><strong>ll.</strong></span> <span class='ocrx_word' id='word_1_56' title='bbox 377 831 636 888; x_wconf 79' lang='lat' dir='ltr'><strong>Samuelis</strong></span> <span class='ocrx_word' id='word_1_57' title='bbox 659 842 858 902; x_wconf 85' lang='lat' dir='ltr'><strong>patria,</strong></span> <span class='ocrx_word' id='word_1_58' title='bbox 891 837 1079 890; x_wconf 79' lang='lat' dir='ltr'><strong>notitia</strong></span> <span class='ocrx_word' id='word_1_59' title='bbox 1110 839 1274 905; x_wconf 85' lang='lat' dir='ltr'><strong>operis</strong></span> <span class='ocrx_word' id='word_1_60' title='bbox 1306 849 1356 891; x_wconf 85' lang='lat' dir='ltr'><strong>et</strong></span> <span class='ocrx_word' id='word_1_61' title='bbox 1401 837 1684 893; x_wconf 76' lang='lat' dir='ltr'><strong>Ma’cenas.</strong></span> <span class='ocrx_word' id='word_1_62' title='bbox 1713 869 1778 880; x_wconf 87' lang='lat'><strong>—-</strong></span> <span class='ocrx_word' id='word_1_63' title='bbox 1815 839 1922 894; x_wconf 85' lang='lat' dir='ltr'><strong>Sed</strong></span> <span class='ocrx_word' id='word_1_64' title='bbox 1952 841 2271 910; x_wconf 83' lang='lat' dir='ltr'><strong>priusquam</strong></span> <span class='ocrx_word' id='word_1_65' title='bbox 2304 841 2370 897; x_wconf 90' lang='lat' dir='ltr'><strong>de</strong></span> <span class='ocrx_word' id='word_1_66' title='bbox 2399 843 2682 914; x_wconf 70' lang='lat' dir='ltr'><strong>multiplici</strong></span> <span class='ocrx_word' id='word_1_67' title='bbox 2713 844 2978 901; x_wconf 85' lang='lat' dir='ltr'><strong>Samuelis</strong></span> <span class='ocrx_word' id='word_1_68' title='bbox 3003 847 3232 902; x_wconf 83' lang='lat' dir='ltr'><strong>utilitate</strong></span> <span class='ocrx_word' id='word_1_69' title='bbox 3271 849 3418 901; x_wconf 73' lang='lat' dir='ltr'><strong>dica~</strong></span> 
     </span>
    </p>
   </div>
   <div class='ocr_carea' id='block_1_6' title="bbox 189 929 3419 1006">
    <p class='ocr_par' dir='ltr' id='par_1_6' title="bbox 189 929 3419 1006">
     <span class='ocr_line' id='line_1_6' title="bbox 189 929 3419 1006; baseline 0.006 -33"><span class='ocrx_word' id='word_1_70' title='bbox 189 938 347 985; x_wconf 79' lang='lat' dir='ltr'><strong>nius,</strong></span> <span class='ocrx_word' id='word_1_71' title='bbox 382 942 560 995; x_wconf 65' lang='lat' dir='ltr'><strong>operte</strong></span> <span class='ocrx_word' id='word_1_72' title='bbox 587 930 814 997; x_wconf 85' lang='lat' dir='ltr'><strong>pretium</strong></span> <span class='ocrx_word' id='word_1_73' title='bbox 855 939 935 984; x_wconf 91' lang='lat' dir='ltr'><strong>cst</strong></span> <span class='ocrx_word' id='word_1_74' title='bbox 967 929 1035 984; x_wconf 89' lang='lat' dir='ltr'><strong>de</strong></span> <span class='ocrx_word' id='word_1_75' title='bbox 1065 931 1182 1000; x_wconf 90' lang='lat' dir='ltr'><strong>ipso</strong></span> <span class='ocrx_word' id='word_1_76' title='bbox 1233 932 1446 985; x_wconf 91' lang='lat' dir='ltr'><strong>homine</strong></span> <span class='ocrx_word' id='word_1_77' title='bbox 1500 943 1554 986; x_wconf 91' lang='lat' dir='ltr'><strong>et</strong></span> <span class='ocrx_word' id='word_1_78' title='bbox 1602 933 1669 986; x_wconf 91' lang='lat' dir='ltr'><strong>de</strong></span> <span class='ocrx_word' id='word_1_79' title='bbox 1723 932 2020 995; x_wconf 87' lang='lat' dir='ltr'><strong>codicibus,</strong></span> <span class='ocrx_word' id='word_1_80' title='bbox 2087 934 2232 989; x_wconf 89' lang='lat' dir='ltr'><strong>unde</strong></span> <span class='ocrx_word' id='word_1_81' title='bbox 2278 951 2415 1005; x_wconf 90' lang='lat' dir='ltr'><strong>opus</strong></span> <span class='ocrx_word' id='word_1_82' title='bbox 2463 937 2820 1006; x_wconf 85' lang='lat' dir='ltr'><strong>protrahitur,</strong></span> <span class='ocrx_word' id='word_1_83' title='bbox 2872 954 3082 992; x_wconf 89' lang='lat' dir='ltr'><strong>summa</strong></span> <span class='ocrx_word' id='word_1_84' title='bbox 3129 954 3254 994; x_wconf 90' lang='lat' dir='ltr'><strong>cum</strong></span> <span class='ocrx_word' id='word_1_85' title='bbox 3295 941 3419 994; x_wconf 82' lang='lat' dir='ltr'><strong>bre-</strong></span> 
     </span>
    </p>
   </div>
   <div class='ocr_carea' id='block_1_7' title="bbox 185 1020 3416 1094">
    <p class='ocr_par' dir='ltr' id='par_1_7' title="bbox 185 1020 3416 1094">
     <span class='ocr_line' id='line_1_7' title="bbox 185 1020 3416 1094; baseline 0.006 -26"><span class='ocrx_word' id='word_1_86' title='bbox 185 1026 362 1072; x_wconf 74' lang='lat' dir='ltr'><strong>vitate</strong></span> <span class='ocrx_word' id='word_1_87' title='bbox 396 1020 680 1076; x_wconf 79' lang='lat' dir='ltr'><strong>disserere.</strong></span> <span class='ocrx_word' id='word_1_88' title='bbox 737 1020 1048 1085; x_wconf 78' lang='lat' dir='ltr'><strong>Samuelis,</strong></span> <span class='ocrx_word' id='word_1_89' title='bbox 1076 1023 1337 1090; x_wconf 72' lang='lat' dir='ltr'><strong>dignitate</strong></span> <span class='ocrx_word' id='word_1_90' title='bbox 1373 1024 1692 1094; x_wconf 81' lang='lat' dir='ltr'><strong>presbyteri,</strong></span> <span class='ocrx_word' id='word_1_91' title='bbox 1749 1024 1922 1092; x_wconf 90' lang='lat' dir='ltr'><strong>patria</strong></span> <span class='ocrx_word' id='word_1_92' title='bbox 1957 1023 2062 1078; x_wconf 79' lang='lat' dir='ltr'><strong>fuit</strong></span> <span class='ocrx_word' id='word_1_93' title='bbox 2087 1024 2247 1092; x_wconf 82' lang='lat' dir='ltr'><strong>Ania,</strong></span> <span class='ocrx_word' id='word_1_94' title='bbox 2280 1027 2550 1082; x_wconf 72' lang='lat' dir='ltr'><strong>Armeniae</strong></span> <span class='ocrx_word' id='word_1_95' title='bbox 2594 1030 2725 1082; x_wconf 86' lang='lat' dir='ltr'><strong>urbs</strong></span> <span class='ocrx_word' id='word_1_96' title='bbox 2777 1029 2841 1083; x_wconf 89' lang='lat' dir='ltr'><strong>ad</strong></span> <span class='ocrx_word' id='word_1_97' title='bbox 2874 1029 3071 1084; x_wconf 79' lang='lat' dir='ltr'><strong>[lumen</strong></span> <span class='ocrx_word' id='word_1_98' title='bbox 3121 1032 3416 1087; x_wconf 83' lang='lat' dir='ltr'><strong>Achurium</strong></span> 
     </span>
    </p>
   </div>
   <div class='ocr_carea' id='block_1_8' title="bbox 195 1111 3418 1183">
    <p class='ocr_par' dir='ltr' id='par_1_8' title="bbox 195 1111 3418 1183">
     <span class='ocr_line' id='line_1_8' title="bbox 195 1111 3418 1183; baseline 0.003 -19"><span class='ocrx_word' id='word_1_99' title='bbox 195 1115 334 1173; x_wconf 84' lang='lat' dir='ltr'><strong>sita,</strong></span> <span class='ocrx_word' id='word_1_100' title='bbox 379 1111 436 1164; x_wconf 92' lang='lat' dir='ltr'><strong>in</strong></span> <span class='ocrx_word' id='word_1_101' title='bbox 470 1129 531 1166; x_wconf 89' lang='lat' dir='ltr'><strong>ea</strong></span> <span class='ocrx_word' id='word_1_102' title='bbox 571 1115 860 1182; x_wconf 72' lang='lat' dir='ltr'><strong>provincia:</strong></span> <span class='ocrx_word' id='word_1_103' title='bbox 887 1114 1153 1168; x_wconf 74' lang='lat' dir='ltr'><strong>Araratire</strong></span> <span class='ocrx_word' id='word_1_104' title='bbox 1186 1115 1401 1183; x_wconf 70' lang='lat' dir='ltr'><strong>regione</strong></span> <span class='ocrx_word' id='word_1_105' title='bbox 1431 1130 1588 1182; x_wconf 89' lang='lat' dir='ltr'><strong>quam</strong></span> <span class='ocrx_word' id='word_1_106' title='bbox 1614 1113 1901 1183; x_wconf 79' lang='lat' dir='ltr'><strong>geographi</strong></span> <span class='ocrx_word' id='word_1_107' title='bbox 1925 1111 2115 1166; x_wconf 85' lang='lat' dir='ltr'><strong>dicunt</strong></span> <span class='ocrx_word' id='word_1_108' title='bbox 2156 1113 2442 1171; x_wconf 79' lang='lat' dir='ltr'><strong>Siraciain.</strong></span> <span class='ocrx_word' id='word_1_109' title='bbox 2489 1115 2612 1171; x_wconf 62' lang='lat' dir='ltr'><strong>llaec</strong></span> <span class='ocrx_word' id='word_1_110' title='bbox 2662 1117 2798 1169; x_wconf 89' lang='lat' dir='ltr'><strong>Auia</strong></span> <span class='ocrx_word' id='word_1_111' title='bbox 2822 1133 2944 1171; x_wconf 90' lang='lat' dir='ltr'><strong>cum</strong></span> <span class='ocrx_word' id='word_1_112' title='bbox 2975 1134 3119 1172; x_wconf 90' lang='lat' dir='ltr'><strong>nono</strong></span> <span class='ocrx_word' id='word_1_113' title='bbox 3148 1118 3418 1175; x_wconf 87' lang='lat' dir='ltr'><strong>Christia-</strong></span> 
     </span>
    </p>
   </div>
   <div class='ocr_carea' id='block_1_9' title="bbox 188 1206 3417 1279">
    <p class='ocr_par' dir='ltr' id='par_1_9' title="bbox 188 1206 3417 1279">
     <span class='ocr_line' id='line_1_9' title="bbox 188 1206 3417 1279; baseline 0.003 -23"><span class='ocrx_word' id='word_1_114' title='bbox 188 1219 276 1257; x_wconf 78' lang='lat' dir='ltr'><strong>na:</strong></span> <span class='ocrx_word' id='word_1_115' title='bbox 305 1219 432 1258; x_wconf 66' lang='lat' dir='ltr'><strong>tera:</strong></span> <span class='ocrx_word' id='word_1_116' title='bbox 461 1209 658 1260; x_wconf 67' lang='lat' dir='ltr'><strong>saaculo</strong></span> <span class='ocrx_word' id='word_1_117' title='bbox 681 1222 786 1260; x_wconf 91' lang='lat' dir='ltr'><strong>non</strong></span> <span class='ocrx_word' id='word_1_118' title='bbox 819 1208 1029 1261; x_wconf 90' lang='lat' dir='ltr'><strong>modica</strong></span> <span class='ocrx_word' id='word_1_119' title='bbox 1065 1209 1390 1260; x_wconf 74' lang='lat' dir='ltr'><strong>itu-ramenta</strong></span> <span class='ocrx_word' id='word_1_120' title='bbox 1416 1208 1733 1274; x_wconf 80' lang='lat' dir='ltr'><strong>accepisset,</strong></span> <span class='ocrx_word' id='word_1_121' title='bbox 1767 1213 2051 1275; x_wconf 85' lang='lat' dir='ltr'><strong>prepterea</strong></span> <span class='ocrx_word' id='word_1_122' title='bbox 2084 1206 2226 1276; x_wconf 88' lang='lat' dir='ltr'><strong>quod</strong></span> <span class='ocrx_word' id='word_1_123' title='bbox 2260 1207 2603 1276; x_wconf 82' lang='lat' dir='ltr'><strong>Bagratuniis</strong></span> <span class='ocrx_word' id='word_1_124' title='bbox 2633 1209 2968 1278; x_wconf 85' lang='lat' dir='ltr'><strong>principibus</strong></span> <span class='ocrx_word' id='word_1_125' title='bbox 3001 1212 3203 1279; x_wconf 79' lang='lat' dir='ltr'><strong>regiam</strong></span> <span class='ocrx_word' id='word_1_126' title='bbox 3236 1213 3417 1266; x_wconf 89' lang='lat' dir='ltr'><strong>sedem</strong></span> 
     </span>
    </p>
   </div>
   <div class='ocr_carea' id='block_1_10' title="bbox 199 1301 3416 1374">
    <p class='ocr_par' dir='ltr' id='par_1_10' title="bbox 199 1301 3416 1374">
     <span class='ocr_line' id='line_1_10' title="bbox 199 1301 3416 1374; baseline 0.001 -18"><span class='ocrx_word' id='word_1_127' title='bbox 199 1303 494 1374; x_wconf 61' lang='lat' dir='ltr'><strong>praeberet,</strong></span> <span class='ocrx_word' id='word_1_128' title='bbox 518 1304 729 1356; x_wconf 87' lang='lat' dir='ltr'><strong>decimo</strong></span> <span class='ocrx_word' id='word_1_129' title='bbox 756 1302 970 1371; x_wconf 83' lang='lat' dir='ltr'><strong>quidem</strong></span> <span class='ocrx_word' id='word_1_130' title='bbox 1000 1301 1391 1370; x_wconf 80' lang='lat' dir='ltr'><strong>undecimoque</strong></span> <span class='ocrx_word' id='word_1_131' title='bbox 1420 1303 1616 1356; x_wconf 58' lang='lat' dir='ltr'><strong>saeculo</strong></span> <span class='ocrx_word' id='word_1_132' title='bbox 1638 1318 1746 1356; x_wconf 85' lang='lat' dir='ltr'><strong>tam</strong></span> <span class='ocrx_word' id='word_1_133' title='bbox 1781 1303 2033 1374; x_wconf 82' lang='lat' dir='ltr'><strong>frequens</strong></span> <span class='ocrx_word' id='word_1_134' title='bbox 2053 1305 2273 1372; x_wconf 74' lang='lat' dir='ltr'><strong>tamque</strong></span> <span class='ocrx_word' id='word_1_135' title='bbox 2291 1301 2571 1372; x_wconf 85' lang='lat' dir='ltr'><strong>Splendida</strong></span> <span class='ocrx_word' id='word_1_136' title='bbox 2627 1303 2822 1367; x_wconf 88' lang='lat' dir='ltr'><strong>evasit,</strong></span> <span class='ocrx_word' id='word_1_137' title='bbox 2858 1313 2917 1358; x_wconf 93' lang='lat' dir='ltr'><strong>ut</strong></span> <span class='ocrx_word' id='word_1_138' title='bbox 2965 1305 3159 1360; x_wconf 85' lang='lat' dir='ltr'><strong>domos</strong></span> <span class='ocrx_word' id='word_1_139' title='bbox 3198 1315 3416 1361; x_wconf 90' lang='lat' dir='ltr'><strong>centum</strong></span> 
     </span>
    </p>
   </div>
   <div class='ocr_carea' id='block_1_11' title="bbox 198 1396 3420 1469">
    <p class='ocr_par' dir='ltr' id='par_1_11' title="bbox 198 1396 3420 1469">
     <span class='ocr_line' id='line_1_11' title="bbox 198 1396 3420 1469; baseline 0 -18"><span class='ocrx_word' id='word_1_140' title='bbox 198 1400 372 1462; x_wconf 79' lang='lat' dir='ltr'><strong>inille,</strong></span> <span class='ocrx_word' id='word_1_141' title='bbox 407 1400 597 1468; x_wconf 91' lang='lat' dir='ltr'><strong>templa</strong></span> <span class='ocrx_word' id='word_1_142' title='bbox 630 1407 806 1452; x_wconf 89' lang='lat' dir='ltr'><strong>autem</strong></span> <span class='ocrx_word' id='word_1_143' title='bbox 829 1399 947 1467; x_wconf 86' lang='lat' dir='ltr'><strong>plus</strong></span> <span class='ocrx_word' id='word_1_144' title='bbox 971 1398 1112 1450; x_wconf 90' lang='lat' dir='ltr'><strong>mille</strong></span> <span class='ocrx_word' id='word_1_145' title='bbox 1140 1397 1391 1452; x_wconf 77' lang='lat' dir='ltr'><strong>habuisse</strong></span> <span class='ocrx_word' id='word_1_146' title='bbox 1417 1397 1622 1450; x_wconf 80' lang='lat' dir='ltr'><strong>feratur</strong></span> <span class='ocrx_word' id='word_1_147' title='bbox 1649 1396 1738 1465; x_wconf 83' lang='grc' dir='ltr'><strong>(ε).</strong></span> <span class='ocrx_word' id='word_1_148' title='bbox 1772 1397 1936 1453; x_wconf 86' lang='lat' dir='ltr'><strong>Porro</strong></span> <span class='ocrx_word' id='word_1_149' title='bbox 1969 1399 2085 1453; x_wconf 66' lang='lat' dir='ltr'><strong>haec</strong></span> <span class='ocrx_word' id='word_1_150' title='bbox 2110 1399 2240 1452; x_wconf 87' lang='lat' dir='ltr'><strong>urbs</strong></span> <span class='ocrx_word' id='word_1_151' title='bbox 2260 1398 2545 1467; x_wconf 79' lang='lat' dir='ltr'><strong>diligenter</strong></span> <span class='ocrx_word' id='word_1_152' title='bbox 2567 1397 2896 1451; x_wconf 81' lang='lat' dir='ltr'><strong>secernenda</strong></span> <span class='ocrx_word' id='word_1_153' title='bbox 2923 1404 3003 1452; x_wconf 85' lang='lat' dir='ltr'><strong>est</strong></span> <span class='ocrx_word' id='word_1_154' title='bbox 3031 1398 3098 1451; x_wconf 90' lang='lat' dir='ltr'><strong>ab</strong></span> <span class='ocrx_word' id='word_1_155' title='bbox 3123 1399 3262 1452; x_wconf 88' lang='lat' dir='ltr'><strong>Anio</strong></span> <span class='ocrx_word' id='word_1_156' title='bbox 3291 1413 3420 1469; x_wconf 88' lang='lat' dir='ltr'><strong>pro-</strong></span> 
     </span>
    </p>
   </div>
   <div class='ocr_carea' id='block_1_12' title="bbox 191 1488 3420 1562">
    <p class='ocr_par' dir='ltr' id='par_1_12' title="bbox 191 1488 3420 1562">
     <span class='ocr_line' id='line_1_12' title="bbox 191 1488 3420 1562; baseline 0.001 -18"><span class='ocrx_word' id='word_1_157' title='bbox 191 1492 412 1555; x_wconf 73' lang='lat' dir='ltr'><strong>vinciae,</strong></span> <span class='ocrx_word' id='word_1_158' title='bbox 446 1491 776 1561; x_wconf 71' lang='lat' dir='ltr'><strong>qumdicitur</strong></span> <span class='ocrx_word' id='word_1_159' title='bbox 803 1491 907 1543; x_wconf 89' lang='lat' dir='ltr'><strong>alta</strong></span> <span class='ocrx_word' id='word_1_160' title='bbox 934 1490 1208 1557; x_wconf 81' lang='lat' dir='ltr'><strong>Armenia,</strong></span> <span class='ocrx_word' id='word_1_161' title='bbox 1253 1492 1473 1544; x_wconf 88' lang='lat' dir='ltr'><strong>castello</strong></span> <span class='ocrx_word' id='word_1_162' title='bbox 1501 1489 1643 1560; x_wconf 90' lang='lat' dir='ltr'><strong>quod</strong></span> <span class='ocrx_word' id='word_1_163' title='bbox 1677 1488 1850 1544; x_wconf 83' lang='lat' dir='ltr'><strong>Moses</strong></span> <span class='ocrx_word' id='word_1_164' title='bbox 1881 1491 2246 1546; x_wconf 89' lang='lat' dir='ltr'><strong>Chorencnsis</strong></span> <span class='ocrx_word' id='word_1_165' title='bbox 2275 1500 2662 1545; x_wconf 84' lang='lat' dir='ltr'><strong>commemorat</strong></span> <span class='ocrx_word' id='word_1_166' title='bbox 2683 1491 2783 1558; x_wconf 78' lang='grc' dir='ltr'><strong>(ά).</strong></span> <span class='ocrx_word' id='word_1_167' title='bbox 2812 1490 2923 1560; x_wconf 82' lang='lat' dir='ltr'><strong>Age</strong></span> <span class='ocrx_word' id='word_1_168' title='bbox 2955 1507 3082 1546; x_wconf 83' lang='lat' dir='ltr'><strong>vero</strong></span> <span class='ocrx_word' id='word_1_169' title='bbox 3115 1494 3284 1562; x_wconf 89' lang='lat' dir='ltr'><strong>ipsius</strong></span> <span class='ocrx_word' id='word_1_170' title='bbox 3317 1491 3420 1550; x_wconf 85' lang='lat' dir='ltr'><strong>Sa-</strong></span> 
     </span>
    </p>
   </div>
   <div class='ocr_carea' id='block_1_13' title="bbox 189 1577 3490 1653">
    <p class='ocr_par' dir='ltr' id='par_1_13' title="bbox 189 1577 3490 1653">
     <span class='ocr_line' id='line_1_13' title="bbox 189 1577 3490 1653; baseline 0 -15"><span class='ocrx_word' id='word_1_171' title='bbox 189 1585 392 1639; x_wconf 87' lang='lat' dir='ltr'><strong>muelis</strong></span> <span class='ocrx_word' id='word_1_172' title='bbox 421 1583 814 1652; x_wconf 80' lang='lat' dir='ltr'><strong>chronographi</strong></span> <span class='ocrx_word' id='word_1_173' title='bbox 845 1583 1170 1637; x_wconf 80' lang='lat' dir='ltr'><strong>mentionem</strong></span> <span class='ocrx_word' id='word_1_174' title='bbox 1207 1581 1407 1635; x_wconf 77' lang='lat' dir='ltr'><strong>faciunt</strong></span> <span class='ocrx_word' id='word_1_175' title='bbox 1434 1584 1666 1652; x_wconf 88' lang='lat' dir='ltr'><strong>primum</strong></span> <span class='ocrx_word' id='word_1_176' title='bbox 1690 1583 1905 1652; x_wconf 86' lang='lat' dir='ltr'><strong>quidem</strong></span> <span class='ocrx_word' id='word_1_177' title='bbox 1959 1583 2201 1638; x_wconf 82' lang='lat' dir='ltr'><strong>Armenii</strong></span> <span class='ocrx_word' id='word_1_178' title='bbox 2253 1584 2547 1652; x_wconf 81' lang='lat' dir='ltr'><strong>scriptores</strong></span> <span class='ocrx_word' id='word_1_179' title='bbox 2591 1583 2852 1652; x_wconf 73' lang='lat' dir='ltr'><strong>Cyriacus</strong></span> <span class='ocrx_word' id='word_1_180' title='bbox 2890 1583 3282 1653; x_wconf 82' lang='lat' dir='ltr'><strong>Ganzaghenus</strong></span> <span class='ocrx_word' id='word_1_181' title='bbox 3316 1602 3419 1643; x_wconf 52' lang='lat' dir='ltr'><strong>sa:b</strong></span> <span class='ocrx_word' id='word_1_182' title='bbox 3481 1577 3490 1589; x_wconf 85' lang='grc'><em>’</em></span> 
     </span>
    </p>
   </div>
   <div class='ocr_carea' id='block_1_14' title="bbox 191 1663 3418 1747">
    <p class='ocr_par' dir='ltr' id='par_1_14' title="bbox 191 1663 3418 1747">
     <span class='ocr_line' id='line_1_14' title="bbox 191 1663 3418 1747; baseline 0 -13"><span class='ocrx_word' id='word_1_183' title='bbox 191 1680 302 1734; x_wconf 89' lang='lat' dir='ltr'><strong>culi</strong></span> <span class='ocrx_word' id='word_1_184' title='bbox 361 1695 458 1733; x_wconf 69' lang='lat' dir='ltr'><strong>mn</strong></span> <span class='ocrx_word' id='word_1_185' title='bbox 518 1679 712 1744; x_wconf 87' lang='lat' dir='ltr'><strong>homo;</strong></span> <span class='ocrx_word' id='word_1_186' title='bbox 784 1679 977 1732; x_wconf 89' lang='lat' dir='ltr'><strong>iterum</strong></span> <span class='ocrx_word' id='word_1_187' title='bbox 1033 1685 1288 1743; x_wconf 78' lang='lat' dir='ltr'><strong>sequente</strong></span> <span class='ocrx_word' id='word_1_188' title='bbox 1347 1679 1546 1732; x_wconf 69' lang='lat' dir='ltr'><strong>saeculo</strong></span> <span class='ocrx_word' id='word_1_189' title='bbox 1607 1679 1687 1732; x_wconf 81' lang='lat' dir='ltr'><strong>rir</strong></span> <span class='ocrx_word' id='word_1_190' title='bbox 1736 1680 1982 1734; x_wconf 78' lang='lat' dir='ltr'><strong>eruditus</strong></span> <span class='ocrx_word' id='word_1_191' title='bbox 2031 1663 2317 1733; x_wconf 78' lang='lat' dir='ltr'><strong>Vardanus</strong></span> <span class='ocrx_word' id='word_1_192' title='bbox 2363 1677 2875 1742; x_wconf 86' lang='lat' dir='ltr'><strong>Barzerberdcnsis;</strong></span> <span class='ocrx_word' id='word_1_193' title='bbox 2930 1685 3158 1747; x_wconf 89' lang='lat' dir='ltr'><strong>uterque</strong></span> <span class='ocrx_word' id='word_1_194' title='bbox 3207 1680 3261 1733; x_wconf 90' lang='lat' dir='ltr'><strong>in</strong></span> <span class='ocrx_word' id='word_1_195' title='bbox 3303 1681 3418 1736; x_wconf 84' lang='lat' dir='ltr'><strong>suis</strong></span> 
     </span>
    </p>
   </div>
   <div class='ocr_carea' id='block_1_15' title="bbox 190 1768 3420 1843">
    <p class='ocr_par' dir='ltr' id='par_1_15' title="bbox 190 1768 3420 1843">
     <span class='ocr_line' id='line_1_15' title="bbox 190 1768 3420 1843; baseline 0.001 -18"><span class='ocrx_word' id='word_1_196' title='bbox 190 1772 456 1827; x_wconf 84' lang='lat' dir='ltr'><strong>Haicanis</strong></span> <span class='ocrx_word' id='word_1_197' title='bbox 479 1772 754 1826; x_wconf 88' lang='lat' dir='ltr'><strong>historiis:</strong></span> <span class='ocrx_word' id='word_1_198' title='bbox 783 1770 1016 1838; x_wconf 87' lang='lat' dir='ltr'><strong>denique</strong></span> <span class='ocrx_word' id='word_1_199' title='bbox 1062 1781 1332 1837; x_wconf 87' lang='lat' dir='ltr'><strong>postrema</strong></span> <span class='ocrx_word' id='word_1_200' title='bbox 1366 1768 1838 1837; x_wconf 79' lang='lat' dir='ltr'><strong>:etateSerposius</strong></span> <span class='ocrx_word' id='word_1_201' title='bbox 1873 1771 1924 1822; x_wconf 88' lang='lat' dir='ltr'><strong>in</strong></span> <span class='ocrx_word' id='word_1_202' title='bbox 1956 1769 2288 1824; x_wconf 66' lang='lat' dir='ltr'><strong>Armeniaca:</strong></span> <span class='ocrx_word' id='word_1_203' title='bbox 2317 1769 2554 1824; x_wconf 73' lang='lat' dir='ltr'><strong>historia:</strong></span> <span class='ocrx_word' id='word_1_204' title='bbox 2588 1773 2928 1840; x_wconf 89' lang='lat' dir='ltr'><strong>compendio,</strong></span> <span class='ocrx_word' id='word_1_205' title='bbox 2957 1774 3118 1842; x_wconf 85' lang='lat' dir='ltr'><strong>quod,</strong></span> <span class='ocrx_word' id='word_1_206' title='bbox 3153 1776 3420 1843; x_wconf 85' lang='lat' dir='ltr'><strong>scriptore</strong></span> 
     </span>
    </p>
   </div>
   <div class='ocr_carea' id='block_1_16' title="bbox 195 1853 3413 1933">
    <p class='ocr_par' dir='ltr' id='par_1_16' title="bbox 195 1853 3413 1933">
     <span class='ocr_line' id='line_1_16' title="bbox 195 1853 3413 1933; baseline 0 -18"><span class='ocrx_word' id='word_1_207' title='bbox 195 1879 335 1918; x_wconf 81' lang='lat' dir='ltr'><strong>usus</strong></span> <span class='ocrx_word' id='word_1_208' title='bbox 363 1871 631 1933; x_wconf 66' lang='lat' dir='ltr'><strong>anonymo</strong></span> <span class='ocrx_word' id='word_1_209' title='bbox 663 1862 856 1928; x_wconf 76' lang='lat' dir='ltr'><strong>amico,</strong></span> <span class='ocrx_word' id='word_1_210' title='bbox 892 1859 1152 1928; x_wconf 86' lang='lat' dir='ltr'><strong>impensis</strong></span> <span class='ocrx_word' id='word_1_211' title='bbox 1173 1858 1539 1927; x_wconf 84' lang='lat' dir='ltr'><strong>subsidiisque</strong></span> <span class='ocrx_word' id='word_1_212' title='bbox 1570 1860 1818 1913; x_wconf 77' lang='lat' dir='ltr'><strong>maximis</strong></span> <span class='ocrx_word' id='word_1_213' title='bbox 1849 1860 2153 1922; x_wconf 78' lang='lat' dir='ltr'><strong>adornavit,</strong></span> <span class='ocrx_word' id='word_1_214' title='bbox 2187 1858 2460 1913; x_wconf 88' lang='lat' dir='ltr'><strong>Samuelis</strong></span> <span class='ocrx_word' id='word_1_215' title='bbox 2506 1853 2795 1916; x_wconf 73' lang='lat' dir='ltr'><strong>chronic-os</strong></span> <span class='ocrx_word' id='word_1_216' title='bbox 2851 1872 3088 1916; x_wconf 84' lang='lat' dir='ltr'><strong>canones</strong></span> <span class='ocrx_word' id='word_1_217' title='bbox 3117 1863 3264 1930; x_wconf 88' lang='lat' dir='ltr'><strong>justo</strong></span> <span class='ocrx_word' id='word_1_218' title='bbox 3295 1865 3413 1930; x_wconf 86' lang='lat' dir='ltr'><strong>qui-</strong></span> 
     </span>
    </p>
   </div>
   <div class='ocr_carea' id='block_1_17' title="bbox 188 1952 3419 2032">
    <p class='ocr_par' dir='ltr' id='par_1_17' title="bbox 188 1952 3419 2032">
     <span class='ocr_line' id='line_1_17' title="bbox 188 1952 3419 2032; baseline 0 -23"><span class='ocrx_word' id='word_1_219' title='bbox 188 1959 318 2010; x_wconf 79' lang='lat' dir='ltr'><strong>dem</strong></span> <span class='ocrx_word' id='word_1_220' title='bbox 366 1959 566 2018; x_wconf 86' lang='lat' dir='ltr'><strong>rarius,</strong></span> <span class='ocrx_word' id='word_1_221' title='bbox 599 1956 692 2011; x_wconf 86' lang='lat' dir='ltr'><strong>sed</strong></span> <span class='ocrx_word' id='word_1_222' title='bbox 738 1966 916 2009; x_wconf 84' lang='lat' dir='ltr'><strong>tamen</strong></span> <span class='ocrx_word' id='word_1_223' title='bbox 948 1954 1231 2024; x_wconf 85' lang='lat' dir='ltr'><strong>aliquoties</strong></span> <span class='ocrx_word' id='word_1_224' title='bbox 1273 1954 1576 2021; x_wconf 89' lang='lat' dir='ltr'><strong>compellat.</strong></span> <span class='ocrx_word' id='word_1_225' title='bbox 1623 1952 1887 2032; x_wconf 32' lang='lat' dir='ltr'><strong>l’rzetere‘a</strong></span> <span class='ocrx_word' id='word_1_226' title='bbox 1913 1953 2178 2007; x_wconf 89' lang='lat' dir='ltr'><strong>Gallicani</strong></span> <span class='ocrx_word' id='word_1_227' title='bbox 2208 1953 2413 2021; x_wconf 87' lang='lat' dir='ltr'><strong>aliquot</strong></span> <span class='ocrx_word' id='word_1_228' title='bbox 2462 1952 2704 2022; x_wconf 89' lang='lat' dir='ltr'><strong>perdocti</strong></span> <span class='ocrx_word' id='word_1_229' title='bbox 2741 1954 2988 2011; x_wconf 89' lang='lat' dir='ltr'><strong>homines</strong></span> <span class='ocrx_word' id='word_1_230' title='bbox 3019 1955 3224 2009; x_wconf 89' lang='lat' dir='ltr'><strong>codicis</strong></span> <span class='ocrx_word' id='word_1_231' title='bbox 3268 1955 3419 2010; x_wconf 68' lang='lat' dir='ltr'><strong>Pario</strong></span> 
     </span>
    </p>
   </div>
   <div class='ocr_carea' id='block_1_18' title="bbox 190 2041 3417 2118">
    <p class='ocr_par' dir='ltr' id='par_1_18' title="bbox 190 2041 3417 2118">
     <span class='ocr_line' id='line_1_18' title="bbox 190 2041 3417 2118; baseline 0.002 -20"><span class='ocrx_word' id='word_1_232' title='bbox 190 2048 330 2099; x_wconf 78' lang='lat' dir='ltr'><strong>staci</strong></span> <span class='ocrx_word' id='word_1_233' title='bbox 361 2046 551 2099; x_wconf 89' lang='lat' dir='ltr'><strong>notitia</strong></span> <span class='ocrx_word' id='word_1_234' title='bbox 583 2047 689 2108; x_wconf 88' lang='lat' dir='ltr'><strong>usi,</strong></span> <span class='ocrx_word' id='word_1_235' title='bbox 724 2061 822 2100; x_wconf 88' lang='lat' dir='ltr'><strong>nec</strong></span> <span class='ocrx_word' id='word_1_236' title='bbox 853 2047 1088 2114; x_wconf 82' lang='lat' dir='ltr'><strong>segniter</strong></span> <span class='ocrx_word' id='word_1_237' title='bbox 1128 2060 1227 2098; x_wconf 90' lang='lat' dir='ltr'><strong>nec</strong></span> <span class='ocrx_word' id='word_1_238' title='bbox 1262 2041 1628 2113; x_wconf 80' lang='lat' dir='ltr'><strong>perfunctorie</strong></span> <span class='ocrx_word' id='word_1_239' title='bbox 1660 2041 1964 2098; x_wconf 86' lang='lat' dir='ltr'><strong>Samuelem</strong></span> <span class='ocrx_word' id='word_1_240' title='bbox 2011 2053 2257 2098; x_wconf 85' lang='lat' dir='ltr'><strong>nostrum</strong></span> <span class='ocrx_word' id='word_1_241' title='bbox 2307 2045 2702 2097; x_wconf 88' lang='lat' dir='ltr'><strong>commendant.</strong></span> <span class='ocrx_word' id='word_1_242' title='bbox 2760 2045 2974 2100; x_wconf 89' lang='lat' dir='ltr'><strong>Primus</strong></span> <span class='ocrx_word' id='word_1_243' title='bbox 3023 2048 3076 2101; x_wconf 85' lang='lat' dir='ltr'><strong>in</strong></span> <span class='ocrx_word' id='word_1_244' title='bbox 3135 2048 3218 2102; x_wconf 91' lang='lat' dir='ltr'><strong>his</strong></span> <span class='ocrx_word' id='word_1_245' title='bbox 3251 2046 3417 2118; x_wconf 80' lang='lat' dir='ltr'><strong>Vilic-</strong></span> 
     </span>
    </p>
   </div>
   <div class='ocr_carea' id='block_1_19' title="bbox 193 2123 3415 2212">
    <p class='ocr_par' dir='ltr' id='par_1_19' title="bbox 193 2123 3415 2212">
     <span class='ocr_line' id='line_1_19' title="bbox 193 2123 3415 2212; baseline 0.002 -23"><span class='ocrx_word' id='word_1_246' title='bbox 193 2140 389 2209; x_wconf 80' lang='lat' dir='ltr'><strong>l&#39;royus</strong></span> <span class='ocrx_word' id='word_1_247' title='bbox 447 2135 716 2192; x_wconf 87' lang='lat' dir='ltr'><strong>Samuelis</strong></span> <span class='ocrx_word' id='word_1_248' title='bbox 769 2135 1532 2205; x_wconf 68' lang='lat' dir='ltr'><strong>Chronicondiligentissime</strong></span> <span class='ocrx_word' id='word_1_249' title='bbox 1576 2138 1951 2199; x_wconf 75' lang='lat' dir='ltr'><strong>contrectarit,</strong></span> <span class='ocrx_word' id='word_1_250' title='bbox 2005 2145 2164 2205; x_wconf 88' lang='lat' dir='ltr'><strong>atque</strong></span> <span class='ocrx_word' id='word_1_251' title='bbox 2202 2136 2383 2205; x_wconf 89' lang='lat' dir='ltr'><strong>operis</strong></span> <span class='ocrx_word' id='word_1_252' title='bbox 2428 2137 2669 2192; x_wconf 75' lang='lat' dir='ltr'><strong>universi</strong></span> <span class='ocrx_word' id='word_1_253' title='bbox 2720 2137 2984 2192; x_wconf 84' lang='lat' dir='ltr'><strong>rationem</strong></span> <span class='ocrx_word' id='word_1_254' title='bbox 3047 2123 3296 2208; x_wconf 75' lang='lat' dir='ltr'><strong>exposuit</strong></span> <span class='ocrx_word' id='word_1_255' title='bbox 3327 2140 3415 2212; x_wconf 74' lang='grc' dir='ltr'><strong>(ε).</strong></span> 
     </span>
    </p>
   </div>
   <div class='ocr_carea' id='block_1_20' title="bbox 204 2228 3415 2302">
    <p class='ocr_par' dir='ltr' id='par_1_20' title="bbox 204 2228 3415 2302">
     <span class='ocr_line' id='line_1_20' title="bbox 204 2228 3415 2302; baseline 0.001 -16"><span class='ocrx_word' id='word_1_256' title='bbox 204 2233 346 2286; x_wconf 74' lang='lat' dir='ltr'><strong>Exin</strong></span> <span class='ocrx_word' id='word_1_257' title='bbox 398 2229 676 2302; x_wconf 75' lang='lat' dir='ltr'><strong>Villefroyi</strong></span> <span class='ocrx_word' id='word_1_258' title='bbox 731 2230 946 2285; x_wconf 90' lang='lat' dir='ltr'><strong>schedis</strong></span> <span class='ocrx_word' id='word_1_259' title='bbox 981 2231 1279 2283; x_wconf 89' lang='lat' dir='ltr'><strong>instructus</strong></span> <span class='ocrx_word' id='word_1_260' title='bbox 1332 2228 1585 2284; x_wconf 88' lang='lat' dir='ltr'><strong>Freretus</strong></span> <span class='ocrx_word' id='word_1_261' title='bbox 1624 2228 1893 2284; x_wconf 83' lang='lat' dir='ltr'><strong>Samuelis</strong></span> <span class='ocrx_word' id='word_1_262' title='bbox 1932 2231 2334 2300; x_wconf 82' lang='lat' dir='ltr'><strong>chronologiam</strong></span> <span class='ocrx_word' id='word_1_263' title='bbox 2379 2245 2501 2284; x_wconf 85' lang='lat' dir='ltr'><strong>cum</strong></span> <span class='ocrx_word' id='word_1_264' title='bbox 2553 2231 2730 2288; x_wconf 83' lang='lat' dir='ltr'><strong>fructu</strong></span> <span class='ocrx_word' id='word_1_265' title='bbox 2790 2234 3069 2302; x_wconf 76' lang='lat' dir='ltr'><strong>usurparit</strong></span> <span class='ocrx_word' id='word_1_266' title='bbox 3123 2235 3178 2287; x_wconf 88' lang='lat' dir='ltr'><strong>in</strong></span> <span class='ocrx_word' id='word_1_267' title='bbox 3208 2235 3415 2290; x_wconf 87' lang='lat' dir='ltr'><strong>disser-</strong></span> 
     </span>
    </p>
   </div>
   <div class='ocr_carea' id='block_1_21' title="bbox 192 2324 3420 2397">
    <p class='ocr_par' dir='ltr' id='par_1_21' title="bbox 192 2324 3420 2397">
     <span class='ocr_line' id='line_1_21' title="bbox 192 2324 3420 2397; baseline 0 -16"><span class='ocrx_word' id='word_1_268' title='bbox 192 2328 406 2381; x_wconf 86' lang='lat' dir='ltr'><strong>tatione</strong></span> <span class='ocrx_word' id='word_1_269' title='bbox 439 2326 512 2379; x_wconf 89' lang='lat' dir='ltr'><strong>De</strong></span> <span class='ocrx_word' id='word_1_270' title='bbox 565 2344 701 2379; x_wconf 89' lang='lat' dir='ltr'><strong>anno</strong></span> <span class='ocrx_word' id='word_1_271' title='bbox 758 2327 1063 2378; x_wconf 82' lang='lat' dir='ltr'><strong>Armeniaca</strong></span> <span class='ocrx_word' id='word_1_272' title='bbox 1107 2325 1195 2395; x_wconf 64' lang='grc' dir='ltr'><strong>(Γ).</strong></span> <span class='ocrx_word' id='word_1_273' title='bbox 1244 2324 1347 2380; x_wconf 89' lang='lat' dir='ltr'><strong>Sed</strong></span> <span class='ocrx_word' id='word_1_274' title='bbox 1397 2328 1539 2380; x_wconf 89' lang='lat' dir='ltr'><strong>enim</strong></span> <span class='ocrx_word' id='word_1_275' title='bbox 1592 2341 1749 2380; x_wconf 89' lang='lat' dir='ltr'><strong>nemo</strong></span> <span class='ocrx_word' id='word_1_276' title='bbox 1799 2326 2106 2380; x_wconf 79' lang='lat' dir='ltr'><strong>afﬂuentius</strong></span> <span class='ocrx_word' id='word_1_277' title='bbox 2159 2326 2548 2381; x_wconf 75' lang='lat' dir='ltr'><strong>laudabiliusve</strong></span> <span class='ocrx_word' id='word_1_278' title='bbox 2606 2325 2966 2383; x_wconf 84' lang='lat' dir='ltr'><strong>Samuelianis</strong></span> <span class='ocrx_word' id='word_1_279' title='bbox 3021 2329 3194 2397; x_wconf 85' lang='lat' dir='ltr'><strong>copiis</strong></span> <span class='ocrx_word' id='word_1_280' title='bbox 3253 2337 3420 2383; x_wconf 83' lang='lat' dir='ltr'><strong>semet</strong></span> 
     </span>
    </p>
   </div>
   <div class='ocr_carea' id='block_1_22' title="bbox 204 2409 3416 2499">
    <p class='ocr_par' dir='ltr' id='par_1_22' title="bbox 204 2409 3416 2499">
     <span class='ocr_line' id='line_1_22' title="bbox 204 2409 3416 2499; baseline -0.001 -19"><span class='ocrx_word' id='word_1_281' title='bbox 204 2423 516 2485; x_wconf 73' lang='lat' dir='ltr'><strong>exornavit,</strong></span> <span class='ocrx_word' id='word_1_282' title='bbox 555 2438 714 2490; x_wconf 87' lang='lat' dir='ltr'><strong>quam</strong></span> <span class='ocrx_word' id='word_1_283' title='bbox 745 2422 1072 2477; x_wconf 74' lang='lat' dir='ltr'><strong>novissimus</strong></span> <span class='ocrx_word' id='word_1_284' title='bbox 1101 2421 1516 2499; x_wconf 78' lang='lat' dir='ltr'><strong>Sammartinius</strong></span> <span class='ocrx_word' id='word_1_285' title='bbox 1543 2420 1641 2490; x_wconf 69' lang='grc'><strong>(9),⁴</strong></span> <span class='ocrx_word' id='word_1_286' title='bbox 1667 2423 1749 2474; x_wconf 79' lang='lat' dir='ltr'><strong>rir</strong></span> <span class='ocrx_word' id='word_1_287' title='bbox 1791 2423 2130 2477; x_wconf 86' lang='lat' dir='ltr'><strong>orientalium</strong></span> <span class='ocrx_word' id='word_1_288' title='bbox 2182 2421 2485 2487; x_wconf 85' lang='lat' dir='ltr'><strong>studiorum</strong></span> <span class='ocrx_word' id='word_1_289' title='bbox 2522 2431 2720 2476; x_wconf 88' lang='lat' dir='ltr'><strong>nostra.</strong></span> <span class='ocrx_word' id='word_1_290' title='bbox 2753 2432 2907 2477; x_wconf 66' lang='lat' dir='ltr'><strong>aetate</strong></span> <span class='ocrx_word' id='word_1_291' title='bbox 2941 2409 3416 2491; x_wconf 82' lang='lat' dir='ltr'><strong>prudentissimus,</strong></span> 
     </span>
    </p>
   </div>
   <div class='ocr_carea' id='block_1_23' title="bbox 187 2513 3418 2586">
    <p class='ocr_par' dir='ltr' id='par_1_23' title="bbox 187 2513 3418 2586">
     <span class='ocr_line' id='line_1_23' title="bbox 187 2513 3418 2586; baseline -0.001 -16"><span class='ocrx_word' id='word_1_292' title='bbox 187 2519 285 2586; x_wconf 89' lang='lat' dir='ltr'><strong>qui</strong></span> <span class='ocrx_word' id='word_1_293' title='bbox 321 2516 386 2570; x_wconf 88' lang='lat' dir='ltr'><strong>de</strong></span> <span class='ocrx_word' id='word_1_294' title='bbox 424 2515 690 2569; x_wconf 72' lang='lat' dir='ltr'><strong>Armeniae</strong></span> <span class='ocrx_word' id='word_1_295' title='bbox 730 2515 952 2568; x_wconf 86' lang='lat' dir='ltr'><strong>historia</strong></span> <span class='ocrx_word' id='word_1_296' title='bbox 996 2521 1048 2568; x_wconf 93' lang='lat' dir='ltr'><strong>et</strong></span> <span class='ocrx_word' id='word_1_297' title='bbox 1094 2513 1418 2583; x_wconf 81' lang='lat' dir='ltr'><strong>geographia</strong></span> <span class='ocrx_word' id='word_1_298' title='bbox 1473 2529 1623 2583; x_wconf 68' lang='lat' dir='ltr'><strong>teque</strong></span> <span class='ocrx_word' id='word_1_299' title='bbox 1659 2514 1793 2567; x_wconf 89' lang='lat' dir='ltr'><strong>bene</strong></span> <span class='ocrx_word' id='word_1_300' title='bbox 1837 2513 1917 2566; x_wconf 78' lang='lat' dir='ltr'><strong>rel</strong></span> <span class='ocrx_word' id='word_1_301' title='bbox 1967 2513 2130 2567; x_wconf 88' lang='lat' dir='ltr'><strong>etiam</strong></span> <span class='ocrx_word' id='word_1_302' title='bbox 2197 2513 2470 2582; x_wconf 88' lang='lat' dir='ltr'><strong>copiosius</strong></span> <span class='ocrx_word' id='word_1_303' title='bbox 2515 2514 2809 2567; x_wconf 89' lang='lat' dir='ltr'><strong>meriturus</strong></span> <span class='ocrx_word' id='word_1_304' title='bbox 2858 2520 2962 2578; x_wconf 87' lang='lat' dir='ltr'><strong>est,</strong></span> <span class='ocrx_word' id='word_1_305' title='bbox 3003 2528 3163 2582; x_wconf 87' lang='lat' dir='ltr'><strong>quam</strong></span> <span class='ocrx_word' id='word_1_306' title='bbox 3201 2515 3290 2569; x_wconf 88' lang='lat' dir='ltr'><strong>ille</strong></span> <span class='ocrx_word' id='word_1_307' title='bbox 3328 2516 3418 2568; x_wconf 90' lang='lat' dir='ltr'><strong>diu</strong></span> 
     </span>
    </p>
   </div>
   <div class='ocr_carea' id='block_1_24' title="bbox 186 2607 3420 2680">
    <p class='ocr_par' dir='ltr' id='par_1_24' title="bbox 186 2607 3420 2680">
     <span class='ocr_line' id='line_1_24' title="bbox 186 2607 3420 2680; baseline -0.001 -13"><span class='ocrx_word' id='word_1_308' title='bbox 186 2609 568 2667; x_wconf 86' lang='lat' dir='ltr'><strong>memorabilis</strong></span> <span class='ocrx_word' id='word_1_309' title='bbox 616 2608 1022 2663; x_wconf 89' lang='lat' dir='ltr'><strong>Sancticrucius</strong></span> <span class='ocrx_word' id='word_1_310' title='bbox 1078 2607 1144 2662; x_wconf 91' lang='lat' dir='ltr'><strong>de</strong></span> <span class='ocrx_word' id='word_1_311' title='bbox 1194 2608 1486 2663; x_wconf 63' lang='lat' dir='ltr'><strong>Alexandri</strong></span> <span class='ocrx_word' id='word_1_312' title='bbox 1546 2611 1712 2678; x_wconf 78' lang='lat' dir='ltr'><strong>gestis</strong></span> <span class='ocrx_word' id='word_1_313' title='bbox 1769 2619 1931 2677; x_wconf 87' lang='lat' dir='ltr'><strong>atque</strong></span> <span class='ocrx_word' id='word_1_314' title='bbox 1988 2609 2368 2679; x_wconf 73' lang='lat' dir='ltr'><strong>scriptoribbs.</strong></span> <span class='ocrx_word' id='word_1_315' title='bbox 2409 2608 2525 2662; x_wconf 84' lang='lat' dir='ltr'><strong>Jam</strong></span> <span class='ocrx_word' id='word_1_316' title='bbox 2571 2625 2636 2663; x_wconf 82' lang='lat' dir='ltr'><strong>ex</strong></span> <span class='ocrx_word' id='word_1_317' title='bbox 2688 2611 2806 2678; x_wconf 87' lang='lat' dir='ltr'><strong>ipso</strong></span> <span class='ocrx_word' id='word_1_318' title='bbox 2853 2611 3034 2664; x_wconf 89' lang='lat' dir='ltr'><strong>statim</strong></span> <span class='ocrx_word' id='word_1_319' title='bbox 3099 2612 3323 2680; x_wconf 78' lang='lat' dir='ltr'><strong>prologo</strong></span> <span class='ocrx_word' id='word_1_320' title='bbox 3365 2617 3420 2665; x_wconf 90' lang='lat' dir='ltr'><strong>et</strong></span> 
     </span>
    </p>
   </div>
   <div class='ocr_carea' id='block_1_25' title="bbox 188 2701 3418 2775">
    <p class='ocr_par' dir='ltr' id='par_1_25' title="bbox 188 2701 3418 2775">
     <span class='ocr_line' id='line_1_25' title="bbox 188 2701 3418 2775; baseline -0.001 -15"><span class='ocrx_word' id='word_1_321' title='bbox 188 2721 323 2760; x_wconf 81' lang='lat' dir='ltr'><strong>mox</strong></span> <span class='ocrx_word' id='word_1_322' title='bbox 387 2721 418 2760; x_wconf 90' lang='lat' dir='ltr'><strong>e</strong></span> <span class='ocrx_word' id='word_1_323' title='bbox 479 2707 674 2775; x_wconf 88' lang='lat' dir='ltr'><strong>prioris</strong></span> <span class='ocrx_word' id='word_1_324' title='bbox 724 2705 894 2775; x_wconf 90' lang='lat' dir='ltr'><strong>partis</strong></span> <span class='ocrx_word' id='word_1_325' title='bbox 937 2703 1294 2758; x_wconf 87' lang='lat' dir='ltr'><strong>conclusione</strong></span> <span class='ocrx_word' id='word_1_326' title='bbox 1342 2703 1740 2772; x_wconf 82' lang='lat' dir='ltr'><strong>cognoscimus,</strong></span> <span class='ocrx_word' id='word_1_327' title='bbox 1801 2702 2101 2758; x_wconf 86' lang='lat' dir='ltr'><strong>Samuelem</strong></span> <span class='ocrx_word' id='word_1_328' title='bbox 2159 2703 2480 2773; x_wconf 69' lang='lat' dir='ltr'><strong>patriarcha:</strong></span> <span class='ocrx_word' id='word_1_329' title='bbox 2529 2701 2774 2772; x_wconf 83' lang='lat' dir='ltr'><strong>Gregorii</strong></span> <span class='ocrx_word' id='word_1_330' title='bbox 2825 2704 3075 2773; x_wconf 87' lang='lat' dir='ltr'><strong>precibus</strong></span> <span class='ocrx_word' id='word_1_331' title='bbox 3137 2711 3418 2758; x_wconf 55' lang='lat' dir='ltr'><strong>exoratum</strong></span> 
     </span>
    </p>
   </div>
   <div class='ocr_carea' id='block_1_26' title="bbox 188 2785 3419 2867">
    <p class='ocr_par' dir='ltr' id='par_1_26' title="bbox 188 2785 3419 2867">
     <span class='ocr_line' id='line_1_26' title="bbox 188 2785 3419 2867; baseline -0.001 -15"><span class='ocrx_word' id='word_1_332' title='bbox 188 2802 339 2853; x_wconf 88' lang='lat' dir='ltr'><strong>hanc</strong></span> <span class='ocrx_word' id='word_1_333' title='bbox 388 2800 740 2854; x_wconf 79' lang='lat' dir='ltr'><strong>summarium</strong></span> <span class='ocrx_word' id='word_1_334' title='bbox 788 2809 1089 2867; x_wconf 87' lang='lat' dir='ltr'><strong>temporum</strong></span> <span class='ocrx_word' id='word_1_335' title='bbox 1117 2797 1496 2850; x_wconf 86' lang='lat' dir='ltr'><strong>tractationem</strong></span> <span class='ocrx_word' id='word_1_336' title='bbox 1534 2799 1857 2866; x_wconf 89' lang='lat' dir='ltr'><strong>scripsisse:</strong></span> <span class='ocrx_word' id='word_1_337' title='bbox 1894 2796 1988 2852; x_wconf 82' lang='lat' dir='ltr'><strong>sed</strong></span> <span class='ocrx_word' id='word_1_338' title='bbox 2039 2804 2122 2851; x_wconf 88' lang='lat' dir='ltr'><strong>est</strong></span> <span class='ocrx_word' id='word_1_339' title='bbox 2169 2796 2460 2852; x_wconf 83' lang='lat' dir='ltr'><strong>obscurum</strong></span> <span class='ocrx_word' id='word_1_340' title='bbox 2494 2795 2560 2848; x_wconf 90' lang='lat' dir='ltr'><strong>ad</strong></span> <span class='ocrx_word' id='word_1_341' title='bbox 2601 2810 2760 2864; x_wconf 88' lang='lat' dir='ltr'><strong>quem</strong></span> <span class='ocrx_word' id='word_1_342' title='bbox 2805 2793 3120 2864; x_wconf 78' lang='lat' dir='ltr'><strong>Gregorium</strong></span> <span class='ocrx_word' id='word_1_343' title='bbox 3153 2785 3419 2852; x_wconf 85' lang='lat' dir='ltr'><strong>Samuelis</strong></span> 
     </span>
    </p>
   </div>
   <div class='ocr_carea' id='block_1_27' title="bbox 186 2888 3419 2966">
    <p class='ocr_par' dir='ltr' id='par_1_27' title="bbox 186 2888 3419 2966">
     <span class='ocr_line' id='line_1_27' title="bbox 186 2888 3419 2966; baseline -0.001 -22"><span class='ocrx_word' id='word_1_344' title='bbox 186 2897 358 2946; x_wconf 72' lang='lat' dir='ltr'><strong>verba</strong></span> <span class='ocrx_word' id='word_1_345' title='bbox 391 2893 712 2962; x_wconf 87' lang='lat' dir='ltr'><strong>pertineant.</strong></span> <span class='ocrx_word' id='word_1_346' title='bbox 750 2889 997 2966; x_wconf 59' lang='lat' dir='ltr'><strong>Profecto</strong></span> <span class='ocrx_word' id='word_1_347' title='bbox 1032 2889 1278 2944; x_wconf 87' lang='lat' dir='ltr'><strong>nonnulli</strong></span> <span class='ocrx_word' id='word_1_348' title='bbox 1319 2891 1559 2959; x_wconf 79' lang='lat' dir='ltr'><strong>cogitant</strong></span> <span class='ocrx_word' id='word_1_349' title='bbox 1585 2892 1650 2946; x_wconf 88' lang='lat' dir='ltr'><strong>de</strong></span> <span class='ocrx_word' id='word_1_350' title='bbox 1676 2891 1936 2959; x_wconf 75' lang='lat' dir='ltr'><strong>Gregorio</strong></span> <span class='ocrx_word' id='word_1_351' title='bbox 1968 2891 2079 2953; x_wconf 88' lang='lat' dir='ltr'><strong>illo,</strong></span> <span class='ocrx_word' id='word_1_352' title='bbox 2117 2890 2207 2959; x_wconf 89' lang='lat' dir='ltr'><strong>qui</strong></span> <span class='ocrx_word' id='word_1_353' title='bbox 2245 2905 2388 2943; x_wconf 91' lang='lat' dir='ltr'><strong>anno</strong></span> <span class='ocrx_word' id='word_1_354' title='bbox 2414 2888 2618 2943; x_wconf 86' lang='lat' dir='ltr'><strong>Christi</strong></span> <span class='ocrx_word' id='word_1_355' title='bbox 2655 2888 2792 2942; x_wconf 69' lang='lat' dir='ltr'><strong>lilii</strong></span> <span class='ocrx_word' id='word_1_356' title='bbox 2834 2890 3038 2943; x_wconf 89' lang='lat' dir='ltr'><strong>electus</strong></span> <span class='ocrx_word' id='word_1_357' title='bbox 3068 2897 3150 2942; x_wconf 90' lang='lat' dir='ltr'><strong>est</strong></span> <span class='ocrx_word' id='word_1_358' title='bbox 3181 2889 3419 2958; x_wconf 78' lang='lat' dir='ltr'><strong>vixitque</strong></span> 
     </span>
    </p>
   </div>
   <div class='ocr_carea' id='block_1_28' title="bbox 188 2967 3417 3054">
    <p class='ocr_par' dir='ltr' id='par_1_28' title="bbox 188 2967 3417 3054">
     <span class='ocr_line' id='line_1_28' title="bbox 188 2967 3417 3054; baseline -0.002 -14"><span class='ocrx_word' id='word_1_359' title='bbox 188 2989 251 3040; x_wconf 88' lang='lat' dir='ltr'><strong>in</strong></span> <span class='ocrx_word' id='word_1_360' title='bbox 299 2985 612 3054; x_wconf 81' lang='lat' dir='ltr'><strong>pontiﬁcatu</strong></span> <span class='ocrx_word' id='word_1_361' title='bbox 640 2999 811 3036; x_wconf 82' lang='lat' dir='ltr'><strong>annos</strong></span> <span class='ocrx_word' id='word_1_362' title='bbox 855 2967 982 3045; x_wconf 74' lang='grc' dir='ltr'>ιιίις</span> <span class='ocrx_word' id='word_1_363' title='bbox 1027 2997 1126 3034; x_wconf 90' lang='lat' dir='ltr'><strong>nos</strong></span> <span class='ocrx_word' id='word_1_364' title='bbox 1176 2989 1356 3034; x_wconf 88' lang='lat' dir='ltr'><strong>tamen</strong></span> <span class='ocrx_word' id='word_1_365' title='bbox 1395 2981 1663 3035; x_wconf 88' lang='lat' dir='ltr'><strong>Samuelis</strong></span> <span class='ocrx_word' id='word_1_366' title='bbox 1711 2982 1906 3035; x_wconf 90' lang='lat' dir='ltr'><strong>librum</strong></span> <span class='ocrx_word' id='word_1_367' title='bbox 1938 2981 2198 3049; x_wconf 73' lang='lat' dir='ltr'><strong>Gregorio</strong></span> <span class='ocrx_word' id='word_1_368' title='bbox 2248 2983 2430 3050; x_wconf 89' lang='lat' dir='ltr'><strong>potius</strong></span> <span class='ocrx_word' id='word_1_369' title='bbox 2459 2980 2662 3049; x_wconf 91' lang='lat' dir='ltr'><strong>juniori</strong></span> <span class='ocrx_word' id='word_1_370' title='bbox 2694 2981 2932 3034; x_wconf 90' lang='lat' dir='ltr'><strong>oblatum</strong></span> <span class='ocrx_word' id='word_1_371' title='bbox 2985 2995 3291 3040; x_wconf 84' lang='lat' dir='ltr'><strong>censemus.</strong></span> <span class='ocrx_word' id='word_1_372' title='bbox 3327 2982 3417 3050; x_wconf 86' lang='lat' dir='ltr'><strong>qui</strong></span> 
     </span>
    </p>
   </div>
   <div class='ocr_carea' id='block_1_29' title="bbox 187 3069 3418 3146">
    <p class='ocr_par' dir='ltr' id='par_1_29' title="bbox 187 3069 3418 3146">
     <span class='ocr_line' id='line_1_29' title="bbox 187 3069 3418 3146; baseline -0.002 -11"><span class='ocrx_word' id='word_1_373' title='bbox 187 3082 350 3135; x_wconf 70' lang='grc' dir='ltr'><strong>Νετεί</strong></span> <span class='ocrx_word' id='word_1_374' title='bbox 391 3079 621 3133; x_wconf 71' lang='lat' dir='ltr'><strong>Glaicnsi</strong></span> <span class='ocrx_word' id='word_1_375' title='bbox 655 3077 918 3133; x_wconf 85' lang='lat' dir='ltr'><strong>successit</strong></span> <span class='ocrx_word' id='word_1_376' title='bbox 951 3090 1092 3127; x_wconf 91' lang='lat' dir='ltr'><strong>anno</strong></span> <span class='ocrx_word' id='word_1_377' title='bbox 1118 3073 1253 3128; x_wconf 80' lang='lat' dir='ltr'><strong>H76</strong></span> <span class='ocrx_word' id='word_1_378' title='bbox 1285 3092 1298 3126; x_wconf 90' lang='lat'><strong>:</strong></span> <span class='ocrx_word' id='word_1_379' title='bbox 1333 3073 1489 3140; x_wconf 87' lang='lat' dir='ltr'><strong>cujus</strong></span> <span class='ocrx_word' id='word_1_380' title='bbox 1532 3075 1608 3127; x_wconf 91' lang='lat' dir='ltr'><strong>rei</strong></span> <span class='ocrx_word' id='word_1_381' title='bbox 1644 3075 1906 3142; x_wconf 86' lang='lat' dir='ltr'><strong>permulta</strong></span> <span class='ocrx_word' id='word_1_382' title='bbox 1954 3076 2151 3128; x_wconf 87' lang='lat' dir='ltr'><strong>indicia</strong></span> <span class='ocrx_word' id='word_1_383' title='bbox 2192 3084 2339 3136; x_wconf 83' lang='lat' dir='ltr'><strong>sunt,</strong></span> <span class='ocrx_word' id='word_1_384' title='bbox 2374 3075 2465 3128; x_wconf 87' lang='lat' dir='ltr'><strong>sed</strong></span> <span class='ocrx_word' id='word_1_385' title='bbox 2502 3075 2628 3127; x_wconf 85' lang='lat' dir='ltr'><strong>illud</strong></span> <span class='ocrx_word' id='word_1_386' title='bbox 2665 3075 2820 3143; x_wconf 77' lang='lat' dir='ltr'><strong>longe</strong></span> <span class='ocrx_word' id='word_1_387' title='bbox 2859 3074 3242 3136; x_wconf 76' lang='lat' dir='ltr'><strong>certissimum,</strong></span> <span class='ocrx_word' id='word_1_388' title='bbox 3275 3069 3418 3146; x_wconf 88' lang='lat' dir='ltr'><strong>quod</strong></span> 
     </span>
    </p>
   </div>
   <div class='ocr_carea' id='block_1_30' title="bbox 185 3156 3416 3235">
    <p class='ocr_par' dir='ltr' id='par_1_30' title="bbox 185 3156 3416 3235">
     <span class='ocr_line' id='line_1_30' title="bbox 185 3156 3416 3235; baseline -0.003 -8"><span class='ocrx_word' id='word_1_389' title='bbox 185 3171 453 3228; x_wconf 77' lang='lat' dir='ltr'><strong>nimirum</strong></span> <span class='ocrx_word' id='word_1_390' title='bbox 490 3167 704 3222; x_wconf 86' lang='lat' dir='ltr'><strong>Samuel</strong></span> <span class='ocrx_word' id='word_1_391' title='bbox 745 3173 938 3235; x_wconf 87' lang='lat' dir='ltr'><strong>quarto</strong></span> <span class='ocrx_word' id='word_1_392' title='bbox 989 3161 1232 3232; x_wconf 80' lang='lat' dir='ltr'><strong>Gregorii</strong></span> <span class='ocrx_word' id='word_1_393' title='bbox 1259 3162 1515 3232; x_wconf 87' lang='lat' dir='ltr'><strong>junioris,</strong></span> <span class='ocrx_word' id='word_1_394' title='bbox 1555 3179 1649 3217; x_wconf 89' lang='lat' dir='ltr'><strong>seu</strong></span> <span class='ocrx_word' id='word_1_395' title='bbox 1697 3163 1918 3234; x_wconf 76' lang='lat' dir='ltr'><strong>Deghze,</strong></span> <span class='ocrx_word' id='word_1_396' title='bbox 1969 3179 2111 3218; x_wconf 81' lang='lat' dir='ltr'><strong>anno</strong></span> <span class='ocrx_word' id='word_1_397' title='bbox 2152 3156 2558 3234; x_wconf 78' lang='lat' dir='ltr'><strong>chronologiam</strong></span> <span class='ocrx_word' id='word_1_398' title='bbox 2600 3180 2629 3217; x_wconf 91' lang='lat' dir='ltr'><strong>a</strong></span> <span class='ocrx_word' id='word_1_399' title='bbox 2658 3179 2716 3218; x_wconf 89' lang='lat' dir='ltr'><strong>se</strong></span> <span class='ocrx_word' id='word_1_400' title='bbox 2759 3165 3073 3218; x_wconf 88' lang='lat' dir='ltr'><strong>adornatam</strong></span> <span class='ocrx_word' id='word_1_401' title='bbox 3122 3167 3416 3230; x_wconf 76' lang='lat' dir='ltr'><strong>concludit,</strong></span> 
     </span>
    </p>
   </div>
   <div class='ocr_carea' id='block_1_31' title="bbox 186 3259 1160 3326">
    <p class='ocr_par' dir='ltr' id='par_1_31' title="bbox 186 3259 1160 3326">
     <span class='ocr_line' id='line_1_31' title="bbox 186 3259 1160 3326; baseline -0.016 0"><span class='ocrx_word' id='word_1_402' title='bbox 186 3271 271 3326; x_wconf 89' lang='lat' dir='ltr'><strong>uti</strong></span> <span class='ocrx_word' id='word_1_403' title='bbox 309 3283 434 3321; x_wconf 80' lang='lat' dir='ltr'><strong>mox</strong></span> <span class='ocrx_word' id='word_1_404' title='bbox 489 3263 767 3321; x_wconf 82' lang='lat' dir='ltr'><strong>evidenter</strong></span> <span class='ocrx_word' id='word_1_405' title='bbox 822 3259 1160 3314; x_wconf 81' lang='lat' dir='ltr'><strong>docebimus.</strong></span> 
     </span>
    </p>
   </div>
   <div class='ocr_carea' id='block_1_32' title="bbox 264 3373 3503 3446">
    <p class='ocr_par' dir='ltr' id='par_1_32' title="bbox 264 3373 3503 3446">
     <span class='ocr_line' id='line_1_32' title="bbox 264 3373 3503 3446; baseline -0.001 -10"><span class='ocrx_word' id='word_1_406' title='bbox 264 3381 354 3435; x_wconf 87' lang='lat' dir='ltr'><strong>lll.</strong></span> <span class='ocrx_word' id='word_1_407' title='bbox 389 3379 717 3436; x_wconf 88' lang='lat' dir='ltr'><strong>Samueliani</strong></span> <span class='ocrx_word' id='word_1_408' title='bbox 748 3377 1024 3429; x_wconf 81' lang='lat' dir='ltr'><strong>summarii</strong></span> <span class='ocrx_word' id='word_1_409' title='bbox 1059 3373 1283 3428; x_wconf 83' lang='lat' dir='ltr'><strong>codices.</strong></span> <span class='ocrx_word' id='word_1_410' title='bbox 1320 3405 1388 3414; x_wconf 91' lang='lat'><strong><em>—</em></strong></span> <span class='ocrx_word' id='word_1_411' title='bbox 1422 3375 1814 3427; x_wconf 78' lang='lat' dir='ltr'><strong>Chronicorum</strong></span> <span class='ocrx_word' id='word_1_412' title='bbox 1853 3373 2121 3427; x_wconf 89' lang='lat' dir='ltr'><strong>Samuelis</strong></span> <span class='ocrx_word' id='word_1_413' title='bbox 2150 3389 2419 3427; x_wconf 87' lang='lat' dir='ltr'><strong>canonum</strong></span> <span class='ocrx_word' id='word_1_414' title='bbox 2447 3374 2663 3428; x_wconf 80' lang='lat' dir='ltr'><strong>codices</strong></span> <span class='ocrx_word' id='word_1_415' title='bbox 2711 3375 2851 3428; x_wconf 89' lang='lat' dir='ltr'><strong>haud</strong></span> <span class='ocrx_word' id='word_1_416' title='bbox 2903 3374 3271 3446; x_wconf 81' lang='lat' dir='ltr'><strong>infrequentes</strong></span> <span class='ocrx_word' id='word_1_417' title='bbox 3325 3392 3418 3432; x_wconf 91' lang='lat' dir='ltr'><strong>oc-</strong></span> <span class='ocrx_word' id='word_1_418' title='bbox 3501 3390 3503 3392; x_wconf 76' lang='grc'>’</span> 
     </span>
    </p>
   </div>
   <div class='ocr_carea' id='block_1_33' title="bbox 184 3463 3420 3540">
    <p class='ocr_par' dir='ltr' id='par_1_33' title="bbox 184 3463 3420 3540">
     <span class='ocr_line' id='line_1_33' title="bbox 184 3463 3420 3540; baseline -0.004 -7"><span class='ocrx_word' id='word_1_419' title='bbox 184 3484 426 3534; x_wconf 83' lang='lat' dir='ltr'><strong>currunt</strong></span> <span class='ocrx_word' id='word_1_420' title='bbox 458 3492 471 3526; x_wconf 89' lang='lat'><strong>:</strong></span> <span class='ocrx_word' id='word_1_421' title='bbox 500 3486 621 3524; x_wconf 87' lang='lat' dir='ltr'><strong>nam</strong></span> <span class='ocrx_word' id='word_1_422' title='bbox 667 3476 858 3540; x_wconf 80' lang='lat' dir='ltr'><strong>przeter</strong></span> <span class='ocrx_word' id='word_1_423' title='bbox 903 3470 1234 3536; x_wconf 87' lang='lat' dir='ltr'><strong>complures,</strong></span> <span class='ocrx_word' id='word_1_424' title='bbox 1283 3466 1374 3535; x_wconf 86' lang='lat' dir='ltr'><strong>qui</strong></span> <span class='ocrx_word' id='word_1_425' title='bbox 1425 3465 1475 3518; x_wconf 91' lang='lat' dir='ltr'><strong>in</strong></span> <span class='ocrx_word' id='word_1_426' title='bbox 1507 3467 1880 3518; x_wconf 78' lang='lat' dir='ltr'><strong>Armeniorum</strong></span> <span class='ocrx_word' id='word_1_427' title='bbox 1916 3465 2256 3518; x_wconf 80' lang='lat' dir='ltr'><strong>bibliothecis</strong></span> <span class='ocrx_word' id='word_1_428' title='bbox 2313 3464 2658 3528; x_wconf 85' lang='lat' dir='ltr'><strong>delitescunt,</strong></span> <span class='ocrx_word' id='word_1_429' title='bbox 2690 3463 3020 3518; x_wconf 78' lang='lat' dir='ltr'><strong>l’arisiaeum</strong></span> <span class='ocrx_word' id='word_1_430' title='bbox 3069 3482 3240 3536; x_wconf 83' lang='lat' dir='ltr'><strong>nuper</strong></span> <span class='ocrx_word' id='word_1_431' title='bbox 3269 3483 3420 3521; x_wconf 84' lang='lat' dir='ltr'><strong>com-</strong></span> 
     </span>
    </p>
   </div>
   <div class='ocr_carea' id='block_1_34' title="bbox 184 3551 3416 3630">
    <p class='ocr_par' dir='ltr' id='par_1_34' title="bbox 184 3551 3416 3630">
     <span class='ocr_line' id='line_1_34' title="bbox 184 3551 3416 3630; baseline -0.004 -2"><span class='ocrx_word' id='word_1_432' title='bbox 184 3565 652 3629; x_wconf 79' lang='lat' dir='ltr'><strong>memoravimus.</strong></span> <span class='ocrx_word' id='word_1_433' title='bbox 700 3560 884 3630; x_wconf 70' lang='lat' dir='ltr'><strong>Nequc</strong></span> <span class='ocrx_word' id='word_1_434' title='bbox 927 3568 1102 3611; x_wconf 81' lang='lat' dir='ltr'><strong>tamen</strong></span> <span class='ocrx_word' id='word_1_435' title='bbox 1151 3557 1367 3611; x_wconf 89' lang='lat' dir='ltr'><strong>Samuel</strong></span> <span class='ocrx_word' id='word_1_436' title='bbox 1425 3559 1507 3611; x_wconf 67' lang='lat' dir='ltr'><strong>vel</strong></span> <span class='ocrx_word' id='word_1_437' title='bbox 1552 3558 1822 3626; x_wconf 64' lang='lat' dir='ltr'><strong>liuropwis</strong></span> <span class='ocrx_word' id='word_1_438' title='bbox 1867 3559 1950 3612; x_wconf 64' lang='lat' dir='ltr'><strong>vel</strong></span> <span class='ocrx_word' id='word_1_439' title='bbox 1986 3557 2351 3611; x_wconf 84' lang='lat' dir='ltr'><strong>Orientalibus</strong></span> <span class='ocrx_word' id='word_1_440' title='bbox 2385 3558 2523 3627; x_wconf 78' lang='lat' dir='ltr'><strong>lt&#39;pis</strong></span> <span class='ocrx_word' id='word_1_441' title='bbox 2573 3566 2695 3610; x_wconf 83' lang='lat' dir='ltr'><strong>ante</strong></span> <span class='ocrx_word' id='word_1_442' title='bbox 2749 3551 2848 3611; x_wconf 63' lang='lat' dir='ltr'><strong>hoc</strong></span> <span class='ocrx_word' id='word_1_443' title='bbox 2884 3565 3117 3627; x_wconf 84' lang='lat' dir='ltr'><strong>tempus,</strong></span> <span class='ocrx_word' id='word_1_444' title='bbox 3154 3570 3416 3630; x_wconf 72' lang='lat' dir='ltr'><strong>quantum</strong></span> 
     </span>
    </p>
   </div>
   <div class='ocr_carea' id='block_1_35' title="bbox 184 3643 3416 3728">
    <p class='ocr_par' dir='ltr' id='par_1_35' title="bbox 184 3643 3416 3728">
     <span class='ocr_line' id='line_1_35' title="bbox 184 3643 3416 3728; baseline 0.002 -22"><span class='ocrx_word' id='word_1_445' title='bbox 184 3671 423 3727; x_wconf 67' lang='lat' dir='ltr'><strong>scimus,</strong></span> <span class='ocrx_word' id='word_1_446' title='bbox 475 3662 770 3728; x_wconf 84' lang='lat' dir='ltr'><strong>impressus</strong></span> <span class='ocrx_word' id='word_1_447' title='bbox 809 3662 912 3709; x_wconf 84' lang='lat' dir='ltr'><strong>est.</strong></span> <span class='ocrx_word' id='word_1_448' title='bbox 976 3651 1092 3705; x_wconf 83' lang='lat' dir='ltr'><strong>Jam</strong></span> <span class='ocrx_word' id='word_1_449' title='bbox 1129 3653 1180 3705; x_wconf 92' lang='lat' dir='ltr'><strong>in</strong></span> <span class='ocrx_word' id='word_1_450' title='bbox 1211 3661 1359 3706; x_wconf 85' lang='lat' dir='ltr'><strong>tanto</strong></span> <span class='ocrx_word' id='word_1_451' title='bbox 1390 3654 1635 3706; x_wconf 72' lang='lat' dir='ltr'><strong>colicum</strong></span> <span class='ocrx_word' id='word_1_452' title='bbox 1697 3670 1921 3724; x_wconf 83' lang='lat' dir='ltr'><strong>numero</strong></span> <span class='ocrx_word' id='word_1_453' title='bbox 1955 3643 2054 3706; x_wconf 38' lang='lat' dir='ltr'><strong>vix‘</strong></span> <span class='ocrx_word' id='word_1_454' title='bbox 2087 3654 2229 3706; x_wconf 87' lang='lat' dir='ltr'><strong>ullus</strong></span> <span class='ocrx_word' id='word_1_455' title='bbox 2259 3660 2360 3716; x_wconf 89' lang='lat' dir='ltr'><strong>est,</strong></span> <span class='ocrx_word' id='word_1_456' title='bbox 2420 3654 2472 3706; x_wconf 90' lang='lat' dir='ltr'><strong>in</strong></span> <span class='ocrx_word' id='word_1_457' title='bbox 2529 3669 2635 3721; x_wconf 92' lang='lat' dir='ltr'><strong>quo</strong></span> <span class='ocrx_word' id='word_1_458' title='bbox 2683 3651 2949 3707; x_wconf 88' lang='lat' dir='ltr'><strong>Samuelis</strong></span> <span class='ocrx_word' id='word_1_459' title='bbox 2999 3645 3416 3713; x_wconf 14' lang='lat' dir='ltr'><strong>(ianoncs‘ultra</strong></span> 
     </span>
    </p>
   </div>
   <div class='ocr_carea' id='block_1_36' title="bbox 120 3741 3417 3817">
    <p class='ocr_par' dir='ltr' id='par_1_36' title="bbox 120 3741 3417 3817">
     <span class='ocr_line' id='line_1_36' title="bbox 120 3741 3417 3817; baseline -0.003 -4"><span class='ocrx_word' id='word_1_460' title='bbox 120 3770 123 3773; x_wconf 82' lang='lat'>&#39;</span> <span class='ocrx_word' id='word_1_461' title='bbox 185 3757 444 3814; x_wconf 77' lang='lat' dir='ltr'><strong>auctoris</strong></span> <span class='ocrx_word' id='word_1_462' title='bbox 491 3753 800 3817; x_wconf 81' lang='lat' dir='ltr'><strong>terminum,</strong></span> <span class='ocrx_word' id='word_1_463' title='bbox 838 3759 1028 3813; x_wconf 88' lang='lat' dir='ltr'><strong>nempe</strong></span> <span class='ocrx_word' id='word_1_464' title='bbox 1059 3744 1198 3796; x_wconf 85' lang='lat' dir='ltr'><strong>ultra</strong></span> <span class='ocrx_word' id='word_1_465' title='bbox 1229 3742 1431 3796; x_wconf 84' lang='lat' dir='ltr'><strong>Christi</strong></span> <span class='ocrx_word' id='word_1_466' title='bbox 1477 3757 1673 3794; x_wconf 90' lang='lat' dir='ltr'><strong>annum</strong></span> <span class='ocrx_word' id='word_1_467' title='bbox 1744 3744 1896 3803; x_wconf 67' lang='lat' dir='ltr'><strong>H70,</strong></span> <span class='ocrx_word' id='word_1_468' title='bbox 1950 3760 1980 3796; x_wconf 89' lang='lat' dir='ltr'><strong>a</strong></span> <span class='ocrx_word' id='word_1_469' title='bbox 2030 3743 2426 3796; x_wconf 87' lang='lat' dir='ltr'><strong>recentioribus</strong></span> <span class='ocrx_word' id='word_1_470' title='bbox 2460 3741 2883 3813; x_wconf 73' lang='lat' dir='ltr'><strong>cirratmgraphis</strong></span> <span class='ocrx_word' id='word_1_471' title='bbox 2919 3747 3000 3813; x_wconf 77' lang='lat' dir='ltr'><strong>vel</strong></span> <span class='ocrx_word' id='word_1_472' title='bbox 3031 3752 3190 3800; x_wconf 88' lang='lat' dir='ltr'><strong>ctiam</strong></span> <span class='ocrx_word' id='word_1_473' title='bbox 3221 3751 3417 3805; x_wconf 90' lang='lat' dir='ltr'><strong>scribis</strong></span> 
     </span>
    </p>
   </div>
   <div class='ocr_carea' id='block_1_37' title="bbox 104 3835 3419 3924">
    <p class='ocr_par' dir='ltr' id='par_1_37' title="bbox 104 3835 3419 3924">
     <span class='ocr_line' id='line_1_37' title="bbox 104 3835 3419 3924; baseline -0.003 -18"><span class='ocrx_word' id='word_1_474' title='bbox 104 3846 106 3849; x_wconf 68' lang='grc'><em>’</em></span> <span class='ocrx_word' id='word_1_475' title='bbox 186 3849 423 3924; x_wconf 88' lang='lat' dir='ltr'><strong>produci</strong></span> <span class='ocrx_word' id='word_1_476' title='bbox 461 3862 567 3899; x_wconf 91' lang='lat' dir='ltr'><strong>non</strong></span> <span class='ocrx_word' id='word_1_477' title='bbox 603 3846 853 3907; x_wconf 88' lang='lat' dir='ltr'><strong>soleant;</strong></span> <span class='ocrx_word' id='word_1_478' title='bbox 905 3852 1012 3908; x_wconf 90' lang='lat' dir='ltr'><strong>quo</strong></span> <span class='ocrx_word' id='word_1_479' title='bbox 1061 3852 1256 3905; x_wconf 79' lang='lat' dir='ltr'><strong>genere</strong></span> <span class='ocrx_word' id='word_1_480' title='bbox 1288 3835 1636 3888; x_wconf 69' lang='lat' dir='ltr'><strong>addltameuti</strong></span> <span class='ocrx_word' id='word_1_481' title='bbox 1678 3852 1744 3889; x_wconf 90' lang='lat' dir='ltr'><strong>nc</strong></span> <span class='ocrx_word' id='word_1_482' title='bbox 1778 3837 1946 3888; x_wconf 77' lang='lat' dir='ltr'><strong>codcx</strong></span> <span class='ocrx_word' id='word_1_483' title='bbox 1985 3836 2200 3904; x_wconf 84' lang='lat' dir='ltr'><strong>quidem</strong></span> <span class='ocrx_word' id='word_1_484' title='bbox 2235 3835 2540 3888; x_wconf 77' lang='lat' dir='ltr'><strong>Parisiacus</strong></span> <span class='ocrx_word' id='word_1_485' title='bbox 2594 3843 2783 3901; x_wconf 80' lang='lat' dir='ltr'><strong>caret;</strong></span> <span class='ocrx_word' id='word_1_486' title='bbox 2845 3838 3092 3907; x_wconf 88' lang='lat' dir='ltr'><strong>idemque</strong></span> <span class='ocrx_word' id='word_1_487' title='bbox 3136 3841 3185 3892; x_wconf 91' lang='lat' dir='ltr'><strong>iu</strong></span> <span class='ocrx_word' id='word_1_488' title='bbox 3217 3839 3419 3898; x_wconf 85' lang='lat' dir='ltr'><strong>Graecis</strong></span> 
     </span>
    </p>
   </div>
   <div class='ocr_carea' id='block_1_38' title="bbox 183 3919 3420 4002">
    <p class='ocr_par' dir='ltr' id='par_1_38' title="bbox 183 3919 3420 4002">
     <span class='ocr_line' id='line_1_38' title="bbox 183 3919 3420 4002; baseline -0.005 -2"><span class='ocrx_word' id='word_1_489' title='bbox 183 3919 358 4000; x_wconf 75' lang='lat' dir='ltr'><strong>etiam</strong></span> <span class='ocrx_word' id='word_1_490' title='bbox 493 3939 699 3992; x_wconf 87' lang='lat' dir='ltr'><strong>Latinis</strong></span> <span class='ocrx_word' id='word_1_491' title='bbox 731 3935 958 3989; x_wconf 87' lang='lat' dir='ltr'><strong>aliorum</strong></span> <span class='ocrx_word' id='word_1_492' title='bbox 984 3939 1265 3983; x_wconf 88' lang='lat' dir='ltr'><strong>auctorum</strong></span> <span class='ocrx_word' id='word_1_493' title='bbox 1294 3928 1564 3981; x_wconf 78' lang='lat' dir='ltr'><strong>chronicis</strong></span> <span class='ocrx_word' id='word_1_494' title='bbox 1589 3929 1825 3980; x_wconf 80' lang='lat' dir='ltr'><strong>solemne</strong></span> <span class='ocrx_word' id='word_1_495' title='bbox 1857 3930 2338 3996; x_wconf 79' lang='lat' dir='ltr'><strong>perrulgatumque</strong></span> <span class='ocrx_word' id='word_1_496' title='bbox 2386 3936 2487 3980; x_wconf 87' lang='lat' dir='ltr'><strong>est.</strong></span> <span class='ocrx_word' id='word_1_497' title='bbox 2539 3928 2777 3997; x_wconf 74' lang='lat' dir='ltr'><strong>Denique</strong></span> <span class='ocrx_word' id='word_1_498' title='bbox 2827 3944 2932 3982; x_wconf 88' lang='lat' dir='ltr'><strong>non</strong></span> <span class='ocrx_word' id='word_1_499' title='bbox 2994 3931 3166 3984; x_wconf 86' lang='lat' dir='ltr'><strong>solum</strong></span> <span class='ocrx_word' id='word_1_500' title='bbox 3209 3941 3420 4002; x_wconf 87' lang='lat' dir='ltr'><strong>protra—</strong></span> 
     </span>
    </p>
   </div>
   <div class='ocr_carea' id='block_1_39' title="bbox 186 4021 3421 4094">
    <p class='ocr_par' dir='ltr' id='par_1_39' title="bbox 186 4021 3421 4094">
     <span class='ocr_line' id='line_1_39' title="bbox 186 4021 3421 4094; baseline -0.004 -2"><span class='ocrx_word' id='word_1_501' title='bbox 186 4047 318 4093; x_wconf 82' lang='lat' dir='ltr'><strong>ctus</strong></span> <span class='ocrx_word' id='word_1_502' title='bbox 353 4041 437 4088; x_wconf 87' lang='lat' dir='ltr'><strong>est</strong></span> <span class='ocrx_word' id='word_1_503' title='bbox 470 4031 707 4094; x_wconf 84' lang='lat' dir='ltr'><strong>Samuel,</strong></span> <span class='ocrx_word' id='word_1_504' title='bbox 739 4042 924 4080; x_wconf 84' lang='lat' dir='ltr'><strong>verum</strong></span> <span class='ocrx_word' id='word_1_505' title='bbox 958 4026 1116 4078; x_wconf 88' lang='lat' dir='ltr'><strong>etiam</strong></span> <span class='ocrx_word' id='word_1_506' title='bbox 1153 4023 1313 4076; x_wconf 85' lang='lat' dir='ltr'><strong>alieni</strong></span> <span class='ocrx_word' id='word_1_507' title='bbox 1351 4023 1511 4092; x_wconf 89' lang='lat' dir='ltr'><strong>panni</strong></span> <span class='ocrx_word' id='word_1_508' title='bbox 1553 4021 1764 4074; x_wconf 80' lang='lat' dir='ltr'><strong>laciniis</strong></span> <span class='ocrx_word' id='word_1_509' title='bbox 1788 4023 2115 4090; x_wconf 69' lang='lat' dir='ltr'><strong>qtiandoquc</strong></span> <span class='ocrx_word' id='word_1_510' title='bbox 2161 4024 2502 4082; x_wconf 79' lang='lat' dir='ltr'><strong>intertextus,</strong></span> <span class='ocrx_word' id='word_1_511' title='bbox 2546 4037 2650 4090; x_wconf 87' lang='lat' dir='ltr'><strong>qua</strong></span> <span class='ocrx_word' id='word_1_512' title='bbox 2688 4023 2753 4078; x_wconf 86' lang='lat' dir='ltr'><strong>de</strong></span> <span class='ocrx_word' id='word_1_513' title='bbox 2787 4040 2844 4077; x_wconf 91' lang='lat' dir='ltr'><strong>re</strong></span> <span class='ocrx_word' id='word_1_514' title='bbox 2870 4032 3007 4077; x_wconf 67' lang='lat' dir='ltr'><strong>uotae</strong></span> <span class='ocrx_word' id='word_1_515' title='bbox 3033 4037 3229 4080; x_wconf 72' lang='lat' dir='ltr'><strong>nostrae</strong></span> <span class='ocrx_word' id='word_1_516' title='bbox 3256 4027 3421 4082; x_wconf 85' lang='lat' dir='ltr'><strong>lecto-</strong></span> 
     </span>
    </p>
   </div>
   <div class='ocr_carea' id='block_1_40' title="bbox 185 4113 3421 4187">
    <p class='ocr_par' dir='ltr' id='par_1_40' title="bbox 185 4113 3421 4187">
     <span class='ocr_line' id='line_1_40' title="bbox 185 4113 3421 4187; baseline -0.003 -4"><span class='ocrx_word' id='word_1_517' title='bbox 185 4143 282 4183; x_wconf 85' lang='lat' dir='ltr'><strong>res</strong></span> <span class='ocrx_word' id='word_1_518' title='bbox 347 4120 639 4178; x_wconf 84' lang='lat' dir='ltr'><strong>identidem</strong></span> <span class='ocrx_word' id='word_1_519' title='bbox 693 4116 1078 4171; x_wconf 88' lang='lat' dir='ltr'><strong>admoncbunt.</strong></span> <span class='ocrx_word' id='word_1_520' title='bbox 1143 4113 1298 4166; x_wconf 82' lang='lat' dir='ltr'><strong>Nunc</strong></span> <span class='ocrx_word' id='word_1_521' title='bbox 1346 4113 1760 4165; x_wconf 79' lang='lat' dir='ltr'><strong>Mediolanensis</strong></span> <span class='ocrx_word' id='word_1_522' title='bbox 1810 4113 2078 4167; x_wconf 80' lang='lat' dir='ltr'><strong>Samucls</strong></span> <span class='ocrx_word' id='word_1_523' title='bbox 2133 4113 2297 4165; x_wconf 81' lang='lat' dir='ltr'><strong>editio</strong></span> <span class='ocrx_word' id='word_1_524' title='bbox 2349 4129 2377 4166; x_wconf 89' lang='lat' dir='ltr'><strong>e</strong></span> <span class='ocrx_word' id='word_1_525' title='bbox 2428 4116 2665 4181; x_wconf 73' lang='lat' dir='ltr'><strong>quinque</strong></span> <span class='ocrx_word' id='word_1_526' title='bbox 2719 4117 2962 4170; x_wconf 87' lang='lat' dir='ltr'><strong>codicum</strong></span> <span class='ocrx_word' id='word_1_527' title='bbox 3015 4120 3301 4174; x_wconf 81' lang='lat' dir='ltr'><strong>collatione</strong></span> <span class='ocrx_word' id='word_1_528' title='bbox 3358 4137 3421 4187; x_wconf 75' lang='lat' dir='ltr'><strong>ac</strong></span> 
     </span>
    </p>
   </div>
   <div class='ocr_carea' id='block_1_41' title="bbox 184 4203 3421 4275">
    <p class='ocr_par' dir='ltr' id='par_1_41' title="bbox 184 4203 3421 4275">
     <span class='ocr_line' id='line_1_41' title="bbox 184 4203 3421 4275; baseline -0.002 -4"><span class='ocrx_word' id='word_1_529' title='bbox 184 4213 548 4271; x_wconf 76' lang='lat' dir='ltr'><strong>varietatibus</strong></span> <span class='ocrx_word' id='word_1_530' title='bbox 602 4208 832 4262; x_wconf 83' lang='lat' dir='ltr'><strong>conﬂata</strong></span> <span class='ocrx_word' id='word_1_531' title='bbox 895 4216 990 4273; x_wconf 54' lang='grc' dir='ltr'><strong>,μ</strong></span> <span class='ocrx_word' id='word_1_532' title='bbox 1041 4205 1298 4272; x_wconf 87' lang='lat' dir='ltr'><strong>Princeps</strong></span> <span class='ocrx_word' id='word_1_533' title='bbox 1363 4203 1629 4257; x_wconf 84' lang='lat' dir='ltr'><strong>Samuelis</strong></span> <span class='ocrx_word' id='word_1_534' title='bbox 1681 4206 1986 4272; x_wconf 75' lang='lat' dir='ltr'><strong>exemplar,</strong></span> <span class='ocrx_word' id='word_1_535' title='bbox 2036 4205 2178 4275; x_wconf 88' lang='lat' dir='ltr'><strong>quod</strong></span> <span class='ocrx_word' id='word_1_536' title='bbox 2227 4203 2387 4256; x_wconf 75' lang='lat' dir='ltr'><strong>veluti</strong></span> <span class='ocrx_word' id='word_1_537' title='bbox 2455 4203 2867 4260; x_wconf 80' lang='lat' dir='ltr'><strong>liindamcntum</strong></span> <span class='ocrx_word' id='word_1_538' title='bbox 2906 4209 3167 4264; x_wconf 84' lang='lat' dir='ltr'><strong>editionis</strong></span> <span class='ocrx_word' id='word_1_539' title='bbox 3221 4222 3421 4268; x_wconf 72' lang='lat' dir='ltr'><strong>nostra:</strong></span> 
     </span>
    </p>
   </div>
   <div class='ocr_carea' id='block_1_42' title="bbox 104 4293 3418 4386">
    <p class='ocr_par' dir='ltr' id='par_1_42' title="bbox 104 4293 3418 4386">
     <span class='ocr_line' id='line_1_42' title="bbox 104 4293 3418 4386; baseline -0.002 -24"><span class='ocrx_word' id='word_1_540' title='bbox 104 4293 106 4296; x_wconf 12' lang='lat' dir='ltr'><strong>V</strong></span> <span class='ocrx_word' id='word_1_541' title='bbox 185 4311 502 4386; x_wconf 83' lang='lat' dir='ltr'><strong>posuimus,</strong></span> <span class='ocrx_word' id='word_1_542' title='bbox 546 4304 690 4358; x_wconf 83' lang='lat' dir='ltr'><strong>circa</strong></span> <span class='ocrx_word' id='word_1_543' title='bbox 751 4315 950 4355; x_wconf 90' lang='lat' dir='ltr'><strong>annum</strong></span> <span class='ocrx_word' id='word_1_544' title='bbox 975 4313 1094 4351; x_wconf 73' lang='lat' dir='ltr'><strong>mra:</strong></span> <span class='ocrx_word' id='word_1_545' title='bbox 1153 4297 1488 4349; x_wconf 72' lang='lat' dir='ltr'><strong>Armeniaca:</strong></span> <span class='ocrx_word' id='word_1_546' title='bbox 1527 4295 1628 4350; x_wconf 69' lang='lat'><strong>(336</strong></span> <span class='ocrx_word' id='word_1_547' title='bbox 1677 4297 1906 4365; x_wconf 72' lang='lat' dir='ltr'><strong>(Christi</strong></span> <span class='ocrx_word' id='word_1_548' title='bbox 1960 4298 2027 4351; x_wconf 78' lang='lat' dir='ltr'><strong>ad</strong></span> <span class='ocrx_word' id='word_1_549' title='bbox 2089 4297 2356 4352; x_wconf 86' lang='lat' dir='ltr'><strong>Samuelis</strong></span> <span class='ocrx_word' id='word_1_550' title='bbox 2412 4301 2849 4367; x_wconf 83' lang='lat' dir='ltr'><strong>supputationem</strong></span> <span class='ocrx_word' id='word_1_551' title='bbox 2907 4304 3084 4375; x_wconf 73' lang='grc'><strong>1209)</strong></span> <span class='ocrx_word' id='word_1_552' title='bbox 3141 4320 3418 4363; x_wconf 76' lang='lat' dir='ltr'><strong>exaratum</strong></span> 
     </span>
    </p>
   </div>
   <div class='ocr_carea' id='block_1_43' title="bbox 184 4382 3420 4470">
    <p class='ocr_par' dir='ltr' id='par_1_43' title="bbox 184 4382 3420 4470">
     <span class='ocr_line' id='line_1_43' title="bbox 184 4382 3420 4470; baseline -0.001 -12"><span class='ocrx_word' id='word_1_553' title='bbox 184 4382 392 4465; x_wconf 60' lang='lat' dir='ltr'><strong>iuerat,</strong></span> <span class='ocrx_word' id='word_1_554' title='bbox 449 4401 672 4470; x_wconf 84' lang='lat' dir='ltr'><strong>ideoque</strong></span> <span class='ocrx_word' id='word_1_555' title='bbox 718 4395 995 4449; x_wconf 87' lang='lat' dir='ltr'><strong>tricesimo</strong></span> <span class='ocrx_word' id='word_1_556' title='bbox 1050 4392 1159 4446; x_wconf 76' lang='lat' dir='ltr'><strong>fere</strong></span> <span class='ocrx_word' id='word_1_557' title='bbox 1216 4382 1335 4460; x_wconf 75' lang='lat' dir='ltr'><strong>post</strong></span> <span class='ocrx_word' id='word_1_558' title='bbox 1386 4389 1631 4444; x_wconf 79' lang='lat' dir='ltr'><strong>C/tronici</strong></span> <span class='ocrx_word' id='word_1_559' title='bbox 1677 4392 1834 4446; x_wconf 82' lang='lat' dir='ltr'><strong>linem</strong></span> <span class='ocrx_word' id='word_1_560' title='bbox 1886 4407 2030 4445; x_wconf 85' lang='lat' dir='ltr'><strong>anno</strong></span> <span class='ocrx_word' id='word_1_561' title='bbox 2072 4391 2377 4446; x_wconf 77' lang='lat' dir='ltr'><strong>confectum</strong></span> <span class='ocrx_word' id='word_1_562' title='bbox 2432 4395 2801 4460; x_wconf 73' lang='lat' dir='ltr'><strong>cognoscitur.</strong></span> <span class='ocrx_word' id='word_1_563' title='bbox 2853 4394 3095 4466; x_wconf 78' lang='lat' dir='ltr'><strong>Namque</strong></span> <span class='ocrx_word' id='word_1_564' title='bbox 3154 4398 3420 4455; x_wconf 79' lang='lat' dir='ltr'><strong>Samuelis</strong></span> 
     </span>
    </p>
   </div>
   <div class='ocr_carea' id='block_1_44' title="bbox 187 4484 3420 4562">
    <p class='ocr_par' dir='ltr' id='par_1_44' title="bbox 187 4484 3420 4562">
     <span class='ocr_line' id='line_1_44' title="bbox 187 4484 3420 4562; baseline -0.003 -6"><span class='ocrx_word' id='word_1_565' title='bbox 187 4497 627 4556; x_wconf 79' lang='lat' dir='ltr'><strong>Iucubrationcm</strong></span> <span class='ocrx_word' id='word_1_566' title='bbox 672 4505 860 4545; x_wconf 77' lang='lat' dir='ltr'><strong>revera</strong></span> <span class='ocrx_word' id='word_1_567' title='bbox 906 4502 1050 4539; x_wconf 91' lang='lat' dir='ltr'><strong>anno</strong></span> <span class='ocrx_word' id='word_1_568' title='bbox 1091 4485 1228 4539; x_wconf 79' lang='lat' dir='ltr'><strong>H79</strong></span> <span class='ocrx_word' id='word_1_569' title='bbox 1298 4484 1608 4554; x_wconf 76' lang='lat' dir='ltr'><strong>explicitum</strong></span> <span class='ocrx_word' id='word_1_570' title='bbox 1669 4501 1822 4549; x_wconf 83' lang='lat' dir='ltr'><strong>esse,</strong></span> <span class='ocrx_word' id='word_1_571' title='bbox 1885 4484 2172 4538; x_wconf 77' lang='lat' dir='ltr'><strong>manifesto</strong></span> <span class='ocrx_word' id='word_1_572' title='bbox 2230 4487 2387 4540; x_wconf 85' lang='lat' dir='ltr'><strong>docet</strong></span> <span class='ocrx_word' id='word_1_573' title='bbox 2458 4486 2702 4541; x_wconf 74' lang='lat' dir='ltr'><strong>Clu-attici</strong></span> <span class='ocrx_word' id='word_1_574' title='bbox 2759 4489 2927 4544; x_wconf 81' lang='lat' dir='ltr'><strong>codex</strong></span> <span class='ocrx_word' id='word_1_575' title='bbox 2992 4492 3146 4555; x_wconf 85' lang='lat' dir='ltr'><strong>alter,</strong></span> <span class='ocrx_word' id='word_1_576' title='bbox 3205 4493 3256 4545; x_wconf 91' lang='lat' dir='ltr'><strong>in</strong></span> <span class='ocrx_word' id='word_1_577' title='bbox 3313 4508 3420 4562; x_wconf 89' lang='lat' dir='ltr'><strong>quo</strong></span> 
     </span>
    </p>
   </div>
   <div class='ocr_carea' id='block_1_45' title="bbox 186 4569 3416 4658">
    <p class='ocr_par' dir='ltr' id='par_1_45' title="bbox 186 4569 3416 4658">
     <span class='ocr_line' id='line_1_45' title="bbox 186 4569 3416 4658; baseline -0.004 -8"><span class='ocrx_word' id='word_1_578' title='bbox 186 4569 318 4650; x_wconf 86' lang='lat' dir='ltr'><strong>licet</strong></span> <span class='ocrx_word' id='word_1_579' title='bbox 368 4603 505 4658; x_wconf 78' lang='lat' dir='ltr'><strong>Opas</strong></span> <span class='ocrx_word' id='word_1_580' title='bbox 550 4585 715 4638; x_wconf 88' lang='lat' dir='ltr'><strong>multo</strong></span> <span class='ocrx_word' id='word_1_581' title='bbox 783 4580 1012 4633; x_wconf 90' lang='lat' dir='ltr'><strong>ulterius</strong></span> <span class='ocrx_word' id='word_1_582' title='bbox 1071 4580 1439 4646; x_wconf 84' lang='lat' dir='ltr'><strong>protrahatur,</strong></span> <span class='ocrx_word' id='word_1_583' title='bbox 1484 4578 1739 4647; x_wconf 59' lang='lat' dir='ltr'><strong>praedicto</strong></span> <span class='ocrx_word' id='word_1_584' title='bbox 1778 4590 1953 4631; x_wconf 85' lang='lat' dir='ltr'><strong>tamen</strong></span> <span class='ocrx_word' id='word_1_585' title='bbox 2001 4593 2143 4631; x_wconf 89' lang='lat' dir='ltr'><strong>anno</strong></span> <span class='ocrx_word' id='word_1_586' title='bbox 2188 4579 2324 4632; x_wconf 68' lang='lat' dir='ltr'><strong>lilii)</strong></span> <span class='ocrx_word' id='word_1_587' title='bbox 2359 4579 2624 4647; x_wconf 84' lang='lat' dir='ltr'><strong>ejusmodi</strong></span> <span class='ocrx_word' id='word_1_588' title='bbox 2674 4581 2969 4633; x_wconf 89' lang='lat' dir='ltr'><strong>admonitio</strong></span> <span class='ocrx_word' id='word_1_589' title='bbox 3018 4584 3416 4651; x_wconf 87' lang='lat' dir='ltr'><strong>perscribitur:</strong></span> 
     </span>
    </p>
   </div>
   <div class='ocr_carea' id='block_1_46' title="bbox 187 4665 3418 4750">
    <p class='ocr_par' dir='ltr' id='par_1_46' title="bbox 187 4665 3418 4750">
     <span class='ocr_line' id='line_1_46' title="bbox 187 4665 3418 4750; baseline -0.002 -14"><span class='ocrx_word' id='word_1_590' title='bbox 187 4685 330 4742; x_wconf 74' lang='lat' dir='ltr'><strong>Heio</strong></span> <span class='ocrx_word' id='word_1_591' title='bbox 389 4683 602 4750; x_wconf 73' lang='lat' dir='ltr'><strong>explicit</strong></span> <span class='ocrx_word' id='word_1_592' title='bbox 651 4675 863 4747; x_wconf 76' lang='lat' dir='ltr'><strong>facundi</strong></span> <span class='ocrx_word' id='word_1_593' title='bbox 903 4673 1164 4727; x_wconf 81' lang='lat' dir='ltr'><strong>Samuelis</strong></span> <span class='ocrx_word' id='word_1_594' title='bbox 1216 4675 1561 4742; x_wconf 82' lang='lat' dir='ltr'><strong>compositio,</strong></span> <span class='ocrx_word' id='word_1_595' title='bbox 1605 4674 1694 4742; x_wconf 84' lang='lat' dir='ltr'><strong>qui</strong></span> <span class='ocrx_word' id='word_1_596' title='bbox 1751 4689 1877 4725; x_wconf 76' lang='lat' dir='ltr'><strong>sane</strong></span> <span class='ocrx_word' id='word_1_597' title='bbox 1933 4671 2250 4724; x_wconf 81' lang='lat' dir='ltr'><strong>rcltemenlcr</strong></span> <span class='ocrx_word' id='word_1_598' title='bbox 2314 4674 2513 4726; x_wconf 85' lang='lat' dir='ltr'><strong>curarit</strong></span> <span class='ocrx_word' id='word_1_599' title='bbox 2568 4682 2623 4724; x_wconf 85' lang='lat' dir='ltr'><strong>ut</strong></span> <span class='ocrx_word' id='word_1_600' title='bbox 2674 4665 3090 4727; x_wconf 81' lang='lat' dir='ltr'><strong>emendatissime</strong></span> <span class='ocrx_word' id='word_1_601' title='bbox 3153 4677 3418 4734; x_wconf 76' lang='lat' dir='ltr'><strong>scriberet.</strong></span> 
     </span>
    </p>
   </div>
   <div class='ocr_carea' id='block_1_47' title="bbox 183 4760 3420 4846">
    <p class='ocr_par' dir='ltr' id='par_1_47' title="bbox 183 4760 3420 4846">
     <span class='ocr_line' id='line_1_47' title="bbox 183 4760 3420 4846; baseline 0 -18"><span class='ocrx_word' id='word_1_602' title='bbox 183 4776 407 4846; x_wconf 73' lang='lat' dir='ltr'><strong>Appulit</strong></span> <span class='ocrx_word' id='word_1_603' title='bbox 464 4781 637 4825; x_wconf 84' lang='lat' dir='ltr'><strong>autem</strong></span> <span class='ocrx_word' id='word_1_604' title='bbox 671 4786 830 4839; x_wconf 86' lang='lat' dir='ltr'><strong>usque</strong></span> <span class='ocrx_word' id='word_1_605' title='bbox 873 4770 940 4824; x_wconf 82' lang='lat' dir='ltr'><strong>ad</strong></span> <span class='ocrx_word' id='word_1_606' title='bbox 997 4787 1147 4824; x_wconf 87' lang='lat' dir='ltr'><strong>suam</strong></span> <span class='ocrx_word' id='word_1_607' title='bbox 1203 4760 1412 4825; x_wconf 73' lang='lat' dir='ltr'><strong>etruriae</strong></span> <span class='ocrx_word' id='word_1_608' title='bbox 1458 4780 1702 4833; x_wconf 71' lang='lat' dir='ltr'><strong>(altilem;</strong></span> <span class='ocrx_word' id='word_1_609' title='bbox 1755 4786 1871 4821; x_wconf 86' lang='lat' dir='ltr'><strong>cum</strong></span> <span class='ocrx_word' id='word_1_610' title='bbox 1920 4769 2156 4822; x_wconf 80' lang='lat' dir='ltr'><strong>historici</strong></span> <span class='ocrx_word' id='word_1_611' title='bbox 2210 4771 2442 4839; x_wconf 78' lang='lat' dir='ltr'><strong>ofﬁcium</strong></span> <span class='ocrx_word' id='word_1_612' title='bbox 2487 4772 2552 4822; x_wconf 83' lang='lat' dir='ltr'><strong>sit</strong></span> <span class='ocrx_word' id='word_1_613' title='bbox 2576 4771 2636 4822; x_wconf 78' lang='lat' dir='ltr'><strong>tle</strong></span> <span class='ocrx_word' id='word_1_614' title='bbox 2674 4773 2951 4837; x_wconf 75' lang='lat' dir='ltr'><strong>pra=teritis</strong></span> <span class='ocrx_word' id='word_1_615' title='bbox 2981 4773 3420 4844; x_wconf 69' lang='lat' dir='ltr'><strong>pra‘sentibusque</strong></span> 
     </span>
    </p>
   </div>
   <div class='ocr_carea' id='block_1_48' title="bbox 185 4865 3420 4936">
    <p class='ocr_par' dir='ltr' id='par_1_48' title="bbox 185 4865 3420 4936">
     <span class='ocr_line' id='line_1_48' title="bbox 185 4865 3420 4936; baseline -0.002 -9"><span class='ocrx_word' id='word_1_616' title='bbox 185 4876 484 4930; x_wconf 76' lang='lat' dir='ltr'><strong>disserere;</strong></span> <span class='ocrx_word' id='word_1_617' title='bbox 527 4868 665 4919; x_wconf 82' lang='lat' dir='ltr'><strong>ultra</strong></span> <span class='ocrx_word' id='word_1_618' title='bbox 711 4883 826 4920; x_wconf 81' lang='lat' dir='ltr'><strong>vero</strong></span> <span class='ocrx_word' id='word_1_619' title='bbox 875 4883 936 4920; x_wconf 86' lang='lat' dir='ltr'><strong>ea</strong></span> <span class='ocrx_word' id='word_1_620' title='bbox 979 4883 1092 4936; x_wconf 70' lang='lat' dir='ltr'><strong>quia</strong></span> <span class='ocrx_word' id='word_1_621' title='bbox 1139 4865 1192 4917; x_wconf 83' lang='lat' dir='ltr'><strong>in</strong></span> <span class='ocrx_word' id='word_1_622' title='bbox 1234 4867 1338 4918; x_wconf 73' lang='lat' dir='ltr'><strong>vita</strong></span> <span class='ocrx_word' id='word_1_623' title='bbox 1393 4867 1638 4936; x_wconf 75' lang='lat' dir='ltr'><strong>cujusque</strong></span> <span class='ocrx_word' id='word_1_624' title='bbox 1688 4875 1994 4928; x_wconf 70' lang='lat' dir='ltr'><strong>versantur,</strong></span> <span class='ocrx_word' id='word_1_625' title='bbox 2037 4867 2277 4934; x_wconf 67' lang='lat' dir='ltr'><strong>progredi</strong></span> <span class='ocrx_word' id='word_1_626' title='bbox 2325 4883 2426 4918; x_wconf 88' lang='lat' dir='ltr'><strong>non</strong></span> <span class='ocrx_word' id='word_1_627' title='bbox 2483 4865 2655 4919; x_wconf 78' lang='lat' dir='ltr'><strong>liceat.</strong></span> <span class='ocrx_word' id='word_1_628' title='bbox 2726 4866 3033 4934; x_wconf 76' lang='lat' dir='ltr'><strong>Quanquam</strong></span> <span class='ocrx_word' id='word_1_629' title='bbox 3095 4867 3251 4935; x_wconf 83' lang='lat' dir='ltr'><strong>igitur</strong></span> <span class='ocrx_word' id='word_1_630' title='bbox 3303 4883 3420 4935; x_wconf 67' lang='lat' dir='ltr'><strong>pus;</strong></span> 
     </span>
    </p>
   </div>
   <div class='ocr_carea' id='block_1_49' title="bbox 185 4955 3417 5028">
    <p class='ocr_par' dir='ltr' id='par_1_49' title="bbox 185 4955 3417 5028">
     <span class='ocr_line' id='line_1_49' title="bbox 185 4955 3417 5028; baseline -0.002 -10"><span class='ocrx_word' id='word_1_631' title='bbox 185 4966 327 5018; x_wconf 79' lang='lat' dir='ltr'><strong>hunc</strong></span> <span class='ocrx_word' id='word_1_632' title='bbox 370 4962 542 5014; x_wconf 86' lang='lat' dir='ltr'><strong>locum</strong></span> <span class='ocrx_word' id='word_1_633' title='bbox 597 4961 760 5028; x_wconf 81' lang='lat' dir='ltr'><strong>pergit</strong></span> <span class='ocrx_word' id='word_1_634' title='bbox 815 4960 984 5011; x_wconf 80' lang='lat' dir='ltr'><strong>adhuc</strong></span> <span class='ocrx_word' id='word_1_635' title='bbox 1041 4959 1258 5012; x_wconf 86' lang='lat' dir='ltr'><strong>linearis</strong></span> <span class='ocrx_word' id='word_1_636' title='bbox 1309 4959 1743 5012; x_wconf 80' lang='lat' dir='ltr'><strong>Armeniacarum</strong></span> <span class='ocrx_word' id='word_1_637' title='bbox 1802 4974 1971 5009; x_wconf 78' lang='lat' dir='ltr'><strong>rerum</strong></span> <span class='ocrx_word' id='word_1_638' title='bbox 2025 4957 2286 5020; x_wconf 75' lang='lat' dir='ltr'><strong>historia,</strong></span> <span class='ocrx_word' id='word_1_639' title='bbox 2351 4955 2687 5010; x_wconf 65' lang='lat' dir='ltr'><strong>nihilominus</strong></span> <span class='ocrx_word' id='word_1_640' title='bbox 2731 4957 2999 5023; x_wconf 76' lang='lat' dir='ltr'><strong>complura</strong></span> <span class='ocrx_word' id='word_1_641' title='bbox 3049 4958 3232 5010; x_wconf 83' lang='lat' dir='ltr'><strong>menda</strong></span> <span class='ocrx_word' id='word_1_642' title='bbox 3289 4961 3417 5014; x_wconf 84' lang='lat' dir='ltr'><strong>satis</strong></span> 
     </span>
    </p>
   </div>
   <div class='ocr_carea' id='block_1_50' title="bbox 185 5048 3421 5127">
    <p class='ocr_par' dir='ltr' id='par_1_50' title="bbox 185 5048 3421 5127">
     <span class='ocr_line' id='line_1_50' title="bbox 185 5048 3421 5127; baseline -0.004 -15"><span class='ocrx_word' id='word_1_643' title='bbox 185 5061 485 5127; x_wconf 85' lang='lat' dir='ltr'><strong>coarguunt</strong></span> <span class='ocrx_word' id='word_1_644' title='bbox 515 5053 674 5106; x_wconf 83' lang='lat' dir='ltr'><strong>alium</strong></span> <span class='ocrx_word' id='word_1_645' title='bbox 718 5067 827 5105; x_wconf 79' lang='lat' dir='ltr'><strong>esse</strong></span> <span class='ocrx_word' id='word_1_646' title='bbox 875 5052 1054 5120; x_wconf 72' lang='lat' dir='ltr'><strong>scripti</strong></span> <span class='ocrx_word' id='word_1_647' title='bbox 1107 5061 1410 5114; x_wconf 85' lang='lat' dir='ltr'><strong>auctorem,</strong></span> <span class='ocrx_word' id='word_1_648' title='bbox 1443 5068 1565 5103; x_wconf 85' lang='lat' dir='ltr'><strong>nam</strong></span> <span class='ocrx_word' id='word_1_649' title='bbox 1615 5059 1804 5119; x_wconf 72' lang='lat' dir='ltr'><strong>praztcr</strong></span> <span class='ocrx_word' id='word_1_650' title='bbox 1837 5048 2035 5103; x_wconf 81' lang='lat' dir='ltr'><strong>Christi</strong></span> <span class='ocrx_word' id='word_1_651' title='bbox 2082 5066 2298 5119; x_wconf 71' lang='lat' dir='ltr'><strong>arra&#39;que</strong></span> <span class='ocrx_word' id='word_1_652' title='bbox 2355 5049 2721 5103; x_wconf 83' lang='lat' dir='ltr'><strong>Armeniorum</strong></span> <span class='ocrx_word' id='word_1_653' title='bbox 2769 5066 2965 5112; x_wconf 82' lang='lat' dir='ltr'><strong>annos,</strong></span> <span class='ocrx_word' id='word_1_654' title='bbox 3023 5049 3099 5101; x_wconf 85' lang='lat' dir='ltr'><strong>nil</strong></span> <span class='ocrx_word' id='word_1_655' title='bbox 3151 5065 3421 5118; x_wconf 79' lang='lat' dir='ltr'><strong>propemo-</strong></span> 
     </span>
    </p>
   </div>
   <div class='ocr_carea' id='block_1_51' title="bbox 185 5141 3423 5212">
    <p class='ocr_par' dir='ltr' id='par_1_51' title="bbox 185 5141 3423 5212">
     <span class='ocr_line' id='line_1_51' title="bbox 185 5141 3423 5212; baseline -0.003 -10"><span class='ocrx_word' id='word_1_656' title='bbox 185 5151 316 5203; x_wconf 81' lang='lat' dir='ltr'><strong>dum</strong></span> <span class='ocrx_word' id='word_1_657' title='bbox 346 5155 507 5211; x_wconf 45' lang='lat' dir='ltr'><strong>,recte</strong></span> <span class='ocrx_word' id='word_1_658' title='bbox 558 5160 610 5196; x_wconf 83' lang='lat' dir='ltr'><strong>se</strong></span> <span class='ocrx_word' id='word_1_659' title='bbox 654 5142 822 5195; x_wconf 80' lang='lat' dir='ltr'><strong>habet.</strong></span> <span class='ocrx_word' id='word_1_660' title='bbox 859 5141 1044 5212; x_wconf 86' lang='lat' dir='ltr'><strong>Neque</strong></span> <span class='ocrx_word' id='word_1_661' title='bbox 1084 5151 1265 5197; x_wconf 82' lang='lat' dir='ltr'><strong>tamen</strong></span> <span class='ocrx_word' id='word_1_662' title='bbox 1331 5143 1554 5196; x_wconf 81' lang='lat' dir='ltr'><strong>reticere</strong></span> <span class='ocrx_word' id='word_1_663' title='bbox 1586 5143 1730 5204; x_wconf 84' lang='lat' dir='ltr'><strong>licet,</strong></span> <span class='ocrx_word' id='word_1_664' title='bbox 1786 5144 2039 5212; x_wconf 72' lang='lat' dir='ltr'><strong>priuccps</strong></span> <span class='ocrx_word' id='word_1_665' title='bbox 2065 5142 2192 5195; x_wconf 79' lang='lat' dir='ltr'><strong>illud</strong></span> <span class='ocrx_word' id='word_1_666' title='bbox 2247 5143 2518 5210; x_wconf 76' lang='lat' dir='ltr'><strong>exemplar</strong></span> <span class='ocrx_word' id='word_1_667' title='bbox 2553 5142 2695 5212; x_wconf 84' lang='lat' dir='ltr'><strong>putri</strong></span> <span class='ocrx_word' id='word_1_668' title='bbox 2751 5142 2857 5195; x_wconf 89' lang='lat' dir='ltr'><strong>situ</strong></span> <span class='ocrx_word' id='word_1_669' title='bbox 2893 5141 3031 5211; x_wconf 87' lang='lat' dir='ltr'><strong>haud</strong></span> <span class='ocrx_word' id='word_1_670' title='bbox 3074 5155 3198 5194; x_wconf 87' lang='lat' dir='ltr'><strong>raro</strong></span> <span class='ocrx_word' id='word_1_671' title='bbox 3252 5141 3423 5195; x_wconf 78' lang='lat' dir='ltr'><strong>fuisse</strong></span> 
     </span>
    </p>
   </div>
   <div class='ocr_carea' id='block_1_52' title="bbox 186 5233 3417 5306">
    <p class='ocr_par' dir='ltr' id='par_1_52' title="bbox 186 5233 3417 5306">
     <span class='ocr_line' id='line_1_52' title="bbox 186 5233 3417 5306; baseline -0.002 -14"><span class='ocrx_word' id='word_1_672' title='bbox 186 5245 514 5306; x_wconf 81' lang='lat' dir='ltr'><strong>corruptum</strong></span> <span class='ocrx_word' id='word_1_673' title='bbox 557 5235 932 5303; x_wconf 84' lang='lat' dir='ltr'><strong>nonnullisque</strong></span> <span class='ocrx_word' id='word_1_674' title='bbox 983 5240 1190 5294; x_wconf 89' lang='lat' dir='ltr'><strong>chartis</strong></span> <span class='ocrx_word' id='word_1_675' title='bbox 1258 5239 1525 5294; x_wconf 89' lang='lat' dir='ltr'><strong>mutilum.</strong></span> <span class='ocrx_word' id='word_1_676' title='bbox 1584 5235 1637 5291; x_wconf 91' lang='lat' dir='ltr'><strong>ld</strong></span> <span class='ocrx_word' id='word_1_677' title='bbox 1701 5253 1829 5290; x_wconf 78' lang='lat' dir='ltr'><strong>vero</strong></span> <span class='ocrx_word' id='word_1_678' title='bbox 1883 5237 2138 5289; x_wconf 86' lang='lat' dir='ltr'><strong>damnum</strong></span> <span class='ocrx_word' id='word_1_679' title='bbox 2184 5244 2490 5304; x_wconf 83' lang='lat' dir='ltr'><strong>reparatum</strong></span> <span class='ocrx_word' id='word_1_680' title='bbox 2549 5243 2632 5290; x_wconf 88' lang='lat' dir='ltr'><strong>est</strong></span> <span class='ocrx_word' id='word_1_681' title='bbox 2698 5236 2912 5288; x_wconf 81' lang='lat' dir='ltr'><strong>invento</strong></span> <span class='ocrx_word' id='word_1_682' title='bbox 2966 5235 3072 5287; x_wconf 91' lang='lat' dir='ltr'><strong>alio</strong></span> <span class='ocrx_word' id='word_1_683' title='bbox 3127 5233 3417 5304; x_wconf 75' lang='lat' dir='ltr'><strong>Byzantina</strong></span> 
     </span>
    </p>
   </div>
   <div class='ocr_carea' id='block_1_53' title="bbox 189 5322 3417 5402">
    <p class='ocr_par' dir='ltr' id='par_1_53' title="bbox 189 5322 3417 5402">
     <span class='ocr_line' id='line_1_53' title="bbox 189 5322 3417 5402; baseline -0.004 -15"><span class='ocrx_word' id='word_1_684' title='bbox 189 5332 246 5383; x_wconf 83' lang='lat' dir='ltr'><strong>in</strong></span> <span class='ocrx_word' id='word_1_685' title='bbox 303 5329 442 5383; x_wconf 80' lang='lat' dir='ltr'><strong>urbe</strong></span> <span class='ocrx_word' id='word_1_686' title='bbox 496 5325 789 5396; x_wconf 67' lang='lat' dir='ltr'><strong>exemplari</strong></span> <span class='ocrx_word' id='word_1_687' title='bbox 852 5325 967 5398; x_wconf 68' lang='lat' dir='ltr'><strong>(lt),</strong></span> <span class='ocrx_word' id='word_1_688' title='bbox 1016 5332 1160 5402; x_wconf 87' lang='lat' dir='ltr'><strong>quod</strong></span> <span class='ocrx_word' id='word_1_689' title='bbox 1221 5346 1364 5385; x_wconf 82' lang='lat' dir='ltr'><strong>armo</strong></span> <span class='ocrx_word' id='word_1_690' title='bbox 1421 5329 1635 5399; x_wconf 83' lang='lat' dir='ltr'><strong>quidem</strong></span> <span class='ocrx_word' id='word_1_691' title='bbox 1693 5343 1814 5382; x_wconf 60' lang='grc' dir='ltr'><strong>ρει-ω</strong></span> <span class='ocrx_word' id='word_1_692' title='bbox 1880 5329 2211 5381; x_wconf 75' lang='lat' dir='ltr'><strong>Armeniaca:</strong></span> <span class='ocrx_word' id='word_1_693' title='bbox 2271 5323 2403 5378; x_wconf 80' lang='lat' dir='ltr'><strong>l552</strong></span> <span class='ocrx_word' id='word_1_694' title='bbox 2458 5323 2701 5393; x_wconf 83' lang='lat' dir='ltr'><strong>(Christi</strong></span> <span class='ocrx_word' id='word_1_695' title='bbox 2750 5326 2933 5396; x_wconf 74' lang='lat'><strong>1535)</strong></span> <span class='ocrx_word' id='word_1_696' title='bbox 2987 5327 3244 5394; x_wconf 85' lang='lat' dir='ltr'><strong>scriptum</strong></span> <span class='ocrx_word' id='word_1_697' title='bbox 3301 5322 3417 5376; x_wconf 84' lang='lat' dir='ltr'><strong>fue-</strong></span> 
     </span>
    </p>
   </div>
   <div class='ocr_carea' id='block_1_54' title="bbox 265 5529 1883 5608">
    <p class='ocr_par' dir='ltr' id='par_1_54' title="bbox 265 5537 950 5608">
     <span class='ocr_line' id='line_1_54' title="bbox 265 5537 950 5608; baseline -0.001 -15"><span class='ocrx_word' id='word_1_698' title='bbox 265 5542 344 5608; x_wconf 83' lang='lat' dir='ltr'><strong>(a)</strong></span> <span class='ocrx_word' id='word_1_699' title='bbox 381 5539 531 5592; x_wconf 85' lang='lat' dir='ltr'><strong>Part.</strong></span> <span class='ocrx_word' id='word_1_700' title='bbox 557 5555 596 5598; x_wconf 81' lang='grc' dir='ltr'><strong>ι,</strong></span> <span class='ocrx_word' id='word_1_701' title='bbox 625 5553 745 5604; x_wconf 87' lang='lat' dir='ltr'><strong>cap.</strong></span> <span class='ocrx_word' id='word_1_702' title='bbox 773 5538 823 5600; x_wconf 92' lang='lat'><strong>7,</strong></span> <span class='ocrx_word' id='word_1_703' title='bbox 862 5537 950 5592; x_wconf 74' lang='grc'><strong>22.</strong></span> 
     </span>
    </p>
   </div>
   <div class='ocr_carea' id='block_1_55' title="bbox 1798 5529 3416 5608">
    <p class='ocr_par' dir='ltr' id='par_1_55' title="bbox 1941 5529 3416 5600">
     <span class='ocr_line' id='line_1_55' title="bbox 1941 5529 3416 5600; baseline 0.001 -19"><span class='ocrx_word' id='word_1_704' title='bbox 1941 5531 2003 5599; x_wconf 65' lang='grc' dir='ltr'><strong>(Γ)</strong></span> <span class='ocrx_word' id='word_1_705' title='bbox 2037 5530 2312 5586; x_wconf 75' lang='grc' dir='ltr'><strong>Μέηιυὶνεδ</strong></span> <span class='ocrx_word' id='word_1_706' title='bbox 2339 5532 2403 5586; x_wconf 89' lang='lat' dir='ltr'><strong>de</strong></span> <span class='ocrx_word' id='word_1_707' title='bbox 2453 5531 2654 5586; x_wconf 81' lang='lat' dir='ltr'><strong>l‘.-lcad.</strong></span> <span class='ocrx_word' id='word_1_708' title='bbox 2687 5533 2772 5584; x_wconf 57' lang='lat' dir='ltr'><strong>tias</strong></span> <span class='ocrx_word' id='word_1_709' title='bbox 2804 5535 2986 5598; x_wconf 85' lang='lat' dir='ltr'><strong>inscr.,</strong></span> <span class='ocrx_word' id='word_1_710' title='bbox 3020 5540 3057 5584; x_wconf 92' lang='lat' dir='ltr'><strong>t.</strong></span> <span class='ocrx_word' id='word_1_711' title='bbox 3091 5529 3228 5594; x_wconf 80' lang='lat' dir='ltr'><strong>XIX,</strong></span> <span class='ocrx_word' id='word_1_712' title='bbox 3266 5546 3317 5600; x_wconf 91' lang='lat' dir='ltr'><strong>p.</strong></span> <span class='ocrx_word' id='word_1_713' title='bbox 3347 5529 3416 5584; x_wconf 65' lang='grc' dir='ltr'><strong>εδ</strong></span> 
     </span>
    </p>
   </div>
   <div class='ocr_carea' id='block_1_56' title="bbox 265 5608 1986 5678">
    <p class='ocr_par' dir='ltr' id='par_1_56' title="bbox 265 5608 1986 5678">
     <span class='ocr_line' id='line_1_56' title="bbox 265 5608 1986 5678; baseline -0.002 -13"><span class='ocrx_word' id='word_1_714' title='bbox 265 5611 343 5675; x_wconf 68' lang='lat' dir='ltr'><strong>(bl</strong></span> <span class='ocrx_word' id='word_1_715' title='bbox 383 5608 593 5678; x_wconf 68' lang='lat' dir='ltr'><strong>Prolog.</strong></span> <span class='ocrx_word' id='word_1_716' title='bbox 630 5609 738 5678; x_wconf 58' lang='grc' dir='ltr'><strong>ξε).</strong></span> <span class='ocrx_word' id='word_1_717' title='bbox 815 5677 821 5678; x_wconf 15' lang='lat'><em>7</em></span> <span class='ocrx_word' id='word_1_718' title='bbox 1010 5677 1014 5678; x_wconf 18' lang='grc' dir='ltr'><em>ν</em></span> <span class='ocrx_word' id='word_1_719' title='bbox 1339 5677 1350 5678; x_wconf 20' lang='lat'><em>7</em></span> <span class='ocrx_word' id='word_1_720' title='bbox 1605 5674 1632 5678; x_wconf 38' lang='grc' dir='ltr'>η</span> <span class='ocrx_word' id='word_1_721' title='bbox 1867 5618 1986 5678; x_wconf 73' lang='lat' dir='ltr'><strong>squ.</strong></span> 
     </span>
    </p>
   </div>
   <div class='ocr_carea' id='block_1_57' title="bbox 267 5670 3416 5750">
    <p class='ocr_par' dir='ltr' id='par_1_57' title="bbox 267 5670 3416 5750">
     <span class='ocr_line' id='line_1_57' title="bbox 267 5670 3416 5750; baseline -0.002 -19"><span class='ocrx_word' id='word_1_722' title='bbox 267 5670 340 5750; x_wconf 66' lang='grc' dir='ltr'><strong>(ε)</strong></span> <span class='ocrx_word' id='word_1_723' title='bbox 379 5677 521 5748; x_wconf 80' lang='lat' dir='ltr'><strong>Lege</strong></span> <span class='ocrx_word' id='word_1_724' title='bbox 545 5670 764 5731; x_wconf 37' lang='lat' dir='ltr'><strong>&#39;lex‘icon</strong></span> <span class='ocrx_word' id='word_1_725' title='bbox 799 5677 1070 5730; x_wconf 77' lang='lat' dir='ltr'><strong>Armenia:</strong></span> <span class='ocrx_word' id='word_1_726' title='bbox 1100 5677 1519 5746; x_wconf 72' lang='lat' dir='ltr'><strong>geographicum</strong></span> <span class='ocrx_word' id='word_1_727' title='bbox 1555 5674 1755 5727; x_wconf 81' lang='lat' dir='ltr'><strong>editum</strong></span> <span class='ocrx_word' id='word_1_728' title='bbox 1915 5670 2006 5738; x_wconf 17' lang='lat' dir='ltr'><strong>ilai</strong></span> <span class='ocrx_word' id='word_1_729' title='bbox 2038 5671 2310 5750; x_wconf 70' lang='lat' dir='ltr'><strong>llléinoires</strong></span> <span class='ocrx_word' id='word_1_730' title='bbox 2331 5673 2640 5750; x_wconf 78' lang='lat' dir='ltr'><strong>historiques</strong></span> <span class='ocrx_word' id='word_1_731' title='bbox 2661 5682 2706 5722; x_wconf 75' lang='lat' dir='ltr'><strong>ct</strong></span> <span class='ocrx_word' id='word_1_732' title='bbox 2740 5670 3134 5742; x_wconf 63' lang='lat' dir='ltr'><strong>géograpluques</strong></span> <span class='ocrx_word' id='word_1_733' title='bbox 3157 5687 3247 5723; x_wconf 87' lang='lat' dir='ltr'><strong>sur</strong></span> <span class='ocrx_word' id='word_1_734' title='bbox 3275 5670 3416 5724; x_wconf 46' lang='lat' dir='ltr'><strong>(ulr-</strong></span> 
     </span>
    </p>
   </div>
   <div class='ocr_carea' id='block_1_58' title="bbox 193 5742 2460 5817">
    <p class='ocr_par' dir='ltr' id='par_1_58' title="bbox 193 5742 2460 5817">
     <span class='ocr_line' id='line_1_58' title="bbox 193 5742 2460 5817; baseline -0.004 -13"><span class='ocrx_word' id='word_1_735' title='bbox 193 5742 632 5807; x_wconf 58' lang='lat' dir='ltr'><strong>V&#39;enetiis,&#39;antto</strong></span> <span class='ocrx_word' id='word_1_736' title='bbox 663 5749 817 5802; x_wconf 76' lang='lat'><strong>176&#39;).</strong></span> <span class='ocrx_word' id='word_1_737' title='bbox 845 5748 998 5802; x_wconf 86' lang='lat' dir='ltr'><strong>Nunc</strong></span> <span class='ocrx_word' id='word_1_738' title='bbox 1027 5749 1163 5802; x_wconf 85' lang='lat' dir='ltr'><strong>Auia</strong></span> <span class='ocrx_word' id='word_1_739' title='bbox 1202 5742 1369 5817; x_wconf 77' lang='lat' dir='ltr'><strong>pagus</strong></span> <span class='ocrx_word' id='word_1_740' title='bbox 1395 5760 1489 5799; x_wconf 76' lang='lat'><strong>05:.</strong></span> <span class='ocrx_word' id='word_1_741' title='bbox 1868 5747 2073 5817; x_wconf 60' lang='lat' dir='ltr'><strong>nzcaii_&#39;_._</strong></span> <span class='ocrx_word' id='word_1_742' title='bbox 2092 5754 2132 5817; x_wconf 85' lang='lat' dir='ltr'><strong>t._</strong></span> <span class='ocrx_word' id='word_1_743' title='bbox 2160 5742 2196 5803; x_wconf 84' lang='grc' dir='ltr'><strong>Ι,</strong></span> <span class='ocrx_word' id='word_1_744' title='bbox 2240 5746 2460 5817; x_wconf 84' lang='lat' dir='ltr'><strong>passim.</strong></span> 
     </span>
    </p>
   </div>
   <div class='ocr_carea' id='block_1_59' title="bbox 266 5808 3414 5889">
    <p class='ocr_par' dir='ltr' id='par_1_59' title="bbox 266 5808 3414 5889">
     <span class='ocr_line' id='line_1_59' title="bbox 266 5808 3414 5889; baseline -0.003 -18"><span class='ocrx_word' id='word_1_745' title='bbox 266 5821 346 5889; x_wconf 78' lang='grc' dir='ltr'><strong>(ά)</strong></span> <span class='ocrx_word' id='word_1_746' title='bbox 379 5818 523 5873; x_wconf 82' lang='lat' dir='ltr'><strong>Hist.</strong></span> <span class='ocrx_word' id='word_1_747' title='bbox 561 5833 621 5889; x_wconf 71' lang='lat' dir='ltr'><strong>tr.</strong></span> <span class='ocrx_word' id='word_1_748' title='bbox 658 5818 740 5889; x_wconf 61' lang='lat' dir='ltr'><strong>ll.</strong></span> <span class='ocrx_word' id='word_1_749' title='bbox 1066 5887 1090 5889; x_wconf 20' lang='grc' dir='ltr'><em>ῃ</em></span> <span class='ocrx_word' id='word_1_750' title='bbox 1135 5888 1138 5889; x_wconf 15' lang='grc' dir='ltr'><em>ν</em></span> <span class='ocrx_word' id='word_1_751' title='bbox 1267 5808 1297 5889; x_wconf 15' lang='grc' dir='ltr'><strong>νν</strong></span> <span class='ocrx_word' id='word_1_752' title='bbox 1347 5829 1352 5832; x_wconf 71' lang='lat'><strong><em>‘</em></strong></span> <span class='ocrx_word' id='word_1_753' title='bbox 1607 5887 1616 5889; x_wconf 93' lang='lat'>_</span> <span class='ocrx_word' id='word_1_754' title='bbox 1645 5886 1690 5889; x_wconf 26' lang='grc' dir='ltr'><em>Α</em></span> <span class='ocrx_word' id='word_1_755' title='bbox 1713 5885 1731 5889; x_wconf 33' lang='grc' dir='ltr'><strong>Α</strong></span> <span class='ocrx_word' id='word_1_756' title='bbox 1873 5881 1890 5889; x_wconf 88' lang='lat'><em>_</em></span> <span class='ocrx_word' id='word_1_757' title='bbox 1939 5813 2008 5889; x_wconf 54' lang='lat' dir='ltr'><strong>(li)</strong></span> <span class='ocrx_word' id='word_1_758' title='bbox 2033 5812 2206 5889; x_wconf 68' lang='lat' dir='ltr'><strong>liuius</strong></span> <span class='ocrx_word' id='word_1_759' title='bbox 2237 5808 2558 5880; x_wconf 78' lang='lat' dir='ltr'><strong>exemplaris</strong></span> <span class='ocrx_word' id='word_1_760' title='bbox 2583 5811 2943 5883; x_wconf 79' lang='lat' dir='ltr'><strong>apographum</strong></span> <span class='ocrx_word' id='word_1_761' title='bbox 2973 5826 2999 5864; x_wconf 88' lang='lat' dir='ltr'><strong>a</strong></span> <span class='ocrx_word' id='word_1_762' title='bbox 3023 5826 3078 5866; x_wconf 82' lang='lat' dir='ltr'><strong>se</strong></span> <span class='ocrx_word' id='word_1_763' title='bbox 3111 5808 3414 5867; x_wconf 75' lang='lat' dir='ltr'><strong>confectum</strong></span> 
     </span>
    </p>
   </div>
   <div class='ocr_carea' id='block_1_60' title="bbox 272 5881 2568 5960">
    <p class='ocr_par' dir='ltr' id='par_1_60' title="bbox 272 5881 2568 5960">
     <span class='ocr_line' id='line_1_60' title="bbox 272 5881 2568 5960; baseline -0.003 -20"><span class='ocrx_word' id='word_1_764' title='bbox 272 5881 343 5960; x_wconf 62' lang='lat' dir='ltr'><strong>le)</strong></span> <span class='ocrx_word' id='word_1_765' title='bbox 384 5889 539 5959; x_wconf 77' lang='lat' dir='ltr'><strong>Apud</strong></span> <span class='ocrx_word' id='word_1_766' title='bbox 565 5887 1307 5953; x_wconf 69' lang='lat' dir='ltr'><strong>Montfauconium,Bililiotlt.</strong></span> <span class='ocrx_word' id='word_1_767' title='bbox 1353 5907 1475 5943; x_wconf 81' lang='lat' dir='ltr'><strong>mss.</strong></span> <span class='ocrx_word' id='word_1_768' title='bbox 1515 5905 1562 5956; x_wconf 90' lang='lat' dir='ltr'><strong>p.</strong></span> <span class='ocrx_word' id='word_1_769' title='bbox 1605 5885 1754 5940; x_wconf 63' lang='lat'><strong>1096.</strong></span> <span class='ocrx_word' id='word_1_770' title='bbox 1866 5881 1910 5935; x_wconf 72' lang='grc' dir='ltr'><strong>εἰ.</strong></span> <span class='ocrx_word' id='word_1_771' title='bbox 1955 5883 2233 5937; x_wconf 64' lang='lat' dir='ltr'><strong>Zohralaas</strong></span> <span class='ocrx_word' id='word_1_772' title='bbox 2266 5892 2568 5937; x_wconf 75' lang='lat' dir='ltr'><strong>Conservat.</strong></span> 
     </span>
    </p>
   </div>
  </div>
