4098 6328
783 390 893 450 603
1789 393 2124 449 APPENDIX
2163 396 2250 448 AD
2289 395 2556 452 EUSEBII
2595 394 3006 452 CHRONICON.
3879 390 3966 445 σοι

778 519 889 572 rat,
927 511 1002 562 ita
1033 517 1212 566 tamen
1251 518 1308 565 ut
1339 511 1479 565 idem
1503 512 1570 565 ab
1599 512 1976 581 antiquissimo
2005 514 2246 566 omnium
2293 513 2481 568 codice
2513 522 2786 584 sumptum
2815 513 3084 568 diceretur
3107 548 3124 575 ,
3169 521 3360 575 nempe
3403 505 3472 559 ab
3525 505 3834 575 apographo
3887 520 3964 558 an-

785 604 878 657 nis
907 605 1192 658 duodecim
1224 615 1342 674 post
1379 606 1652 661 conditum
1687 621 1823 676 cpus
1863 606 2130 660 confecto.
2165 605 2307 660 Sane
2366 607 2419 660 id
2466 607 2815 680 Byzantinum
2848 602 3120 673 exemplar
3172 613 3496 669 magnopere
3537 598 3696 652 nobis
3719 596 3961 666 placebat,

781 693 1008 760 ejusque
1029 709 1128 762 ope
1156 709 1295 764 saepe
1348 711 1542 764 pravas
1588 697 2028 766 interpolationes
2081 697 2450 766 cognovimus,
2482 715 2601 767 qua:
2652 699 2720 752 ab
2774 698 3012 751 auctoris
3071 691 3282 766 ingenio
3338 691 3684 744 vehementer
3727 687 3965 740 abboﬂb

781 780 931 835 bant.
961 781 1228 837 Hactenus
1255 785 1354 837 tria
1383 785 1920 840 commemoravimus
1955 783 2217 837 Samuelis
2250 786 2612 854 exemplaria;
2649 786 2920 854 princeps,
2954 784 3004 838 id
3028 791 3111 837 est
3133 784 3593 853 antiquissimum,
3623 783 3848 836 alterum
3874 795 3964 849 quo

682 912 688 918 .
782 884 1062 928 monemur
1083 874 1149 928 de
1178 876 1326 942 justo
1349 876 1584 928 auctoris
1616 873 1868 936 conﬁnio,
1899 877 2116 929 tertium
2145 873 2519 943 Byzantinum.
2545 873 2636 930 llis
2655 875 2869 929 demum
2901 874 3002 927 alia
3027 875 3136 928 duo
3158 881 3526 934 accesserunt,
3545 886 3779 940 quorum
3812 884 3963 923 unum

783 979 883 1018 nec
901 967 1050 1021 valde
1078 968 1353 1035 antiquum
1381 975 1435 1020 et
1459 981 1618 1035 porro
1645 965 2044 1035 imperfectum;
2078 969 2303 1021 alterum
2320 967 2772 1033 recentissimum,
2800 965 2958 1035 idque
2987 966 3040 1018 in
3069 979 3267 1018 annum
3286 963 3422 1016 i698
3442 963 3721 1022 desinens,
3746 969 3959 1014 temera—

782 1056 881 1110 riis
921 1058 1165 1111 videlicet
1192 1057 1594 1112 accessionibus
1635 1065 1796 1125 atque
1824 1058 2330 1126 interpalationibus
2375 1063 2608 1111 scatens.
2645 1055 2832 1123 Operis
2861 1054 3093 1122 denique
3126 1053 3316 1106 titulus
3349 1053 3403 1104 in
3435 1049 3712 1104 codicibus
3739 1050 3958 1114 scriptus

783 1152 832 1204 is
886 1149 994 1204 fere
1029 1159 1110 1206 est
1140 1166 1296 1220 quem
1331 1153 1382 1203 in
1418 1151 1590 1204 fronte
1645 1149 1900 1205 editionis
1954 1152 2230 1219 posuimus
2267 1168 2280 1203 :
2315 1149 2575 1204 Samuelis
2618 1149 2900 1218 presbyteri
2943 1148 3184 1200 Aniensis
3219 1155 3501 1212 temporum
3542 1159 3700 1213 usque
3727 1141 3802 1194 ad
3829 1154 3961 1194 nam

781 1249 985 1295 etatem
1014 1241 1148 1292 ratio
1171 1257 1197 1292 ε
1222 1240 1366 1293 libris
1389 1241 1753 1292 historicorum
1783 1239 2081 1290 sitntniatim
2109 1237 2345 1291 collecta.

852 1326 938 1383 IV.
966 1328 1068 1394 Qui
1088 1331 1156 1381 sit
1188 1328 1511 1381 Samuetiani
1534 1328 1807 1380 summai-ii
1835 1328 2139 1394 [ructus.—
2167 1324 2270 1378 Sed
2305 1323 2512 1394 rogabit
2537 1323 2727 1393 aliquis
2751 1310 2855 1394 qua
2876 1321 3178 1376 communis
3201 1319 3450 1375 utilitatis
3480 1335 3575 1389 spe
3619 1332 3799 1388 quove
3846 1332 3961 1386 prn-

782 1419 927 1475 denti
955 1436 1086 1476 cons
1110 1423 1181 1474 lio
1222 1422 1533 1476 Armenium
1571 1421 2034 1490 chronographum
2067 1419 2134 1474 ad
2167 1419 2547 1488 Europaaorum
2580 1419 2756 1473 studia
2791 1416 3168 1488 perferendum
3213 1414 3500 1468 curemus?
3554 1426 3790 1480 namque
3839 1408 3957 1464 illud

777 1510 1075 1578 justissime
1114 1512 1312 1564 dicitur
1343 1529 1355 1564 :
1399 1511 1542 1566 Nova
1569 1518 1621 1565 et
1651 1513 1799 1564 utilia
1827 1514 1918 1580 qui
1943 1519 2145 1570 narrat,
2165 1519 2436 1565 auctorem
2454 1510 2598 1562 hunc
2622 1509 2896 1578 perhibeto
2925 1509 3146 1562 bonum.
3171 1505 3280 1559 Nos
3301 1517 3430 1557 sane
3457 1502 3702 1564 fatemur,
3741 1502 3958 1570 priorem

784 1600 1049 1656 Samuelis
1078 1610 1281 1670 partem
1331 1616 1518 1671 parum
1549 1602 1894 1655 emolumenti
1930 1603 1949 1670 (
1976 1613 2168 1670 praeter
2220 1599 2435 1653 Eusebii
2470 1598 2966 1668 conﬁrmationem)
2997 1597 3186 1651 aﬂ'erre
3221 1616 3234 1650 :
3267 1609 3354 1648 res
3377 1593 3521 1647 enim
3575 1590 3867 1646 Hebraicas
3905 1598 3954 1643 et

782 1690 1110 1756 reliquorum
1142 1691 1291 1743 orbis
1318 1689 1445 1742 olim
1478 1691 1681 1758 cogniti
1721 1690 2040 1759 populorum
2092 1689 2164 1742 ita
2211 1687 2446 1741 Samueli
2507 1687 2768 1742 Eusebius
2799 1689 3124 1757 suppeditat,
3171 1698 3230 1742 ut
3288 1692 3389 1744 hoc
3425 1692 3782 1745 summarium
3830 1686 3952 1742 nihil

781 1779 892 1835 fere
955 1783 1145 1835 haheat
1196 1791 1386 1850 praeter
1430 1782 1641 1837 Eusebii
1698 1784 2035 1852 aliorumque
2077 1783 2612 1869 clirouogra‘phorum
2674 1782 2885 1835 brevem
2913 1784 3198 1851 quamdam
3226 1785 3640 1854 repetitionem;
3685 1782 3950 1836 historiam

781 1887 942 1940 porro
989 1872 1359 1926 Armeniacam
1415 1890 1584 1943 usque
1625 1875 1691 1929 ad
1735 1875 2010 1929 Christum
2068 1874 2134 1928 de
2166 1872 2386 1942 Virgine
2432 1875 2667 1942 genitum
2717 1873 2941 1928 totidem
2995 1891 3135 1944 saepe
3169 1876 3346 1930 verbis
3385 1891 3417 1928 e
3461 1875 3605 1932 Mose
3635 1873 3954 1928 Chorenensi

780 1963 1024 2019 videmus
1101 1967 1373 2020 arcessiri.
1431 1966 1612 2037 Neque
1671 1976 1846 2021 tamen
1899 1976 1983 2022 est
2037 1983 2135 2021 cur
2185 1971 2470 2037 quisquam
2523 1974 2806 2035 pr0ptcrea
2856 1966 3158 2021 Samuelem
3213 1967 3575 2038 spernendum
3635 1974 3810 2035 putet,
3855 1962 3950 2017 nisi

780 2056 917 2111 idem
955 2067 1028 2109 tot
1077 2055 1295 2111 Latinos
1328 2064 1406 2110 et.
1435 2056 1649 2112 Crzccos
1689 2044 2128 2129 chronographos
2185 2074 2336 2127 aeque
2427 2059 2650 2129 pedibus
2679 2055 2870 2119 traliat,
2915 2063 3004 2127 qui
3044 2060 3282 2130 plerique
3321 2077 3510 2117 omnes
3550 2077 3673 2116 cum
3724 2063 3795 2116 ab
3841 2061 3957 2114 orbe

777 2150 996 2202 condito
1046 2149 1342 2210 ordiantur,
1396 2152 1698 2204 necessaria
1742 2153 1948 2206 ratione
1992 2152 2048 2206 ﬁt
2085 2161 2142 2207 ut
2193 2153 2433 2207 eamdem
2463 2153 2732 2207 crambem
2781 2154 3066 2207 videantur
3109 2170 3419 2224 recoquere.
3495 2155 3817 2224 Quanquam
3869 2167 3958 2207 nos

777 2257 866 2296 res
917 2240 1264 2295 Armeniacas
1305 2245 1590 2297 multorum
1646 2246 1708 2298 ad
1740 2261 1898 2301 aures
1946 2261 2090 2300 nunc
2118 2249 2346 2316 primum
2379 2259 2730 2317 perventuras
2764 2262 3067 2315 speramus,
3109 2250 3542 2319 quandoquidem
3584 2250 3746 2318 hujus
3801 2249 3961 2319 gentis

776 2347 866 2388 res
907 2333 1140 2384 nondum
1192 2335 1322 2387 satis
1361 2332 1414 2386 in
1465 2335 1704 2403 populari
1746 2335 1862 2388 luce
1925 2346 2230 2395 versantur,
2270 2346 2486 2404 propter
2529 2350 2712 2390 eorum
2747 2337 3091 2405 paucitatem,
3143 2338 3232 2405 qui
3279 2337 3344 2391 ad
3376 2337 3472 2392 bas
3526 2338 3838 2392 scribendas
3883 2351 3964 2389 aco

774 2432 1073 2478 cesserunt.
1134 2424 1237 2478 Sed
1289 2426 1414 2478 licet
1447 2425 1588 2492 quod
1637 2425 1866 2494 quisque
1897 2425 2036 2478 volet
2118 2427 2411 2488 existimet,
2485 2427 2538 2480 in
2589 2434 2773 2481 nostra
2845 2426 3060 2496 quidem
3131 2429 3363 2483 editione
3430 2439 3691 2498 quantum
3757 2408 3960 2481 Eusebii

773 2517 980 2586 primus
1021 2518 1153 2571 liber
1187 2517 1424 2572 secundo
1477 2519 1733 2586 dignitate
1761 2527 1999 2588 prmstat,
2033 2519 2360 2575 tantumdem
2393 2519 2659 2573 Samuelis
2713 2535 2834 2590 pars
2886 2519 3154 2588 posterior
3181 2520 3409 2589 prierem
3462 2518 3803 2588 iucunditate
3858 2516 3961 2570 fru-

773 2618 971 2681 ctuque
1023 2622 1258 2682 superat.
1296 2612 1656 2668 Romanorum
1691 2626 1744 2669 et
1796 2615 2103 2670 Graecorum
2146 2618 2495 2686 imperatores
2543 2625 2755 2670 centum
2786 2617 3096 2669 scribuntur
3141 2615 3278 2684 apud
3307 2613 3610 2668 Samuelem
3641 2613 3710 2666 ab
3735 2613 3966 2681 Augusto

775 2698 840 2752 ad
897 2700 1192 2757 Mauuelem
1247 2705 1600 2758 Coumcnum.
1646 2704 1933 2760 Persarum
1992 2721 2203 2774 quoque
2247 2721 2402 2774 reges
2450 2707 2678 2776 primum
2709 2705 3002 2767 Arsacidae,
3043 2720 3162 2757 mox
3207 2702 3484 2758 Sasanida:
3525 2710 3646 2772 post
3692 2699 3957 2755 Christum

776 2806 946 2860 usque
979 2794 1044 2846 ad
1079 2795 1437 2850 Mahumetum
1475 2797 1594 2864 plus
1624 2796 1840 2865 triginta
1889 2807 2221 2851 narrantur:
2272 2798 2363 2866 qui
2433 2807 2715 2866 postquam
2765 2797 2954 2852 fatales
2997 2797 3172 2851 exitus
3223 2796 3550 2856 habuerunt,
3594 2801 3793 2850 exorta“:
3841 2799 3962 2847 sunt

773 2878 1164 2935 Saracenorum
1199 2884 1502 2936 Amirarum
1543 2883 1874 2953 tyrannides,
1929 2901 2154 2951 quarum
2200 2886 2388 2952 ingens
2420 2885 2627 2953 imperii
2681 2885 2848 2938 moies
2875 2886 3066 2951 partim
3093 2883 3308 2953 quidem
3339 2884 3692 2940 internecivis
3733 2881 3869 2935 odiis
3901 2893 3956 2931 ac

773 2970 1225 3032 dissensionibus,
1252 2973 1442 3039 partim
1474 2989 1600 3026 vero
1625 2972 1942 3044 Scytharum
1969 2976 2198 3029 adventu
2223 2984 2342 3044 post
2373 2991 2543 3030 annos
2575 2975 2962 3044 quinquaginta
2991 2977 3206 3030 circiter
3233 2990 3394 3043 supra
3411 2975 3675 3029 ducentos
3691 2972 3962 3027 debilitata

771 3077 834 3118 ac
891 3063 1152 3131 dissipata
1199 3073 1301 3118 est.
1361 3063 1640 3120 Praedictis
1697 3067 1959 3135 interjecti
2003 3067 2219 3122 fuerunt
2273 3069 2644 3121 Armeniorum
2700 3069 2939 3139 dynastze
2985 3069 3124 3122 miro
3165 3067 3292 3122 ludo
3343 3067 3575 3122 fortuna:
3623 3067 3831 3136 jactati,
3867 3065 3960 3117 Ar-

771 3154 970 3209 sacidae
1002 3156 1256 3208 nimirum
1299 3171 1471 3224 reges,
1509 3155 1812 3209 Mamicunii
1843 3157 2130 3225 principes,
2163 3154 2382 3219 Gnunii,
2417 3156 2720 3219 lihestunii,
2773 3157 3078 3222 Arzerunii,
3109 3157 3437 3226 Bagratunii,
3479 3165 3668 3225 prater
3707 3157 3962 3216 Persicos.

774 3245 1079 3307 Arabicos,
1137 3245 1340 3307 Iberos,
1391 3245 1714 3314 Graecosque
1745 3247 2044 3314 pi-ielectos.
2103 3245 2251 3300 Adde
2289 3243 2663 3300 Armeniorum
2699 3247 3035 3315 patriarchas
3097 3261 3370 3316 nunquam
3425 3247 3783 3303 intermissos.
3826 3247 3965 3302 Adde

774 3337 977 3391 Christi
1022 3351 1184 3390 aeram
1242 3351 1271 3389 a
1325 3337 1718 3404 vulgarilsatis
1764 3337 2212 3401 dissentientem,
2259 3354 2362 3407 qua
2421 3342 2475 3392 in
2519 3354 2576 3392 re
2626 3337 2892 3393 Samuelis
2951 3339 3333 3408 chronologia,
3385 3346 3605 3408 propter
3655 3343 3962 3410 veteremct

767 3429 1141 3500 gravissimam
1197 3442 1530 3480 snmmormn
1587 3429 1899 3482 criticorum
1953 3429 2021 3483 de
2077 3443 2182 3482 tera
2232 3431 2434 3498 vulgari
2484 3431 3081 3501 controversiam(a),
3118 3430 3260 3483 haud
3316 3428 3467 3483 ﬂocci
3522 3428 3767 3483 facienda
3845 3436 3948 3484 est.

772 3518 922 3571 Adde
958 3532 1118 3572 teram
1158 3517 1554 3578 Armeniacam,
1592 3531 1697 3569 non
1729 3526 1783 3571 ut
1813 3518 1970 3585 vulgo
1997 3517 2234 3571 Armenii
2266 3526 2577 3587 supputant,
2609 3519 2811 3571 Christi
2844 3534 2986 3573 anno
3027 3520 3150 3583 551,
3180 3519 3274 3574 sed
3307 3534 3451 3571 anno
3491 3519 3593 3572 555
3637 3518 3958 3571 institutam.

774 3606 920 3674 quod
985 3607 1266 3660 verissime
1318 3621 1346 3658 a
1379 3604 1626 3661 Samuele
1681 3605 1790 3659 dici
1845 3607 2165 3676 jampridem
2217 3608 2537 3679 Villelroyus
2600 3624 2663 3663 ex
2709 3623 2850 3662 anno
2909 3607 3404 3679 Hierosolymorum
3441 3608 3828 3662 aChristianis
3873 3622 3963 3661 ca-

776 3709 988 3767 ptorum
1015 3699 1479 3752 demonstravisse
1504 3698 1712 3767 videtur
1745 3698 1836 3767 (υ).
1865 3697 1980 3751 Jain
2009 3700 2135 3768 ipsa:
2170 3715 2256 3755 res
2279 3703 2524 3756 aetatibus
2553 3716 2733 3770 regum
2774 3701 3103 3770 interpositae
3126 3711 3339 3769 quanta:
3360 3699 3576 3753 demum
3601 3697 3962 3762 sunti'Ouan-

769 3809 930 3864 quam
971 3792 1233 3844 Samuelis
1255 3806 1360 3843 non
1394 3799 1476 3843 est
1501 3790 1741 3856 historia,
1769 3792 1861 3845 sed
1893 3793 2066 3859 capita
2087 3792 2329 3861 qumdam
2356 3802 2409 3847 et
2442 3795 2678 3848 historiae
2707 3795 3148 3857 commentarius,
3179 3794 3416 3846 virorum
3454 3798 3634 3844 tamen
3669 3789 3957 3844 illustrium

773 3884 1011 3937 facinora
1063 3884 1340 3936 innumera
1401 3889 1913 3934 commemorantur.
1951 3883 2015 3935 Et
2063 3882 2277 3950 quidem
2323 3886 2596 3937 laetissima
2646 3892 2727 3938 est
2785 3883 3108 3938 illuminatio
3153 3881 3556 3944 Armeniorum,
3587 3895 3694 3948 quo
3713 3887 3950 3948 tempore

770 3993 901 4047 gens
958 3977 1045 4029 illa
1101 3975 1350 4027 universa
1401 3973 1699 4026 incredibili
1755 3973 1934 4028 studio
1985 3982 2038 4027 et
2089 3988 2354 4029 consensu
2412 3975 2479 4028 ad
2520 3976 2792 4030 Christum
2827 3975 3148 4035 convolavit,
3199 3971 3457 4041 prodigiis
3508 3970 3750 4040 plurimis
3789 3969 3956 4022 maxi-

772 4071 979 4136 misque
1025 4064 1124 4120 SS.
1185 4063 1426 4123 Gre‘aorii
1465 4073 1518 4116 et
1573 4062 1883 4132 Rhipsimize
1935 4065 2298 4132 comitumque
2342 4067 2633 4119 virtutibus
2694 4075 2799 4118 tota
2849 4065 3102 4118 Armenia
3149 4062 3510 4131 strepentibus
3569 4059 3660 4132 (ε).
3710 4059 3847 4113 Exin
3893 4069 3963 4116 tot

771 4159 1091 4226 templorum
1126 4151 1605 4220 emnohiorumquc
1659 4151 1902 4216 a’diiicia,
1942 4161 2020 4206 tot
2064 4155 2318 4224 martyria
2349 4154 2658 4218 fortissima,
2694 4161 2770 4207 tot
2794 4153 3053 4207 doctrinis
3089 4152 3473 4220 laboribusque
3501 4152 3816 4205 conﬁrmata
3845 4151 3961 4205 reli-

771 4250 886 4320 gio.
934 4249 1252 4314 Quanquam
1309 4259 1434 4297 vero
1495 4254 1678 4312 postea
1741 4261 1837 4299 nec
1882 4246 2112 4301 haereses
2161 4262 2334 4315 neque
2400 4247 2691 4302 schismata
2744 4261 2917 4314 neque
2974 4246 3204 4314 partium
3247 4244 3547 4313 praesertim
3601 4241 3960 4295 furiosissime

772 4345 948 4400 studia
1013 4342 1335 4402 defuerunt;
1395 4345 1572 4390 tamen
1620 4338 1764 4391 natio
1789 4335 2169 4393 Armeniorum
2202 4354 2478 4408 nunquam
2514 4355 2572 4393 se
2628 4346 2659 4391 'a
2711 4335 3370 4393 communioneRomana
3423 4335 3657 4388 cunctim
3702 4333 3958 4401 sejunxit.

770 4435 908 4504 Quid
939 4431 1187 4484 liaicanze
1222 4430 1535 4482 litteratura:
1583 4429 2011 4496 auspicatissima
2082 4429 2232 4482 initia
2283 4437 2336 4483 et
2390 4444 2706 4500 progressus
2741 4442 2906 4498 prope
2964 4425 3330 4488 admirabiles,
3358 4425 3461 4478 nisi
3519 4430 3630 4476 tam
3664 4438 3803 4494 saepe
3837 4439 3962 4493 pro-

770 4534 903 4587 cella
933 4530 1253 4583 litterarum,
1311 4524 1469 4599 turbo
1508 4537 1569 4574 ac
1623 4529 1913 4591 tempestas
1956 4524 2277 4579 eruditionis
2306 4525 2482 4578 omnis
2538 4523 2735 4576 bellum
2785 4521 3060 4576 Persicum
3092 4527 3146 4574 et
3193 4534 3316 4572 mox
3343 4517 3631 4572 Arabicum
3661 4516 3715 4569 in
3761 4517 3959 4573 Arme-

770 4626 910 4679 niam
949 4615 1305 4690 pervasisset?
1331 4614 1698 4668 Mahumcticze
1721 4619 1970 4684 potentize
1993 4619 2320 4673 incunabula
2343 4628 2394 4674 et
2421 4619 2748 4672 incrementa
2773 4616 3103 4687 (quanquam
3125 4612 3484 4669 cominuniori
3510 4611 3952 4667 Saracenicorum

769 4729 1068 4786 temporum
1118 4709 1359 4764 historia:
1393 4724 1578 4778 parum
1609 4725 1846 4765 consona
1871 4711 1888 4781 (
1917 4713 1987 4781 ὀ)
2015 4752 2028 4775 ,
2061 4713 2330 4768 Armeniae
2375 4712 2748 4782 lacrymabiles
2803 4711 3151 4772 vastationes,
3187 4707 3500 4762 Latinorum
3539 4707 3593 4760 in
3626 4703 3974 4768 Palestina:

766 4808 1135 4878 expeditiones
1181 4809 1313 4860 satis
1367 4807 1528 4859 ubere
1563 4801 1700 4870 stylo
1760 4803 2112 4857 scribuntur:
2151 4819 2324 4873 neque
2358 4803 2518 4856 ullius
2575 4819 2707 4872 pene
2764 4803 2840 4857 rei
2902 4803 3132 4856 varietas
3169 4799 3537 4862 desideratur;
3594 4815 3700 4853 non
3749 4800 3960 4852 urbium

769 4897 1060 4970 primordia
1081 4906 1133 4949 et
1151 4896 1378 4961 excid'a,
1403 4911 1506 4948 non
1529 4893 1700 4947 credes
1727 4893 2040 4954 innumerae,
2072 4908 2178 4946 non
2203 4894 2516 4962 pestilentia:
2541 4893 2836 4961 famesque,
2870 4906 2975 4944 non
3009 4892 3348 4953 seelera,non
3381 4889 3618 4950 fraudes,
3636 4903 3743 4942 non
3767 4893 3960 4940 strata.

766 4998 997 5059 gemata,
1027 5004 1149 5050 non
1205 4988 1436 5056 denique
1467 4987 1755 5039 nmltormn
1794 4985 2068 5038 hominum
2120 4985 2338 5049 litteris,
2393 4987 2772 5047 sanctimonia,
2812 4983 3001 5037 bellica
3049 4991 3164 5036 arte
3206 4980 3578 5050 praestantium
3607 4979 3957 5034 enumeratio.

767 5083 940 5149 Atque
967 5081 1078 5132 haec
1111 5078 1290 5130 omnia
1331 5078 1471 5130 notis
1498 5076 1764 5130 editorum
1792 5075 2039 5144 plurimis
2067 5085 2120 5128 et
2163 5076 2610 5144 castigationibus
2648 5073 2967 5130 illustranda
2995 5080 3156 5128 erant
3185 5081 3346 5143 atque
3382 5069 3683 5142 purganda,
3715 5067 3820 5122 nisi
3864 5079 3956 5121 nos

768 5170 1040 5226 festinatio
1064 5169 1241 5237 operis
1270 5168 1337 5220 ab
1367 5165 1510 5218 omni
1540 5165 1648 5216 fere
1685 5163 2033 5231 exquisitiore
2061 5177 2191 5216 cura
2218 5174 2515 5218 avocasset.
2840 5233 2845 5238 _

777 5289 782 5294 ·
837 5264 901 5322 ν.
941 5266 1017 5320 De
1054 5264 1314 5320 Samuelis
1351 5260 1658 5317 orthodoxia
1695 5259 2019 5328 conjectum.
2070 5288 2141 5300 -——
2189 5257 2342 5314 Nunc
2380 5260 2427 5314 si
2481 5261 2604 5314 licet
2641 5257 2708 5314 de
2745 5256 3012 5329 religiosis
3050 5271 3264 5326 quoque
3307 5253 3575 5313 Samuelis
3614 5251 3956 5322 dogmatibus

838 5439 912 5509 (α)
940 5437 1143 5509 νὶᾶείεὶ
1173 5438 1302 5509 nihil
1336 5435 1498 5496 aliud,
1537 5444 1679 5490 certe
1718 5435 1884 5509 libros
1923 5433 2134 5488 lienrici
2169 5433 2306 5488 San-
2409 5434 2761 5509 numeristi
2793 5433 3309 5509 (iisretrahendum
3339 5438 3422 5509 est
3467 5426 3653 5509 (quod
3701 5431 3818 5509 ipsis
3860 5425 3958 5509 ,8³-

765 5495 1030 5567 οιέηίρηιίἰ
1063 5508 1135 5560 De
1160 5508 1383 5577 vulgaris
1418 5523 1536 5577 term
1570 5506 1946 5577 emendatione.
2152 5573 2164 5577 _
2186 5573 2201 5577 _
2223 5574 2233 5577 _
2255 5571 2276 5577 Α
2408 5506 2549 5557 muel
2583 5505 2646 5577 ad
2681 5521 2766 5557 an.
2801 5504 2999 5577 Christi
3021 5501 3135 5577 _6Al8
3166 5503 3300 5557 satis
3329 5495 3485 5554 docet
3509 5495 3570 5566 )—;
3609 5495 3739 5550 tutn—
3766 5495 3949 5549 Hahn-

838 5579 910 5640 (b)
943 5581 1093 5648 Apud
1111 5567 2010 5640 Mont'i'auconium,Bibliotlfmss.,
2052 5589 2105 5642 p.
2147 5571 2303 5634 1016,
2408 5577 2546 5648 meti
2573 5573 2917 5648 priornmque
2938 5570 3232 5648 Califarnm
3278 5583 3363 5623 res
3405 5578 3570 5648 gestae
3614 5583 3678 5621 ex
3727 5580 3950 5648 accurat

767 5649 924 5703 1017.
990 5640 1005 5648 ’
1918 5652 1928 5666 ‘
2055 5640 2066 5642 “
2406 5643 2636 5694 tioribus
2668 5644 2902 5694 Arabum
2938 5642 3176 5696 historiis
3203 5640 3593 5709 cognoscendae
3627 5644 3790 5709 sunt,
3824 5647 3968 5702 quu-

837 5717 905 5783 (ε)
946 5715 1079 5784 lege
1108 5715 1172 5770 ad
1200 5713 1400 5778 Christi
1431 5729 1628 5770 annum
1661 5712 1784 5768 305.
1948 5781 1958 5784 μ
2406 5727 2512 5764 non
2555 5710 2739 5779 par'um
2765 5711 3002 5784 Samuel
3047 5710 3113 5766 ad
3157 5725 3244 5765 an.
3279 5707 3400 5764 Vri-i8
3441 5707 3763 5779 perturbare
3791 5713 3950 5773 atque

833 5781 912 5855 (Δ)
953 5781 1164 5839 Scilicet
1210 5794 1322 5839 tum
1372 5784 1808 5854 begin-asininum
1855 5781 2020 5837 multo
2053 5789 2173 5836 ante
2205 5795 2302 5835 an-
2407 5783 2697 5837 obscurare
2727 5783 2955 5836 videtur.
