4098 6328
1730 282 1751 353 ζ
1894 318 1899 321 -
2277 345 2285 351 ,

150 463 163 473 .
196 407 302 463 605
1202 417 1287 473 DE
1327 418 1643 473 SAMUELE
1673 419 1941 475 ANIENSI
1977 420 2355 474 PBEFATIO.
2436 468 2445 475 ,
3250 422 3364 502 σοῦ,

200 529 469 598 judicium
511 532 853 605 interponere
881 574 897 599 ,
938 536 992 589 in
1032 538 1218 605 primis
1254 540 1549 593 notandum
1587 547 1704 605 est,
1741 539 2041 594 Orientales
2080 540 2357 595 lnereticos
2395 538 2846 610 (Samosatenum
2886 550 3010 608 puta
3036 580 3049 603 ,
3106 539 3377 593 llaeedo~.

202 621 395 686 nium,
435 622 740 679 Nestorium
781 634 941 694 atque
975 626 1130 695 alios)
1156 641 1261 680 non
1297 628 1526 682 obscure
1564 629 1615 681 in
1653 628 1754 681 hoc
1793 627 2043 681 Chronico
2081 627 2443 680 condemnari.
2481 625 2598 678 Jam
2640 630 2708 681 ab
2748 633 2861 695 ipsa
2900 626 3367 681 Chalcedonensis

203 716 401 784 synodi
446 714 842 787 oppugnatione
879 726 932 773 et
964 733 994 771 a
1033 718 1259 773 crimine
1297 719 1756 788 Monophysitico,
1786 720 1856 772 ob
1885 734 2003 788 qua!
2041 720 2257 771 nomina
2296 719 2433 771 male
2463 718 2730 771 interdum
2762 716 2992 767 Armenii
3020 715 3355 779 audiverunt,

197 808 339 861 satis
379 806 592 863 Samuel
632 810 921 864 abhorrere
956 812 1188 865 videtur.
1232 812 1279 866 Is
1319 813 1516 881 quippe
1552 828 1692 866 anno
1730 813 1933 865 Christi
1974 814 2077 865 (540
2117 813 2317 866 diserte
2355 813 2545 873 docet,
2589 812 2653 863 ab
2710 810 2879 862 Esdra
2918 808 3219 877 patriarcha
3257 808 3357 860 Ar-

199 898 505 951 meniorum
551 901 603 952 in
644 901 1101 954 Chalcedonensis
1125 902 1309 970 synodi
1333 903 1646 955 sententiam
1686 893 1908 970 pedibus
1950 903 2080 953 itum
2114 916 2271 965 esse;
2304 918 2421 953 cum
2464 910 2639 953 tamen
2674 913 2811 950 anno
2844 895 3041 948 Christi
3073 896 3176 949 5‘27
3204 904 3360 950 caute

196 986 537 1049 reticuisset,
583 989 940 1055 patriarcham
970 991 1185 1046 Nersem
1216 995 1659 1048 Astarachensem
1681 1036 1695 1058 ,
1733 996 2178 1063 Eutychianorum
2211 994 2485 1049 fraudibus
2522 995 2944 1047 circumventum
2973 989 3360 1059 Persarumque

198 1081 372 1134 armis
408 1084 755 1137 conterritum
798 1086 872 1152 (α)
900 1124 914 1148 ,
956 1088 1222 1156 prcedictaa
1267 1090 1453 1159 synodi
1502 1104 1737 1143 canones
1783 1088 2108 1150 rescidisse,
2156 1102 2262 1156 quo
2320 1088 2535 1142 silentio
2574 1085 2788 1141 Samuel
2838 1088 3191 1140 calamitatem
3241 1087 3361 1155 ejus

196 1174 331 1230 facti
370 1181 606 1234 studiose
643 1196 701 1235 se
738 1188 917 1250 tegere
958 1181 1152 1235 innuit.
1194 1180 1406 1235 Rursus
1446 1197 1587 1235 anno
1621 1181 1822 1237 Christi
1862 1182 1966 1236 856
2007 1181 2279 1234 Zachariae
2319 1181 2637 1251 patriarcha:
2666 1182 3060 1235 ecclesiasticas
3095 1182 3360 1235 constitu-

193 1269 374 1325 tiones
412 1270 624 1326 Samuel
675 1274 988 1327 collaudat:
1030 1277 1174 1341 atqui
1214 1275 1548 1343 exploratum
1588 1283 1703 1334 cst,
1761 1275 1828 1328 ab
1879 1275 1982 1329 hoc
2035 1275 2287 1345 pontifice
2341 1273 2825 1328 Chalcedonensem
2870 1272 3059 1323 iterum
3100 1270 3359 1345 synodum

196 1356 370 1413 fuisse
406 1364 797 1431 comprobatam
832 1366 927 1435 (υ).
959 1366 1094 1432 Quid
1121 1368 1143 1420 ?
1180 1367 1541 1438 Eutychianos
1574 1370 1730 1431 duos,
1755 1367 2015 1423 Joannem
2055 1370 2525 1422 Mairacomenscm
2557 1374 2609 1419 et
2641 1365 2902 1433 Sergium,
2934 1379 3111 1418 nonne
3145 1343 3360 1417 Samuel

195 1459 387 1517 aperte
423 1464 735 1508 exsecratur
772 1458 885 1525 (r)?
937 1456 1150 1511 Utinam
1197 1469 1251 1513 et
1298 1458 1527 1513 Zenonis
1569 1459 1852 1512 llenotiron
1910 1468 2073 1527 atque
2124 1459 2395 1512 Anastasii
2451 1458 2793 1527 prmdictique
2836 1456 3065 1511 Zenonis
3114 1456 3360 1526 dogmata

192 1539 355 1610 nigro
387 1555 535 1610 teque
573 1545 751 1613 lapillo
788 1548 1022 1616 signaret
1059 1549 1135 1620 (ά)
1167 1551 1179 1601 l
1231 1550 1346 1604 Nisi
1398 1552 1535 1605 forte
1590 1551 1851 1605 Samuelis
1894 1552 1946 1603 hi
1987 1553 2090 1604 loci
2130 1552 2434 1616 interpolati
2473 1558 2599 1605 sunt
2635 1551 2701 1604 ab
2738 1552 2803 1605 iis
2838 1552 3031 1619 quibus
3069 1547 3363 1605 Chalcedo-

199 1648 373 1688 nense
410 1639 695 1691 concilium
734 1641 1045 1709 displicuit;
1088 1643 1229 1711 quod
1268 1659 1435 1713 genus
1476 1644 1941 1712 interpolationum
1980 1643 2105 1695 alibi
2144 1658 2357 1711 quoque
2416 1644 2471 1696 in
2527 1641 2791 1699 Samuelis
2839 1644 3113 1697 codicibus
3162 1643 3357 1711 depre-

188 1723 501 1780 hendimus.
545 1727 948 1790 SedSamuelis
997 1718 1368 1790 orthodoxiam
1408 1740 1480 1791 nil
1519 1739 1881 1791 vehementius
1916 1738 2267 1798 commendat,
2292 1753 2449 1805 quam
2488 1739 2629 1804 quod
2669 1738 2714 1792 is
2744 1739 2795 1792 in
2827 1738 3012 1807 Degha:
3050 1740 3362 1807 patriarcha

187 1812 443 1866 clientela
495 1814 634 1873 luit.
682 1819 836 1886 cujus
886 1823 1119 1877 hominis
1168 1826 1408 1878 doctrina
1461 1826 1723 1879 catholica
1778 1842 1843 1880 ex
1897 1826 2137 1893 ejusdem
2192 1827 2409 1893 scriptis
2459 1828 2728 1895 rebusque
2790 1830 2954 1898 gestis
2994 1832 3359 1898 cognoscitur.

187 1898 436 1970 Namque
470 1902 645 1974 Degha
684 1908 897 1977 scriptis
936 1911 1126 1965 litteris
1166 1910 1262 1982 (et
1297 1904 1510 1980 quidem
1550 1914 1710 1965 etiam
1753 1912 1817 1965 ad
1857 1912 2207 1967 Caelestinum
2260 1912 2327 1965 lll
2375 1914 2606 1982 papam)
2659 1916 3131 1987 Monophysitieam
3160 1920 3362 1985 ,labem

190 1992 500 2049 insectatus
537 2004 659 2061 cst,
699 2009 885 2053 coacta
926 2012 1102 2056 autem
1143 2006 1348 2073 synodo
1387 2006 1529 2058 circa
1568 2020 1687 2059 eum
1731 2007 1902 2073 ipsum
1945 2022 2171 2068 annum,
2209 2022 2316 2074 quo
2354 2007 2643 2061 Clerunicon
2684 2006 2947 2063 Samuelis
3002 2002 3355 2077 concluditur,

195 2087 343 2144 duas
377 2091 691 2147 solemniter
731 2094 933 2150 Christi
972 2106 1192 2152 naturas
1223 2096 1298 2152 'ab
1335 2098 1603 2153 Armeniis
1642 2100 2060 2167 pronuntiandas
2100 2100 2308 2153 curavit
2366 2100 2453 2168 te).
2509 2099 2747 2169 Denique
2784 2102 2920 2172 quod
2962 2102 3129 2154 sancti
3167 2076 3359 2154 nomen

186 2179 389 2237 Joauni
427 2183 673 2240 Ozniensi
712 2189 936 2257 largitur
974 2191 1193 2246 Samuel
1234 2193 1311 2262 (ί)
1344 2232 1360 2256 ,
1402 2192 1455 2245 in
1497 2194 1682 2261 printis
1715 2192 1991 2246 sciendum
2028 2200 2109 2246 est
2134 2232 2148 2256 ,
2186 2193 2591 2248 criminationes
2623 2196 2881 2248 adversus
2913 2195 3054 2247 hunc
3093 2194 3358 2247 hominem

188 2277 430 2332 inventis
465 2295 663 2348 nupera
706 2289 859 2335 aetate
899 2280 1232 2335 documentis
1270 2298 1586 2350 magnopere
1639 2282 1804 2337 fuisse
1843 2282 2040 2337 fractas
2067 2323 2081 2346 ,
2122 2282 2476 2352 eamdemque
2515 2299 2544 2336 a
2586 2284 3011 2354 Menephysitiea
3051 2286 3364 2353 suspicione

189 2366 479 2420 liberatum
522 2370 614 2439 (g).
656 2368 720 2422 Et
756 2370 971 2439 quidem
1009 2372 1062 2424 in
1103 2380 1335 2425 veterum
1390 2373 1604 2441 scriptis
1657 2373 1828 2427 sancti
1882 2389 2074 2427 nomen
2128 2374 2304 2428 civilis
2365 2375 2734 2429 tantummodo
2790 2377 3087 2443 privatique
3144 2373 3363 2429 honoris

187 2474 363 2515 causa
403 2461 666 2515 interdum
705 2463 995 2516 tribuitur:
1035 2462 1269 2516 Joannes
1303 2473 1475 2516 autem
1518 2464 1604 2516 hic
1640 2464 1923 2517 Ozniensis
1991 2466 2043 2517 in
2100 2478 2253 2517 saera
2306 2463 2680 2517 Armeniorum
2737 2464 3053 2539 Kalendaria
3112 2466 3365 2531 pleraque

189 2570 307 2609 non
358 2564 441 2610 est
477 2558 695 2611 relatus.
738 2556 990 2611 Miramur
1025 2558 1149 2611 item
1192 2559 1513 2627 singularem
1556 2558 1817 2613 Samuelis
1871 2560 1924 2611 in
1978 2559 2223 2627 religiosa
2279 2559 2507 2613 historia
2556 2558 2838 2613 scribenda
2876 2555 3355 2622 tran‘ruillit'tem,

187 2661 322 2699 cum
363 2654 537 2702 tamen
571 2647 760 2702 Oriens
793 2648 999 2717 magnis
1040 2646 1331 2701 factionum
1371 2646 1599 2703 flammis
1628 2649 1773 2702 muni
1808 2657 2046 2717 tempore
2075 2650 2358 2703 exarserit.
2389 2650 2546 2704 Certe
2576 2648 2851 2718 permultis
2879 2646 3363 2701 controversiarum

191 2740 397 2793 harum
438 2742 794 2810 scriptoribus
832 2749 1041 2794 tantum
1080 2757 1219 2811 saepe
1256 2742 1488 2795 furorem
1528 2743 1926 2797 dissensionum
1967 2751 2131 2797 aestus
2169 2742 2364 2810 objecit
2389 2782 2403 2806 ,
2447 2750 2505 2796 ut
2541 2756 2723 2797 eorum
2774 2746 2975 2792 mentes
3024 2736 3163 2791 haud
3208 2734 3367 2790 \alde

188 2826 381 2880 absint
418 2828 484 2880 ab
522 2830 768 2890 insania,
812 2828 1007 2881 nedum
1054 2827 1222 2881 facilis
1260 2828 1438 2884 aditus
1473 2831 1685 2883 veritati
1741 2830 2091 2907 relinquatur.
2141 2830 2303 2898 Atqui
2349 2846 2483 2899 opus
2529 2840 2610 2885 est
2650 2838 2707 2882 ut
2754 2829 3092 2883 Christianus
3138 2826 3363 2893 quisque

188 2914 409 2969 lenitati
433 2955 448 2977 ,
488 2917 924 2980 mansuetudini,
964 2926 1323 2988 prattereaque
1354 2920 1576 2986 unitati,
1606 2920 1905 2973 concordia:
1936 2927 1988 2973 et
2023 2915 2333 2973 obedientize
2365 2920 2573 2973 studeat
2600 2939 2611 2973 :
2644 2918 2877 2987 alioquin
2915 2917 3191 2983 videamus
3218 2954 3231 2976 ,
3267 2908 3365 2980 per

188 3000 368 3057 Deum
409 3003 796 3058 immortalem!
840 3019 995 3072 quem
1038 3004 1089 3057 in
1127 3005 1303 3059 locum
1344 3021 1432 3059 res
1470 3021 1654 3061 sacras
1692 3015 2042 3076 perventuras
2082 3016 2352 3075 putemus.
2397 3005 2498 3060 Sed
2536 3008 2655 3074 quis
2691 3007 2903 3062 demum
2963 3004 3222 3059 Samuelis
3270 3018 3360 3055 or-

188 3096 506 3149 thodoxiam
544 3109 651 3151 non
687 3112 754 3150 ex
785 3111 847 3150 ea
886 3093 1194 3148 narratione
1233 3102 1546 3160 auguretur,
1586 3110 1692 3163 qua
1731 3094 2046 3165 Gregorium
2078 3094 2442 3164 patriarcham
2484 3094 2549 3146 lll
2587 3096 2895 3149 Armenium
2935 3111 2963 3148 a
3000 3094 3360 3148 Romanorum

186 3190 414 3259 regibus
460 3199 615 3260 atque
668 3189 1007 3261 pontificibus
1058 3201 1266 3239 sunnno
1315 3186 1519 3241 honore
1570 3188 1813 3241 affectum
1865 3189 2123 3257 gloriatur
2162 3188 2263 3256 (Ιι),
2324 3201 2554 3255 eumque
2592 3187 2655 3240 ad
2692 3184 3139 3257 Jeresolymorum
3179 3183 3360 3235 urbem

186 3279 501 3349 profectum
525 3321 540 3346 ,
576 3296 605 3334 a
645 3280 851 3335 Latinis
886 3282 957 3336 ibi
994 3283 1336 3351 versantibus
1374 3282 1730 3337 orthodoxam
1768 3300 1886 3338 esse
1919 3284 2218 3351 judicatum
2243 3323 2257 3348 ,
2299 3290 2351 3336 et
2389 3296 2607 3336 summo
2635 3282 2809 3335 studio
2834 3282 3080 3349 omnique
3107 3278 3362 3332 charitate

185 3368 494 3423 dilectum:
533 3385 639 3440 qua
677 3386 735 3425 re
771 3371 999 3423 mirifice
1034 3373 1332 3427 delectatus
1372 3370 1629 3437 Samuel,
1671 3374 1794 3426 hinc
1836 3375 1939 3427 sibi
1976 3372 2187 3427 demum
2226 3372 2559 3440 exploratum
2614 3374 2732 3435 ait,
2772 3380 2976 3439 gentem
3028 3384 3176 3422 suam
3226 3382 3364 3419 nun-

186 3476 362 3531 quam
400 3466 629 3533 supremi
668 3463 913 3518 Nnminis
949 3465 1115 3533 gratia
1148 3465 1459 3518 excidisse?
1494 3466 1609 3518 Jam
1650 3466 1780 3518 illud
1820 3473 2030 3534 quanta:
2071 3466 2292 3533 justitiae
2343 3473 2445 3530 est,
2502 3463 2643 3533 quod
2696 3470 2877 3516 narrat
2922 3461 3229 3530 Gregorium
3269 3475 3364 3528 pa-

183 3558 489 3610 triarcham
528 3558 677 3621 valde
716 3558 1099 3627 improbavisse
1155 3556 1528 3611 Armeniorum
1580 3560 1782 3627 aliquot
1830 3559 2175 3613 defectionem
2234 3558 2301 3611 ah
2352 3558 2677 3611 heterodoxo
2730 3574 2889 3626 rege,
2946 3559 3033 3625 qui
3090 3566 3258 3608 tamen
3307 3561 3362 3608 et

185 3650 519 3704 Christianis
556 3651 726 3706 sacris
764 3646 863 3704 fide
916 3651 1145 3719 obligata
1185 3651 1433 3716 favebat,
1472 3661 1523 3706 et
1557 3652 1675 3720 jure
1714 3653 1974 3720 imperare
2029 3652 2306 3706 videbatur
2365 3651 2484 3719 (2')?
2521 3650 2830 3717 Quanquam
2869 3645 2991 3698 alibi
3033 3641 3364 3696 Saracenicaa

183 3741 569 3810 superstitioni
597 3749 649 3795 et
678 3741 943 3811 tyrannidi
1005 3758 1099 3811 pro
1127 3744 1317 3797 merito
1348 3745 1617 3798 maledicit
1646 3744 1879 3799 Samuel.
1911 3747 2132 3810 Quantae
2160 3761 2350 3798 rursus
2381 3745 2707 3799 fortitudinis
2734 3751 2815 3797 est
2841 3782 2854 3805 ,
2892 3739 3030 3809 quod
3060 3736 3360 3791 Grrecorum

184 3835 503 3906 principum
528 3874 542 3898 ,
611 3851 837 3905 quorum
879 3835 990 3903 ipse
1028 3837 1109 3889 vel
1145 3844 1301 3891 atate
1338 3838 1421 3890 vel
1472 3854 1636 3908 prope
1686 3840 1739 3893 in
1787 3841 1986 3895 dilione
2033 3841 2281 3901 vivebat,
2324 3840 2598 3908 perfidiam
2639 3839 2691 3891 in
2728 3835 2946 3890 Latinos
2983 3843 3139 3901 atque
3177 3830 3363 3898 impie-

184 3937 366 3982 tatem
401 3920 905 3983 adversus‘causam
943 3925 1302 3980 Christianam
1343 3934 1449 3979 tam
1505 3937 1686 3996 aperte
1732 3931 2051 3983 condemnat
2099 3929 2237 3999 (j)?
2285 3927 2397 3981 Nisi
2437 3929 2605 3992 forte,
2645 3928 2785 3996 quod
2825 3929 2877 3977 in
2914 3939 2971 3975 re
3018 3921 3177 3975 simili
3229 3918 3365 3971 dixit

183 4020 662 4091 lﬁeronymusik)
690 4060 705 4082 ,
747 4022 905 4074 timor
941 4017 1030 4071 Dei
1073 4019 1343 4072 hominum
1384 4020 1624 4079 timorem
1662 4023 1894 4091 expellit.
1943 4022 2172 4076 Omnino
2213 4020 2426 4073 Samuel
2474 4018 2737 4087 ejusmodi
2785 4014 3013 4080 scriptor
3045 4017 3165 4071 est,
3204 4022 3362 4079 quem

181 4114 449 4183 genuisse
484 4113 718 4166 Armenii
756 4114 945 4167 merito
982 4114 1302 4182 glorientur,
1342 4113 1585 4185 Eur0p.ei
1624 4126 1805 4186 autem
1842 4132 1986 4171 nunc
2024 4130 2354 4185 cognoscere
2391 4115 2642 4183 gestiant.

254 4344 340 4419 (9)
379 4345 519 4416 Lege
553 4345 861 4416 Serposium
906 4348 1219 4416 Compendio
1270 4352 1498 4415 storico,
1548 4360 1586 4407 t.
1648 4352 1729 4417 ll,
1903 4351 1975 4419 (ῃ)
2014 4339 2152 4418 Lege
2184 4347 2518 4416 Serposium,
2560 4355 2599 4399 t.
2624 4343 2704 4419 lli,
2736 4328 3156 4419 ρηιΞνθόἹἸ-ΞΑἯ
3185 4351 3361 4419 seum.

181 4433 237 4490 Ρ·
378 4407 497 4490 ἓηίῖ·
1036 4407 1045 4416 ’
1484 4407 1495 4415 ⁷
1713 4407 1726 4417 ’
1834 4407 2067 4487 ἰιθίἷιὶμιθ
2091 4407 2412 4473 νδθιωυὶιειιι
2463 4407 2631 4486 ipsius
2668 4407 2949 4470 Oz'niensis
2978 4417 3157 4462 contra
3189 4407 3366 4460 Plias-

250 4486 332 4562 (P)
376 4485 593 4562 Servos,
622 4488 920 4562 Compend,
952 4499 991 4543 t.
1023 4490 1064 4543 ll
1086 4532 1102 4557 ,
1130 4508 1181 4562 p.
1214 4490 1282 4544 46
1307 4499 1360 4544 et
1387 4490 1505 4543 454.
1835 4500 1889 4541 ta
1920 4485 2065 4562 lices.

214 4614 218 4618 ν
259 4558 337 4622 (c)
380 4556 463 4626 Ad
498 4572 585 4611 an.
617 4562 711 4613 Ch.
748 4555 871 4613 645.
908 4555 912 4556 ί
1089 4555 1094 4557 ’
1131 4555 1149 4562 ’
1903 4560 1979 4626 (lu
2020 4556 2095 4608 Ad
2127 4572 2215 4611 an.
2248 4557 2347 4610 Ch.
2382 4555 2537 4626 lilii.

255 4626 339 4693 (ά)
370 4624 465 4695 _Ad
499 4641 585 4678 an.
618 4628 715 4682 (.lt.
747 4627 850 4679 495
878 4636 929 4678 et
958 4628 1076 4684 5H.

918 4628 1076 4684 t5“.
1906 4624 1977 4695 (ί)
2018 4627 2094 4677 All
2130 4642 2217 4677 an.
2251 4628 2349 4678 cu.
2382 4624 2536 4676 μεθ.

251 4688 328 4767 (ej
352 4691 509 4767 _Lege
539 4696 847 4767 Serposinm
878 4695 1183 4767 Campend.,
1217 4705 1257 4754 t.
1291 4696 1367 4765 ll,
1397 4713 1450 4767 p.
1483 4697 1605 4753 446.
1905 4688 1993 4767 υ).
2021 4696 2095 4767 Ad
2128 4710 2215 4767 an.
2250 4696 2347 4767 Ch.
2382 4695 2593 4767 luatl‘et
2622 4688 2758 4767 “50

252 4758 471 4836 (ffAdv'
489 4779 575 4816 an.
609 4758 704 4819 Cb.
742 4766 857 4820 7l8.
1008 4758 1019 4767 ’
1171 4758 1180 4765 ’
1354 4758 1365 4765 ⁷
1397 4758 1417 4767 ’
1712 4782 1715 4784 ·
2019 4763 2237 4831 Prwfat.
2276 4764 2342 4816 ad
2376 4760 2583 4815 Eusebii
2614 4758 2802 4815 Clu'on.
2834 4759 2888 4813 in
2918 4760 3041 4815 tino.
