4098 6328
800 413 904 470 607

1851 398 2190 477 Area-xm
2235 426 2323 478 AD
2363 426 2628 481 ccsean
2665 392 3076 489 cnnoxtcou.
3910 432 3983 488 te

919 633 3979 669 W

1825 812 2386 970 SAMUEMS
2475 819 3013 975 ANIENSIS

1490 1101 2309 1219 SUMMARII
2441 1108 3350 1224 TEMPORUM

2026 1338 2311 1431 PARS
2382 1343 2787 1433 PRIOR.

2099 1704 2759 1800 PROLOGUS.

917 2014 930 2024 .
973 1971 1107 2023 Cum
1144 1978 1254 2023 tres
1299 1970 1352 2022 in
1395 1976 1576 2037 partes
1605 1969 1915 2024 universum
1945 1972 2206 2042 temporis
2238 1990 2362 2044 spa-
2390 1984 2435 2039 Α
2465 1982 2519 2031 et
2553 1974 2834 2028 ministros
2863 1980 2916 2028 et
2950 1974 3201 2027 conscios
3231 1986 3445 2028 arcanae
3482 1974 3788 2029 voluntatis
3814 1988 3919 2028 sua:
3947 1974 4002 2026 fc-

805 2062 938 2112 tium
972 2059 1135 2111 dividi
1168 2060 1358 2121 soleat,
1396 2059 1447 2112 in
1474 2062 1805 2128 praeteritum
1834 2061 2105 2124 \‘l'JCllCCl,
2141 2063 2192 2115 in
2227 2080 2364 2133 prae-

808 2166 930 2205 sens
960 2158 1121 2219 atque
1170 2152 1222 2203 in
1258 2151 1517 2214 futurum,
1564 2151 1813 2206 humana:
1859 2162 2037 2206 tamen
2069 2156 2363 2211 Voluntatis

805 2241 1018 2296 affectio
1048 2243 1112 2295 ad
1156 2243 1409 2310 pt'tllerili
1456 2242 1631 2311 magis
1671 2252 1833 2311 atque
1870 2242 2059 2308 futuri,
2097 2260 2260 2314 quam
2297 2248 2365 2300 ad

807 2337 1087 2405 prazsentis
1133 2335 1498 2403 cognitionem
1541 2334 1667 2387 ferri
1719 2335 1949 2388 videtur.
1993 2335 2110 2390 Jam
2156 2337 2270 2393 fore
2308 2347 2364 2391 ut

808 2430 1072 2483 homines.
1110 2431 1222 2482 sive
1268 2428 1409 2481 sacri
1465 2427 1579 2481 sive
1608 2425 1844 2497 profani,
1892 2429 1979 2481 illa
2015 2432 2193 2498 potius
2237 2441 2366 2485 tem-

805 2537 933 2588 pora
960 2520 1313 2590 inquirerent,
1341 2517 1531 2572 dicina:
1559 2535 1775 2589 quoque
1804 2517 2101 2590 Scriptura:
2131 2537 2228 2576 nos
2266 2523 2364 2577 do-

804 2621 947 2671 cent.
977 2610 1410 2680 quamloquidcm
1444 2612 1526 2664 vel
1562 2612 1694 2681 ipsis
1726 2611 2085 2667 familiaribus
2117 2616 2232 2670 suis
2255 2615 2363 2670 aie-

805 2705 893 2758 bat
938 2704 1025 2757 ille
1062 2702 1320 2756 Virilicus
1346 2742 1362 2765 ,
1395 2721 1411 2751 ι
1444 2700 1558 2755 Non
1588 2710 1671 2755 est
1718 2716 1955 2756 vestrum
2001 2720 2163 2759 nosse
2204 2705 2363 2761 horas

802 2804 856 2849 ct
878 2795 953 2863 (Ι)
982 2803 1222 2861 tempora
1252 2809 1371 2862 qua:
1397 2791 1556 2846 Pater
1581 2795 1757 2861 posuit
1783 2777 1832 2846 in
1859 2810 1952 2848 sua
1986 2803 2249 2869 potestate
2269 2798 2306 2849 ‘.
2339 2817 2357 2849 ι

804 2885 958 2950 Quod
998 2886 1213 2938 eli'alum
1259 2900 1366 2938 non
1403 2885 1469 2938 de
1518 2900 1773 2952 supremo
1807 2887 1982 2939 solum
2015 2887 2360 2957 exterminio,

802 2978 894 3032 sed
930 2975 996 3031 de
1031 2976 1365 3044 temporibus
1409 2976 1662 3030 omnibus
1710 2976 1917 3029 idcirco
1953 2980 2361 3045 pronuntiatum

801 3085 961 3125 verax
1004 3069 1093 3122 ille
1125 3067 1390 3122 Eusebius
1420 3068 1495 3120 ait
1521 3066 1619 3135 (2),
1651 3077 1707 3120 ut
1737 3069 1781 3121 si
1816 3070 1906 3138 qui
1942 3078 2068 3124 sunt
2102 3072 2365 3125 curiosio-

803 3180 889 3218 res
922 3171 1083 3232 atque
1131 3162 1311 3215 inania
1364 3169 1692 3218 scrutantes.
1747 3161 1780 3213 ii
1830 3164 2014 3230 paucis
2064 3163 2147 3217 liis
2184 3166 2361 3217 verbis

798 3254 1222 3312 deterrerentur,
1260 3252 1551 3318 quominus
1592 3250 1901 3304 doctrinam
1953 3260 2257 3322 tempormn
2305 3272 2362 3308 se

802 3344 1017 3414 assequi
1064 3360 1223 3413 posse
1252 3350 1397 3397 certa
1442 3344 1669 3397 scicntia
1706 3344 2062 3399 conﬁderent.
2114 3346 2362 3399 Profecto
2398 3324 2434 3377 1³

800 3435 1042 3489 divinum
1081 3434 1180 3486 hoc
1211 3432 1663 3501 Dominicumque
1695 3434 1977 3488 oraculum
2006 3450 2071 3487 co
2096 3436 2363 3504 pi'meipac

805 3527 1027 3581 nomine
1050 3527 1254 3578 editum
1281 3534 1387 3586 cst,
1422 3532 1481 3578 ut
1504 3540 1763 3577 ranarum
1784 3541 1965 3578 rerum
1991 3528 2362 3595 cXpIoratores

802 3621 1018 3672 incusso
1046 3617 1228 3670 labore
1275 3614 1684 3686 snpersedeant.
1718 3616 1848 3683 Qua:
1877 3617 2021 3670 cnim
2049 3618 2263 3687 cognita
2311 3628 2363 3671 et

803 3709 1143 3761 considerata
1180 3709 1431 3761 utilitatis
1478 3709 1683 3777 aliquid
1733 3709 1987 3772 aiTerunt,
2022 3723 2083 3761 ea
2133 3710 2247 3779 ipse
2286 3711 2361 3780 (3)

802 3804 986 3851 docuit
1022 3800 1303 3867 palamque
1338 3799 1464 3853 fecit
1507 3800 1562 3852 in
1596 3799 1925 3869 propheticis
1959 3799 2131 3863 libris,
2164 3800 2363 3868 quibus

803 3894 979 3944 (muria
1029 3908 1093 3944 ex
1138 3890 1327 3945 ordine
1372 3892 1719 3945 continentur
1762 3907 1964 3960 usque.
1996 3892 2061 3946 ad
2120 3893 2360 3945 divinum

805 3981 1039 4036 Verbum
1093 4000 1213 4037 cum
1270 3994 1463 4035 natura
1522 3998 1719 4037 carnea
1769 3983 2144 4051 conjunclnm,
2205 3992 2363 4053 capto

804 4076 960 4128 initio
993 4075 1061 4127 ab
1088 4075 1324 4128 oraculis
1355 4089 1448 4128 ore
1481 4072 1645 4127 Musis
1676 4073 1939 4128 divinitus
1970 4074 2254 4143 erulgatis.

870 4166 925 4220 '2.
965 4165 1082 4218 Jam
1112 4182 1173 4220 ex
1210 4165 1453 4233 plurimis
1496 4166 1615 4234 ejus
1650 4166 1723 4220 rei
1758 4167 1939 4220 causis
1976 4165 2112 4221 duas
2150 4174 2360 4220 tantum

803 4258 1101 4328 prtecipuas
1155 4266 1343 4308 notare
1391 4258 1832 4327 suliiciatzqnod
1881 4258 2111 4311 divinum
2166 4260 2364 4312 scilicet

815 4350 1033 4403 l'erbum
1067 4350 1117 4402 in
1155 4348 1345 4417 primis
1389 4349 1618 4401 voluerit
1668 4366 1729 4404 os
1757 4366 1945 4403 eorum
1981 4353 2358 4420 comprimere.

802 4444 891 4511 qui
923 4455 1203 4496 creaturas
1235 4440 1501 4509 principio
1528 4451 1579 4493 et
1619 4440 1720 4494 line
1743 4449 1991 4495 carentes
2024 4442 2204 4497 dicere
2243 4445 2359 4499 ausi

801 4543 958 4599 sunt;
997 4533 1188 4586 deinde
1218 4550 1434 4588 eversos
1487 4543 1709 4603 paterna
1761 4533 2071 4587 haereditate
2118 4535 2362 4591 homines

800 4644 895 4695 spe
954 4627 1146 4679 l.etitici
1204 4626 1467 4680 adventus
1520 4627 1600 4680 sui
1659 4640 1951 4680 recreare:
1988 4628 2360 4696 superioribus

798 4716 1155 4770 Continuatim
1194 4718 1407 4769 seculis
1453 4718 1808 4771 humanitatis
1851 4732 1879 4770 a
1921 4734 1979 4772 se
2020 4721 2361 4773 assumenda:

800 4812 1112 4879 mysterium
1146 4809 1418 4879 parabolis
1444 4810 1853 4878 visiouilnisque
1875 4811 2237 4876 confirmans;
2265 4827 2361 4882 po-

800 4912 1001 4955 stremo
1026 4909 1201 4954 autem
1229 4900 1622 4969 perfectissima
1654 4903 1880 4955 scientia
1911 4903 2207 4972 discipulos
2230 4920 2359 4959 suos

801 4992 1068 5056 imbuens,
1104 5005 1295 5047 Sancto
1325 4992 1528 5061 Spiritu
1560 4993 1614 5046 in
1644 4994 1862 5048 eosdem
1908 4995 2155 5049 immisso
2182 5013 2194 5049 :
2221 5011 2358 5065 quos

873 5150 887 5179 ¹
926 5148 1044 5203 Act.
1073 5147 1193 5209 1,7.
1270 5149 1290 5178 ³
1329 5145 1493 5201 Marc.
1522 5163 1638 5211 xm,
1665 5146 1753 5200 52.

869 5306 944 5371 (Ι)
988 5304 1059 5355 Ita
1112 5313 1181 5366 et,
1216 5320 1319 5353 non
1358 5305 1450 5362 rei,
1488 5303 1686 5355 habent
1718 5302 1933 5356 Samuel
1976 5306 2210 5372 itemque
2247 5304 2355 5356 Eu-

804 5377 986 5428 sebius
1018 5377 1068 5427 in
1094 5375 1382 5436 l‘ruo-mio,
1405 5392 1501 5425 nec
1537 5391 1637 5425 non
1670 5373 1990 5426 Armeniaca
2014 5379 2128 5443 ipsa
2160 5375 2350 5427 Biblia.

802 5451 867 5497 At
898 5445 1082 5498 Grirca
1118 5456 1169 5496 et
1203 5444 1388 5495 Latia-zu
1427 5443 1615 5502 liiblia,
1644 5442 1739 5496 rel.

871 5516 946 5580 (:1)
990 5516 1042 5567 In
1080 5518 1273 5583 prioris
1306 5515 1427 5567 libri
1461 5512 1748 5567 Prommio.

869 5587 943 5648 (’)
988 5588 1141 5640 licus.

891 5589 905 5602 ’
988 5589 1141 5640 licus.

870 5589 944 5721 iii
988 5658 1119 5709 llini':
1163 5659 1318 5711 dirus
1358 5658 1674 5728 Gregorius,
1722 5657 1789 5712 de
1818 5671 1927 5727 quo
1965 5670 2113 5719 mox,
2160 5654 2355 5709 dicitur

799 5730 956 5787 vii-,0
1000 5728 1351 5782 Illiuninrttor.
2015 5741 2017 5744 ⁴

873 5800 947 5855 {1-)
994 5798 1214 5851 Videtur
1246 5800 1532 5852 dicendum
1574 5796 1807 5853 Faustus
1843 5795 2188 5866 Byzantinus.

871 5868 947 5937 (ὃ)
990 5869 1186 5923 Ubscui
1204 5884 1262 5923 us
1286 5872 1366 5923 rei
1387 5878 1673 5939 corruptus
1687 5871 1899 5924 videtur
1917 5868 2001 5921 hic
2028 5868 2173 5922 locus
2195 5866 2244 5921 in
2267 5865 2357 5919 Sa-

2466 2066 2560 2128 cit,
2603 2078 2891 2132 rerumque
2933 2061 3281 2117 ineti‘abilium
3332 2064 3556 2132 gnaros,
3599 2079 3835 2132 quarum
3881 2065 4001 2117 lucu-

2467 2159 2612 2210 lento
2642 2155 2929 2224 splendore
2965 2162 3226 2209 creatura:
3264 2155 3537 2208 universa:
3574 2164 3839 2209 saturata!
3881 2160 3999 2210 sunt.

2468 2247 2725 2301 llomiues
2763 2245 2926 2316 igitur
2955 2247 3195 2299 omnium
3243 2260 3425 2300 rerum
3474 2254 3702 2302 naturas
3740 2247 3928 2307 edocti.
3951 2245 4002 2301 de

2466 2336 2771 2407 printer-itis,
2810 2337 3170 2406 praesentibus
3208 2344 3370 2405 atque
3403 2335 3603 2392 tuturis
3640 2338 3884 2393 seribere
3923 2352 3999 2405 ag.

2465 2430 2824 2500 gressisunt,
2864 2436 3047 2499 utpote
3076 2430 3144 2483 ab
3174 2428 3319 2482 illius
3362 2429 3576 2484 veracis
3607 2429 3892 2500 discipulis
3926 2444 4005 2482 no-

2466 2523 2612 2575 tione
2642 2519 2887 2576 veritatis
2929 2520 3118 2573 imbuti
3144 2538 3156 2572 :
3182 2527 3294 2573 tum
3333 2519 3497 2573 etiam
3532 2519 3925 2577 disertissimus
3954 2526 3999 2571 et

2465 2612 2904 2683 sapientissimus
2948 2613 3177 2681 quisque
3207 2610 3274 2665 ad
3316 2611 3677 2668 elaborandas
3714 2613 3887 2683 gentis
3915 2623 4004 2664 sua

2464 2703 2923 2772 clironograpliias
2949 2701 3211 2755 incubuit.

2532 2796 2585 2850 ’5.
2629 2794 2777 2860 Quos
2816 2794 2957 2847 inter
2986 2793 3214 2863 (primos
3259 2792 3485 2864 inquam
3532 2795 3773 2866 itemque
3802 2791 4005 2848 novissi‘

2466 2887 2602 2954 mos)
2636 2885 3028 2953 amplissimum
3060 2883 3343 2954 dignitatis
3373 2886 3553 2939 locum
3588 2888 3779 2943 beatus
3806 2886 3892 2939 ille
3918 2882 4005 2936 Eu-

2464 2979 2648 3033 sebius
2690 2978 2966 3032 obtinuit:
3010 2976 3206 3031 deinde
3239 2976 3495 3034 Socrates
3538 2978 4000 3049 bistoriograpbus.

2464 3070 2662 3139 aliique
2692 3070 3023 3138 complures.
3061 3068 3270 3123 Nostrte
3300 3085 3463 3138 porro
3486 3072 3663 3141 gentis
3691 3072 3915 3141 primum
3933 3068 4002 3119 aio

2466 3161 2785 3215 historicum
2823 3160 2991 3213 fuisse
3020 3159 3476 3228 Agatliangelum,
3501 3162 3595 3230 qui
3627 3162 3871 3230 origines
3888 3173 3999 3211 stn-

2466 3253 2571 3320 psit
2618 3251 3036 3305 illuminationis
3072 3250 3147 3321 (4)
3196 3251 3578 3305 Armeniorum
3628 3262 3859 3306 curante
3902 3249 4000 3302 diro

2465 3343 2747 3413 Gregorio.
2782 3343 2940 3412 cujus
2970 3343 3131 3396 etiam
3165 3342 3483 3396 multimoda
3514 3343 3772 3413 patientia
3799 3340 3995 3396 mirabi-

2466 3435 2589 3488 liter
2627 3434 2897 3487 inclaruit.
2949 3433 3181 3489 Secutus
3220 3441 3305 3489 est
3337 3432 3518 3490 Moses
3547 3435 3912 3492 Cliorenensis
3934 3434 3999 3487 lii-

2466 3526 2664 3581 storica
2692 3526 3043 3579 veridicentia
3084 3526 3398 3596 prmnobilis
3427 3546 3441 3581 :
3470 3527 3670 3583 deinde
3695 3528 3935 3593 Elisams,
3961 3534 4000 3577 εί

2465 3615 2703 3669 Lazarus
2752 3624 2806 3669 et
2850 3614 3103 3678 Faustus,
3158 3616 3250 3685 qui
3300 3623 3355 3669 et
3402 3613 3700 3684 Byzantius
3727 3616 3829 3685 (5).
3873 3612 4001 3685 paulo

2464 3709 2741 3777 antiquior
2788 3708 3086 3761 historicus
3114 3726 3127 3761 :
3155 3722 3257 3762 nee
3304 3723 3413 3761 non
3463 3706 3743 3762 Ileraclius
3800 3723 3837 3759 ει
3870 3706 3999 3761 Scbio

2463 3800 2717 3867 episcopo
2757 3797 3007 3852 laudatus
3032 3796 3131 3868 (6),
3173 3807 3290 3852 tum
3336 3806 3389 3851 et
3423 3795 3680 3852 Leontius
3722 3800 3999 3869 presbyter.

2463 3898 2515 3944 ct
2542 3889 2833 3950 Sabuliius,
2861 3897 2915 3942 et
2949 3889 3202 3944 dominus
3229 3887 3493 3952 Joannes,
3520 3898 3574 3944 et
3599 3892 3901 3958 posteriore
3930 3890 4000 3941 de-

2464 3996 2611 4033 mum
2638 3987 2795 4033 actate
2829 3979 3141 4049 Stephanus
3164 3979 3378 4045 doctor,
3419 3991 3779 4051 cognomento
3812 3980 4002 4039 Asolni-

2463 4073 2620 4127 chius
2649 4074 2747 4141 (7).
2780 4071 2955 4142 Atque
2995 4071 3049 4124 bi
3080 4071 3148 4126 de
3194 4073 3359 4129 rebus
3386 4072 3745 4135 Armeniacis,
3788 4076 4002 4142 itemque

2465 4164 2553 4217 alii
2616 4164 2835 4233 plurimi
2896 4163 2963 4217 de
3034 4165 3263 4235 singulis
3318 4167 3610 4236 gentibus,
3686 4168 4002 4220 narrationes

2464 4272 2590 4310 suas
2617 4264 2904 4309 texuerunt
2926 4256 3300 4310 tantummodo
3329 4264 3451 4326 post
3480 4257 3741 4311 Adamum
3769 4258 4002 4328 paradiso

2462 4351 2763 4413 emissum,
2829 4351 2937 4403 vita
3002 4349 3122 4418 ejus
3176 4364 3339 4418 quam
3412 4349 3467 4403 in
3521 4349 3771 4420 paradiso
3849 4348 4004 4419 exegit

2463 4442 2663 4495 omissa
2683 4441 2777 4512 (8).
2815 4483 2829 4496 .
2867 4484 2880 4496 .
2919 4481 2935 4496 .
2967 4444 3042 4495 uti
3077 4442 3339 4499 Dominus
3367 4441 3565 4507 aiebat,
3599 4440 3737 4496 diem
3764 4441 4002 4496 nimirum

2462 4541 2515 4589 et
2545 4535 2755 4591 horam.
2808 4549 2916 4603 qua
2959 4534 3031 4588 sit
3081 4533 3198 4604 ipse
3244 4540 3528 4595 venturus,
3557 4547 3587 4586 a
3637 4532 3858 4587 nemine
3900 4538 4004 4585 ante

2465 4626 2717 4696 cognosci
2743 4627 2762 4656 ¹
2800 4644 2812 4678 :
2845 4641 2966 4694 quae
2999 4626 3160 4680 verba
3195 4640 3318 4680 cum
3361 4625 3427 4678 ad
3458 4623 3679 4694 angelos
3718 4621 4004 4692 Filiumquc

2464 4722 2640 4789 ipsum
2683 4719 2949 4779 retulerit,
2993 4717 3470 4788 interrogationem
3503 4717 3642 4771 hanc
3673 4724 4001 4770 commovet:

2460 4812 2622 4881 Atqui
2675 4811 2720 4866 si
2772 4818 2891 4865 erat
2925 4812 3040 4880 ipse
3086 4823 3376 4871 venturus,
3406 4823 3639 4879 quonam
3682 4807 3825 4862 idem
3869 4815 4006 4876 pacto

2463 4905 2651 4958 horam
2685 4903 2991 4969 nesciebat?
3020 4901 3160 4970 Ergo
3201 4916 3272 4956 ne
3318 4914 3553 4956 uuerore
3582 4903 3727 4969 ipsos
3767 4896 4004 4954 micet-et.

2462 4994 2516 5049 id
2550 4997 2618 5050 ab
2647 5010 2713 5050 eo
2737 4996 2939 5050 dictum
2970 4995 3241 5049 existimo.

2462 5305 2651 5357 mueiis
2678 5304 2980 5357 codicibus.
3014 5300 3167 5368 Quod
3193 5313 3369 5357 autem
3394 5303 3588 5356 merito
3607 5299 4002 5362 mireris,etiant

2465 5374 2770 5443 Smplianns
2813 5374 3158 5427 Asr-Inieliius
3203 5373 3256 5426 in
3310 5389 3421 5428 sine
3464 5368 4001 5443 Historicel’rotrmio

2462 5440 2708 5567 cuiiniblem
2738 5445 2882 5497 hunc
2906 5446 3082 5497 locum
3110 5443 3297 5499 eadem
3325 5444 3656 5499 obscuritate
3679 5440 3997 5493 laborantem

2462 5530 2524 5567 cx
2552 5532 2580 5565 ιι
2624 5522 2696 5567 et.

2500 5530 2580 5565 .‘lll
2659 5530 2696 5567 ι.

2461 5530 2723 5705 οῗξτῗρυε
2749 5585 2837 5638 liis
2882 5582 3153 5640 Armeniis
3202 5581 3483 5638 historicis
3514 5581 3640 5636 alibi
3684 5579 3994 5651 ioqucodura

2461 5671 2528 5705 vn
2555 5665 2693 5705 (ηυγ.

2461 5665 2693 5707 Videtur.

2463 5794 2476 5806 .
2532 5726 2611 5805 (8)_
2649 5724 2757 5848 ιιοῗ
2788 5724 2905 5776 loco
2946 5725 2999 5780 in
3032 5723 3399 5781 emendatiore
3430 5721 3697 5778 Samuelis
3721 5716 3994 5792 exemplari

2463 5805 2709 5848 ιηιιιιιιιιι·
2759 5810 2950 5848 aruna.

2463 5805 2709 5849 ιηιιιιιιιιι·
2741 5805 2950 5848 lat’Ullﬂ.

4072 856 4083 875 Ἰ

4078 882 4085 891 α
