4098 6328
164 443 285 497 813

166 651 300 699 nieo
330 654 499 701 exstet
521 686 533 707 ,
567 655 916 716 praeterquam
947 649 1085 717 apud
1132 648 1399 703 eruditum
1430 650 1715 717 quemdam

165 737 619 805 ingeniosumque
688 736 880 806 Syrum
971 736 1289 805 hominem;
1366 740 1717 794 nihilominus

168 827 337 896 plane
377 827 531 881 nobis
581 837 833 882 constare
882 828 1245 883 Mcstraimum
1293 818 1537 885 eumdem
1598 845 1721 885 esse

164 920 335 982 atque
372 913 734 975 Mezraimum.
786 918 875 985 qui
918 917 1131 985 quidem
1180 917 1444 988 Asgyptus
1489 920 1717 983 videtur,

163 1004 249 1054 uti
304 1001 603 1058 Nebrothus
659 1004 814 1057 Belus
860 1015 961 1059 est.
1012 1025 1030 1057 ι
1079 1005 1195 1060 Jain
1229 1016 1281 1062 et
1324 1009 1515 1061 harum
1557 1009 1721 1061 trium

162 1092 410 1161 gentium
440 1094 519 1147 sic
550 1095 863 1148 laterculum
890 1096 1104 1164 digerit.

275 1181 469 1237 Semus
546 1222 560 1236 .
638 1220 654 1237 .
727 1184 961 1240 Chamus
1009 1225 1022 1240 .
1099 1225 1114 1237 .
1192 1226 1207 1239 .
1279 1186 1555 1243 Jabcthus.

272 1274 652 1343 Arphaxades.
726 1275 947 1331 Chusus
1010 1317 1026 1333 .
1102 1316 1118 1331 .
1198 1316 1214 1331 .
1289 1277 1570 1333 Gamerus.

271 1362 561 1417 Caiuanus.
643 1404 657 1417 .
704 1358 1073 1420 -Mestraiin‘us
1113 1404 1126 1417 .
1203 1405 1219 1422 .
1297 1365 1479 1420 Thira.

272 1452 399 1505 Sala
455 1491 470 1506 .
546 1493 560 1505 .
640 1492 655 1506 .
728 1453 1035 1511 Nebrothus
1108 1495 1122 1509 .
1200 1499 1212 1510 .
1289 1457 1647 1525 Thorgomus.

272 1540 559 1597 'lleberus.
639 1584 655 1597 .
732 1544 924 1599 Babius
1013 1584 1029 1599 .
1105 1585 1119 1598 .
1197 1586 1208 1599 .
1286 1546 1505 1601 Haicus.

269 1631 553 1688 Phaieeus.
637 1674 651 1686 .
729 1635 929 1689 Anehis
1014 1679 1025 1689 .
1105 1677 1118 1689 .
1196 1676 1210 1688 .
1285 1637 1633 1690 Armenacus.

267 1722 558 1792 Ragavus.
637 1765 652 1779 .
726 1725 952 1779 Arbelus
1011 1765 1025 1779 .
1103 1765 1116 1778 .
1195 1765 1210 1780 .
1280 1727 1569 1779 Armais.-

268 1814 568 1869 Seruchus.
645 1857 657 1869 .
732 1806 976 1870 Climalus
1016 1855 1030 1869 .
1107 1855 1122 1870 .
1199 1853 1215 1868 .
1289 1816 1527 1869 Amasia.

271 1903 574 1963 Nachorus.
640 1946 653 1959 .
727 1905 954 1960 Arbelus
1013 1946 1026 1959 .
1104 1946 1117 1960 .
1196 1944 1210 1960 .
1286 1906 1559 1959 Celamus.

268 1993 467 2048 Thara.
549 2035 563 2049 .
637 2038 649 2049 .
724 1994 951 2077 Ninus
1012 2037 1023 2049 .
1102 2037 1115 2049 .
1191 2036 1206 2050 .
1279 1994 1498 2049 Harma.

278 2085 653 2141 A‘brahamus.
725 2086 925 2158 Ninyas
1014 2127 1029 2141 .
1106 2126 1119 2139 .
1200 2127 1213 2139 .
1284 2086 1536 2140 Aramus.

235 2174 291 2227 3.
343 2174 543 2229 Deinde
566 2176 711 2229 addit
749 2195 761 2231 :
814 2194 832 2227 ι
873 2176 926 2229 ln
955 2175 1143 2230 Chami
1189 2176 1403 2246 quidem
1440 2191 1612 2243 usque
1657 2175 1725 2229 ad

163 2262 366 2315 Ninum
394 2266 647 2333 progenie
685 2280 876 2327 annos,
908 2266 1105 2334 quibus
1132 2268 1359 2335 quisque
1388 2265 1714 2333 procreavit,

155 2364 439 2418 nusquam
481 2354 1041 2421 expressos'reperiri,
1081 2354 1163 2407 vel
1205 2354 1270 2407 ad
1302 2368 1401 2407 nos
1433 2361 1580 2407 certe
1611 2369 1722 2407 non

161 2440 483 2509 pervenisse
514 2458 527 2492 :
560 2448 670 2492 tum
703 2448 756 2495 et
800 2441 867 2495 de
895 2441 1119 2496 Jabetho
1145 2451 1331 2496 nostro
1358 2443 1491 2496 satis
1516 2453 1723 2496 certum

155 2528 305 2581 nihil
350 2526 532 2592 tradi;
582 2528 929 2605 nihilominus
968 2535 1270 2597 expositum
1313 2530 1506 2583 harum
1556 2530 1723 2583 trium

165 2618 496 2671 familiarum
530 2634 696 2688 genus
725 2628 946 2675 eatenus
978 2636 1098 2675 esse
1139 2620 1498 2683 verissimum,
1538 2629 1724 2690 quate-

164 2722 273 2760 nus
322 2708 721 2774 procreationes
768 2709 1015 2763 undecim
1062 2720 1189 2767 sunt
1230 2725 1401 2779 usque
1444 2711 1510 2765 ad
1551 2711 1721 2763 Abra-
1766 2728 1769 2729 ν

166 2796 431 2856 hamum,
501 2795 726 2866 Ninyam
788 2799 1262 2868 atqueAramum.
1326 2803 1514 2858 Annus
1580 2806 1722 2858 enim

164 2886 548 2939 duodecimum
592 2888 764 2940 locum
806 2891 1012 2947 obtinet
1034 2894 1411 2963 posteriorque
1434 2893 1571 2948 Nino
1593 2904 1673 2949 est
1704 2913 1717 2947 :

168 2975 422 3043 idemque
453 2977 643 3029 acerba
669 2984 823 3033 aetate
864 2990 1085 3033 mortem
1119 2982 1251 3035 ohiit
1294 2996 1322 3034 a
1369 2982 1722 3039 Samiramidc

166 3081 368 3121 caesus.
414 3084 432 3116 ι
470 3065 543 3120 De
574 3067 655 3122 bis
685 3076 864 3122 autem
900 3069 1040 3122 haud
1075 3080 1158 3124 est
1186 3087 1282 3125 cur
1311 3075 1592 3142 quisquam
1622 3074 1721 3126 du-

169 3156 491 3209 bitationem
540 3172 647 3225 pra:
692 3173 749 3213 se
784 3156 937 3211 ferat.
971 3157 1177 3229 Quippe
1236 3162 1308 3214 ait
1352 3180 1365 3214 :

168 3261 402 3315 quzeque
432 3261 495 3300 ex
526 3247 691 3301 variis
717 3248 955 3302 historiis
988 3264 1085 3315 pro
1118 3251 1255 3303 virili
1290 3259 1439 3320 parte
1479 3252 1723 3321 decerpsi

168 3351 297 3405 qua
330 3351 361 3389 a
405 3338 619 3390 nemine
656 3338 917 3405 prudente
940 3349 1307 3408 Oppugnatum
1344 3341 1406 3393 iri
1438 3350 1586 3410 puto,
1620 3342 1725 3397 nisi

168 3425 343 3492 aliqui
386 3423 521 3477 forte
555 3425 793 3477 veritatis
824 3427 1224 3494 exstinguenda:
1249 3428 1538 3495 cupiditate
1576 3430 1726 3483 labo-

168 3522 333 3568 rant:
356 3513 446 3581 qui
477 3513 523 3567 si
550 3514 639 3582 qui
670 3523 817 3577 sunt,
848 3514 1021 3569 istboc
1052 3516 1263 3584 quidem
1287 3534 1347 3572 se
1379 3528 1534 3586 pacto
1555 3536 1726 3589 quan-

168 3612 290 3657 tum
315 3602 445 3655 libet
474 3604 760 3657 oblectent.
795 3623 814 3654 ι

245 3692 301 3745 4.
350 3689 455 3744 Nos
495 3692 656 3761 igitur
694 3693 804 3761 jam
848 3693 972 3747 inde
1015 3706 1044 3744 a
1087 3695 1259 3749 tribus
1292 3682 1503 3751 'Noachi
1545 3699 1726 3752 liberis

169 3796 351 3849 usque
420 3780 485 3835 ad
547 3782 713 3835 divini
771 3782 929 3839 Verbi
986 3786 1363 3840 revelationeni
1413 3790 1721 3859 singillatim

168 3872 420 3927 scribere
461 3872 765 3931 ordiamur.
807 3874 1038 3942 primum
1083 3878 1295 3944 quidem
1344 3875 1485 3930 Semi
1532 3894 1726 3947 prepa-

167 3964 378 4035 ginem,
425 3960 618 4015 deinde
664 3961 879 4026 Chami,
915 3974 1188 4032 postremo
1234 3967 1452 4021 labethi.
1486 3969 1722 4031 Semum,

167 4050 382 4106 Noaehi
425 4057 605 4102 natum
658 4054 973 4117 maximum,
1019 4062 1203 4121 gentes
1254 4066 1448 4110 exterae
1497 4057 1725 4112 Zeruani

168 4140 398 4195 nomine
426 4140 703 4209 denotant,
739 4139 1005 4194 Cbamutn
1036 4141 1236 4204 Titani,
1280 4145 1556 4199 labethum
1589 4146 1725 4215 lapi-

166 4229 358 4285 tostis.
400 4228 580 4298 Neque
615 4230 699 4284 his
741 4232 938 4297 solum,
970 4248 1150 4287 verum
1184 4235 1342 4287 etiam
1382 4237 1601 4305 reliquis
1634 4252 1726 4305 pa-

166 4320 435 4375 triarchis
458 4331 614 4391 capto
649 4321 800 4375 initio
830 4322 898 4376 ab
924 4323 1127 4378 Adamo
1154 4325 1452 4382 inconditas
1491 4330 1725 4396 appella-

169 4413 356 4466 tiones
395 4409 667 4483 alIingunt,
711 4418 873 4480 atque
916 4427 1178 4466 annorum
1220 4429 1502 4469 nmnerum
1536 4418 1725 4469 unius—

976 441 1317 498 sanusus
1357 443 1666 499 ANlENblS
1708 443 2037 499 suumau
2076 440 2455 498 TEMPORUM
2494 440 2668 496 PARS
2702 426 2742 494 ι,

164 557 460 623 exemplari
492 566 763 612 exaratum
796 570 1269 627 occurrat,.neque
1311 562 1364 612 in
1401 560 1511 612 ullo
1544 559 1718 612 Chro-
1746 565 1793 622 Α
1888 559 1975 613 Vl.

1752 1879 1799 1937 B

1798 2028 1799 2031 η
1823 2008 1930 2061 quo
1949 1992 2178 2046 Chaldaei
2201 2012 2215 2060 ;
2235 1994 2435 2055 Ludus,
2462 2010 2490 2045 a
2513 2009 2618 2060 quo
2639 1992 2763 2061 Lydi
2799 1992 2907 2061 (Ξὸ)
2934 2010 2947 2055 ;
2978 1993 3209 2060 denique
3237 1995 3372 2044 Ara-

1425 3180 1440 3211 ι
1477 3162 1718 3215 Certiora
1748 3192 1790 3249 ο

3262 436 3368 502 διδ

2069 559 2293 614 Jaredus
2355 599 2370 613 .
2450 599 2464 614 .
2536 599 2549 611 .
2626 558 2875 611 Davonus
2904 557 3041 613 saris
3066 574 3117 612 ι.

1887 650 1997 703 Vll.
2068 650 2318 704 Enochus
2353 693 2365 703 .
2445 692 2457 704 .
2535 687 2553 703 .
2627 646 3363 705 Evendorachussarisxvm.

1889 740 2020 793 Vlll.
2068 741 2366 793 Matlnisala
2442 778 2458 794 .
2536 781 2547 792 .
2624 740 3001 809 Amempsinus
3034 739 3173 793 saris
3204 755 3257 793 ι.

1887 828 1975 881 l.\'.
2060 829 2358 883 Lamechus
2434 868 2447 882 .
2530 868 2541 880 .
2619 828 2850 882 Otiartes
2882 830 3019 883 saris
3046 844 3160 884 rm.

1890 919 1952 974 Χ.
2056 920 2329 973 Noachus.
2432 957 2447 971 .
2534 960 2543 968 .
2629 918 2921 973 Xisuthrus
2949 919 3259 973 sarisxvm.

1894 1006 2204 1062 Universam
2264 1009 2445 1061 decem
2498 1007 2705 1060 ‘borum
2750 1024 2932 1077 regqu
2984 1016 3189 1060 aetatem
3229 1006 3367 1061 saria

1821 1106 2033 1150 centum
2065 1098 2247 1166 viginti
2271 1097 2552 1160 deliuiunt,
2580 1112 2697 1164 quze
2718 1104 2842 1149 sunt
2875 1111 3135 1150 annorum
3169 1096 3367 1165 myria-

1823 1186 1917 1240 des
1965 1193 2073 1241 tres
2109 1202 2272 1254 supra
2316 1186 2670 1255 quadraginta
2706 1197 3072 1254 praetereaque
3106 1186 3187 1241 bis
3221 1186 3369 1238 mille

1822 1279 1967 1330 anni.
2018 1277 2139 1331 Haec
2193 1278 2609 1345 liistoriographi
2649 1277 3039 1330 Chaldaeorum.
3091 1277 3199 1331 Nos
3240 1289 3370 1330 vero

1822 1365 2153 1420 iucertis‘his
2185 1367 2576 1434 prmtermissis.
2603 1364 2972 1433 aggrediamur
2994 1364 3060 1418 ad
3082 1364 3368 1417 dicendum

1823 1462 1941 1521 quin
1972 1456 2141 1508 divini
2174 1456 2295 1509 libri
2328 1457 2428 1509 huc
2460 1464 2613 1523 pacto
2643 1452 2881 1506 tradunt.

2421 1588 2643 1644 CAPUT
2676 1588 2763 1643 IV.

2238 1696 2477 1751 Gentium
2513 1698 2787 1752 divisiones
2814 1698 2947 1769 (ΞΠ).

1897 1810 1947 1863 1.
1984 1809 2140 1864 Semo
2166 1811 2423 1879 progeniti
2446 1820 2569 1863 sunt
2592 1812 2827 1879 quinque
2859 1810 3010 1863 liberi
3048 1828 3060 1862 :
3091 1808 3307 1862 Elamus
3335 1822 3368 1862 a

1825 1916 1931 1969 quo
1956 1900 2224 1966 Elamitze;
2254 1902 2479 1966 Asurus,
2510 1917 2661 1970 aquo
2680 1902 2921 1969 Assyrii;
2948 1901 3314 1970 Arphaxades,
3338 1916 3369 1953 a

1825 2100 1965 2146 mus,
1992 2099 2021 2135 a
2055 2100 2161 2151 quo
2198 2085 2422 2137 Arannei
2448 2086 2535 2153 qui
2562 2084 2719 2135 etiam
2748 2081 2864 2151 Syri
2895 2082 3217 2134 vocitantur.
3238 2084 3370 2132 Ara-

1826 2176 1897 2225 mi
1929 2174 2079 2226 liberi
2115 2184 2272 2226 sunt:
2300 2172 2431 2233 llus.
2457 2188 2485 2225 a
2518 2190 2623 2241 quo
2649 2172 2807 2241 Lagi;
2835 2171 2987 2233 Enul,
3016 2188 3045 2221 a
3080 2185 3185 2238 quo
3226 2167 3372 2221 Enu-

1825 2265 1921 2330 lii;
1954 2264 2149 2337 (Iader,
2188 2281 2215 2315 a
2256 2280 2362 2332 quo
2399 2263 2703 2331 Gaspheni;
2735 2262 3041 2324 Moscchus,
3066 2277 3094 2313 a
3124 2275 3228 2329 quo
3263 2258 3373 2312 Mo-

1826 2357 1959 2411 seni.
1999 2354 2113 2409 Filii
2138 2357 2475 2417 Arphaxadis
2507 2374 2519 2408 :
2548 2348 2689 2417 Sala,
2724 2356 2881 2421 cujus
2937 2354 3075 2407 filius
3111 2352 3372 2415 Ileberus,

1824 2458 1985 2511 aquo
2016 2443 2222 2497 Hebraei
2261 2445 2393 2514 (2'3).
2432 2443 2548 2496 Filii
2599 2443 2790 2497 lleheri
2825 2461 2837 2496 :
2881 2442 3165 2502 Phalerus,
3197 2456 3226 2493 a
3264 2454 3375 2509 quo

1824 2534 1988 2601 stirps
2037 2534 2329 2586 Ahrahami
2402 2534 2775 2601 componitur;
2836 2531 3126 2593 Jectanus,
3178 2544 3374 2599 aquo

1822 2630 2074 2677 creantur
2099 2623 2252 2676 liberi
2283 2623 2581 2677 tredecim:
2631 2637 2860 2691 quorum
2919 2631 3048 2674 natu
3107 2620 3375 2672 maximus

1822 2711 2169 2776 Elmodadus,
2206 2727 2236 2765 a
2275 2727 2380 2782 quo
2415 2710 2529 2763 indi
2558 2730 2571 2777 ;
2604 2719 2714 2764 tum
2770 2712 3014 2770 Salceus.
3051 2726 3077 2761 a
3115 2725 3224 2777 quo
3272 2707 3374 2761 Ba-

1822 2803 2012 2856 ctriani
2038 2819 2051 2868 ;
2078 2801 2451 2865 Asarmothus,
2471 2819 2496 2851 a
2515 2815 2621 2870 quo
2649 2800 2887 2863 Arabes;
2916 2800 3194 2857 Jarechus.
3214 2790 3244 2851 a
3264 2812 3373 2866 quo

1820 2888 2492 2956 Jaracbzei;Zodoramus,
2536 2905 2564 2941 a
2605 2904 2712 2957 quo
2742 2888 3009 2952 Carmeli;
3044 2886 3186 2947 Ezel,
3209 2900 3236 2937 a
3264 2900 3371 2952 quo

1820 2979 2046 3045 Ariani;
2083 2979 2263 3043 Deoia,
2294 2994 2322 3032 a
2350 2995 2459 3048 quo
2487 2977 2770 3041 Gedrusii;
2805 2976 2989 3036 Gelial,
3017 2989 3045 3026 a
3088 2989 3198 3042 quo
3244 2973 3375 3041 Sey-

1821 3068 1954 3133 thie;
1988 3070 2252 3133 Abimeel,
2284 3085 2313 3121 a
2341 3084 2448 3137 quo
2478 3066 2745 3137 Hyrcani;
2780 3064 2939 3126 Salia,
2968 3078 2997 3115 a
3035 3076 3141 3132 quo
3170 3062 3374 3115 Arabes

1825 3159 1981 3226 primi
2031 3159 2179 3228 (50);
2225 3156 2416 3226 Uphir,
2446 3172 2474 3209 a
2521 3171 2627 3226 quo
2670 3154 2908 3215 Aramii;
2941 3152 3141 3211 levita,
3187 3165 3217 3203 a
3266 3164 3375 3217 quo

1826 3248 2326 3319 Gymnosophistze;
2360 3246 2584 3307 Juabus,
2638 3261 2665 3297 a
2715 3261 2821 3313 quo
2858 3244 3060 3296 Aradii.
3095 3240 3155 3294 Hi
3189 3254 3376 3293 omnes

1825 3337 2047 3393 Jectano
2076 3340 2238 3408 geniti
2273 3342 2397 3393 sunt
2423 3339 2585 3391 fratre
2609 3336 2824 3389 Phaleci
2858 3354 2869 3387 :
2902 3347 3197 3402 eorumque
3223 3334 3371 3383 inco-

1825 3428 2007 3482 latusa
2023 3429 2202 3481 Masiis
2221 3429 2331 3497 (51)
2358 3444 2524 3497 usque
2543 3428 2668 3481 dum
2690 3426 2869 3477 venias
2888 3425 2951 3476 ad
2980 3424 3236 3491 Spheram
3262 3421 3375 3491 ('52)

1825 3527 2060 3571 montem
2090 3519 2399 3573 orientalem
2425 3558 2437 3576 .
2471 3519 2720 3585 pertinet.
2758 3515 2821 3566 Et
2849 3515 3061 3583 quidem
3088 3513 3213 3564 alihi
3237 3513 3376 3565 dici-

1826 3615 1913 3659 tur
1942 3607 2051 3676 (55)
2098 3608 2345 3659 universa
2395 3605 2537 3659 Seiui
2575 3605 2787 3658 soboles
2836 3612 3064 3655 tractum
3100 3618 3311 3655 onmem
3342 3617 3374 3653 a

1825 3697 2123 3751 Bactriana:
2155 3697 2351 3751 ﬁnibus
2384 3698 2615 3750 intolere
2653 3695 3014 3747 Rhinocuram
3043 3694 3149 3763 (54)
3179 3706 3371 3761 usque,

1825 3802 1933 3856 quo
1955 3788 2083 3841 loco
2137 3786 2291 3857 Syria
2337 3787 2405 3840 ab
2442 3787 2675 3856 IEgypto
2706 3792 3027 3845 secernitur,
3066 3783 3297 3850 itemque
3341 3796 3373 3833 τι

1825 3877 2013 3930 Rubro
2044 3879 2211 3944 mari;
2234 3888 2285 3931 et
2308 3879 2375 3930 ab
2398 3892 2493 3930 ora
2524 3878 2692 3929 maris
2716 3876 2855 3942 quod
2881 3882 2962 3929 est
2991 3873 3055 3925 ad
3087 3874 3371 3925 Arsinocm

1825 3973 2086 4028 Indicam.

1907 4065 1961 4118 ‘2.
1995 4042 2191 4117 Chami
2211 4059 2360 4113 liberi
2390 4058 2625 4127 quinque
2654 4076 2665 4108 :
2693 4068 2920 4125 quorum
2946 4062 3074 4106 natu
3107 4048 3374 4105 maiimus

1825 4155 2062 4215 Chusus,
2093 4165 2121 4204 a
2174 4165 2281 4218 quo
2332 4148 2517 4201 Chusii
2559 4166 2571 4199 :
2630 4156 2741 4199 tum
2792 4144 3150 4202 Mestraitnus,
3198 4155 3227 4191 a
3264 4155 3373 4208 quo

1824 4243 2090 4313 Egyptii;
2134 4241 2378 4301 Phudus,
2422 4254 2449 4290 a
2495 4254 2601 4306 quo
2630 4236 2995 4304 Troglodytaa;
3034 4232 3372 4291 Chanaanes,

1826 4350 1855 4387 a
1887 4350 1996 4403 quo
2016 4333 2127 4385 Afri
2151 4340 2310 4400 atque
2335 4330 2640 4383 thnices.
2667 4325 2833 4379 Chusi
2861 4322 3013 4376 liberi
3032 4329 3187 4374 sunt:
3210 4317 3370 4381 Saba,

1826 4426 1918 4486 lla,
1977 4424 2194 4487 Sabaat,
2240 4421 2464 4490 llegma,
2510 4416 2831 4471 Sabacatha.
2880 4413 3093 4466 Rursus
3146 4410 3362 4478 Regmaa

166 4498 448 4569 cujusque
487 4498 821 4567 proferunt;
861 4514 1049 4567 nempe
1078 4502 1157 4556 sic
1196 4518 1207 4553 :
1249 4522 1267 4553 ι
1300 4501 1339 4557 1.
1370 4504 1562 4558 Alorus
1589 4506 1723 4560 saris

1830 4516 2005 4576 liberi,
2044 4513 2183 4565 Saba
2226 4518 2280 4563 et
2314 4509 2640 4564 Judadanes.
2690 4506 2851 4558 Aiunt
2886 4510 3145 4573 praeterea
3177 4501 3370 4553 divina:

167 4592 364 4645 decem
404 4587 534 4659 (26).
569 4607 589 4640 ι
624 4588 780 4657 (Saro
818 4597 994 4644 autem
1037 4599 1119 4645 ter
1156 4592 1302 4648 mille
1346 4609 1408 4647 ac
1441 4606 1720 4649 sexcentos

168 4692 354 4734 annos
389 4688 682 4751 .contentos
733 4679 903 4732 aiunt.
952 4678 1119 4735 Neres
1168 4683 1325 4735 etiam
1372 4686 1630 4750 quosdam
1670 4693 1723 4738 et

167 4781 340 4823 seeos
370 4765 666 4835 adiungunt
697 4783 711 4819 :
740 4782 930 4821 uerum
968 4769 1094 4821 anni
1127 4772 1367 4822 sexcenti
1406 4771 1720 4835 coniiciunt,

166 4868 370 4913 meum
396 4854 714 4924 sexaginta.)
818 4844 821 4845 ⁷

242 4944 316 5000 ll.
442 4941 636 5016 Sethus
709 4984 721 4997 .
800 4984 816 5000 .
892 4985 905 4999 .
980 4946 1241 5017 Alaparus
1267 4949 1403 5003 saris
1432 4965 1513 5002 ιιι.

244 5033 339 5089 111.
443 5033 653 5089 Enosus
714 5075 729 5089 .
808 5076 821 5087 .
893 5078 905 5092 .
982 5038 1222 5093 Almelon
1253 5042 1392 5094 saris
1421 5056 1537 5094 xnt.

242 5124 338 5179 IV.
435 5123 727 5182 Cainanus.
806 5165 821 5189 ε
878 5159 903 5180 λ.
983 5129 1277 5182 Ammenon
1302 5130 1442 5183 saris
1473 5144 1568 5183 xu.

244 5217 318 5271 ν.
438 5217 663 5273 Malaliel
706 5256 721 5272 .
797 5256 809 5268 .
891 5258 904 5271 .
973 5218 1317 5289 Amegalarus
1339 5222 1475 5274 saris
1505 5224 1687 5276 xvttt.‘

246 5367 369 5504 (26;
406 5368 599 5424 Confer
634 5367 830 5425 Euseb.
854 5368 1046 5423 Chron.
1082 5368 1124 5426 1.
1156 5385 1191 5434 ι,
1221 5372 1276 5423 2.

247 5440 346 5504 (27
417 5437 527 5489 Hae
550 5453 712 5504 super
742 5455 799 5492 re
845 5439 1158 5491 consuiendi
1200 5456 1276 5493 sui

247 5437 369 5507 (27)
417 5437 527 5489 Hac
550 5453 712 5507 super
742 5455 799 5492 re
845 5439 1158 5491 consuiendi
1200 5448 1326 5493 sunt
1356 5438 1621 5494 Eusebius
1661 5442 1713 5494 in

169 5506 410 5577 exordio
440 5506 913 5577 libri,_Syncellus.
948 5523 998 5576 p.
1034 5507 1217 5571 45-51,
1257 5510 1488 5575 itemque
1514 5509 1718 5577 rCedre—

171 5593 311 5636 nus.
338 5575 430 5629 fol.
446 5574 633 5645 742-14,
652 5574 982 5645 quibuscum
1011 5592 1118 5631 non
1144 5578 1260 5633 sine
1292 5574 1467 5631 fructu
1500 5576 1717 5633 Samuel

171 5644 605 5782 ωῗὲξῗ
672 5710 804 5766 Lezi

248 5720 643 5782 (28)A1.cod..
672 5720 823 5766 Lezi.

250 5781 369 5854 (29)
394 5780 477 5837 Al.
508 5782 650 5847 cod.,
685 5780 893 5856 trum.

1828 4600 2037 4658 littera},
2067 4612 2097 4649 a
2135 4595 2319 4648 Chuso
2348 4593 2586 4661 genitum
2637 4604 2758 4644 esse
2796 4587 3109 4647 Nebrotum,
3141 4584 3233 4650 qui
3262 4584 3373 4651 pri-

1829 4702 1949 4751 mus
1981 4686 2034 4738 in
2065 4685 2194 4737 orbe
2232 4685 2381 4752 gigas
2413 4683 2597 4743 fuerit,
2624 4689 2781 4747 atque
2824 4677 2964 4729 hunc
2985 4677 3247 4744 gigantem
3278 4686 3370 4726 co-

1829 4788 1943 4825 ram
1976 4771 2203 4824 Domino
2228 4771 2337 4823 Deo
2365 4770 2638 4823 venationi
2678 4779 2893 4833 operam
2926 4763 3141 4817 dedisse
3174 4779 3185 4812 :
3213 4774 3371 4814 eum-

1800 4862 2061 4931 .demque
2102 4862 2438 4929 auspicatum
2474 4871 2596 4910 esse
2636 4869 2857 4924 regnum
2902 4868 2929 4904 a
2979 4850 3267 4919 Babylone.
3301 4848 3370 4902 ab

1831 4952 2027 5015 Oredo,
2065 4952 2132 5005 ab
2156 4948 2391 5008 Acbade,
2433 4962 2463 4998 a
2501 4945 2738 4999 Chalane
2775 4944 2825 4995 in
2866 4942 3081 5009 regione
3123 4937 3367 4992 Senaiar.

1829 5041 2068 5096 Indidem
2103 5050 2345 5094 exortum
2371 5052 2491 5090 esse
2520 5037 2773 5095 Asurum,
2807 5046 2837 5083 a
2864 5046 2984 5098 quo
3003 5028 3190 5082 Ninive
3214 5030 3369 5081 item-

1830 5148 1934 5201 que
1956 5130 2173 5185 Roboda
2211 5129 2341 5182 urbs
2366 5128 2699 5180 condebatur
2722 5138 2841 5175 cum
2872 5121 3107 5174 Chalaue
3132 5140 3144 5171 :
3178 5126 3290 5171 tum
3315 5123 3369 5170 et

1834 5224 2181 5277 Rascmanes.
2215 5222 2352 5273 inter
2405 5217 2648 5270 Ninivem
2691 5222 2744 5268 et
2780 5213 3091 5272 Chalanem,
3124 5221 3243 5276 quae
3285 5213 3369 5259 est

1893 5376 2003 5439 (50?
2038 5372 2199 5439 Sync.
2233 5368 2529 5423 ctCedren.
2565 5365 2761 5439 Argives
2802 5362 2991 5439 Indici.

1892 5426 1998 5504 i5!)
2039 5432 2201 5492 tlihlia
2239 5440 2355 5503 Lat.
2380 5439 2591 5504 vulgata
2624 5436 2758 5488 Gen.
2797 5449 2849 5495 Χ,
2884 5430 3051 5492 50,ὀε
3068 5426 3261 5481 Messe.

1895 5511 1999 5578 (δεῖ.)
2034 5509 2440 5578 [ιιυιιιι-νυιεω
2476 5505 2692 5578 Sep/tur.

1902 5572 2009 5641 (53;
2051 5578 2178 5631 Vide
2209 5572 2517 5645 SyncelIUm
2542 5584 2594 5625 et
2622 5572 2944 5645 Cedrennm.
3088 5643 3095 5645 Α
3272 5632 3304 5645 Δ.

1898 5649 2005 5713 (54)
2039 5641 2331 5699 Rhnocura
2384 5654 2577 5713 nomen
2622 5642 2770 5692 urbis
2804 5642 3035 5703 itemque
3083 5641 3361 5690 torrentis.

1830 5709 2095 5770 interdum
2126 5715 2380 5771 scribitur
2407 5709 2769 5763 Eii-micorum.
