4098 6328
189 429 306 491 διἹ

948 450 1286 510 SAMUELIS
1323 458 1637 516 ANIENSIS
1678 460 2014 521 δυΜΜΑιιιι
2055 471 2434 533 TEMPORUM
2467 482 2645 538 PARS
2677 486 2714 539 I.

3304 507 3407 561 618

186 574 365 621 θευεο
398 576 428 613 ²
464 566 569 630 quo
599 580 727 634 881³8
753 554 1058 625 δυάδέοΐιίῐη
1088 596 1098 628 ε
1128 588 1459 646 pOSlrcmtIm
1491 600 1521 637 e
1551 585 1751 641 Cetura
1778 592 1825 647 Α
1855 585 2019 643 tionis
2053 591 2190 646 intra
2222 610 2394 652 annos
2424 615 2570 652 xxvn
2615 603 2894 670 perduxit,
2935 624 3182 683 annoque
3226 627 3405 679 aetatis

186 659 330 683 hanc
364 651 681 683 Dur-Lm“...
710 660 909 683 -.....:.:.
979 679 1035 683 __,
1055 681 1070 683 _
1096 680 1106 683 _
1600 676 1611 683 .
2048 682 2053 683 ,

183 659 334 720 gens
362 651 682 709 Parthorum
707 660 943 723 exstitit,
971 679 1200 732 quorum
1232 685 1451 738 germen
1480 683 1563 730 est
1586 676 1751 730 Arsa-

181 756 291 793 ces
324 742 415 797 ille
447 744 678 817 inclytus
705 748 1141 809 Pahlaviensium
1172 770 1224 812 et
1252 761 1636 820 Arsacidarum
1670 768 1751 821 fa-

178 832 468 886 miliarum
496 842 822 907 progenitor.
860 843 1027 915 Igitur
1051 848 1390 907 Ahrahamus
1439 866 1561 924 post
1599 862 1748 928 geni-

180 930 311 974 tum
344 922 585 980 Isaacum
627 931 865 1000 quinque
908 935 1085 990 adhuc
1114 941 1273 994 annis
1312 950 1365 995 et
1404 922 1743 1016 septuaginta

176 1015 467 1081 peractis,
499 1018 572 1070 ita
606 1027 663 1072 ut
693 1036 865 1078 annos
906 1029 1133 1084 omnino
1174 1039 1393 1086 centum
1434 1044 1486 1088 et
1527 1047 1743 1105 septua-

174 1105 341 1173 ginta
368 1107 605 1178 quinque
635 1113 893 1182 vixisset,
929 1117 1040 1172 fato
1069 1136 1170 1174 suo
1214 1122 1435 1182 functus
1476 1137 1579 1184 est.
1623 1129 1741 1185 Iam

172 1191 408 1252 lsaacus
436 1202 772 1269 sexagesimo
816 1207 989 1262 aetatis
1010 1223 1151 1263 anno
1184 1211 1419 1268 Esavum
1461 1219 1645 1285 genuit
1690 1232 1743 1275 et

169 1280 486 1350 Iacobum,
519 1301 800 1359 postquam
847 1296 1005 1351 annis
1056 1299 1244 1369 viginti
1296 1304 1351 1356 in
1395 1308 1739 1365 matrimonio

170 1388 311 1428 cum
344 1376 586 1434 Rebecca
620 1381 812 1436 fuerat.
847 1382 1100 1456 Idemque
1131 1393 1289 1447 annis
1332 1394 1509 1449 adhuc
1548 1399 1734 1469 viginti

167 1466 231 1515 ει
264 1473 483 1519 centum
515 1481 789 1537 superstes
808 1481 1143 1545 octogesimo
1169 1489 1222 1535 et
1245 1488 1542 1542 centesimo
1566 1494 1735 1546 aetatis

167 1564 330 1605 anno
361 1553 619 1611 decessit.

245 1642 305 1695 4.
347 1642 547 1699 Iacobo
578 1647 669 1700 lilii
699 1650 982 1716 duodecim
1011 1672 1132 1713 cum
1172 1661 1281 1716 {ilia
1324 1667 1489 1734 geniti
1535 1680 1661 1725 sunt
1704 1686 1732 1723 c

162 1732 394 1790 duabus
419 1736 615 1793 Labani
647 1740 856 1798 filiabus
875 1786 889 1809 ,
915 1746 1008 1802 Lia
1040 1752 1244 1807 scilicet
1275 1732 1434 1825 atque
1455 1758 1690 1816 Rachele
1713 1805 1727 1829 ,

163 1839 278 1879 nec
302 1841 414 1881 non
440 1844 507 1883 ex
531 1830 721 1885 harum
748 1837 957 1891 ancillis
985 1838 1197 1898 duabus
1226 1846 1369 1899 Balla
1400 1848 1721 1922 Zelphaque.

161 1910 500 1984 Quanquam
527 1936 655 2011 vero
682 1922 889 1991 primus
917 1928 964 1981 ei
998 1939 1154 1987 natus
1212 1936 1282 1988 sit
1341 1910 1529 1994 Ruben
1560 1910 1722 2011 quem
1755 1912 1798 1965 Β
1824 1937 1999 2015 ginta,

158 2019 323 2059 anno
351 2010 524 2063 aetatis
556 2013 743 2081 quinto
772 2024 825 2070 et
850 2024 1181 2090 octogesimo
1209 2028 1393 2095 genuit
1421 2070 1435 2091 ,
1489 2010 1601 2086 tum
1630 2033 1724 2088 Si-

160 2109 337 2149 meon
369 2107 520 2155 sexto
548 2110 601 2156 et
630 2110 961 2178 octogesimo
988 2130 1001 2179 ;
1035 2110 1265 2171 Levinus
1292 2126 1468 2174 tamen
1499 2125 1722 2193 praefer-

147 2194 260 2239 tur
285 2188 346 2242 in
370 2191 587 2259 ordine,
612 2212 767 2266 quem
791 2205 965 2258 artatis
994 2209 1224 2275 septimo
1268 2209 1376 2281 (45)
1407 2223 1459 2267 et
1499 2188 1721 2289 octoge-

152 2274 315 2328 simo
344 2291 487 2332 anno
518 2290 755 2350 creavit,
789 2290 854 2344 de
883 2293 1039 2360 cujus
1084 2297 1242 2351 etiam
1270 2315 1463 2369 genere
1494 2320 1720 2375 magnus

154 2365 259 2418 ille
304 2365 483 2423 Moses
510 2383 729 2430 exortus
758 2387 841 2431 est
878 2400 890 2433 :
927 2398 1046 2449 quze
1088 2402 1174 2439 res
1224 2389 1293 2441 ita
1346 2393 1672 2449 describitur
1702 2417 1714 2451 :

150 2452 408 2511 Iacnbus
438 2474 608 2516 annos
640 2474 799 2521 natus
819 2483 1039 2526 Lxxxwt
1062 2488 1091 2527 e
1110 2474 1203 2529 Lia
1226 2480 1456 2552 conjuge
1495 2500 1593 2538 sua
1618 2484 1717 2539 Le-

141 2549 354 2603 ‘vinum
383 2554 658 2625 suscepit;
690 2555 920 2616 Levinus
950 2579 1121 2621 annos
1168 2578 1326 2625 natus
1368 2588 1493 2627 ιινι
1532 2577 1717 2644 genuit

148 2638 474 2695 Cabathum
500 2661 513 2708 ;
537 2644 811 2703 Cahathus
835 2667 1006 2709 annos
1030 2668 1188 2712 natus
1214 2676 1348 2714 unt
1378 2638 1566 2732 genuit
1589 2668 1716 2723 Am-

146 2740 379 2781 ramum
403 2748 417 2796 ;
441 2730 725 2790 Amramus
753 2752 923 2795 annos
949 2751 1107 2799 natus
1131 2762 1234 2801 ιιι
1262 2752 1448 2819 genuit
1474 2752 1673 2811 Mosem
1697 2776 1712 2825 ;

148 2818 344 2875 Moses
388 2838 558 2879 annos
589 2836 747 2882 natus
777 2845 911 2886 Lxxx
947 2833 1179 2906 Egypto
1210 2818 1467 2909 populum
1503 2818 1710 2905 eduxit.

145 3096 341 3183 agenti
376 3097 441 3150 de
469 3096 701 3156 Rachele
731 3120 897 3160 uxore
926 3106 1190 3178 Iosephus
1236 3123 1396 3170 natus
1431 3096 1548 3174 est:
1594 3130 1706 3176 tum

143 3194 203 3239 et
250 3184 521 3257 Iosephus
543 3208 685 3247 anno
708 3198 881 3254 tetatis
901 3199 1109 3257 decimo
1137 3207 1364 3275 septimo
1391 3226 1419 3263 a
1452 3211 1708 3271 fratribus
1736 3235 1781 3295 ρ

142 3279 413 3335 venditus
449 3290 719 3343 concessit
756 3289 808 3345 in
833 3290 1118 3364 ngyptum
1144 3316 1157 3362 ;
1185 3313 1412 3370 cumque
1434 3302 1505 3357 ibi
1532 3307 1708 3361 trede—

144 3371 263 3423 cim
298 3375 457 3429 annis
488 3377 538 3429 in
553 3384 827 3449 ergastulo
853 3385 1062 3450 fuisset,
1084 3404 1224 3443 anno
1242 3395 1414 3448 artatis
1436 3397 1708 3453 tricesimo

144 3462 375 3533 Egypti
408 3467 740 3526 dominatum
773 3476 1039 3542 obtinuit,
1073 3497 1180 3550 quo
1213 3500 1304 3553 per
1346 3501 1517 3542 annos
1556 3498 1707 3545 octo-

143 3554 307 3621 ginta
337 3555 682 3623 perl‘unctus,
727 3580 869 3617 anno
911 3567 1123 3622 demum
1159 3576 1456 3629 centesimo
1496 3578 1705 3633 decimo

142 3649 296 3702 diem
346 3668 652 3721 supremum
695 3660 844 3714 obiit.
890 3663 1066 3718 I-‘rimo
1092 3665 1420 3737 1Egyptiaca2
1441 3673 1702 3729 ubertatis

144 3756 300 3809 anno
332 3760 509 3799 rerum
540 3750 882 3807 moderamen
911 3756 975 3809 ad
1001 3756 1295 3827 Iosephum
1320 3762 1551 3817 delatum
1579 3777 1660 3820 est
1686 3787 1696 3819 :

140 3847 298 3885 anno
341 3844 522 3890 autem
571 3848 761 3895 octavo
804 3846 989 3900 saevire
1036 3848 1231 3903 ibidem
1285 3851 1453 3908 fames
1499 3858 1697 3925 erepit,

142 3924 311 3991 cujus
345 3926 666 3985 calamitatis
695 3947 836 3988 anno
864 3936 1032 3991 altero
1061 3937 1293 3995 Iacobus
1324 3943 1377 3996 in
1408 3943 1697 4015 Egyptum

141 4015 435 4069 descendit
482 4034 622 4075 anno
664 4027 838 4080 aetatis
882 4042 1057 4091 cur,
1106 4032 1378 4101 vitamque
1420 4035 1490 4088 ibi
1538 4040 1695 4092 annis

140 4107 331 4161 adhuc
364 4125 470 4162 xvn
502 4114 817 4179 productam
851 4133 993 4172 anno
1018 4121 1231 4179 demum
1262 4140 1438 4180 cum
1467 4128 1691 4189 clausit.

136 4212 257 4265 quo
293 4206 533 4268 tempore
573 4218 749 4259 rerum
790 4210 1090 4275 potiebatur
1120 4230 1261 4269 anno
1286 4218 1396 4285 jam
1434 4229 1586 4274 sexto
1617 4223 1693 4273 vi-

132 4288 461 4356 cesimoque
487 4289 750 4362 Iosephus
771 4335 784 4357 ,
819 4299 908 4366 qui
940 4308 992 4353 et
1028 4305 1184 4358 annis
1215 4321 1301 4359 Liv
1333 4309 1618 4377 superfuit.

205 4377 271 4430 6.
308 4376 544 4450 Iosepho
569 4399 599 4438 e
624 4385 759 4440 vivis
782 4398 983 4456 erepto,
1010 4396 1323 4450 servitutem
1356 4402 1447 4454 lilii
1476 4401 1689 4457 lsraelis

134 4467 455 4523 serviebant
486 4472 751 4545 IEgyptiis
779 4479 934 4533 annis
964 4497 1137 4537 cxuv.
1185 4485 1345 4541 Fiunt
1384 4505 1511 4560 ergo
1541 4510 1568 4544 a
1597 4494 1688 4547 Ia-

133 4559 270 4614 cobi
311 4558 574 4617 descensu
616 4567 741 4620 anni
784 4582 938 4623 ccxv.
971 4571 1128 4628 Anno
1166 4579 1445 4633 servitutis
1493 4591 1687 4649 quarto

1802 4572 1992 4638 Porro,
2048 4575 2221 4644 inquit
2257 4579 2404 4648 (52),

139 4662 311 4718 supra
344 4653 733 4735 sexagesimum
761 4656 933 4713 Moses
956 4659 1127 4715 lucem
1157 4669 1395 4733 aspexit;
1424 4670 1514 4738 qui
1539 4682 1687 4727 octo-

138 4743 294 4809 ginta
315 4753 487 4808 annos
512 4721 786 4813 ingressus
805 4788 820 4810 ,
846 4765 967 4803 cum
999 4751 1163 4806 fratre
1185 4754 1392 4811 Aarone
1417 4767 1526 4814 tres
1559 4762 1682 4817 item

136 4838 191 4885 et
224 4830 498 4898 octoginta
544 4848 715 4890 annos
764 4846 915 4903 nato,
966 4844 1221 4911 populum
1276 4846 1510 4918 Egypto
1556 4841 1681 4907 sub-

137 4919 297 4972 duxit
323 4935 336 4969 :
363 4920 447 4971 cui
492 4932 774 4992 postquam
805 4931 963 4984 annis
988 4934 1344 5005 quadraginta
1382 4940 1432 4990 in
1465 4942 1680 4997 deserto

138 5008 481 5077 praefuisset,
530 5020 879 5072 annoaetatis
926 5023 1183 5078 vicesimo
1227 5042 1388 5095 supra
1427 5036 1677 5090 centesi-

139 5115 292 5152 mum
328 5101 573 5155 moritur.
608 5102 736 5159 Post
767 5106 964 5163 Mosem
991 5111 1148 5166 Iesus
1178 5115 1310 5170 Navi
1338 5118 1476 5172 filius
1496 5160 1509 5182 ,
1562 5122 1681 5177 Ior-

136 5190 280 5243 dane
299 5193 636 5256 transmisso,
668 5195 919 5264 populum
946 5202 1054 5271 (47)
1079 5204 1133 5257 in
1157 5214 1353 5260 terram
1386 5216 1679 5267 annuntia-

206 5318 249 5346 ν
278 5314 554 5387 Iudic.ttt,
584 5322 673 5377 3f.
748 5325 769 5389 ἓ
807 5324 824 5377 I
861 5326 990 5399 Reg.
1038 5349 1119 5398 tv,
1158 5337 1240 5388 I8.

211 5443 322 5509 {45)
363 5445 444 5498 Al.
475 5450 594 5503 cod.
618 5491 631 5511 ,
661 5466 823 5509 sexto.

233 5513 325 5583 to)
366 5512 497 5583 Vide
527 5520 591 5569 ad
620 5537 708 5576 an.
740 5524 1026 5580 Abrahami
1058 5529 1181 5583 252.

233 5514 325 5577 46)
366 5514 497 5568 Vide
527 5520 591 5569 ad
620 5537 708 5576 an.
740 5524 1026 5580 Abrahami
1058 5529 1181 5583 252.

346 5580 537 5665 gout];
556 5588 729 5665 Αςιιιη
759 5610 843 5665 eos
873 5610 967 5662 pro
995 5600 1256 5665 populum.

208 5649 577 5720 (48-49)_A|io
602 5658 658 5707 in
699 5649 885 5715 codice

137 5718 449 5789 parenthesi
492 5722 753 5778 clausum.

212 5788 326 5864 (50)
360 5787 437 5838 Ita
464 5791 620 5864 etiam
649 5792 909 5852 Eusebius
934 5802 997 5854 ad
1025 5820 1113 5857 an.
1143 5805 1264 5859 852.
1298 5806 1490 5862 Verum
1522 5811 1661 5864 idem

140 5858 198 5909 in
246 5857 430 5926 priore
471 5858 605 5914 libro
652 5867 815 5916 semel
859 5872 1006 5935 ponit
1055 5877 1203 5939 (col.
1232 5857 1324 5929 {GI
1350 5857 1661 5944 i’éi's'c'niéi

450 5952 870 6036 PATROL.-GR.
907 5966 1074 6030 XIX.

936 5665 1271 5721 desideratur
1311 5671 1412 5724 hoc
1458 5687 1667 5729 comma

1855 682 2151 736 centesimo
2179 693 2232 739 et
2260 688 2471 743 decimo
2504 693 2656 749 obiit.

1924 768 1975 823 7.
2033 770 2220 828 Iesum
2270 779 2589 847 praefectura
2638 784 2886 842 Iudicum
2937 794 3225 851 subsecuta
3274 812 3400 868 est;

1851 873 2082 925 quorum
2116 867 2322 932 primus

1924 950 1963 1002 I.
2008 951 2279 1011 'Godoniel
2314 962 2471 1015 annis
2500 980 2565 1016 ιι.

1916 1038 1979 1094 Il.
2034 1044 2253 1103 Avodus
2282 1051 2438 1105 annis
2470 1069 2629 1108 Lux.

1912 1130 2002 1185 -IlI.
2058 1133 2293 1193 Baracus
2326 1150 2378 1194 et
2406 1141 2619 1207 Debora
2646 1150 2802 1204 annis
2834 1164 2919 1207 ιι..

1915 1220 2004 1275 IV.
2061 1224 2385 1300 Samegarus
2413 1245 2597 1301 postea
2623 1239 2716 1306 qui
2747 1242 3079 1314 alienigenas
3103 1264 3391 1312 sexcentos

1841 1312 2132 1370 trucidavit
2146 1348 2166 1371 ι

1908 1401 1974 1456 V.
2012 1404 2228 1463 Gedeon
2261 1415 2416 1468 annis
2448 1431 2535 1468 XL.

1910 1492 1996 1547 VI.
2030 1496 2409 1558 Abimelecbus
2437 1509 2593 1563 annis
2627 1526 2701 1562 III.

1907 1582 2021 1637 Vll.
2057 1585 2229 1643 Thola
2257 1596 2414 1649 annis
2440 1612 2597 1651 χχιιι.

1906 1674 2034 1730 VIII.
2065 1678 2248 1737 Iairus
2281 1686 2437 1741 annis
2465 1703 2600 1743 χιιι.

1902 1764 1991 1817 IX.
2028 1766 2337 1837 Iephthaaus
2366 1779 2526 1833 annis
2553 1796 2627 1834 vt.

1899 1852 1964 1909 Χ.
2004 1855 2249 1916 Hesebon
2302 1870 2461 1922 annis
2510 1887 2607 1928 vn.

2770 1020 2793 1057 \

2660 1874 2676 1941 (
2700 1872 2904 1931 Baraco
2956 1880 3108 1936 liberi
3160 1893 3377 1955 septum

2037 1948 2302 2009 Heseboni
2330 1958 2549 2025 triginta
2576 1962 2789 2018 fuerunt
2819 1965 3081 2046 [IS-49]).
3107 1948 3376 2033 IIesebOni

1825 2039 1882 2093 in
1914 2038 2260 2098 Hebraeorum
2290 2050 2581 2118 exemplari
2612 2038 3051 2116 subditurlElon
3076 2065 3241 2133 judex
3269 2084 3366 2121 au-

1823 2131 1907 2185 nis
1955 2146 2025 2197 x,
2070 2150 2228 2203 quem
2273 2145 2453 2193 tamen
2500 2140 2847 2216 Septuaginta
2891 2131 3217 2222 Interpretes
3264 2176 3373 2215 non

1823 2224 2268 2296 agnoscunt(50).
2294 2226 2465 2297 I‘Iujus
2494 2246 2639 2286 anno
2667 2238 2824 2291 tertio
2848 2238 2999 2295 Ilium
3026 2254 3241 2314 captum
3267 2261 3369 2306 est.

1890 2309 1980 2367 XI.
2017 2313 2235 2371 Labdon
2266 2321 2421 2375 annis
2450 2338 2563 2378 vnt.
2596 2325 2768 2396 Hujus
2796 2309 3151 2405 quadraginta
3179 2340 3330 2395 liberi
3355 2384 3368 2403 ,

1818 2402 2124 2475 horumque
2154 2407 2250 2462 filii
2280 2412 2503 2483 triginta
2548 2419 2601 2470 in
2641 2424 2977 2492 septuaginta
3012 2402 3188 2486 asinis
3216 2436 3368 2505 equi-

1815 2493 2029 2548 tabant.

1887 2581 1997 2636 XII.
2041 2586 2305 2658 Sampson
2337 2596 2493 2650 annis
2524 2613 2611 2650 xx.

1820 2712 1823 2713 ν
1890 2670 2025 2729 XIII.
2067 2676 2183 2733 Heli
2219 2685 2493 2761 alllliS‘XL.
2530 2685 2726 2742 Verum
2772 2692 2831 2746 in'
2879 2695 3226 2767 Septuaginta
3278 2699 3355 2754 ln-

1816 2773 2110 2837 terpretum
2140 2776 2434 2844 exemplari
2466 2779 2777 2836 scribuntur
2807 2801 2876 2839 xx
2907 2787 2947 2838 ³.

1886 2857 2025 2915 XIV.
2071 2860 2288 2920 Samuel
2320 2876 2480 2936 atque
2512 2868 2639 2923 Saul
2669 2875 2825 2931 annis
2854 2891 2938 2931 ιι..

1884 2949 1936 3003 8.
1974 2949 2113 3005 Sane
2145 2970 2267 3007 cum
2300 2956 2354 3009 in
2387 2960 2677 3017 evolvenda
2710 2964 2854 3020 Semi
2880 2970 3082 3043 stirpe,
3108 2990 3357 3043 procrea-

1813 3037 2019 3091 tionum
2054 3044 2248 3097 seriem
2289 3046 2432 3101 haud
2480 3052 2714 3105 alienam
2763 3057 2829 3110 ab
2872 3037 3179 3131 evangelica
3228 3068 3337 3121 Mat

1813 3128 1932 3181 thaai
1970 3131 2180 3186 ratione
2200 3174 2213 3195 ,
2247 3151 2418 3207 usque
2448 3140 2514 3193 ad
2544 3141 2837 3211 Iosepbum
2868 3159 2920 3202 et
2963 3128 3185 3208 muriam
3229 3174 3360 3213 con-

1816 3223 2062 3274 texturos
2089 3236 2189 3275 nos
2217 3228 2661 3297 promiserimus;
2690 3249 2719 3287 e
2749 3233 2934 3291 Jacobi
2965 3240 3147 3298 liberis
3172 3258 3357 3315 optare

1809 3303 2000 3360 Iudam
2028 3308 2416 3381 debueramus,
2451 3335 2479 3370 a
2526 3336 2634 3388 quo
2674 3330 3079 3393 procreationes
3124 3335 3356 3393 deduce.-

1809 3413 1991 3453 remus
2020 3418 2033 3465 ;
2080 3404 2333 3470 quoniam
2365 3423 2429 3461 ex
2461 3410 2623 3479 hujus
2654 3419 2874 3472 surculo
2903 3419 3161 3481 Dominus
3198 3444 3353 3483 exor-

1808 3498 1896 3543 tus
1954 3500 2056 3546 est.
2105 3494 2487 3554 Verumtamen
2533 3518 2758 3561 necesse
2810 3508 2945 3573 fuit,
2994 3514 3047 3566 in
3096 3516 3257 3572 Mosis
3302 3530 3354 3573 ct

1804 3582 1931 3639 Iesu
1966 3587 2406 3658 reliquorumque
2435 3595 2662 3661 gratiam
2684 3637 2697 3660 ,
2731 3600 2821 3667 qui
2854 3604 3052 3672 populo
3081 3622 3252 3677 usque
3284 3616 3350 3681 ad

1805 3675 2062 3730 Davidem
2112 3677 2204 3745 jus
2260 3679 2659 3752 reddiderunt,
2718 3687 2978 3745 Levinum
3030 3675 3355 3758 loco—Iuda

1802 3781 2250 3823 commemorare.
2289 3769 2443 3826 Nunc
2478 3784 2655 3830 autem
2688 3780 2831 3836 unde
2860 3800 2956 3853 par
2989 3796 3071 3841 est
3107 3805 3218 3845 rem
3250 3793 3347 3848 de-

1801 3873 1910 3911 nuo
1942 3870 2268 3927 repetamus.

1868 3948 1920 4003 9.
1962 3952 2305 4011 Abrahamus
2357 3961 2540 4027 genuit
2592 3962 2869 4036 Isaacum;
2925 3971 3135 4027 lsaacus
3181 3974 3343 4032 Iaco-

1797 4039 1960 4107 bum;
1997 4041 2230 4099 Iacobus
2279 4062 2421 4100 anno
2460 4052 2632 4104 aetatis
2662 4067 2899 4109 Lxxxvm
2941 4056 3131 4116 Iudam
3170 4081 3200 4120 e
3248 4067 3343 4124 Lia

1796 4146 1962 4186 uxore
1993 4136 2233 4203 suscepit
2263 4154 2275 4199 ;
2307 4136 2475 4191 Iudas
2506 4155 2679 4194 annos
2714 4152 2874 4199 natus
2910 4163 3073 4205 nvttt
3109 4150 3338 4211 Pharem

1794 4220 2016 4288 genuit;
2048 4220 2249 4276 Phares
2277 4235 2454 4278 autem
2486 4241 2628 4278 anno
2654 4232 2828 4284 aetatis
2871 4248 2996 4288 LVIII
3033 4237 3140 4307 (5i)
3172 4239 3339 4292 Ezro—

1792 4318 1957 4366 nem;
2016 4302 2190 4358 Ezron
2240 4320 2384 4359 anno
2437 4311 2611 4362 aetatis
2663 4327 2791 4365 ινιιι
2826 4318 3008 4381 genuit
3041 4302 3334 4387 Aramum;

1792 4394 2020 4449 Aramus
2065 4411 2206 4450 anno
2255 4401 2427 4454 aetatis
2476 4415 2616 4454 XLVII
2672 4404 2853 4468 genuit
2906 4405 3332 4479 Aminadabum;

1792 4483 2155 4540 Aminadabus
2210 4500 2352 4541 anno
2399 4492 2571 4544 aetatis
2621 4508 2721 4545 ην
2774 4497 2959 4563 genuit
3009 4496 3329 4555 Naasonem.

2474 4590 2590 4633 erat
2636 4582 3001 4643 Aminadabus
3052 4591 3330 4659 copiarum

1787 4662 1937 4719 Iuda:
1969 4666 2099 4728 dux,
2135 4684 2242 4735 quo
2273 4676 2512 4737 tempore
2543 4670 2718 4727 Moses
2761 4672 3000 4731 Israetis
3020 4683 3326 4749 progeniem

1786 4770 1850 4809 ex
1909 4755 2138 4827 Egypto
2194 4760 2430 4811 deduxit.
2481 4758 2801 4817 Conﬂantur
2845 4765 3020 4836 igitur
3071 4784 3099 4821 a
3150 4772 3326 4837 primo

1786 4844 2074 4897 Abrahami
2109 4862 2249 4899 anno
2284 4862 2452 4915 usque
2484 4849 2551 4901 ad
2587 4851 2961 4920 migrationem
2993 4869 3057 4909 ex
3093 4853 3325 4925 Egypto

1779 4934 2184 5000 procreationes
2221 4953 2343 4997 vut,
2378 4940 2611 5007 annique
2643 4954 2752 5006 ov;
2790 4942 2857 4992 ab
2898 4942 3102 4996 Adatno
3143 4954 3321 4999 autem

1784 5025 2182 5091 procreationes
2214 5041 2411 5089 xxvru,
2442 5030 2676 5095 annique
2709 5042 3109 5086 ιιιιιιυοιιιχιχ.

1851 5112 1936 5166 I0.
1973 5112 2186 5169 Naason
2220 5129 2389 5169 annos
2426 5128 2583 5172 natus
2618 5134 2740 5171 κων
2771 5122 2954 5189 genuit
2990 5121 3316 5183 Salmonem.

1782 5201 2046 5271 Eratque,
2081 5206 2156 5257 ait
2190 5204 2298 5274 (5'5)
2322 5246 2335 5269 ,
2372 5206 2583 5261 Naason
2628 5210 2877 5281 princeps
2925 5211 3075 5267 Iuda:
3114 5218 3317 5285 myria-

1774 5474 2039 5552 pniittitmf
2066 5477 2168 5529 col.
2208 5476 2344 5543 168)
2389 5476 2651 5552 λειριιριιι.
2702 5480 2852 5533 Nunc
2907 5484 3142 5552 quidemr
3168 5488 3306 5552 apud

1775 5540 1909 5592 LXX
1968 5541 2153 5605 Viros,
2188 5560 2249 5598 ca

1770 5609 1917 5660 Arm.
1949 5616 2186 5665 occurrit

2294 5561 2450 5663 ὶχιι,
2503 5550 2596 5605 II.
2646 5565 2741 5601 nec
2788 5564 2892 5601 non
2938 5556 3079 5620 apud
3134 5550 3303 5607 Biblia

2316 5630 2396 5663 on.

2316 5630 2396 5665 on.

1841 5677 1953 5745 (5i)
1990 5679 2071 5730 Al‘.
2104 5681 2251 5738 cod.,
2283 5696 2391 5733 ιιι.

2202 5746 2520 5816 Eusebium,
2554 5768 2590 5813 t,
2638 5752 2720 5816 I6,
2764 5755 2867 5821 29.,
2911 5753 3155 5813 Namson
3196 5778 3299 5817 non

1770 5812 1999 5866 Ani-od

1842 5880 1956 5947 (εδ)
1990 5880 2217 5937 κιαι-ιιι.

2917 5989 2993 6045 20
