4098 6328
771 397 873 452 619

1770 399 2104 452 APPENDIX
2139 397 2228 452 AI)
2268 396 2530 454 EUSEBII
2563 395 2976 452 CHIIONICON.
3847 393 3932 448 6211

771 517 900 568 dum
928 517 982 570 in
1013 515 1259 584 deserto,
1290 519 1514 587 ejusque
1555 533 1708 572 soror
1731 517 2002 574 Elisabeth
2048 517 2304 572 Eleazaro
2331 523 2378 578 Α
2403 518 2539 570 haus
2555 517 2826 586 captivum
2854 512 3094 574 abduxit,
3113 525 3400 580 regemque
3423 509 3560 564 dixit
3575 509 3928 564 Eliachimum.

773 605 1000 660 Aaronis
1029 606 1140 659 tilio
1173 616 1335 676 nupta
1369 605 1502 672 fuit,
1534 623 1642 676 quo
1670 608 1922 677 conjugio
1967 619 2180 662 creatus
2227 613 2308 660 est

773 691 1036 758 Phineu-5.
1079 703 1240 764 atque
1283 697 1356 750 ita
1400 698 1620 766 contigit
1671 705 1729 750 ut
1768 695 1920 750 Iuda:
1970 713 2138 767 genus
2185 711 2306 751 cum

774 783 1016 838 Levitico
1039 783 1291 840 afﬁnitate
1317 785 1650 856 jungeretur.
1689 785 1903 842 Salmon
1941 803 2112 844 annos
2146 795 2306 842 natus

757 883 915 928 xxxv
948 877 1132 944 genuit
1171 871 1425 932 Bcosum.
1469 877 1721 948 Eratque,
1745 881 1842 939 ait.
1868 879 2088 932 Salmon
2131 879 2305 932 tribus

771 961 922 1016 Iudae
976 965 1252 1034 princeps,
1303 981 1410 1034 quo
1453 977 1691 1037 tempore
1737 967 1894 1022 Iesus
1939 983 2061 1022 cum
2109 968 2305 1036 populo

769 1048 1056 1107 Iordanem
1087 1054 1312 1122 trajecit.
1367 1056 1418 1112 Is
1471 1072 1692 1110 uxorem
1739 1058 2006 1126 copulavit
2047 1057 2150 1112 sibi
2201 1057 2310 1110 Ra—

772 1136 965 1191 babam
985 1178 1001 1204 ,
1033 1156 1190 1209 quam
1235 1143 1390 1197 divus
1421 1145 1744 1213 evangelista
1767 1145 1894 1199 dicit
1927 1143 2234 1200 Rechabam
2262 1147 2304 1198 δ.

775 1231 916 1286 Idem
942 1234 1337 1292 Bethlehemum
1360 1240 1545 1294 urbem
1569 1240 1624 1294 in
1645 1239 1796 1295 Iudae
1815 1241 2018 1295 ditione
2041 1241 2304 1295 fundavit.

845 1325 924 1380 11.
965 1325 1170 1383 Boosus
1214 1321 1384 1384 annos
1429 1339 1586 1386 natus
1634 1347 1764 1386 cvm
1815 1333 1998 1402 genuit
2041 1333 2305 1388 Obedum.

772 1412 941 1470 Booso
971 1420 1150 1486 nupsit
1189 1417 1367 1472 Rutha
1423 1421 1668 1476 Moabitis
1711 1421 1926 1476 femina.
1973 1421 2306 1492 Epiphanius

771 1505 1123 1559 Amanitidetu
1149 1507 1221 1559 ait
1243 1505 1472 1560 Rutham
1495 1549 1509 1570 ,
1537 1511 1742 1564 scilicet
1763 1511 2138 1566 Amonitidem.
2167 1510 2308 1568 Obe-

770 1593 870 1648 dus
898 1610 1065 1650 annos
1091 1606 1250 1650 natus
1276 1613 1325 1650 cr
1353 1599 1536 1666 genuit
1561 1598 1815 1655 Iessatum
1835 1618 1850 1664 ;
1873 1600 2104 1656 Iessaeus
2136 1619 2306 1660 annos

775 1693 929 1740 natus
977 1700 1117 1739 cvxx
1167 1689 1353 1755 genuit
1405 1687 1694 1755 Davidem;
1745 1689 1909 1744 David
1943 1707 2111 1747 annos
2145 1705 2306 1751 natus

771 1787 902 1828 Lvut
937 1778 1118 1842 genuit
1173 1775 1534 1832 Solomonem.
1585 1779 1674 1834 Ille
1715 1782 2030 1838 tricenarius
2079 1800 2304 1855 regnum

2482 605 2664 660 XVIII.
2706 605 3032 658 Eliacbimus
3057 645 3072 669 ,
3121 601 3369 672 idemque
3405 601 3756 668 ioachimus,
3795 593 3932 662 annis

2413 711 2508 750 xu.
2543 693 2714 762 Ilujus
2746 705 2889 746 anno
2915 691 3125 746 decimo
3165 689 3404 744 Iudmam
3450 689 3930 744 Nabuchodonoso-

2413 802 2507 841 rus
2537 785 2774 847 domuit.
2807 789 2860 839 et
2889 791 3009 853 post
3037 792 3313 852 acceptum
3357 781 3428 836 ab
3453 779 3752 836 Eliacbimo
3779 780 3930 836 tribu.

2413 885 2538 930 tum.
2558 875 2842 930 abscessit.

2483 961 2618 1016 XIX.
2660 962 3002 1026 Ioacbimus,
3035 961 3281 1028 idemque
3317 957 3606 1014 Icchonias
3627 998 3642 1021 ,
3673 959 3928 1014 mensibut
3981 959 3984 966 ’

2415 1069 2494 1107 ιιι.
2535 1055 2801 1108 ilcversus
2845 1051 3410 1106 Nabuchodonosorus
3445 1047 3784 1104 Ioachimum
3811 1063 3926 1120 quo-

2413 1160 2516 1213 que
2547 1145 2598 1198 in
2631 1145 2988 1213 captivitatem
3017 1140 3337 1210 deportavit.

2483 1233 2598 1288 XX.
2639 1233 2936 1288 Matlianias
2960 1273 2974 1295 ,
3013 1231 3260 1300 idemque
3292 1229 3617 1296 Sedecjiias,
3651 1231 3808 1286 annis
3833 1245 3899 1286 ιι.

2481 1325 2807 1380 Duodecimo
2867 1324 3140 1378 Sedecbim
3193 1339 3336 1377 anno
3389 1321 3928 1378 Nabuchodonosorus

2413 1414 2692 1470 Cbaldmus
2734 1415 2906 1483 captis
2937 1415 3322 1484 Hierosolymis
3367 1415 3624 1483 templum
3669 1415 3926 1468 cremavit.

2414 1509 2680 1562 Manserat
2733 1507 2990 1576 templum
3037 1507 3193 1560 annis
3241 1521 3500 1560 ccccxmt.
3553 1505 3610 1560 In
3649 1505 3928 1577 quadrage-

2412 1601 2562 1654 sima:
2601 1599 2840 1666 septima:
2876 1598 3191 1668 olympiadis
3235 1612 3434 1650 annum
3475 1606 3726 1667 quartum
3761 1595 3928 1650 incidit

2411 1690 2741 1759 captivitatis
2791 1688 3032 1750 initium,
3069 1688 3362 1756 eademque
3406 1703 3579 1742 annos
3609 1687 3930 1756 septuaginta

2411 1783 2713 1850 occupavit.
2744 1777 2874 1832 Post
2901 1791 3106 1832 annum
3135 1778 3468 1846 captivitatis
3497 1777 3810 1832 vicesimum
3839 1775 3930 1828 Sa-

775 1865 1080 1931 auspicatus
1103 1874 1218 1931 est,
1248 1869 1512 1938 annisque
1541 1886 1606 1924 xi.
1649 1871 1902 1936 retinuit,
1939 1875 2047 1928 vita
2098 1876 2164 1928 ad
2213 1891 2296 1930 se-
2337 1865 2378 1918 Β
2405 1871 2892 1928 buchodonosorus
2919 1887 2950 1926 e
2982 1871 3088 1924 vita
3117 1869 3384 1940 migravit.

774 1957 1158 2026 ptuagesimum
1190 1973 1387 2013 annum
1413 1969 1700 2028 protracta.
1732 1961 1982 2018 Solomon
2016 1978 2184 2018 annos
2207 1979 2304 2018 na-

773 2055 854 2100 tus
892 2063 1002 2101 xxn
1035 2049 1144 2119 (54)
1173 2053 1354 2119 genuit
1385 2051 1739 2106 Roboamum.
1785 2041 1926 2106 Idem
1974 2061 2168 2122 quarto
2205 2055 2306 2108 'rc-

773 2139 860 2206 gni
895 2139 978 2192 sui
1010 2153 1152 2193 anno
1183 2143 1364 2210 templi
1395 2141 1676 2195 tediﬁcium
1722 2143 2002 2198 excitabat.
2047 2145 2130 2212 (Α
2163 2143 2308 2200 Mosc

773 2242 1098 2296 egressuque
1123 2245 1184 2283 ex
1217 2231 1446 2301 ΕΒΗ)ῑο
1475 2248 1644 2301 usque
1673 2233 1740 2287 ad
1781 2231 2122 2288 Solomonem
2165 2243 2303 2289 tem-

775 2319 952 2386 plique
1001 2319 1266 2387 Opificium
1316 2323 1672 2378 coniiciuntur
1717 2326 1842 2378 anni
1889 2340 2176 2381 ccccuxx.
2226 2325 2307 2382 Ab

777 2408 974 2462 Adamo
1020 2419 1194 2466 autem
1250 2416 1626 2485 ιιιιιιιιεωιιι.)
1681 2413 1821 2470 Idem
1876 2417 2174 2473 duodennis
2221 2435 2307 2473 re-

775 2516 932 2569 gnum
963 2502 1184 2572 adeptus
1227 2512 1308 2560 est
1356 2504 1502 2576 (55),
1554 2505 1698 2576 qdod
1745 2522 1812 2560 xt.
1864 2509 2020 2563 annis
2073 2509 2302 2574 insedit,

775 2607 954 2647 VIVeIlS
979 2607 1134 2647 annis
1161 2609 1252 2648 LII.

843 2705 924 2756 12.
963 2703 1090 2760 Post
1144 2705 1482 2762 Solomonem
1532 2709 1742 2766 Israelis
1791 2725 2014 2778 regnum
2064 2711 2306 2766 bifariam

775 2793 1000 2848 divisum
1035 2806 1135 2851 est.
1201 2798 1454 2854 Samariae
1495 2801 1676 2856 decem
1719 2801 1970 2857 tribubus
2025 2803 2304 2873 imperavit

774 2883 1121 2940 Jeroboamus
1153 2885 1344 2942 Nabati
1381 2889 1552 2956 filius",
1586 2893 1738 2959 isque
1780 2909 1872 2947 rex
1918 2892 2126 2948 Israelis
2163 2897 2306 2948 voci-

773 2982 915 3030 tatus
945 2983 1044 3031 est.
1077 2975 1422 3048 Ierosolymis
1450 2987 1627 3034 autem
1669 2981 1948 3050 imperavit
1991 2983 2302 3040 Roboamus

773 3063 1076 3120 Solomonis
1111 3069 1250 3124 Illius
1270 3109 1286 3132 ,
1316 3069 1470 3138 isque
1500 3086 1590 3124 rex
1623 3071 1772 3125 Iudae
1803 3073 2097 3143 appellatus
2129 3086 2229 3130 est.

839 3154 878 3208 I.
923 3157 1226 3213 Roboamus
1251 3171 1437 3230 regnat
1459 3159 1806 3233 Ierosolymis
1833 3165 1989 3221 annis
2016 3181 2146 3220 xvn.

839 3243 906 3300 ll.
945 3247 1108 3302 Abias
1139 3251 1294 3304 annis
1328 3267 1408 3305 ιιι.

963 3335 1072 3428 ᾼςθ
1104 3337 1212 3408 (56)
1243 3341 1398 3395 annis
1426 3355 1536 3428 xu.

836 3427 926 3482 IV.
965 3427 1287 3498 Iosaphatus
1319 3427 1474 3486 annis
1507 3449 1610 3488 xxv
1651 3432 1782 3505 (57).

841 3516 904 3572 V.
943 3518 1193 3575 Ioramus
1227 3521 1384 3576 annis
1418 3536 1536 3576 vm.

837 3606 926 3662 VI.
968 3609 1230 3666 Ochosias
1263 3626 1404 3667 anno
1439 3629 1475 3665 ι.

837 3697 948 3753 VII.
989 3699 1208 3754 Godolia
1237 3713 1406 3757 mater
1436 3705 1551 3772 ejus
1579 3707 1735 3760 annis
1767 3722 1862 3761 vn.

787 3780 794 3870 ς
840 3786 974 3840 VIII.
1013 3786 1205 3844 Ioasus
1238 3792 1394 3844 annis
1424 3807 1510 3844 ιιι..
1543 3792 1674 3848 Tres
1710 3795 1872 3849 hosce
1900 3812 2083 3866 reges,
2112 3813 2302 3868 nempe

774 3874 1058 3931 Ochosiam
1109 3895 1229 3932 cum
1280 3879 1504 3934 Godolia
1554 3892 1754 3948 matre,
1801 3883 2020 3940 Ioasum
2057 3895 2109 3941 et
2143 3888 2303 3940 Ama-

771 3952 903 4018 siatu
925 4005 938 4028 ,
967 3967 1166 4022 idcirco
1194 3971 1246 4022 in
1274 3985 1428 4025 suam
1455 3975 1814 4044 genealogiam
1840 3976 2165 4044 evangelista
2195 3992 2302 4030 non

771 4055 982 4118 intulit,
1013 4059 1154 4125 quod
1185 4060 1274 4112 illa
1307 4061 1446 4124 ﬁlia,
1477 4063 1532 4115 bi
1563 4074 1781 4133 nepotes
1815 4065 2016 4119 Achabi
2051 4065 2297 4120 fuissent.

839 4143 928 4197 IX.
969 4144 1211 4200 Amesias
1244 4149 1396 4203 annis
1425 4165 1569 4204 χχιιι.

837 4236 904 4289 X.
947 4237 1200 4302 Azarias,
1253 4239 1734 4309 idemque-Ozias,
1789 4247 1944 4300 annis
1996 4261 2088 4300 LII.
2143 4245 2298 4298 Anno

771 4323 912 4378 Ozi-a:
941 4327 1348 4395 quadragesimo
1379 4345 1520 4383 nono
1549 4333 1718 4398 prima
1749 4335 2012 4403 Olympias
2043 4343 2158 4389 acta
2193 4343 2294 4388 est.

841 4415 932 4470 XI.
973 4415 1282 4472 Ioathamus
1312 4423 1466 4476 annis
1497 4437 1608 4476 xvr.

2477 1959 2562 2012 15.
2602 1957 2846 2013 Iamvero
2875 1961 2930 2012 in
2956 1957 3185 2012 Mattbtei
3215 1958 3524 2028 genealogia
3543 1957 3828 2012 Iechonias
3851 1971 3927 2024 ge-

2409 2051 2524 2102 nuit
2555 2049 2897 2104 SaIathielem
2945 2063 3086 2102 anno
3111 2047 3400 2104 mtatistvt
3453 2068 3466 2101 :
3515 2050 3602 2103 bie
3641 2048 3932 2102 Zorobabe-

2409 2140 2510 2192 lem
2551 2155 2693 2193 anno
2745 2155 2830 2192 LVI
2861 2157 2874 2204 ;
2927 2139 3016 2192 hic
3038 2138 3306 2192 Abiudum
3349 2154 3491 2192 anno
3517 2154 3615 2192 xxv
3643 2155 3656 2200 ;
3687 2137 3778 2191 hic
3805 2135 3932 2188 Elia-

2406 2229 2640 2282 chimum
2671 2244 2811 2282 anno
2841 2245 2940 2294 1.x;
2977 2229 3062 2282 hic
3077 2229 3301 2282 Azorem
3324 2243 3464 2281 anno
3493 2243 3684 2292 xxxix;
3725 2228 3812 2282 hic
3847 2225 3934 2279 Sao

2407 2319 2636 2373 doclmm
2673 2335 2815 2373 anno
2845 2335 2992 2374 xxxi.
3019 2319 3198 2372 Primo
3227 2317 3458 2372 Sadochi
3483 2334 3622 2372 anno
3647 2319 3932 2372 Alexander

2407 2409 2627 2464 Macedo
2665 2409 2937 2464 inclaruit.
2969 2409 3018 2462 Is
3045 2408 3263 2461 Aciliam
3287 2423 3426 2461 anno
3451 2409 3622 2462 aetatis
3647 2422 3834 2470 xxxiv;
3857 2405 3931 2459 hic

2405 2498 2654 2552 Eliudum
2693 2513 2834 2551 anno
2883 2513 3018 2557 xxx;
3047 2497 3132 2550 hic
3159 2495 3456 2548 Eliazarum
3512 2510 3650 2548 anno
3671 2510 3824 2560 uti;
3855 2494 3932 2546 hic

2407 2587 2709 2640 Mathanem
2756 2600 2896 2638 anno
2945 2599 3188 2648 xxxviii;
3229 2582 3316 2635 hic
3347 2581 3600 2635 Iacobum
3641 2597 3784 2635 anno
3833 2595 3930 2642 1.x;

2407 2673 2494 2726 hic
2533 2672 2822 2740 Iosephum
2885 2685 3026 2722 anno
3065 2685 3242 2723 Lxxvt.
3307 2669 3466 2722 Iesus
3509 2667 3760 2724 Christus
3801 2669 3932 2737 apud

2405 2763 2554 2817 Iudae
2587 2763 2986 2814 Belhlchemum
3029 2759 3288 2812 nascitur.
3345 2757 3562 2810 Summa
3609 2761 3864 2828 temporis
3905 2774 3933 2812 a

2408 2854 2590 2922 templi
2639 2853 2977 2920 reparatione
3029 2851 3094 2903 ad
3142 2849 3342 2904 Christi
3395 2851 3592 2901 natalia
3639 2851 3768 2902 anni
3817 2863 3934 2905 sunt

2407 2963 2569 2999 nxvnl
2597 2963 2609 3010 ;
2643 2960 2670 2996 a
2695 2945 2982 2998 Solomone
3008 2943 3287 3012 primoque
3315 2942 3497 3012 templi
3523 2941 3748 2995 aedilicio
3775 2956 3934 3009 usque

2406 3039 2470 3090 ad
2499 3039 2790 3091 secundum
2839 3035 2966 3088 anni
3013 3035 3264 3098 uxu;ab
3290 3033 3436 3086 exitu
3485 3031 3550 3085 ad
3598 3023 3932 3085 Solomonem

2407 3129 2528 3182 anni
2559 3143 2822 3180 ccccuxx
2859 3143 2872 3190 ;
2904 3127 2971 3178 ab
2999 3125 3306 3178 Abrahamo
3335 3127 3400 3176 ad
3427 3123 3624 3176 exitum
3661 3123 3794 3176 anni
3833 3137 3932 3184 nr;

2409 3237 2436 3272 a
2465 3219 2667 3272 diluvio
2693 3218 2757 3270 ad
2793 3217 3154 3268 Abrahamum
3197 3213 3611 3266 anninccccxm
3641 3229 3655 3276 ;
3703 3214 3774 3266 ab
3803 3213 3937 3265 Ada-

2409 3325 2497 3362 mo
2551 3309 2616 3361 ad
2643 3309 2900 3361 diluvium
2945 3305 3070 3359 anni
3113 3318 3364 3358 nnccxut
3403 3322 3414 3356 :
3455 3317 3660 3356 summa
3710 3301 3936 3371 denique

2408 3400 2664 3467 temporis
2697 3375 2766 3450 ab
2791 3395 2995 3449 Adamo
3040 3395 3106 3448 ad
3149 3394 3350 3449 Christi
3397 3393 3592 3446 natalia
3639 3393 3770 3446 anni
3817 3403 3934 3446 sunt

2407 3501 2948 3551 tinnuncuxxxvtn,
3005 3493 3166 3562 prout
3221 3485 3566 3555 Septuaginta
3619 3482 3936 3554 Interpretes

2407 3581 2618 3634 docent.

2475 3693 2560 3745 14.
2601 3690 2728 3746 Post
2755 3691 2955 3744 obitum
2989 3689 3296 3744 Solomonis
3316 3729 3332 3754 ,
3365 3697 3424 3742 ut
3451 3690 3562 3756 jam
3591 3689 3802 3746 dictum
3825 3703 3932 3752 est.

2407 3783 2680 3837 Roboamo
2729 3797 2948 3850 regnum
3005 3793 3234 3838 exorso.
3284 3779 3390 3831 imo
3441 3779 3614 3846 primo
3663 3783 3934 3850 regnantis

2407 3885 2548 3925 anno
2570 3910 2584 3934 ,
2619 3869 2874 3924 Samariae
2899 3869 3084 3922 decem
3117 3867 3363 3921 tribubus
3393 3867 3655 3936 imperare
3682 3873 3852 3940 cmpit

2421 3943 2429 3952 ’
2477 3963 2516 4016 I.
2557 3960 2908 4015 Ieroboamus
2935 3957 3126 4010 Nabati
3155 3957 3297 4012 (ilius
3327 3961 3482 4010 annis
3511 3973 3646 4012 xxu.
3815 3953 3850 3970 ’⁸

2473 4051 2590 4104 Iam
2625 4052 2700 4106 uti
2735 4050 2950 4104 Davidis
2997 4057 3152 4103 aetate
3192 4049 3642 4118 prophetaverant
3683 4047 3934 4112 Gaddus.

2405 4141 2707 4207 Nathanes,
2759 4141 3044 4208 Asaphus;
3091 4155 3387 4210 rursusque
3434 4141 3738 4198 Solomonis
3789 4149 3936 4196 aetate

2409 4235 2714 4294 Sadochus,
2747 4233 2947 4284 Achias
2979 4229 3232 4286 Silonites
3271 4241 3322 4284 ct
3367 4229 3626 4297 Samcas;
3665 4232 3742 4286 ita
3783 4235 3937 4288 etiam

2405 4323 2708 4378 .Ieroboami
2791 4321 2992 4388 ﬁliique
3047 4322 3164 4388 ejus
3213 4320 3402 4376 Nabati
3455 4329 3612 4376 aztate
3661 4323 3934 4377 vaticinati

2406 4421 2530 4468 sunt
2573 4411 2802 4471 Achias,
2849 4407 3104 4472 Sameas,
3153 4419 3264 4462 tum
3310 4417 3364 4462 et
3405 4411 3492 4462 ille
3523 4413 3616 4479 qui
3657 4413 3725 4466 ad
3771 4414 3936 4482 ipsam

839 4507 952 4560 XII.
993 4508 1239 4564 Achazus
1266 4512 1420 4566 annis
1449 4529 1558 4566 xvr-
1587 4512 1878 4568 Undecimo
1907 4518 2102 4572 Achazi
2153 4533 2294 4571 anno
2329 4510 2370 4562 D
2403 4507 2655 4560 Samariae
2685 4519 2828 4556 aram
2861 4503 2902 4564 ⁵,
2939 4515 3036 4554 nec
3067 4517 3174 4553 non
3205 4498 3398 4553 Joasus
3421 4539 3434 4562 .
3469 4511 3522 4553 ει
3547 4499 3690 4568 ³081,
3721 4513 3778 4560 et
3805 4506 3938 4558 Aza-

773 4595 931 4649 Isracl
963 4597 1013 4648 in
1046 4599 1356 4652 servitutem
1387 4615 1416 4652 a
1447 4599 1820 4657 Salmanasaro
1850 4606 2094 4661 redactus
2123 4618 2225 4662 est.

839 4685 970 4741 XIII.
1011 4686 1264 4741 Ezechias
1303 4691 1455 4744 annis
1487 4708 1632 4747 xxix.
1665 4693 1814 4748 Nono
1865 4695 2106 4750 Ezechia:
2155 4713 2296 4750 anno

772 4772 992 4828 Romam
1023 4777 1262 4830 condidit
1295 4776 1554 4834 Romulus
1575 4823 1587 4844 ,
1618 4785 1706 4850 qui
1737 4793 1850 4838 erat
1895 4787 1956 4838 al.
1991 4787 2293 4842 Abrahamo

773 4877 946 4918 annus
977 4880 1278 4919 uccnxxxm
1311 4869 1440 4938 (58).

841 4951 976 5007 XIV.
1018 4954 1290 5012 Manasses
1317 4960 1474 5014 annis
1507 4975 1590 5012 ιγ.

841 5039 953 5092 XV.
997 5041 1228 5096 Amosus
1257 5047 1410 5098 annis
1446 5061 1551 5098 Ml.

838 5129 972 5182 XVI.
1017 5131 1186 5186 Iosias
1216 5136 1369 5188 annis
1399 5153 1552 5189 χχιιι.

843 5217 1000 5272 XVII.
1039 5221 1334 5278 Ioacbasus
1369 5227 1640 5280 mensibus
1683 5243 1760 5280 Ill.
1802 5228 2120 5284 Ioachasum
2163 5229 2298 5284 Nec-

837 5371 862 5406 δ
898 5371 1080 5426 Matth.
1123 5391 1161 5437 ι,
1203 5376 1254 5429 5.
1331 5377 1350 5405 '
1389 5377 1456 5429 ill
1485 5379 1615 5448 Reg.
1651 5393 1763 5442 xm,
1807 5379 1855 5431 I.

843 5525 952 5594 (5d)
991 5527 1074 5578 Al.
1103 5527 1252 5589 cod.,
1283 5543 1378 5580 xu.

821 5594 950 5722 ι
981 5596 1064 5717 3:3
1194 5603 1245 5650 et
1271 5597 1590 5667 Eupolemus
1612 5601 1748 5671 apud
1771 5600 2086 5673 Eusebium,
2109 5603 2288 5671 Prtep.

773 5677 950 5726 evang.
981 5681 1031 5717 lx
1053 5703 1067 5726 ,
1097 5677 1184 5718 ὒυ.
1909 5715 1915 5720 -

847 5731 954 5802 (Ξιῦ)
991 5733 1074 5787 AI.
1106 5733 1224 5790 cod.
1245 5773 1258 5798 ,
1289 5735 1542 5804 Ataphut.

2405 4603 2510 4652 rias
2541 4598 2784 4663 idemque
2809 4592 2991 4646 Addus
3011 4629 3026 4656 ,
3060 4595 3218 4659 atque
3245 4589 3500 4644 Ananias.

2472 4686 2534 4740 II.
2575 4686 2806 4740 Nabatus
2841 4684 2995 4737 annis
3027 4698 3084 4734 ιι.

2473 4777 2557 4830 III.
2598 4775 2754 4842 Bajas
2783 4775 2835 4842 (5
2863 4777 2892 4840 -)
2927 4771 3081 4825 annis
3114 4785 3260 4824 xxiv.

2471 4866 2558 4919 IV.
2599 4865 2694 4916 Eia
2725 4871 2879 4917 annis
2909 4878 2967 4916 ιι.

2469 4957 2533 5011 V.
2576 4957 2791 5012 Zambri
2819 4955 3095 5010 mensibus
3121 4970 3216 5010 vn.

2470 5046 2558 5100 VI.
2598 5047 2746 5100 Amri
2781 5047 2937 5100 annis
2967 5063 3064 5100 xu.

2469 5135 2578 5190 VII.
2622 5139 2904 5192 Achaahus
2937 5139 3094 5193 annis
3123 5153 3258 5192 xxn.

2471 5227 2580 5282 Sub
2611 5231 2711 5282 hoc
2737 5229 3006 5296 praphetae
3034 5230 3248 5285 fuerunt
3274 5229 3505 5295 Abdias,
3537 5227 3682 5286 Elias
3701 5271 3715 5297 ,
3749 5227 3942 5292 Iesus.

2472 5534 2580 5596 (57)
2617 5531 2700 5585 ΑΙ.
2730 5529 2848 5584 cod.
2869 5569 2886 5594 ,
2917 5547 3086 5586 vau.

2471 5601 2580 5668 (58)
2617 5599 2810 5668 Moenia
2837 5601 3140 5668 templaque
3163 5599 3346 5659 Romae
3369 5603 3470 5661 hoc
3487 5621 3636 5662 anno
3659 5622 3692 5663 a
3713 5607 3942 5666 Romulo

2401 5667 2656 5724 aediﬁcata
2685 5667 2846 5721 tradit
2871 5668 3150 5724 Eusebius.

2473 5738 2583 5809 (59)
2619 5737 2814 5796 Euseb.
2833 5778 2848 5806 ,
2879 5737 3104 5794 Beatus.
