4098 6328
258 453 355 507 Gil

987 450 1323 505 ssuueus
1359 416 1673 502 ANIENSIS
1706 447 2041 502 summa"
2081 445 2454 501 quenum
2489 448 2664 503 psus
2700 450 2736 503 I.

3342 454 3443 508 62?.

257 565 440 631 Oziel,
490 567 713 620 Michael
746 585 759 633 ;
804 566 923 620 falsi
970 577 1142 621 autem
1196 567 1465 637 propheta:
1509 566 1798 620 Sedechias
1826 570 1874 624 Α
1899 564 2155 619 dimissos
2185 536 2421 629 Judieos,
2452 567 2681 634 praeside
2713 566 3042 622 Zorobabele
3069 570 3157 635 qui
3189 570 3443 635 templum

258 666 421 724 atque
450 655 672 710 Eliezer.

331 743 463 797 VIII.
502 745 761 799 Ochosias
788 747 951 801 annis
988 754 1046 800 ιιὶ

336 832 429 885 IX.
468 833 715 888 Joramus
772 836 927 889 annis
988 851 1085 889 xii.
1152 834 1344 888 lterum
1408 834 1801 902 prophetahant

260 922 407 975 Elius
437 931 489 975 et
522 924 760 979 Eliszeus.
796 924 1031 993 Septimo
1072 924 1273 979 Jorami
1328 940 1467 978 anno
1519 925 1660 977 Elias
1715 944 1821 995 sua,

260 1015 503 1083 perlatus
537 1023 638 1068 est.

329 1101 397 1154 Χ.
438 1101 537 1156 Jeu
564 1105 720 1157 annis
748 1120 939 1158 xxvm.

332 1190 504 1246 Minas
526 1234 539 1256 ,
573 1210 707 1262 quas
738 1194 828 1247 Dei
888 1194 1039 1247 ‘l'uror
1066 1197 1117 1246 in
1160 1196 1433 1248 Achabuin
1475 1212 1798 1265 uxoremque

252 1281 379 1348 ejus
422 1281 719 1337 Jezahelem
769 1284 1098 1346 intenderat,
1146 1286 1244 1339 Jeu
1297 1286 1363 1338 ad
1410 1303 1521 1341 rem
1572 1291 1798 1341 contulit

256 1374 413 1427 caasis
440 1377 774 1444 septuaginta
808 1377 1006 1428 Achabi
1043 1377 1223 1429 liberis
1243 1417 1257 1440 ,
1288 1392 1385 1431 nec
1414 1394 1518 1431 non
1553 1375 1799 1433 Jezabele

256 1462 503 1528 Sidonia,
527 1477 579 1520 et
600 1468 1000 1537 quadringentis
1021 1469 1331 1522 exsecrandi
1354 1468 1478 1521 idoli
1502 1472 1793 1538 prophetis.

253 1554 361 1609 Per
389 1558 441 1610 id
474 1566 680 1625 tempus
713 1559 850 1626 apud
886 1560 1130 1625 Israelem
1165 1561 1519 1627 prophetahat
1548 1562 1791 1616 Azarias.
1826 1596 1827 1601 η

326 1644 419 1700 XI.
458 1645 756 1701 Joachazus
786 1649 942 1700 annis
975 1664 1102 1701 xvii.
1138 1648 1307 1717 Hujus
1336 1658 1491 1703 aetate
1522 1667 1612 1704 rex
1642 1636 1794 1704 Judaa

250 1735 450 1790 Joasus
477 1738 721 1790 Azariam
770 1738 1067 1801 interfecit,
1097 1748 1207 1793 tum
1236 1750 1288 1794 et
1316 1740 1538 1795 Elisasus
1569 1742 1674 1794 vita
1702 1758 1793 1795 ex-

236 1837 445 1878 ‘CCSSIL
1176 1840 1179 1841 ν

330 1914 439 1967 ΧΠ.
462 1915 654 1970 Joasus
674 1918 828 1971 annis
863 1932 969 1969 xvi.

326 2003 462 2056 XIII.
488 2004 878 2060 Hieroboamus
920 2006 1074 2060 annis
1110 2022 1214 2060 xu.
1264 2006 1436 2075 Hujus
1465 2016 1625 2064 artate
1652 2011 1792 2063 vati-

234 2096 420 2148 'Cinati
456 2106 581 2150 sunt
610 2093 1067 2161 Oseas,Amosus,
1107 2097 1269 2152 Isaias
1292 2109 1343 2152 et
1366 2098 1549 2153 Jonas.

322 2184 463 2240 XIV.
490 2185 777 2240 Zacharias
812 2188 1085 2241 mensibus
1116 2205 1185 2241 vi.
1259 2230 1276 2244 .

325 2276 442 2330 XV.
476 2276 744 2331 Sellumus
773 2277 963 2332 diebus
982 2293 1108 2333 XLV.

322 2365 465 2418 XVI.
497 2366 808 2422 Manaemus
844 2369 1000 2421 annis
1031 2385 1084 2420 κ.

327 2456 485 2512 XVII.
525 2456 761 2511 Phaceas
782 2460 934 2513 annis
969 2474 1022 2511 χ.
1053 2458 1203 2512 Nono
1235 2459 1396 2528 hujus
1446 2475 1588 2515 anno
1618 2462 1790 2530 prima

233 2534 521 2617 olympias
552 2557 668 2601 acta
694 2557 798 2602 est.

324 2637 508 2693 XVIII.
541 2638 775 2693 Phaeeas
812 2640 968 2694 annis
997 2657 1086 2693 xx.

322 2727 464 2782 XIX.
489 2728 654 2783 Oseas
684 2727 839 2783 annis
869 2746 947 2784 ιι.

322 2817 463 2873 Osca
491 2828 764 2889 regnante,
790 2820 969 2875 decem
1003 2821 1174 2875 tribus
1204 2821 1448 2875 servituti
1474 2821 1791 2890 mancipata

246 2917 439 2997 sunta
470 2907 864 2972 Salmanasaro,
915 2909 1257 2977 deletumque
1301 2908 1653 2963 lsraeliticum
1697 2911 1792 2962 Sa-

168 3058 177 3065 ,
248 3002 439 3055 maria
459 3016 699 3069 regnum,
724 3016 865 3054 anno
915 3002 1111 3054 Achazi
1137 3002 1455 3069 imperantis
1480 3001 1785 3065 undecimo,

249 3098 537 3161 postquam
559 3090 714 3145 annis
746 3104 841 3143 CCL
861 3096 1121 3145 stetisset.
1171 3090 1306 3143 Hinc
1332 3097 1510 3163 autem
1546 3089 1612 3143 ad
1652 3098 1788 3144 tem—

1907 656 2201 725 urbemque
2258 658 2495 711 restituit
2530 677 2542 709 :
2580 665 2692 709 tum
2712 666 2766 711 et
2798 656 3079 725 pontifices
3124 660 3445 712 exstiterunt

1904 762 2071 813 usque
2098 756 2163 797 ad
2196 757 2415 799 unctum
2442 748 2654 809 ducem.
2691 749 2744 800 in
2769 762 2876 816 quo
2907 749 3225 815 patriarchae
3257 746 3443 803 Jacobi

1898 836 2209 888 vaticinatio
2246 838 2447 889 exitum
2508 838 2699 890 sortita
2747 844 2830 890 est
2859 837 3087 891 dicentis
3117 856 3131 892 :
3162 836 3314 891 Haud
3345 840 3442 891 de-

1900 924 2162 979 fecturum
2189 942 2217 977 e
2237 923 2263 975 J
2274 924 2373 975 uda
2407 924 2701 992 principem
2720 964 2735 986 ,
2766 925 2849 977 vel
2873 924 2939 977 de
2968 926 3210 991 ejusdem
3243 926 3443 979 femore

1900 1014 2110 1075 ducem,
2144 1014 2317 1080 quoad
2340 1012 2427 1064 ille
2456 1011 2769 1065 adventaret
2818 1013 2883 1065 ad
2904 1029 3061 1081 quem
3094 1016 3319 1083 pertinet
3346 1017 3443 1067 im-

1898 1105 2105 1174 perium
2136 1105 2175 1157 ⁸.
2204 1104 2318 1157 Jain
2342 1104 2479 1159 duce
2511 1105 2840 1160 Zorobahele
2871 1107 3111 1174 pontifex
3138 1116 3253 1161 erat
3281 1107 3443 1163 Jesus

1893 1196 2175 1249 Josedechi
2209 1195 2349 1250 ﬁlius
2386 1212 2397 1245 :
2425 1199 2545 1249 exin
2592 1194 2867 1249 Jachimus
2896 1236 2909 1259 ,
2947 1197 3085 1250 idem
3111 1197 3443 1266 quiJoachi-

1897 1286 2404 1350 mus,Jesu,ﬁlius:
2438 1302 2536 1340 nec
2586 1302 2694 1338 non
2754 1284 3100 1355 Elarus(60),
3154 1289 3293 1341 idem
3350 1291 3440 1354 qui
3504 1330 3505 1333 η

1897 1376 2195 1439 Esiasibus,
2232 1379 2374 1432 ﬁlius
2416 1376 2668 1443 Jachimi.
2726 1377 3097 1445 Eratinsuper
3133 1377 3334 1432 Esdras
3362 1395 3444 1430 Sn-

1895 1467 2108 1532 cerdos,
2133 1469 2312 1522 scriba
2353 1468 2527 1536 legum
2573 1483 2872 1532 sacrarum,
2927 1470 3230 1537 nobilisque
3257 1470 3443 1521 doctor

1894 1572 2081 1610 eorum
2100 1559 2188 1626 qui
2221 1557 2493 1627 Babylone
2548 1559 2599 1611 in
2652 1558 2887 1611 Judazam
2920 1559 3271 1613 ascenderant
3306 1562 3437 1628 (ω).

1892 1646 2086 1701 Joadas
2119 1647 2269 1701 Asibi
2306 1649 2465 1711 ﬁlius,
2502 1648 2604 1701 sub
2628 1663 2737 1716 quo
2762 1647 3047 1702 Nehemias
3091 1650 3441 1716 ArtaxiSpin-

1892 1752 2076 1800 cerua,
2098 1754 2292 1808 genere
2313 1738 2587 1801 Hebraeus,
2612 1738 2883 1808 Babylone
2911 1740 3053 1800 venit
3078 1738 3441 1809 Hierosolyma

1896 1842 2187 1895 murosque
2210 1828 2488 1881 excitavit.
2519 1827 2756 1882 Joannes
2782 1828 2963 1882 Joada:
2992 1828 3151 1883 ﬁlius.
3206 1829 3437 1883 Joannis

1896 1918 2037 1971 ﬁlius
2063 1918 2286 1980 Jaddus,
2311 1919 2465 1985 cujus
2488 1928 2643 1971 aetate
2679 1918 2897 1971 Macedo
2925 1920 3225 1972 Alexander
3252 1921 3441 1975 Hiero-

1896 2010 2102 2077 solyma
2129 2006 2403 2075 ingressus
2434 2006 2598 2059 Deum
2621 2009 2886 2061 adoravit.
2910 2007 3076 2060 Onias
3101 2007 3254 2060 Jaddi
3280 2009 3438 2063 ﬁlms.

1897 2100 2115 2152 Simeon
2142 2104 2495 2165 cognomento
2533 2094 2741 2150 Justus.
2780 2096 3047 2149 Simeonis
3099 2095 3259 2149 frater
3289 2095 3443 2149 Elea-

1895 2204 2073 2249 zarus,
2099 2188 2201 2241 sub
2216 2201 2323 2255 quo
2346 2184 2698 2254 Septuaginta
2739 2184 2852 2238 Viri
2886 2186 3095 2239 divinos
3126 2186 3290 2238 libros
3316 2184 3439 2237 ιἰο-

1894 2279 2059 2331 lernaei
2086 2279 2230 2346 regis
2255 2278 2411 2346 jussu
2439 2278 2504 2331 ad
2546 2276 2745 2329 Graecae
2773 2277 2971 2346 linguae
3000 2276 3437 2329 consuetudinem

1891 2364 2326 2416 transtulerunt.
2385 2364 2660 2419 Manasses
2714 2364 2950 2417 Eleazari
3001 2374 3242 2431 patruus.
3275 2362 3445 2418 Onias

1895 2449 2163 2503 Simeonis
2191 2449 2329 2503 Justi
2377 2451 2536 2506 (ilius.
2577 2449 2725 2504 Onias
2771 2451 2911 2504 ﬁlius
2943 2452 3183 2514 Simeon,
3210 2453 3310 2506 sub
3336 2471 3441 2521 quo

1892 2548 2014 2592 erat
2038 2538 2200 2594 Jesus
2238 2539 2470 2593 Sirachi.
2508 2539 2774 2594 Simeonis
2802 2540 2942 2594 ﬁlius
2970 2539 3150 2595 Onias.

1964 2630 2050 2683 I8.
2084 2630 2218 2685 Tres
2248 2630 2441 2685 deinde
2479 2645 2542 2683 ac
2568 2631 2784 2700 triginta
2816 2639 2935 2699 post
2961 2632 3438 2685 annosAntiocnus

1895 2718 2199 2788 Epiphanes
2229 2719 2466 2773 Judaaam
2494 2720 2802 2793 ingressus
2856 2722 3224 2789 pontiﬁcatum
3251 2720 3440 2773 Judai-

1891 2824 2012 2862 cum
2037 2824 2066 2863 a
2103 2808 2233 2863 Jesu
2262 2808 2835 2878 cognomentoJasone
2862 2810 2928 2863 ad
2949 2810 3185 2878 ejusdem
3222 2809 3439 2865 fratrem

1881 2895 2084 2952 ‘Oniam
2150 2900 2471 2963 transtulit;
2528 2915 2718 2954 rursus
2781 2900 2905 2952 huic
2962 2908 3244 2968 ereptum,
3293 2899 3467 2967 Oniae

1890 2999 2242 3056 cognomento
2276 2987 2513 3042 Menelao
2540 2990 2704 3042 dedit.
2744 2988 2863 3042 Mox
2907 2991 3091 3058 elapso
3122 2991 3433 3058 quinquen-

1890 3078 1981 3130 nio
2017 3079 2293 3145 occupatis
2342 3078 2725 3149 Hierosolymis
2774 3080 3026 3146 templum
3082 3078 3324 3145 diripuit,
3362 3080 3437 3131 si.

250 3182 400 3250 plum
442 3179 824 3251 Hierosolymis
856 3180 1372 3236 Nabuchodonosori
1405 3181 1458 3235 vi
1490 3180 1591 3235 sub
1618 3178 1785 3234 Sede-
1816 3207 1857 3263 ρ
1889 3167 2250 3263 Βιξυῐη-ξονίε
2288 3169 2545 3263 Olympici
2607 3168 2801 3263 ξιξίάθφ
2840 3168 3155 3263 ςοιξοείξνίις
3201 3169 3253 3219 in
3282 3168 3436 3219 δαιτί·

244 3272 376 3327 chia
406 3286 649 3326 eversum
680 3273 806 3325 anni
833 3282 1184 3327 numerantur
1213 3288 1353 3328 οινι.

320 3364 409 3417 15.
439 3362 479 3415 Ε
510 3363 943 3433 Paralipomenis.
977 3364 1093 3418 Jam
1130 3366 1197 3419 de
1237 3365 1426 3419 Levini
1483 3379 1681 3435 genere
1712 3378 1800 3418 sa-

194 3451 501 3521 g-cerdotes
520 3468 688 3519 usque
707 3452 773 3503 ad
802 3452 1171 3520 captivitatem
1230 3451 1449 3511 fuerunt
1472 3454 1526 3506 hi
1549 3470 1562 3504 :
1593 3453 1797 3510 Aaron.

249 3542 560 3605 Eliazarus,
595 3541 847 3605 Ihinees,
878 3543 1139 3606 Abiudus,
1166 3543 1443 3608 Borchias,
1479 3543 1659 3604 Ozias,
1694 3543 1799 3596 Za-

255 3647 406 3693 reas,
430 3631 745 3707 Hariothus,
801 3632 1066 3696 Amarias,
1113 3633 1428 3695 Achitobns,
1493 3632 1795 3697 Sadochus,

247 3723 565 3783 Achiamas,
594 3722 836 3787 Azarias,
856 3722 1049 3784 Jonan.
1075 3723 1314 3784 Azarias,
1339 3722 1603 3785 Amarias,
1634 3722 1799 3775 Achi-

234 3812 440 3874 Atobus,
472 3812 772 3873 Sadochus,
806 3812 1029 3866 Elumus
1053 3852 1068 3874 ,
1105 3811 1375 3878 Helcliias,
1410 3815 1654 3875 Azan-ias,
1690 3812 1795 3864 Za-

250 3918 424 3965 ηεαδ,
466 3901 814 3966 Josedechus,
872 3904 963 3971 qui
1006 3903 1326 3973 Babylonem
1387 3888 1660 3958 concessit
1686 3920 1793 3972 quo

245 4003 497 4059 tempore
525 3991 1082 4049 Nabuchodonosorus
1133 3993 1324 4047 Judam
1358 3995 1621 4048 servitute
1642 4010 1793 4063 pres-

233 4085 345 4138 sit.
520 4082 939 4151 Paralipomenis
962 4086 1336 4138 commendata
1362 4094 1510 4138 sunt.

326 4170 417 4223 i6.
450 4171 612 4239 Igitur
630 4171 774 4227 Jusia
805 4174 1017 4226 tertium
1044 4175 1151 4242 jam
1200 4184 1251 4227 et
1289 4175 1553 4227 decimum
1593 4190 1790 4227 annum

243 4257 413 4312 ιυιιω
458 4258 771 4327 imperante,
836 4260 1044 4313 initium
1091 4264 1448 4334 prephetandi
1492 4263 1789 4318 Hieremias

246 4348 434 4402 fecit:
472 4359 579 4401 tum
610 4358 663 4402 et
695 4364 836 4402 anno
882 4350 1119 4418 ejusdem
1177 4352 1316 4419 regis
1352 4354 1588 4405 secundo
1628 4366 1792 4420 supra

248 4439 577 4494 uicesimum
601 4438 901 4509 Sophonias
955 4449 1007 4494 et
1044 4440 1339 4497 Hieremias
1366 4446 1787 4512 prophetabant:

1904 3260 2027 3312 zino
2052 3259 2160 3329 (62)
2189 3269 2364 3313 autem
2426 3258 2572 3313 Jovis
2613 3256 2903 3326 Hospitalis
2931 3260 2973 3312 ⁷.
3018 3258 3091 3310 Ea
3120 3268 3437 3327 tempestate

1904 3352 2185 3405 Matathias
2232 3349 2449 3418 quidam
2500 3348 2753 3401 sacerdos
2796 3350 3092 3402 Asaiuonzei
3143 3349 3282 3403 ﬁlius
3310 3387 3323 3410 .
3368 3365 3430 3402 ex

1902 3442 2100 3512 Oppido
2134 3441 2406 3506 Modimo,
2458 3441 2598 3494 bello
2645 3440 2902 3493 adversus
2954 3441 3135 3508 copias
3182 3442 3436 3494 Antiochi

1901 3549 2022 3587 cum
2050 3532 2175 3587 ﬁliis
2195 3532 2310 3586 suis
2332 3531 2663 3585 decertabat.
2708 3529 2771 3582 Et
2807 3529 2974 3582 Judas
3021 3543 3150 3582 sane
3187 3530 3325 3581 ﬁlius
3355 3530 3435 3579 l'u—

1900 3636 2017 3689 gam
2044 3619 2297 3688 Syrorum
2316 3618 2461 3679 fecit,
2495 3618 2857 3684 templumque
2880 3616 3143 3677 lustravit,
3168 3630 3230 3669 ac
3262 3618 3432 3683 patria

1897 3724 2051 3763 sacra
2084 3708 2341 3769 restituit,
2376 3722 2495 3776 quae
2550 3706 2784 3759 triennio
2811 3705 3201 3759 obsoleveraut.
3234 3704 3435 3757 Deinde

1896 3800 2117 3854 Menelai
2168 3797 2475 3853 Judaaorum
2516 3783 2786 3865 pontiﬁcis
2832 3795 3187 3851 sacerdotium
3239 3798 3433 3863 exeipit

1894 3892 2154 3952 Alcimus,
2200 3891 2341 3945 idem
2392 3890 2482 3957 qui
2522 3888 2817 3948 Jaeliimus.
2870 3889 3076 3958 alienus
3106 3888 3226 3940 licet
3249 3888 3431 3955 generi

1893 3981 2251 4048 sacerdolali.
2283 3981 2640 4045 Quamobrem
2685 3980 2847 4032 Onias
2883 3977 3157 4031 sacerdote
3181 3978 3429 4045 progeni-

1888 4083 1978 4127 tus
2020 4075 2071 4126 in
2102 4072 2391 4141 Egyptum
2417 4072 2793 4137 proﬁciscitur,
2830 4069 3009 4135 ibique
3038 4067 3220 4120 urbem
3246 4068 3431 4120 condit

1891 4164 2189 4231 AmOpolim
2219 4163 2417 4231 (65).in
2448 4177 2616 4228 eaque
2647 4162 2902 4227 templum
2952 4159 3015 4210 ad
3050 4158 3218 4211 instar
3248 4156 3431 4208 Hiero-

1893 4251 2198 4320 solymitani
2252 4249 2565 4317 erigendum
2591 4257 2766 4300 curat.
2805 4249 3043 4300 Alcimus
3100 4254 3273 4296 autem
3306 4259 3429 4297 cum

1890 4341 2024 4395 Juda
2060 4340 2355 4409 confligens
2403 4341 2551 4393 brevi
2584 4356 2613 4392 a
2646 4339 2755 4392 Deo
2808 4352 3097 4405 percussus
3160 4334 3425 4388 interiit‘.

1893 4431 2053 4499 Igitur
2076 4433 2345 4485 communi
2403 4430 2656 4500 suﬂragio
2707 4428 3067 4485 sacerdotium
3121 4428 3184 4480 ad
3237 4425 3427 4479 Judam

247 4543 558 4595 rursusque
585 4524 725 4583 anno
754 4528 1025 4589 Sedechiai
1054 4540 1247 4597 quarto
1275 4532 1547 4586 Baruclius
1580 4544 1632 4587 et
1664 4534 1785 4587 Ilie-

1894 4523 2143 4575 eollatum
2168 4528 2270 4573 est.

250 4618 466 4673 remias
493 4634 504 4668 :
534 4628 723 4677 octavo
749 4627 922 4673 autem
974 4620 1295 4687 captivitatis
1322 4636 1461 4674 anno
1482 4621 1661 4675 Daniel
1692 4623 1789 4675 Ba-

248 4708 461 4777 bylone
488 4714 541 4758 et
574 4706 851 4762 Ezechiel:
888 4718 997 4760 tuin
1033 4725 1173 4762 anno
1196 4716 1383 4761 octavo
1430 4726 1492 4762 ac
1514 4713 1788 4765 tricesimo

248 4800 493 4865 Aggazus
532 4798 585 4848 e't
629 4795 954 4851 Zacharias:
998 4807 1147 4851 sexto
1185 4799 1414 4866 denique
1441 4815 1579 4853 anno
1623 4815 1785 4867 supra

244 4885 659 4961 sexagesimum
686 4885 841 4938 iidem
869 4887 1091 4956 Aggaaus
1118 4904 1180 4941 ac
1207 4889 1514 4951 Zacharias,
1557 4890 1788 4958 itemque

244 4976 572 5030 Malachias.
599 4976 711 5027 Alia
758 4975 978 5029 historia
1016 4980 1179 5030 tradit
1224 4981 1533 5033 vaticinatos
1561 4995 1680 5033 esse
1708 4982 1790 5034 his

238 5064 598 5132 temporibus
650 5062 1438 5130 Naliumuin,.Ambachumum,
1465 5068 1779 5122 Malachiam

243 5169 427 5223 atque
452 5153 737 5208 banielem.
914 5162 917 5167 ‘
1019 5222 1025 5229 .

327 5241 357 5293 Ι
371 5239 424 5291 7.
458 5238 691 5296 Iamvero
710 5256 815 5310 quo
834 5250 987 5311 pacto
1011 5241 1250 5299 videntes
1270 5254 1322 5298 et
1353 5247 1624 5314 prophetae
1646 5236 1785 5315 apud

166 5391 172 5393 _
240 5346 506 5403 capuVOS
521 5343 690 5397 erant,
726 5334 910 5388 eodem
932 5324 1089 5387 etiam
1125 5346 1243 5403 post
1286 5351 1388 5388 Lsx
1443 5352 1614 5389 annos
1646 5339 1783 5403 apud

1964 4656 2045 4707 19.
2074 4655 2112 4705 l.
2138 4652 2326 4714 Judas,
2358 4654 2447 4721 qui
2490 4661 2541 4704 et
2572 4650 2959 4709 Macchabazus,
3016 4651 3169 4703 annis
3198 4665 3255 4702 Ill
3287 4651 3425 4704 intra

1890 4743 2237 4813 olympiadem
2265 4743 2608 4795 centesimam
2640 4741 3132 4809 quinquagesimum
3161 4740 3422 4807 quintum.

1960 4852 2023 4905 ll.
2055 4851 2332 4913 Jonatlias,
2363 4850 2452 4918 qui
2483 4858 2535 4901 et
2561 4840 2840 4917 Aphutlius
2862 4888 2875 4910 ,
2901 4848 3055 4900 annis
3075 4863 3185 4900 xu.

1964 4940 2047 4993 ιιι.
2077 4940 2283 5001 Simon,
2308 4941 2475 5007 quiet
2500 4937 2737 5001 Tarscis,
2776 4940 2930 4990 annis
2958 4952 3076 4989 vni.

1961 5028 2047 5082 IV.
2078 5028 2379 5099 Hyrcanus,
2405 5028 2497 5095 qui
2526 5035 2578 5079 et
2604 5026 2859 5086 Joannes,
2892 5030 3047 5078 annis
3076 5041 3220 5078 xxvi.

1961 5138 2025 5191 V.
2066 5141 2397 5195 Aristabulus
2425 5156 2564 5191 anno
2582 5156 2625 5191 γι.
2670 5138 2745 5191 Ad
2773 5130 3126 5193 saéilrdotium
3147 5137 3426 5189 Aristabu-

1890 5225 1975 5281 Ius
2004 5228 2245 5282 diadema
2268 5230 2466 5297 regium
2486 5229 2696 5296 adjecit.

1961 5337 2042 5389 VI.
2068 5337 2337 5403 Jannzeus,
2375 5340 2464 5407 qui
2484 5348 2535 5391 et
2561 5337 2887 5399 Alexander,
2921 5337 3075 5389 annis
3102 5351 3247 5389 xxvn
3290 5336 3421 5403 (δι).

322 5486 351 5517 ⁸
392 5479 529 5537 Gen.
569 5497 713 5536 xm.
750 5484 836 5539 l0.
908 5485 926 5515 "
956 5482 1000 5537 Il
1034 5485 1269 5540 Machab.
1305 5505 1376 5552 vn,
1417 5490 1468 5541 2.
1541 5490 1561 5520 ³
1598 5487 1635 5540 lI
1670 5486 1919 5543 Machah.
1953 5506 2026 5553 Ix,
2067 5490 2152 5555 55,
2182 5491 2268 5544 56.
2318 5561 2321 5567 _

256 5590 267 5593 Α
327 5617 451 5686 (60)
482 5613 558 5686 lla
580 5613 788 5686 codices
818 5616 1099 5673 Samuelis.

324 5681 448 5754 (6t)
473 5681 667 5754 Confer
690 5682 972 5754 Eusebium
996 5689 1061 5741 ad
1096 5706 1182 5743 an.
1216 5689 1366 5744 I558.

331 5751 454 5826 (62)
483 5751 674 5815 Cotld.,
704 5751 932 5806 Samrin.

1961 5622 2069 5695 (βῆ)
2095 5622 2377 5695 Eusebius,
2407 5624 2471 5676 ad
2494 5638 2692 5678 annum
2716 5623 2869 5686 1856,
2906 5622 3156 5695 Onuphis.

1962 5692 2070 5762 (ﬁt)
2101 5693 2178 5745 Al.
2214 5694 2355 5751 cod..
2395 5708 2594 5746 xxxvii.
2697 5707 2709 5721 '
