4098 6328
721 345 824 398 623

1743 337 2076 393 APPENDIX
2113 339 2202 391 AD
2241 337 2504 394 EUSEBII
2543 337 2950 394 CHRONICON.

3825 335 3906 390 σει

787 457 898 511 VII.
933 453 1238 510 Alexandra
1276 467 1411 508 uxor
1465 453 1753 507 Alexandri
1803 453 1957 508 annis
2015 468 2090 507 ix.
2145 453 2268 508 Ilaec
2296 463 2343 517 Λ
2440 453 2525 508 IV.
2568 454 2780 516 Zames,
2808 455 2898 523 qui
2924 461 2974 507 et
3008 451 3231 515 Ninuas,
3261 450 3418 505 annis
3451 467 3614 504 xxxu.

709 545 1024 601 Alexandra
1051 543 1234 596 Salina
1259 549 1447 597 vocata
1486 548 1588 596 est.

783 636 918 690 VIII.
947 635 1231 704 Hyrcanus
1255 633 1410 686 annis
1439 649 1603 686 xxxiv
1637 633 1769 702 (65).

783 727 874 782 20.
904 726 1038 779 Cum
1068 725 1406 779 Aristabulus
1449 733 1501 778 et
1543 723 1824 794 Hyrcanus
1851 725 2140 779 Alexandri
2173 724 2266 778 ﬁlii

721 821 861 872 inter
893 831 951 870 se
982 822 1381 877 concertarent,
1405 814 1691 884 Pompeius
1715 816 1988 870 Romanus
2008 832 2268 886 superve-

720 908 1254 964 niensAristabulum
1277 907 1523 961 vinctum
1543 922 1725 962 secum
1751 907 1992 972 abduxit,
2021 906 2270 979 IIyreano

722 1007 898 1054 autem
936 997 1308 1069 pontiﬁcatum
1335 997 1697 1060 confirmavit,
1729 999 1820 1068 qui
1855 999 2074 1068 quidem
2111 999 2268 1054 annis

720 1069 951 1162 quatuor
985 1090 1310 1160 trigintaque
1334 1097 1454 1160 post
1487 1104 1516 1142 a
1553 1088 1767 1144 Parthis
1811 1099 2002 1158 captus
2027 1097 2131 1145 est.
2181 1087 2272 1143 Sic

720 1183 1022 1238 Judaeorum
1075 1195 1296 1250 regnum
1317 1182 1572 1250 unetique
1629 1179 1884 1248 praesides
1931 1179 2270 1256 desiverunt,

721 1275 800 1329 uti
835 1273 1018 1328 Daniel
1057 1273 1372 1343 praedixerat
1399 1287 1412 1324 :
1459 1279 1746 1326 unctorum
1773 1279 1950 1324 autem
1976 1269 2274 1340 praesidum

719 1367 937 1421 noniine
955 1364 1244 1435 pontiﬁces
1265 1365 1660 1433 intelliguntur,
1695 1364 1786 1432 qui
1826 1370 1951 1431 post
1989 1361 2220 1416 reditum
2242 1375 2272 1414 a

721 1459 1036 1527 captivitate
1058 1458 1260 1527 populo
1288 1455 1620 1524 praefuerunt
1650 1473 1661 1507 :
1699 1453 1900 1522 quique
1925 1453 2036 1506 orsi
2065 1466 2094 1504 a
2119 1465 2274 1506 sexa-

720 1552 920 1618 gesima
943 1549 1130 1617 quinta
1158 1545 1460 1616 Olympiade
1495 1545 1598 1600 sub
1627 1544 1810 1608 Dario,
1843 1543 2268 1614 olympiadede-

719 1654 867 1692 mum
894 1639 1184 1693 centesima
1209 1637 1534 1706 octogesima
1577 1645 1726 1692 sexta
1785 1637 1942 1690 linem
1985 1633 2267 1692 fecerunt:

721 1727 866 1796 quod
899 1727 1153 1797 temporis
1192 1727 1528 1782 intervallum
1559 1714 1742 1782 Daniel
1775 1728 2033 1797 propheta
2059 1733 2274 1795 septua-

2436 545 2497 598 V.
2539 546 2700 599 Arius
2731 545 2888 600 annis
2915 561 3038 598 xxx.

2435 634 2524 690 VI.
2565 635 2782 690 Aralius
2808 637 2964 687 annis
2994 648 3080 686 xL.

2437 723 2546 778 VII.
2587 723 2811 786 Xerxes,
2847 723 2940 793 qui
2966 729 3018 778 et
3048 723 3259 786 Baleus,
3293 723 3446 777 annis
3477 738 3598 776 xxx.

2435 815 2566 870 VIII.
2609 815 2986 870 Armamithris
3017 816 3175 869 annis
3205 831 3430 870 xxxvm.

2437 907 2526 962 IX.
2567 907 2829 962 Belechus
2851 908 3006 963 annis
3037 924 3198 964 xxxv.

2439 996 2504 1050 X.
2547 995 2736 1052 Baleus
2764 997 2920 1052 annis
2947 1015 3014 1051 xv
3039 997 3171 1067 (69).

2441 1086 2530 1140 XI.
2569 1087 2789 1144 Altadas
2815 1090 2973 1143 annis
2995 1105 3164 1142 xxxii.

2441 1175 2562 1250 XII.
2593 1177 2850 1233 Mamelus
2877 1179 3033 1234 armis
3065 1195 3191 1233 xxx.
3219 1179 3373 1233 Anno
3401 1177 3562 1246 hujus
3595 1187 3794 1248 quarto
3817 1175 3900 1230 do-

2363 1269 2512 1324 ‘cimo
2544 1269 2808 1340 Iosephus
2839 1271 2988 1324 obiit.

2444 1359 2580 1414 XIII.
2621 1360 2881 1431 Mamylus
2911 1361 3045 1414 alter
3073 1359 3230 1415 anuis
3261 1375 3386 1414 xxx.

2443 1447 2578 1502 XIV.
2622 1449 2932 1518 Sparazthus
2961 1450 3118 1505 annis
3149 1467 3234 1504 xL.

2444 1540 2555 1596 XV.
2598 1541 2940 1597 Manchaleus
2971 1543 3127 1598 annis
3157 1557 3281 1595 xxx.

2443 1631 2580 1687 XVI.
2645 1631 2898 1702 Sphaerus
2958 1633 3114 1687 annis
3177 1649 3266 1686 xx.
3337 1631 3506 1700 IIujus
3563 1647 3701 1686 anno
3755 1631 3900 1684 tertio

2373 1723 2606 1794 Cecrops
2639 1724 2866 1779 Athenis
2895 1725 3102 1794 primus
3135 1725 3396 1795 regnavit.

722 1819 870 1890 ginta
899 1819 1286 1874 hebdomadum
1337 1821 1495 1876 titulo
1528 1821 1956 1876 adumbraverat.
2003 1821 2258 1890 Equidem
2291 1801 2332 1854 Β
2429 1815 2590 1869 XVII.
2631 1815 2866 1870 Ascades
2893 1815 3002 1884 (70)
3035 1817 3190 1871 annis
3215 1833 3299 1870 XL.
3327 1815 3498 1886 Hujus
3537 1824 3721 1872 octavo
3770 1825 3898 1865 anno

721 1917 844 1978 post
869 1907 1171 1979 Hyrcanum
1201 1925 1358 1965 nemo
1387 1910 1486 1964 fuit
1513 1927 1542 1964 e
1563 1927 1756 1980 genere
1791 1910 2130 1972 sacerdotali,
2167 1910 2262 1964 sed

721 1994 914 2064 ignota:
944 1996 1128 2065 stirpis
1153 1997 1410 2050 menstrui
1435 1997 1652 2067 quidam
1679 2000 1758 2052 vel
1785 1997 1946 2051 annui
1982 1997 2260 2066 praasides.

722 2082 860 2136 Tum
886 2084 1116 2160 denique
1139 2085 1376 2141 Herodes
1397 2089 1694 2159 alienigena
1743 2103 1966 2158 regnum
2007 2089 2258 2154 obtinuit,

723 2173 882 2240 cujus
902 2175 1173 2228 tricesimo
1205 2177 1440 2230 secundo
1473 2193 1614 2232 anno
1649 2178 1908 2234 Dominus
1951 2177 2146 2237 Noster
2169 2179 2260 2236 Je-

726 2277 820 2318 sus
841 2261 1092 2319 Christus
1127 2273 1284 2320 natus
1313 2275 1416 2321 est.
1499 2315 1502 2318 ί

1320 2397 1544 2454 CAPUT
1569 2401 1657 2458 Vl.

1172 2508 1354 2564 Chami
1385 2515 1628 2581 prosapia
1671 2515 1807 2586 (66).

795 2619 847 2672 -I.
883 2616 1154 2675 Hactenus
1183 2637 1282 2676 nos
1315 2638 1411 2692 pro
1433 2607 1684 2694 suscepto
1712 2629 1988 2696 proposito
2019 2639 2260 2698 posteros

729 2705 872 2762 Semi
897 2709 964 2761 ad
991 2711 1276 2764 adventum
1309 2729 1478 2782 usque
1517 2713 1714 2771 Christi
1765 2717 1962 2774 divinis
2001 2721 2154 2776 libris
2177 2725 2264 2775 in-

727 2799 838 2851 nixi
864 2798 1203 2869 digessimus.
1235 2802 1388 2858 Nunc
1423 2806 1488 2859 ad
1524 2805 1784 2862 Chamum
1833 2825 1952 2880 quae
1994 2813 2264 2880 pertinent

725 2888 1005 2942 scribenda
1061 2899 1219 2956 sunt;
1265 2893 1407 2947 haud
1459 2909 1616 2962 sane,
1665 2895 1910 2962 utSemi,
1967 2900 2263 2956 liberorum

725 2979 1028 3045 successio,
1063 2983 1156 3036 sed
1186 2999 1444 3038 annorum
1487 3003 1775 3055 numerus,
1805 3005 1990 3060 regum
2021 2994 2260 3059 nomina,

721 3077 837 3123 tum
858 3085 1101 3139 quaenam
1134 3083 1317 3143 gentes
1359 3079 1598 3146 potentia
1639 3088 1809 3134 auctae
1849 3083 2138 3140 alterutras
2171 3085 2264 3140 de-

723 3159 990 3226 vicerunt,
1023 3177 1190 3230 usque
1214 3165 1278 3218 ad
1305 3165 1591 3221 humanam
1645 3167 1948 3228 Servatoris
1989 3181 2257 3226 naturam.

724 3243 802 3300 Ex
829 3249 1072 3317 coigitur
1101 3251 1238 3314 loco,
1281 3255 1334 3307 in
1388 3272 1494 3325 quo
1547 3251 1722 3313 sermo
1769 3271 1952 3316 noster
2001 3245 2262 3329 substitit,

725 3351 848 3390 cum
881 3337 1068 3398 Chami
1106 3344 1696 3416 procreationes,prout
1727 3363 1820 3404 eas
1852 3365 2022 3406 sacrae
2049 3353 2266 3410 Littera:

721 3428 1032 3496 tradebant,
1060 3431 1442 3502 descripsimus
1466 3455 1479 3502 ;
1517 3439 1728 3504 exinde,
1753 3441 1996 3511 inquam,
2025 3443 2265 3499 ordiatur

725 3522 962 3574 narratio
983 3539 1012 3576 e
1041 3533 1200 3578 certa:
1231 3524 1350 3580 lidei
1390 3527 1542 3584 libris
1595 3531 1808 3596 hausta,
1853 3551 2044 3606 nempe
2070 3553 2262 3592 secun-

725 3609 851 3664 dum
901 3615 1239 3669 narrationes
1287 3617 1665 3676 chronicorum
1725 3625 1942 3680 Eusebii
1989 3644 2263 3684 canonum

705 3700 1080 3770 ,historiciqne
1111 3703 1508 3792 .Armeniorum
1535 3712 1697 3768 Mosis
1716 3716 2100 3788 Chorenensis;
2130 3739 2265 3790 quo-

725 3806 846 3843 rum
889 3793 1104 3861 quidem
1151 3805 1457 3862 postremus
1511 3803 1590 3856 sic
1647 3805 1720 3856 ait
1753 3807 1900 3875 (67):
1944 3809 2059 3864 «De
2115 3811 2258 3876 Belo,

728 3881 884 3948 cujus
906 3887 1334 3941 aitatemaximus
1358 3897 1540 3944 noster
1567 3897 1874 3964 progenitor
1898 3898 2258 3965 vixitﬂaicus,

731 3971 882 4023 multi
910 3975 1072 4028 multa
1109 3979 1740 4052 variaquetradiderunt;
1775 4003 1872 4058 ego
1903 3997 2078 4044 autem
2103 4009 2261 4061 quem

731 4059 1020 4128 Saturnum
1067 4079 1394 4146 nuncupant.
1425 4083 1584 4140 atque
1641 4075 1822 4131 Belum
1854 4120 1869 4144 ,
1935 4059 2262 4138 Nebrothum

729 4149 898 4205 fuisse
924 4153 1007 4206 aio
1036 4169 1047 4202 :
1079 4171 1182 4223 qua
1212 4173 1371 4226 super
1392 4177 1446 4215 re
1476 4162 1710 4234 Egyptii
1741 4184 1859 4222 cum
1883 4169 2028 4225 Mose
2048 4175 2262 4242 eonspi--

731 4247 870 4306 rant,
889 4255 1266 4310 percensentes
1303 4248 1622 4320 Vulcanum,
1649 4257 1823 4312 Solem
1856 4277 1917 4314 ac
1946 4261 2260 4331 Saturnum,

727 4329 820 4398 qui
869 4339 994 4383 sent
1039 4335 1292 4400 Chamus,
1346 4339 1520 4395 Cusus
1583 4359 1646 4398 ac
1697 4347 2019 4414 Nebrothus,
2061 4329 2262 4410 omisso

2365 1905 2537 1960 Moses
2579 1905 2688 1974 jam
2731 1907 3106 1976 octogenarius
3141 1907 3395 1976 populum
3435 1922 3500 1960 ex
3535 1901 3896 1975 Egyptosub—

2363 1995 2532 2050 duxit.

2431 2086 2616 2142 XVIII.
2657 2087 2916 2159 Amyntas
2945 2087 3103 2143 annis
3135 2103 3256 2141 xxv.

2428 2174 2571 2230 XIX.
2613 2175 2874 2232 Belechus
2903 2175 3014 2246 (7t)
3047 2177 3204 2229 annis
3237 2191 3360 2229 xxv.

2431 2265 2548 2322 XX.
2589 2267 2876 2337 Balepares
2901 2267 3058 2321 annis
3093 2283 3218 2320 xxx.

2433 2358 2572 2412 XXI.
2613 2359 2931 2430 Lamprides
2961 2359 3119 2413 annis
3150 2375 3320 2413 xxxii.

2431 2450 2592 2505 XXII.
2631 2452 2883 2523 Pannyas
2909 2453 3067 2506 annis
3099 2468 3222 2506 va.

2430 2540 2617 2596 XXIII.
2659 2541 2944 2598 Sosarmus
2982 2544 3138 2599 annis
3175 2559 3288 2598 xix.

2431 2631 2615 2685 XXIV.
2659 2633 2888 2688 Zosares
2919 2634 3078 2688 annis
3111 2649 3202 2687 xx.

2431 2723 2594 2777 XXV.
2637 2723 2952 2793 Lamprides
2985 2727 3143 2779 annis
3181 2741 3306 2780 xxx.

2429 2814 2617 2870 XXVI.
2660 2815 2932 2870 Mithraius
2969 2817 3125 2870 annis
3155 2832 3322 2870 xxvn.

2430 2905 2640 2960 XXVII.
2688 2906 2957 2962 Taulanes
2989 2908 3144 2961 anuis
3173 2923 3319 2960 xxxi.
3357 2907 3514 2958 Anno
3547 2901 3896 2960 Tautanisvi-

2364 3002 2564 3054 cesimo
2591 3001 2780 3069 quinto
2813 3000 2944 3054 urbs
2973 2997 3126 3052 Ilium
3157 3008 3312 3068 capta
3347 3008 3448 3053 est.

2431 3089 2666 3144 XXVIII.
2707 3089 2956 3144 Teutasus
2978 3089 3136 3143 annis
3165 3105 3252 3142 xL.

2381 3162 2383 3164 ’
2431 3177 2617 3232 XXIX.
2658 3178 2928 3232 Otheneus
2953 3177 3110 3232 annis
3135 3193 3258 3231 xxx.

2435 3267 2599 3323 XXX.
2649 3267 2924 3339 Dercyllus
2955 3269 3114 3324 annis
3153 3285 3238 3322 xL.

2431 3362 2618 3416 XXXI.
2655 3361 2904 3432 Eupalles
2949 3366 3105 3418 annis
3147 3379 3374 3418 xxxvm.
3406 3363 3615 3418 Tertius
3659 3377 3721 3414 ac
3749 3361 3892 3414 trice-

2366 3455 2533 3510 simus
2571 3455 2733 3522 hujus
2770 3471 2944 3510 annus
2983 3456 3171 3509 incidit
3217 3457 3272 3509 in
3321 3467 3568 3526 quartum
3605 3453 3890 3508 Solomonis

2366 3561 2564 3599 annum
2596 3555 2755 3614 atque
2781 3548 2834 3600 in
2869 3547 3050 3616 templi
3075 3546 3369 3615 opiﬁcium.

2433 3635 2640 3689 XXXII.
2681 3637 3042 3691 Lavosthenes
3095 3638 3252 3695 annis
3311 3653 3430 3691 xw.
3493 3636 3636 3692 Gens
3683 3635 3890 3690 Iudaica

2363 3725 2603 3780 bifariam
2635 3727 2907 3782 dividitur.

2433 3817 2660 3870 XXXIII.
2701 3817 2972 3886 Pertiages
3003 3817 3114 3888 (72)
3147 3819 3301 3872 annis
3323 3834 3448 3872 xxx.

2431 3909 2666 3967 XXXIV.
2706 3909 2966 3980 Ophrates
2989 3912 3144 3966 annis
3174 3927 3264 3966 xx.

2427 4001 2638 4054 XXXV.
2677 4002 3009 4072 Ophratanes
3034 4005 3189 4058 annis
3216 4019 3267 4058 L.

2433 4091 2666 4144 XXXVI.
2709 4093 2995 4162 Aerapales
3025 4095 3182 4147 armis
3215 4109 3346 4146 xm.

2429 4182 2686 4236 XXXVII.
2728 4183 2983 4239 Thonnus
3004 4185 3354 4250 Concolerus,
3379 4185 3560 4240 Griece
3581 4183 3754 4240 dictus
3775 4183 3890 4240 Sar-

2362 4273 2691 4341 danapallus,
2725 4273 2878 4326 annis
2905 4289 2991 4326 xx.
3711 4295 3727 4314 ι

2432 4361 2482 4413 3.
2527 4359 2942 4428 Sardanapallus
2973 4361 3058 4415 hic
3089 4363 3395 4416 tricesimus
3425 4369 3681 4431 septimus
3709 4378 3740 4416 a
3773 4363 3888 4418 Belo

693 4449 698 4452 -
731 4419 1037 4519 hlestraimo
1063 4439 1076 4471 :
1111 4427 1339 4491 primum
1369 4436 1509 4484 eriim
1561 4437 1700 4502 apud
1729 4453 1786 4492 se
1817 4440 2084 4498 hominem
2109 4446 2261 4498 aiunt
2293 4446 2334 4498 ι)
2367 4448 2482 4510 fuit,
2507 4463 2794 4517 regumque
2825 4449 3162 4519 Assyriorum
3191 4461 3514 4519 postremus.
3557 4451 3694 4506 Idem
3751 4453 3892 4508 volu-

733 4509 900 4564 l’uisse
928 4510 1246 4567 Vulcanum.
1274 4537 1290 4566 ι

796 4599 849 4654 2.
890 4600 1027 4672 Ergo
1057 4597 1120 4656 ex
1155 4604 1254 4657 hoc
1277 4607 1408 4674 :ipso
1441 4615 1564 4667 Belo
1609 4625 1789 4670 noster
1825 4620 1973 4676 hieee
2003 4633 2265 4682 tractatus

729 4690 1060 4747 inchoandus
1087 4701 1189 4751 est.

799 4779 839 4835 I.
873 4781 1028 4837 Belus
1048 4788 1323 4842 universis
1349 4790 1486 4846 Asia:
1519 4797 1826 4863 provinciis,
1861 4811 2050 4868 praeter
2075 4804 2258 4870 Indos,

732 4870 1034 4928 dominatur
1058 4880 1212 4934 annis
1233 4897 1340 4934 an
1371 4883 1507 4952 (68).

800 4957 870 5056 ΙΙ..
900 4961 1068 5056 Ninus
1095 4963 1220 5022 item
1250 4981 1370 5039 post
1409 4973 1589 5028 Belum
1629 4981 1782 5036 annis
1817 4999 1910 5036 LII.
1947 4984 2066 5040 Nini
2098 4987 2260 5056 hujus

733 5050 1138 5120 quadragesimo
1185 5068 1376 5126 quarto
1432 5077 1573 5117 anno
1617 5067 1946 5128 Abrahamus
2000 5093 2029 5129 a
2087 5050 2260 5131 Thara

730 5141 940 5208 genitus
969 5151 1069 5197 est.

800 5229 882 5284 III.
926 5232 1235 5292 Samiramis
1267 5240 1386 5294 Nini
1410 5245 1602 5312 conjux
1637 5250 1786 5302 annis
1823 5267 1946 5306 xui.

823 5387 911 5458 65)
943 5389 1024 5442 Al.
1057 5395 1200 5458 cod.,
1233 5413 1412 5450 xxxvi.

825 5457 911 5533 66)
937 5459 1084 5533 l_l_unc
1105 5457 1314 5518 titulum
1342 5469 1790 5533 haben‘LcOdices.

824 5524 886 5577 67
946 5527 1107 5593 Hist.,
1135 5551 1168 5590 ι.
1193 5535 1245 5588 6.

826 5533 910 5661 63;
953 5601 1107 5661 Ᾱιικ..
1137 5603 1245 5658 Det

953 5601 1212 5688 (“15.3052
1231 5611 1323 5663 civ.
1354 5609 1464 5680 Dei,
1491 5631 1598 5685 xw,
1627 5617 1899 5688 I7,scrihit
1928 5637 2048 5676 1.xv.

801 5661 926 5730 (159)ι
947 5670 1005 5722 Ai
1017 5661 1178 5726 .pc'od.
1191 5714 1204 5738 ,
1245 5661 1338 5731 ut.

2366 4539 2547 4606 ptaria:
2576 4539 2807 4592 molliti-ge
2839 4541 3164 4610 luxuriaque
3187 4541 3363 4596 studio
3409 4551 3632 4598 cunctos
3673 4545 3766 4610 qui
3799 4545 3890 4599 sibi

2365 4635 2743 4694 praecesserant
2777 4629 3066 4697 superavit.
3099 4627 3456 4692 Quamobrem
3487 4628 3750 4685 Varnaces
3782 4633 3892 4701 qui-

2364 4715 2504 4778 dam,
2542 4722 2712 4784 patria
2745 4717 2948 4779 Medus,
2973 4717 3133 4770 homo
3153 4717 3356 4772 viribus
3377 4721 3692 4790 egregieque
3717 4724 3892 4775 animo

2351 4800 2632 4874 praeditus,
2666 4824 2786 4862 cum
2821 4808 3093 4861 Medorum
3123 4807 3230 4861 dux
3259 4817 3420 4874 esset,
3457 4827 3700 4880 unusque
3729 4829 3800 4866 ex
3833 4813 3891 4866 iis

2362 4899 2450 4966 qui
2481 4899 2546 4952 ad
2589 4901 2774 4954 urbem
2806 4899 2999 4953 Ninum
3032 4903 3319 4968 quotannis
3353 4903 3636 4957 veniebant
3667 4903 3892 4958 ducatus

2362 4973 2846 5039 causai-exercendi
2875 5003 2888 5050 ;
2923 4987 2989 5048 is,
3027 4985 3264 5055 inquam,
3295 4991 3512 5058 cognito
3555 4991 3691 5060 regis
3731 5007 3892 5060 pravo

2363 5077 2594 5145 ingenio,
2627 5077 2826 5130 amicos
2877 5077 2973 5130 sibi
3013 5078 3324 5133 liberalitate
3369 5081 3627 5145 devinxit,
3671 5081 3893 5138 Belesim

2363 5165 2414 5217 in
2453 5165 2640 5232 primis
2683 5181 2946 5218 summum
2987 5168 3174 5224 ducem
3221 5169 3652 5240 Babyloniorum,
3681 5173 3894 5241 quicum

2363 5253 2491 5304 illitii
2523 5257 2774 5306 societate
2806 5255 3246 5327 Sardanapallum
3278 5261 3583 5327 debellavit,
3617 5265 3710 5333 qui
3749 5279 3894 5319 sece-

2375 5499 2384 5510 .
2581 5415 2653 5467 Ita
2691 5418 2862 5470 etiam
2893 5418 3174 5476 Eusebius.
3213 5420 3354 5476 Idem
3382 5431 3560 5479 tamen
3601 5425 3749 5488 alibi,
3795 5426 3890 5478 Αι-

2359 5487 2588 5536 camdex.

2426 5553 2536 5620 (7I)
2567 5554 2786 5618 Euseb,
2815 5557 3064 5610 Belechus
3077 5599 3088 5613 .

2429 5620 2536 5689 (7‘2)
2567 5623 2640 5676 ω.
2653 5665 2664 5686 ,
2699 5623 3003 5680 Peritiades.
