4098 6328
213 543 322 598 625
340 578 350 591 .

940 542 1278 606 SAMUELIS
1309 553 1617 608 ANIENSIS
1660 555 1998 611 SUMMARII
2036 551 2413 610 TE‘MPOBUM
2440 553 2615 608 PARS
2650 552 2690 609 I.

3301 554 3403 610 626

213 662 351 716 dens
379 662 434 721 in
459 665 660 734 regiam
685 665 931 723 incendio
959 678 1125 724 semet
1150 674 1422 726 cremavit.
1458 673 1592 727 Tum
1621 675 1760 729 Bele-
1788 684 1831 740 Α
1929 677 1980 730 5.
2022 675 2172 728 Nune
2205 690 2300 744 age
2327 674 2599 728 Medorum
2630 686 2783 741 reges
2805 685 3149 741 exponamus.
3185 669 3402 727 Exstin-

215 752 319 805 sim
346 751 603 824 Babyloni
633 773 812 826 regem
877 761 1133 829 imposuit
1154 761 1445 825 Varbaces,
1474 764 1761 834 itidemque

212 841 496 897 Parmrum
550 857 792 900 nostrum
844 859 1064 918 propter
1108 851 1208 904 sibi
1251 861 1495 907 navatam
1544 869 1759 923 operam

213 933 520 990 diademate
569 941 780 991 ornavit
819 940 1130 1009 (73);,ipse
1188 951 1362 1003 autem
1421 943 1760 1013 Assyriorum

212 1021 282 1074 ad
315 1021 498 1076 Medos
545 1027 818 1079 transtulit
861 1026 1164 1094 imperium.
1219 1028 1352 1082 Exin
1399 1030 1760 1100 interregnum

209 1121 330 1165 erat
361 1130 528 1183 usque
559 1117 623 1168 ad
653 1116 923 1172 Medorum
950 1134 1126 1188 regem
1155 1119 1416 1189 Dejocem.
1446 1119 1763 1176 Intermedio

212 1212 457 1273 tempore
481 1207 713 1260 Chaldaei
754 1225 930 1263 rerum
967 1211 1118 1280 potiti
1158 1220 1320 1275 sunt;
1367 1228 1593 1280 quorum
1632 1220 1765 1266 tem-

211 1308 346 1361 pora
381 1302 434 1347 et
461 1299 832 1367 successiones
861 1315 982 1353 cum
1022 1301 1136 1355 suis
1161 1303 1518 1370 peculiaribus
1549 1304 1764 1372 regibus

209 1383 442 1436 seorsim
475 1386 802 1440 scribuntur.

282 1473 338 1526 4.
379 1473 476 1528 Ilic
500 1491 629 1545 ergo
656 1477 1071 1549 Babyloniorum
1099 1497 1252 1550 reges
1286 1492 1570 1552 ponantur.

283 1562 324 1616 I.
367 1562 513 1618 Phua
564 1569 720 1622 annis
773 1584 881 1621 xvi.
927 1569 1099 1640 Hujus
1145 1579 1300 1624 sexto
1359 1571 1567 1626 decimo
1626 1585 1767 1624 anno

211 1657 392 1725 prima
423 1657 682 1734 olympias
716 1669 831 1713 acta
858 1669 961 1715 est.
1043 1677 1047 1680 '

286 1743 349 1798 II.
388 1745 898 1818 Thaglatpbalsarus
928 1752 1083 1807 annis
1111 1769 1279 1807 xxvii.
1308 1753 1357 1809 Is
1382 1756 1538 1810 tertio
1559 1755 1766 1810 decimo

212 1850 360 1891 anno
397 1853 712 1907 progressus
752 1841 806 1894 in
833 1839 1069 1896 Judzeam
1092 1884 1106 1909 ,
1135 1845 1398 1912 potiorem
1429 1843 1546 1913 ejus
1574 1845 1768 1899 incola-

212 1941 337 1978 rum
369 1934 573 1996 partem
599 1930 862 1999 captivam
893 1931 1132 1987 abduxit.

1862 775 1950 818 cto
1979 761 2363 833 Sardanapalle
2385 764 2588 832 primus
2613 762 2848 830 regnavit

1931 854 1969 907 I.
2017 854 2284 907 \‘arhaces
2316 854 2468 906 annis
2499 869 2684 906 nrt".

1927 942 1992 998 Il.
2036 942 2323 997 Sosarmus
2351 943 2507 995 annis
2539 959 2666 996 nx.

1933 1029 2018 1085 III.
2059 1030 2312 1083 Mamicar
2339 1031 2494 1084 annis
2520 1047 2602 1084 XL.

1932 1121 2018 1176 IV.
2057 1121 2348 1177 Cardiccus
2375 1123 2531 1176 annis
2557 1138 2675 1176 xui.

1931 1211 1993 1265 V.
2036 1211 2260 1280 Dejoces
2292 1212 2446 1265 annis
2483 1228 2587 1266 LIV.
2621 1211 2715 1266 IIic
2747 1211 3012 1266 Ecbatana
3035 1212 3294 1271 condidit.

1934 1299 2020 1354 VI.
2063 1299 2351 1354 Phraortes
2375 1300 2529 1352 annis
2559 1315 2703 1351 xxrv.

1933 1391 2043 1446 VII.
2082 1392 2348 1461 Cyaxares
2381 1391 2537 1444 annis
2568 1406 2733 1444 xxx".

1935 1479 2066 1535 VIII.
2108 1481 2416 1549 Asdahages
2440 1479 2596 1532 annis
2625 1495 2849 1532 xxxviii.

1935 1570 2088 1626 I-Iunc
2113 1570 2379 1626 interfecit
2401 1569 2656 1639 Tigranes
2679 1568 2942 1623 Ilaicanus
2971 1569 3080 1640 (77)
3103 1567 3242 1638 Cyro
3271 1565 3399 1621 Per-

1869 1679 1940 1718 sae
1963 1662 2162 1717 fmdere
2188 1663 2428 1730 junctus.
2447 1661 2761 1732 Quanquam
2787 1659 3046 1726 Eusebius
3068 1659 3176 1729 (78)
3206 1659 3400 1728 aliique

1868 1753 2112 1808 historici
2141 1752 2405 1821 dejeetum
2433 1751 2763 1821 Asdahagem
2794 1752 2860 1805 ab
2879 1766 2984 1826 uno
3003 1733 3142 1820 Cyro
3167 1749 3342 1814 aiunt,
3369 1766 3397 1802 a

1867 1859 1972 1917 quo
1995 1842 2267 1896 Medorum
2301 1858 2513 1912 quoque
2544 1858 2762 1910 regnum
2785 1843 3050 1898 sublatum
3075 1849 3187 1896 est:
3212 1843 3401 1896 nihilo-

1869 1935 2046 1988 minus
2068 1931 2242 1987 Moses
2258 1932 2366 2002 (79)
2388 1931 2582 1986 eaedem
2607 1932 2903 2002 Asdahagis
2926 1949 2955 1986 a
2972 1931 3199 2002 Tigrane
3221 1942 3401 2003 patra-

285 2015 375 2070 III.
421 2017 832 2076 Salmanasarus
866 2021 1100 2093 Assyriis
1148 2023 1416 2091 imperavit
1453 2025 1610 2078 annis
1650 2040 1757 2078 xw.
1790 2032 1968 2103 Btam
1996 2023 2176 2079 refert.
2228 2022 2280 2076 Id
2337 2032 2513 2076 autem
2572 2023 2862 2077 verisimile
2917 2024 3094 2076 evadit
3135 2024 3203 2077 ob
3249 2023 3402 2092 plura

213 2109 265 2162 Is
298 2110 422 2163 item
467 2110 626 2164 tertio
674 2113 820 2180 regni
866 2112 949 2166 sui
997 2128 1158 2179 anno,
1204 2122 1392 2167 octava
1439 2115 1761 2184 Olympiade,

209 2197 402 2252 decem
435 2199 683 2254 tribubus
704 2203 755 2255 in
781 2202 1141 2272 captivitatem
1170 2203 1485 2272 deportatis,
1513 2204 1768 2257 Samaria:

211 2303 439 2357 regnum
469 2289 682 2344 delevit.

283 2377 373 2432 IV.
418 2381 831 2439 Senecherimus
859 2384 1093 2456 Assyriis
1127 2385 1397 2453 imperavit
1429 2384 1584 2438 annis
1613 2399 1763 2437 xvm.

211 2471 264 2524 Is
321 2470 581 2528 adversus
639 2471 1004 2544 Hierosolyma
1059 2475 1458 2545 expeditionem
1509 2473 1762 2542 suscepit,

209 2560 518 2630 Judrcaeque
547 2556 706 2618 urbes
736 2551 965 2619 obsedit.
997 2565 1079 2618 Ab
1118 2566 1221 2619 hoc
1252 2565 1316 2618 ad
1347 2563 1768 2618 Nabuchodono-

211 2668 403 2710 sorum
481 2655 724 2709 historici
795 2655 1164 2712 Chaldaeorum
1238 2672 1408 2711 annos
1485 2667 1768 2711 munerant

211 2761 455 2829 LXXXVIII
507 2746 639 2815 (τι),
692 2745 845 2818 Apud
895 2750 1111 2804 eosdem
1156 2758 1277 2819 post
1331 2747 1766 2804 Senecherimum

210 2839 476 2900 scribitur

285 2929 350 2984 γ.
392 2931 698 2988 Asordanes
729 2932 870 2988 filius
902 2932 1018 3004 ejus
1049 2935 1206 2990 annis
1237 2951 1353 2990 vm.

282 3020 376 3077 Vl.
417 3023 620 3077 Asodes
653 3022 764 3093 (75)
791 3026 946 3078 annis
972 3041 1081 3078 xxt.

284 3111 402 3166 \‘ll.
445 3111 630 3167 Frater
659 3113 773 3184 ejus
796 3113 953 3169 annis
982 3130 1092 3170 nu.

284 3203 425 3258 VIII.
466 3203 870 3274 Nabupalsarus
904 3206 1060 3260 annis
1090 3222 1161 3261 χι.

284 3295 377 3352 I'X.
419 3296 777 3353 Marudachus
807 3295 1070 3352 Baldanes
1101 3299 1260 3354 annis
1287 3315 1340 3353 ιι.

283 3385 356 3441 Χ.
407 3385 971 3442 Nabuchodonosorus
1017 3387 1210 3442 deinde
1265 3389 1422 3442 annis
1479 3402 1649 3451 mn,
1703 3385 1835 3443 abC

213 3477 524 3550 Olympiade
558 3477 790 3532 secunda
831 3494 995 3549 supra
1031 3480 1512 3550 quadragesimam.
1547 3479 1595 3535 Is
1629 3497 1771 3534 anno

215 3570 504 3630 Eliaebimi
570 3570 780 3625 decimo
835 3569 1049 3625 .Iudzeos
1114 3571 1168 3626 in
1235 3587 1385 3626 suam
1452 3579 1770 3641 potestatem

215 3663 446 3732 redegit,
482 3672 793 3734 partemque
822 3662 1131 3718 earumdem
1169 3665 1455 3725 maximam
1495 3663 1770 3718 famulatui

214 3753 575 3810 addicendam
605 3754 847 3811 abduxit.
891 3752 1026 3811 Tum
1053 3754 1212 3809 etiam
1248 3753 1520 3808 Danielcm
1559 3761 1773 3824 tresque

215 3859 418 3914 pueros
449 3844 678 3899 triennio
699 3852 820 3916 post
849 3863 863 3899 :
895 3858 1086 3900 rursus
1110 3844 1252 3899 enim
1283 3845 1446 3906 venit,
1479 3844 1772 3914 ipsumque

215 3934 558 3990 loacbimum
592 3935 767 3992 avexit
794 3935 1080 4007 captivum.
1113 3935 1246 3988 Cum
1282 3935 1394 4002 jam
1424 3950 1624 3989 annum
1665 3943 1772 3990 ter-

213 4026 356 4078 tium
390 4039 554 4093 supra
582 4025 894 4080 vicesimum
926 4031 1173 4097 regnaret
1205 4021 1770 4092 Nabucltodonosorus,

215 4113 595 4180 Hierosolyma
625 4124 777 4184 capta
805 4122 931 4169 sunt
962 4132 976 4168 :
1011 4114 1256 4183 quintum
1278 4122 1452 4169 autem
1481 4123 1600 4184 post
1632 4131 1774 4170 men-

215 4221 337 4262 sem
412 4206 663 4276 princeps
727 4205 1017 4260 satellitum
1079 4204 1498 4261 Nabuzardanes
1577 4210 1773 4277 templo

215 4311 401 4368 ignem
443 4297 690 4366 subjecit.
733 4295 998 4351 Vicesimo
1044 4296 1275 4368 denique
1310 4297 1553 4352 Iudaica:
1606 4302 1773 4368 capti-

216 4387 407 4450 vitatis
432 4402 572 4440 anno
595 4385 1154 4443 Nabuchodonosorus
1182 4390 1292 4442 vita
1319 4388 1587 4444 discessit.
1607 4389 1772 4458 Cujds

215 4495 277 4536 in
303 4479 485 4532 locum
517 4479 840 4539 substitutus
871 4485 955 4533 est
983 4479 1126 4534 filius
1152 4479 1390 4549 ejusdem

287 4567 390 4621 XI.
447 4565 720 4631 Baltasar,
784 4567 871 4638 qui
926 4576 980 4620 et
1031 4566 1437 4624 Ilmarudachus
1493 4571 1648 4625 annis
1711 4587 1768 4626 II.

217 4652 431 4710 Deinde

1866 2133 1985 2186 qua:
2031 2116 2382 2181 acciderunt,
2437 2124 2656 2185 propter
2715 2117 2889 2170 somni
2943 2114 3150 2170 scilicet
3197 2117 3398 2180 visum,

1865 2212 2209 2278 dolosamque
2243 2207 2541 2276 Asdahagis
2591 2207 2984 2261 simulationem
3027 2221 3133 2276 qua
3175 2207 3275 2261 sibi
3311 2205 3404 2259 Τί-

1867 2302 2048 2372 granis
2076 2317 2314 2356 sororem
2348 2300 2686 2353 matrimonio
2705 2299 3056 2367 copulandam
3082 2307 3360 2351 curaverat
3385 2315 3398 2350 :
3481 2361 3489 2369 .

1866 2394 1952 2445 cui
1981 2392 2176 2446 mentis
2198 2405 2409 2461 quoque
2438 2403 2548 2444 sua:
2586 2388 2883 2453 consiliumj
2903 2401 3157 2449 arcanum
3191 2401 3400 2441 resera-

1867 2482 1962 2533 vit.
1989 2479 2067 2534 Re
2105 2488 2284 2533 autem
2320 2479 2588 2539 intellecta
2621 2476 2900 2546 Tigranes,
2936 2475 3077 2552 quod
3129 2476 3401 2530 somnians

1866 2571 2094 2634 viderat,
2133 2571 2325 2624 diurna
2357 2570 2475 2622 luce
2503 2575 2790 2622 exsecutus
2815 2575 2918 2621 est.
2953 2565 3009 2619 Id
3047 2575 3222 2620 tamen
3261 2567 3402 2622 haud

1868 2660 2099 2715 absurde
2128 2659 2270 2730 Cyro
2300 2659 2399 2726 ipsi
2427 2658 2680 2710 tribuitur
2703 2671 2718 2709 :
2745 2671 2865 2708 eum
2888 2655 3029 2708 enim
3047 2655 3229 2709 eadem
3251 2663 3405 2711 aetate

1869 2751 2025 2804 ambo
2059 2749 2311 2812 vixerint,
2344 2754 2396 2802 et
2423 2745 2635 2816 quidem
2669 2746 2929 2814 Tigranes
2961 2745 3216 2800 societate
3249 2760 3399 2799 com-

1871 2842 2045 2896 militii
2076 2840 2217 2912 Cyro
2261 2841 2541 2896 devinctus
2578 2839 2756 2903 fuerit,
2788 2838 3026 2908 ejusdem
3085 2840 3395 2895 mandatum

1870 2934 2153 2988 exhaurire
2187 2935 2337 2988 visus
2370 2941 2471 2988 est.

1941 3021 1992 3075 6.
2059 3018 2248 3091 Agesis
2291 3023 2395 3077 hoc
2436 3024 2556 3076 loco
2603 3021 2870 3091 Lydorum
2919 3036 3133 3090 quoque
3186 3036 3404 3091 regnum

1872 3113 2045 3180 placet
2089 3113 2376 3168 collocare.
2445 3117 2600 3166 Anno
2651 3111 2890 3167 Sosarmi
2936 3112 3212 3167 Medorum
3266 3111 3405 3179 regis

1871 3203 2186 3258 duodecimo
2217 3204 2479 3274 olympias
2513 3204 2680 3274 prima
2714 3211 2929 3273 peracta
2953 3212 3069 3269 est,
3115 3202 3407 3271 eodemque

1874 3309 2016 3348 anno
2057 3295 2264 3364 primus
2295 3294 2436 3364 apud
2461 3294 2635 3365 Lydos
2662 3296 2905 3366 regnavit

1939 3381 1981 3438 I.
2057 3384 2297 3454 Ardysus
2328 3385 2552 3454 Alyattze
2581 3384 2740 3437 annis
2786 3397 2969 3437 xxxvi.

1941 3473 2003 3528 II.
2045 3475 2285 3546 Alyattes
2315 3477 2470 3530 annis
2505 3492 2612 3529 xw.
2667 3502 2669 3504 -

1941 3563 2026 3617 III.
2071 3565 2232 3621 Meles
2261 3568 2416 3622 annis
2452 3583 2547 3620 xn.

1944 3654 2032 3709 IV.
2074 3656 2375 3712 Candaules
2407 3672 2535 3711 xvn.

1936 3746 2225 3802 Candaulis
2257 3748 2417 3817 hujus
2454 3749 2732 3803 historiam
2761 3757 2942 3802 narrat
2963 3744 3404 3814 Herodotus(80),

1873 3855 2062 3910 nempe
2101 3840 2241 3910 quod
2275 3842 2327 3894 iS'
2351 3841 2514 3900 nimio
2538 3858 2664 3912 erga
2709 3859 2859 3898 suam
2902 3841 3178 3910 conjugem
3230 3837 3408 3892 studio

1872 3931 2206 3993 elatus,hanc
2233 3931 2547 3985 feminarum
2574 3932 2811 3986 omnium
2848 3930 3256 4002 pulcherrimam
3296 3928 3410 3980 exi-

1872 4022 2198 4085 stimaverit,
2249 4023 2604 4093 nudatamque
2642 4023 2881 4079 vestibus
2931 4020 3061 4092 Gygi
3113 4021 3249 4072 clam
3318 4018 3411 4071 de-

1873 4114 2249 4168 monstraverit
2279 4132 2292 4179 ;
2327 4129 2433 4184 qua
2465 4115 2756 4184 ignominia
2809 4113 3023 4182 sapiens
3046 4125 3180 4163 uxor
3213 4108 3280 4162 ad
3304 4108 3411 4161 ira-

1873 4202 2124 4256 cundiam
2153 4212 2418 4257 commota
2465 4204 2818 4258 occidendum
2871 4202 3160 4267 curaverit,
3205 4199 3412 4267 sibique

1873 4295 2045 4347 virum
2072 4293 2358 4348 adsciverit
2394 4293 2610 4364 Gygem.
2672 4365 2680 4372 θ

1943 4383 2005 4437 ιν.
2045 4384 2216 4454 Gyges
2238 4386 2393 4440 annis
2424 4400 2606 4439 xxxvr.

1948 4472 2030 4526 Vl.
2072 4474 2244 4543 Ardys
2266 4475 2420 4528 annis
2452 4487 2676 4528 xxxvm.

1943 4563 2053 4620 VII.
2093 4563 2368 4619 Sadiartes
2419 4565 2576 4618 annis
2606 4580 2693 4618 xv.

1947 4656 2059 4710 \‘Ill
2120 4658 2357 4728 Alyattes
2383 4657 2540 4711 annis
2573 4670 2718 4732 ιιιιιι⁷
2771 4648 2776 4653 “

284 4742 410 4800 XII.
448 4746 708 4816 Astyages
757 4744 866 4816 (76)
921 4760 1064 4801 anno
1117 4763 1154 4801 ι.
1215 4747 1263 4803 Is
1318 4763 1410 4803 eas
1464 4749 1668 4802 litteras
1717 4749 1771 4802 in
1806 4713 1848 4766 θ
1945 4747 2034 4801 IX.
2073 4713 2294 4801 Croesus
2327 4747 2481 4800 annis
2523 4761 2608 4798 xv.

216 4831 431 4908 pariete
456 4844 704 4890 exaratas
731 4835 864 4888 vidit
895 4851 1032 4906 quas
1057 4835 1238 4890 Daniel
1265 4837 1642 4904 interpretatus
1669 4846 1767 4893 est.

290 4910 453 4982 XIII?
479 4925 674 4984 Darius
702 4927 892 4983 Medus
924 4929 1080 4984 annis
1111 4946 1182 4983 Iv.

289 5015 436 5075 XIV.
480 5016 669 5074 Darius
697 5018 936 5072 Arsaviri
967 5021 1122 5073 annis
1153 5036 1231 5072 ιιι.

284 5109 432 5164 Exin
457 5108 726 5162 sublatum
758 5116 843 5164 est
872 5107 1278 5178 Babyloniorum
1315 5108 1612 5177 imperium.

291 5368 422 5439 (75)
447 5366 580 5420 Vide
603 5365 800 5420 Mosem
819 5361 1005 5426 Chor.,
1029 5361 1170 5414 "ist.
1199 5378 1235 5425 I,
1265 5363 1351 5427 21,
1375 5372 1432 5417 et
1451 5359 1771 5427 Samuelem,

219 5437 645 5572 ωῗὴῖϐοηΐει·
678 5502 984 5565 Eusebium,
1017 5516 1054 5565 ι,
1084 5500 1136 5563 5,
1180 5500 1232 5553 9..

321 5515 416 5572 ’14)
449 5515 645 5558 υοιιῐει·
678 5515 984 5565 Eusebium,
1017 5516 1032 5553 ι

292 5515 419 5647 (75)
450 5574 533 5647 Al.
563 5573 708 5647 e_od.,
735 5576 1034 5647 Asamoges.

297 5641 423 5716 ('76)
468 5641 543 5695 Ita
590 5643 691 5697 hoc
731 5643 871 5706 loco,
901 5641 1188 5713 Astyages;
1229 5651 1282 5696 a1
1328 5642 1574 5709 inferius,
1607 5643 1777 5698 Αδιιιι.

223 5721 413 5788 hages.
766 5747 770 5749 -

299 5785 421 5858 (77)
458 5782 530 5835 Ita
575 5781 807 5859 Armenii
833 5783 1062 5859 primum
1095 5782 1237 5859 hunc
1267 5781 1547 5859 Tigranem
1587 5782 1779 5838 distin-

225 5851 412 5927 guunt
431 5869 468 5927 a_
491 5851 876 5927 posterioribus
901 5853 1084 5923 stirpis
1109 5853 1506 5908 Arsacidarum.

299 5926 423 5996 (τε)
453 5919 566 5976 Lib.
601 5935 640 5988 ι,
674 5919 754 5986 l5,
785 5921 836 5972 7.
1003 5919 1018 5923 ν
1078 5949 1103 5967 ,

1948 4833 2046 4888 Hic
2077 4848 2220 4886 anno
2269 4832 2393 4902 Cyri
2441 4829 2843 4900 quartodecimo
2884 4829 3081 4883 dicitur
3130 4827 3197 4880 ab
3223 4825 3408 4880 eodem

1872 4924 2014 4993 Cyro
2058 4920 2393 4975 interfectus.
2429 4918 2498 4970 Ita
2523 4916 2788 4986 Lydorum
2817 4931 3038 4985 regnum
3071 4914 3274 4966 ﬁnitum
3310 4920 3411 4966 est.

1872 5015 2244 5067 Armeniorum
2292 5020 2463 5063 tamen
2495 5009 2781 5062 historicus
2809 5006 2979 5061 Moses
3031 5005 3273 5058 Croesum
3325 5017 3412 5055 ca-

1879 5113 2027 5173 ptum
2063 5102 2507 5169 interfectumque
2533 5100 2608 5152 ab.
2630 5101 2919 5151 Artaxerxe
2958 5095 3152 5148 Partho
3182 5094 3288 5163 (8i)
3315 5095 3407 5157 ait,

1907 5412 1918 5420 .
1951 5367 2058 5424 (79)
2099 5363 2262 5423 "£31.,
2291 5379 2337 5424 ι,
2363 5362 2450 5414 28.

1951 5367 2058 5430 (79)
2099 5367 2262 5423 11531.,
2291 5379 2337 5424 ι,
2363 5367 2450 5414 28.
3369 5425 3377 5433 _

1949 5436 2057 5505 (80)
2097 5433 2206 5505 Πίῳ
2242 5447 2404 5505 super
2446 5446 2503 5505 re
2542 5429 2806 5505 recolatur
2851 5428 3012 5505 Mosis
3047 5428 3410 5505 EII‘QI'eneII-SIS

1878 5495 2110 5559 locus'in
2145 5495 2377 5556 Eusebio
2405 5501 2468 5552 ad
2500 5498 3015 5552 annum.Ahrahami
3043 5497 3168 5549 1501
3197 5510 3228 5548 a
3257 5495 3411 5547 nobis

1877 5577 2098 5629 relatus.
2138 5570 2201 5622 Et
2232 5571 2444 5643 quidem
2470 5568 2678 5643 Samuel
2712 5585 2738 5621 a
2765 5569 2924 5622 Mosis
2949 5570 3410 5643 progymnasmate

1878 5646 2055 5713 potius
2089 5636 2263 5710 quam
2290 5640 2357 5693 ab
2387 5638 2653 5692 Herodoto
2688 5645 2960 5700 mutuatus
2989 5636 3125 5689 hanc
3167 5636 3412 5687 notitiam

1876 5716 2101 5767 videtur.

1950 5784 2058 5847 (8i)
2094 5780 2290 5833 Partho
2339 5781 2542 5839 scilicet
2584 5777 2943 5851 cognomine;
2984 5783 3098 5833 erat
3143 5771 3282 5827 enim
3328 5769 3412 5824 hic

1879 5853 2140 5907 A-rmenire
2173 5867 2281 5904 rex.
