4098 6328
671 382 772 438 621
1720 381 2062 438 serenam
2089 383 2178 438 AD
2217 381 2482 439 eusenn
2523 383 2927 440 cunemcou.
3323 367 3330 372 ‘
3769 359 3874 418 699

671 499 896 570 ejusque
928 499 1006 555 rei
1047 499 1354 570 complures
1409 505 1578 552 testes
1627 499 1858 563 invocat,
1895 507 1953 552 ut
1995 501 2048 552 in
2103 501 2220 568 ejus
2253 506 2296 561 Α
2399 499 2514 556 XII.
2579 499 3059 562 Arehelausfannis
3078 513 3222 553 xxiv.

673 588 810 640 libro
837 589 945 657 (8‘2)
985 589 1164 643 videre
1195 599 1298 643 est.
2397 589 2534 642 XIII.
2576 573 2796 645 orestes
2823 590 2980 642 annis
3011 603 3091 642 ιιι.

741 681 793 734 7.
835 679 974 749 Ergo
1001 681 1102 734 hoc
1131 689 1308 750 pacto,
1336 680 2023 747 proutnarratumsublatis
2049 680 2219 747 Baby-
2397 679 2534 732 XIV.
2577 679 2873 733 Archelaus
2905 679 3060 733 annis
3105 693 3186 730 ιιι.

673 767 968 831 Ioniorum,
997 769 1272 824 Medorum
1331 770 1707 841 Lydorumque
1741 771 1979 839 imperiis
2033 779 2220 838 regnat
2387 769 2499 822 XV.
2531 771 2786 840 Amyntas
2816 784 2957 823 anno
2987 783 3023 822 I.

739 858 781 913 ι.
819 860 992 930 Cyrus
1021 859 1175 912 annis
1211 875 1336 912 xxx.
1375 861 1424 914 Is
1453 861 1626 929 primo
1655 860 1800 925 regni
1837 861 1920 912 sui
1955 873 2096 912 anno
2125 857 2220 912 Ju-
2393 859 2534 913 XVI.
2577 859 2869 914 Pausanias
2899 873 3042 912 anno
3071 875 3106 912 I.

673 947 838 1002 daica:
863 949 1036 1018 gentis
1074 950 1460 1018 quinquaginta
1493 949 1662 1002 millia
1685 949 2020 1018 captivorum
2061 949 2220 1002 liber-
2392 949 2552 1004 XVII.
2595 953 2854 1020 Amyntas
2883 949 3037 1004 annis
3063 965 3134 1002 vr.

674 1048 781 1094 tate
810 1040 1028 1096 donavit
1059 1059 1071 1093 :
1101 1042 1191 1109 qui
1221 1042 1440 1109 quidem
1481 1037 1855 1108 Hierosolyma
1881 1038 2084 1090 reversi
2139 1039 2220 1090 al-
2387 1041 2566 1096 XVIII.
2603 1041 2828 1109 Argmus
2851 1041 3008 1094 annis
3027 1055 3086 1092 II.

672 1139 786 1184 tare
815 1131 1204 1192 excitaverunt,
1239 1130 1530 1198 templique
1564 1127 1917 1184 fundamenta
1935 1129 2214 1195 iecerunt:
2395 1134 2531 1187 XIX.
2557 1133 2818 1202 Amyntas
2847 1131 3005 1184 annis
3033 1142 3184 1182 xvm.

669 1219 810 1284 quod
833 1227 1009 1272 tamen
1035 1219 1380 1284 finitimarum
1399 1219 1634 1284 gentium
1653 1229 1815 1270 causa
1841 1213 2216 1284 imperfectum
2389 1218 2508 1278 xx;
2545 1223 2846 1278 Alctander
2883 1235 3026 1274 anno
3049 1237 3086 1273 ι,

667 1307 916 1362 manebat
951 1322 1124 1374 usque
1157 1307 1220 1360 ad
1257 1307 1470 1359 Darium
1496 1305 1792 1374 Vestaspis.
1825 1303 2076 1376 Tomyris
2109 1305 2218 1358 Ma-
2387 1315 2524 1375 xx].
2567 1313 2884 1366 putauimus
2913 1311 3068 1364 annis
3095 1324 3164 1361 iv.

665 1404 971 1465 sagetarum
1004 1398 1222 1452 heroina
1255 1397 1452 1466 Cyrum
1483 1395 1772 1451 interfecit.
2391 1403 2554 1458 XXII.
2595 1393 2852 1458 Perdicca
2878 1401 3035 1454 annis
3071 1414 3140 1451 IV.

737 1481 798 1534 II.
839 1483 1132 1552 Cambyses
1171 1487 1328 1538 annis
1357 1500 1430 1538 Ix.
2391 1492 2575 1546 XXIII,
2609 1491 2890 1559 Philippus
2921 1487 3074 1540 annis
3107 1499 3254 1538 xxVI.

735 1573 820 1628 III.
861 1574 999 1644 Magi
1031 1577 1140 1628 duo
1171 1575 1365 1630 fratres
1397 1575 1676 1628 mensibus
1707 1591 1826 1628 vm.

2385 1584 2570 1638 XXIV.
2607 1581 2908 1637 Alexander
2943 1577 3171 1646 Philippi
3199 1575 3356 1628 annis
3405 1585 3479 1625 xu
3507 1575 3560 1624 et
3582 1565 3870 1623 mensibus

731 1665 820 1721 ιν.
859 1665 1055 1734 Darius
1087 1666 1363 1736 V'estaspis
1399 1666 1540 1720 filius
1562 1667 1717 1720 annis
1739 1681 1918 1720 xxxvt.

2315 1693 2385 1730 vr.
2411 1673 2510 1728 llic
2537 1675 2722 1726 orbem
2755 1679 3020 1725 terrarum
3061 1663 3428 1734 compluribus
3468 1659 3679 1727 regibus
3719 1656 3862 1724 deje-

725 1755 896 1825 "Ilius
947 1758 1114 1820 altero
1146 1771 1288 1810 anno
1325 1757 1618 1810 ZOI‘Obabel
1659 1757 1913 1826 ιεηιιιιιιηι
1963 1755 2210 1817 adimat.
2313 1767 2415 1820 clis
2438 1763 2976 1828 obtinuit,annosque
2991 1759 3308 1810 xxxnnatus
3325 1749 3586 1819 Babylone
3603 1747 3740 1798 diem
3765 1757 3862 1798 su—

663 1851 806 1914 quod
840 1861 983 1902 anno
1001 1857 1193 1916 quarto
1223 1848 1542 1918 Olympiadis
1567 1847 1769 1916 quintae
1796 1861 1957 1916 supra
1997 1861 2212 1916 sexage-
2243 1831 2290 1890 Β
2319 1867 2560 1922 premum
2603 1851 2750 1904 obiit.
2789 1845 2994 1902 Exinde
3021 1843 3304 1912 imperium
3337 1839 3454 1906 ejus
3491 1839 3626 1891 inter
3675 1835 3862 1903 plures

664 1941 856 1994 simam
886 1941 1192 1996 absolutum
1230 1951 1332 1996 est.
2313 1945 2542 1997 divisum
2563 1951 2666 1996 est.
2695 1941 2829 2008 Ipsis
2846 1937 3060 2008 quidem
3091 1931 3468 1988 Macedonibus
3493 1929 3718 1996 imperat
3731 1923 3860 1976 Phi—

732 2027 795 2084 V.
837 2029 1043 2086 Xerxes
1067 2030 1216 2082 Darii
1275 2030 1430 2085 annis
1464 2047 1572 2084 xxi.
2313 2033 2489 2102 lippus
2513 2031 2603 2100 qui
2627 2037 2680 2084 et
2703 2027 2967 2092 Aridaeus;
2997 2021 3332 2077 Alexandriae
3361 2032 3488 2071 vero
3502 2014 3713 2084 Egypti
3731 2012 3866 2064 νιο-

731 2117 818 2174 Vl.
856 2121 1166 2175 Artabanus
1189 2121 1468 2176 mensibus
1519 2136 1616 2174 vn.
2312 2101 2530 2176 lenitus
2561 2120 2718 2188 Lagi:
2741 2128 2852 2172 tum
2882 2115 3038 2170 annis
3066 2115 3302 2183 quinque
3319 2119 3437 2180 post
3457 2109 3682 2174 imperat
3701 2101 3864 2155 Asia-

583 2281 586 2284 _
729 2207 842 2262 VII.
911 2211 1144 2265 Artaxes
1201 2211 1568 2280 Longimanus
1620 2212 1776 2266 annis
1811 2228 1898 2266 ιιι..
1959 2211 2212 2266 Nonnulli
2313 2214 2396 2266 nis
2431 2213 2771 2282 Antigonus;
2803 2205 3120 2262 duodecimo
3153 2203 3385 2292 denique
3425 2205 3546 2268 post
3571 2193 3862 2292 Alexandri

661 2297 942 2354 Estherem
967 2301 1189 2355 subhoc
1210 2303 1488 2360 exstitisse
1520 2303 1700 2358 aiunt:
1725 2305 1871 2374 quod
1891 2320 1988 2374 ego
2007 2315 2210 2366 tamen,
2313 2303 2518 2358 obitum
2555 2315 2698 2354 anno
2729 2297 2901 2368 Syris,
2933 2293 3188 2364 Babyloni
3243 2290 3518 2360 plagisque
3563 2290 3866 2353 superiori-

659 2388 837 2456 inquit
899 2389 1162 2446 Eusebius
1195 2391 1340 2462 (85),
1395 2405 1502 2445 non
1544 2393 1735 2462 probo,
1777 2392 2213 2463 quandoquidem
2315 2395 2414 2446 bus
2461 2391 2770 2444 dominatur
2793 2386 3052 2441 Seleucus
3093 2382 3342 2436 Nicanor.

659 2481 844 2536 Esdra:
881 2481 1004 2535 libri
1031 2497 1124 2552 per
1145 2497 1261 2536 eam
1287 2461 1500 2536 aetatem
1517 2461 1712 2552 scripti
1751 2461 1952 2537 nullam
1995 2461 2112 2551 ejus
2137 2483 2214 2535 rei
2381 2483 2434 2536 9.
2473 2482 2586 2550 Age
2613 2495 2742 2535 vero
2761 2473 3198 2548 quandoquidem
3227 2473 3390 2525 hosce
3411 2461 3862 2552 commemoravi-7

660 2573 989 2628 mentionem
1021 2551 1244 2626 faciunt.
1641 2551 1653 2552 ί
2309 2589 2452 2636 mus,
2484 2571 2822 2641 singulorum
2850 2580 3068 2635 quoque
3096 2561 3314 2617 nomina
3339 2559 3539 2626 scripto
3563 2551 3862 2622 complecti

733 2665 858 2718 VIII.
913 2663 1118 2720 Xerxes
1147 2665 1422 2719 mensibus
1451 2682 1508 2719 ιι.
2309 2683 2414 2719 non
2453 2665 2650 2734 pigeat
3381 2737 3388 2739 η
3475 2735 3506 2739 __
3809 2729 3822 2739 .

727 2756 816 2808 IX.
869 2757 1172 2826 Sogdianus
1207 2758 1486 2812 mensibus
1521 2773 1610 2812 vn.
2379 2753 2684 2808 Alexandro
2727 2765 2758 2804 e
2803 2747 2942 2801 vivis
2979 2751 3185 2814 erepto,
3213 2735 3594 2794 Macedonibus
3635 2735 3862 2802 proprie

730 2845 796 2898 X.
859 2845 1056 2901 Darius
1105 2847 1320 2901 Nothus
1355 2849 1515 2901 annis
1545 2864 1660 2912 xix,
1693 2833 1759 2902 ab
1787 2847 2090 2918 Olympiade
2117 2861 2210 2900 oc-
2311 2847 2540 2914 imperat
3000 2925 3005 2926 γ
3124 2923 3135 2926 Δ
3187 2921 3235 2926 __
3510 2914 3522 2926 _

655 2938 912 3006 wgesima
949 2947 1108 2992 n0na.
2385 2929 2547 2985 XXV.
2589 2928 2893 2999 Philippus,
2919 2925 3011 2996 qui
3031 2931 3084 2980 et
3107 2921 3374 2980 Aridaeus,
3405 2921 3555 2969 annis
3581 2927 3678 2964 vn.

725 3027 816 3082 XI.
855 3029 1084 3084 Artaxcs
1113 3029 1361 3083 Mnemon
1389 3029 1549 3084 annis
1581 3043 1667 3081 ιιι..
1716 3026 1828 3080 Sub
1858 3027 1960 3082 hoc
2017 3026 2212 3082 Esther
2381 3020 2567 3076 XXVI.
2609 3021 2885 3074 Casander
2908 3017 3066 3070 annis
3087 3031 3180 3068 nx
3211 3011 3344 3081 (86).

657 3118 780 3172 fuit.
1861 3133 1864 3136 ’
2235 3169 2270 3182 η
2385 3111 2593 3168 XXVII.
2629 3110 2752 3165 Filii
2795 3111 2957 3178 hujus
2978 3108 3136 3161 annis
3157 3122 3228 3158 IV.

729 3169 842 3262 XII.
887 3210 1137 3272 Artaxes,
1165 3209 1256 3278 qui
1313 3217 1366 3262 et
1418 3207 1621 3270 Ochus,
1654 3208 1810 3261 annis
1853 3223 1997 3262 xxvi.
2233 3169 2272 3220 (ἶ
2379 3201 2612 3256 XXVIII.
2653 3169 2956 3254 Demetrius
2987 3195 3146 3249 annis
3173 3211 3210 3247 ν
3241 3190 3377 3262 (37).
3419 3265 3424 3268 _

729 3301 864 3355 XIII.
907 3303 1134 3356 Artaxes
1164 3300 1296 3355 Ochi
1325 3303 1482 3355 annis
1509 3317 1582 3356 IV.
2379 3293 2565 3348 XXIX.
2605 3291 2843 3363 Pyrrhus
2877 3287 3154 3342 mensibus
3185 3299 3282 3338 vn.

725 3392 862 3446 XIV.
905 3392 1098 3446 Darius
1133 3395 1344 3446 Arsami
1375 3393 1530 3445 annis
1559 3408 1633 3444 vr.
2380 3383 2545 3439 XXX.
2585 3382 2940 3454 Lysimachus
2969 3379 3127 3432 annis
3157 3370 3574 3431 vet‘mensibus
3599 3381 3676 3421 vn
3722 3365 3862 3434 (88).

729 3483 977 3538 lliannos
1007 3499 1177 3536 ccxxx
1211 3491 1608 3552 occupaverunt
1631 3482 1762 3547 (Si).
1793 3481 1927 3535 Exin
1978 3459 2208 3534 Alexan-
2379 3475 2566 3532 XXXI.
2606 3475 2926 3529 Ptolemaaus
2946 3469 3477 3527 Ceraunusannouet
3491 3457 3862 3514 mensibusrx.

655 3571 752 3625 der
774 3569 988 3624 Macedo
1006 3581 1352 3640 regnatanno
1367 3573 1538 3639 primo
1565 3571 1885 3642 Olympiadis
1904 3573 2208 3626 centesinne
2381 3567 2594 3622 XXXII.
2637 3566 2903 3634 Meleager
2930 3561 3206 3616 mensibus
3233 3572 3294 3610 ιι.

655 3661 972 3724 undecinne,
1027 3662 1360 3732 septimoque
1413 3665 1561 3732 regni
1589 3665 1671 3716 sui
1717 3681 1858 3716 anno
1885 3663 2206 3733 Babylonem
2385 3659 2618 3713 XXXIII.
2658 3659 2946 3727 Antipater
2975 3655 3167 3709 diebus
3191 3666 3311 3706 xu.

654 3756 822 3822 capit,
850 3756 1142 3824 occisoque
1167 3754 1328 3808 Dario
1373 3754 1661 3810 Persarum
1725 3741 2012 3824 imperium
2045 3757 2206 3810 delet.
2377 3749 2610 3806 XXXIV.
2654 3750 2947 3804 Sosthenes
2971 3745 3130 3799 annis
3173 3759 3234 3798 ιι.

2387 3842 2599 3896 XXXV.
2649 3842 2956 3909 Antigonus.
2975 3837 3214 3892 Gonatas
3239 3834 3398 3889 annis
3421 3849 3607 3888 xxxvr.

2380 3930 2619 3984 XXXVI.
2664 3929 2966 3984 Demetrius
2980 3928 3136 3980 annis
3169 3941 3221 3978 ιι.

2372 4019 2634 4074 XXXVII.
2677 4021 2978 4088 Antigonus
3007 4017 3166 4072 annis
3197 4031 3284 4070 xv.

2381 4112 2662 4168 XXXVIII.
2697 4111 2977 4180 Philippus
3006 4112 3162 4164 annis
3193 4125 3325 4164 XLII.

2381 4203 2622 4258 XXXIX.
2657 4201 2887 4255 Perseus
2911 4202 3070 4253 annis
3102 4217 3152 4254 ιι.

728 3865 780 3918 8.
821 3863 972 3919 Nunc
1031 3866 1282 3934 quoniam
1305 3866 1358 3920 in
1381 3866 1666 3921 Alexandri
1687 3869 2006 3921 mentionem
2025 3865 2206 3926 incidi.

656 3945 805 4008 lubet
835 3955 900 4008 ab
957 3957 1161 4024 origine
1207 3966 1448 4029 cunctos
1481 3955 1829 4011 Macedonum
1883 3972 2036 4026 reges
2087 3957 2210 4010 huic

660 4048 862 4110 scripto
889 4048 1225 4117 consignare.
1251 4047 1432 4117 Neque
1461 4049 1602 4112 enirn
1637 4049 1941 4120 Alexander
1975 4048 2211 4102 Macedo-

659 4154 787 4192 num
807 4153 896 4192 rex
933 4140 1138 4207 primus
1169 4140 1286 4200 fuit,
1309 4143 1400 4194 sed
1436 4149 1662 4210 quartus
1683 4157 1842 4210 supra
1875 4143 2204 4195 vicesimum.

591 4253 594 4256 ί
657 4229 766 4297 jam
811 4230 1016 4298 primus
1065 4229 1412 4285 Macedonum
1455 4247 1549 4286 rex
1583 4233 1682 4286 fuit

727 4319 768 4371 Ι.
842 4321 1085 4374 Caranus
1119 4323 1274 4375 annis
1305 4311 1436 4375 xxii.

725 4409 788 4462 ll.
866 4413 1066 4464 (imnus
1099 4413 1254 4464 annis
1281 4428 1352 4464 xu

729 4504 813 4554 lll.
857 4502 1160 4572 Tyrimmas
1193 4505 1349 4556 annis
1383 4520 1604 4558 xxxvm.

727 4591 816 4645 IV.
859 4593 1110 4647 Perdicca
1153 4595 1308 4648 annis
1340 4611 1406 4646 LI.

725 4683 792 4737 V.
833 4686 1096 4754 Argciaus
1131 4687 1290 4740 annis
1325 4701 1549 4740 xxxvm.

2383 4293 2674 4347 Interfecto
2702 4291 2920 4354 Perseo,
2951 4289 3182 4344 Romani
3223 4291 3608 4348 Macedonibus
3637 4295 3868 4352 liberta-

2315 4395 2419 4439 tem
2451 4384 2707 4452 impertiti
2735 4391 2881 4445 sunt,
2914 4383 3102 4450 eisque
3127 4375 3209 4436 Sui
3233 4382 3372 4451 juris
3395 4399 3512 4438 esse
3573 4401 3868 4444 concessa-

2239 4497 2284 4556 ι)
2313 4487 2440 4531 ι·ιιιιι
2473 4478 2630 4530 annis
2661 4474 2902 4541 x1v(89).

2374 4567 2480 4621 XL.
2521 4566 2710 4620 Falsus
2735 4565 3012 4635 Philippus
3039 4580 3180 4619 anno
3211 4581 3249 4617 I.

2390 4659 2610 4710 Summa
2645 4671 2906 4710 annorum
2931 4671 3164 4710 ocnvn.
3213 4669 3222 4678 ‘

725 4775 814 4829 Vl.
851 4776 1133 4846 Philippus
1166 4778 1323 4831 annis
1369 4794 1596 4834 xxxvm,
2386 4774 2472 4826 I0.
2513 4770 2740 4825 Interest
2799 4778 2854 4824 et
2902 4777 3096 4824 czetera
3129 4785 3292 4841 regna
3335 4769 3666 4831 describere.
3707 4779 3882 4840 Anno

727 4863 838 4917 VII.
881 4863 1094 4918 Airaeus
1125 4865 1234 4936 (85)
1274 4867 1430 4920 annis
1464 4883 1606 4920 xxvn.
2315 4872 2435 4934 post
2483 4861 2772 4916 Alexandri
2797 4862 2904 4914 fata
2933 4863 3124 4931 quinto
3151 4863 3379 4932 imperat
3411 4865 3630 4922 Asianis

725 4955 862 5010 VIII.
905 4957 1118 5010 Alcetas
1145 4949 1305 5011 annis
1331 4973 1476 5012 XXIX.
2299 4997 2314 5008 .
2371 4958 2412 5010 I.
2456 4958 2756 5025 Antigonus
2782 4955 2935 5007 annis
2959 4970 3108 5008 xvnl.
3253 5031 3262 5038 η

727 5049 816 5100 IX.
869 5053 1124 5119 Amyntas
1165 5050 1320 5103 annis
1343 5066 1396 5104 ι..
2379 5047 2442 5102 II.
2483 5045 2786 5101 Demetrius
2815 5045 3145 5102 Poliorcetes
3174 5049 3330 5104 annis
3354 5067 3484 5104 xvu.

723 5141 790 5192 X.
857 5141 1158 5194 Alexander
1190 5142 1344 5196 annis
1367 5156 1510 5194 χιιι.
2021 5177 2023 5180 ‹
2385 5138 2678 5192 Amborum
2741 5138 3038 5192 dominatio
3095 5139 3381 5208 conjuncta
3431 5157 3606 5196 annos
3635 5157 3874 5217 occupat

725 5231 816 5284 XI.
847 5230 1102 5285 Perdicca
1134 5234 1291 5284 annis
1329 5247 1522 5285 xxvm.
2311 5241 2472 5284 xxxv.
2497 5229 2682 5298 Operae
2719 5231 2948 5298 pretium
3004 5238 3092 5284 est
3115 5245 3210 5284 eos
3247 5231 3374 5285 item
3405 5233 3496 5300 qui
3525 5231 3614 5288 his
3645 5251 3876 5293 succes-

722 5425 836 5494 (82)
871 5425 1035 5486 Hist.,
1072 5425 1234 5488 1|,I2.
2311 5426 2572 5494 209.com
2610 5431 2732 5494 nota
2760 5423 2808 5476 '5.

704 5493 834 5562 ’(35)
867 5497 944 5548 Ad
985 5513 1176 5550 annum
1208 5495 1362 5550 1555.

2382 5497 2490 5557 (85')
2523 5493 2616 5546 Dic
2647 5493 2877 5558 Aﬁrapus
2909 5496 2990 5548 vel
3020 5493 3268 5562 Ᾰίτοραε.

749 5565 836 5622 84)
870 5564 1024 5638 Hune
1061 5582 1272 5638 quoque
1305 5581 1586 5638 numerum
1621 5567 1686 5618 ab
1716 5566 1945 5636 Eusebio
1974 5567 2203 5620 desumit
2381 5569 2490 5638 (sti)
2526 5563 2798 5638 Vetustior
2825 5567 3013 5626 codex,
3042 5563 3402 5618 Casamander
3427 5567 3584 5622 anuis
3615 5582 3718 5627 xx.

669 5633 904 5706 Samuel.
931 5633 1136 5705 Quippe.
1163 5633 1426 5706 Eusebius
1469 5638 1624 5706 apud
1651 5633 1970 5698 Cedrenuin,
1995 5654 2044 5704 μ.
2083 5639 2200 5696 195,
2379 5637 2488 5697 (S71
2518 5637 2598 5687 Al.
2627 5636 2768 5694 cod..
2803 5651 2911 5706 xv.
3192 5671 3196 5674 ι

685 5705 747 5758 Α.
780 5705 962 5757 scribit
1015 5721 1040 5756 τι
1093 5709 1232 5772 (ino
1285 5705 1349 5759 ad
1389 5705 1752 5758 Alexandrum
1807 5723 1977 5760 annos
2011 5721 2199 5760 cexxx.
2239 5759 2242 5762 ,
2377 5706 2484 5772 (88)
2520 5706 2840 5758 tlonferalnr
2879 5705 3140 5769 Eusebius
3171 5720 3208 5768 I,
3239 5705 3327 5768 '58,
3355 5707 3406 5758 4.

659 5773 980 5828 “auferatur
1030 5767 1202 5828 autem
1255 5775 1540 5830 Euscbiani
1581 5793 1760 5842 regum
1807 5778 2048 5830 laterculi
2094 5781 2199 5828 col.
2383 5767 2490 5840 ἧκα)
2517 5773 2608 5828 Dic
2643 5791 2726 5828 xix
2766 5791 2886 5826 rum
2921 5768 3168 5840 Eusebio,
3203 5767 3444 5830 voLEEii
