4112 6314
787 441 892 498 655

1764 435 2101 490 APPENDIX
2137 436 2227 489 AD
2268 436 2531 491 EUSEBII
2567 437 2973 497 CIIIIONICON.
3101 483 3107 487 ι
3888 447 3974 502 1136

859 554 988 607 Post
1038 568 1192 622 reges
1231 553 1560 623 praefuerunt
1611 552 1794 607 nonne
1844 555 2096 608 consules
2127 570 2155 607 a
2185 554 2349 608 Bruto
2379 561 2422 615 Α
2452 558 2633 615 sitam.
2659 574 2818 626 quam
2849 568 2902 614 et
2927 558 3214 624 IIarchiam,
3234 561 3579 631 nuncupavit.
3603 559 3816 616 Interim
3839 561 3974 619 Belus

789 647 1012 708 exorsi;
1070 643 1264 698 deinde
1315 644 1536 704 tribuni,
1595 659 1720 696 mox
1773 644 2066 697 dictatores
2117 647 2346 712 (nempe

789 737 1162 804 eloquentes);
1211 750 1400 787 rursus
1439 736 1711 796 consules,
1753 736 1845 803 qui
1889 748 1918 786 a
1957 733 2252 803 Tarquinio
2282 735 2346 787 ad

789 825 979 880 Caium
1011 824 1208 878 Julium
1241 826 1563 878 exstiterunt
1593 825 1749 876 annis
1777 838 1994 878 cccc1.x.

858 916 988 970 Post
1047 917 1144 969 hos
1202 930 1342 966 anno
1411 915 1580 966 altero
1641 916 1945 969 centesima:
2009 915 2350 982 octogesima:

793 1018 1001 1078 quartae
1037 1006 1359 1078 Olympiadis
1389 1020 1653 1059 summam
1698 1014 2014 1076 potestatem
2065 1007 2202 1074 apud
2245 1006 2352 1058 Ro-

791 1115 980 1154 manos
1024 1097 1259 1154 exercuit
1297 1096 1459 1150 Caius
1497 1095 1671 1150 Julius
1711 1100 1869 1150 annis
1909 1100 2168 1165 quinque,
2203 1114 2352 1150 men-

793 1193 944 1246 sibus
1023 1197 1221 1258 septem
1279 1189 1476 1243 minus.
1543 1187 1676 1240 Exin
1737 1187 2005 1240 Caesarum
2069 1204 2171 1257 app
2207 1189 2352 1240 llatio

791 1281 1048 1335 obtinuit.
1089 1278 1204 1333 Jam
1257 1281 1361 1333 huc
1401 1295 1572 1348 usque
1617 1279 1741 1330 anni
1777 1279 1884 1332 duo
1913 1279 2206 1347 Cleopatra“-
2253 1296 2355 1331 nu-

795 1377 1108 1436 merantur;
1157 1368 1395 1438 reliquos
1445 1367 1632 1437 viginti
1675 1366 1857 1421 eadem
1907 1368 2009 1421 sub
2071 1367 2328 1422 Romanis

797 1461 1066 1530 exigebat.

863 1554 1136 1623 Augustus
1165 1551 1323 1605 annis
1347 1565 1454 1614 LVl,
1493 1549 1770 1604 mensibus
1797 1563 1872 1604 νι.
1898 1549 1979 1603 Ab
2009 1537 2166 1617 hujus
2183 1551 2360 1618 primo
2386 1595 2388 1600 .

799 1659 942 1697 anno
975 1642 1298 1696 Antiocheni
1327 1656 1453 1695 suos
1505 1653 1659 1694 .nnos
1691 1651 1995 1694 numerant.
2026 1640 2196 1708 Ilujus
2229 1643 2351 1695 item

796 1749 938 1789 anno
960 1734 1168 1789 decimo
1193 1731 1497 1786 Judzorum
1523 1732 1777 1800 przesules
1805 1733 1968 1785 amoti
1995 1739 2140 1793 sunt,
2174 1747 2356 1799 regna-

793 1824 977 1892 vitque
1057 1820 1294 1876 Herodes
1329 1820 1642 1886 alienigena.
1720 1816 1856 1872 Ecce
1903 1826 2078 1871 autem
2129 1817 2352 1886 Augusti

2449 646 2500 698 in
2565 648 2798 715 reliquos
2845 664 3035 703 omnes
3085 650 3418 722 dominatum
3471 651 3726 720 adeptus,
3774 650 3972 708 llaicium

2447 749 2658 803 quoque
2699 736 3018 805 Babylonem
3054 740 3281 790 accersit
3319 758 3329 791 :
3362 755 3589 808 cumque
3627 739 3821 794 llaicus
3847 757 3973 794 man-

2447 824 2572 877 data
2626 843 2731 880 non
2776 827 2995 890 Iaceret,
3042 829 3320 897 egreditur
3367 830 3625 885 adversus
3667 847 3784 884 eum
3839 830 3972 884 Belus

2454 918 3024 987 immaniarroganlia
3068 919 3261 972 elatus.
3309 917 3411 972 Sed
3450 921 3588 973 enim
3633 922 3735 974 telo
3765 923 3894 974 ictus
3918 923 3971 973 ab

2449 1009 2614 1061 Haico
2645 1010 2754 1060 vita
2782 1010 3042 1077 spoliatur
3079 1028 3090 1062 :
3125 1010 3212 1078 qui
3239 1011 3452 1078 quidem
3492 1011 3632 1063 baud
3661 1011 3840 1079 paucis
3873 1023 3970 1080 ant

2452 1095 2615 1148 annis
2644 1097 2749 1146 vita
2782 1095 3062 1164 producta,
3088 1095 3308 1150 ditionis
3330 1097 3590 1152 ba-redcm
3620 1102 3848 1153 moriens
3876 1102 3970 1153 reli-

2450 1187 2564 1254 quit
2587 1189 2961 1244 Armenacum.

2519 1278 2571 1331 2.
2615 1280 2944 1332 Armenacus
2978 1279 3086 1348 (14)
3130 1279 3279 1332 [laici
3320 1279 3479 1339 ﬁlius,
3505 1289 3627 1348 post
3663 1281 3856 1334 obitum
3887 1298 3967 1350 pa-

2455 1366 2586 1428 tris,
2627 1364 2821 1418 fratres
2850 1366 2987 1419 duos
3017 1365 3251 1420 (Iberum
3288 1375 3342 1420 et
3374 1366 3716 1422 blanavazum
3761 1370 3812 1423 in
3852 1369 3966 1421 Ilur-

2453 1455 2638 1506 cltensi
2691 1456 2965 1522 provincia
3006 1457 3255 1526 reliquit,
3295 1457 3530 1526 itemque
3573 1458 3764 1512 Bazum
3809 1459 3967 1514 Mana-

2453 1547 2567 1598 vazi
2603 1547 2708 1614 (15)
2752 1547 2936 1600 ﬁlium.
2971 1546 3140 1600 Porro
3174 1564 3203 1600 a
3239 1549 3532 1602 Manavazo
3567 1549 3806 1618 Bazoque
3833 1551 3966 1603 dicte

2456 1633 2703 1687 Icrunt‘ur
2744 1637 2993 1704 satrapize
3018 1637 3320 1692 Manavazia
3353 1648 3406 1693 et
3443 1639 3728 1701 Beznunia.
3764 1643 3967 1712 itemque

2455 1738 2516 1776 ea
2548 1739 2666 1793 qua:
2700 1723 2935 1778 Ordunia
2970 1727 3306 1795 appellatur:
3341 1744 3369 1780 a
3399 1728 3577 1783 Clioro
3607 1739 3778 1784 autem
3807 1742 3968 1799 gentes

2458 1815 2902 1869 Chorcltorunia'.
2955 1817 3074 1886 Ipse
3105 1833 3232 1872 vero
3259 1818 3594 1873 Armeuacus
3635 1820 3770 1873 ultra
3813 1831 3967 1875 trans-

796 1917 968 1970 altero
993 1922 1044 1966 et
1071 1912 1503 1982 quadragesimo,
1535 1908 1762 1962 llerodis
1795 1911 1964 1963 altero
1998 1918 2051 1961 et
2079 1910 2354 1964 tricesimo
2384 1893 2424 1945 Β
2452 1920 2679 1974 gressus
2701 1945 2714 1963 ,
2766 1906 2820 1963 in
2874 1907 3095 1975 planitie
3149 1910 3388 1964 consedit
3435 1911 3580 1980 jugis
3627 1913 3965 1976 circumdata,

797 2020 959 2069 anno,
986 2020 1178 2059 carens
1207 2012 1448 2074 tempore
1481 2001 1663 2056 Fiuus
1691 2000 1787 2053 De:
1823 2008 2010 2054 sancta
2042 2015 2106 2053 ex
2135 1998 2359 2070 Virgine-

795 2098 1039 2152 nascitur
1062 2097 1116 2150 in
1145 2101 1388 2165 tempore
1411 2093 1542 2163 (15).

1381 2223 1607 2279 CAPUT
1647 2221 1756 2279 VII.

1137 2337 1346 2392 Jabetlti
1380 2338 1627 2406 prosapia
1665 2337 2002 2391 Armeniaca.

863 2450 1082 2506 Priores
1120 2449 1255 2505 duas
1293 2451 1666 2521 genealogias,
1703 2449 1848 2502 Semi
1899 2447 2151 2500 videlicet
2193 2454 2356 2516 atque

795 2543 1004 2609 Cbami,
1035 2543 1267 2597 breviter
1298 2543 1693 2605 recensuimus,
1718 2539 2062 2606 easdemque,
2093 2547 2351 2608 quantum

795 2636 976 2698 licuit,
1008 2650 1104 2706 per
1134 2637 1511 2689 successiones
1539 2642 1593 2688 et
1625 2640 1868 2700 tempora
1899 2630 1966 2684 ad
1999 2645 2121 2684 eum
2153 2645 2352 2684 annum

797 2742 968 2797 usque
1005 2725 1349 2788 deduximus,
1391 2742 1500 2795 quo
1559 2723 1934 2777 manifestatus
1977 2730 2058 2776 est
2099 2720 2356 2773 Dominus

797 2821 888 2889 qui
933 2819 1223 2872 humanam
1263 2825 1453 2886 sponte
1490 2823 1738 2869 naturam
1768 2813 2016 2868 adscivit.
2045 2812 2156 2878 Age
2189 2825 2352 2872 nunc,

796 2910 936 2980 quod
979 2911 1226 2979 superior
1271 2908 1444 2962 oratio
1491 2914 1675 2961 nostra
1717 2904 1996 2974 promisit,
2043 2902 2108 2955 ad
2145 2900 2355 2955 Jabetlii

795 3017 1010 3072 quoque
1025 3001 1335 3071 progeniem
1357 2995 1767 3052 describendam
1794 2992 2118 3047 accedamus
2155 3010 2167 3046 :
2201 2991 2356 3061 cujus

797 3093 1118 3150 successivae
1139 3092 1539 3162 procreationes
1565 3091 1629 3141 ad
1652 3087 1880 3140 Parthos
1904 3100 2074 3154 usque
2094 3083 2353 3145 deﬁuunt,

803 3201 908 3255 quo
949 3187 1005 3238 lit
1054 3195 1111 3238 ut
1156 3188 1278 3238 eum
1325 3182 1577 3251 denique,
1607 3181 1698 3248 qui
1744 3179 1868 3232 fecit
1909 3185 2137 3245 utraque
2167 3192 2353 3238 unum,

2453 2012 2679 2065 quorum
2707 1999 2914 2051 elatiori
2939 2015 3129 2054 nomen
3155 2003 3275 2056 fecit
3297 2003 3536 2072 Aragazo
3560 2023 3573 2057 :
3608 2012 3715 2057 tum
3739 2006 3975 2060 Armaziso

2453 2095 2575 2156 post
2649 2089 2852 2156 aliquot
2920 2090 3043 2144 vita:
3093 2105 3262 2146 annos
3328 2094 3541 2160 genito,
3591 2095 3678 2146 diu
3727 2095 3841 2148 exin
3889 2111 3968 2148 su-

2453 2186 2660 2248 perstes
2696 2179 2907 2231 demum
2941 2187 3149 2246 naturae
3181 2180 3461 2235 satisfecit.

2522 2269 2575 2322 5.
2617 2268 2908 2321 Arnueisus
2939 2269 3048 2339 (l6)
3089 2271 3371 2324 Armenaci
3417 2271 3558 2327 ﬁlius
3590 2275 3860 2327 stationem
3885 2271 3970 2326 sibi

2455 2359 2506 2412 in
2539 2359 2676 2411 colle
2713 2359 2777 2411 ad
2813 2361 2987 2412 amnis
3014 2360 3184 2430 ripam
3216 2361 3466 2416 aediﬁcat.
3512 2361 3687 2431 Atque
3715 2363 3968 2417 stationem

2454 2451 2669 2520 quidem
2711 2466 2810 2503 suo
2853 2449 2919 2503 de
2962 2454 3178 2507 nomine
3229 2453 3558 2507 Armaviram
3589 2456 3843 2522 appellat,
3874 2469 3971 2506 am-

2454 2559 2575 2595 nem
2607 2550 2780 2594 autem
2828 2559 2889 2596 ex
2937 2541 3126 2597 Erasto
3162 2553 3350 2612 nepote
3397 2561 3495 2597 suo
3537 2544 3816 2600 Erascbem
3844 2545 3971 2598 voci-

2456 2642 2531 2685 tat
2559 2635 2694 2700 (I7).
2732 2633 2850 2688 Mox
2887 2635 3124 2688 Sarazum
3159 2636 3320 2689 lilium
3343 2675 3357 2697 ,
3397 2638 3544 2704 prole
3587 2637 3796 2690 divitem
3836 2645 3976 2704 atque

2456 2740 2699 2778 voracem
2745 2726 2893 2795 (18),
2941 2727 3160 2780 boream
3202 2743 3390 2780 versus
3434 2728 3488 2780 in
3535 2737 3872 2797 campestrem
3908 2728 3973 2781 lo-

2457 2831 2579 2867 cum
2613 2816 2809 2868 emittit
2841 2817 2974 2870 satis
3005 2817 3220 2870 uberem
3253 2824 3306 2870 et
3342 2817 3700 2871 fructuosum.
3734 2817 3891 2884 llujus
3919 2819 3974 2870 de

2459 2905 2676 2957 nomine
2709 2906 2853 2974 regio
2878 2907 2964 2958 illa
3003 2907 3205 2960 Siracia
3256 2916 3567 2978 nuncupata
3625 2919 3725 2962 est.
3754 2906 3862 2962 .Iam
3889 2909 3975 2960 Αμ

2458 2997 2676 3050 tnmisus
2731 2995 3001 3050 Amasiam
3047 2999 3375 3067 procreavit,
3423 3001 3624 3056 diuaue
3671 3001 3836 3055 adhuc
3882 3002 3972 3053 vita

2457 3101 2591 3139 usus
2623 3101 2932 3154 supremum
2978 3087 3117 3140 diem
3150 3087 3298 3140 obiit.

2527 3175 2578 3228 4.
2621 3177 2865 3230 Amasias
2894 3177 3138 3231 Arnueisi
3176 3177 3348 3240 ﬁlius,
3387 3178 3545 3232 vitam
3580 3188 3782 3250 agitans
3806 3179 3974 3231 Arma-

804 3246 1108 3340 Bominum,
1167 3277 1407 3346 inquam,
1460 3246 1702 3327 nostrum
1768 3269 2165 3338 contingamus.
2223 3267 2355 3320 Cum
2384 3246 2426 3302 (ἶ
2459 3267 2617 3328 virte,
2656 3266 2954 3321 Gelamium
2989 3269 3173 3337 genuit
3204 3277 3255 3322 et
3290 3246 3636 3324 Pbarocbuni
3665 3281 3816 3341 atque
3843 3268 3975 3322 Zola-

703 3397 716 3406 κ
805 3369 963 3440 igitur
1004 3367 1240 3437 przedicti
1280 3366 1544 3422 sermonis
1579 3363 1746 3418 nostri
1787 3376 1981 3415 cursus
2023 3360 2088 3413 ad
2117 3358 2360 3427 Thorgo—

805 3475 949 3514 mum
980 3460 1272 3523 devenerit,
1305 3458 1547 3526 sequitur
1575 3462 1633 3509 ut
1666 3455 1734 3508 ab
1763 3469 1826 3507 eo
1855 3454 1974 3506 loco
1995 3455 2360 3506 narrationem

806 3565 993 3605 rursus
1019 3551 1383 3603 exnrdiamur.

873 3640 925 3694 I.
977 3639 1020 3692 A
1065 3638 1370 3708 Tliorgomo
1417 3637 1492 3690 ait
1560 3633 1763 3705 (Moses
1817 3634 2180 3695 Charencnsis,
2221 3651 2260 3699 ι,
2304 3633 2362 3704 9)

805 3735 1140 3800 procreatum
1174 3729 1417 3783 llaicum.
1450 3727 1567 3781 Jam
1593 3727 1681 3780 hic
1703 3725 1904 3782 llaicus
1933 3744 1998 3780 ex
2024 3741 2211 3779 eorum
2245 3735 2361 3778 erat

805 3809 1076 3891 gigantum
1127 3837 1354 3875 numero
1404 3823 1495 3890 qui
1543 3820 1850 3889 arrogantia
1897 3817 2085 3871 tumidi
2137 3817 2357 3886 impium

805 3913 1083 3967 consilium
1148 3911 1520 3965 construenda:
1561 3911 1724 3963 turris
1765 3916 2130 3979 pepererunt;
2159 3907 2360 3977 quique

806 4012 928 4070 post
952 4003 1069 4071 ejus
1097 4002 1352 4056 immanis
1375 4000 1584 4055 aadilicii
1613 3999 1824 4052 ruinam
1852 4014 1973 4052 cum
2003 3999 2113 4066 jam
2142 3999 2280 4051 inter
2303 4013 2360 4052 se

805 4105 1025 4163 propter
1079 4095 1379 4163 linguarum
1440 4091 1760 4147 divisionem
1813 4105 1922 4143 non
1976 4091 2356 4159 intelligerent,

807 4186 1060 4255 superbia
1104 4186 1230 4238 elati
1265 4193 1506 4238 mutuum
1546 4183 1880 4236 dominatum
1913 4181 2251 4236 allectabant.
2287 4181 2358 4246 Is,

807 4278 1039 4348 inquam,
1077 4275 1276 4329 llaicus
1337 4275 1461 4330 Belo
1507 4275 1773 4330 obsistere
1821 4290 1989 4329 ausus
2048 4281 2151 4339 est,
2201 4274 2358 4344 cujus

809 4369 1045 4424 studium
1095 4383 1159 4422 co
1211 4367 1486 4436 spectabat
1529 4377 1606 4432 ut,
1662 4369 1878 4422 cunctis
1926 4367 2028 4422 sibi
2078 4367 2356 4434 subjectis,

809 4460 1108 4531 generalem
1156 4461 1491 4530 tyrannidem
1547 4468 1840 4515 exerceret.
1890 4459 1968 4515 Ne
2022 4457 2149 4512 Belo
2198 4460 2360 4528 igitur

809 4551 1200 4621 obtemperaret
1252 4551 1473 4614 llaicus,
1528 4567 1649 4605 cum
1698 4551 1825 4612 ﬁlio,
1874 4565 2031 4620 quem
2091 4547 2358 4618 Babylone

810 4651 1141 4710 susceperat,
1188 4645 1506 4705 Armenaco,
1540 4644 1670 4712 petit
1728 4642 2051 4703 Araratiam,
2102 4641 2356 4695 trecentis

809 4733 940 4788 viris
987 4734 1210 4802 aliisque
1250 4733 1489 4797 advenis,
1520 4734 1607 4802 qui
1637 4748 1693 4785 se
1731 4731 1807 4786 illi
1831 4732 2214 4799 adjunxeraut,
2237 4745 2359 4783 cor-

811 4823 1114 4878 roboratus.
1149 4823 1222 4876 lbi
1254 4837 1378 4898 vero
1415 4822 1479 4874 ad
1524 4823 1725 4876 montis
1773 4822 1984 4874 radices
2024 4819 2355 4872 domicilium

811 4916 1026 4977 excitat,
1077 4915 1238 4983 idque
1294 4899 1415 4968 mox
1465 4916 1750 4968 Armenaci
1807 4914 1914 4966 ﬁlio
1958 4912 2157 4966 Cadmo
2206 4911 2360 4964 attri-

814 5007 1004 5071 buens,
1048 5007 1260 5075 longius
1312 5007 1422 5074 ipse
1481 5020 1796 5074 progressus
1843 5013 1926 5058 est
1972 5005 2035 5056 ad
2082 5003 2355 5071 regionem

815 5096 1101 5165 quamdam
1162 5096 1302 5150 inter
1351 5095 1480 5150 solis
1529 5110 1779 5148 occasum
1842 5103 1894 5146 et
1939 5094 2356 5163 septentrionem

883 5274 991 5343 (15)
1025 5273 1260 5333 Samne.,
1305 5280 1367 5343 ut
1392 5273 1585 5341 cuique
1623 5271 1812 5343 legenti
1845 5278 2075 5343 constat.
2124 5271 2356 5343 priorem

816 5341 1029 5398 Eusebii
1064 5343 1256 5394 librum
1303 5341 1405 5411 li_uc
1435 5352 1604 5410 usque
1634 5342 1687 5394 in
1724 5342 2098 5407 compendium
2137 5342 2354 5411 redegit.

814 5415 982 5469 I‘orro
1013 5427 1133 5463 cum
1164 5412 1300 5463 idem
1326 5409 1688 5463 Romanorum
1723 5411 2073 5481 imperatores
2097 5410 2234 5462 ultra
2259 5409 2360 5481 pri-

816 5499 959 5536 mum
1010 5481 1088 5534 vel
1134 5481 1356 5533 alterum
1399 5484 1663 5535 Caesarem
1715 5496 1821 5532 non
1873 5479 2161 5539 describat,
2218 5479 2356 5536 haud

814 5554 1014 5605 scimus
1045 5566 1108 5601 an
1134 5550 1258 5603 hinc
1280 5554 1470 5605 merito
1498 5552 1906 5618 conjectandum
1937 5550 2028 5611 sit,
2056 5547 2356 5607 Saniuelcm

815 5625 999 5676 nmtilo
1033 5619 1243 5673 Eusebii
1288 5620 1472 5677 codice
1507 5638 1661 5675 usum
1711 5635 1848 5673 esse.

886 5693 996 5760 (14)
1041 5691 1261 5744 [lodices
1303 5690 1502 5762 aliique
1545 5693 1836 5760 scriptorcs
1885 5689 2046 5742 etiam
2075 5735 2087 5756 ,
2140 5694 2358 5748 Aramc'

815 5778 996 5816 nacus.
1233 5792 1242 5802 θ
1303 5812 1311 5818 .

883 5833 992 5900 (is)
1033 5835 1355 5892 Manavazus
1389 5833 1535 5886 liaici
1569 5833 1706 5888 lilius
1731 5873 1745 5897 ,
1786 5833 2066 5888 Arnicnaci
2101 5834 2283 5888 frater.

2459 3359 2624 3413 cium.
2664 3357 2806 3412 Idem
2844 3357 3040 3430 oppida
3071 3361 3178 3415 duo
3222 3362 3273 3415 in
3321 3360 3598 3417 radicibus
3643 3365 3832 3416 montis
3872 3360 3974 3414 fun-

2459 3448 2644 3514 davit,
2677 3451 3008 3520 totidemque
3053 3451 3177 3507 ﬁliis
3222 3469 3335 3508 suis
3376 3453 3656 3507 incolenda
3703 3452 3969 3511 concessit,

2460 3535 2745 3594 Pharoclio
2793 3542 2998 3595 scilicet
3046 3543 3169 3597 forti
3220 3552 3271 3597 et
3320 3543 3538 3599 Zolacio
3581 3543 3843 3606 formoso,
3875 3558 3975 3612 qua:

2460 3631 2672 3698 quidem
2711 3632 2897 3686 borum
2928 3635 3142 3687 nomina
3178 3636 3406 3689 retinent
3437 3634 3786 3690 Paracliotum
3813 3645 3861 3689 et
3887 3635 3972 3688 Ζο-

2459 3719 2736 3774 lacertam.
2791 3721 3017 3777 Montem
3065 3723 3295 3793 denique
3339 3725 3406 3779 de
3453 3742 3554 3780 suo
3603 3729 3818 3782 nomine
3860 3727 3974 3780 dixit

2462 3808 2739 3865 Masisium
2773 3813 2906 3881 (l9).
2950 3813 2998 3867 ls
3063 3829 3184 3867 cum
3214 3815 3370 3868 annis
3401 3826 3654 3884 praterca
3684 3833 3786 3871 non
3809 3816 3972 3886 paucis

2457 3903 2618 3955 vitam
2653 3911 3044 3969 sustentasSet,
3080 3905 3374 3960 Armavira:
3401 3907 3653 3962 decessit.

2527 3994 2581 4048 5.
2621 3993 2894 4050 Gelamius
2925 3995 3155 4051 Amasias
3200 3996 3340 4050 ﬁlius
3387 3996 3637 4053 Ilarmam
3681 3997 3972 4070 procreavit.

2458 4079 2600 4135 Idem
2638 4083 2892 4151 oppidum
2925 4085 2978 4136 in
3009 4100 3101 4138 ora
3145 4085 3296 4140 lacus
3342 4087 3620 4152 condidit,
3661 4096 3971 4155 montemque

2457 4175 2762 4242 proximum
2795 4174 2980 4229 Gelum
3012 4175 3177 4242 dixit,
3209 4177 3392 4230 urbem
3423 4175 3796 4241 Gelacuniam,
3821 4179 3972 4230 lacum

2457 4265 2686 4334 denique
2714 4281 2860 4320 mare
2888 4265 3235 4322 Gelacunium
3267 4268 3398 4339 (ΞΟ).
3425 4269 3666 4323 Gelamio
3699 4269 3832 4323 ﬁlius
3860 4271 3972 4322 alter

2458 4358 2560 4412 fuit
2588 4356 2807 4414 Sisacus
2826 4399 2841 4422 ,
2871 4362 2957 4414 cui
2989 4361 3122 4416 ﬁnes
3149 4362 3370 4416 ditionis
3393 4363 3672 4416 constituit
3703 4363 3766 4416 ab
3788 4379 3848 4416 eo
3871 4363 3970 4415 lacu

2457 4449 2715 4504 orientem
2747 4465 2967 4516 versus,
3001 4467 3105 4522 qua
3148 4449 3266 4505 ﬁuit
3295 4453 3470 4506 amnis
3503 4451 3765 4508 Erascbes
3794 4449 3970 4521 ingenti

2459 4541 2670 4607 agmine
2695 4549 2748 4594 et
2780 4542 3005 4610 strepitu
3036 4543 3089 4596 in
3118 4558 3212 4597 eos
3241 4557 3458 4612 campos
3489 4543 3740 4612 delapsus
3779 4543 3863 4611 qui
3898 4540 3969 4595 di-

2457 4639 2658 4685 cuntur
2689 4632 2996 4688 Clialavazi.
3045 4633 3104 4686 Ei
3149 4634 3352 4703 regioni
3402 4651 3599 4690 nomen
3646 4643 3726 4690 est
3772 4633 3968 4688 Siunia:

2458 4723 2549 4777 sed
2578 4723 2913 4779 commodius
2958 4724 3133 4779 Persa
3177 4725 3363 4779 dicunt
3405 4724 3746 4780 Sisicaniam.
3795 4725 3966 4781 Urbem

2457 4815 2616 4868 etiam
2647 4815 2889 4870 condidit
2919 4815 3212 4870 Gelamiam
3255 4817 3320 4871 de
3363 4831 3463 4870 suo
3504 4819 3722 4872 nomine
3764 4817 3968 4876 dictam,

2457 4922 2578 4976 quae
2605 4914 2790 4976 postea
2821 4908 2886 4961 de
2917 4907 3149 4963 Garnico
3178 4917 3371 4977 nepote
3410 4907 3528 4978 ejus
3567 4905 3763 4964 Garnia
3805 4905 3966 4962 audiit.

2458 4995 2594 5050 Hinc
2657 5006 2808 5051 ortus
2861 5006 2944 5053 est
2993 5000 3297 5054 consecutis
3344 5001 3675 5070 temporibus
3739 4999 3834 5055 sub
3882 4996 3964 5050 Ar-

2460 5098 2678 5144 taxerxe
2696 5088 2934 5145 Varazus
2955 5091 3041 5145 ille
3061 5093 3402 5146 venationum
3427 5091 3710 5162 prail’ectus
3725 5090 3967 5145 Varaznu~

2530 5271 2640 5333 (16)
2680 5273 2848 5326 Aliter
2879 5272 3074 5329 etiam.
3111 5274 3444 5329 Aramaisus.

2529 5342 2640 5408 (17)
2680 5342 2878 5410 Nempe
2906 5344 3155 5397 Araxem.

2530 5415 2640 5482 (I8)
2679 5408 3002 5484 Conl‘eratur
3025 5414 3124 5484 hac
3151 5428 3314 5483 super
3339 5429 3396 5468 re
3423 5413 3670 5484 adagium
3701 5409 3832 5482 apud
3853 5408 3966 5464 Clio-

2458 5497 2740 5536 renensem
2763 5521 2776 5544 ,
2813 5481 2953 5534 Hist.
2990 5499 3040 5545 ι,
3074 5483 3156 5536 11.

2528 5554 2640 5620 (l9)
2682 5551 2835 5604 llunc
2884 5553 3132 5605 immanis
3193 5551 3491 5607 altitudinis
3545 5561 3772 5607 montem
3812 5546 3960 5604 divina

2460 5623 2627 5676 Biblia
2660 5623 2880 5691 alithue
2907 5632 3092 5691 gentes
3120 5623 3307 5676 dicunt
3333 5623 3548 5675 Ararat.

2532 5692 2641 5758 (ἓο)
2685 5691 2796 5743 Iloc
2849 5706 2995 5745 mare
3047 5695 3182 5757 (seu
3219 5694 3439 5758 lacum)
3499 5693 3691 5760 posteri
3741 5691 3957 5743 dixeruu'

2461 5763 2618 5814 etiam
2667 5760 2935 5814 chanium
2973 5763 3038 5815 ab
3074 5761 3249 5816 insula
3281 5761 3506 5816 chania
3531 5803 3544 5827 ,
3579 5763 3664 5817 tibi
3708 5777 3797 5814 arx
3829 5761 3960 5823 raptt

2459 5830 2782 5899 perdifﬁcilis
