4098 6328
203 442 314 498 637
386 440 391 443 ’

901 445 1244 500 SAMUEIJS
1274 447 1590 509 ANIENSIS
1628 446 1961 503 SUM‘MABII
2001 445 2379 503 TEMPORUM
2410 447 2586 501 PARS
2621 447 2661 500 1.

3286 447 3388 502 638

204 560 313 610 nia:
358 555 567 609 familize
603 556 741 609 fons.
775 555 984 611 Harmze
1033 560 1141 611 lilio
1163 558 1437 615 Gelamius
1488 562 1539 613 in
1594 577 1745 614 man-
1776 568 1818 623 Α
1915 560 1967 614 8.
2007 562 2146 615 Araei
2176 562 2334 615 Amo
2363 560 2526 629 geniti
2558 559 2699 612 ﬁlius
2740 559 3094 612 Anusavanus
3131 558 3248 613 fuit.
3290 559 3387 613 Hie

201 649 347 701 datis
398 648 576 708 dedit,
636 657 693 701 ut
746 648 1035 702 Armavirte
1096 649 1395 714 habitaret,
1456 652 1770 719 multisque‘

200 748 327 808 post
359 741 513 791 annis
555 742 854 795 exstinctus
874 750 975 794 est.
1004 740 1197 793 Harma
1221 740 1459 795 Gelamio
1497 744 1707 810 genitus
1726 783 1741 805 ,

199 843 456 899 suscepto
481 831 588 883 lilio
618 832 836 894 Aramo,
871 840 990 900 post
1019 846 1189 885 annos
1220 833 1422 899 aliquot
1449 833 1581 885 obiit

270 924 324 977 6.
366 924 594 976 Aramus
627 921 836 976 Harmre
868 924 1008 976 lilius
1044 938 1135 990 per
1177 922 1301 975 saevi
1346 924 1532 976 martis
1573 934 1743 976 certa-

197 1015 349 1067 mina
378 1030 433 1067 re
464 1029 600 1081 saepe
625 1013 877 1082 praeclare
900 1024 1045 1081 gesta
1071 1014 1326 1065 ditionem
1350 1028 1501 1065 suam
1531 1029 1743 1082 quaqua

196 1118 391 1157 versus
422 1103 658 1171 protulit.
696 1102 784 1153 Ab
832 1102 991 1166 hujus
1041 1101 1254 1153 nomine
1301 1115 1567 1154 consensu
1616 1117 1744 1170 gen-

196 1195 336 1245 tium
394 1194 628 1245 omnium
686 1193 832 1259 regio
886 1199 1067 1243 nostra
1122 1192 1383 1257 appellata
1433 1199 1560 1243 est:
1620 1206 1742 1243 nam

196 1282 373 1336 Crteci
401 1284 616 1351 quidem
648 1282 929 1335 Armenios
953 1321 967 1339 .
1000 1281 1119 1349 Syri
1167 1298 1292 1335 vero
1332 1290 1384 1335 ct
1430 1281 1606 1335 Persa:
1645 1282 1743 1333 Ar-

198 1372 413 1425 nienich
460 1388 560 1426 nos
605 1370 811 1424 dicunt.
858 1371 949 1424 Ille
994 1369 1295 1439 Nycbarum
1346 1371 1548 1424 Madem
1603 1372 1743 1424 bello

196 1463 415 1525 captum
459 1458 523 1510 de
560 1457 728 1511 turris
770 1470 924 1515 muro
953 1457 1252 1526 suspendit.
1284 1458 1538 1512 Eumdem
1572 1459 1741 1514 Ninus

197 1548 500 1602 secundum
528 1564 557 1601 a
587 1564 645 1601 se
672 1549 807 1600 dixit
837 1549 993 1616 eique
1024 1549 1267 1601 diadema
1308 1551 1615 1619 margaritis
1658 1552 1741 1601 in—

196 1638 353 1705 signe
376 1644 587 1705 gestare
612 1637 873 1689 concessit
898 1678 911 1699 ,
940 1637 1152 1689 tametsi
1181 1637 1359 1704 specie
1389 1646 1565 1689 tenus.
1598 1637 1739 1689 Idem

195 1726 513 1782 Barsamum
542 1729 650 1781 vita
681 1729 929 1797 spoliavit
954 1748 965 1782 :
995 1737 1107 1781 tum
1135 1736 1188 1782 et
1215 1730 1447 1781 titanum
1493 1729 1737 1798 Paeapum

195 1819 473 1871 Chalidem
504 1834 533 1870 e
566 1818 972 1872 mediterraneis
995 1820 1297 1878 submovit.
1325 1830 1479 1887 atque
1509 1820 1560 1871 in
1591 1820 1741 1872 insu-

195 1910 307 1963 lam
337 1911 622 1978 quamdam
659 1909 843 1962 Asiani
876 1912 1041 1964 maris
1074 1911 1265 1979 adegit.
1302 1910 1441 1963 Idem
1472 1912 1523 1963 in
1550 1926 1609 1964 ea
1641 1927 1743 1963 me—

195 1999 495 2051 diterranea
517 1999 731 2065 regione
756 1998 1019 2063 Mesacum
1051 2002 1217 2068 stirpe
1246 2015 1343 2053 sua
1370 2008 1546 2052 ortum
1578 2002 1745 2053 collo-

195 2088 374 2149 cavit,
419 2088 508 2155 qui
558 2086 823 2141 Mazacam
875 2089 1152 2148 condidit,
1207 2089 1503 2142 Cmsaream
1559 2098 1745 2157 postea

194 2186 463 2231 vocatam.
513 2178 779 2231 Mandavit
806 2188 1063 2247 praeterea
1095 2190 1248 2232 teme
1275 2179 1393 2248 ejus
1425 2179 1615 2233 incolis
1640 2219 1652 2240 ,
1687 2186 1745 2232 ut

192 2266 489 2323 llaicanam
546 2270 779 2337 linguam
840 2270 1219 2323 addiscerent:
1281 2271 1626 2339 quamobrem
1682 2285 1743 2324 ea

192 2374 351 2429 plaga
377 2358 575 2412 dicitur
600 2378 631 2412 α
662 2358 855 2412 Cra’cis
885 2360 1078 2427 πρώτη
1110 2362 1392 2429 Ἀρμενία,
1422 2362 1623 2415 scilicet
1645 2360 1744 2413 Ar-

192 2450 374 2503 menia
400 2450 592 2518 prima.
639 2448 776 2502 Hinc
818 2451 882 2503 ad
924 2452 1055 2504 lines
1086 2466 1256 2519 usque
1288 2452 1536 2519 proprios
1582 2452 1745 2503 inter-

190 2536 372 2589 media
395 2538 508 2589 loca
531 2538 721 2591 incolis
746 2537 1120 2605 frequentavit,
1141 2554 1258 2607 quae
1280 2540 1547 2600 SCCUHdiB.
1576 2542 1745 2594 tertia:

189 2625 306 2681 imo
331 2636 383 2680 et
410 2639 613 2699 quarta:
638 2628 903 2681 Armenia).
946 2630 1330 2697 appellationes
1379 2639 1540 2683 nacta
1594 2640 1741 2685 sunt.

190 2716 323 2772 Bac
364 2719 429 2772 ad
476 2720 694 2773 verbum
736 2718 909 2773 Moses
953 2721 1083 2789 (21).
1134 2719 1327 2773 Verum
1374 2722 1465 2773 alii
1498 2721 1740 2775 historici

191 2810 411 2871 docent,
428 2825 455 2862 a
480 2812 721 2865 Caesarea
744 2810 1094 2879 Cappadocite
1111 2811 1175 2864 ad
1200 2812 1471 2865 Ponticam
1502 2812 1707 2881 plagam
1728 2853 1740 2875 ,

192 2900 304 2954 dici
334 2901 558 2970 primam
602 2901 955 2965 Armeniam;
1006 2918 1033 2955 a
1083 2901 1255 2957 Ponto
1298 2904 1363 2957 ad
1408 2903 1741 2967 Melitenem,

189 2991 487 3048 secundam
531 2992 880 3056 Armeniam;
917 2992 1040 3045 hinc
1080 2995 1142 3044 ad
1183 2993 1399 3062 Zopbiaa
1436 2996 1599 3058 lines,
1644 3004 1748 3049 ter-

187 3084 323 3137 tiam
346 3082 653 3135 Armeniam
679 3099 693 3135 :
717 3082 910 3136 exinde
936 3082 999 3135 ad
1028 3084 1214 3137 urbem
1248 3084 1540 3155 Martyrum
1572 3088 1746 3155 appel-

189 3172 359 3227 latam
402 3171 510 3239 (ἓξ)
555 3172 608 3225 in
646 3169 849 3226 Alanis:
885 3172 1176 3239 provincia:
1218 3189 1449 3236 occasu,
1495 3186 1738 3245 quartam

186 3263 549 3329 Armeniam;
611 3280 761 3317 suam
834 3264 1065 3333 denique
1120 3266 1486 3335 magnitudine
1544 3269 1740 3338 insigni

188 3354 561 3424 provinciam,
605 3354 870 3409 Armenia:
912 3355 1133 3423 majoris
1174 3357 1388 3410 nomine
1431 3358 1739 3411 distinctam

187 3447 363 3501 voluit
381 3446 511 3517 (25).
532 3445 636 3500 Sed
654 3448 794 3501 enim
822 3448 984 3501 hasce
1002 3448 1298 3502 divisiones
1325 3448 1611 3501 Mauricius
1632 3449 1740 3519 (Ἡ)

188 3536 562 3606 perturbavit,
593 3535 736 3604 quod
767 3536 857 3589 ubi
886 3551 972 3589 res
1004 3536 1139 3589 feret
1184 3537 1437 3589 narrabo.
1478 3538 1738 3601 Aramus,

184 3627 350 3682 Διηεο
376 3625 583 3693 genito,
612 3626 905 3695 longaevam
935 3627 1098 3677 vitam
1132 3625 1363 3694 denique
1390 3628 1598 3678 clausit.

263 3716 315 3769 7.
354 3715 541 3767 Ancus
568 3715 789 3784 pulcher
813 3715 994 3767 Arami
1027 3715 1165 3769 filius
1190 3714 1432 3767 eumdem
1464 3716 1738 3776 honorem,

186 3823 303 3879 quo
350 3815 502 3875 pater
552 3804 774 3859 allectus
823 3806 1033 3869 fuerat,
1088 3820 1116 3855 a
1168 3803 1303 3868 Nino
1352 3805 1548 3856 retulit.
1606 3803 1741 3856 Nino

188 3909 376 3955 autem
410 3898 678 3954 exstincto
702 3939 716 3963 ,
750 3906 995 3967 proterva
1046 3897 1133 3949 illa
1177 3895 1494 3948 Samiramis
1528 3896 1739 3949 Aracum

184 3990 476 4059 cupiditati
505 4004 616 4043 sua:
645 3990 863 4042 minime
891 3989 1271 4058 obsequentem
1301 3989 1438 4041 bello
1462 3999 1741 4056 persecuta

185 4088 277 4136 est
299 4122 310 4143 ,
342 4088 400 4131 ut
431 4080 483 4131 in
518 4094 670 4132 suam
694 4086 1022 4151 potestatem
1056 4078 1352 4147 redigeret,
1388 4077 1478 4145 qui
1526 4078 1739 4129 interim

183 4172 250 4227 in
281 4170 533 4225 conﬂictu
565 4170 757 4224 bellico
785 4172 961 4239 periit.
1006 4169 1210 4222 Exinde
1242 4169 1737 4238 impudenseadem

187 4262 517 4316 Samiramis
556 4262 820 4315 munitum
868 4260 997 4313 illud
1052 4262 1306 4329 oppidum
1349 4260 1616 4325 condidit,
1654 4262 1743 4314 cui

186 4354 259 4409 ad
298 4355 437 4407 hanc
469 4368 639 4421 usque
667 4352 808 4406 diem
840 4360 1018 4405 manet
1048 4353 1332 4419 appellatio
1362 4350 1473 4404 Van
1508 4352 1618 4419 (‘25)
1649 4371 1659 4405 :
1691 4354 1743 4405 in

185 4445 514 4500 Cardosium
553 4453 761 4507 autem,
805 4444 941 4499 Araei
978 4444 1140 4495 lilium
1180 4453 1425 4511 captum,
1468 4443 1605 4497 Arati
1649 4459 1746 4497 no-

1846 652 2202 704 Anusavanus
2222 692 2237 715 ,
2263 651 2352 719 qui
2380 650 2555 703 Sausii
2583 664 2775 702 nomen
2798 650 2900 702 sibi
2928 650 3249 711 vindicavit,
3280 650 3389 702 for-

1847 741 2131 793 titudinem
2184 749 2236 794 et
2280 740 2618 809 prudentiam
2668 754 2726 792 re
2768 738 3034 807 dictisque
3077 739 3389 792 mirabiliter

1845 846 1955 899 prae
1980 847 2040 903 se
2064 831 2225 883 tulit:
2273 830 2410 898 apud
2460 828 2722 882 Zammum
2765 837 2942 883 autem
2987 831 3124 882 miro
3160 830 3389 883 ludibrio

1847 918 2087 995 habitus,
2138 918 2491 987 nihilominus
2533 919 2828 970 amicorum
2875 918 3135 987 przesidiis
3186 929 3389 986 partem

1845 1010 2169 1075 aliquantam
2194 1008 2429 1076 regionis
2458 1016 2659 1060 nostrae
2683 1008 2986 1076 impetravit
3009 1026 3020 1059 :
3051 1024 3174 1060 mox
3197 1016 3251 1060 et
3274 1009 3392 1060 uni—

1843 1112 2071 1150 versam.
2096 1095 2223 1149 Post
2253 1098 2394 1149 hunc
2423 1096 2562 1149 haud
2594 1112 2688 1165 pro
2716 1098 2927 1164 generis
2949 1097 3089 1165 jure,
3119 1098 3208 1150 sed
3235 1105 3390 1165 prout

1845 1188 2070 1256 quisque
2102 1195 2361 1255 tyrannus
2390 1186 2637 1253 potentiae
2662 1186 2867 1239 viribus
2898 1186 3273 1255 praepollebat,
3303 1203 3392 1241 re-

1844 1277 1985 1345 gioni
2032 1284 2233 1329 nostra!
2263 1276 2525 1328 universae
2552 1274 2811 1328 dominati
2842 1283 2967 1327 sunt
2987 1315 3000 1337 ,
3032 1291 3260 1344 quorum
3290 1292 3391 1330 no-

1845 1367 1986 1417 mina
2017 1365 2129 1416 haec
2166 1383 2177 1417 :
2210 1364 2470 1427 Paretus,
2505 1363 2779 1425 Arbocus,
2828 1362 3103 1426 Zav’anus,
3145 1363 3392 1417 Pharna-

1841 1471 1964 1517 ces,
1997 1455 2209 1511 Surius.
2258 1454 2429 1522 Hujus
2474 1459 2627 1506 aetate
2671 1449 2827 1505 Jesus
2874 1452 3003 1505 Navi
3042 1455 3124 1506 vir
3164 1456 3389 1517 caelebs,

1842 1560 2063 1606 sanctus
2086 1561 2138 1607 et
2165 1552 2320 1605 fortis
2340 1564 2461 1604 cum
2480 1548 2809 1603 Cbanances
2834 1547 3152 1601 debellasset
3171 1586 3187 1609 ,
3214 1562 3279 1599 ex
3309 1547 3395 1599 his

1843 1642 2046 1709 aliquot
2070 1643 2267 1712 Agram
2300 1641 2687 1711 profugerunt,
2718 1640 3053 1708 navibusque
3080 1639 3405 1692 conscensis.

1842 1731 2087 1786 Tharsim
2121 1742 2341 1786 tenuere
2362 1770 2375 1794 ,
2406 1746 2523 1799 quae
2553 1746 2640 1783 res
2669 1735 2885 1782 constat
2916 1742 2981 1781 ex
3008 1727 3164 1781 titulo
3191 1727 3391 1779 colum-

1846 1821 1931 1874 nis
1964 1821 2015 1873 in
2066 1820 2247 1873 Africa
2291 1822 2556 1890 inscripto
2595 1820 2743 1873 hisce
2782 1818 2999 1873 verbis:
3032 1836 3049 1868 ι
3073 1814 3287 1870 Josuam
3317 1815 3395 1867 la-

1851 1920 2057 1965 tronem
2091 1909 2354 1979 fugientes
2395 1925 2494 1962 nos
2531 1910 2804 1978 principes
2847 1908 3274 1962 Cbananzeorum
3307 1920 3403 1959 δε·-

1854 2002 1949 2056 des
1994 2003 2098 2055 huc
2137 2001 2512 2054 transtulimus
2558 2000 2688 2068 (26).
2730 1998 2848 2051 »Ει
2873 1999 2939 2052 iis
2968 2013 3109 2052 unus
3156 1994 3394 2050 Cbnidas

1852 2096 2020 2155 multo
2049 2095 2469 2149 honestissimus
2502 2094 2641 2147 inter
2673 2098 2941 2146 nostrates
2967 2089 3273 2144 Armeniam
3316 2098 3405 2142 too.

1851 2187 1987 2239 nuit.
2041 2185 2290 2239 Profecto
2340 2200 2398 2239 re
2434 2184 2618 2238 sedulo
2644 2182 2980 2236 considerata
3009 2187 3218 2248 gentem
3244 2176 3392 2231 Gen-

1849 2276 2093 2329 thuniam
2124 2277 2190 2328 ab
2215 2291 2279 2329 eo
2298 2282 2645 2343 propagatae)
2679 2271 3025 2342 cognovimus
3051 2288 3063 2322 :
3094 2278 3147 2321 et
3175 2267 3388 2336 quidem

1850 2369 2002 2436 origo
2031 2366 2332 2419 Chananaaa
2364 2364 2608 2418 moribus
2650 2364 2825 2432 gentis
2860 2361 3027 2429 ipsius
3056 2358 3383 2427 coarguitur.

1920 2458 1972 2511 9.
2014 2455 2143 2509 Post
2185 2454 2402 2508 Surium
2449 2453 2823 2515 l-lavanacius,
2864 2449 3156 2511 Vastaeus,
3193 2446 3390 2500 llaica-

1798 2558 1799 2561 ‘
1850 2550 1985 2603 eius.
2040 2547 2097 2599 ln
2154 2553 2367 2599 aetatem
2417 2544 2632 2598 Belochi
2666 2542 2776 2611 (2'7)
2827 2540 3111 2594 Haicacius
3158 2537 3391 2607 traditur

1851 2639 2139 2698 incidisse,
2173 2635 2391 2703 fatoque
2419 2633 2737 2704 perfunctus
2784 2634 2838 2686 in
2879 2631 3109 2701 quodam
3152 2631 3389 2684 tumultu

1850 2740 2050 2785 temere
2083 2728 2149 2781 ab
2180 2742 2238 2781 se
2271 2727 2561 2779 concitato.
2596 2722 2770 2778 Secuti
2802 2731 2918 2776 sunt
2948 2721 3219 2774 Ambacus
3239 2758 3253 2781 ,
3284 2719 3391 2771 Ar.

1850 2837 2019 2877 nacus
2039 2860 2054 2885 ,
2089 2819 2383 2881 Savarsus,
2409 2816 2659 2871 Numerus
2685 2856 2699 2881 ,
2730 2816 2993 2869 Varamus
3016 2856 3029 2879 ,
3061 2812 3263 2875 Garus,
3290 2810 3391 2864 Go-

1850 2928 2046 2975 racus,
2102 2909 2379 2971 Rbantus,
2436 2907 2723 2971 Enzacus,
2779 2906 3037 2967 Gelacus,
3091 2903 3386 2966 Hauraeus,

1852 3002 2171 3054 Zarmrerus.
2209 2998 2308 3052 llic
2342 3006 2648 3069 postremus
2678 2998 2804 3050 dum
2850 2996 3065 3049 Priamo
3104 2994 3390 3047 auxiliatur

1851 3107 1881 3146 a
1914 3090 2157 3144 Tautano
2186 3089 2297 3159 (28)
2334 3090 2533 3143 missus
2567 3104 2687 3143 cum
2734 3086 3044 3156 Ethiopum
3085 3086 3320 3138 exercitu
3357 3099 3391 3137 a

1853 3184 2082 3238 fortibus
2114 3181 2314 3236 Graecis
2348 3183 2703 3249 interemptus
2749 3187 2850 3235 est.
2902 3177 3101 3232 Deinde
3139 3176 3389 3243 Perzius,

1842 3274 2028 3328 Davidi
2060 3271 2275 3327 lsraelis
2301 3274 2410 3341 regi
2452 3270 2893 3339 contemporalis.
2925 3268 3059 3321 Tum
3087 3268 3379 3329 Arbunius.

1840 3364 2079 3419 Bazucus
2100 3404 2113 3427 ,
2150 3362 2338 3425 "eius,
2368 3362 2617 3423 Jusacus,
2650 3351 2951 3429 Czepacius,
2994 3359 3340 3413 Sebaeordius
3362 3398 3375 3419 ,

1838 3454 2105 3509 Paraerus.
2129 3453 2227 3507 Hic
2251 3453 2494 3508 Paraerus
2518 3452 2807 3507 Schmordii
2837 3453 2977 3506 filius
2995 3492 3009 3515 ,
3041 3452 3189 3505 [laici
3214 3452 3381 3521 stirpe

1839 3559 2023 3610 ortus,
2072 3547 2213 3601 vires
2261 3562 2382 3599 cum
2432 3545 2673 3599 Varbace
2714 3544 2864 3597 Medo
2908 3543 2974 3597 ad
3022 3542 3393 3611 Sardanapal-x

1840 3641 1949 3692 lum
1975 3653 2140 3707 regno
2166 3636 2502 3706 spoliandum
2532 3636 2759 3690 contulit
2786 3655 2798 3689 :
2825 3635 3169 3704 quamobrem
3196 3634 3380 3688 diade-

1842 3737 1982 3783 mate
2014 3745 2043 3782 a
2073 3727 2309 3783 Varbace
2334 3730 2585 3791 donatus,
2616 3729 2821 3797 primus
2849 3742 2913 3781 ex
2945 3724 3195 3779 Haicanis
3221 3740 3323 3778 cor

1842 3828 2004 3873 natus
2038 3827 2144 3874 (δεῖ.
3186 3872 3193 3875 η,

1914 3911 1999 3962 ll).
2040 3908 2321 3963 Rbaciteus
2347 3907 2538 3961 Parazri
2570 3906 2709 3962 filius
2746 3923 2940 3962 nomen
2974 3905 3206 3960 Rbaciaai
3257 3906 3384 3960 ade-

1845 4008 1967 4069 ptus
2008 4008 2091 4053 est
2133 3999 2199 4052 ab
2248 4000 2529 4053 oculorum
2568 3998 2846 4067 ﬂagrantia
2881 3998 3168 4066 vultusque
3209 3998 3389 4065 splen-

1844 4090 1973 4144 dore
2007 4091 2136 4159 (29).
2169 4089 2341 4158 llujus
2373 4098 2526 4143 aetate
2558 4105 2677 4143 cum
2711 4088 3274 4142 Nabuchodonosorus
3298 4088 3384 4142 Je-

1846 4182 2238 4249 rosolymorum
2264 4183 2408 4235 cives
2433 4182 2483 4233 in
2509 4180 2872 4247 captivitatem
2896 4179 3208 4233 abduxisset
3230 4218 3259 4253 ,1
3276 4180 3399 4247 ipse

1844 4271 2059 4338 quidem
2091 4271 2401 4338 optimatem
2431 4270 2716 4338 quemdam
2747 4285 2777 4323 e
2804 4270 3031 4339 captivis
3058 4268 3254 4323 Judaeis
3290 4285 3389 4323 no-

1848 4362 1991 4415 mine
2026 4359 2407 4415 Scbambatum
2439 4375 2468 4412 a
2497 4360 3021 4415 Nabuchodonosoro
3052 4360 3395 4429 impetravit,

1846 4468 2005 4521 quem
2050 4451 2439 4522 perhonorifice
2484 4452 2623 4521 apud
2658 4466 2715 4505 se
2756 4451 2981 4506 habuit:
3020 4460 3179 4521 atque
3217 4467 3281 4505 ex
3324 4467 3398 4505 eo.

184 4552 319 4591 men
347 4534 644 4589 transtulit.
679 4534 769 4612 Illa
805 4549 926 4586 mox
958 4549 987 4587 a
1018 4533 1302 4586 Zoroastre
1329 4548 1485 4601 mago
1504 4576 1516 4597 ,
1563 4533 1748 4588 Media:
1782 4548 1824 4601 ι)
1850 4559 1981 4612 gens
2009 4542 2329 4611 Bagraumia
2358 4543 2613 4596 manavit.
2640 4540 2815 4607 Quare
2842 4550 2894 4597 ει
2926 4543 3161 4598 sembau
3194 4558 3396 4597 nomen

184 4632 473 4703 principe,
502 4615 641 4684 bello
672 4629 902 4697 appetita
936 4636 1017 4681 est
1050 4648 1060 4680 :
1098 4628 1164 4680 ab
1209 4644 1270 4679 eo
1312 4629 1517 4682 scilicet
1548 4630 1747 4684 Zoroa-

184 4735 344 4785 stre,
377 4721 786 4791 cuilquotannis
830 4720 881 4772 in
926 4718 1232 4772 Armeniam
1275 4722 1543 4777 ventitans
1584 4723 1752 4794 Assyo

185 4828 335 4869 nam
380 4811 666 4882 regendam
708 4812 1072 4881 permittebat.
1120 4810 1174 4863 ld
1216 4811 1411 4865 bellmn
1442 4814 1749 4884 Arreoquo-

185 4921 297 4974 que
335 4903 471 4955 Anci
502 4902 610 4955 lilio
647 4902 805 4957 fatale
836 4902 935 4954 fuit
964 4921 975 4955 :
1008 4901 1135 4971 quin
1176 4909 1229 4955 et
1266 4904 1474 4971 impura
1514 4902 1750 4957 Samira-

184 4994 300 5049 mis
342 4990 481 5059 dum]
518 4989 692 5060 fugam
725 4992 777 5044 in
828 4991 1133 5045 Armeniam
1165 4994 1400 5055 molitur,
1436 4992 1628 5047 Zamzei
1656 4996 1747 5049 ﬁlii

187 5085 276 5141 sui
309 5096 505 5144 manu,
535 5082 625 5150 qui
655 5090 737 5135 est
766 5080 970 5137 Ninuas
991 5123 1004 5145 ,
1040 5084 1317 5137 interfecta
1347 5092 1446 5137 est.

265 5258 385 5326 (at)
430 5257 595 5321 "1.1.,
629 5273 679 5320 ι,
716 5258 897 5312 11-15.
1136 5304 1145 5317 ,

263 5329 383 5395 (2‘2)
425 5327 547 5381 Haec
605 5328 736 5380 urbs
787 5330 1005 5395 antiquo
1057 5328 1270 5381 nomine
1334 5326 1740 5393 A'eplrerorerla,

187 5398 463 5453 hodierno
500 5397 877 5465 MUPharg/Ii".
926 5398 1025 5449 sub
1068 5398 1281 5465 juniore
1308 5395 1609 5452 Theodosio
1640 5401 1744 5451 dici

189 5467 365 5535 vulgo
397 5470 561 5535 cmpit
587 5466 717 5519 Urbs
749 5466 1064 5534 Martyrum.

265 5536 385 5673 (23)
426 5537 675 5612 Aramus.

265 5605 360 5673 (24
424 5606 563 5658 Nhil
594 5608 675 5659 hat

262 5605 382 5673 (24)
424 5606 563 5658 Nhil
594 5608 693 5660 hac
723 5623 882 5675 super
909 5622 962 5658 re
994 5606 1287 5673 posteriore
1321 5609 1371 5657 in
1403 5618 1553 5676 parte.
1584 5608 1741 5661 Sum-

192 5676 361 5729 marii
393 5676 579 5729 scribit
618 5676 829 5732 Samuel
871 5678 935 5729 ad
984 5679 1297 5745 imperantis
1328 5678 1565 5733 Mannicii
1610 5690 1741 5732 leui-

233 5761 358 5798 ora.

174 5762 229 5872 ,Ρ
264 5814 384 5873 125)
428 5812 579 5867 Nunc
608 5812 764 5869 etiam
800 5816 899 5870 ista
936 5816 985 5868 in
1016 5818 1144 5871 urbe
1178 5826 1400 5877 mfguus
1442 5818 1567 5870 Tun
1590 5832 1736 5866 arum

1849 4643 1931 4689 est
1959 4652 1987 4688 a
2021 4634 2359 4690 Schambato.
2385 4634 2514 4689 Post
2543 4634 2847 4689 Rhaciaaum
2881 4637 3121 4690 diadema
3150 4634 3389 4690 Pharna-

1848 4743 1945 4781 vas
1967 4726 2200 4795 [adeptus
2226 4724 2344 4780 est':
2379 4735 2489 4777 tum
2517 4724 2763 4780 Pazazzus
2782 4766 2796 4788 ,
2829 4726 3123 4787 Cornacus,
3154 4724 3390 4792 Pharus,

1850 4784 2119 4871 Haieacus
2140 4857 2153 4878 ,
2185 4814 2497 4879 Ervandus,
2534 4813 2812 4883 Tigranes.

1921 4909 2008 4962 11.
2052 4907 2147 4961 llic
2183 4906 2443 4975 Tigranes
2474 4906 2713 4960 omnium
2743 4906 2834 4974 qui
2868 4906 2968 4959 sibi
3002 4913 3390 4975 praecesserant.

1850 5000 2259 5071 potentissimus
2294 4998 2395 5050 fuit
2424 5016 2435 5051 :
2467 4997 2622 5066 cujus
2649 4998 2955 5065 praestantis
2976 4998 3251 5067 dignitatis
3278 4998 3387 5050 lau-

1848 5092 1942 5143 des
1984 5104 2048 5143 ex
2086 5087 2309 5142 historia
2352 5088 2529 5156 magni
2569 5085 2730 5141 Mosis
2773 5101 3099 5156 cognoscere
3150 5087 3289 5140 licet.
3335 5088 3397 5142 Is.

1852 5271 2065 5329 satrapa
2084 5261 2258 5331 degit.

1920 5332 2028 5399 (‘26)
2081 5330 2209 5383 Rem
2232 5370 2246 5393 ,

1849 5397 2031 5474 narrat
2062 5397 2359 5474 Drowning
2390 5399 2522 5453 Bell.
2559 5398 2724 5452 Vand.
2879 5412 2950 5456 ll,
2994 5399 3091 5458 10,
3124 5397 3383 5449 illustrat-

1847 5488 1950 5539 que
1986 5466 2289 5523 liorhartdé
2319 5466 2471 5535 Geog.
2506 5485 2643 5521 sacr.
2679 5484 2729 5529 l,
2766 5467 2853 5518 ‘24.

1920 5542 2033 5609 (27)
2074 5540 2237 5608 Regis
2265 5540 2631 5609 Assyriorum.

1918 5606 2029 5675 (i8)
2071 5606 2270 5662 Confer
2294 5606 2580 5660 EuScbium
2619 5624 2663 5669 ι,
2704 5606 2785 5669 15,
2818 5606 2942 5665 4,5.

1917 5672 2025 5749 (:29)
2058 5679 2292 5732 Aliorum
2314 5693 2526 5745 quoque
2548 5676 2819 5731 nominum
2845 5680 3020 5729 liceret
3037 5672 3389 5743 etymologias.

1847 5752 2131 5819 plerasque
2166 5750 2368 5815 venari.

2296 5337 2489 5398 praeter
2536 5327 2931 5382 Chorencnsem
2982 5326 3144 5398 Hist,
3182 5342 3229 5386 ι,
3282 5328 3379 5387 18,
