4112 6314
173 389 250 441 641
850 388 1188 446 SAMUELIS
1227 391 1540 447 ANIENSIS
1581 389 1919 448 SUMMARll
1958 392 2338 446 TEMPORUR
2376 393 2552 470 PARS
2592 395 2632 449 l.
3226 399 3331 455 642

171 526 326 571 cturas
348 519 671 587 Apahuniam
694 563 708 584 ,
736 520 1100 577 Manavaziam
1125 531 1179 578 et
1202 523 1548 578 Beznuniam.
1580 524 1676 579 Se-
1703 486 1748 562 A‘
1773 502 2109 570 Stipendia?“
2143 504 2268 555 lacti
2312 512 2456 557 sunt.
2503 505 2731 574 Quippe,
2773 515 2830 559 ut
2859 508 2932 560 ait
2975 487 3328 576 evangelista,
3384 517 3391 523 '

171 605 299 658 lacho
334 617 496 660 autem
535 609 650 661 viro
694 609 885 663 audaci
914 619 966 665 et
999 611 1294 667 fortissimo
1329 613 1459 683 (qui
1492 622 1671 671 utrum
1773 592 2278 683 mm'amiedicwm
2307 607 2335 643 ³
2358 591 2568 647 Cmam
2608 596 2883 661 Αυευδιον
2944 603 3000 648 υι
3028 597 3175 651 orbis
3208 598 3328 650 υηί·

166 690 219 744 de
239 693 387 761 stirpe
412 693 560 749 llaici
590 695 751 750 fuerit
776 713 844 750 an
875 699 1179 769 antiquiore
1206 701 1271 754 de
1300 682 1456 770 gente
1481 702 1671 755 oriun-

1772 695 1962 733 vcrsus
1994 682 2387 736 describeretur
2412 699 2425 733 :
2464 683 2622 750 cujus
2647 684 2718 736 rei
2751 699 2913 736 causa
2941 685 2994 738 in
3018 686 3326 739 Armeniam

166 784 250 836 (ius
299 799 396 837 ηοη
446 795 525 839 εει
585 788 718 841 Sinis
769 789 1141 858 exploratum)
1185 807 1384 859 paucos
1428 793 1672 848 homines
1771 785 1986 839 quoque
2015 781 2232 825 ventum
2250 784 2352 826 est.
2381 773 2454 826 Eo
2479 774 2684 827 scilicet
2708 789 2848 828 anno
2867 775 3123 830 Dominus
3144 784 3327 830 noster

167 878 432 936 concessit,
461 890 691 945 eumque
715 878 881 945 jussit
910 887 1144 934 montem
1191 882 1338 934 illum
1377 883 1515 936 tueri
1562 884 1673 936 hir-
1771 859 2019 930 Deusql‘e
2048 860 2206 915 ³⁸⁵⁸⁵
2229 863 2480 917 Chrisws
2513 880 2542 919 θ
2578 863 2794 933 Virgine
2832 874 2988 921 “3"“5
3015 877 3119 921 θεί-
3159 865 3327 921 PM")

166 978 335 1032 eosque
365 966 600 1020 venando
635 968 905 1023 lacessere
940 989 951 1022 ε
985 985 1215 1040 eumque
1248 974 1505 1042 popuium
1538 974 1672 1028 dixit
1772 953 1858 1005 hic
1897 959 2012 1006 erat
2053 968 2080 1004 a
2120 952 2402 1007 Valarsace
2451 969 2626 1007 annus
2666 957 2909 1010 decimus
2941 957 3201 1024 septimus
3234 973 3324 1012 su—

166 1055 466 1110 seiacunios.
502 1056 556 1112 id
597 1057 754 1112 ofﬁcii
790 1059 1070 1114 Μίδης]πο
1095 1078 1310 1132 quoque
1362 1065 1668 1128 mandavit,
1771 1059 1865 1111 pra
1899 1042 2285 1106 centesimum;
2324 1043 2548 1112 Augusti
2606 1045 2919 1113 imperantis
2957 1049 3226 1102 secundus
3273 1055 3325 1099 rt

163 1161 185 1196 a
207 1161 300 1214 quo
322 1147 627 1202 derivantur
653 1149 1016 1206 Mandacunii.
1047 1150 1290 1223 Cumque
1319 1171 1349 1208 e
1382 1155 1670 1226 Vahagcnii

1770 1134 2242 1203 quadragesimus;
2279 1134 2504 1187 Herodis
2561 1136 2870 1204 alienigena:
2926 1136 3323 1208 Hierosolymo-

163 1239 358 1304 posieris
390 1241 694 1295 sacerdoies
725 1240 941 1296 fecisset
963 1285 975 1306 ,
1004 1253 1214 1313 gentem
1247 1262 1364 1300 eam
1391 1248 1671 1302 vahuni0_
1771 1241 1888 1277 rum
1923 1227 2056 1294 regis
2091 1225 2361 1279 secundus
2401 1239 2563 1292 supra
2619 1226 2983 1291 tricesimum;
3034 1228 3319 1283 Arsacida-

162 1342 258 1380 rum
301 1330 505 1383 nomine
553 1330 825 1385 distinvit.
878 1331 967 1385 Sic
1022 1341 1074 1386 et
1127 1337 1453 1402 Arravenios
1510 1352 1669 1407 atque
1769 1331 1887 1368 mm
1918 1316 2171 1385 denique’
2205 1316 2295 1384 qui
2343 1326 2394 1368 θι
2427 1313 2666 1368 Palmm
2706 1325 2998 1378 νοθθηιυτν
3050 1319 3163 1371 sive
3193 1318 3321 1372 Pe"

161 1418 502 1476 Arebaveuios.
539 1423 676 1476 Tum
707 1435 759 1478 et
789 1424 1116 1481 Sarasanum
1146 1429 1196 1480 in
1233 1428 1484 1483 Sanasari
1517 1431 1670 1482 fami-

1769 1421 1950 1460 sarum
1980 1407 2123 1474 regis
2152 1405 2391 1458 Arsaviri
2426 1413 2541 1457 erat
2573 1406 2860 1458 vicesimus
2903 1408 3128 1474 primus,
3162 1410 3320 1474 cujus

161 1490 437 1575 ﬂamini“,
485 1528 734 1583 magnum
780 1517 900 1581 eius
940 1517 1175 1586 regignis
1218 1521 1496 1586 praisidem
1543 1521 1668 1574 fecit
1768 1496 1983 1564 quidem
2027 1497 2284 1549 vicesimo
2311 1509 2536 1564 regnare
2565 1503 2800 1562 cmperat
2846 1497 2982 1565 apud
3041 1497 3320 1552 Armenios

158 1616 255 1667 qua:
282 1601 412 1656 inter
439 1618 694 1657 occasum
727 1606 1117 1676 meridiemque
1145 1608 1323 1676 jacet,
1356 1611 1513 1679 eique
1545 1628 1669 1680 pro-
1767 1586 2035 1655 Abgams-

159 1691 355 1743 vinciam
399 1693 726 1748 Arznenscm
802 1703 855 1748 et.
900 1694 1157 1760 Taurum,
1200 1715 1389 1767 nempe
1436 1700 1663 1764 Simum,

156 1790 358 1834 montem
384 1824 397 1845 ,
432 1798 751 1853 omnemque
779 1784 1130 1856 leesyriam
1168 1790 1433 1857 permisit.
1467 1789 1665 1842 Eadem

1831 1698 1920 1751 20.
1951 1694 2068 1750 Jam
2103 1713 2132 1749 a
2162 1699 2336 1767 primo
2369 1699 2570 1752 Arsace
2603 1698 2654 1750 hi
2693 1704 2850 1767 regcs'
2885 1697 3150 1751 habentur
3191 1697 3318 1752 Per-

1698 1846 1739 1900 Β
1768 1802 1948 1841 sarum

156 1871 198 1923 in
214 1873 460 1939 provincia
486 1889 608 1926 cum
644 1875 945 1931 Mocensem
976 1879 1258 1947 quemdam
1287 1889 1476 1934 nactus
1502 1890 1663 1945 esset,

156 1961 490 2027 praefecturam
539 1965 703 2017 aliam
754 1965 1020 2032 instituit,
1078 1969 1378 2038 iisdemque
1429 1971 1483 2023 in
1535 1971 1668 2025 locis

153 2051 403 2122 Cordyams
426 2093 441 2116 ,
471 2056 812 2113 Anzevenscs
857 2068 1018 2129 atque
1049 2061 1324 2116 Aceenscs
1361 2061 1663 2116 collocavit.

154 2141 498 2202 Verumtamen
530 2189 544 2211 ,
596 2150 738 2217 quod
771 2152 960 2203 attinet
994 2151 1059 2204 ad
1092 2150 1422 2206 Rhestunios
1451 2159 1505 2206 et
1534 2153 1666 2205 Gol-

154 2236 409 2304 thneuses,
452 2255 572 2308 qua:
603 2246 730 2294 simt
773 2241 1154 2297 Sisacenorum
1196 2244 1448 2307 colonize,
1483 2252 1664 2297 utrum

150 2340 216 2377 eae
242 2330 512 2395 provincia:
561 2347 590 2382 a
638 2331 876 2383 virorum
908 2334 1217 2386 nominibus
1249 2335 1493 2387 vocitata:
1522 2335 1661 2397 sint,

150 2430 207 2468 au
229 2432 255 2470 e
280 2419 665 2487 provinciarum
698 2422 1149 2491 appellationibus
1177 2424 1306 2492 ipsa:
1333 2423 1662 2493 praefecturae

151 2509 339 2562 nomina
361 2511 559 2565 sortitae
587 2513 733 2576 sint,
760 2513 970 2582 ignoro.

1839 1921 1878 1976 Ι.
1905 1924 2131 1975 Arsaces
2155 1919 2328 1974 Fortis
2359 1923 2516 1974 annis
2542 1937 2688 1973 χχχι.

1836 2011 1900 2065 ll.
1931 2012 2155 2064 Artaxes
2195 2012 2351 2064 annis
2379 2027 2520 2064 χινι.

1837 2105 1924 2157 lll.
1959 2106 2186 2158 Arsaces
2211 2101 2430 2171 Magnus
2464 2104 2764 2156 \‘alarsacis
2794 2105 2957 2155 frater
2985 2119 3070 2154 an.
3102 2119 3206 2158 Liv.

1836 2190 1924 2246 ιγ.
1970 2198 2272 2260 Ars-acutius
2297 2195 2452 2247 anuis
2488 2210 2635 2246 χχχι.

1835 2285 1899 2339 ν.
1933 2285 2239 2339 Arsanacus
2273 2286 2430 2339 annis
2461 2301 2585 2340 χχχ.

1835 2376 1920 2427 Vl.
1945 2377 2108 2430 Arses
2129 2376 2286 2428 annis
2318 2392 2409 2428 χχ.

1833 2461 1942 2516 γιι.
1980 2457 2265 2518 Arsavirus
2296 2467 2450 2518 annis
2478 2481 2620 2517 XLVI.

1833 2552 1889 2606 ln
1925 2554 2084 2621 hujus
2115 2552 2425 2606 vicesimum
2456 2555 2682 2619 primum
2713 2568 2908 2604 annum
2936 2554 3134 2606 natalia
3157 2555 3316 2608 Chri-

210 2600 283 2653 l8.
317 2601 556 2657 Profecto
587 2604 746 2672 hujus
776 2607 917 2676 regis
962 2614 1186 2661 cunctas
1220 2607 1420 2676 optime
1450 2607 1660 2662 instruv

149 2701 247 2746 etas
274 2696 676 2750 constitutiones
704 2697 844 2750 haud
881 2706 1034 2750 vacat
1065 2698 1398 2766 perscribere
1419 2699 1444 2762 ,'
1487 2715 1660 2768 neque

144 2784 254 2836 item
273 2787 484 2840 aliorum
505 2788 596 2856 qui
619 2789 698 2840 vel
713 2797 1102 2856 praecesserunt
1121 2792 1199 2843 vel
1215 2791 1492 2862 consecuti
1512 2799 1660 2856 sunt,

149 2888 346 2940 quorum
368 2892 450 2930 res
469 2887 630 2946 gesta:
662 2878 874 2932 abunde
908 2880 1100 2933 litteris
1133 2881 1520 2934 commendatae
1547 2882 1662 2936 fue-

147 2973 274 3030 runt,
315 2955 368 3019 ιὶι
417 2967 664 3036 praesenti
716 2975 894 3022 autem
948 2968 1386 3038 pra‘fccturarum
1424 2978 1660 3023 tantum-

147 3057 284 3108 modo
307 3057 716 3128 descriptionem
753 3062 1021 3130 persecuti
1054 3077 1261 3126 smnus,
1297 3071 1434 3129 quas
1459 3062 1504 3115 si
1535 3062 1658 3129 quis

147 3158 436 3212 cognoscere
481 3160 731 3219 cuperet,
770 3167 862 3205 eas
914 3151 966 3204 in
1012 3161 1259 3220 promptu
1304 3168 1425 3205 cum
1474 3153 1659 3207 multis
1686 3177 1726 3233 ρ

145 3233 250 3289 aliis
270 3237 472 3312 haberet
499 3241 662 3309 regiis
695 3243 1083 3297 sanctionibus.
1113 3244 1190 3296 Ad
1220 3249 1520 3296 extremum
1550 3243 1657 3296 Va-

145 3339 352 3392 iarsaces
394 3344 513 3382 cum
549 3332 705 3384 annis
745 3331 957 3386 duobus
1011 3347 1073 3385 ac
1113 3333 1298 3402 viginti
1348 3343 1657 3403 regnasset,

145 3413 292 3468 Nisibi
321 3417 423 3484 (42)
446 3420 551 3470 vita
575 3419 827 3474 excessit.
1301 3421 1303 3424 ’

204 3506 282 3559 l9.
321 3509 542 3561 Secutus
581 3515 662 3561 est
701 3511 926 3565 Arsaces
961 3511 1102 3565 ﬁlius
1134 3514 1290 3567 annis
1315 3529 1435 3567 χιιι.

205 3599 413 3657 Artaxias
442 3601 659 3654 Arsacis
680 3602 818 3656 lilius
849 3605 1004 3657 annis
1033 3621 1152 3656 xxv.
1181 3605 1276 3657 llic
1299 3606 1503 3657 viribus
1525 3620 1659 3657 cun—

141 3694 244 3742 ctos
267 3690 586 3758 praecellens,-
621 3690 762 3744 haud
789 3707 978 3760 passus
1004 3699 1088 3744 est
1119 3692 1414 3745 secundum
1453 3708 1508 3746 se
1539 3707 1659 3745 esse

143 3793 169 3831 a
195 3793 302 3848 rege
328 3779 639 3846 Persarum;
667 3782 794 3851 quin
844 3781 976 3834 adeo
1025 3781 1306 3836 Persarum
1349 3799 1524 3852 regem
1559 3799 1658 3837 se—

144 3868 296 3922 cundo
337 3869 614 3938 dignitatis
656 3873 821 3940 gradu
865 3872 1088 3933 locavit,
1143 3886 1372 3940 cumque
1416 3873 1656 3925 exercitu

143 3959 398 4014 innumero
456 3963 510 4015 in
575 3963 908 4018 occidentem
968 3977 1285 4032 progressus
1351 3965 1654 4033 complures

141 4057 303 4116 gentes
327 4051 539 4113 devicit,
573 4053 742 4105 donec
763 4067 793 4104 a
823 4053 936 4106 suis
969 4052 1322 4121 interemptus
1353 4059 1455 4105 est.

197 4137 437 4210 Tigranes
466 4142 608 4194 lilius
637 4142 754 4208 ejus
787 4141 943 4196 annis
973 4157 1179 4204 χχχιιι,
1224 4144 1314 4210 qui
1363 4142 1502 4195 haud
1556 4158 1652 4210 pa-

141 4228 240 4282 tria:
293 4230 614 4285 fortitudinis
659 4231 888 4300 degener
943 4234 1100 4286 rebus
1162 4233 1325 4301 gestis
1363 4232 1613 4285 inclaruit
1637 4243 1656 4294 ς’

140 4333 420 4389 quanquam
468 4336 660 4375 rursus
691 4321 747 4372 in
779 4322 1017 4374 secundo
1063 4321 1339 4390 dignitatis
1384 4321 1502 4373 loco
1535 4328 1654 4388 post

139 4406 310 4466 Persas
339 4410 598 4467 consedit.
647 4411 775 4480 Ejus
801 4419 956 4464 aetate
1002 4411 1433 4478 cognoscebatur
1481 4409 1651 4463 Vaico

139 4499 333 4566 quidam
380 4501 551 4564 latro,
601 4515 633 4552 a
670 4515 777 4568 quo
834 4514 988 4551 mons
1021 4497 1404 4552 Vaicuniorum
1456 4514 1648 4552 nomen
1681 4506 1724 4558 D
1820 4515 1908 4566 22.
1945 4516 2117 4582 Atque
2143 4529 2241 4582 ego
2274 4512 2486 4580 quidem
2509 4551 2522 4572 ,
2559 4527 2591 4562 υ
2621 4513 2906 4565 sanctitate
2940 4515 3155 4580 praedite
3201 4514 3300 4566 (ιο-

139 4591 301 4645 traxit.
1752 4604 1895 4656 mine
1946 4603 2018 4654 mi
2069 4601 2289 4669 Gregori
2319 4641 2332 4664 ,
2388 4599 2688 4652 vehementi
2742 4611 2917 4652 vestra
2973 4601 3298 4668 ﬂagitatione

197 4679 506 4736 Artavazdes
527 4679 776 4751 Tigranis
807 4679 946 4735 Illius
982 4680 1138 4732 annis
1173 4694 1229 4734 11-
1749 4693 2059 4761 compulsus
2113 4693 2366 4758 exiguum
2441 4690 2713 4758 ingenimn
2785 4706 2956 4742 meum
3003 4693 3299 4761 rudemque

195 4766 484 4834 Arciatnus,
516 4769 764 4838 idemque
783 4769 1059 4830 Arsamus,
1089 4766 1336 4837 Tigranis
1363 4769 1526 4820 frater
1553 4783 1651 4820 an-

1755 4798 1968 4837 manum
1998 4782 2124 4835 huic
2151 4781 2515 4833 construendo
2559 4782 2708 4847 operi
2761 4779 3004 4839 admovi;
3037 4791 3295 4832 conatus-

141 4857 213 4915 nis
237 4877 300 4915 xx
322 4900 338 4923 ,
379 4862 480 4915 sub
531 4877 638 4930 quo
680 4877 805 4931 pars
831 4863 1207 4916 Armeniorum
1234 4861 1514 4929 vectigalia
1543 4859 1651 4914 Ro-

1755 4888 1853 4941 que
1876 4888 1992 4926 sum
2025 4870 2172 4924 brevi
2216 4870 2377 4938 hujus
2405 4885 2678 4937 corporeae
2705 4869 2824 4921 vitm
2853 4869 3130 4922 intervallo
3175 4873 3296 4938 pul-

139 4951 289 5007 manis
320 4951 546 5022 pendere
571 4953 755 5020 etrapit.
1750 4962 2069 5016 cherrimam
2108 4959 2216 5013 divi
2251 4958 2465 5012 Eusebii
2500 4958 2984 5026 chronographiam
3025 4961 3293 5024 evolvere,

195 5039 421 5110 Abgarus
453 5039 663 5096 Arsami
698 5039 838 5094 ﬁlius
889 5040 1043 5093 annis
1075 5053 1299 5092 xxxvnt.
1351 5036 1522 5106 llujus
1565 5054 1651 5093 re-

1755 5067 1930 5121 quam,
1962 5058 2020 5103 ut
2066 5051 2140 5104 ita
2173 5051 2368 5112 dicam,
2398 5050 2680 5117 exscripsi.
2720 5047 2922 5103 Revera
2953 5057 3012 5102 ut
3045 5052 3294 5104 exorien-

141 5132 325 5193 snamis
348 5145 488 5185 anno
520 5129 760 5184 secundo
790 5129 1026 5184 Armenii
1067 5143 1254 5183 omnes
1285 5128 1650 5183 Romanorum
1749 5143 1817 5195 tis
1863 5141 1992 5194 solis
2024 5139 2161 5193 radii
2212 5137 2512 5194 tenebrosis
2557 5136 2692 5193 locis
2734 5139 2905 5192 lucem
2961 5149 3293 5206 aspergunt,

1762 2647 1831 2699 sti
1885 2641 2234 2706 inciderunt,
2291 2645 2385 2712 qui
2445 2645 2541 2696 fuit
2592 2645 2906 2713 Olympiadis
2957 2647 3315 2714 nonagesimre

1761 2743 1965 2807 quarta:
1999 2749 2162 2806 supra
2191 2737 2539 2789 centesimam
2577 2750 2748 2789 annus
2790 2746 3032 2804 quartus.

1766 2843 1780 2851 ’”
1828 2853 1916 2904 21.
1961 2851 2124 2919 Igitur
2159 2856 2315 2921 prout
2360 2857 2483 2901 ante
2530 2849 2872 2918 promisimus
2913 2849 3171 2903 orationis
3217 2865 3316 2901 no-

1762 2951 1884 2996 stra:
1914 2950 2105 2993 metam
2139 2941 2434 3008 attigimus,
2476 2941 2566 3008 qui
2596 2940 2841 2992 videlicet
2887 2940 2950 2992 ad
3003 2938 3162 2992 Verbi
3221 2939 3312 2994 Dei

1761 3047 1880 3084 cum
1929 3046 2092 3084 carne
2140 3031 2371 3098 copulati
2421 3030 2903 3084 manil‘estationem
2964 3032 3310 3098 devenimus,

1759 3129 1916 3188 capto
1951 3121 2103 3173 initio
2131 3135 2158 3174 a
2187 3121 2361 3188 primo
2403 3120 2622 3172 condito
2674 3120 2908 3182 homine,
2944 3136 3063 3189 quae
3096 3129 3178 3174 est
3213 3137 3310 3173 an-

1761 3225 1948 3262 norum
1994 3224 2489 3262 nmnmcuxxxvm
2523 3211 2835 3278 congeries,
2883 3212 3175 3264 secundum
3223 3211 3311 3263 ln-

1759 3308 2020 3369 terpretes
2052 3299 2396 3369 Septuaginta
2425 3339 2437 3361 ,
2492 3315 2650 3368 quam
2699 3315 2959 3352 summam
2995 3301 3307 3368 singillatim

1758 3393 1831 3443 ita
1858 3393 2271 3460 perscribemus.
2302 3392 2382 3443 Ab
2407 3389 2610 3442 Adamo
2636 3389 2699 3442 ad
2732 3390 2989 3442 diluvium
3016 3395 3307 3443 conticinn-

1759 3492 1848 3535 tur
1876 3485 2000 3536 anni
2031 3496 2302 3536 muccxut.
2343 3482 2386 3533 A
2415 3481 2614 3534 diluvio
2644 3481 2708 3532 ad
2745 3481 2932 3533 turrim
2983 3483 3107 3535 anni
3140 3496 3302 3533 nxxv.

1733 3569 1895 3625 .llinc
1923 3572 1989 3626 ad
2013 3573 2375 3625 Abrahamum
2410 3572 2533 3624 anni
2581 3585 2840 3625 ccccxvu.
2893 3572 2934 3622 A
2989 3571 3190 3624 diluvio
3237 3572 3303 3623 ad

1757 3663 2044 3715 Abrahami
2075 3664 2268 3715 natalia
2300 3664 2423 3715 anni
2448 3677 2738 3733 θεεεοχιιι.
2784 3662 2864 3713 Ab
2899 3663 3202 3715 Abrahamo
3236 3664 3300 3716 ad

1760 3753 1957 3806 lllosem
1983 3769 2366 3822 egressumque
2390 3769 2453 3805 ex
2470 3753 2699 3821 IEgypto
2723 3753 2844 3804 anni
2869 3769 2952 3804 nv.
2975 3753 3052 3803 Ab
3082 3768 3302 3820 egressu

1757 3859 1926 3912 usque
1955 3843 2019 3896 ad
2051 3843 2390 3896 Solomonem
2426 3845 2763 3910 primumque
2800 3843 2976 3908 templi
3017 3841 3302 3893 aedilicium

1757 3933 2206 3992 anniccccuxx.
2239 3931 2282 3982 A
2317 3932 2490 3998 primo
2519 3930 2694 3996 templi
2726 3929 2949 3982 mdilicio
2999 3930 3061 3981 ad
3107 3946 3304 3982 secun-

1755 4021 1880 4073 dum
1911 4022 2034 4072 anni
2059 4037 2168 4073 nxl.
2207 4020 2339 4072 Exin
2367 4020 2429 4071 ad
2459 4018 2661 4072 Christi
2708 4019 2903 4070 natalia
2935 4020 3057 4070 anui
3093 4033 3258 4070 vaut
3286 4038 3298 4069 :

1754 4125 1980 4178 quorum
2012 4123 2218 4163 summa
2269 4108 2320 4160 in
2363 4123 2531 4160 annos
2564 4108 3061 4160 ιιχιιίιιιιοιχχχχνιιι
3085 4121 3303 4160 consur-

1753 4202 1847 4270 git.
1875 4199 2083 4254 Rursus
2108 4214 2138 4251 a
2161 4199 2358 4253 Christi
2390 4199 2657 4252 natalibus
2686 4199 2751 4251 ad
2782 4199 2960 4251 divum
2986 4197 3301 4265 Gregorium

1756 4291 1880 4343 anni
1911 4300 2036 4344 sunt
2063 4303 2238 4343 cccxn
2271 4289 2417 4358 (4'5);
2457 4290 2581 4343 hinc
2617 4297 2792 4342 autem
2822 4289 2886 4341 ad
2925 4304 3084 4342 ieram
3113 4288 3302 4342 Arme-

1754 4380 1964 4433 niorum
1996 4380 2120 4433 anni
2148 4395 2326 4432 (1cm.

172 5281 532 5357 _(i21_Nisibin
561 5284 748 5355 (quam
769 5285 1005 5357 Armenii
1033 5284 1239 5338 Mczbin
1265 5285 1485 5357 dicunt)
1513 5301 1650 5357 con-

141 5348 252 5422 didit
277 5348 624 5418 Valarsaces;
645 5362 704 5407 ut
733 5352 879 5420 regni
909 5354 1062 5407 sedes
1083 5364 1244 5414 esset,
1276 5356 1365 5422 qui
1397 5348 1648 5408 nimirum

142 5416 289 5473 honor
318 5422 369 5474 in
401 5437 464 5474 ea
497 5416 630 5476 urbe
675 5416 870 5474 manisit
909 5422 1064 5476 annis
1106 5416 1321 5476 circiter
1347 5438 1469 5474 cxx.
1505 5423 1649 5476 Con-

143 5491 315 5544 secutis
345 5490 538 5544 deinde
564 5490 894 5558 temporibus
937 5488 1136 5545 Nisibis
1171 5500 1325 5545 terrae
1357 5500 1502 5542 motu
1554 5508 1648 5543 va—

1749 5291 1979 5360 nusidivi
2010 5289 2254 5360 Gregorii
2302 5289 2490 5342 incidit
2540 5289 2594 5360 in
2627 5289 2825 5360 Christi
2859 5302 3063 5360 ann_ttnt_
3099 5301 3291 5360 cccvu.

1747 5356 2284 5414 Nihilominus'cum
2343 5373 2446 5410 a:ra
2533 5357 2908 5410 Armeniorum
2965 5356 3182 5422 incipiat
3229 5357 3293 5410 ab

1749 5445 1888 5482 anno
1919 5443 2044 5481 nun
2073 5470 2088 5492 ,
2148 5428 2236 5480 hic
2304 5436 2479 5479 autem
2519 5443 2548 5479 a
2603 5427 2726 5478 divo
2780 5425 3035 5490 Gregorio
3080 5423 3145 5474 ad
3177 5439 3292 5476 eam

1749 5513 1908 5551 atram
1953 5504 2304 5550 numerentur
2330 5496 2454 5547 anni
2497 5509 2674 5552 ccam,
2707 5509 2895 5545 rursus
2938 5502 3120 5560 patere
3145 5494 3302 5553 vide-_

143 5564 259 5632 {lata
279 5566 380 5624 est,
423 5557 494 5632 i_t_a
524 5568 584 5610 ut
611 5557 856 5632 Abgarus
893 5559 1089 5626 regiam
1130 5575 1278 5632 suam
1315 5560 1651 5632 transtulerit
1749 5575 1836 5620 tur
1887 5567 2067 5620 divum
2112 5563 2424 5632 Gregorium
2482 5563 2716 5616 exordiri
2775 5563 2841 5614 ab
2870 5557 3038 5632 anno
3092 5559 3292 5632 Christi

145 5621 388 5703 Edessam.
428 5625 627 5679 Verum
671 5621 830 5703 h'ujus
868 5621 1149 5680 successor
1202 5629 1526 5703 Saiiatruces
1558 5628 1652 5680 Ni-
1747 5651 1936 5688 cccxu.
1988 5635 2061 5690 De
2100 5621 2296 5689 mendo
2350 5635 2510 5703 igitur
2568 5629 2975 5685 amanuensiqu
3033 5631 3293 5697 suspicari

145 5692 260 5747 sibin
291 5697 640 5749 instauratam
667 5692 812 5765 regni
844 5711 1028 5748 rursus
1063 5699 1393 5765 metropolim
1433 5696 1573 5751 fecit.
1750 5706 1890 5760 licet,

202 5765 294 5834 (ιὸ)
328 5765 490 5833 Atqui
518 5766 571 5819 in
597 5764 748 5834 parte
780 5764 1065 5818 Suiumarii
1099 5767 1262 5820 altera
1304 5769 1506 5835 primus
1555 5782 1648 5819 an-
