4098 6328
189 458 295 516 665

1012 719 1200 759 OLYIIP.
1275 718 1485 758 CHRISTI
1578 718 1702 757 BOI.

1338 796 1391 811 ’κ

984 1101 1460 1113 -ι--σ--ι-

1296 1187 1400 1239 522

1297 1256 1400 1309 525

1298 1325 1402 1379 524

1299 1394 1403 1448 525

1299 1462 1403 1515 526

1299 1531 1405 1585 527

1017 1192 1154 1259 275

261 1323 379 1378 Arii
448 1337 571 1378 cum
642 1324 951 1381 Alexandro

194 1394 489 1450 contentio.
1027 1446 1167 1514 276

261 1824 351 1866 IIIC
400 1823 536 1863 FINIS
583 1822 752 1861 CHRON
759 1821 951 1863 lCORUI

194 1893 404 1935 BUSEBII
438 1892 723 1931 LIBRORUI.

263 1951 463 2002 Sancta
483 1946 721 2018 synodus
735 1943 949 1999 Nicaena
1010 1943 1154 2011 277

196 2018 423 2072 Patrum
475 2012 833 2070 trecentorum
899 2023 953 2068 et
1299 2012 1397 2066 554

194 2085 496 2143 octodecim
518 2084 648 2156 (78).
679 2085 760 2156 54d
770 2082 956 2156 ANicaa.

197 2173 319 2211 nam
367 2150 630 2223 synodum
672 2154 728 2209 S.
757 2153 957 2223 Grego-
1167 2155 1175 2162 “
1302 2150 1407 2223 552

194 2227 306 2281 rius
327 2215 666 2279 et‘l‘iridates
698 2215 958 2294 miserint
1044 2288 1168 2294 LM
1281 2221 1407 2294 ,555

195 2296 429 2383 legatum
459 2309 615 2349 suum
636 2293 954 2348 Aristacem.
1038 2288 1175 2355 2'18

1570 840 1713 921 C0":

1430 970 1439 976 ,
1547 918 1740 964 stanti-

1592 996 1695 1035 “US

1530 1099 1738 1113 —_

1610 1187 1679 1241 45

1610 1256 1678 1309 44

1612 1326 1679 1379 45

1612 1394 1679 1447 46

1612 1464 1682 1515 47

1612 1532 1679 1586 18

1615 1738 1682 1791 19

1610 1808 1681 1861 20

1609 1946 1672 1999 21

1612 2015 1682 2067 22

1612 2152 1683 2205 25

1612 2222 1682 2275 24

1612 2291 1683 2344 25

1614 2359 1682 2411 26

1611 2427 1684 2481 27

1854 717 1999 757 PERS.

1840 839 2009 909 Sapor
2097 838 2308 920 Tirida-
2349 837 2405 892 S.
2423 837 2615 920 Grego-

2428 923 2545 963 1⁸1118

1808 1098 2016 1111 --_
2082 1098 2143 1110 -
2153 1098 2291 1110 _———-
2360 1098 2569 1110 —-——

1885 1183 1957 1238 52

1889 1254 1959 1308 55

1890 1323 1959 1376 54

1890 1393 1959 1446 55

1890 1461 1959 1514 56

1889 1530 1958 1583 57

1888 1737 1956 1791 58

1888 1806 1956 1860 59

1832 1943 1959 2003 ,40

1888 2012 1951 2065 44

1888 2153 1957 2206 42

1888 2223 1957 2276 45

1888 2292 1958 2344 44

1887 2361 1957 2414 45

1887 2429 1957 2483 46

2153 917 2236 964 ιεε

2166 1184 2235 1238 52

2167 1254 2237 1307 55

2167 1322 2235 1375 54
2263 1332 2269 1338 .

2168 1392 2236 1445 55

2167 1462 2235 1514 56

2168 1530 2235 1583 57

2166 1737 2233 1790 58

2164 1806 2235 1859 59

2164 1942 2234 1995 40

2165 2013 2227 2065 41

2165 2150 2234 2203 42

2164 2220 2235 2273 45

2166 2290 2235 2342 44

2166 2359 2235 2411 45

2166 2427 2235 2481 46

2150 718 2276 755 ΔΕΗ.

876 459 1213 515 SAMUELIS
1251 458 1564 514 ANIENSIS
1597 459 1929 515 SUMMARll
1970 458 2347 515 TEMPORUM
2385 432 2562 515 PARS
2600 460 2663 515 ll.

2403 716 2557 756 ΡΔΤΒ.

2442 1182 2508 1236 16

2442 1253 2510 1304 17

2442 1321 2509 1373 18

2443 1390 2508 1443 19

2439 1460 2509 1512 20

2440 1529 2503 1581 24

2439 1736 2509 1789 22

2440 1806 2511 1859 25

2439 1942 2509 1997 24

2439 2012 2509 2067 25

2440 2149 2510 2204 26

2442 2220 2511 2273 27

2440 2288 2511 2343 28

2440 2358 2511 2412 29

2443 2429 2511 2483 50

3272 463 3373 518 666

2697 1457 3219 1529 Hierosolymorum_
3259 1458 3379 1529 ,ορξ-

2628 1542 2825 1597 scopus
2871 1525 3102 1582 Marcius
3125 1544 3140 1588 ;
3190 1525 3384 1597 deinde

2630 1594 2981 1667 Symmachus
3003 1614 3019 1663 ;
3059 1594 3251 1651 deinde
3277 1594 3383 1666 Cy-

2627 1668 2814 1733 rillus',
2863 1666 3016 1736 cujus
3051 1673 3207 1720 astate
3247 1679 3382 1719 crux

2629 1736 2894 1807 apparuit.

2741 1813 2828 1862 ost
2884 1806 3197 1861 vicesimum
3248 1803 3382 1858 Con-

2629 1875 2850 1929 stantini
2879 1891 3076 1930 annum
3099 1873 3227 1929 dicti
3257 1884 3384 1929 sunt

2628 1943 2941 1999 Graecorum
3006 1954 3058 1999 et
3112 1946 3383 1997 Romano-

2628 2029 2747 2067 rum
2776 2027 2950 2082 reges,
2973 2014 3097 2082 quia
3117 2012 3381 2066 Constan-

2627 2083 2858 2152 tinopoli
2880 2087 3258 2153 regnaverunt.

264 2609 324 2664 S.
361 2607 651 2678 Gregorius
674 2621 794 2661 cum
822 2607 879 2659 in
907 2605 1096 2663 Maniae
1125 2618 1342 2674 specum
1378 2604 1713 2671 secessisset,
1749 2605 1960 2675 publice
1989 2606 2257 2661 interdum
2298 2607 2369 2662 ob
2413 2623 2625 2678 gregem
2656 2621 2813 2661 suum
2841 2606 2894 2661 in
2926 2605 3028 2662 ﬁde
3059 2605 3383 2661 confirman-

194 2701 321 2756 dum
355 2699 627 2770 regionem
658 2697 940 2753 invisebat.
978 2696 1173 2753 Verum
1220 2696 1312 2751 ubi
1350 2696 1623 2751 Aristaces
1663 2711 1693 2749 a
1732 2695 1942 2751 Nicaena
1975 2697 2178 2768 synodo
2209 2714 2459 2754 reversus
2495 2706 2598 2763 est,
2648 2700 2735 2753 ille
2776 2698 2888 2767 jam
2927 2697 3128 2753 nemini
3166 2699 3383 2767 conspi-
3438 2718 3443 2723 ο

196 2792 446 2847 ciendum
491 2807 549 2847 se
594 2791 794 2847 dedit:
849 2807 1079 2862 cumque
1129 2791 1496 2860 compluribus
1550 2791 1705 2846 annis
1761 2791 1958 2845 ibidem
2019 2794 2183 2846 vitam
2239 2792 2621 2861 produxisset,
2674 2793 2910 2848 moriens
2968 2793 3183 2847 demum
3246 2792 3385 2846 inter

198 2874 511 2954 angelorum
538 2883 731 2939 choros
756 2883 963 2939 delatus
994 2892 1094 2937 est.
1125 2882 1377 2935 Pastores
1405 2890 1584 2938 autem
1616 2898 1739 2937 cum
1770 2883 1827 2937 S.
1863 2882 2180 2952 Gregorium
2214 2883 2525 2940 defunctum
2555 2883 3050 2954 deprehendissent,
3081 2898 3179 2938 nec
3206 2883 3386 2938 homi-

203 2992 323 3031 nem
357 2976 725 3047 aguovissent,
756 2976 951 3031 ibidem
995 2976 1238 3031 eumdem
1271 2976 1477 3030 tumulo
1512 2977 1919 3031 mandaverunt.
1969 2975 2073 3031 Sed
2104 2977 2317 3032 demum
2361 2978 2543 3032 multis
2582 2986 2705 3047 post
2738 2978 2892 3031 annis
2920 2992 3007 3032 res
3034 2976 3216 3047 divino
3248 2984 3384 3030 nutu
3447 3034 3449 3037 ,

200 3071 468 3140 patefacta
503 3078 586 3127 est
624 3071 865 3127 solitario
906 3070 1145 3136 homini,
1202 3071 1289 3125 cui
1329 3087 1525 3128 nomen
1560 3071 1816 3137 Carnico,
1853 3072 2131 3141 sanctique
2176 3073 2429 3141 reliquiae.
2449 3072 2503 3126 in
2536 3070 2880 3127 Thordanum
2913 3070 3165 3141 oppidum
3199 3070 3387 3125 delatae

198 3174 343 3222 sunt.

1306 3658 1412 3714 557

1309 3728 1412 3782 558

1046 3790 1185 3859 279
1308 3798 1411 3850 559

1308 3867 1412 3919 540

1310 3936 1405 3988 544

1036 3992 1173 4062 '280
1309 4004 1413 4058 542

270 4071 446 4128 Valde
482 4071 672 4127 beatus
700 4069 965 4127 Constan-
1309 4074 1417 4129 545

200 4143 353 4198 tinus
382 4141 452 4196 ad
482 4143 712 4209 quietem
739 4155 965 4199 conces-

166 4243 170 4247 ε
202 4213 273 4267 sit
303 4214 395 4268 die
422 4227 535 4264 χιιι
582 4209 785 4264 mensis
820 4210 963 4278 Maii,

202 4284 295 4352 qui
328 4291 418 4339 est
442 4280 664 4335 Ahecan
701 4278 834 4350 (79}.

155 4682 161 4689 ,
275 4624 501 4680 Sancta:
519 4625 699 4681 crucis
718 4625 972 4681 revelatio
1320 4626 1421 4680 544

204 4693 606 4766 Hierosolymis
621 4733 652 4766 λ
699 4695 978 4766 episcopa-
1320 4697 1423 4751 545

205 4773 325 4827 tum
354 4763 580 4836 gerénto
607 4763 832 4836 Cyrillo.

1048 5117 1173 5189 281
1325 5112 1429 5168 546

284 5687 399 5761 (ῙΒ)
442 5684 575 5761 Haec
606 5680 854 5751 pericope
885 5681 1037 5761 abest
1064 5680 1130 5735 ab
1160 5680 1764 5761 antiquioreexempla-

218 5845 335 5885 esse
362 5818 739 5882 collocandam
772 5821 827 5873 in
856 5834 995 5875 anno
1021 5818 1141 5876 524'.

1615 3659 1685 3712 28

1616 3727 1688 3781 29

1620 3797 1690 3850 50

1621 3866 1681 3919 51

1621 3934 1690 3988 52

1620 4003 1691 4057 55

1620 4072 1689 4127 54

1590 4142 1607 4177 /

1806 3296 2169 3355 NERSEHUS
2207 3300 2364 3357 annis
2392 3315 2466 3355 Ix.

2173 4002 2242 4056 52

2172 4072 2242 4125 55

2394 3468 2777 3532 ARISTACES
2811 3427 2969 3531 annis
3001 3487 3097 3529 vu.

2484 3656 2509 3707 4

2480 3726 2516 3777 2

2482 3795 2516 3847 5

2480 3864 2516 3915 4

2482 3932 2515 3984 5

2481 4002 2514 4053 6

2485 4071 2515 4121 7

1500 4262 1503 4265 ν
1616 4208 2132 4271 CONSTANTIUS.
2207 4206 2564 4263 CONSTANS

2686 4068 2983 4124 Archelaus
3001 4064 3057 4121 S.
3072 4065 3394 4135 Aristacem,

2633 4140 2724 4207 qui
2760 4155 2819 4194 se
2850 4135 3293 4207 reprehenderat,
3338 4138 3394 4192 in

2634 4205 2930 4277 provincia
2962 4205 3161 4275 Zopbia
3200 4207 3397 4261 intere-

1778 4288 1831 4334 et
1886 4277 2409 4335 CONSTANTINUS
2474 4278 2564 4333 ﬁlii
2634 4279 2750 4332 mit.

1783 4348 2122 4404 Constantini
2151 4351 2305 4405 annis
2334 4365 2478 4403 xxnv.

1941 4627 1975 4680 8

1942 4695 1977 4749 9

1898 4914 2249 4970 ORMIZDAS
2286 4906 2443 4971 annis
2477 4929 2557 4970 ιιι.

1947 5116 1975 5167 4

2184 4627 2251 4679 54

2185 4696 2251 4750 55

2190 5115 2258 5169 56

2390 4483 2805 4540 VERTHANES
2833 4484 2989 4541 annis
3023 4501 3109 4540 xv.

2494 4625 2519 4675 4

2491 4693 2526 4745 2

2502 5116 2538 5171 3
2602 5070 2605 5073 ,

2722 5112 3131 5169 Potentissimus
3158 5127 3253 5165 rex
3274 5107 3409 5165 Tiri-

2653 5187 2805 5239 dates
2828 5198 3035 5238 veneno
3066 5181 3167 5235 sibi
3202 5195 3232 5233 a
3262 5182 3405 5234 mili-

2652 5254 2797 5307 tibus
2814 5254 2932 5307 ‘suis
2953 5250 3419 5321 propinatoobiit.

2652 5322 2727 5377 Ex
2754 5338 2815 5375 co
2842 5319 3079 5390 tempore
3111 5335 3196 5390 res
3222 5319 3408 5390 Arme-

2652 5394 2860 5445 niorum
2886 5388 3123 5460 in'pejus
3150 5388 3271 5441 ferri
3298 5402 3409 5443 εω-

2649 5474 2866 5531 perunt.

1943 5682 2053 5751 (79)
2100 5683 2303 5736 Ahemn
2330 5698 2501 5738 nonus
2527 5681 2901 5738 Armeniorum
2929 5680 3162 5749 mensis,
3196 5682 3287 5751 qui
3317 5680 3407 5737 illa

212 5750 648 5823 ﬁ,‘Et'quidem
674 5750 805 5823 mox
845 5752 909 5805 ad
955 5764 1151 5823 annum
1193 5750 1297 5804 590
1340 5752 1602 5805 constabit
1647 5766 1762 5804 eam
1871 5760 2026 5807 rotate
2058 5758 2111 5807 in
2143 5754 2334 5808 Maium
2363 5754 2648 5808 inridebat.
