4098 6328
662 322 759 378 691
1097 367 1100 370 .
1643 319 1981 375 APPENDK
2018 318 2107 372 AD
2146 317 2410 374 EUSEBII
2442 316 2861 387 CIIBONICONI.
3133 373 3140 376 _
3761 317 3846 370 692

744 457 850 514 Per
884 460 1048 515 hosce
1077 459 1192 514 dies
1223 459 1480 514 inclaruit
1511 458 1631 512 falsi
1668 459 1943 529 prophetae
1995 456 2391 512 Saracenorum
2454 455 2848 522 manifestatio,
2875 451 3120 510 Cerintbi
3155 460 3316 522 atque
3353 451 3685 506 Arianorum
3717 468 3844 506 assc-

663 549 782 611 clre,
817 551 905 603 cui
936 566 1130 605 nomen
1161 550 1518 615 Mahumetus,
1549 561 1706 620 gente
1755 551 2060 613 lsniaelitze,
2090 549 2182 602 ﬁlii
2209 548 2422 620 Agaris,
2455 550 2547 618 qui
2573 556 2907 618 praeceptore
2929 553 3169 602 ususest
3197 545 3443 599 solitario
3457 547 3583 597 viro
3614 544 3846 613 quodam,

656 639 884 701 nomine
916 639 1160 703 Bechira,
1191 652 1335 695 secta
1365 642 1585 702 Ariano,
1624 641 1774 695 Sinai
1803 641 2001 695 deserti
2044 639 2218 693 incola
2260 655 2272 690 :
2305 655 2465 707 quem
2495 639 2553 692 in
2593 639 2768 693 locum
2800 637 3050 692 videlicet
3077 633 3408 690 conﬂuentes
3447 633 3732 689 Ismaelitte
3759 648 3843 685 nu-

657 716 813 784 mero
846 731 991 784 aucti
1015 738 1161 796 sunt,
1189 747 1254 787 ex
1281 746 1387 802 quo
1418 740 1660 802 tempore
1689 729 1822 786 Sara
1851 731 2101 784 ancillam
2139 745 2293 784 suam
2320 730 2549 799 Agarem
2578 728 2803 799 expulit.

733 846 1095 904 Constantino
1124 849 1354 903 lleraclii
1417 849 1528 902 ﬁlio
1576 859 1834 920 regnante
1886 855 2043 918 capta
2074 863 2103 901 a
2133 833 2423 902 Saracenis
2497 846 2716 906 Devina.
2759 853 2821 900 ut
2848 846 3066 916 quidam
3110 846 3186 898 ait
3220 845 3534 907 historicus,
3583 841 3843 897 interfecta

666 947 798 992 sunt
824 939 962 994 festo
992 942 1077 994 die
1107 939 1418 1010 Epiphania:
1448 940 1502 993 in
1538 938 1722 994 Sancti
1758 939 1928 1010 Sergii
1956 940 2068 994 aede
2101 939 2388 993 duodecim
2417 938 2587 990 millia
2617 938 2914 1001 hominum,
2942 937 3014 990 ita
3049 945 3107 989 ut
3129 949 3393 990 caesorum
3418 937 3684 1006 sanguine
3712 947 3844 987 saera

664 1044 848 1084 mensa
863 1039 914 1085 et
933 1033 1268 1100 baptismatis
1300 1032 1420 1086 fons
1447 1031 1816 1085 redundarent
1851 1051 1863 1085 :
1900 1033 2130 1087 abducta
2157 1045 2288 1088 vero
2311 1031 2364 1082 in
2387 1031 2753 1099 captivitatem
2777 1038 2903 1082 sunt
2932 1031 3051 1098 plus
3079 1029 3296 1100 triginta
3318 1029 3558 1098 quinque
3593 1027 3842 1082 hominum

663 1122 855 1178 millia.
898 1124 1018 1178 Mox
1049 1141 1279 1194 corpora
1307 1141 1514 1188 eorum,
1549 1126 1640 1194 qui
1682 1126 1784 1181 hoc
1818 1127 1958 1180 bello
1987 1125 2316 1190 ceciderant,
2350 1125 2567 1198 collegit
2607 1124 2804 1179 Ncrses
2848 1125 3179 1192 patriarcha,
3215 1133 3375 1194 atque
3404 1125 3460 1177 in
3501 1123 3689 1178 eadem
3714 1136 3842 1174 sacra

660 1210 795 1274 aede,
823 1228 985 1282 quam
1015 1214 1224 1276 refecit,
1257 1215 1569 1268 collocanda
1591 1215 1821 1268 curavit.

729 1324 981 1392 Jamvero
1010 1326 1342 1384 lsmaelitica:
1372 1331 1547 1402 gentis
1571 1345 1666 1384 rex
1695 1328 1882 1384 eadem
1909 1326 1962 1382 in
1994 1327 2129 1382 urbe
2169 1326 2347 1382 sedem
2381 1326 2528 1390 ﬁxit;
2560 1326 2768 1396 primus
2798 1325 3020 1397 quidem
3053 1327 3268 1381 nomine
3291 1325 3642 1392 Cbalartbus,
3672 1325 3736 1381 de
3753 1340 3843 1395 quo

659 1419 977 1487 vaticinium
1011 1434 1163 1473 sacra
1195 1420 1368 1475 Biblia
1398 1423 1728 1480 cccinerant,
1765 1420 1878 1474 fore
1924 1421 2132 1475 scilicet
2162 1430 2219 1474 ut
2250 1418 2639 1473 Chalartalabii
2669 1418 2788 1488 (25)
2818 1421 3049 1490 populus
3081 1417 3289 1489 gladios
3316 1433 3446 1474 suos
3473 1434 3671 1473 cruore
3716 1426 3842 1472 satu-

659 1521 827 1589 raret.
861 1512 960 1569 Hic
983 1527 1106 1570 octo
1160 1525 1281 1586 post
1318 1533 1490 1580 annos
1520 1517 1651 1570 obiit
1688 1532 1700 1569 :
1734 1517 2111 1587 successitque
2151 1517 2460 1573 Amaranus
2491 1518 2655 1572 annis
2696 1533 2796 1572 xu.
2837 1517 2942 1573 Sed
3000 1519 3144 1574 enim
3177 1518 3266 1573 ille
3304 1515 3632 1573 Cbalarthus
3674 1516 3843 1571 Dama-

669 1621 820 1659 scum
850 1623 1022 1674 usque
1050 1624 1370 1677 progressus
1397 1609 1590 1668 fuerat,
1614 1616 1666 1662 et
1692 1608 1745 1662 in
1777 1608 2160 1677 Mes0potamia
2192 1607 2436 1662 Amidam
2462 1609 2648 1664 urbem
2672 1609 2881 1662 inﬁnita
2905 1609 3205 1678 direptione
3233 1616 3559 1663 vastaverat.
3583 1608 3718 1662 Exin
3749 1616 3842 1662 tres

656 1697 825 1753 duces
856 1699 1021 1752 alium
1052 1701 1159 1752 alio
1193 1701 1504 1763 dimiserat;
1538 1703 1591 1756 in
1610 1701 1826 1756 Graecas
1856 1701 2072 1770 quidem
2101 1702 2409 1770 provincias
2452 1700 2629 1757 Jalum
2664 1703 2777 1774 (24)
2796 1719 2891 1758 seu
2932 1701 3156 1768 Joelem,
3190 1703 3281 1773 qui
3311 1701 3622 1756 Graecorum
3654 1712 3844 1772 septua-

656 1789 807 1858 ginta
832 1790 1002 1843 millia
1039 1793 1262 1858 cecidit;
1295 1794 1345 1846 in
1370 1793 1646 1848 Persidem
1681 1809 1808 1848 vero
1840 1791 2166 1848 Othmanum
2194 1794 2431 1850 Amiram
2468 1795 2516 1849 Μ
2534 1789 2868 1865 aviazumque
2893 1796 3172 1858 coniarum
3203 1795 3417 1859 ducem,
3449 1796 3540 1866 qui
3574 1795 3845 1851 debellare-

657 1890 788 1936 runt
814 1882 1176 1952 viginti'mille
1206 1885 1464 1956 Myrdatis
1497 1887 1718 1949 milites,
1752 1887 1989 1955 itemque
2020 1885 2401 1940 Armeniorum
2438 1887 2632 1940 ducem
2681 1887 2938 1942 Musaeum
2970 1903 3090 1942 cum
3122 1888 3238 1943 suis
3262 1888 3536 1958 equitibus
3566 1905 3581 1941 :
3613 1897 3767 1957 atque
3784 1885 3844 1938 ita

656 1972 885 2043 contigit
917 1972 1282 2040 utArmeniis,
1313 1973 1511 2038 Persis,
1554 1976 1723 2045 Syris,
1761 1974 2270 2046 EgyptiisLMedis,
2306 1974 2524 2030 Parthis
2556 1985 2611 2030 et
2639 1975 2943 2033 Palasstinis
2966 1979 3290 2048 potirentur.

724 2086 846 2142 Jam
876 2081 1062 2151 causa,
1093 2091 1440 2160 quamobrem
1472 2092 1525 2145 hi
1553 2092 1832 2147 consecuti
1858 2099 1988 2146 sunt
2016 2090 2376 2154 dominatum,
2408 2091 2676 2157 ejusmodi
2703 2091 2802 2146 fuit
2833 2113 2846 2147 :
2874 2093 3135 2163 Princeps
3167 2095 3382 2164 quidam
3414 2094 3755 2150 Damascena:
3778 2107 3846 2145 re-

653 2180 831 2248 gionis
863 2179 1084 2249 Sergius
1119 2181 1258 2235 haud
1304 2181 1513 2236 modica
1562 2198 1620 2236 re
1662 2191 1992 2236 mercatores
2018 2181 2365 2236 Ismaeliticos
2409 2181 2675 2250 spoliabat
2700 2200 2712 2236 :
2741 2182 3069 2238 Chalarthus
3105 2192 3304 2247 autem,
3334 2200 3460 2238 cum
3492 2199 3633 2252 saepe
3669 2184 3733 2238 de
3772 2182 3842 2235 his

658 2271 874 2342 injuriis
905 2276 1322 2343 expostulasset,
1359 2291 1457 2330 nec
1488 2277 1576 2328 ille
1596 2276 1663 2328 ab
1684 2276 1898 2345 ingenio
1931 2273 2248 2335 decederet,
2289 2274 2356 2327 ad
2381 2283 2685 2330 extremum
2719 2277 2964 2332 collectis
2985 2275 3165 2347 gentis
3188 2292 3300 2332 suae
3328 2277 3673 2346 pedestribus
3699 2289 3842 2346 eque-

656 2363 970 2433 stribusque
1001 2363 1174 2432 e0piis
1211 2372 1293 2416 ter
1322 2364 1730 2433 impressionem
1768 2365 1822 2416 in
1845 2364 2056 2417 hostem
2088 2361 2235 2425 fecit,
2270 2378 2448 2432 neque
2471 2379 2527 2417 re
2552 2379 2649 2418 sua
2674 2373 2883 2420 tantum
2906 2367 3110 2436 potitus
3131 2372 3234 2430 est,
3262 2383 3446 2422 verum
3473 2369 3636 2423 etiam
3652 2367 3840 2428 aliena:

655 2469 829 2525 qxare
855 2465 910 2510 et
935 2455 989 2508 in
1021 2455 1332 2509 Armeniam
1357 2456 1590 2518 delatus,
1623 2456 1671 2508 vi
1711 2456 2013 2509 conabatur
2034 2455 2344 2524 religiosam
2370 2456 2670 2510 incolarum
2708 2456 2868 2512 ﬁdem
2899 2457 3231 2513 subvertere.

727 2569 994 2626 Praeterea
1025 2569 1423 2627 lsmaelitarum
1457 2586 1549 2625 rex
1583 2570 1877 2638 prmdictus
1909 2569 2317 2638 conspirantem
2353 2583 2538 2623 secum
2579 2578 2773 2624 nactus
2802 2577 2887 2626 est
2917 2571 3202 2639 quemdam
3234 2573 3453 2626 nomine
3500 2571 3838 2626 Mahumetum

651 2661 1036 2737 ﬁgyptiorum
1083 2673 1445 2720 mercatorum
1469 2665 1787 2732 principem.
1821 2662 1920 2717 llic
1954 2664 2133 2732 legum
2159 2659 2515 2717 Mosaicarum
2554 2663 2762 2719 modice
2795 2666 3023 2734 peritus,
3059 2667 3154 2721 sed
3190 2667 3303 2720 Arii
3331 2665 3680 2738 Cerinthique
3701 2677 3844 2721 secta:

655 2757 928 2818 addictus,
955 2757 1046 2826 qui
1071 2771 1294 2825 regnum
1329 2755 1591 2809 cmlorum
1627 2769 1945 2822 corporequ
1975 2769 2100 2808 esse
2143 2753 2374 2816 dicebat,
2409 2755 2463 2808 in
2510 2770 2618 2824 quo
2647 2756 2856 2811 scilicet
2893 2755 3178 2812 terrestris
3207 2759 3363 2812 cibus
3395 2760 3601 2815 ventris
3641 2761 3839 2824 inesset,

657 2850 892 2918 itemque
919 2850 1252 2902 connubium
1282 2855 1403 2917 post
1427 2847 1900 2899 resurrectionem.
1928 2844 2074 2899 Idem
2109 2847 2253 2915 leges
2287 2848 2428 2901 inter
2457 2862 2515 2901 se
2547 2848 2854 2902 contrarias
2882 2849 3089 2913 docuit,
3120 2851 3340 2918 antiqua
3392 2852 3596 2906 scilicet
3639 2860 3691 2906 et
3722 2867 3840 2904 nova

605 2987 617 3002 .
651 2949 874 3003 statuta,
899 2939 1136 2995 absurda
1160 2940 1581 2993 comminisccns
1633 2946 1796 3007 atque
1831 2939 2122 2992 insolentia
2162 2939 2484 3009 pradicaus,
2524 2941 2797 3010 nimisque
2831 2942 3171 3012 impudenter
3202 2943 3378 2999 fmdus
3414 2944 3540 2998 illud
3572 2944 3840 2998 Abrahami

647 3047 1032 3103 corrumpens,
1063 3047 1172 3102 quo
1202 3014 1414 3100 ju'ssum
1451 3039 1533 3085 est
1570 3049 1585 3085 :
1626 3050 1643 3081 ι
1682 3022 1882 3085 Marem
1924 3047 2138 3086 omnem
2187 3032 2331 3102 apud
2362 3049 2459 3086 vos
2482 3033 2886 3093 circumcidetis
2911 3045 3102 3088 octava
3133 3035 3219 3089 die
3245 3034 3452 3104 (Cenes.
3489 3052 3668 3098 xxxw,
3697 3037 3791 3102 i5):
3819 3054 3834 3084 ι

648 3130 767 3200 ipse
794 3137 970 3185 autem
1002 3145 1111 3182 non
1137 3142 1315 3182 mares
1333 3134 1562 3190 tantum,
1591 3142 1777 3181 verum
1802 3127 1985 3193 etiam,
2017 3127 2152 3196 proli
2178 3127 2382 3196 pudor“!
2416 3127 2655 3181 femellas
2686 3146 2698 3180 :
2726 3128 3067 3197 signaculum
3101 3127 3362 3202 Dominici
3392 3129 3612 3184 foederis
3633 3131 3836 3183 violatis.

649 3221 851 3278 Statuit
880 3223 1103 3292 insuper
1133 3231 1191 3274 ut
1220 3236 1357 3290 aqua
1392 3229 1602 3274 tantum
1629 3220 1737 3291 ('25)
1761 3221 2006 3274 lavarent
2031 3229 2292 3290 perpetuo
2315 3222 2367 3275 in
2399 3210 2546 3274 fonte
2568 3222 2910 3292 baptismatis
2942 3243 2956 3276 :
2983 3224 3288 3294 multasque
3309 3232 3564 3292 praeterea
3595 3222 3839 3278 absurdas

645 3318 916 3387 ejusmodi
949 3328 1001 3372 et
1033 3319 1255 3370 insanas
1283 3318 1505 3385 risuque
1529 3316 1722 3384 dignas
1745 3315 2171 3370 consuetudines
2203 3315 2408 3370 docuit.

718 3435 875 3492 nunc
909 3435 1276 3490 Mahumetum
1345 3452 1468 3489 cum
1524 3435 1627 3490 sibi
1675 3435 2037 3505 legislatorcm
2065 3444 2119 3489 et
2148 3436 2427 3489 oraculum
2484 3438 2871 3507 copiarumque
2927 3437 3116 3491 ducem
3177 3434 3432 3490 Saraceni
3501 3433 3842 3505 przefecissent

646 3529 810 3606 annis
839 3545 931 3587 xx.
965 3543 1179 3582 summo
1210 3527 1422 3582 excidio
1487 3526 1896 3580 dcbellaverunt
1952 3526 2307 3590 Beznuniam,
2365 3526 2699 3580 Aleovidiam
2743 3536 2906 3597 atque
2941 3512 3230 3580 Taroniam
3261 3526 3396 3597 (26).
3429 3526 3736 3595 Quanquam
3759 3537 3839 3592 po-

649 3631 858 3680 stremo
886 3622 1230 3678 Mahumetus
1260 3639 1384 3676 cum
1419 3621 1602 3675 ﬁdeles
1633 3622 1981 3676 obluctantes
2011 3629 2172 3675 secta:
2206 3636 2318 3675 sum
2345 3625 2711 3691 cognovisset,
2741 3621 2918 3676 edicto
2941 3623 3149 3691 copiam
3182 3620 3310 3675 fecit
3339 3621 3659 3675 nominatim
3681 3620 3841 3672 Arme-

646 3719 822 3776 niacis
847 3717 1143 3786 provinciis
1172 3717 1484 3772 Christiano
1516 3717 1623 3769 ritu
1654 3718 1861 3780 utendi,
1893 3725 2076 3785 atque,
2110 3725 2168 3770 ut
2207 3717 2280 3770 ita
2303 3715 2501 3779 dicam,
2540 3718 2858 3788 religionem
2890 3732 3052 3786 quam
3097 3717 3448 3771 sectabantur
3479 3713 3676 3769 eisdem
3726 3726 3838 3766 ven-

646 3815 808 3876 didit,
838 3829 897 3868 ve
942 3813 1083 3882 'Jgali
1112 3802 1393 3879 imperato,
1429 3828 1620 3882 nempe
1646 3821 1704 3865 ut
1729 3811 1942 3867 familia:
1963 3811 2190 3880 singula:
2216 3821 2454 3880 quatuor
2484 3829 2759 3877 nummos,
2787 3813 2997 3866 modios
3022 3811 3296 3866 aridorum
3329 3819 3459 3872 tres,
3492 3812 3836 3880 hippoperam,

643 3905 1030 3973 cilicinunque
1062 3905 1238 3957 limem
1274 3905 1663 3972 persolverent.
1692 3902 1866 3972 llujus
1909 3913 2089 3957 tamen
2130 3904 2317 3957 tributi
2350 3903 2686 3958 immunibus
2717 3918 2842 3957 esse
2866 3901 3140 3957 concessit
3168 3902 3561 3965 sacerdotibus,
3593 3901 3837 3957 nobilibus

643 4007 702 4055 et
729 3998 1020 4067 equitibus.
1053 3997 1225 4065 Atque
1255 3996 1530 4058 Saraceni,
1594 4010 1854 4066 posquam
1888 3995 2109 4065 prolatis
2141 3995 2354 4065 imperii
2385 3993 2583 4049 ﬁnibus
2630 3995 2870 4066 omnium
2905 3994 3061 4062 potiti
3087 4002 3233 4052 sunt.
3269 3992 3375 4046 dici
3409 4001 3686 4063 cmperunt
3711 3987 3839 4043 Anii-

645 4091 940 4147 ralmunmi
966 4092 1100 4159 ('27).
1127 4088 1244 4142 Jam
1272 4098 1393 4160 post
1434 4089 1727 4143 Mahumeti
1769 4104 1943 4145 annos
1998 4105 2067 4142 xx
2098 4087 2232 4158 (28),
2280 4087 2544 4142 dominati
2589 4093 2718 4142 sunt
2766 4069 3171 4148 Abubecbirus,
3202 4081 3506 4142 Otbmanus
3534 4091 3588 4138 et
3631 4081 3836 4138 Omarus

644 4197 806 4237 annis
837 4198 1064 4237 XXXVIII.

723 4295 831 4350 Hac
862 4304 1184 4365 tempestate
1211 4297 1496 4366 imperium
1552 4310 1767 4363 quoque.
1819 4295 2126 4356 Persarum,
2163 4294 2308 4364 quod
2351 4293 2634 4348 dicebatur
2686 4289 3104 4353 Sasanidarum,
3141 4289 3411 4344 sublatum
3444 4295 3548 4353 est,
3578 4295 3834 4357 postquam

644 4391 804 4457 annis
837 4405 996 4444 ccccx
1029 4397 1465 4458 perseveraverat
1495 4407 1506 4441 :
1541 4387 1818 4442 Persicum
1864 4398 2041 4441 autem
2066 4396 2336 4457 sceptrum
2391 4397 2649 4455 ceperunt
2689 4384 2968 4448 Saraceni,
2996 4380 3088 4453 qui
3111 4381 3238 4436 dicti
3276 4386 3401 4435 sunt
3429 4374 3832 4433 Amiralmumni.

1635 4562 2153 4643 SARACENQRUM
2190 4559 2679 4635 AillRALMUMNI
2712 4560 2843 4632 (29).

716 4744 1053 4806 Mahumetus
1109 4746 1268 4799 annis
1328 4741 1844 4807 xx;Abubechirus
1890 4739 2050 4794 anuis
2100 4755 2236 4803 vui;
2279 4735 2583 4791 0thmanus
2633 4737 2791 4789 annis
2838 4750 2909 4801 x;
2959 4735 3196 4792 Omarus
3249 4734 3408 4791 annis
3457 4750 3568 4801 xx;
3609 4730 3832 4788 Maricas

641 4821 804 4897 Iunis
829 4857 969 4906 xxu;
994 4841 1284 4895 Meruanus
1319 4825 1462 4892 anno
1495 4854 1508 4889 I
1535 4854 1549 4901 ;
1576 4834 1818 4894 Jezithus
1854 4836 2012 4889 annis
2038 4851 2132 4899 Ill;
2176 4813 2618 4887 Abdelmelichus
2653 4831 2824 4885 annis
2869 4845 3019 4898 nu;
3048 4827 3489 4887 Yelithus-annis
3514 4846 3602 4896 tv;
3633 4830 3832 4884 Omarus

642 4937 804 4992 annis
849 4917 918 5002 il;
971 4936 1197 4990 Ezithus
1252 4934 1412 4988 annis
1460 4947 1547 4997 VI;
1578 4930 1915 4986 Heschemus
1973 4930 2131 4986 annis
2191 4945 2322 4986 xux:
2393 4927 2640 4982 Velithus
2688 4940 2830 4979 anno
2860 4939 2915 5001 t;
2962 4924 3252 4981 Meruanus
3304 4925 3463 4980 annis
3510 4942 3645 4992 \‘lll;
3691 4918 3832 4976 Abdla

641 5032 803 5085 Iunis
828 5045 976 5092 nu;
1011 5029 1372 5082 Abdelazizus
1407 5025 1567 5078 annis
1619 5041 1712 5090 Ill;
1759 5024 1968 5078 Mahdis
2000 5024 2158 5078 annis
2199 5039 2276 5087 Ix;
2318 5021 2488 5076 Musis
2540 5021 2697 5075 annis
2739 5036 2808 5084 x;
2844 5019 3098 5079 Harunus
3152 5023 3310 5075 annis
3338 5019 3527 5085 'uur;
3562 5002 3834 5073 Mahmews

642 5124 805 5178 annis
830 5139 894 5187 νς
931 5120 1239 5173 Maimunus
1266 5118 1423 5169 annis
1455 5131 1641 5183 xxru;
1673 5114 2045 5192 lbeniiieretiis
2071 5114 2233 5185 annis
2269 5128 2356 5179 Ix;
2398 5112 2655 5166 Harunus
2679 5112 2839 5180 annis
2861 5124 3036 5178 xvm;
3055 5108 3350 5180 Ciaphares
3371 5111 3530 5164 annis
3559 5125 3633 5163 χι.
3657 5105 3832 5161 Horum

643 5214 905 5280 memoria
935 5212 1236 5282 perditione
1263 5209 1548 5264 obruatur.

713 5412 1079 5483 (9.3)Chalirth
1101 5410 1432 5464 dicunturab
1457 5409 1724 5483 Armeniis
1743 5420 1881 5483 exta.
1902 5405 2011 5483 Hoc
2030 5415 2206 5483 autem
2526 5401 2774 5483 [laesum
2801 5403 3178 5483 Armeniorum
3209 5402 3522 5483 provinciae.

640 5473 764 5539 loco
789 5473 928 5536 haud
963 5483 1167 5535 scimus
1193 5493 1370 5532 utrum
1400 5482 1794 5548 respiciendum
1835 5481 1904 5531 sit
1946 5479 2009 5529 ad
2050 5477 2201 5529 lleut.
2329 5545 2337 5548 Α
2371 5473 2758 5548 (ᾍἹλϐοόίρςξε
2803 5476 3008 5548 partim
3051 5474 3685 5548 Amirimumui_;_partim
3723 5476 3829 5524 vero

641 5568 838 5614 xum,
866 5553 954 5614 49,
995 5566 1059 5603 an
1092 5553 1154 5611 ad
1190 5549 1421 5602 llierem.
1455 5543 1598 5605 XLVI,
1630 5550 1711 5617 10,
1736 5551 1814 5602 vel
1843 5549 1906 5601 ad
1925 5548 2058 5614 psal.
2094 5561 2200 5606 LVI,
2305 5543 2732 5617 Anu’ralpiumni,
2770 5559 2964 5617 nempe
2990 5543 3326 5617 imperatores
3357 5543 3638 5617 ﬁdeliuma
3727 5616 3730 5617 ν
3759 5555 3762 5557 ‘

641 5621 700 5685 5,
743 5612 912 5675 relad
941 5612 1091 5675 Lvui.
1129 5622 1180 5673 8.
1203 5618 1348 5671 'Rem
1379 5620 1467 5671 alii
1497 5614 1803 5685 diligentius
1835 5612 2195 5670 considerent.
2372 5613 2480 5685 (28)
2496 5613 2790 5685 godd.,xt..
2813 5613 2914 5668 Sed
2935 5612 3232 5668 iidemante
3248 5621 3540 5685 posteaque
3556 5613 3822 5685 habent”.

724 5693 836 5757 (Si)
865 5691 960 5744 llic
988 5692 1202 5744 codices
1242 5693 1418 5753 aliqua
1466 5680 1811 5757 corruptione
1856 5687 2194 5741 laborabant.
2333 5683 2473 5757 (29)
2501 5680 2594 5757 llic
2628 5683 2815 5757 titulus
2866 5698 2987 5736 cum
3019 5680 3367 5757 sequentibus
3414 5680 3826 5749 Ainiralntum‘mi

859 5762 1057 5834 Nempe
1086 5763 1198 5816 sine
1231 5760 1404 5814 verbis
1435 5753 1649 5812 sacrisf
2297 5754 2449 5822 abest
2481 5753 2550 5807 ab
2587 5753 2892 5823 antiquiore
2922 5753 3233 5824 eyemplari.
