4098 6328
167 454 274 511 715
883 466 1218 522 SAMUELlS
1246 467 1558 533 ANIENSLS
1597 470 1930 528 SUMMARII
1966 473 2343 531 'IEMPORUM
2371 477 2546 534 PARS
2582 478 2645 535 ll.
3265 489 3373 547 7M

207 638 3337 688 ...__________________________________

1040 764 1227 806 OLYIP.
1302 768 1459 807 CHRI-
1494 770 1677 811 δοκεῖ.
1716 769 1865 809 AIIR.
1930 772 2060 812 ΔΒΗ.
2123 774 2278 813 PATR.
2345 776 2477 816 ΞΜ

1342 839 1428 878 δτι
2347 846 2473 885 ΔΒΗ.

1528 963 1639 1020 Leo
1708 963 1857 1047 Mali.
1919 966 2060 1047 Asu-
2115 966 2280 1047 Geor-

1700 1042 1876 1090 metus
1941 1042 2049 1092 tius
2132 1042 2253 1108 gius

224 1391 464 1471 Asutius,
495 1407 745 1471 omnibus
773 1392 841 1448 ad
882 1390 978 1449 Dei
1072 1390 1135 1397 ““
1158 1390 1172 1396 ’
1293 1393 1392 1448 891
1571 1391 1607 1445 4
1746 1392 1831 1471 i9.

882 1390 978 1449 Dei
1072 1390 1172 1397 ·“’
1293 1393 1392 1448 891
1571 1391 1607 1445 4
1746 1392 1831 1471 19.
1954 1397 2022 1451 56
2163 1397 2232 1452 is
2370 1399 2473 1453 558

145 1464 408 1532 placitum
468 1463 756 1525 ordinatis.
805 1474 977 1521 morte

144 1533 482 1587 transfertur
541 1533 596 1585 in
664 1541 977 1588 sanctorum
1906 1532 2270 1590 SEMBATUS
2295 1540 2455 1594 annis
2482 1554 2629 1595 xxrv.

141 1617 341 1673 regum
366 1602 627 1657 ordinem.

1292 1718 1397 1773 892
1570 1717 1607 1773 5
1742 1716 1813 1775 2o
1988 1719 2014 1773 ι
2161 1721 2227 1775 16
2366 1725 2470 1779 559
2518 1723 2898 1811 ῃβςωὺαῑυξ.
2957 1730 3133 1787 Asutii
3202 1733 3349 1792 ﬁlius
3452 1703 3456 1708 ’

371 1864 376 1868 ~
1289 1854 1393 1910 s95
1568 1854 1603 1909 6
1740 1856 1803 1909 2t
1910 1838 1913 1839 ί
1981 1858 1989 1908 ε

371 1942 427 1979 us
455 1926 973 1979 militiaedux.Asu-
1045 1929 1182 1979 A49
1286 1926 1392 1979 894
1570 1924 1603 1978 7
1738 1926 1809 1979 22
1982 1926 1989 1977 ε

1325 1855 1393 1910 95
1568 1854 1603 1909 6
1740 1856 1803 1909 21
1910 1838 2019 1909 γε
2157 1859 2227 1913 Π
2364 1864 2469 1919 540
2518 1801 2656 1863 patri
2685 1801 2943 1856 succedit.

1325 1926 1392 1979 94
1570 1924 1603 1978 7
1738 1926 1809 1979 22
1982 1926 2017 1979 5
2156 1930 2223 1979 18
2362 1934 2456 1979 5M

211 1928 427 1982 Abasus
455 1928 655 1983 militia:
678 1926 807 1993 dux,
834 1929 973 1982 Asu-
1040 1929 1182 2001 418
1286 1926 1392 1981 894-
1570 1926 1603 1978 7
1738 1927 1751 1980 ε

133 1996 843 2085 είίξςείξῐεθξςῖηεηοιςξξς
869 1998 973 2054 fert
1287 1996 1391 2085 §2§
1564 1994 1599 2085 ﬁ
1737 1994 1751 2085 Ξ

1738 1926 1809 1980 22
1982 1926 2017 1979 3
2156 1930 2223 1983 18
2362 1934 2461 1987 541

1737 1994 1810 2085 Ξζι
1980 1993 2016 2085 ξ
2550 2004 3165 2085 ,Βοωίρηεμεξῑοείυσ
3210 2011 3342 2085 reli-

137 2062 861 2125 domiitationcm‘Sembati.
1981 2063 2015 2148 ξ
2359 2070 2464 2148 545
2513 2073 2679 2148 gioso_
2700 2077 2824 2148 vitae
2850 2062 3117 2148 instituto
3142 2062 3199 2133 et
3224 2062 3345 2148 plri-

1283 2134 1389 2189 897
1530 2131 1597 2187 to
1736 2134 1807 2188 25
1981 2134 2016 2187 6
2151 2131 2245 2189 21'
2359 2140 2462 2194 544
2514 2131 2663 2213 ῑοεορ

1045 2201 1181 2274 419
1283 2204 1387 2260 898
1528 2201 1589 2255 tt
1735 2204 1806 2261 26
1983 2202 2013 2255 7
2149 2206 2221 2262 22
2360 2209 2463 2264 545
2514 2213 2663 2268 habe]

1736 2134 1807 2188 25
1981 2134 2016 2187 6
2151 2131 2245 2189 2t'
2359 2140 2462 2194 544
2514 2131 2805 2213 iosophicis
2831 2145 3131 2216 disciplinis
3155 2131 3342 2205 ὀιεῖέὲὶε

1735 2204 1806 2261 26
1983 2202 2013 2255 7
2149 2206 2221 2262 22
2360 2209 2463 2264 545
2514 2213 2813 2269 habebatur

2749 2231 2779 2268 u

2150 2344 2539 2405 MASTOSlUS
2566 2351 2833 2411 oriundus
2864 2324 3094 2409 Serania
3122 2368 3266 2410 anno
3296 2370 3338 2415 ι.

1279 2480 1383 2567 899
1524 2440 1626 2531 ιε’
1728 2483 1799 2536 27
1971 2482 2006 2539 ε
2178 2484 2206 2537 1
2349 2486 2452 2539 546

2142 2619 2440 2677 IOANNES
2475 2594 2634 2681 annis
2664 2614 2836 2681 xxvni
2864 2625 3006 2697 (eo).

1276 2758 1381 2814 900
1518 2756 1588 2811 15
1722 2759 1792 2815 28
1862 2814 1863 2817 η
1966 2759 2000 2815 9
2174 2761 2202 2815 1
2346 2761 2451 2817 547
2570 2762 2829 2820 Dominus
2855 2765 2953 2819 hic
2985 2756 3222 2821 Joannes
3250 2768 3333 2822 di-

1276 2828 1375 2902 99!
1519 2826 1588 2902 te
1722 2829 1792 2902 29
1933 2828 2002 2902 to
2171 2830 2211 2902 2
2346 2833 2451 2902 548
2502 2833 2894 2902 εςίρυιιιεείυε‹

1722 2829 1792 2902 29
2171 2830 2211 2902 2
2346 2833 2451 2902 548
2502 2833 2739 2902 scipulus
2755 2833 3179 2902 ejusﬂlastasii)
3207 2836 3328 2902 fuit,

966 2874 1173 2947 -420
1232 2874 1381 2969 5ὀέ
1519 2874 1590 2969 i5
1723 2874 1793 2969 56
1933 2874 1998 2953 ii
2174 2874 2212 2956 5
2347 2874 2450 2955 iis}
2502 2874 2739 2969 ἷεῑὲὶὶὶῖὲ
2756 2874 3332 2969 ”¹‹ἰίἶιῖιῖὶῖ””ἆάἕέιῖι“ἓιί’ἑ

1277 2966 1383 3021 905
1519 2963 1588 3019 16
1724 2968 1789 3023 51
1932 2968 2002 3023 12
2172 2970 2209 3026 4
2348 2971 2451 3026 550
2504 2963 2895 3043 conjunctusa

1724 2968 1789 3023 51
1932 2968 2002 3023 12
2172 2970 2209 3026 4
2348 2971 2451 3026 550
2504 2963 2969 3043 conjunctus(6l)
3012 2987 3133 3028 cum
3171 2977 3331 3043 spiri-

2495 3042 2591 3093 tali
2614 3053 2664 3094 et
2685 3041 3095 3099 divinitusdato
3115 3041 3332 3098 nomine

2494 3108 2589 3163 Dei
2616 3110 2870 3165 Mastosio
2898 3127 2910 3162 :
2942 3112 3207 3166 oriundus
3232 3128 3334 3166 au-

2494 3185 2602 3231 tem
2655 3178 2885 3255 Caraio,
2927 3180 3141 3255 Georgii
3194 3196 3330 3248 quo-

2493 3262 2632 3321 que,_
2675 3248 2767 3316 qui
2812 3249 2912 3303 hos
2954 3248 3325 3321 praecesserat,

2492 3316 2689 3384 patria.

195 3491 297 3548 Hic
318 3492 473 3549 locus
500 3498 585 3549 est
606 3491 885 3557 innuendi,
916 3492 1365 3561 quemadmodum
1394 3492 1727 3552 lsmaelitieae
1749 3494 1924 3566 gentis
1945 3496 2188 3566 tyrannis
2220 3495 2287 3550 ad
2316 3496 2516 3551 exitum
2544 3512 2766 3568 vergere
2792 3500 3034 3569 coeperit.
3061 3497 3325 3555 Nimirum

114 3603 250 3643 cum
280 3588 608 3658 Bagratunia
639 3587 839 3642 familia
883 3602 991 3641 non
1037 3587 1155 3642 sine
1197 3586 1585 3645 Ismaelitarum
1626 3606 1895 3646 consensu
1928 3598 2204 3660 regnaret,
2237 3590 2403 3644 nihilo
2449 3597 2628 3645 tamen
2677 3592 2853 3647 secius
2894 3592 3160 3647 Armenia:
3197 3606 3327 3661 pars
3394 3606 3397 3607 '

111 3684 302 3753 major
327 3699 421 3754 per
449 3684 580 3739 illud
611 3690 840 3754 tempus.
881 3684 1038 3738 sicuti
1065 3687 1225 3738 etiam
1251 3700 1416 3748 nunc,
1449 3687 1506 3741 in
1536 3701 1721 3741 eorum
1753 3692 2015 3757 potestate
2044 3692 2199 3749 erat;
2233 3683 2375 3739 haud
2398 3694 2577 3738 tamen
2611 3685 2712 3738 sub
2744 3686 2904 3741 unius
2938 3680 3137 3740 Amira!
3164 3692 3323 3749 nutu,

111 3778 198 3833 uti
233 3792 353 3831 mos
378 3775 548 3831 fuerat
573 3775 683 3844 jam
718 3774 841 3829 inde
866 3790 895 3828 a
928 3775 1101 3843 primo
1133 3772 1438 3830 Maltutneto
1466 3792 1636 3848 usque
1664 3778 1728 3831 ad
1760 3778 2075 3845 Ciapharem
2104 3790 2203 3829 nec
2227 3790 2334 3829 non
2364 3774 2431 3829 ad
2460 3774 2620 3844 hujus
2651 3775 2866 3832 liberos.
2895 3775 3102 3847 Quippe
3127 3793 3325 3834 conse-

110 3868 266 3922 cutis
303 3865 632 3935 temporibus
662 3874 861 3921 temere
890 3874 1048 3935 prout
1077 3865 1276 3920 libebat
1304 3867 1560 3935 praesides
1591 3868 2078 3923 constituebantur.
2111 3867 2165 3922 Id
2196 3875 2373 3920 autem
2411 3866 2668 3920 indicium
2696 3878 2777 3922 est
2804 3866 2999 3922 inﬁrmi
3025 3873 3327 3937 pereuntis-

108 3976 227 4032 que
257 3954 493 4029 imperii,
524 3960 816 4028 praesertim
841 3960 889 4014 si
921 3959 1215 4014 dominatio
1260 3960 1316 4013 in
1362 3960 1542 4031 plures
1573 3962 1861 4023 tribuatur,
1890 3962 2031 4031 quod
2062 3961 2129 4015 iis
2156 3974 2301 4014 nunc
2331 3960 2701 4015 usuvenicbat.
2730 3959 2970 4030 Namque
3018 3958 3324 4029 Sanpbares

108 4054 502 4110 dominabatur
529 4055 583 4107 in
616 4052 947 4108 Cborasania
976 4055 1218 4124 regione;
1252 4052 1481 4108 Lavicus
1505 4054 1923 4124 Abuthoraphus
1950 4056 2006 4108 in
2032 4056 2165 4109 urbe
2198 4054 2371 4119 Dara;
2403 4052 2513 4110 Ises
2543 4053 2699 4108 Sechi
2734 4055 2875 4111 filius
2913 4056 2966 4109 in
2994 4053 3277 4110 Palaestina
3304 4072 3322 4121 ;

107 4148 411 4217 Abldelpbi
458 4155 636 4201 autem
678 4145 821 4203 ﬁlius
852 4149 906 4201 in
936 4147 1264 4203 Tclmare‘nsi
1302 4150 1612 4216 provincia;
1644 4150 1733 4203 alii
1765 4149 1994 4219 denique
2027 4149 2155 4203 alibi
2186 4149 2506 4202 tumultibus
2538 4147 2875 4217 indulgentes
2906 4154 3093 4200 mutuo
3131 4153 3321 4216 tyran—

109 4245 308 4301 nidem
338 4243 673 4298 aﬂectabant.
707 4241 843 4296 Hinc
870 4242 927 4297 fit
976 4250 1033 4296 ut
1073 4243 1358 4313 impiorum
1396 4246 1653 4299 horumce
1699 4252 2046 4314 tyrannorum
2090 4244 2305 4297 nomina
2339 4244 2716 4311 perturbentur
2744 4243 2798 4295 in
2826 4243 3043 4297 Canone
3085 4240 3321 4295 chrono-

111 4341 327 4409 logico.
355 4338 437 4392 Ab
465 4339 549 4393 bis
581 4336 795 4392 interim
830 4338 1182 4409 undequaque
1216 4338 1562 4393 mittebantur
1599 4339 1652 4393 in
1675 4340 1864 4407 plagas
1894 4344 2108 4391 nostras
2140 4336 2387 4389 malevoli
2417 4336 2650 4405 saevique
2680 4343 3092 4405 procuratores;
3127 4345 3323 4401 nempe
3401 4410 3409 4420 .

108 4430 334 4486 ferinus
366 4428 647 4494 illeBula;
679 4436 732 4483 et
759 4427 1130 4491 iniquissimus
1167 4428 1439 4498 Aphsinus
1470 4428 1611 4484 illius
1642 4429 1780 4496 ejus,
1808 4428 1901 4498 qui
1934 4436 2058 4481 ante
2085 4426 2392 4495 priefuerat,
2425 4426 2639 4480 scelesti
2683 4423 3043 4494 Abusigitbte;
3082 4436 3181 4476 nec
3211 4434 3321 4474 non

108 4524 396 4592 malignus
441 4523 1111 4592 exitiosusque'tusuphus
1154 4523 1380 4591 Aphsini
1427 4520 1623 4589 frater;
1672 4530 1783 4575 tum
1819 4520 2040 4584 Nesras,
2073 4519 2389 4589 cognomine
2430 4520 2705 4583 Sbercha;
2736 4525 2848 4569 tum
2880 4516 2969 4569 alii
2999 4514 3083 4567 his
3115 4514 3319 4567 similes

108 4616 329 4673 Christi
368 4617 571 4684 hostes,
604 4618 695 4687 qui
736 4631 908 4685 usque
940 4616 1008 4669 ad
1045 4616 1592 4671 Amiralmumnorum
1633 4616 1808 4685 gentis
1853 4614 2136 4684 Scythicae,
2172 4627 2291 4682 qua:
2319 4612 2493 4666 adhuc
2521 4616 2846 4680 perseverat,
2877 4606 3317 4665 dominationem,

109 4708 567 4781 populationibus
596 4710 867 4779 perpetuis
891 4709 1265 4764 Armeniorum
1295 4711 1614 4764 nostratium
1644 4709 1903 4764 terminos
1928 4713 2274 4762 vexaverunt.
2308 4705 2531 4769 Horum,
2565 4704 2860 4773 inquimus,
2891 4699 3110 4755 nomina
3153 4696 3317 4749 nullis

108 4806 169 4859 in
196 4792 471 4863 historiis,
501 4806 762 4869 quantum
789 4799 1043 4863 vidimus,
1076 4800 1277 4855 diserte
1305 4801 1524 4869 scripta,
1559 4800 1678 4855 fieri
1708 4800 1890 4869 nequit
1935 4806 1994 4853 ut
2032 4798 2340 4871 singillatim
2366 4810 2698 4864 exponamus
2727 4812 2744 4849 :
2774 4790 3069 4865 praesertim
3097 4801 3222 4841 cum
3249 4800 3321 4841 ne

108 4898 168 4950 in
196 4895 350 4948 libro
386 4891 597 4961 quidem
629 4892 751 4963 vita:
780 4892 875 4948 sed
898 4893 951 4945 in
982 4893 1267 4962 impiorum
1292 4894 1566 4949 memoriis
1590 4900 1810 4948 exarata
1840 4893 1969 4948 sint.

180 5008 392 5065 Postea
425 5005 633 5077 Scythae
663 5005 773 5077 (62)
807 5006 908 5061 hac
946 5010 1153 5063 ratione
1195 5009 1531 5079 tyrannidem
1580 5016 1998 5079 occupaverunt,
2045 5008 2121 5061 uti
2166 5000 2426 5074 scriptum
2472 5003 2745 5072 comperio
2783 5016 2814 5054 a
2859 5015 3053 5070 magno
3097 5000 3319 5056 doctore

109 5103 431 5158 Sarcavaco
463 5100 571 5169 (65)
611 5100 701 5169 qui
732 5100 812 5155 sic
840 5099 1076 5168 loquitur
1107 5117 1120 5154 :
1162 5120 1181 5153 ί
1221 5101 1353 5155 Dum
1385 5102 1647 5158 Persm‘et
1673 5102 1810 5157 Medi
1841 5105 2049 5157 alterna
2086 5100 2303 5155 fortuna
2334 5100 2471 5153 inter
2501 5112 2560 5152 se
2586 5096 2845 5150 dimicant
2877 5095 2943 5148 ad
2967 5096 3105 5148 hanc
3146 5111 3317 5163 usque

112 5200 285 5262 diem,
333 5195 579 5266 Scythica
611 5210 741 5264 gens
776 5182 939 5263 (haud
975 5194 1097 5249 dico
1126 5195 1491 5251 Graecanicam
1521 5198 1616 5251 sed
1641 5196 1948 5268 barbaram)
1982 5197 2035 5249 in
2076 5209 2264 5250 eorum
2298 5192 2543 5262 regiones
2568 5190 2810 5257 ingressa
2840 5187 2941 5242 hoc
2983 5192 3141 5255 pacto
3182 5186 3319 5239 dici-

111 5298 229 5347 tur.
258 5287 521 5363 Plurimis
552 5287 777 5343 devictis
803 5288 1110 5344 nationibus
1140 5306 1292 5361 reges
1320 5290 1437 5359 ejus
1468 5292 1663 5359 aetatis,
1691 5306 1923 5361 quorum
1969 5290 2187 5344 nomina
2230 5288 2386 5343 nobis
2432 5286 2613 5355 ignota
2644 5290 2771 5338 sunt
2811 5282 3132 5352 (propterea
3171 5278 3315 5349 quod

187 5562 307 5637 (60)
330 5558 689 5637 Joannesltoc
709 5563 926 5637 nomine
950 5568 1132 5637 sextus
1156 5560 1461 5637 patriarcha
1488 5560 1658 5637 bisto-
1765 5567 1957 5637 tum‘et
1986 5558 2325 5637 ébulfedam.

110 5620 255 5693 ria‘m
282 5620 513 5701 patriam
542 5632 938 5698 elegantissimo
965 5620 1298 5687 haicanismo
1321 5631 1557 5701 scripsit.
1840 5629 1947 5699 (65)
1987 5627 2185 5683 Ρνςιιιετ
2214 5630 2327 5680 haec
2349 5626 2607 5681 historica
2642 5623 2925 5704 Sarcavaci
2972 5620 3046 5690 (id
3079 5633 3161 5676 est
3197 5621 3286 5700 dia

188 5702 307 5751 (en
348 5698 546 5751 Nempe
572 5700 641 5751 ob
667 5699 1041 5751 discinulatum
1070 5708 1121 5751 et
1148 5715 1336 5751 uenus.
1763 5702 1898 5751 coni)
1934 5698 2227 5751 fraamcnta
2249 5736 2261 5751 .
2294 5698 2410 5749 aliae
2439 5703 2650 5749 exstant
2677 5696 2730 5749 in
2754 5692 3035 5751 dedth
3060 5692 3312 5751 neruiue:

211 5698 307 5768 6|)
348 5698 546 5769 Nempe
572 5700 641 5753 ob
667 5699 1041 5768 discipulatum
1070 5708 1121 5754 et
1148 5715 1336 5769 genus.
1434 5698 1449 5701 7
1763 5698 1898 5763 coni)
1934 5698 2227 5767 fragmenta
2249 5736 2261 5758 ,
2294 5698 2410 5749 aliae
2439 5703 2650 5749 exstant
2677 5698 2730 5749 in
2754 5698 3035 5751 codicibus
3060 5698 3281 5763 perutile

188 5704 309 5844 {62)
346 5767 546 5840 Nempe
572 5767 899 5838 Selgiuln'da.
928 5771 994 5827 de
1019 5771 1215 5840 quibus
1247 5770 1365 5825 vide
1402 5766 1655 5824 Herbelm
1764 5770 2090 5837 eruditaeque
2118 5766 2355 5835 ejusdem
2389 5765 2790 5821 lucubrationes
2966 5778 2971 5781 '

561 5885 829 5945 Pmot.
869 5882 983 5944 Gn.
1018 5884 1190 5945 XIX.
1946 5870 1947 5873 ‘
2917 5876 2994 5936 23
