4098 6328
919 470 1256 540 SAMUELlS
1292 477 1602 542 ΜΙΕΝειδ
1640 475 1776 539 sun

1820 471 1971 536 [ᾸΒῙῙ
1992 470 2388 536 ’ΤΕΜῬΟἩὈΜ
2413 475 2587 532 PARS
2630 471 2676 531 ll
3267 471 3367 523 726

185 651 3336 684 ____________________________________________.__.____

1821 1124 2030 1136 ⁵-1..-

977 763 1165 804 omne.
1251 762 1462 803 cunisri
1527 763 1713 803 coxsr.
1835 764 1961 804 anu.
2071 747 2249 816 (rara.
2415 759 2547 797 ,ειυς

1591 887 1636 939 Μ
1645 892 1682 939 i-
1830 886 1994 941 Joan-
2016 889 2025 954 ξ
2110 885 2298 939 Petrus
2418 829 2542 867 ml

1459 971 1474 985 '
1566 957 1626 1011 ch
1635 958 1714 1011 ael
1848 973 1963 1022 ,nes
2068 983 2076 990 -

256 1209 545 1279 Gregorius
567 1208 819 1281 Magister
844 1210 938 1265 Pa-
1292 1190 1420 1264 "059
1595 1213 1628 1265 '5

1872 1189 1938 1264 i6
2141 1188 2216 1281 ξιξ
2421 1206 2524 1281 4ξέ

174 1274 472 1333 hlavuriius
525 1274 772 1349 princeps
822 1294 938 1334 eru-
1318 1282 1421 1336 040
1593 1283 1627 1334 4
1873 1282 1941 1333 17
2146 1278 2217 1349 25
2423 1274 2525 1349 ᾆξ’]

175 1349 485 1422 ditissimus
526 1343 542 1349 “
568 1343 940 1422 ,cognosceba-
1297 1351 1414 1406 1041
1596 1352 1628 1405 5
1874 1350 1941 1404 18
2147 1348 2216 1400 24
2423 1343 2524 1398 688

173 1428 273 1474 tur
299 1419 427 1490 (82).

254 1671 443 1752 Joanni
496 1675 617 1745 'regi
847 1679 938 1749 qui
1285 1681 1420 1737 1042
1603 1673 1640 1730 6

1877 1676 1943 1732 19
2149 1677 2220 1730 25
2429 1667 2532 1728 ‘89

173 1744 352 1812 prolis
391 1744 584 1814 expers
625 1744 775 1808 obiit,
824 1744 940 1805 δύο·
1019 1744 1128 1752 ’⁷⁷
1915 1795 1918 1798 λ

173 1814 347 1906 gis“
375 1813 640 1882 Gashicus
666 1819 841 1875 Asutii
868 1821 932 1876 ﬁ-
1417 1835 1598 1892 cvm
1636 1834 1768 1891 ZOE
1806 1835 1916 1906 (84)
1961 1835 2117 1889 annis
2165 1850 2222 1890 η.

173 1882 306 1938 lius.
1422 1882 1456 1892 ν
1477 1882 1498 1890 ’
1513 1882 1598 1891 “”’
1638 1882 1767 1891 “””

1873 1965 2211 2023 GAGHICUS
2256 1969 2410 2024 annis
2450 1983 2510 2023 η.

1287 2141 1423 2197 1045
1599 2145 1622 2195 1
1909 2147 1934 2198 1
2147 2149 2215 2202 ἳὸ

1287 2235 1424 2291 1044
1594 2239 1629 2291 2
1907 2241 1942 2292 2
2153 2245 2219 2297 27

2425 2153 2524 2208 490

2433 2248 2526 2303 491
2627 2302 2632 2309 .

1597 2416 2068 2477 MONOMACHUS
2106 2427 2261 2480 annis
2302 2441 2401 2480 xu.

1282 2585 1309 2640 1
1320 2587 1424 2648 045
1603 2591 1626 2643 1
1931 2580 1940 2590 ’
2154 2595 2222 2648 28
2433 2598 2535 2651 49:3.

251 2739 486 2822 Tandem
543 2773 664 2836 post
700 2766 996 2837 Gagbicum
1047 2778 1207 2823 nemo
1251 2781 1319 2821 ex
1350 2767 1452 2821 hac
1479 2774 1640 2837 gente
1677 2768 1787 2838 (85)
1855 2786 1944 2824 rex
1974 2772 2092 2824 fuit.
2141 2772 2349 2841 Quippe
2381 2773 2537 2826 annis
2571 2789 2661 2827 xxi
2692 2773 2863 2830 Graeci
2893 2776 3151 2832 dominati
3204 2791 3352 2837 suat.

173 2859 382 2915 Deinde
412 2860 770 2930 Alphaslanus
806 2861 1000 2914 Aniam
1039 2858 1417 2916 Armeniorum
1445 2861 1786 2930 metropolim
1815 2863 1955 2932 cepit
1985 2862 2336 2932 funditusque
2368 2865 2647 2919 subvertit.

248 2973 392 3030 Sane
423 2982 546 3045 post
581 2977 783 3030 obitum
832 2977 1092 3041 Sembati,
1122 2977 1214 3042 qui
1262 2975 1500 3032 Joannes
1538 2993 1749 3048 quoque
1791 2978 2090 3043 dicebatur,
2137 2982 2571 3051 conspirantibus
2612 2983 2881 3057 suffragiis
2913 2988 3192 3057 optimates
3241 3004 3363 3043 cum

171 3065 489 3136 patriarcha
519 3065 736 3120 domino
779 3066 939 3122 Petro
989 3068 1044 3120 in
1096 3067 1380 3136 magniﬁca
1415 3068 1709 3123 cathedrali
1759 3069 1871 3124 aede
1918 3073 2279 3138 metropoleos
2306 3075 2682 3129 Armeniorum
2728 3077 2879 3132 Aniaa
2921 3080 3228 3149 congregati
3261 3078 3367 3132 Ga-

173 3156 396 3226 ghicum
430 3153 652 3211 Joannis
708 3159 850 3228 regis
899 3174 976 3213 ex.
999 3157 1162 3212 fratre
1191 3166 1438 3227 nepotem
1477 3161 1529 3212 in
1584 3162 1727 3231 regia
1773 3163 1952 3230 patrui
2010 3162 2270 3231 dignitate
2316 3167 2748 3233 constituerunt;
2804 3183 2991 3222 verum
3037 3169 3123 3223 hic
3175 3169 3365 3223 bellica

171 3247 378 3314 studia,
412 3249 466 3303 in
496 3251 696 3319 quibus
725 3251 948 3321 imperia
976 3253 1245 3316 nituntur,
1278 3255 1528 3323 neglexit.
1574 3256 1732 3326 Atqui
1776 3257 1858 3312 his
1910 3261 2205 3327 praesertim
2257 3262 2591 3330 temporibus
2643 3263 2786 3316 vires
2838 3263 3091 3319 acuenda:
3133 3262 3364 3325 fuerant,

171 3340 566 3398 bacchantibus
599 3343 902 3410 lsmaelitis,
937 3345 1151 3417 Scythis
1179 3347 1608 3414 incursantibus,
1657 3351 1732 3404 uti
1774 3350 1883 3417 jam
1920 3351 2173 3416 diximus,
2215 3352 2415 3408 Graecis
2441 3353 2674 3424 denique
2698 3355 2830 3425 ipsis
2863 3357 3130 3414 seditione
3163 3355 3367 3410 ferven-

169 3433 343 3496 tibus,
377 3448 657 3506 propterea
704 3439 844 3508 quod
890 3456 1112 3512 regnum
1151 3455 1306 3494 suum
1338 3439 1545 3496 femina:
1572 3444 1681 3513 (86)
1724 3444 1945 3500 arbitrio
1971 3445 2332 3500 administrari
2365 3445 2621 3501 viderent.
2660 3445 2730 3511 ls,
2757 3449 2996 3516 inquam,
3025 3445 3281 3517 Gaghicus
3311 3447 3367 3500 in

169 3526 478 3586 litterarun
512 3532 817 3600 disciplinis
836 3533 944 3600 jam
969 3533 1093 3587 inde
1131 3549 1160 3586 a
1186 3535 1386 3590 teneris
1421 3535 1727 3602 unguiculis
1752 3535 1953 3588 versari
1983 3537 2194 3599 solitus,
2229 3537 2282 3589 in
2313 3536 2537 3606 imperio
2569 3552 2780 3606 quoque
2809 3537 3000 3592 iisdem
3033 3552 3091 3592 se
3123 3536 3362 3590 oblecta-

169 3621 291 3678 bat.
327 3623 406 3679 Re
431 3623 603 3679 Graeci
633 3625 902 3680 intellecta
939 3623 1079 3695 (quae
1123 3641 1254 3693 gens
1308 3625 1587 3680 fraudibus
1634 3632 1884 3679 concreta
1911 3625 2014 3694 est)
2044 3625 2313 3679 hominem
2345 3627 2411 3680 ad
2454 3641 2511 3680 se
2539 3626 2908 3695 pellexerunt;
2955 3626 3037 3679 usi
3078 3627 3131 3678 in
3179 3626 3367 3694 primis

167 3716 498 3786 Optimatum
548 3725 858 3772 nostrorum
898 3719 1128 3781 technis,
1157 3720 1251 3786 qui
1289 3734 1411 3772 cum
1452 3733 1674 3787 regnum
1705 3717 1824 3785 ejus
1856 3725 2040 3771 sancte
2075 3733 2103 3770 a
2136 3705 2196 3772 se
2238 3717 2567 3771 custoditum
2600 3718 2666 3770 iri
2705 3727 3044 3771 sacramento
3076 3717 3367 3770 confirma-

165 3807 405 3870 vissent,
434 3813 614 3861 tamen
643 3807 856 3862 Domini
883 3807 1058 3861 faedus
1084 3823 1192 3861 non
1226 3812 1575 3862 servaverunt
1608 3824 1618 3858 :
1660 3821 1778 3875 quae
1814 3806 2216 3864 consiliahunc
2245 3806 2448 3860 exitum
2480 3805 2669 3859 sortita
2717 3812 2863 3872 sunt,
2889 3813 2946 3858 ut
2980 3805 3082 3875 ipsi
3112 3804 3367 3860 nimirum

168 3897 376 3966 aliique
401 3898 702 3968 complures
726 3899 1059 3954 ineluctabili
1087 3899 1250 3954 exitio
1277 3896 1550 3968 perierint.
1591 3896 1757 3952 Graeci
1787 3899 1952 3962 enim,
1981 3898 2228 3951 submoto
2260 3898 2315 3951 in
2358 3898 2586 3953 insulam
2617 3913 2759 3967 rege,
2792 3897 3049 3968 praisides
3077 3898 3368 3967 quotannis

164 3989 464 4043 mittebant
498 4007 512 4041 :
549 4005 654 4059 quo
683 3998 925 4061 tempore
957 3992 1107 4046 Anite
1155 3993 1306 4046 urbis
1340 3994 1483 4046 cives
1509 3998 1670 4060 atque
1709 3991 1991 4059 optimates
2033 3989 2257 4044 dissidio
2300 3998 2352 4044 et
2398 3990 2692 4044 ambitione
2724 3991 3021 4053 certabant,
3057 3990 3368 4058 mutuisque

165 4081 466 4135 calumniis
495 4083 562 4156 de
591 4083 716 4137 ltesa
744 4083 1086 4152 imperatoris
1117 4085 1400 4153 majestate
1432 4084 1716 4152 studioque
1745 4083 2107 4152 Agarenorum
2141 4083 2280 4136 inter
2324 4097 2381 4136 se
2403 4082 2767 4150 postulabant.
2799 4082 2937 4146 Quin
2969 4095 3219 4150 proceres
3249 4081 3367 4135 ausi

167 4183 306 4228 sunt
334 4173 694 4243 patriarcham
741 4178 913 4245 ipsum
941 4179 1414 4233 criminationibus
1445 4178 1861 4241 circumvenire,
1897 4178 1986 4247 qui
2016 4177 2257 4231 vicissim
2300 4178 2624 4231 necessitate
2653 4185 2872 4249 coactus
2902 4177 3021 4231 illos
3065 4175 3259 4229 detulit
3311 4176 3365 4228 in

162 4268 455 4337 judicium.
506 4268 862 4335 Quamobrem
913 4272 1125 4341 utrique
1169 4274 1372 4328 laribus
1405 4276 1516 4328 suis
1575 4274 1744 4327 eversi
1789 4281 1915 4327 sunt
1953 4272 2164 4341 alioque
2211 4272 2442 4326 traducti
2480 4291 2491 4325 :
2531 4287 2652 4325 cum
2697 4271 2910 4324 interim
2963 4271 3153 4339 vulgus
3201 4284 3367 4339 prope

164 4363 332 4419 exlex
386 4364 452 4418 ad
504 4379 658 4419 suam
703 4365 980 4421 libidinem
1037 4369 1258 4421 viveret.
1319 4365 1653 4438 Atque'haec
1709 4382 1892 4421 rerum
1945 4367 2287 4436 publicarum
2338 4367 2475 4420 ratio
2536 4365 2708 4418 tenuit
2754 4379 2922 4418 annos
2984 4380 3093 4418 xu.
3154 4362 3360 4429 Quibus

166 4451 383 4507 exactis
409 4452 566 4506 turbo
596 4455 783 4522 igneus
816 4457 1037 4509 australi
1069 4456 1203 4509 flatu
1240 4458 1550 4526 compulsus
1588 4458 1709 4510 tulit
1740 4457 1970 4511 belluam
2005 4456 2693 4526 anthropophagam,cujus
2723 4455 2984 4509 incendiis
3014 4470 3144 4524 gens
3175 4462 3361 4508 nostra

163 4547 352 4603 deleta
382 4547 643 4604 radicitus
671 4556 789 4604 est:
826 4551 957 4619 quin
988 4531 1203 4606 et'urbs
1229 4550 1364 4605 Ania
1395 4560 1512 4622 post
1541 4552 1749 4606 dierum
1781 4568 1886 4605 xxv
1918 4551 2252 4607 obsidionem
2287 4558 2590 4621 expugnata
2620 4558 2700 4605 est
2722 4589 2735 4614 ,
2783 4549 3005 4618 ejusque
3047 4547 3190 4601 cives
3233 4545 3362 4600 feni

244 4785 359 4860 (82)
395 4786 688 4857 Gregorius
720 4796 1075 4860 cognomento
1107 4789 1377 4858 Magister,
1421 4805 1447 4844 a
1479 4790 1721 4859 magistri

165 4855 457 4928 dignitate,
514 4855 624 4926 qua
678 4855 814 4912 eum'
856 4859 1077 4914 Graecus
1133 4855 1426 4928 imperator
1487 4855 1717 4913 ornavit.

164 4924 324 4980 Idem
382 4924 560 4982 dictus
614 4935 698 4983 est
739 4929 1100 4984 Pahlavunius
1149 4924 1380 4996 itemque
1440 4928 1720 4984 Arsacides

165 5002 394 5066 propter
417 5003 584 5063 genus
607 5013 672 5052 ex
702 4998 1073 5053 Armeniorum
1106 4999 1479 5052 illuminatoris
1501 4999 1558 5052 S.
1589 4999 1720 5052 Gre-

165 5065 318 5136 gorii
355 5067 602 5137 prosapia
634 5066 942 5122 deductum.
991 5069 1039 5123 ls
1082 5069 1312 5137 traditur
1345 5068 1547 5122 liberali
1581 5068 1721 5137 Opti-

165 5134 388 5208 rnaque_
420 5134 599 5190 indole
650 5137 927 5208 praeditus,
972 5136 1237 5208 princeps."
1268 5139 1424 5206 plane
1465 5134 1718 5190 doetissi-

166 5201 320 5277 mus,
349 5201 733 5277 Graecaequeiet
771 5201 1010 5262 Arabica:
1055 5201 1213 5262 etiain
1257 5201 1450 5277 linguae
1494 5208 1716 5274 peritus.

166 5269 417 5344 Habetur
445 5273 499 5327 in
532 5269 781 5332 manibus
811 5284 1068 5331 tractatus
1088 5279 1203 5344 ejus
1235 5269 1634 5343 grammaticus,
1668 5285 1720 5330 et

167 5343 528 5412 epistolarum
573 5344 638 5396 ad
674 5345 963 5400 familiares
995 5343 1242 5400 volumen
1272 5347 1554 5412 omnigena
1597 5362 1720 5399 eru-

167 5411 382 5466 ditione
411 5413 672 5486 refertum
706 5433 718 5468 :
751 5431 817 5486 ex
850 5431 955 5484 quo
984 5417 1140 5470 etiam
1181 5411 1523 5486 cognoscitur
1549 5432 1728 5484 quau--

168 5489 362 5549 topere
410 5482 457 5538 is
503 5492 720 5553 cuperet
755 5485 823 5554 ad
867 5482 1035 5539 omne
1086 5482 1273 5554 genus'
1310 5482 1716 5554 disciplinarum

167 5558 570 5623 gentgnguam
609 5553 900 5623 impellere.

241 5619 634 5692 (83)_Hujusce
654 5619 895 5689 Joannis,
929 5624 1204 5692 penultimi
1230 5625 1602 5678 Armeniorum
1631 5640 1714 5678 re-

167 5687 277 5760 gis,
307 5687 346 5744 e'
367 5687 813 5762 Bagratuni'orum
851 5687 1117 5762 dynastia,
1149 5710 1265 5762 qua;
1296 5695 1707 5759 annos_cil;citcr

167 5775 263 5815 ccc
303 5760 610 5832 occupavit,
634 5760 1112 5832 civilibus'legibus
1141 5760 1230 5816 diu
1261 5781 1356 5817 usa
1383 5771 1462 5818 est
1498 5765 1710 5816 Sarma—

169 5835 275 5886 tica
335 5829 711 5885 Armeniorum
759 5829 1012 5888 colonia':
1045 5849 1147 5903 qua
1194 5848 1254 5889 ex
1297 5849 1355 5889 re
1394 5834 1585 5888 merito
1627 5848 1713 5887 ar-

1819 4789 2031 4858 guimus
2058 4789 2199 4843 circa
2224 4788 2564 4842 undecimum
2595 4786 2927 4858 Christianae
2944 4801 3072 4858 tera:
3107 4783 3360 4858 saeculum

1820 4853 2052 4928 Emptum
2101 4873 2222 4912 esse
2259 4858 2491 4926 migrari
2525 4872 2590 4909 ex
2641 4856 2892 4928 Armenia
2940 4857 2992 4908 in
3042 4853 3362 4907 Sarmatiam

1821 4927 2170 4996 eamdemque
2210 4928 2576 4996 migrationem
2626 4927 2853 4980 subinde
2899 4931 3109 4996 auctam
3151 4933 3366 4992 pr0pter

1823 4993 2209 5052 Saracenorum
2257 4993 2309 5048 in
2351 4996 2605 5049 Armenia
2667 4995 3021 5065 tyrannidem.
3053 4993 3363 5047 Joannaaum

1820 5068 2084 5134 ejusmodi
2113 5066 2202 5133 jus
2243 5081 2348 5118 non
2393 5068 2466 5118 ita
2503 5065 2702 5132 pridem
2735 5068 3068 5134 antiquatum
3100 5071 3363 5134 estacum

1819 5129 2082 5207 Iosephus
2112 5129 2153 5207 ll
2195 5137 2470 5207 Augustus
2503 5129 2556 5187 in
2595 5129 2882 5207 Sarmatiae
2911 5132 3218 5201 regionibus
3260 5129 3362 5207 sibi

1821 5198 2069 5260 obnoxiis
2108 5198 2469 5273 lcgcm'tulit,
2509 5211 2567 5256 ut
2616 5214 2723 5273 tam
2765 5198 3027 5272 indigenae
3058 5198 3362 5273 quamAr-

1820 5277 1982 5330 menii
2033 5291 2138 5328 uno
2165 5269 2367 5342 'judicii
2418 5288 2628 5341 genere,
2666 5272 2716 5324 id
2764 5281 2848 5327 est
2886 5269 3019 5342 'jur_e
3056 5269 3361 5342 Austriaco,

1820 5338 2201 5413 disceptarent.
2243 5338 2551 5413 Joanna’egum
2591 5342 2828 5396 codicem
2873 5338 3216 5413 in_Lati_nam
3248 5338 3363 5413 _l_in_-

1817 5406 1988 5484 guam'
2008 5429 2324 5467 conversum
2369 5413 2414 5465 J.
2448 5411 2726 5484 zohrabus
2765 5409 3213 5484 (quandoquidem
3248 5406 3367 5484 llai-

1819 5476 2012 5556 Eanum
2063 5484 2335 5551 exemplar
2382 5482 2521 5556 haud
2575 5476 2909 5556 occurrebat)
2949 5476 3363 5556 exscribendum
3401 5549 3406 5552 _

1821 5555 2046 5614 curavit,
2090 5547 2319 5620 cumque
2356 5553 2474 5604 aliis
2526 5547 3015 5617 autographis'nec
3049 5547 3377 5617 paenitenda

1821 5624 1991 5690 frugis
2019 5619 2245 5690 scriptis,
2269 5619 2522 5674 Venetias
2553 5620 2846 5675 transtulit.
3049 5684 3062 5690 _
3085 5684 3099 5690 _
3133 5635 3139 5639 ‘

1886 5684 1992 5758 (81)
2032 5684 2234 5746 Nomen
2263 5691 2364 5743 hoc
2397 5699 2706 5758 corruptum
2742 5697 2856 5744 erat
2885 5692 2940 5743 in
2966 5684 3124 5743 codd.
3145 5684 3291 5738 ArnL

1909 5693 1972 5744 81
2032 5693 2234 5746 Nomen
2263 5693 2364 5743 hoc
2397 5699 2627 5758 corrupti

1909 5693 1995 5828 85;
2038 5761 2255 5816 Scilicet
2286 5759 2627 5827 Bagratunia.

1909 5765 1995 5828 85)
2038 5765 2255 5816 Scilicet
2287 5765 2481 5827 Bagrat

1885 5765 1998 5903 186)
2033 5831 2306 5886 Pmdicta:
2333 5829 2487 5885 Zoes.
