4098 6328
172 459 286 515 735
900 467 1240 526 SAMUELIS
1268 462 1583 527 ANIENSIS
1621 471 1950 528 SUMMARII
1985 473 2357 529 TEMPORUM
2393 473 2568 529 PARS
2603 477 2666 529 ll.
3255 483 3358 539 734

160 618 1531 646 ,----------μ

1160 747 1348 785 οιῖΙΡ.
1424 747 1632 786 CHRISTI
1705 746 1889 786 CONST.
2000 744 2155 783 PATR.
2265 745 2393 782 λειω

2253 815 2379 854 ΔΒΗ.

1654 953 1873 1009 Alexius
1946 953 2176 1009 Basilius

1131 1124 1329 1133 ..-
1399 1119 1609 1136 .αμυ-
1674 1121 1879 1133 -ησ-
1932 1123 2154 1148 .——-————
2222 1122 2429 1134 -———-

1899 1269 2209 1340 BASILIUS
2247 1273 2403 1328 annis
2472 1341 2501 1345 _
2542 1268 2821 1345 Exstincto
2873 1274 3095 1330 domino
3117 1274 3349 1345 Gregora

2073 1357 2245 1398 χχχιι.
2472 1341 2799 1398 Pahlavunio
2822 1347 3081 1398 successit
3103 1341 3350 1404 dominus

2465 1411 2690 1467 Basilius
2743 1416 2944 1468 sororis
2995 1415 3109 1479 ejus
3167 1416 3348 1478 ﬁlius,

1425 1481 1561 1534 1084
1768 1481 1803 1533 ‘2
2012 1480 2036 1532 1
2253 1479 2348 1532 531
2461 1497 2620 1548 quem
2709 1490 2861 1536 antea
2941 1499 3041 1536 con

1768 1481 1803 1533 ‘2
2012 1480 2036 1532 1
2253 1479 2348 1532 531
2461 1497 2620 1548 quem
2709 1490 2861 1536 antea
2941 1494 3352 1538 consecraverat

1423 1552 1560 1604 1085
1768 1550 1802 1621 3
2008 1549 2044 1621 2
2252 1549 2355 1621 5532
2460 1552 2710 1605 dominus
2737 1553 2848 1621 ipse
2889 1552 3041 1620 Gregt

1768 1550 1802 1621 3
2252 1549 2355 1621 552
2460 1552 2710 1605 dominus
2737 1553 2848 1621 ipse
2889 1552 3178 1620 Gregorius
3221 1555 3347 1606 dum

1179 1627 1316 1691 466
1423 1622 1558 1691 1086
2165 1639 2170 1641 “
2459 1619 2797 1691 iterinexter

1766 1620 1801 1691 4
2165 1639 2170 1641 “
2459 1621 2626 1691 iterin
2654 1619 2862 1674 extéras
2889 1619 3068 1691 plagas
3091 1623 3348 1676 librorum

1421 1690 1555 1760 1087
2460 1686 3036 1757 interpretandnrutu'a

2008 1689 2040 1760 4
2460 1686 3345 1760 interpretandnrutn'aliorumque
3423 1693 3425 1696 ’

2009 1759 2042 1835 εξ
2464 1756 2795 1828 negotiorum
2839 1775 3001 1814 causa
3034 1756 3263 1829 pararet.

1165 1839 1301 1924 4'67
1423 1828 1554 1898 1089
1771 1827 1801 1878 7
2009 1828 2042 1879 6
2111 1862 2113 1864 -
2252 1825 2355 1878 556

1422 1896 1556 1949 1090
1765 1897 1798 1948 8
2013 1897 2043 1947 7
2250 1896 2356 1949 557

245 1966 521 2021 llorrenda
563 1967 740 2020 fames
793 1966 1062 2035 regionem
1419 1967 1549 2019 1091
1765 1967 1798 2017 9

735 1983 740 2017 ι
793 1966 1062 2035 regionem
1419 1967 1549 2019 1091
1765 1967 1798 2017 9
2007 1965 2040 2018 8
2251 1966 2353 2035 538

150 2047 415 2090 lmstram
455 2038 719 2095 vastavit,
765 2033 884 2088 cum
920 2037 1064 2088 vide—
1422 2035 1555 2089 101.2
1732 2035 1798 2087 10
2005 2035 2038 2086 9
2253 2033 2354 2085 559

147 2108 290 2159 licet
333 2107 625 2159 sceleribus
656 2107 857 2162 nostris
877 2121 1064 2160 cumu-
1171 2103 1308 2169 468
1419 2106 1555 2157 1095
1731 2106 1790 2156 11
1974 2105 2040 2156 10
2249 2102 2351 2156 540
2525 2104 2636 2158 Hoc
2664 2121 2804 2158 anno
2831 2104 3188 2161 Melichsahus
3231 2105 3349 2160 Sull-

142 2178 246 2230 lus
279 2188 421 2230 esset
450 2175 754 2245 impositus.
1025 2238 1031 2242 _
1418 2175 1554 2227 1094
1730 2175 1752 2227 1

1418 2175 1554 2227 1094
1730 2173 1796 2227 12
1972 2174 2029 2226 11
2249 2172 2346 2226 541
2457 2181 2614 2227 tanus
2643 2177 2796 2228 obiit.

226 2377 342 2444 Age
386 2389 515 2428 vero
554 2373 808 2444 quoniam
858 2380 1115 2440 regnante
1164 2370 1487 2424 Mclichsaho
1536 2386 1666 2438 pace
1716 2371 1873 2427 orbis
1923 2372 2208 2427 universus
2259 2372 2662 2442 praesertimque
2710 2372 2964 2426 Armenia
3014 2373 3181 2441 potita
3230 2379 3349 2437 est,

58 2477 60 2479 '
140 2470 246 2522 cui
290 2467 503 2536 quidem
543 2466 847 2534 superiores
887 2464 1101 2535 tyranni
1142 2465 1392 2531 poculum
1432 2463 1650 2516 exitiale
1688 2463 1873 2516 tandiu
1915 2465 2373 2533 propinaverant;
2415 2465 2560 2518 lubet
2599 2466 2763 2519 verba
2802 2466 3106 2519 laudatoria
3157 2466 3352 2536 praedi-

140 2558 228 2610 cti
273 2556 455 2609 eximii
491 2555 731 2610 doctoris,
773 2555 1041 2608 ascribere
1068 2595 1080 2617 ,
1122 2554 1211 2621 qui
1253 2552 1540 2605 admodum
1578 2553 1906 2606 elaboratam
1947 2556 2319 2623 prolixamque
2356 2557 2652 2608 orationem
2694 2570 2885 2610 rursus
2925 2556 3149 2618 scribit,
3204 2561 3351 2624 post-

139 2664 318 2718 quam
359 2647 562 2702 scilicet
596 2663 680 2702 res
715 2646 942 2700 viventis
980 2646 1206 2700 absolvit
1245 2645 1322 2699 sic
1358 2645 1597 2714 ejusdem
1632 2645 1837 2698 obitum
1879 2661 2126 2699 narrans.
2161 2664 2179 2696 1
2207 2644 2360 2698 Anno
2397 2661 2515 2698 rei-re
2549 2660 2672 2696 om
2717 2661 3001 2714 supremus
3036 2645 3348 2701 Meliclisahi

141 2741 444 2796 Persarum
483 2743 626 2810 regis
674 2741 992 2794 administer
1039 2741 1255 2794 occisus
1300 2750 1422 2802 est,
1476 2740 1633 2808 cujus
1680 2755 1874 2793 nomen
1923 2726 2170 2794 Hasanus
2199 2780 2212 2802 ,
2267 2740 2553 2808 dignitatis
2604 2748 2778 2793 autem
2829 2740 3016 2792 titulus
3060 2740 3352 2798 Vezrucius

139 2835 381 2904 Chogia.
426 2833 560 2887 Octo
599 2843 776 2887 autem
814 2842 868 2887 et
904 2834 1089 2903 viginti
1131 2841 1250 2903 post
1289 2833 1402 2885 dies
1444 2832 1556 2900 ipse
1594 2846 1808 2900 quoque
1863 2830 2220 2885 Meliclisahus
2268 2831 2473 2884 interiit
2527 2846 2732 2884 veneno
2760 2870 2772 2892 ,
2825 2838 2883 2882 ut
2933 2829 3073 2882 fama
3119 2817 3350 2896 est,'ab

140 2939 326 2978 uxore
364 2932 692 2992 corruptus:
737 2925 818 2976 vir
856 2924 908 2976 in
945 2939 1130 2977 omnes
1167 2924 1458 2977 benevolus
1499 2932 1658 2992 atque
1696 2924 2012 2978 mitissimus
2038 2961 2052 2984 ,
2086 2923 2138 2975 in
2181 2922 2520 2976 Christianos
2567 2932 2742 2975 autem
2776 2935 2940 2990 prope
2980 2920 3344 2988 singulariter.

140 3015 329 3085 Hujus
366 3016 570 3070 obitum
607 3016 941 3071 incredibilis
978 3017 1214 3069 omnium
1255 3017 1493 3085 gentium
1533 3018 1866 3086 perturbatio
1904 3024 2197 3071 consecuta
2248 3025 2332 3070 est
2372 3032 2466 3085 per
2503 3015 2942 3089 quadriennium.
2979 3012 3111 3066 Nam
3144 3023 3196 3067 et
3234 3013 3346 3067 fra-

140 3119 234 3163 ter
275 3108 540 3166 Dedusius
576 3117 628 3166 et
667 3111 808 3185 ﬁlius
846 3110 1246 3166 Becliiaruclius
1287 3113 1370 3168 his
1410 3112 1565 3168 annis
1603 3113 1742 3168 bella
1774 3115 1976 3169 cientes
2008 3129 2169 3167 omne
2204 3127 2373 3182 genus
2404 3113 2800 3166 institutionum
2831 3111 3090 3164 bonarum
3123 3109 3346 3163 subver-

140 3211 372 3268 terunt,
410 3203 536 3258 dum
576 3212 766 3260 neuter
801 3219 967 3275 regno
1006 3205 1229 3259 ﬁrmiter
1268 3207 1549 3276 potiretur.
1609 3207 1842 3278 Sanguis
1885 3209 2102 3263 interim
2141 3207 2462 3262 torrentium
2517 3207 2689 3260 instar
2740 3205 2989 3259 manabat
3028 3221 3134 3258 non
3174 3205 3346 3257 solum

139 3291 324 3346 Marte
359 3297 681 3348 certantium
708 3336 723 3359 ,
765 3312 951 3350 verum
990 3299 1151 3351 etiam
1191 3301 1367 3354 omnis
1407 3301 1612 3356 ordinis
1651 3301 1847 3355 civium
1887 3309 1940 3356 et
1978 3300 2429 3371 provincialium:
2473 3310 2663 3368 praeter
2701 3298 2833 3352 alias
2885 3311 3149 3352 aerumnas
3189 3295 3347 3351 famis

139 3394 316 3454 atque
351 3386 748 3454 captivitatum.
791 3384 882 3441 Sic
919 3388 1173 3440 nimirum
1210 3387 1439 3443 felicitas
1475 3404 1597 3442 cum
1640 3390 1748 3443 vita
1785 3391 1929 3460 regis
1967 3391 2121 3459 pulsa
2160 3397 2281 3443 est:
2327 3388 2393 3440 ad
2434 3402 2592 3457 quem
2631 3387 2845 3454 quidem
2903 3401 3152 3440 curarum
3193 3400 3346 3454 rega-

139 3479 283 3534 lium
320 3479 472 3534 labor
508 3481 885 3550 pertinuerat;
927 3481 993 3535 ad
1031 3481 1166 3537 alios
1203 3497 1332 3537 vero
1371 3483 1486 3537 sive
1522 3473 1808 3552 optimates
1854 3485 1965 3539 sive
2003 3484 2240 3554 plebeios
2264 3483 2488 3559 l‘ructus
2543 3497 2729 3536 earum
2765 3489 2817 3537 et
2861 3481 3211 3536 commoditas
3258 3496 3345 3536 re-

145 3572 530 3640 dundaverat,
569 3573 693 3626 vitae
728 3588 918 3642 nempe
955 3574 1258 3642 securitas,
1299 3590 1479 3629 rerum
1521 3576 1738 3630 ubertas
1793 3577 2167 3646 malorumque
2219 3576 2486 3646 depulsio.
2543 3573 2592 3629 Is
2649 3574 2782 3629 adeo
2836 3583 3044 3644 gentem
3100 3582 3341 3629 nostram

145 3659 344 3716 dilexit
367 3699 383 3723 ,
423 3669 482 3713 ut
520 3675 710 3730 preces
745 3667 1058 3729 exposceret
1096 3676 1158 3714 ac
1195 3662 1644 3716 benedictiones:
1687 3663 1845 3732 cujus
1879 3665 1956 3718 rei
1992 3679 2157 3719 causa
2196 3664 2558 3734 patriarcbam
2593 3680 2803 3732 quoque
2833 3665 2896 3716 ad
2940 3665 3116 3718 aulam
3156 3679 3343 3720 accer-

144 3752 300 3810 sivit.
340 3751 516 3822 Atque
555 3753 758 3806 utinam
793 3751 859 3805 ad
895 3749 1198 3806 Christiana
1233 3767 1387 3807 sacra
1419 3769 1700 3822 moresque
1728 3756 2045 3812 transisset!
2080 3776 2097 3809 )
2126 3755 2338 3828 Imperii
2368 3755 2487 3823 ejus
2517 3756 2685 3811 sedes
2701 3756 2989 3826 Aspahana
3027 3756 3172 3827 fuit,
3212 3773 3334 3827 quae

142 3843 467 3913 metropolis
501 3839 790 3898 Persarum
826 3850 944 3907 est,
988 3840 1296 3911 ibidemque
1332 3840 1498 3913 vitam
1537 3842 1823 3898 conclusit.

1376 4076 1511 4131 1095
1686 4081 1755 4135 15
1929 4081 1996 4134 12
2205 4082 2308 4135 512

1377 4148 1510 4201 1096
1685 4151 1752 4203 14
1927 4152 1993 4204 15
2201 4153 2306 4206 545
2502 4151 2810 4207 Revolvitur
2860 4155 2994 4224 cyclt

1720 4152 1752 4203 4
1927 4152 1993 4204 15
2201 4153 2306 4206 545
2502 4151 2810 4207 Revolvitur
2860 4155 3042 4224 cyclus
3079 4156 3338 4225 quingen-

415 4286 420 4290 .
709 4289 714 4290 ,
1391 4289 1400 4290 ί
1426 4289 1438 4290 ί
1944 4289 1949 4290 ν
2430 4231 2605 4275 torum
2635 4240 2893 4277 annorum
2926 4225 3054 4290 (95).

213 4288 612 4347 Constantinus
642 4289 888 4360 princeps
928 4306 1029 4345 no-
1154 4326 1161 4331 -
1381 4288 1519 4360 1097
1691 4290 1759 4345 15
1932 4289 1998 4360 14
2206 4291 2308 4344 544
2483 4292 2747 4345 Dedusius
2785 4288 3024 4347 Damasci
3049 4334 3062 4354 ,
3097 4293 3337 4347 Palaesti-

143 4371 280 4422 ster.
309 4362 516 4432 Rubeni
543 4359 683 4416 ﬁlius
704 4402 716 4424 ,
748 4361 912 4414 eﬁ'usa
945 4362 1037 4414 hu-
1135 4361 1278 4430 469
1381 4359 1516 4432 109β
1694 4361 1760 4432 16

1713 4361 1760 4432 l6
2421 4377 2535 4422 nae,
2570 4362 2912 4432 ﬁnitimasque
2945 4365 3178 4431 regionis
3209 4379 3331 4419 rex.

141 4433 408 4486 manitate
460 4431 755 4485 Romanam
819 4439 1030 4499 gentem
1162 4427 1264 4430 7"
1379 4427 1515 4481 1099
1689 4430 1756 4482 17

1727 4431 1756 4481 7
1940 4429 2005 4483 16
2214 4428 2316 4484 546
2424 4433 2609 4498 praelia
2640 4427 2964 4485 interimitur
2984 4427 3274 4500 Aspahanm
3305 4450 3334 4485 a

141 4513 468 4571 prosecutus
496 4541 512 4566 ,
559 4502 759 4556 honore
791 4501 1030 4556 vicissim
2412 4500 2778 4555 Becbiarucho
2809 4518 2946 4556 anno
2973 4518 3090 4556 acra:
3120 4518 3298 4555 nxuv.

141 4582 372 4627 ornatus
404 4578 506 4626 est.

208 4773 442 4829 Romani
480 4788 576 4844 per
611 4773 892 4828 Thraciam
931 4775 986 4828 in
1023 4775 1205 4830 Asiam
1243 4774 1654 4837 transmittunt,
1698 4779 1756 4826 ut
1799 4771 2119 4842 Scytharum
2148 4814 2162 4838 ,
2205 4773 2490 4829 Persarum
2530 4783 2690 4845 atque
2727 4774 3114 4829 Saracenorum
3147 4773 3334 4828 adver-

140 4887 234 4928 sus
273 4869 608 4925 Christianos
637 4871 863 4940 injurias
891 4871 1059 4924 ultum
1088 4878 1230 4925 eant.
1261 4868 1515 4922 Plurimis
1545 4877 1722 4922 autem
1747 4869 2100 4924 incommodis
2145 4869 2448 4924 aﬁicnuntur
2491 4887 2519 4924 a
2559 4871 2667 4924 ﬁlio
2723 4871 2930 4931 Satanae
2969 4870 3151 4923 Alexio
3189 4869 3334 4922 Gras-

140 4979 332 5020 corum
371 4965 427 5017 in
460 4964 591 5018 urbe
618 4961 1206 5034 Constantinopolitana
1229 4979 1370 5032 rege.
1405 4962 1502 5015 llic
1539 4963 1731 5031 partim
1760 4965 1992 5029 arcanis,
2027 4965 2221 5032 partim
2251 4968 2554 5021 manifestis
2587 4967 2798 5020 insuliis
2821 5006 2835 5029 ,
2865 4965 3142 5018 mortifero
3173 4967 3333 5018 etiam

139 5061 260 5115 cibo
299 5060 685 5130 grassabatur:
730 5067 842 5114 tum
883 5059 1048 5114 iidem
1090 5059 1226 5112 mari
1266 5073 1599 5126 suorumque
1638 5057 1854 5111 ducatui
1903 5059 2137 5128 pessimo
2195 5062 2424 5115 artiﬁcio
2461 5063 2740 5117 commissi
2781 5061 3119 5130 signiﬁcabat
3158 5069 3333 5113 astute

140 5151 389 5211 barbaris
417 5165 521 5219 qua
550 5151 756 5205 ratione
785 5159 1121 5219 caperentur.
1150 5148 1272 5202 Πωο
1300 5148 1557 5202 Dominus
1600 5149 1888 5217 aliquando
1920 5149 2212 5203 ulciscatur
2237 5153 2248 5203 !
2285 5151 2548 5220 siquidem
2588 5153 2674 5204 hic
2704 5153 2864 5204 homo
2893 5153 3124 5218 itemque
3164 5160 3333 5204 mater

142 5245 260 5316 ejus
289 5289 306 5313 ,
347 5247 425 5300 uti
464 5261 530 5300 ex
572 5247 757 5301 multis
797 5245 1123 5309 audivimus,
1165 5243 1475 5298 Christiano
1508 5243 1615 5296 ritu
1648 5245 1805 5297 alieni
1839 5251 2010 5296 erant.
2047 5242 2101 5296 ld
2135 5245 2295 5298 etiam
2328 5246 2662 5300 Sarcavacus
2709 5246 2897 5299 doctor
2927 5252 3328 5297 commemorat.

206 5445 438 5502 Romani
481 5448 847 5521 Hierosolyma
885 5452 935 5505 vi
976 5451 1259 5507 Saracenis
1307 5455 1541 5522 eripiunt
1593 5448 1750 5507 caesis
1795 5452 2028 5505 hostium
2063 5455 2340 5523 sexaginta
2380 5456 2614 5524 quinque
2653 5454 2890 5509 millibus
2938 5455 2989 5507 in
3031 5456 3246 5525 templo,
3281 5466 3332 5509 et

145 5535 390 5606 pluribus
414 5539 588 5595 adhuc
625 5543 681 5596 in
716 5541 868 5597 urbe.
900 5542 1156 5599 Dominus
1197 5544 1493 5599 Vabramus
1534 5546 1840 5599 versabatur
1875 5541 2258 5615 Hierosolymis
2290 5546 2415 5601 dum
2448 5547 2576 5600 urbs
2611 5548 2918 5616 capiebatur
2945 5546 3070 5616 (96).

211 5754 322 5833 (ἓξ)
361 5753 557 5833 Eteocle
583 5757 648 5810 ad
678 5773 765 5833 an.
798 5761 866 5814 10
892 5776 1010 5816 εει-ω
1038 5763 1181 5816 Arm.
1790 5767 1985 5833 ricope.
2029 5765 2177 5820 Latet
2212 5775 2385 5820 autem
2428 5768 2480 5820 in
2512 5768 2694 5821 eadem
2733 5767 3013 5830 mendum;
3051 5781 3170 5819 nam
3197 5765 3328 5822 Grec

210 5824 322 5899 (96)
363 5824 706 5884 Desideratur
735 5831 789 5884 in
820 5833 1110 5888 vetustiore
1134 5833 1420 5904 exemplari
1451 5833 1562 5888 lucc
1586 5849 1676 5903 pc-
1782 5824 1938 5906 goras
1974 5836 2269 5893 Valiramus
2307 5845 2428 5892 ante
2460 5853 2630 5894 annos
2660 5854 2744 5891 xvr
2776 5840 2880 5893 vita
2905 5824 3231 5897 excesserat.
