4098 6328
145 340 253 460 .757
846 396 1185 463 SAMUELIS
1214 394 1527 451 ANIENSlS
1560 394 1897 451 SUMMARII
1931 394 2312 451 TEMPORUM
2339 394 2516 449 PARS
2551 397 2614 450 ll.
3254 400 3358 458 738

1111 650 1298 690 omne.
1375 648 1591 690 cunter
1666 647 1857 691 cous'r.
1936 635 2116 705 intra.
2254 648 2391 688 an:

2247 717 2377 757 ΔΜ.

1688 772 1838 854 13³10-
1941 770 2148 850 Grego-

1684 857 1842 913 joan-
1988 856 2106 896 rtus
2190 894 2194 903 ,

1724 926 1823 965 nes
2175 918 2192 937 '

1096 1029 2411 1048 _——-———_C-—-————_

1733 1117 2213 1176 CALOJOANNES
2237 1119 2313 1192 (1)
2345 1118 2486 1175 haud
2518 1120 2707 1190 paucis
2745 1119 2902 1175 annis
2929 1122 3189 1191 regnavit.

1429 1285 1560 1340 1121
1780 1282 1808 1352 1
2056 1281 2091 1337 6
2267 1282 2369 1338 568
2510 1278 2797 1352 Exstincto
2828 1281 3018 1335 Alexio

1780 1282 1808 1352 1
2056 1281 2091 1337 6
2267 1282 2369 1338 568
2510 1278 2797 1352 Exstincto
2828 1281 3018 1335 Alexio
3067 1290 3258 1352 regnat
3298 1280 3364 1335 ﬁ-

231 1352 491 1409 Praelium
516 1360 670 1443 atrox
700 1351 1073 1443 Ca‘rnli‘iroviti-
1144 1356 1283 1427 475
1776 1350 1813 1443 Ξ
2059 1352 2092 1443 Ζ
2443 1352 2702 1443 liuIsLejus
2732 1351 3110 1443 Cualojoar't‘ne-s.

156 1439 307 1487 cum,
349 1440 455 1493 quo
502 1426 677 1478 victus
707 1432 789 1479 est
835 1423 1072 1478 Franco-
1169 1418 1276 1427 ”’
1430 1425 1569 1478 1123

156 1510 283 1569 rum
305 1503 367 1569 _et
403 1494 772 1569 Armeniorum
806 1495 1072 1569 exercitus

1777 1420 1812 1473 5
2058 1421 2093 1475 8
2270 1422 2374 1476 570
2514 1420 2791 1475 lberorum
2832 1418 2927 1474 rex
2959 1419 3126 1472 David
3171 1418 3367 1473 Elcha-

1775 1489 1816 1569 ξ
2269 1492 2371 1569 571
2446 1490 2585 1569 ziu_m
2609 1489 2971 1569 e_t_Melch_inm
2999 1490 3150 1543 clade
3181 1489 3364 1569 allicit.

159 1563 356 1633 fraude
384 1579 689 1633 procerum.
718 1563 871 1618 Tunc
894 1572 948 1633 et
975 1561 1077 1615 Ro-
1428 1562 1568 1633 1125
1784 1557 1818 1633 5
2026 1559 2094 1633 1Q
2270 1560 2376 1633 572
2518 1560 2687 1616 David
2717 1576 2813 1615 rex
2838 1559 3095 1614 Tellisum
3128 1561 3294 1629 capit.

156 1632 345 1699 geritis
384 1628 712 1689 _All11001118
757 1632 1075 1703 praefectus
1147 1635 1287 1703 416
1430 1630 1567 1685 1126

1430 1630 1567 1685 1126
1781 1628 1815 1682 6
2024 1630 2088 1685 11
2271 1629 2375 1684 575
2924 1662 2927 1665 -

158 1703 334 1757 multo
377 1718 499 1758 cum
536 1704 703 1757 milite
738 1702 1077 1757 desideratus

158 1780 264 1826 est.

232 1951 633 2015 lncursionum,
682 1950 1014 2019 rapinarum,
1046 1947 1331 2002 exitiorum
1377 1954 1430 2002 et
1473 1944 1728 2010 cladium,
1768 1946 1966 2015 quibus
2006 1947 2144 2001 lberi
2176 1948 2419 2002 certatim
2460 1942 2823 2013 Saraceniq‘ue
2862 1946 3194 2014 provinciam
3222 1947 3373 2001 Anim

158 2040 451 2104 vexabant,
484 2040 693 2109 pertaasi
722 2040 953 2111 denique
981 2039 1129 2092 Anim
1152 2038 1302 2092 urbis
1329 2038 1658 2107 Siracizeqne
1697 2037 1935 2106 regionis
1965 2038 2177 2102 incolae,
2203 2045 2263 2091 ut
2297 2039 2435 2091 hanc
2468 2051 2497 2089 a
2532 2052 2590 2092 se
2611 2036 2901 2106 procellam
2925 2026 3273 2104 depellerent,
3303 2037 3372 2091 ad

162 2120 386 2185 Davidis
418 2129 693 2183 lberorum
732 2130 875 2197 regis
922 2128 1227 2181 clientelam
1260 2126 1552 2196 confugere
1596 2126 1971 2181 decreverunt.
2023 2124 2189 2194 Igitur
2220 2126 2562 2193 conjuratum
2608 2135 2691 2180 est
2724 2126 2981 2180 adversus
3012 2126 3371 2193 Apelsuarum

164 2222 420 2285 amiram,
455 2220 715 2275 Manuciei
752 2220 937 2283 lilium,
973 2222 1064 2289 qui
1102 2221 1369 2274 exstincto
1396 2218 1534 2288 patri
1566 2218 1617 2270 in
1652 2217 1802 2270 Aniae
1840 2217 2176 2271 dominatum
2212 2226 2589 2283 successerat;
2634 2216 2800 2269 David
2835 2224 3013 2271 autem
3053 2231 3146 2269 rex
3185 2228 3372 2285 paten-

165 2314 329 2369 tibus.
360 2314 527 2383 portis
572 2314 627 2366 in
666 2313 852 2367 urbem
886 2321 1172 2381 receptus:
1210 2329 1316 2381 quo
1365 2314 1443 2366 sic
1472 2319 1688 2380 repente
1729 2312 2078 2381 int-regresso,
2133 2326 2291 2366 nemo
2333 2312 2457 2366 vitae
2506 2312 2887 2366 detrimentum
2936 2327 3131 2381 passus
3170 2320 3272 2365 est.
3324 2310 3374 2365 ls

162 2414 384 2473 captum
413 2419 535 2457 eum
564 2403 701 2469 ﬁliis
732 2404 1087 2470 Apelsuarum
1126 2404 1177 2456 in
1208 2402 1433 2456 lberiam
1464 2418 1648 2457 secum
1684 2403 1885 2466 avexit,
1918 2403 2143 2471 locoque
2181 2402 2316 2457 adeo
2346 2388 2617 2473 pestilenti
2650 2403 2922 2472 deposuit,
2954 2413 3014 2456 ut
3043 2402 3191 2456 brevi
3225 2410 3376 2472 pater

163 2509 289 2549 cum
321 2484 505 2547 liberis
536 2494 744 2547 duobus
770 2494 1006 2562 perierit.
1044 2493 1260 2546 Interim
1321 2507 1443 2547 cum
1486 2492 1641 2545 fortis
1671 2508 1885 2561 quoque
1920 2492 2084 2545 David
2117 2502 2324 2546 naturae
2357 2493 2740 2557 concessisset,
2772 2493 2957 2547 lberiae
2985 2508 3208 2562 regnum
3244 2493 3377 2547 adiit

163 2586 472 2641 Demetrius
501 2587 741 2654 ejusdem
772 2586 931 2653 ﬁlius,
960 2588 1107 2641 omni
1148 2587 1305 2641 laude
1337 2586 1595 2655 juvenilis
1624 2587 1924 2655 disciplinae
1954 2586 2440 2641 cumulatisslmus.
2472 2584 2609 2639 Tum
2654 2600 2783 2640 vero
2814 2585 3114 2639 Phatlunus
3142 2585 3375 2638 ﬁliorum

164 2682 450 2751 Apelsuari
473 2689 601 2734 natu
628 2681 918 2738 maximus.
948 2683 1040 2751 qui
1074 2682 1260 2736 tandiu
1288 2681 1426 2751 apud
1452 2696 1703 2750 magnum
1735 2681 1957 2735 amiram
1998 2681 2049 2734 in
2083 2679 2415 2735 Chorasania
2451 2678 2853 2744 diversabatur,
2887 2679 3099 2748 cognita
3134 2679 3379 2747 parentis

164 2774 475 2827 calamitate
502 2773 857 2842 stationisqne
902 2775 1061 2827 noxia
1096 2781 1311 2836 natura,
1344 2774 1398 2826 in
1434 2773 1680 2841 regiones
1724 2784 1940 2827 nostras
1978 2772 2269 2826 maturavit
2313 2771 2611 2834 incurrere,
2640 2771 3015 2841 praefectisque
3049 2772 3379 2827 suburbanis

166 2868 415 2930 devictis,
448 2868 781 2937 metropolim
812 2864 1093 2923 obsidione
1129 2867 1363 2920 vallavit.
1421 2860 1570 2920 vaa
1610 2865 1806 2920 dehinc
1839 2864 2008 2920 fames
2050 2880 2251 2919 annum
2285 2866 2553 2936 integrum
2601 2865 2924 2933 occupavit:
2958 2880 3189 2934 cumque
3234 2866 3380 2921 cives

168 2956 236 3011 ad
263 2957 680 3025 comparandam
706 2972 884 3011 escam
912 2965 1077 3011 noctu
1108 2955 1510 3025 egrederentur,
1542 2955 1765 3009 structis
1788 2954 2003 3010 insidiis
2032 2955 2203 3010 hostis
2231 2956 2379 3009 viros
2408 2955 2626 3024 quidem
2657 2954 2963 3024 jugulabat,
2992 2956 3064 3007 ita
3101 2964 3159 3007 ut
3184 2970 3380 3010 cruore

167 3056 222 3103 et
258 3050 477 3103 ossibus
519 3057 661 3102 terra
706 3050 993 3118 squaleret,
1044 3049 1271 3104 feminas
1308 3060 1487 3103 autem
1529 3065 1831 3119 puerosque
1872 3050 2155 3104 vendebat.
2211 3048 2315 3103 Sed
2371 3058 2550 3102 tamen
2588 3047 2879 3101 identidem
2904 3065 2966 3102 ex
3003 3049 3171 3103 Iberia
3210 3049 3378 3103 duces

172 3138 396 3193 aderant
425 3140 525 3194 viri
557 3142 775 3211 egregii,
810 3150 865 3195 ut
894 3143 984 3197 ille
1019 3144 1199 3197 clarus
1223 3158 1285 3197 ac
1316 3153 1568 3197 strenuus
1600 3141 1786 3196 lvanes
1807 3142 2058 3195 Abulethi
2093 3142 2233 3196 filius
2260 3141 2351 3211 qui
2388 3141 2512 3195 forti
2539 3143 2721 3194 animo
2762 3141 3071 3199 incursores
3098 3142 3336 3196 caedebat
3362 3160 3376 3195 :

172 3245 409 3298 cumque
445 3229 743 3285 Phatlunus
780 3246 970 3301 magna
998 3233 1049 3285 vi
1090 3233 1274 3285 urbem
1313 3232 1708 3301 aggrederetur,
1742 3230 1857 3300 ipse
1887 3230 2072 3300 paucis
2100 3231 2352 3301 stipatus,
2385 3229 2764 3298 adjuvantibus
2801 3229 3030 3295 civibus,
3058 3231 3246 3285 urbem
3287 3247 3382 3301 pe-

174 3324 345 3378 riculo
380 3325 667 3395 expedivit.
701 3325 882 3396 Neque
920 3341 1047 3381 vero
1087 3326 1422 3380 reticendum
1462 3335 1541 3379 est
1573 3324 1785 3379 femina:
1822 3324 2105 3393 cujusdam
2138 3326 2187 3377 in
2219 3339 2284 3378 eo
2326 3326 2621 3379 certamine
2646 3324 2803 3378 virile
2831 3323 3063 3391 facinus,
3094 3341 3213 3396 quae
3247 3327 3380 3381 satis

175 3420 433 3474 audacter
470 3422 737 3482 moenibus
771 3422 1028 3476 insistens
1077 3421 1311 3489 lapidum
1344 3422 1545 3475 ictibus
1579 3421 1764 3475 hostes
1802 3420 2053 3489 pellebat,
2089 3420 2300 3486 sagittis
2338 3419 2533 3488 quibus
2566 3419 2906 3473 extrinsecus
2942 3420 3223 3487 petebatur
3250 3434 3381 3473 con-

176 3513 412 3579 temptis.
439 3512 669 3567 Feminae
692 3506 888 3567 nomen
919 3512 1145 3583 Caprea.
1176 3514 1319 3583 quod
1366 3515 1484 3583 ejus
1514 3524 1629 3569 erat
1670 3515 1977 3583 pernicitati
2012 3522 2459 3568 consentaneum.
2490 3512 2876 3568 Verumtamen
2911 3528 3077 3582 regno
3101 3511 3379 3567 lberorum

177 3603 416 3656 nondum
451 3604 507 3657 in
542 3620 605 3658 ea
635 3606 765 3661 urbe
793 3607 923 3661 satis
955 3607 1294 3687 confirmato,
1327 3607 1468 3662 fame
1497 3624 1560 3662 ac
1589 3610 1827 3663 caedibus
1862 3610 1914 3662 in
1943 3609 2057 3663 dies
2097 3609 2463 3670 saevientibus,
2497 3611 2764 3676 coguntur
2798 3609 2941 3661 cives
2980 3608 3165 3661 urbem
3200 3609 3380 3663 denuo

178 3694 243 3746 ad
270 3691 524 3747 Pliatlnni
551 3704 866 3764 potestatem
900 3698 1213 3761 transferre,
1252 3698 1355 3751 ﬁde
1380 3699 1557 3766 jurata
1586 3701 1653 3753 ab
1689 3700 1877 3754 eodem
1905 3708 2145 3769 accepta,
2186 3699 2381 3767 nequid
2418 3705 2605 3750 contra
2637 3698 2807 3766 patris
2836 3697 3169 3767 fratrumque
3198 3700 3380 3769 prodi—

174 3791 324 3839 tores
357 3776 634 3840 statueret.
664 3787 721 3841 ld
748 3790 832 3841 ille
875 3788 1051 3845 foedus
1079 3789 1180 3843 etsi
1215 3789 1268 3843 in
1302 3790 1555 3859 praesenti
1590 3807 1699 3844 non
1738 3790 2078 3853 detrectavit,
2112 3789 2467 3843 nihilominus
2508 3790 2713 3859 pacatis
2741 3789 2923 3853 rebus,
2960 3806 3053 3844 eos
3079 3794 3226 3845 vario
3272 3792 3381 3845 cri-

179 3878 535 3933 ruinationum
560 3896 776 3951 genere
806 3898 1089 3952 aggressus
1123 3892 1203 3937 est
1249 3891 1410 3953 atque
1440 3884 1702 3938 multavit.
1740 3884 1813 3938 Eo
1880 3892 2137 3954 regnante
2172 3900 2200 3937 a
2230 3885 2505 3938 consuetis
2535 3885 2751 3953 quidem
2787 3885 3191 3939 incursionibus
3225 3890 3380 3954 quies

180 3971 235 4023 in
264 3971 521 4025 Armenia
562 3972 684 4037 fuit,
716 3974 808 4028 sed
844 3982 958 4028 tum
990 3976 1258 4045 prmterila
1280 3976 1496 4031 damna.
1538 3985 1651 4030 tum
1680 3978 2024 4047 vectigalium
2066 3959 2489 4046 rapinarumquc
2530 3979 2611 4030 vis
2653 3992 2919 4030 summam
2954 3976 3095 4045 apud
3134 3991 3235 4030 nos
3257 3993 3382 4046 ege-

182 4071 377 4119 statem
404 4080 692 4135 rerumque
724 4067 963 4120 omnium
1000 4069 1281 4136 penuriam
1311 4069 1624 4136 etlecerunt,
1653 4086 1773 4141 quae
1804 4071 2021 4141 quidem
2056 4070 2122 4124 ab
2147 4085 2209 4124 ea
2239 4082 2409 4140 usque
2433 4078 2588 4124 aetate
2616 4069 2962 4123 incrementis
2986 4076 3143 4121 aucta
3178 4070 3379 4126 nostris

183 4156 358 4210 adhuc
384 4156 714 4224 temporibus
743 4166 1065 4226 perseverat.

251 4248 320 4301 At
353 4249 497 4303 enim
529 4258 746 4302 sanctus
773 4250 1077 4318 patriarcha
1104 4251 1334 4322 ﬁdeique
1375 4253 1602 4308 antistes
1628 4251 1879 4309 dominus
1905 4251 2216 4322 Gregorius,
2246 4253 2374 4322 quia
2412 4250 2588 4305 foedus
2610 4250 2896 4305 amicabile
2922 4265 3043 4306 cum
3080 4251 3381 4320 Apelsuaro

186 4339 407 4405 fecerat,
429 4354 538 4410 quo
563 4339 718 4394 sedes
747 4339 816 4393 ab
840 4355 906 4395 eo
927 4350 1315 4413 protegeretur,
1345 4344 1529 4398 audita
1554 4344 1611 4400 in
1636 4345 1782 4399 hunc
1803 4343 2119 4398 Aniensium
2146 4344 2570 4412 conspiratione,
2596 4342 2841 4397 criminis
2879 4342 3191 4397 auctoribus
3220 4343 3380 4397 vehe-

187 4439 393 4488 menter
422 4433 733 4490 s'uccensuit
760 4432 857 4505 (2).

1450 4608 1589 4663 1127
1805 4610 1837 4664 7
2048 4611 2116 4665 12
2291 4610 2395 4665 574

1450 4679 1589 4732 1128
1800 4681 1835 4734 8
2045 4682 2114 4735 15
2290 4680 2395 4733 575

1453 4747 1589 4801 1129
1800 4750 1833 4803 9
2045 4751 2112 4804 14
2290 4749 2395 4802 576
2921 4796 2924 4799 λ

228 4812 285 4865 In
308 4811 537 4898 Halbata
553 4814 1101 4898 ubiitinphristgma-
1169 4820 1309 4889 477
1766 4820 1835 4898 19

2500 4818 2804 4898 Demetrius
2834 4834 2932 4898 rex-
2958 4821 3374 4898 Qharasgurum,

196 4882 1102 4971 gnusdo‘ct‘orhrme‘niorumJoan—
1194 4882 1207 4889 ’
1233 4882 1246 4888 ⁷
1280 4882 1292 4887 ’
1453 4886 1584 4941 1151
1767 4890 1828 4943 11
2044 4889 2108 4941 16
2288 4888 2390 4943 578
2464 4892 2554 4959 qui
2586 4906 2642 4945 se
2674 4893 2875 4971 iri-arce
2907 4882 3381 4971 Ath‘abegiimulto

194 4965 287 5006 nes
312 4955 666 5021 cog‘nomento
692 4952 1046 5010 Sarcavacus.
2098 5009 2102 5012 .
2464 4952 2584 5012 eum
2637 4962 2807 5013 milite
2862 4952 3203 5013 concluserat
3223 4998 3236 5018 ,
3290 4974 3384 5011 ex-

262 5019 635 5102 ﬁedemptoris
648 5022 959 5102 aedes'sacra
981 5041 1101 5102 ρῳ·-
1768 5028 1836 5102 12
2046 5027 2070 5102 1_
2085 5027 2117 5102 7
2289 5028 2391 5102 579
2464 5031 2741 5102 pugnavit.
2766 5029 2968 5102 Eodem
2995 5044 3137 5102 anpo
3182 5028 3381 5102 Abute-

199 5090 299 5141 ruit
329 5090 481 5143 Anire
508 5091 592 5145 die
622 5107 727 5145 xvn
759 5096 959 5151 mensis
996 5094 1109 5149 Ma-
1455 5094 1593 5148 1153
1770 5098 1817 5151 ιε

1770 5098 1837 5151 15
2038 5097 2117 5151 ‘18
2292 5098 2396 5153 580
2466 5090 2591 5151 thus
2613 5106 2665 5153 et
2692 5098 2877 5151 lvanes
2903 5098 3042 5153 filius
3063 5097 3380 5149 Damaniam

199 5158 302 5210 reri
333 5159 407 5229 (‘5)
435 5158 568 5213 feria
593 5162 801 5231 quinta.

2467 5178 2743 5235 ceperunt.
2803 5168 3001 5221 Eodem
3052 5170 3199 5235 item;
3242 5180 3381 5217 anno

2467 5233 2653 5316 lvanes
2671 5245 2830 5316 atque
2853 5237 3141 5291 Sembatus
3172 5233 3385 5289 Chuna-

960 5370 973 5383 .
1186 5374 1303 5385 ,η
1459 5375 1584 5385 ..-.
1777 5374 1829 5385 ..
2057 5373 2111 5385 .-
2294 5374 2383 5385 ..-.
2466 5309 2908 5385 Πιὶρθίξῑίευηὲο
3063 5374 3096 5385 ..
3273 5374 3306 5385 -.

265 5360 377 5449 Hoc
414 5380 577 5449 anna
596 5368 747 5449 obiit.
760 5368 1099 5449 clarissimus
1169 5374 1308 5443 478
1452 5375 1591 5429 1154
1770 5374 1837 5428 14

1770 5374 1837 5428 1-1
2051 5373 2115 5427 19
2292 5374 2387 5429 581
2535 5360 2837 5449 Phatlunus
2867 5360 2921 5428 in
2951 5374 3147 5449 ρι’ξῑειὶο⁸
3171 5374 3376 5449 exstin-

204 5429 387 5488 doctor
414 5434 583 5493 David
599 5437 774 5492 Alucii
798 5440 959 5494 lllius.
1169 5429 1210 5442 Ἰ
1232 5429 1246 5443 ’
1267 5429 1307 5442 ν
2464 5446 2647 5517 guitur
2675 5461 2816 5517 anno
2842 5429 2991 5517 regni
3015 5429 3272 5517 septimo:
3307 5442 3385 5494 ei-

2463 5513 2568 5586 que
2599 5515 2841 5569 succedit
2865 5513 3172 5567 Mahmutus
3190 5513 3379 5566 frater.

503 5702 587 5754 est
614 5712 845 5781 soannes
873 5700 1270 5781 lt.Comn_e_nus.
1377 5772 1410 5781 η
1624 5773 1639 5781 _
1838 5704 2349 5781 ab‘amanuensmus
2373 5708 2573 5781 addita,
2597 5724 2849 5781 quaeAnos
2871 5710 3035 5781 missa
3060 5709 3288 5765 fecimus

272 5764 345 5837 (2)
380 5764 480 5824 llic
519 5768 878 5838 sequebantur
924 5769 976 5824 in
1016 5772 1170 5826 codd.
1224 5772 1447 5829 moralia
1488 5773 1731 5844 quaedam
1908 5774 1983 5843 (5)
2012 5774 2123 5831 Hoc
2155 5791 2296 5833 anno
2322 5764 2591 5836 incidebat
2614 5764 2679 5835 lin
2710 5779 3052 5835 Decembrem.
