4098 6328
757 367 861 423 ’ΜΞ
1009 319 1026 336 ι
1750 362 1840 418 AD
1872 360 2132 418 EUSEBII
2171 359 2375 416 (ΞΗηοῖ

2311 358 2556 415 ONICON
2595 356 2949 412 APPENDIX.
3117 365 3126 375 '
3847 352 3927 416 ut

1511 535 1865 545 —_—__—_—__—.

767 511 3910 548 Mm“

2148 687 2561 752 MON'ITUM.

833 886 979 961 Quae
1007 893 1348 963 sequuntur
1375 885 1668 962 opuscula
1692 881 2125 960 chronologica
2155 890 2209 940 et
2232 877 2647 938 astronomica
2664 895 2797 938 cum
2819 874 2988 954 apud
3020 872 3298 934 eruditos
3323 873 3592 950 plurimi
3611 871 3868 940 valeant,
3889 877 3935 927 et

765 988 847 1048 iis
876 988 1054 1064 quasi
1085 985 1476 1062 fundamento
1505 986 1793 1043 nitantur
1828 982 2191 1058 chronologi
2228 977 2575 1041 Christiani
2603 985 2850 1045 veteres,
2898 974 3074 1034 nobis
3109 971 3465 1050 faciendum
3504 972 3851 1049 putavimus
3879 980 3934 1027 ut

765 1104 836 1145 ea
858 1082 1297 1151 recuderemus,
1331 1080 1608 1141 studioso
1643 1079 1886 1138 Lectori
1919 1085 2230 1154 acceptam
2267 1076 2402 1152 fore
2447 1070 2812 1149 conﬁdentes
2863 1073 3018 1133 hanc
3045 1067 3125 1128 ad
3176 1067 3437 1129 Eusebii
3457 1067 3737 1130 Canones
3778 1067 3908 1127 clero

761 1185 935 1244 nicas
964 1202 1088 1243 non
1109 1181 1519 1261 paenitendum
1550 1182 1928 1240 mantissam.
1958 1181 2137 1238 Εοιτ.

1511 1541 2194 1660 VETERUM
2285 1541 2438 1654 SC
2461 1539 3189 1728 RIPTORUM

2178 1790 2580 1852 OPUSCULA

1306 1976 2230 2088 CHRONOLOGICA
2300 1989 2449 2078 ET
2519 1985 3404 2101 ASTRONOMICA.

782 1376 2722 1402 _______________________.,_________________

1662 2383 2100 2448 DIONYSIUS
2129 2383 2539 2448 PETAV’IUS
2574 2368 3070 2464 LECTORIla).

842 2565 988 2624 Inter
1013 2578 1246 2622 auctores
1276 2567 1418 2636 infra
1453 2568 1614 2622 editos
1639 2569 1838 2636 primus
1866 2579 1939 2621 est
1960 2568 2224 2628 Geminus.
2260 2571 2349 2639 qui
2373 2580 2491 2624 ante
2521 2588 2685 2625 annos
2713 2571 2933 2638 amplius
2957 2569 3308 2639 quadraginta
3334 2566 3735 2634 prodiit.Cmce
3754 2567 3944 2622 Latin?

769 2681 866 2734 que
894 2666 956 2718 ab
985 2664 1159 2719 Edone
1198 2663 1497 2725 llilderico;
1533 2665 1753 2728 scriptor
1795 2665 2033 2718 eruditus
2067 2675 2113 2718 et
2145 2665 2409 2732 antiquus.
2451 2665 2595 2717 Vixit
2639 2667 2774 2720 enim
2814 2664 2975 2719 Sulla:
3019 2680 3080 2716 ac
3110 2662 3372 2716 Ciceronis
3422 2662 3619 2715 stendo
3643 2701 3656 2718 .
3707 2671 3759 2712 ut
3796 2676 3854 2714 ex
3891 2659 3943 2711 ii:

772 2767 972 2810 constat
1003 2775 1115 2826 quw
1149 2757 1214 2810 ad
1239 2773 1354 2825 pag.
1384 2758 1448 2810 19
1482 2757 1533 2808 in
1568 2758 1702 2809 notis
1733 2756 2080 2811 observamus.
2121 2757 2308 2809 Patria
2350 2757 2608 2809 Rhodium
2644 2758 2800 2824 fuisse
2826 2758 2960 2810 inter
2986 2773 3160 2810 omnes
3191 2755 3448 2810 convenit.
3477 2757 3580 2807 Sed
3621 2752 3812 2812 Roma',
3835 2762 3878 2804 et
3900 2752 3943 2802 iu

774 2844 938 2900 Italia
962 2849 1168 2906 vixisse.
1199 2863 1298 2898 non
1325 2847 1444 2899 levis
1483 2855 1558 2899 est
1589 2847 1908 2913 conjectura,
1949 2847 2119 2915 ibique
2150 2848 2582 2899 commentarium
2607 2847 2739 2899 hunc
2774 2849 3062 2915 scripsisse,
3092 2857 3149 2900 ut
3187 2850 3239 2899 in
3274 2847 3459 2900 iisdem
3494 2845 3708 2898 scholiis
3749 2842 3944 2895 aduota~

772 2942 953 2993 vimus.
987 2943 1061 2990 Ac
1098 2937 1171 2990 vel
1205 2939 1407 2990 nomine
1440 2938 1550 3004 ipso
1581 2936 1789 2990 Gemini
1824 2938 1953 2990 satis
1976 2935 2070 2989 hoc
2105 2937 2381 2998 evincitur,
2408 2935 2714 2989 Latinorum
2746 2954 2844 2991 usu
2873 2947 2920 2991 et
2955 2939 3260 2992 commercio
3293 2936 3755 3004 implicatumesse
3799 2932 3946 2987 homi-

771 3048 922 3093 nem;
949 3047 1010 3083 ac
1041 3030 1276 3083 libertum
1310 3029 1511 3098 forteau
1534 3067 1548 3090 ,
1590 3037 1680 3079 aut
1713 3027 1949 3080 clientem
1995 3027 2223 3094 alicujus
2260 3027 2422 3094 fuisse
2455 3029 2694 3093 tamiliat.
2725 3027 2807 3080 cui
2856 3027 3116 3094 peculiare
3153 3039 3434 3092 cognomen
3495 3023 3553 3075 id
3592 3033 3744 3083 erat.
3794 3035 3946 3087 nempe

773 3127 1129 3180 Serviliorum.
1186 3124 1402 3179 I’roclus
1459 3124 1512 3175 in
1555 3121 1956 3177 Commentariis
2001 3122 2068 3174 ad
2112 3120 2577 3190 priores'Euclidis
2626 3123 2782 3176 libros
2835 3139 2936 3174 non
2984 3120 3138 3173 semel
3170 3119 3439 3173 Geminum
3476 3119 3694 3180 laudat.
3740 3134 3879 3185 quem
3910 3122 3949 3168 et

772 3216 994 3285 Γεμῖνον
1047 3201 1288 3284 perpetuo
1323 3216 1595 3275 nominat,
1647 3210 1982 3279 circumﬂexo
2028 3213 2355 3280 penultima:
2399 3213 2724 3281 indidemque
2759 3212 3060 3278 colligitur,
3105 3215 3345 3278 quautam
3382 3213 3532 3264 illum
3580 3211 3642 3264 de
3695 3213 3947 3280 geometria

775 3305 1059 3368 scripsisse.
1087 3304 1248 3373 Cujus
1277 3306 1425 3373 fidem
1460 3304 1585 3371 facit
1615 3303 1882 3369 catalogus
1907 3302 2183 3378 librorum,
2205 3306 2292 3372 qui
2324 3321 2387 3358 ex
2421 3304 2745 3357 Barocciana
2778 3302 3082 3355 bibliotheca
3113 3317 3274 3369 nuper
3295 3304 3348 3354 in
3378 3303 3620 3370 Angliam
3651 3303 3946 3361 avectissuu,

773 3409 900 3458 quos
925 3394 1058 3446 inter
1088 3391 1287 3446 Gemini
1315 3393 1444 3448 liber
1469 3408 1640 3452 exstat
1672 3399 1898 3451 nondum
1927 3399 2116 3452 editus.
2157 3400 2256 3454 Sed
2297 3412 2344 3455 et
2376 3401 2555 3454 Procli
2585 3399 2803 3468 Sphaara
2834 3399 2963 3451 nihil
2999 3399 3142 3452 aliud
3165 3381 3254 3453 est
3281 3409 3471 3466 prater
3499 3396 3747 3467 Isagoges
3776 3393 3946 3449 Gemini

777 3490 955 3555 capita
983 3489 1242 3557 qua'dam,
1278 3491 1414 3561 quod
1439 3511 1532 3547 suo
1565 3495 1672 3548 loco
1709 3495 2112 3547 declaravimus.
2663 3479 2668 3484 ν
3344 3543 3350 3559 ι

847 3576 1020 3645 Hujus
1046 3597 1137 3633 nos
1167 3584 1455 3636 testimonio
1491 3586 1759 3650 scriptoris
1792 3598 1923 3650 same
1958 3599 2019 3635 ac
2052 3583 2266 3636 libenter
2289 3584 2374 3636 usi
2402 3598 2578 3636 sumus
2611 3583 2663 3634 in
2693 3582 2772 3634 his
2797 3597 2910 3650 qua)
2940 3584 3006 3635 ad
3047 3597 3239 3634 annum
3280 3581 3494 3636 Cra'cia:
3523 3583 3707 3635 ceteris
3732 3591 3780 3633 et
3809 3577 3936 3647 £95-

775 3671 1002 3734 ptiacum
1036 3683 1283 3736 spectant.
1317 3666 1455 3728 Nam
1485 3678 1546 3730 de
1575 3679 1746 3743 priore
1777 3680 1867 3731 illo
1898 3695 2045 3731 nemo
2078 3689 2188 3738 est,
2234 3680 2320 3746 qui
2349 3678 2653 3747 diligentius
2682 3677 3073 3746 expressiusque
3111 3678 3261 3728 verba
3315 3677 3491 3743 fecerit
3519 3717 3531 3735 .
3582 3676 3825 3743 cujusqu
3853 3689 3947 3741 pru-

776 3769 889 3824 pter
923 3763 1281 3829 antiquitatem
1311 3775 1356 3818 et
1395 3769 1732 3821 eruditionem
1757 3771 1892 3822 ratio
1919 3771 2088 3837 major
2135 3769 2311 3821 haberi
2335 3774 2534 3822 debeat.
2569 3767 2732 3832 Quem
2757 3767 2803 3819 si
2828 3768 2881 3818 in
2907 3765 3179 3818 consilium
3211 3765 3532 3818 adhibuisset
3570 3750 3831 3833 Scaliger.
3875 3767 3946 3812 aut

780 3851 828 3902 si
859 3867 972 3902 eum
997 3854 1242 3906 attentius
1271 3853 1494 3922 legisset.
1529 3874 1687 3925 neque
1729 3859 2130 3926 prtrjudicatam
2168 3857 2313 3910 illam
2343 3873 2491 3908 suam
2521 3855 2581 3908 de
2617 3872 2752 3907 anno
2787 3853 2965 3909 GrceCo
2992 3842 3264 3923 θπρόληψιν
3313 3852 3380 3904 ad
3416 3855 3560 3905 illius
3613 3851 3946 3904 tractationem

781 3941 1058 4011 attulisset,
1084 3960 1182 3996 non
1229 3945 1322 3996 illa
1352 3946 1495 3998 nobis
1550 3950 1671 3999 anni
1701 3945 1871 4002 Cra’ci
1929 3958 1976 4001 et
2021 3949 2184 4000 Attici
2231 3956 2514 4000 commenta
2553 3947 2865 4014 peperisset,
2901 3961 3014 4014 qua:
3051 3955 3098 3996 et
3153 3942 3537 3996 absurdissima
3576 3952 3696 4008 sunt
3739 3952 3787 3994 et
3817 3941 3943 3991 anius

780 4026 968 4100 pra'ter
998 4045 1208 4088 ca’teros
1242 4037 1440 4089 Gemini
1468 4042 1774 4094 auctoritate
1801 4041 2128 4103 refelluntur.
2171 4039 2321 4093 Ilunc
2348 4041 2504 4106 igitur
2531 4057 2643 4092 cum
2676 4039 2874 4092 Latina
2908 4036 3329 4106 interpretatione
3359 4034 3515 4087 veteri
3541 4032 3712 4101 primo
3741 4034 3845 4085 ιοτο
3871 4045 3946 4094 ΡΘ·

782 4129 982 4182 suimus
1003 4170 1016 4190 ,
1047 4149 1146 4198 qua
1176 4135 1402 4201 profecto
1427 4134 1687 4187 meliorem
1717 4134 2178 4204 elegantioremque
2203 4133 2492 4186 merebatur
2521 4149 2538 4184 :
2578 4141 2625 4186 et
2667 4141 2778 4185 erat
2821 4131 3024 4184 animus
3060 4144 3243 4181 novam
3279 4127 3510 4196 aggredi,
3545 4124 3646 4177 nisi
3671 4125 3724 4175 in
3752 4122 3948 4190 Hippar-

784 4222 933 4274 chum
963 4232 1008 4275 et
1039 4226 1192 4285 alios,
1221 4227 1306 4292 qui
1330 4228 1525 4278 nullam
1551 4227 1806 4279 habebant
1831 4228 2060 4290 omnino,
2090 4227 2144 4278 id
2181 4242 2344 4294 opera?
2366 4225 2596 4282 conferre
2618 4227 2784 4278 satius
2809 4241 2918 4278 esse
2934 4221 3276 4292 judicassem.
3301 4218 3484 4272 Gra'ca
3507 4233 3621 4270 vero
3658 4216 3726 4266 ad
3757 4224 3945 4269 aeterm

785 4312 1254 4379 manuscriptorum
1285 4313 1434 4378 ﬁdem
1473 4317 1646 4366 exacte
1679 4315 2051 4383 castigavimus
2081 4331 2096 4368 :
2129 4332 2154 4367 ε
2182 4317 2367 4384 Quibus
2397 4331 2556 4365 unum
2604 4329 2754 4382 penes
2787 4331 2878 4365 nos
2912 4312 3224 4365 habebamus
3254 4308 3392 4361 haud
3423 4308 3550 4360 adeo
3578 4316 3794 4360 veterem
3816 4349 3829 4368 ,
3878 4303 3948 4356 sed

787 4413 1087 4454 accuratum
1118 4419 1177 4469 ac
1217 4404 1465 4469 scriptum
1501 4404 1753 4469 imprimis
1807 4405 2088 4474 eleganter.
2135 4405 2281 4457 Alter
2328 4406 2380 4456 in
2423 4402 2704 4457 Oxoniensi
2753 4404 3058 4456 bibliotheca
3107 4404 3395 4471 reperitur.
3439 4414 3659 4466 quocum
3709 4398 3945 4451 editionem

713 4501 716 4505 '
793 4487 1046 4540 llilderici
1074 4488 1343 4556 diligenter
1380 4489 1594 4540 contulit
1633 4489 1884 4543 Henricus
1917 4489 2180 4558 Briggius,
2213 4491 2528 4545 Oxoniensis
2573 4493 3003 4554 mathematicus;
3037 4509 3069 4544 a
3097 4509 3196 4560 quo
3225 4493 3278 4544 id
3306 4509 3417 4545 meo
3449 4492 3654 4544 nomine
3685 4493 3946 4559 postularet

787 4581 956 4633 Lucas
992 4580 1290 4634 Holstenius
1324 4580 1755 4649 llamburgeusis.
1806 4584 1882 4634 vir
1909 4583 2316 4644 eruditissimus.
2339 4586 2424 4653 qui
2452 4587 2505 4637 in
2533 4586 2727 4638 illustr.
2776 4568 2976 4637 cardiu.
3032 4585 3304 4639 Barberini
3333 4587 3585 4639 comitatu
3617 4585 3792 4642 Romae
3827 4587 3947 4639 hodie

789 4678 929 4730 vivit.
964 4676 1240 4741 Utriusque
1267 4691 1354 4740 ope
1384 4694 1445 4728 ac
1479 4678 1720 4744 bene/icio
1757 4679 2018 4730 variarum
2046 4678 2317 4731 lectionum
2359 4679 2642 4733 indiculum
2674 4681 2991 4745 accepimus,
3018 4697 3159 4748 quas
3179 4681 3358 4748 paucis
3406 4683 3629 4750 exceptis
3662 4684 3866 4736 totidem
3904 4680 3945 4731 in

789 4776 966 4820 nostro
992 4767 1163 4819 codice
1190 4766 1628 4831 deprehendimus.
1668 4766 2014 4830 Quamobrem
2044 4769 2290 4838 quidquid
2320 4771 2374 4822 in
2408 4786 2535 4821 nova
2572 4770 2666 4822 hac
2707 4771 2926 4822 editione
2960 4769 3160 4823 Gemini
3186 4769 3340 4822 aliter
3372 4783 3526 4840 atque
3556 4774 3609 4825 in
3643 4777 3831 4840 priore.
3856 4781 3946 4825 stl-

790 4862 931 4913 diose
961 4859 1141 4912 Lector
1161 4900 1174 4920 ,
1207 4858 1500 4926 oﬁeuderis,
1534 4860 1587 4911 id
1611 4875 1672 4911 ex
1702 4861 1972 4914 amborum
1996 4865 2316 4916 auctoritate
2340 4872 2387 4915 et
2418 4879 2665 4916 consensu
2699 4864 3030 4916 immutatum
3059 4879 3168 4915 esse
3195 4864 3351 4917 scias.
3383 4862 3496 4918 Nec
3525 4881 3704 4930 pauca
3735 4881 3843 4920 vero
3872 4861 3945 4913 illa

791 4957 932 5010 sunt,
967 4964 1121 5012 neque
1139 4949 1305 5011 'levia,
1341 4956 1418 5008 ut,
1449 4951 1533 5016 qui
1565 4948 1742 5002 ambas
1766 4951 1962 5019 legerit,
1989 4963 2250 5020 agnoscet.
3829 4933 3832 4935 Δ

864 5035 990 5087 Post
1027 5033 1291 5087 Geminum
1345 5036 1612 5088 Ptolemaei
1647 5037 1774 5089 liber
1804 5041 2032 5106 sequitur
2062 5081 2074 5104 ,
2121 5043 2210 5109 qui
2243 5042 2439 5102 Φὰσεις
2471 5042 2482 5091 ε

2325 5058 2439 5102 σεις
2471 5041 2719 5092 ἀπλανῶν
2749 5040 3121 5110 ἐπισημασιῶν
3158 5041 3211 5093 in
3240 5042 3450 5112 antiquo
3481 5046 3655 5098 codice
3705 5042 3943 5107 inscripta!

793 5127 976 5195 legitur
1003 5165 1015 5186 ,
1056 5127 1132 5176 uti
1156 5141 1245 5177 nos
1273 5125 1545 5180 edidimus.
1582 5127 1747 5195 Hujus
1775 5132 1918 5184 nobis
1954 5136 2160 5198 copiam
2190 5136 2388 5186 amicus
2421 5134 2628 5202 quidam
2658 5135 2809 5201 fecit,
2857 5137 2944 5203 qui
2970 5149 3033 5186 ex
3075 5136 3284 5204 antiquo
3320 5137 3495 5190 codice
3532 5154 3649 5190 eum
3690 5138 3940 5201 descripse-

793 5226 893 5268 rat.
930 5214 1274 5284 Eumdemque
1296 5227 1406 5283 post
1427 5220 1709 5272 invenimus
1740 5222 1792 5273 in
1822 5222 1974 5291 Regia
2006 5224 2346 5287 bibliotheca;
2395 5235 2442 5277 et
2485 5241 2516 5276 α
2554 5226 2620 5278 cl.
2662 5227 2722 5279 V.
2761 5225 2826 5278 D.
2860 5225 3085 5280 Nicolao
3125 5224 3352 5296 Rigaltio
3381 5229 3629 5281 utendum
3654 5229 3943 5296 accepimus,

794 5320 856 5356 cx
883 5322 978 5373 quo
1006 5308 1159 5357 etiam
1187 5323 1287 5359 non
1318 5321 1480 5368 pauca
1502 5313 1887 5375 castigarimus.
1917 5314 1988 5367 De
2009 5314 2161 5380 hujus
2184 5327 2390 5368 auctore
2416 5315 2536 5383 quid
2563 5317 2738 5368 dicam
2764 5316 2894 5368 nihil
2930 5315 3112 5376 habeo.
3133 5326 3320 5383 praeter
3343 5335 3402 5371 ea
3426 5335 3540 5387 qua:
3558 5320 3624 5370 'in
3656 5321 3789 5373 notis
3817 5331 3942 5382 erro-

796 5397 889 5444 sui.
931 5394 1027 5448 Cui
1056 5396 1255 5463 quidem
1284 5395 1604 5451 Kalendaria
1630 5400 1857 5467 ejusdem
1891 5406 2181 5472 argumenti
2211 5405 2452 5472 subjecta
2486 5413 2604 5455 sunt
2633 5406 2756 5458 tria.
2790 5403 3034 5456 Primum
3062 5413 3140 5457 est
3178 5405 3272 5457 sub
3312 5403 3448 5473 falso
3473 5407 3682 5459 nomine
3706 5403 3941 5459 Ptolema'i

796 5484 987 5538 editum
1018 5503 1050 5538 a
1083 5485 1318 5552 Leonico,
1347 5505 1372 5540 e
1415 5487 1689 5559 ercoque
1720 5493 2064 5556 translatum;
2101 5511 2254 5563 quam
2296 5495 2582 5549 miscellam
2625 5513 2735 5552 esse
2769 5498 3166 5552 tumultuariam
3215 5513 3280 5553 επ
3312 5497 3472 5551 variis
3523 5499 3938 5570 parapegmattbus

871 5656 941 5724 (a)
984 5657 1050 5711 De
1074 5660 1309 5715 doctrina
1339 5669 1642 5731 temporum,
1683 5672 1722 5718 ι.
1753 5663 1839 5730 Ill,
1867 5663 2015 5720 Praef.

4057 735 4061 846 ἢ

4057 1131 4061 1186 ι
