  <div class='ocr_page' id='page_1' title='image "/cluster/home/n/w/nwhite01/storage/ocr_20150623/19/pst.000005712045/380.png"; bbox 0 0 4098 6328; ppageno 0'>
   <div class='ocr_carea' id='block_1_1' title="bbox 195 387 3419 473">
    <p class='ocr_par' dir='ltr' id='par_1_1' title="bbox 195 387 3419 473">
     <span class='ocr_line' id='line_1_1' title="bbox 195 387 3419 473; baseline 0.002 -10"><span class='ocrx_word' id='word_1_1' title='bbox 195 406 303 463; x_wconf 66' lang='lat'><strong><em>745</em></strong></span> <span class='ocrx_word' id='word_1_2' title='bbox 1625 387 1961 472; x_wconf 62' lang='lat' dir='ltr'><strong><em>nonnum;</em></strong></span> <span class='ocrx_word' id='word_1_3' title='bbox 3305 417 3419 473; x_wconf 69' lang='lat' dir='ltr'><strong><em>ne</em></strong></span> 
     </span>
    </p>
   </div>
   <div class='ocr_carea' id='block_1_2' title="bbox 190 512 3405 609">
    <p class='ocr_par' dir='ltr' id='par_1_2' title="bbox 190 512 3405 609">
     <span class='ocr_line' id='line_1_2' title="bbox 190 512 3405 609; baseline 0.003 -28"><span class='ocrx_word' id='word_1_4' title='bbox 190 528 505 596; x_wconf 81' lang='lat' dir='ltr'><strong><em>confectam,</em></strong></span> <span class='ocrx_word' id='word_1_5' title='bbox 543 512 837 609; x_wconf 17' lang='lat' dir='ltr'><strong><em>nonisemel.</em></strong></span> <span class='ocrx_word' id='word_1_6' title='bbox 853 530 908 582; x_wconf 92' lang='lat' dir='ltr'><strong><em>in</em></strong></span> <span class='ocrx_word' id='word_1_7' title='bbox 939 528 1398 585; x_wconf 83' lang='lat' dir='ltr'><strong><em>dissertationibus</em></strong></span> <span class='ocrx_word' id='word_1_8' title='bbox 1429 530 1770 586; x_wconf 75' lang='lat' dir='ltr'><strong><em>ostendimus.</em></strong></span> <span class='ocrx_word' id='word_1_9' title='bbox 1816 531 1883 585; x_wconf 91' lang='lat' dir='ltr'><strong><em>In</em></strong></span> <span class='ocrx_word' id='word_1_10' title='bbox 1915 548 2013 603; x_wconf 90' lang='lat' dir='ltr'><strong><em>quo</em></strong></span> <span class='ocrx_word' id='word_1_11' title='bbox 2038 532 2295 585; x_wconf 76' lang='lat' dir='ltr'><strong><em>ridiculus</em></strong></span> <span class='ocrx_word' id='word_1_12' title='bbox 2324 542 2401 585; x_wconf 83' lang='lat' dir='ltr'><strong><em>est</em></strong></span> <span class='ocrx_word' id='word_1_13' title='bbox 2426 527 2736 588; x_wconf 78' lang='lat' dir='ltr'><strong><em>Solimanus</em></strong></span> <span class='ocrx_word' id='word_1_14' title='bbox 2764 537 3105 600; x_wconf 74' lang='lat' dir='ltr'><strong><em>exercitator,</em></strong></span> <span class='ocrx_word' id='word_1_15' title='bbox 3137 552 3223 594; x_wconf 73' lang='lat' dir='ltr'><strong><em>aut</em></strong></span> <span class='ocrx_word' id='word_1_16' title='bbox 3269 552 3405 592; x_wconf 87' lang='lat' dir='ltr'><strong><em>nunc</em></strong></span> 
     </span>
    </p>
   </div>
   <div class='ocr_carea' id='block_1_3' title="bbox 190 620 3406 699">
    <p class='ocr_par' dir='ltr' id='par_1_3' title="bbox 190 620 3406 699">
     <span class='ocr_line' id='line_1_3' title="bbox 190 620 3406 699; baseline 0.004 -28"><span class='ocrx_word' id='word_1_17' title='bbox 190 620 431 673; x_wconf 85' lang='lat' dir='ltr'><strong><em>libellum</em></strong></span> <span class='ocrx_word' id='word_1_18' title='bbox 454 621 719 674; x_wconf 86' lang='lat' dir='ltr'><strong><em>aureolum</em></strong></span> <span class='ocrx_word' id='word_1_19' title='bbox 753 624 805 675; x_wconf 90' lang='lat' dir='ltr'><strong><em>in</em></strong></span> <span class='ocrx_word' id='word_1_20' title='bbox 832 640 929 676; x_wconf 88' lang='lat' dir='ltr'><strong><em>sua</em></strong></span> <span class='ocrx_word' id='word_1_21' title='bbox 960 620 1227 695; x_wconf 76' lang='lat' dir='ltr'><strong><em>farragine</em></strong></span> <span class='ocrx_word' id='word_1_22' title='bbox 1258 624 1630 679; x_wconf 86' lang='lat' dir='ltr'><strong><em>Plinianarum</em></strong></span> <span class='ocrx_word' id='word_1_23' title='bbox 1665 624 2129 680; x_wconf 81' lang='lat' dir='ltr'><strong><em>Exercitationum</em></strong></span> <span class='ocrx_word' id='word_1_24' title='bbox 2166 627 2435 690; x_wconf 89' lang='lat' dir='ltr'><strong><em>nominat;</em></strong></span> <span class='ocrx_word' id='word_1_25' title='bbox 2468 642 2530 680; x_wconf 77' lang='lat' dir='ltr'><strong><em>ex</em></strong></span> <span class='ocrx_word' id='word_1_26' title='bbox 2558 640 2657 695; x_wconf 87' lang='lat' dir='ltr'><strong><em>quo</em></strong></span> <span class='ocrx_word' id='word_1_27' title='bbox 2696 627 2830 681; x_wconf 86' lang='lat' dir='ltr'><strong><em>nihil</em></strong></span> <span class='ocrx_word' id='word_1_28' title='bbox 2858 628 2984 681; x_wconf 80' lang='lat' dir='ltr'><strong><em>certi</em></strong></span> <span class='ocrx_word' id='word_1_29' title='bbox 3015 630 3249 699; x_wconf 82' lang='lat' dir='ltr'><strong><em>bonique,</em></strong></span> <span class='ocrx_word' id='word_1_30' title='bbox 3283 646 3406 697; x_wconf 89' lang='lat' dir='ltr'><strong><em>pro-</em></strong></span> 
     </span>
    </p>
   </div>
   <div class='ocr_carea' id='block_1_4' title="bbox 185 701 3403 789">
    <p class='ocr_par' dir='ltr' id='par_1_4' title="bbox 185 701 3403 789">
     <span class='ocr_line' id='line_1_4' title="bbox 185 701 3403 789; baseline 0.003 -26"><span class='ocrx_word' id='word_1_31' title='bbox 185 721 309 777; x_wconf 86' lang='lat' dir='ltr'><strong><em>pter</em></strong></span> <span class='ocrx_word' id='word_1_32' title='bbox 354 701 738 779; x_wconf 71' lang='lat' dir='ltr'><strong><em>confusionem,</em></strong></span> <span class='ocrx_word' id='word_1_33' title='bbox 784 724 833 769; x_wconf 89' lang='lat' dir='ltr'><strong><em>et</em></strong></span> <span class='ocrx_word' id='word_1_34' title='bbox 866 726 1142 770; x_wconf 87' lang='lat' dir='ltr'><strong><em>auctorum</em></strong></span> <span class='ocrx_word' id='word_1_35' title='bbox 1187 719 1517 787; x_wconf 83' lang='lat' dir='ltr'><strong><em>locorumque</em></strong></span> <span class='ocrx_word' id='word_1_36' title='bbox 1547 719 1712 772; x_wconf 87' lang='lat' dir='ltr'><strong><em>tacita</em></strong></span> <span class='ocrx_word' id='word_1_37' title='bbox 1744 719 2027 783; x_wconf 87' lang='lat' dir='ltr'><strong><em>vocabula,</em></strong></span> <span class='ocrx_word' id='word_1_38' title='bbox 2066 721 2252 774; x_wconf 89' lang='lat' dir='ltr'><strong><em>harum</em></strong></span> <span class='ocrx_word' id='word_1_39' title='bbox 2290 737 2461 774; x_wconf 91' lang='lat' dir='ltr'><strong><em>rerum</em></strong></span> <span class='ocrx_word' id='word_1_40' title='bbox 2495 720 2760 776; x_wconf 75' lang='lat' dir='ltr'><strong><em>studiosus</em></strong></span> <span class='ocrx_word' id='word_1_41' title='bbox 2804 720 3060 789; x_wconf 89' lang='lat' dir='ltr'><strong><em>colligat:</em></strong></span> <span class='ocrx_word' id='word_1_42' title='bbox 3089 719 3178 772; x_wconf 86' lang='lat' dir='ltr'><strong><em>sed</em></strong></span> <span class='ocrx_word' id='word_1_43' title='bbox 3217 719 3403 773; x_wconf 81' lang='lat' dir='ltr'><strong><em>habent</em></strong></span> 
     </span>
    </p>
   </div>
   <div class='ocr_carea' id='block_1_5' title="bbox 186 803 3401 880">
    <p class='ocr_par' dir='ltr' id='par_1_5' title="bbox 186 803 3401 880">
     <span class='ocr_line' id='line_1_5' title="bbox 186 803 3401 880; baseline 0.003 -28"><span class='ocrx_word' id='word_1_44' title='bbox 186 803 391 855; x_wconf 78' lang='lat' dir='ltr'><strong><em>similes</em></strong></span> <span class='ocrx_word' id='word_1_45' title='bbox 414 803 560 857; x_wconf 87' lang='lat' dir='ltr'><strong><em>labra</em></strong></span> <span class='ocrx_word' id='word_1_46' title='bbox 590 805 843 862; x_wconf 86' lang='lat' dir='ltr'><strong><em>lactucas.</em></strong></span> <span class='ocrx_word' id='word_1_47' title='bbox 873 807 1077 862; x_wconf 78' lang='lat' dir='ltr'><strong><em>Altero&#39;s</em></strong></span> <span class='ocrx_word' id='word_1_48' title='bbox 1106 806 1301 861; x_wconf 85' lang='lat' dir='ltr'><strong><em>Fastos</em></strong></span> <span class='ocrx_word' id='word_1_49' title='bbox 1329 826 1393 862; x_wconf 77' lang='lat' dir='ltr'><strong><em>ex</em></strong></span> <span class='ocrx_word' id='word_1_50' title='bbox 1422 808 1614 871; x_wconf 86' lang='lat' dir='ltr'><strong><em>Ovidii,</em></strong></span> <span class='ocrx_word' id='word_1_51' title='bbox 1647 807 1953 863; x_wconf 76' lang='lat' dir='ltr'><strong><em>Columella:</em></strong></span> <span class='ocrx_word' id='word_1_52' title='bbox 1986 810 2249 880; x_wconf 83' lang='lat' dir='ltr'><strong><em>Pliniique</em></strong></span> <span class='ocrx_word' id='word_1_53' title='bbox 2291 811 2443 865; x_wconf 83' lang='lat' dir='ltr'><strong><em>libris</em></strong></span> <span class='ocrx_word' id='word_1_54' title='bbox 2478 813 2903 865; x_wconf 88' lang='lat' dir='ltr'><strong><em>concinnavimus</em></strong></span> <span class='ocrx_word' id='word_1_55' title='bbox 2935 809 3055 874; x_wconf 85' lang='lat' dir='ltr'><strong><em>ipsi,</em></strong></span> <span class='ocrx_word' id='word_1_56' title='bbox 3087 810 3181 876; x_wconf 85' lang='lat' dir='ltr'><strong><em>qui</em></strong></span> <span class='ocrx_word' id='word_1_57' title='bbox 3224 808 3401 862; x_wconf 84' lang='lat' dir='ltr'><strong><em>Julia-</em></strong></span> 
     </span>
    </p>
   </div>
   <div class='ocr_carea' id='block_1_6' title="bbox 183 896 3403 970">
    <p class='ocr_par' dir='ltr' id='par_1_6' title="bbox 183 896 3403 970">
     <span class='ocr_line' id='line_1_6' title="bbox 183 896 3403 970; baseline 0.003 -28"><span class='ocrx_word' id='word_1_58' title='bbox 183 909 381 944; x_wconf 80' lang='lat' dir='ltr'><strong><em>norum</em></strong></span> <span class='ocrx_word' id='word_1_59' title='bbox 409 896 577 947; x_wconf 89' lang='lat' dir='ltr'><strong><em>instar</em></strong></span> <span class='ocrx_word' id='word_1_60' title='bbox 600 912 709 949; x_wconf 87' lang='lat' dir='ltr'><strong><em>esse</em></strong></span> <span class='ocrx_word' id='word_1_61' title='bbox 735 909 942 967; x_wconf 83' lang='lat' dir='ltr'><strong><em>queant.</em></strong></span> <span class='ocrx_word' id='word_1_62' title='bbox 972 898 1053 951; x_wconf 77' lang='lat' dir='ltr'><strong><em>Ex</em></strong></span> <span class='ocrx_word' id='word_1_63' title='bbox 1092 897 1355 968; x_wconf 83' lang='lat' dir='ltr'><strong><em>Sosigenis</em></strong></span> <span class='ocrx_word' id='word_1_64' title='bbox 1382 900 1542 963; x_wconf 88' lang='lat' dir='ltr'><strong><em>enim,</em></strong></span> <span class='ocrx_word' id='word_1_65' title='bbox 1571 898 1648 952; x_wconf 85' lang='lat' dir='ltr'><strong><em>vel</em></strong></span> <span class='ocrx_word' id='word_1_66' title='bbox 1673 900 1807 953; x_wconf 81' lang='lat' dir='ltr'><strong><em>Julii</em></strong></span> <span class='ocrx_word' id='word_1_67' title='bbox 1843 899 2071 953; x_wconf 73' lang='lat' dir='ltr'><strong><em>Cwsaris</em></strong></span> <span class='ocrx_word' id='word_1_68' title='bbox 2118 910 2484 970; x_wconf 89' lang='lat' dir='ltr'><strong><em>parapegmate</em></strong></span> <span class='ocrx_word' id='word_1_69' title='bbox 2509 942 2523 965; x_wconf 92' lang='lat'><strong><em>,</em></strong></span> <span class='ocrx_word' id='word_1_70' title='bbox 2574 918 2661 955; x_wconf 82' lang='lat' dir='ltr'><strong><em>nec</em></strong></span> <span class='ocrx_word' id='word_1_71' title='bbox 2690 901 2986 955; x_wconf 88' lang='lat' dir='ltr'><strong><em>uniusmodi</em></strong></span> <span class='ocrx_word' id='word_1_72' title='bbox 3025 900 3249 969; x_wconf 84' lang='lat' dir='ltr'><strong><em>fortasse</em></strong></span> <span class='ocrx_word' id='word_1_73' title='bbox 3271 940 3285 965; x_wconf 93' lang='lat'><strong><em>,</em></strong></span> <span class='ocrx_word' id='word_1_74' title='bbox 3326 901 3403 953; x_wconf 88' lang='lat' dir='ltr'><strong><em>uti</em></strong></span> 
     </span>
    </p>
   </div>
   <div class='ocr_carea' id='block_1_7' title="bbox 186 982 3397 1069">
    <p class='ocr_par' dir='ltr' id='par_1_7' title="bbox 186 982 3397 1069">
     <span class='ocr_line' id='line_1_7' title="bbox 186 982 3397 1069; baseline 0.003 -34"><span class='ocrx_word' id='word_1_75' title='bbox 186 986 325 1039; x_wconf 82' lang='lat' dir='ltr'><strong><em>libro</em></strong></span> <span class='ocrx_word' id='word_1_76' title='bbox 358 1004 391 1039; x_wconf 86' lang='grc' dir='ltr'><strong><em>ιι</em></strong></span> <span class='ocrx_word' id='word_1_77' title='bbox 428 987 706 1044; x_wconf 73' lang='lat' dir='ltr'><strong><em>Variarum</em></strong></span> <span class='ocrx_word' id='word_1_78' title='bbox 741 996 1050 1069; x_wconf 79' lang='lat' dir='ltr'><strong><em>docuimus;</em></strong></span> <span class='ocrx_word' id='word_1_79' title='bbox 1088 1002 1324 1047; x_wconf 81' lang='lat' dir='ltr'><strong><em>auctores</em></strong></span> <span class='ocrx_word' id='word_1_80' title='bbox 1356 994 1435 1046; x_wconf 88' lang='lat' dir='ltr'><strong><em>illi</em></strong></span> <span class='ocrx_word' id='word_1_81' title='bbox 1462 982 1799 1062; x_wconf 72' lang='lat' dir='ltr'><strong><em>plttenomena</em></strong></span> <span class='ocrx_word' id='word_1_82' title='bbox 1832 1012 1929 1048; x_wconf 89' lang='lat' dir='ltr'><strong><em>sua</em></strong></span> <span class='ocrx_word' id='word_1_83' title='bbox 1960 996 2387 1063; x_wconf 81' lang='lat' dir='ltr'><strong><em>perscripserunt.</em></strong></span> <span class='ocrx_word' id='word_1_84' title='bbox 2422 994 2525 1060; x_wconf 85' lang='lat' dir='ltr'><strong><em>Qui</em></strong></span> <span class='ocrx_word' id='word_1_85' title='bbox 2552 1006 2726 1049; x_wconf 86' lang='lat' dir='ltr'><strong><em>noster</em></strong></span> <span class='ocrx_word' id='word_1_86' title='bbox 2768 994 2915 1048; x_wconf 90' lang='lat' dir='ltr'><strong><em>labor</em></strong></span> <span class='ocrx_word' id='word_1_87' title='bbox 2946 1012 3047 1047; x_wconf 90' lang='lat' dir='ltr'><strong><em>non</em></strong></span> <span class='ocrx_word' id='word_1_88' title='bbox 3093 1010 3281 1062; x_wconf 88' lang='lat' dir='ltr'><strong><em>parum</em></strong></span> <span class='ocrx_word' id='word_1_89' title='bbox 3310 1010 3397 1046; x_wconf 88' lang='lat' dir='ltr'><strong><em>eos</em></strong></span> 
     </span>
    </p>
   </div>
   <div class='ocr_carea' id='block_1_8' title="bbox 182 1078 3401 1156">
    <p class='ocr_par' dir='ltr' id='par_1_8' title="bbox 182 1078 3401 1156">
     <span class='ocr_line' id='line_1_8' title="bbox 182 1078 3401 1156; baseline 0.003 -27"><span class='ocrx_word' id='word_1_90' title='bbox 182 1078 581 1150; x_wconf 86' lang='lat' dir='ltr'><strong><em>adjuvabit,qni</em></strong></span> <span class='ocrx_word' id='word_1_91' title='bbox 604 1092 777 1149; x_wconf 90' lang='lat' dir='ltr'><strong><em>poetas</em></strong></span> <span class='ocrx_word' id='word_1_92' title='bbox 801 1086 1030 1153; x_wconf 86' lang='lat' dir='ltr'><strong><em>aliosque</em></strong></span> <span class='ocrx_word' id='word_1_93' title='bbox 1053 1088 1325 1155; x_wconf 85' lang='lat' dir='ltr'><strong><em>scriptores</em></strong></span> <span class='ocrx_word' id='word_1_94' title='bbox 1356 1088 1409 1139; x_wconf 89' lang='lat' dir='ltr'><strong><em>in</em></strong></span> <span class='ocrx_word' id='word_1_95' title='bbox 1435 1104 1616 1140; x_wconf 85' lang='lat' dir='ltr'><strong><em>manus</em></strong></span> <span class='ocrx_word' id='word_1_96' title='bbox 1635 1088 1989 1156; x_wconf 83' lang='lat' dir='ltr'><strong><em>sumpserint;</em></strong></span> <span class='ocrx_word' id='word_1_97' title='bbox 2022 1086 2109 1138; x_wconf 88' lang='lat' dir='ltr'><strong><em>ubi</em></strong></span> <span class='ocrx_word' id='word_1_98' title='bbox 2133 1088 2409 1141; x_wconf 88' lang='lat' dir='ltr'><strong><em>orientium</em></strong></span> <span class='ocrx_word' id='word_1_99' title='bbox 2421 1088 2500 1141; x_wconf 88' lang='lat' dir='ltr'><strong><em>vel</em></strong></span> <span class='ocrx_word' id='word_1_100' title='bbox 2522 1087 2862 1141; x_wconf 88' lang='lat' dir='ltr'><strong><em>occidentium</em></strong></span> <span class='ocrx_word' id='word_1_101' title='bbox 2890 1088 3162 1141; x_wconf 87' lang='lat' dir='ltr'><strong><em>stellarum</em></strong></span> <span class='ocrx_word' id='word_1_102' title='bbox 3184 1088 3243 1155; x_wconf 80' lang='lat' dir='ltr'><strong><em>fit</em></strong></span> <span class='ocrx_word' id='word_1_103' title='bbox 3272 1101 3401 1138; x_wconf 90' lang='lat' dir='ltr'><strong><em>non-</em></strong></span> 
     </span>
    </p>
   </div>
   <div class='ocr_carea' id='block_1_9' title="bbox 181 1174 3396 1250">
    <p class='ocr_par' dir='ltr' id='par_1_9' title="bbox 181 1174 3396 1250">
     <span class='ocr_line' id='line_1_9' title="bbox 181 1174 3396 1250; baseline 0.001 -24"><span class='ocrx_word' id='word_1_104' title='bbox 181 1174 342 1227; x_wconf 89' lang='lat' dir='ltr'><strong><em>nulla</em></strong></span> <span class='ocrx_word' id='word_1_105' title='bbox 371 1179 881 1245; x_wconf 75' lang='lat' dir='ltr'><strong><em>mentio,pr¢esertim</em></strong></span> <span class='ocrx_word' id='word_1_106' title='bbox 903 1186 949 1236; x_wconf 89' lang='lat' dir='ltr'><strong><em>si</em></strong></span> <span class='ocrx_word' id='word_1_107' title='bbox 978 1182 1044 1235; x_wconf 89' lang='lat' dir='ltr'><strong><em>ad</em></strong></span> <span class='ocrx_word' id='word_1_108' title='bbox 1063 1199 1212 1237; x_wconf 88' lang='lat' dir='ltr'><strong><em>usum</em></strong></span> <span class='ocrx_word' id='word_1_109' title='bbox 1241 1182 1555 1237; x_wconf 82' lang='lat' dir='ltr'><strong><em>Kalendarii</em></strong></span> <span class='ocrx_word' id='word_1_110' title='bbox 1589 1184 1761 1247; x_wconf 81' lang='lat' dir='ltr'><strong><em>istius,</em></strong></span> <span class='ocrx_word' id='word_1_111' title='bbox 1787 1182 1911 1235; x_wconf 87' lang='lat' dir='ltr'><strong><em>libri</em></strong></span> <span class='ocrx_word' id='word_1_112' title='bbox 1942 1184 2095 1250; x_wconf 87' lang='lat' dir='ltr'><strong><em>primi</em></strong></span> <span class='ocrx_word' id='word_1_113' title='bbox 2124 1185 2389 1236; x_wconf 85' lang='lat' dir='ltr'><strong><em>variarum</em></strong></span> <span class='ocrx_word' id='word_1_114' title='bbox 2412 1182 2838 1236; x_wconf 88' lang='lat' dir='ltr'><strong><em>dissertationum</em></strong></span> <span class='ocrx_word' id='word_1_115' title='bbox 2872 1191 3174 1235; x_wconf 87' lang='lat' dir='ltr'><strong><em>nostrarum</em></strong></span> <span class='ocrx_word' id='word_1_116' title='bbox 3199 1179 3396 1233; x_wconf 88' lang='lat' dir='ltr'><strong><em>doctri-</em></strong></span> 
     </span>
    </p>
   </div>
   <div class='ocr_carea' id='block_1_10' title="bbox 180 1269 3399 1341">
    <p class='ocr_par' dir='ltr' id='par_1_10' title="bbox 180 1269 3399 1341">
     <span class='ocr_line' id='line_1_10' title="bbox 180 1269 3399 1341; baseline 0.002 -24"><span class='ocrx_word' id='word_1_117' title='bbox 180 1282 317 1318; x_wconf 83' lang='lat' dir='ltr'><strong><em>nam</em></strong></span> <span class='ocrx_word' id='word_1_118' title='bbox 348 1269 705 1335; x_wconf 75' lang='lat' dir='ltr'><strong><em>adjunxerint.</em></strong></span> <span class='ocrx_word' id='word_1_119' title='bbox 735 1272 965 1327; x_wconf 87' lang='lat' dir='ltr'><strong><em>Tertium</em></strong></span> <span class='ocrx_word' id='word_1_120' title='bbox 1001 1285 1079 1329; x_wconf 87' lang='lat' dir='ltr'><strong><em>est</em></strong></span> <span class='ocrx_word' id='word_1_121' title='bbox 1117 1274 1165 1326; x_wconf 82' lang='grc' dir='ltr'><em>Κ</em></span> <span class='ocrx_word' id='word_1_122' title='bbox 1172 1275 1502 1329; x_wconf 87' lang='lat' dir='ltr'><strong><em>alendarium</em></strong></span> <span class='ocrx_word' id='word_1_123' title='bbox 1538 1274 1871 1328; x_wconf 86' lang='lat' dir='ltr'><strong><em>Constantini</em></strong></span> <span class='ocrx_word' id='word_1_124' title='bbox 1900 1273 1977 1327; x_wconf 82' lang='grc' dir='ltr'><strong><em>Μ.</em></strong></span> <span class='ocrx_word' id='word_1_125' title='bbox 2007 1292 2038 1326; x_wconf 91' lang='lat' dir='ltr'><strong><em>a</em></strong></span> <span class='ocrx_word' id='word_1_126' title='bbox 2069 1273 2276 1329; x_wconf 81' lang='lat' dir='ltr'><strong><em>Joanne</em></strong></span> <span class='ocrx_word' id='word_1_127' title='bbox 2311 1273 2584 1328; x_wconf 80' lang='lat' dir='ltr'><strong><em>Herwarto</em></strong></span> <span class='ocrx_word' id='word_1_128' title='bbox 2614 1274 2737 1327; x_wconf 89' lang='lat' dir='ltr'><strong><em>olim</em></strong></span> <span class='ocrx_word' id='word_1_129' title='bbox 2765 1273 2979 1337; x_wconf 86' lang='lat' dir='ltr'><strong><em>editum,</em></strong></span> <span class='ocrx_word' id='word_1_130' title='bbox 3006 1271 3153 1341; x_wconf 85' lang='lat' dir='ltr'><strong><em>cujus</em></strong></span> <span class='ocrx_word' id='word_1_131' title='bbox 3179 1287 3399 1325; x_wconf 86' lang='lat' dir='ltr'><strong><em>enarra-</em></strong></span> 
     </span>
    </p>
   </div>
   <div class='ocr_carea' id='block_1_11' title="bbox 178 1357 2085 1432">
    <p class='ocr_par' dir='ltr' id='par_1_11' title="bbox 178 1357 2085 1432">
     <span class='ocr_line' id='line_1_11' title="bbox 178 1357 2085 1432; baseline 0.005 -25"><span class='ocrx_word' id='word_1_132' title='bbox 178 1357 384 1409; x_wconf 86' lang='lat' dir='ltr'><strong><em>tionem</em></strong></span> <span class='ocrx_word' id='word_1_133' title='bbox 406 1359 433 1409; x_wconf 84' lang='grc' dir='ltr'><strong>ὁ</strong></span> <span class='ocrx_word' id='word_1_134' title='bbox 466 1360 767 1431; x_wconf 75' lang='grc' dir='ltr'><strong><em>μακαρίτης</em></strong></span> <span class='ocrx_word' id='word_1_135' title='bbox 808 1361 1156 1432; x_wconf 73' lang='lat' dir='ltr'><strong><em>Hieronymus</em></strong></span> <span class='ocrx_word' id='word_1_136' title='bbox 1186 1364 1483 1417; x_wconf 79' lang='lat' dir='ltr'><strong><em>Alexander</em></strong></span> <span class='ocrx_word' id='word_1_137' title='bbox 1512 1365 1733 1418; x_wconf 85' lang='lat' dir='ltr'><strong><em>scribere</em></strong></span> <span class='ocrx_word' id='word_1_138' title='bbox 1766 1365 2085 1418; x_wconf 80' lang='lat' dir='ltr'><strong><em>instituerat.</em></strong></span> 
     </span>
    </p>
   </div>
   <div class='ocr_carea' id='block_1_12' title="bbox 258 1447 3395 1526">
    <p class='ocr_par' dir='ltr' id='par_1_12' title="bbox 258 1447 3395 1526">
     <span class='ocr_line' id='line_1_12' title="bbox 258 1447 3395 1526; baseline 0.002 -26"><span class='ocrx_word' id='word_1_139' title='bbox 258 1447 465 1503; x_wconf 71' lang='lat' dir='ltr'><strong><em>Exinde</em></strong></span> <span class='ocrx_word' id='word_1_140' title='bbox 494 1452 710 1505; x_wconf 78' lang='lat' dir='ltr'><strong><em>Achillis</em></strong></span> <span class='ocrx_word' id='word_1_141' title='bbox 749 1452 889 1506; x_wconf 88' lang='lat' dir='ltr'><strong><em>Tatii</em></strong></span> <span class='ocrx_word' id='word_1_142' title='bbox 930 1464 978 1507; x_wconf 87' lang='lat' dir='ltr'><strong><em>et</em></strong></span> <span class='ocrx_word' id='word_1_143' title='bbox 1013 1455 1299 1522; x_wconf 87' lang='lat' dir='ltr'><strong><em>Hipparchi</em></strong></span> <span class='ocrx_word' id='word_1_144' title='bbox 1332 1455 1494 1509; x_wconf 88' lang='lat' dir='ltr'><strong><em>libros</em></strong></span> <span class='ocrx_word' id='word_1_145' title='bbox 1528 1456 1848 1520; x_wconf 83' lang='lat' dir='ltr'><strong><em>addidimus,</em></strong></span> <span class='ocrx_word' id='word_1_146' title='bbox 1877 1472 2005 1526; x_wconf 87' lang='lat' dir='ltr'><strong><em>quos</em></strong></span> <span class='ocrx_word' id='word_1_147' title='bbox 2046 1454 2220 1509; x_wconf 79' lang='lat' dir='ltr'><strong><em>Grtece</em></strong></span> <span class='ocrx_word' id='word_1_148' title='bbox 2244 1458 2442 1524; x_wconf 88' lang='lat' dir='ltr'><strong><em>primus</em></strong></span> <span class='ocrx_word' id='word_1_149' title='bbox 2489 1474 2516 1510; x_wconf 92' lang='lat' dir='ltr'><strong><em>e</em></strong></span> <span class='ocrx_word' id='word_1_150' title='bbox 2550 1455 2779 1510; x_wconf 78' lang='lat' dir='ltr'><strong><em>Medicea</em></strong></span> <span class='ocrx_word' id='word_1_151' title='bbox 2830 1454 3139 1508; x_wconf 76' lang='lat' dir='ltr'><strong><em>bibliotheca</em></strong></span> <span class='ocrx_word' id='word_1_152' title='bbox 3169 1452 3395 1522; x_wconf 80' lang='lat' dir='ltr'><strong><em>vulgavit</em></strong></span> 
     </span>
    </p>
   </div>
   <div class='ocr_carea' id='block_1_13' title="bbox 174 1537 3397 1615">
    <p class='ocr_par' dir='ltr' id='par_1_13' title="bbox 174 1537 3397 1615">
     <span class='ocr_line' id='line_1_13' title="bbox 174 1537 3397 1615; baseline 0.002 -26"><span class='ocrx_word' id='word_1_153' title='bbox 174 1537 378 1593; x_wconf 87' lang='lat' dir='ltr'><strong><em>Petrus</em></strong></span> <span class='ocrx_word' id='word_1_154' title='bbox 422 1541 699 1606; x_wconf 81' lang='lat' dir='ltr'><strong><em>Victorius,</em></strong></span> <span class='ocrx_word' id='word_1_155' title='bbox 735 1561 825 1597; x_wconf 93' lang='lat' dir='ltr'><strong><em>nos</em></strong></span> <span class='ocrx_word' id='word_1_156' title='bbox 856 1543 1072 1598; x_wconf 88' lang='lat' dir='ltr'><strong><em>Latinos</em></strong></span> <span class='ocrx_word' id='word_1_157' title='bbox 1097 1548 1334 1613; x_wconf 86' lang='lat' dir='ltr'><strong><em>fecimus.</em></strong></span> <span class='ocrx_word' id='word_1_158' title='bbox 1374 1548 1450 1599; x_wconf 90' lang='lat' dir='ltr'><strong><em>Ac</em></strong></span> <span class='ocrx_word' id='word_1_159' title='bbox 1488 1547 1745 1614; x_wconf 86' lang='lat' dir='ltr'><strong><em>principio</em></strong></span> <span class='ocrx_word' id='word_1_160' title='bbox 1775 1547 1982 1615; x_wconf 89' lang='lat' dir='ltr'><strong><em>quidem</em></strong></span> <span class='ocrx_word' id='word_1_161' title='bbox 2013 1547 2181 1600; x_wconf 90' lang='lat' dir='ltr'><strong><em>solum</em></strong></span> <span class='ocrx_word' id='word_1_162' title='bbox 2230 1546 2442 1598; x_wconf 89' lang='lat' dir='ltr'><strong><em>Tatium</em></strong></span> <span class='ocrx_word' id='word_1_163' title='bbox 2471 1546 2704 1613; x_wconf 85' lang='lat' dir='ltr'><strong><em>conferre</em></strong></span> <span class='ocrx_word' id='word_1_164' title='bbox 2732 1547 2786 1598; x_wconf 92' lang='lat' dir='ltr'><strong><em>in</em></strong></span> <span class='ocrx_word' id='word_1_165' title='bbox 2814 1546 3120 1597; x_wconf 79' lang='lat' dir='ltr'><strong><em>Auctarium</em></strong></span> <span class='ocrx_word' id='word_1_166' title='bbox 3155 1544 3249 1596; x_wconf 86' lang='lat' dir='ltr'><strong><em>hoc</em></strong></span> <span class='ocrx_word' id='word_1_167' title='bbox 3304 1559 3397 1596; x_wconf 87' lang='lat' dir='ltr'><strong><em>no-</em></strong></span> 
     </span>
    </p>
   </div>
   <div class='ocr_carea' id='block_1_14' title="bbox 172 1633 3038 1707">
    <p class='ocr_par' dir='ltr' id='par_1_14' title="bbox 172 1633 3038 1707">
     <span class='ocr_line' id='line_1_14' title="bbox 172 1633 3038 1707; baseline 0.004 -25"><span class='ocrx_word' id='word_1_168' title='bbox 172 1641 351 1684; x_wconf 84' lang='lat' dir='ltr'><strong><em>strum</em></strong></span> <span class='ocrx_word' id='word_1_169' title='bbox 384 1633 672 1696; x_wconf 88' lang='lat' dir='ltr'><strong><em>voluimus;</em></strong></span> <span class='ocrx_word' id='word_1_170' title='bbox 700 1645 813 1703; x_wconf 86' lang='lat' dir='ltr'><strong><em>post</em></strong></span> <span class='ocrx_word' id='word_1_171' title='bbox 850 1636 911 1689; x_wconf 90' lang='lat' dir='ltr'><strong><em>de</em></strong></span> <span class='ocrx_word' id='word_1_172' title='bbox 932 1635 1229 1703; x_wconf 85' lang='lat' dir='ltr'><strong><em>Hipparcho</em></strong></span> <span class='ocrx_word' id='word_1_173' title='bbox 1258 1655 1455 1707; x_wconf 88' lang='lat' dir='ltr'><strong><em>quoque</em></strong></span> <span class='ocrx_word' id='word_1_174' title='bbox 1474 1639 1768 1691; x_wconf 83' lang='lat' dir='ltr'><strong><em>remisimus</em></strong></span> <span class='ocrx_word' id='word_1_175' title='bbox 1790 1638 2065 1691; x_wconf 88' lang='lat' dir='ltr'><strong><em>doctorum</em></strong></span> <span class='ocrx_word' id='word_1_176' title='bbox 2086 1638 2436 1704; x_wconf 87' lang='lat' dir='ltr'><strong><em>quorumdam</em></strong></span> <span class='ocrx_word' id='word_1_177' title='bbox 2463 1640 2751 1691; x_wconf 88' lang='lat' dir='ltr'><strong><em>amicorum</em></strong></span> <span class='ocrx_word' id='word_1_178' title='bbox 2783 1639 3038 1707; x_wconf 83' lang='lat' dir='ltr'><strong><em>precibus.</em></strong></span> 
     </span>
    </p>
   </div>
   <div class='ocr_carea' id='block_1_15' title="bbox 254 1728 3393 1803">
    <p class='ocr_par' dir='ltr' id='par_1_15' title="bbox 254 1728 3393 1803">
     <span class='ocr_line' id='line_1_15' title="bbox 254 1728 3393 1803; baseline 0.001 -24"><span class='ocrx_word' id='word_1_179' title='bbox 254 1730 326 1780; x_wconf 77' lang='lat' dir='ltr'><strong><em>In</em></strong></span> <span class='ocrx_word' id='word_1_180' title='bbox 353 1729 567 1784; x_wconf 85' lang='lat' dir='ltr'><strong><em>Achillis</em></strong></span> <span class='ocrx_word' id='word_1_181' title='bbox 609 1734 995 1786; x_wconf 89' lang='lat' dir='ltr'><strong><em>commentariis</em></strong></span> <span class='ocrx_word' id='word_1_182' title='bbox 1032 1734 1285 1786; x_wconf 85' lang='lat' dir='ltr'><strong><em>nonnulla</em></strong></span> <span class='ocrx_word' id='word_1_183' title='bbox 1315 1742 1432 1787; x_wconf 88' lang='lat' dir='ltr'><strong><em>sunt</em></strong></span> <span class='ocrx_word' id='word_1_184' title='bbox 1462 1734 1751 1803; x_wconf 78' lang='grc' dir='ltr'><strong><em>περίεργα,</em></strong></span> <span class='ocrx_word' id='word_1_185' title='bbox 1778 1748 1839 1785; x_wconf 86' lang='lat' dir='ltr'><strong><em>ac</em></strong></span> <span class='ocrx_word' id='word_1_186' title='bbox 1870 1732 2081 1786; x_wconf 81' lang='lat' dir='ltr'><strong><em>minime</em></strong></span> <span class='ocrx_word' id='word_1_187' title='bbox 2114 1734 2429 1794; x_wconf 83' lang='lat' dir='ltr'><strong><em>necessaria,</em></strong></span> <span class='ocrx_word' id='word_1_188' title='bbox 2461 1736 2615 1800; x_wconf 87' lang='lat' dir='ltr'><strong><em>plura</em></strong></span> <span class='ocrx_word' id='word_1_189' title='bbox 2648 1743 2820 1786; x_wconf 89' lang='lat' dir='ltr'><strong><em>tamen</em></strong></span> <span class='ocrx_word' id='word_1_190' title='bbox 2857 1731 2989 1783; x_wconf 89' lang='lat' dir='ltr'><strong><em>scitu</em></strong></span> <span class='ocrx_word' id='word_1_191' title='bbox 3020 1745 3122 1782; x_wconf 92' lang='lat' dir='ltr'><strong><em>non</em></strong></span> <span class='ocrx_word' id='word_1_192' title='bbox 3160 1728 3393 1797; x_wconf 91' lang='lat' dir='ltr'><strong><em>indigna.</em></strong></span> 
     </span>
    </p>
   </div>
   <div class='ocr_carea' id='block_1_16' title="bbox 176 1819 3388 1896">
    <p class='ocr_par' dir='ltr' id='par_1_16' title="bbox 176 1819 3388 1896">
     <span class='ocr_line' id='line_1_16' title="bbox 176 1819 3388 1896; baseline -0.001 -23"><span class='ocrx_word' id='word_1_193' title='bbox 176 1819 255 1873; x_wconf 87' lang='lat' dir='ltr'><strong><em>In</em></strong></span> <span class='ocrx_word' id='word_1_194' title='bbox 276 1822 467 1890; x_wconf 85' lang='lat' dir='ltr'><strong><em>quibus</em></strong></span> <span class='ocrx_word' id='word_1_195' title='bbox 490 1840 602 1893; x_wconf 73' lang='lat' dir='ltr'><strong><em>qua</em></strong></span> <span class='ocrx_word' id='word_1_196' title='bbox 622 1836 770 1878; x_wconf 88' lang='lat' dir='ltr'><strong><em>erant</em></strong></span> <span class='ocrx_word' id='word_1_197' title='bbox 798 1828 985 1879; x_wconf 84' lang='lat' dir='ltr'><strong><em>menda</em></strong></span> <span class='ocrx_word' id='word_1_198' title='bbox 1015 1827 1209 1896; x_wconf 81' lang='lat' dir='ltr'><strong><em>corrigi</em></strong></span> <span class='ocrx_word' id='word_1_199' title='bbox 1233 1844 1334 1880; x_wconf 88' lang='lat' dir='ltr'><strong><em>non</em></strong></span> <span class='ocrx_word' id='word_1_200' title='bbox 1365 1836 1660 1896; x_wconf 85' lang='lat' dir='ltr'><strong><em>potuerunt,</em></strong></span> <span class='ocrx_word' id='word_1_201' title='bbox 1685 1824 1821 1894; x_wconf 89' lang='lat' dir='ltr'><strong><em>quod</em></strong></span> <span class='ocrx_word' id='word_1_202' title='bbox 1861 1824 2061 1879; x_wconf 88' lang='lat' dir='ltr'><strong><em>nullum</em></strong></span> <span class='ocrx_word' id='word_1_203' title='bbox 2095 1835 2234 1878; x_wconf 89' lang='lat' dir='ltr'><strong><em>vetus</em></strong></span> <span class='ocrx_word' id='word_1_204' title='bbox 2264 1826 2529 1893; x_wconf 74' lang='lat' dir='ltr'><strong><em>exemplar</em></strong></span> <span class='ocrx_word' id='word_1_205' title='bbox 2552 1864 2566 1889; x_wconf 93' lang='lat'><strong><em>,</em></strong></span> <span class='ocrx_word' id='word_1_206' title='bbox 2613 1840 2711 1892; x_wconf 90' lang='lat' dir='ltr'><strong><em>quo</em></strong></span> <span class='ocrx_word' id='word_1_207' title='bbox 2737 1826 3015 1878; x_wconf 89' lang='lat' dir='ltr'><strong><em>niteremur</em></strong></span> <span class='ocrx_word' id='word_1_208' title='bbox 3033 1861 3048 1886; x_wconf 91' lang='lat'><strong><em>,</em></strong></span> <span class='ocrx_word' id='word_1_209' title='bbox 3080 1825 3148 1874; x_wconf 89' lang='lat' dir='ltr'><strong><em>ad</em></strong></span> <span class='ocrx_word' id='word_1_210' title='bbox 3177 1836 3388 1874; x_wconf 89' lang='lat' dir='ltr'><strong><em>manum</em></strong></span> 
     </span>
    </p>
   </div>
   <div class='ocr_carea' id='block_1_17' title="bbox 171 1912 1899 1979">
    <p class='ocr_par' dir='ltr' id='par_1_17' title="bbox 171 1912 1899 1979">
     <span class='ocr_line' id='line_1_17' title="bbox 171 1912 1899 1979; baseline 0.006 -15"><span class='ocrx_word' id='word_1_211' title='bbox 171 1912 313 1979; x_wconf 89' lang='lat' dir='ltr'><strong><em>fuit.</em></strong></span> <span class='ocrx_word' id='word_1_212' title='bbox 1886 1968 1899 1975; x_wconf 84' lang='lat'>,</span> 
     </span>
    </p>
   </div>
   <div class='ocr_carea' id='block_1_18' title="bbox 254 2002 3396 2077">
    <p class='ocr_par' dir='ltr' id='par_1_18' title="bbox 254 2002 3396 2077">
     <span class='ocr_line' id='line_1_18' title="bbox 254 2002 3396 2077; baseline -0.002 -20"><span class='ocrx_word' id='word_1_213' title='bbox 254 2002 545 2073; x_wconf 86' lang='lat' dir='ltr'><strong><em>Hipparchi</em></strong></span> <span class='ocrx_word' id='word_1_214' title='bbox 577 2022 691 2060; x_wconf 82' lang='lat' dir='ltr'><strong><em>vero</em></strong></span> <span class='ocrx_word' id='word_1_215' title='bbox 722 2007 847 2061; x_wconf 85' lang='lat' dir='ltr'><strong><em>libri</em></strong></span> <span class='ocrx_word' id='word_1_216' title='bbox 887 2009 1069 2061; x_wconf 89' lang='lat' dir='ltr'><strong><em>multis</em></strong></span> <span class='ocrx_word' id='word_1_217' title='bbox 1105 2008 1158 2062; x_wconf 90' lang='lat' dir='ltr'><strong><em>in</em></strong></span> <span class='ocrx_word' id='word_1_218' title='bbox 1185 2008 1311 2063; x_wconf 89' lang='lat' dir='ltr'><strong><em>locis</em></strong></span> <span class='ocrx_word' id='word_1_219' title='bbox 1340 2008 1771 2072; x_wconf 77' lang='lat' dir='ltr'><strong><em>emendatisunt,</em></strong></span> <span class='ocrx_word' id='word_1_220' title='bbox 1806 2024 1909 2062; x_wconf 90' lang='lat' dir='ltr'><strong><em>non</em></strong></span> <span class='ocrx_word' id='word_1_221' title='bbox 1944 2024 2006 2062; x_wconf 78' lang='lat' dir='ltr'><strong><em>ea:</em></strong></span> <span class='ocrx_word' id='word_1_222' title='bbox 2029 2008 2328 2077; x_wconf 87' lang='lat' dir='ltr'><strong><em>conjectura</em></strong></span> <span class='ocrx_word' id='word_1_223' title='bbox 2359 2010 2549 2072; x_wconf 89' lang='lat' dir='ltr'><strong><em>solum,</em></strong></span> <span class='ocrx_word' id='word_1_224' title='bbox 2571 2022 2706 2075; x_wconf 69' lang='lat' dir='ltr'><strong><em>quor,</em></strong></span> <span class='ocrx_word' id='word_1_225' title='bbox 2739 2004 2827 2058; x_wconf 89' lang='lat' dir='ltr'><strong><em>ubi</em></strong></span> <span class='ocrx_word' id='word_1_226' title='bbox 2849 2021 2975 2073; x_wconf 90' lang='lat' dir='ltr'><strong><em>opus</em></strong></span> <span class='ocrx_word' id='word_1_227' title='bbox 2999 2006 3120 2071; x_wconf 82' lang='lat' dir='ltr'><strong><em>fuit,</em></strong></span> <span class='ocrx_word' id='word_1_228' title='bbox 3158 2002 3225 2054; x_wconf 91' lang='lat' dir='ltr'><strong><em>ad</em></strong></span> <span class='ocrx_word' id='word_1_229' title='bbox 3247 2017 3396 2054; x_wconf 83' lang='lat' dir='ltr'><strong><em>mar-</em></strong></span> 
     </span>
    </p>
   </div>
   <div class='ocr_carea' id='block_1_19' title="bbox 167 2084 3392 2169">
    <p class='ocr_par' dir='ltr' id='par_1_19' title="bbox 167 2084 3392 2169">
     <span class='ocr_line' id='line_1_19' title="bbox 167 2084 3392 2169; baseline -0.001 -19"><span class='ocrx_word' id='word_1_230' title='bbox 167 2098 354 2166; x_wconf 80' lang='lat' dir='ltr'><strong><em>ginem</em></strong></span> <span class='ocrx_word' id='word_1_231' title='bbox 377 2100 603 2165; x_wconf 86' lang='lat' dir='ltr'><strong><em>ascripta</em></strong></span> <span class='ocrx_word' id='word_1_232' title='bbox 636 2110 731 2164; x_wconf 86' lang='lat' dir='ltr'><strong><em>est,</em></strong></span> <span class='ocrx_word' id='word_1_233' title='bbox 761 2101 1191 2169; x_wconf 87' lang='lat' dir='ltr'><strong><em>quemadmodum</em></strong></span> <span class='ocrx_word' id='word_1_234' title='bbox 1224 2084 1273 2155; x_wconf 87' lang='lat' dir='ltr'><strong><em>et</em></strong></span> <span class='ocrx_word' id='word_1_235' title='bbox 1306 2104 1360 2155; x_wconf 90' lang='lat' dir='ltr'><strong><em>in</em></strong></span> <span class='ocrx_word' id='word_1_236' title='bbox 1403 2102 1604 2155; x_wconf 70' lang='lat' dir='ltr'><strong><em>caeteris</em></strong></span> <span class='ocrx_word' id='word_1_237' title='bbox 1644 2102 1879 2169; x_wconf 84' lang='lat' dir='ltr'><strong><em>fecimus,</em></strong></span> <span class='ocrx_word' id='word_1_238' title='bbox 1908 2102 1996 2156; x_wconf 86' lang='lat' dir='ltr'><strong><em>sed</em></strong></span> <span class='ocrx_word' id='word_1_239' title='bbox 2034 2103 2192 2155; x_wconf 87' lang='lat' dir='ltr'><strong><em>etiam</em></strong></span> <span class='ocrx_word' id='word_1_240' title='bbox 2217 2118 2281 2156; x_wconf 73' lang='lat' dir='ltr'><strong><em>ea:</em></strong></span> <span class='ocrx_word' id='word_1_241' title='bbox 2318 2105 2529 2165; x_wconf 86' lang='lat' dir='ltr'><strong><em>antiquo</em></strong></span> <span class='ocrx_word' id='word_1_242' title='bbox 2560 2100 2874 2153; x_wconf 77' lang='lat' dir='ltr'><strong><em>bibliothecw</em></strong></span> <span class='ocrx_word' id='word_1_243' title='bbox 2898 2096 3068 2165; x_wconf 75' lang='lat' dir='ltr'><strong><em>Regitc</em></strong></span> <span class='ocrx_word' id='word_1_244' title='bbox 3096 2096 3248 2157; x_wconf 88' lang='lat' dir='ltr'><strong><em>libro,</em></strong></span> <span class='ocrx_word' id='word_1_245' title='bbox 3272 2094 3392 2162; x_wconf 86' lang='lat' dir='ltr'><strong><em>pul-</em></strong></span> 
     </span>
    </p>
   </div>
   <div class='ocr_carea' id='block_1_20' title="bbox 167 2185 3394 2267">
    <p class='ocr_par' dir='ltr' id='par_1_20' title="bbox 167 2185 3394 2267">
     <span class='ocr_line' id='line_1_20' title="bbox 167 2185 3394 2267; baseline -0.003 -20"><span class='ocrx_word' id='word_1_246' title='bbox 167 2195 435 2249; x_wconf 78' lang='lat' dir='ltr'><strong><em>cherrime</em></strong></span> <span class='ocrx_word' id='word_1_247' title='bbox 465 2198 677 2263; x_wconf 89' lang='lat' dir='ltr'><strong><em>scripto,</em></strong></span> <span class='ocrx_word' id='word_1_248' title='bbox 702 2213 851 2265; x_wconf 86' lang='lat' dir='ltr'><strong><em>quem</em></strong></span> <span class='ocrx_word' id='word_1_249' title='bbox 881 2198 1026 2251; x_wconf 88' lang='lat' dir='ltr'><strong><em>nobis</em></strong></span> <span class='ocrx_word' id='word_1_250' title='bbox 1058 2198 1125 2250; x_wconf 92' lang='lat' dir='ltr'><strong><em>cl.</em></strong></span> <span class='ocrx_word' id='word_1_251' title='bbox 1167 2197 1228 2250; x_wconf 87' lang='lat' dir='ltr'><strong><em>V.</em></strong></span> <span class='ocrx_word' id='word_1_252' title='bbox 1254 2198 1324 2252; x_wconf 76' lang='grc' dir='ltr'><strong><em>Β.</em></strong></span> <span class='ocrx_word' id='word_1_253' title='bbox 1358 2196 1616 2267; x_wconf 85' lang='lat' dir='ltr'><strong><em>Rigaltius</em></strong></span> <span class='ocrx_word' id='word_1_254' title='bbox 1649 2198 2013 2250; x_wconf 86' lang='lat' dir='ltr'><strong><em>commodavit.</em></strong></span> <span class='ocrx_word' id='word_1_255' title='bbox 2047 2197 2126 2251; x_wconf 86' lang='lat' dir='ltr'><strong><em>Eo</em></strong></span> <span class='ocrx_word' id='word_1_256' title='bbox 2155 2207 2416 2265; x_wconf 67' lang='lat' dir='ltr'><strong><em>prmeunte</em></strong></span> <span class='ocrx_word' id='word_1_257' title='bbox 2464 2198 2626 2259; x_wconf 89' lang='lat' dir='ltr'><strong><em>libro,</em></strong></span> <span class='ocrx_word' id='word_1_258' title='bbox 2684 2188 2934 2262; x_wconf 87' lang='lat' dir='ltr'><strong><em>quidquid</em></strong></span> <span class='ocrx_word' id='word_1_259' title='bbox 2966 2204 3130 2251; x_wconf 85' lang='lat' dir='ltr'><strong><em>secus,</em></strong></span> <span class='ocrx_word' id='word_1_260' title='bbox 3156 2196 3305 2254; x_wconf 88' lang='lat' dir='ltr'><strong><em>atque</em></strong></span> <span class='ocrx_word' id='word_1_261' title='bbox 3338 2185 3394 2235; x_wconf 74' lang='lat' dir='ltr'><strong><em>in</em></strong></span> 
     </span>
    </p>
   </div>
   <div class='ocr_carea' id='block_1_21' title="bbox 170 2272 3395 2357">
    <p class='ocr_par' dir='ltr' id='par_1_21' title="bbox 170 2272 3395 2357">
     <span class='ocr_line' id='line_1_21' title="bbox 170 2272 3395 2357; baseline -0.002 -21"><span class='ocrx_word' id='word_1_262' title='bbox 170 2272 494 2339; x_wconf 79' lang='lat' dir='ltr'><strong><em>Florentina</em></strong></span> <span class='ocrx_word' id='word_1_263' title='bbox 522 2288 764 2351; x_wconf 87' lang='lat' dir='ltr'><strong><em>editione,</em></strong></span> <span class='ocrx_word' id='word_1_264' title='bbox 788 2290 842 2341; x_wconf 90' lang='lat' dir='ltr'><strong><em>in</em></strong></span> <span class='ocrx_word' id='word_1_265' title='bbox 872 2288 970 2341; x_wconf 83' lang='lat' dir='ltr'><strong><em>hac</em></strong></span> <span class='ocrx_word' id='word_1_266' title='bbox 1006 2299 1197 2341; x_wconf 81' lang='lat' dir='ltr'><strong><em>nostra</em></strong></span> <span class='ocrx_word' id='word_1_267' title='bbox 1217 2288 1368 2357; x_wconf 88' lang='lat' dir='ltr'><strong><em>leges,</em></strong></span> <span class='ocrx_word' id='word_1_268' title='bbox 1400 2288 1783 2355; x_wconf 86' lang='lat' dir='ltr'><strong><em>conformatum</em></strong></span> <span class='ocrx_word' id='word_1_269' title='bbox 1812 2304 1922 2341; x_wconf 85' lang='lat' dir='ltr'><strong><em>esse</em></strong></span> <span class='ocrx_word' id='word_1_270' title='bbox 1955 2280 2269 2342; x_wconf 72' lang='lat' dir='ltr'><strong><em>memineris.</em></strong></span> <span class='ocrx_word' id='word_1_271' title='bbox 2303 2288 2616 2343; x_wconf 88' lang='lat' dir='ltr'><strong><em>Asterismos</em></strong></span> <span class='ocrx_word' id='word_1_272' title='bbox 2646 2294 2839 2345; x_wconf 86' lang='lat' dir='ltr'><strong><em>autem,</em></strong></span> <span class='ocrx_word' id='word_1_273' title='bbox 2874 2274 3010 2351; x_wconf 84' lang='lat' dir='ltr'><strong><em>quos</em></strong></span> <span class='ocrx_word' id='word_1_274' title='bbox 3040 2280 3134 2334; x_wconf 87' lang='lat' dir='ltr'><strong><em>sub</em></strong></span> <span class='ocrx_word' id='word_1_275' title='bbox 3163 2276 3395 2346; x_wconf 85' lang='lat' dir='ltr'><strong><em>Hippar-</em></strong></span> 
     </span>
    </p>
   </div>
   <div class='ocr_carea' id='block_1_22' title="bbox 167 2372 3393 2447">
    <p class='ocr_par' dir='ltr' id='par_1_22' title="bbox 167 2372 3393 2447">
     <span class='ocr_line' id='line_1_22' title="bbox 167 2372 3393 2447; baseline -0.001 -19"><span class='ocrx_word' id='word_1_276' title='bbox 167 2377 258 2430; x_wconf 75' lang='lat' dir='ltr'><strong><em>chi</em></strong></span> <span class='ocrx_word' id='word_1_277' title='bbox 298 2380 503 2431; x_wconf 89' lang='lat' dir='ltr'><strong><em>nomine</em></strong></span> <span class='ocrx_word' id='word_1_278' title='bbox 528 2378 708 2432; x_wconf 84' lang='lat' dir='ltr'><strong><em>eadem</em></strong></span> <span class='ocrx_word' id='word_1_279' title='bbox 749 2377 1063 2432; x_wconf 81' lang='lat' dir='ltr'><strong><em>Florentina</em></strong></span> <span class='ocrx_word' id='word_1_280' title='bbox 1099 2379 1259 2432; x_wconf 87' lang='lat' dir='ltr'><strong><em>editio</em></strong></span> <span class='ocrx_word' id='word_1_281' title='bbox 1303 2383 1548 2447; x_wconf 83' lang='lat' dir='ltr'><strong><em>continet,</em></strong></span> <span class='ocrx_word' id='word_1_282' title='bbox 1575 2381 1808 2433; x_wconf 88' lang='lat' dir='ltr'><strong><em>consulto</em></strong></span> <span class='ocrx_word' id='word_1_283' title='bbox 1835 2382 2286 2446; x_wconf 74' lang='lat' dir='ltr'><strong><em>praztermisimus.</em></strong></span> <span class='ocrx_word' id='word_1_284' title='bbox 2332 2380 2454 2433; x_wconf 68' lang='lat' dir='ltr'><strong><em>Non</em></strong></span> <span class='ocrx_word' id='word_1_285' title='bbox 2489 2382 2625 2433; x_wconf 87' lang='lat' dir='ltr'><strong><em>enim</em></strong></span> <span class='ocrx_word' id='word_1_286' title='bbox 2659 2376 2943 2444; x_wconf 85' lang='lat' dir='ltr'><strong><em>Hipparchi</em></strong></span> <span class='ocrx_word' id='word_1_287' title='bbox 2972 2382 3114 2435; x_wconf 88' lang='lat' dir='ltr'><strong><em>sunt,</em></strong></span> <span class='ocrx_word' id='word_1_288' title='bbox 3147 2374 3236 2426; x_wconf 89' lang='lat' dir='ltr'><strong><em>sed</em></strong></span> <span class='ocrx_word' id='word_1_289' title='bbox 3265 2372 3393 2425; x_wconf 79' lang='lat' dir='ltr'><strong><em>Pto-</em></strong></span> 
     </span>
    </p>
   </div>
   <div class='ocr_carea' id='block_1_23' title="bbox 168 2464 3194 2534">
    <p class='ocr_par' dir='ltr' id='par_1_23' title="bbox 168 2464 3194 2534">
     <span class='ocr_line' id='line_1_23' title="bbox 168 2464 3194 2534; baseline 0.003 -18"><span class='ocrx_word' id='word_1_290' title='bbox 168 2464 371 2529; x_wconf 76' lang='lat' dir='ltr'><strong><em>lemcei,</em></strong></span> <span class='ocrx_word' id='word_1_291' title='bbox 400 2482 432 2518; x_wconf 92' lang='lat' dir='ltr'><strong><em>a</em></strong></span> <span class='ocrx_word' id='word_1_292' title='bbox 461 2466 609 2534; x_wconf 89' lang='lat' dir='ltr'><strong><em>cujus</em></strong></span> <span class='ocrx_word' id='word_1_293' title='bbox 640 2465 818 2518; x_wconf 88' lang='lat' dir='ltr'><strong><em>tabula</em></strong></span> <span class='ocrx_word' id='word_1_294' title='bbox 848 2467 1031 2534; x_wconf 87' lang='lat' dir='ltr'><strong><em>paucis</em></strong></span> <span class='ocrx_word' id='word_1_295' title='bbox 1064 2465 1325 2518; x_wconf 88' lang='lat' dir='ltr'><strong><em>interdum</em></strong></span> <span class='ocrx_word' id='word_1_296' title='bbox 1349 2468 1565 2519; x_wconf 88' lang='lat' dir='ltr'><strong><em>&#39;rninutis</em></strong></span> <span class='ocrx_word' id='word_1_297' title='bbox 1592 2467 1909 2534; x_wconf 88' lang='lat' dir='ltr'><strong><em>discrepant.</em></strong></span> <span class='ocrx_word' id='word_1_298' title='bbox 1951 2467 2136 2534; x_wconf 88' lang='lat' dir='ltr'><strong><em>Itaque</em></strong></span> <span class='ocrx_word' id='word_1_299' title='bbox 2174 2466 2609 2534; x_wconf 81' lang='lat' dir='ltr'><strong><em>supervacaneum</em></strong></span> <span class='ocrx_word' id='word_1_300' title='bbox 2642 2483 2750 2524; x_wconf 88' lang='lat' dir='ltr'><strong><em>erat</em></strong></span> <span class='ocrx_word' id='word_1_301' title='bbox 2784 2473 2902 2525; x_wconf 89' lang='lat' dir='ltr'><strong><em>illas</em></strong></span> <span class='ocrx_word' id='word_1_302' title='bbox 2935 2472 3194 2524; x_wconf 88' lang='lat' dir='ltr'><strong><em>recudere.</em></strong></span> 
     </span>
    </p>
   </div>
   <div class='ocr_carea' id='block_1_24' title="bbox 248 2552 3392 2628">
    <p class='ocr_par' dir='ltr' id='par_1_24' title="bbox 248 2552 3392 2628">
     <span class='ocr_line' id='line_1_24' title="bbox 248 2552 3392 2628; baseline 0.002 -21"><span class='ocrx_word' id='word_1_303' title='bbox 248 2552 493 2609; x_wconf 82' lang='lat' dir='ltr'><strong><em>Succedit</em></strong></span> <span class='ocrx_word' id='word_1_304' title='bbox 534 2558 615 2610; x_wconf 88' lang='lat' dir='ltr'><strong><em>his</em></strong></span> <span class='ocrx_word' id='word_1_305' title='bbox 648 2555 804 2611; x_wconf 65' lang='lat' dir='ltr'><strong><em>Caele</em></strong></span> <span class='ocrx_word' id='word_1_306' title='bbox 850 2557 978 2610; x_wconf 85' lang='lat' dir='ltr'><strong><em>liber</em></strong></span> <span class='ocrx_word' id='word_1_307' title='bbox 1012 2556 1090 2612; x_wconf 88' lang='lat' dir='ltr'><strong><em>De</em></strong></span> <span class='ocrx_word' id='word_1_308' title='bbox 1123 2558 1405 2613; x_wconf 87' lang='lat' dir='ltr'><strong><em>mensibus</em></strong></span> <span class='ocrx_word' id='word_1_309' title='bbox 1446 2556 1639 2613; x_wconf 78' lang='lat' dir='ltr'><strong><em>Atticis</em></strong></span> <span class='ocrx_word' id='word_1_310' title='bbox 1663 2596 1679 2621; x_wconf 91' lang='lat'><strong><em>,</em></strong></span> <span class='ocrx_word' id='word_1_311' title='bbox 1728 2573 1845 2611; x_wconf 91' lang='lat' dir='ltr'><strong><em>cum</em></strong></span> <span class='ocrx_word' id='word_1_312' title='bbox 1876 2557 2071 2611; x_wconf 90' lang='lat' dir='ltr'><strong><em>Latina</em></strong></span> <span class='ocrx_word' id='word_1_313' title='bbox 2119 2560 2348 2613; x_wconf 75' lang='lat' dir='ltr'><strong><em>versione</em></strong></span> <span class='ocrx_word' id='word_1_314' title='bbox 2373 2557 2601 2612; x_wconf 81' lang='lat' dir='ltr'><strong><em>Joannis</em></strong></span> <span class='ocrx_word' id='word_1_315' title='bbox 2631 2560 2855 2615; x_wconf 90' lang='lat' dir='ltr'><strong><em>Perrelli</em></strong></span> <span class='ocrx_word' id='word_1_316' title='bbox 2883 2571 3002 2615; x_wconf 88' lang='lat' dir='ltr'><strong><em>ante</em></strong></span> <span class='ocrx_word' id='word_1_317' title='bbox 3054 2570 3255 2615; x_wconf 90' lang='lat' dir='ltr'><strong><em>centum</em></strong></span> <span class='ocrx_word' id='word_1_318' title='bbox 3287 2560 3392 2628; x_wconf 89' lang='lat' dir='ltr'><strong><em>fere</em></strong></span> 
     </span>
    </p>
   </div>
   <div class='ocr_carea' id='block_1_25' title="bbox 168 2645 2857 2710">
    <p class='ocr_par' dir='ltr' id='par_1_25' title="bbox 168 2645 2857 2710">
     <span class='ocr_line' id='line_1_25' title="bbox 168 2645 2857 2710; baseline 0.005 -14"><span class='ocrx_word' id='word_1_319' title='bbox 168 2660 348 2698; x_wconf 74' lang='lat' dir='ltr'><strong><em>armos</em></strong></span> <span class='ocrx_word' id='word_1_320' title='bbox 383 2645 546 2702; x_wconf 86' lang='lat' dir='ltr'><strong><em>edita.</em></strong></span> <span class='ocrx_word' id='word_1_321' title='bbox 1542 2684 1569 2695; x_wconf 52' lang='grc' dir='ltr'><em>-ν</em></span> <span class='ocrx_word' id='word_1_322' title='bbox 2851 2704 2857 2710; x_wconf 91' lang='grc'><strong>.</strong></span> 
     </span>
    </p>
   </div>
   <div class='ocr_carea' id='block_1_26' title="bbox 246 2738 3389 2815">
    <p class='ocr_par' dir='ltr' id='par_1_26' title="bbox 246 2738 3389 2815">
     <span class='ocr_line' id='line_1_26' title="bbox 246 2738 3389 2815; baseline -0.001 -22"><span class='ocrx_word' id='word_1_323' title='bbox 246 2739 382 2793; x_wconf 89' lang='lat' dir='ltr'><strong><em>Tum</em></strong></span> <span class='ocrx_word' id='word_1_324' title='bbox 419 2740 476 2795; x_wconf 90' lang='lat' dir='ltr'><strong><em>S.</em></strong></span> <span class='ocrx_word' id='word_1_325' title='bbox 507 2739 733 2797; x_wconf 57' lang='lat' dir='ltr'><strong><em>[animi</em></strong></span> <span class='ocrx_word' id='word_1_326' title='bbox 750 2745 995 2813; x_wconf 84' lang='lat' dir='ltr'><strong><em>martyris</em></strong></span> <span class='ocrx_word' id='word_1_327' title='bbox 1035 2744 1353 2813; x_wconf 81' lang='lat' dir='ltr'><strong><em>Computus,</em></strong></span> <span class='ocrx_word' id='word_1_328' title='bbox 1380 2758 1530 2811; x_wconf 90' lang='lat' dir='ltr'><strong><em>quem</em></strong></span> <span class='ocrx_word' id='word_1_329' title='bbox 1563 2756 1590 2795; x_wconf 94' lang='lat' dir='ltr'><strong><em>e</em></strong></span> <span class='ocrx_word' id='word_1_330' title='bbox 1627 2738 1882 2795; x_wconf 86' lang='lat' dir='ltr'><strong><em>Vaticana</em></strong></span> <span class='ocrx_word' id='word_1_331' title='bbox 1920 2742 2230 2797; x_wconf 86' lang='lat' dir='ltr'><strong><em>bibliotheca</em></strong></span> <span class='ocrx_word' id='word_1_332' title='bbox 2266 2741 2660 2797; x_wconf 87' lang='lat' dir='ltr'><strong><em>describendum</em></strong></span> <span class='ocrx_word' id='word_1_333' title='bbox 2693 2742 2897 2796; x_wconf 80' lang='lat' dir='ltr'><strong><em>curavi.</em></strong></span> <span class='ocrx_word' id='word_1_334' title='bbox 2927 2740 3101 2809; x_wconf 82' lang='lat' dir='ltr'><strong><em>Hujus</em></strong></span> <span class='ocrx_word' id='word_1_335' title='bbox 3146 2746 3389 2815; x_wconf 76' lang='lat' dir='ltr'><strong><em>excerpta</em></strong></span> 
     </span>
    </p>
   </div>
   <div class='ocr_carea' id='block_1_27' title="bbox 168 2823 3389 2905">
    <p class='ocr_par' dir='ltr' id='par_1_27' title="bbox 168 2823 3389 2905">
     <span class='ocr_line' id='line_1_27' title="bbox 168 2823 3389 2905; baseline -0.001 -21"><span class='ocrx_word' id='word_1_336' title='bbox 168 2831 417 2894; x_wconf 67' lang='lat' dir='ltr'><strong><em>quadam</em></strong></span> <span class='ocrx_word' id='word_1_337' title='bbox 443 2832 697 2900; x_wconf 85' lang='lat' dir='ltr'><strong><em>Josephus</em></strong></span> <span class='ocrx_word' id='word_1_338' title='bbox 745 2834 979 2905; x_wconf 87' lang='lat' dir='ltr'><strong><em>Scaliger</em></strong></span> <span class='ocrx_word' id='word_1_339' title='bbox 1007 2838 1146 2903; x_wconf 90' lang='lat' dir='ltr'><strong><em>operi</em></strong></span> <span class='ocrx_word' id='word_1_340' title='bbox 1189 2836 1263 2890; x_wconf 86' lang='lat' dir='ltr'><strong><em>De</em></strong></span> <span class='ocrx_word' id='word_1_341' title='bbox 1291 2834 1666 2891; x_wconf 78' lang='lat' dir='ltr'><strong><em>emendatione</em></strong></span> <span class='ocrx_word' id='word_1_342' title='bbox 1696 2843 1994 2905; x_wconf 89' lang='lat' dir='ltr'><strong><em>temporum</em></strong></span> <span class='ocrx_word' id='word_1_343' title='bbox 2040 2838 2361 2898; x_wconf 88' lang='lat' dir='ltr'><strong><em>inseruerat;</em></strong></span> <span class='ocrx_word' id='word_1_344' title='bbox 2414 2845 2463 2888; x_wconf 89' lang='lat' dir='ltr'><strong><em>et</em></strong></span> <span class='ocrx_word' id='word_1_345' title='bbox 2509 2835 2751 2889; x_wconf 82' lang='lat' dir='ltr'><strong><em>uberibus</em></strong></span> <span class='ocrx_word' id='word_1_346' title='bbox 2780 2836 2915 2887; x_wconf 86' lang='lat' dir='ltr'><strong><em>notis</em></strong></span> <span class='ocrx_word' id='word_1_347' title='bbox 2948 2832 3114 2887; x_wconf 64' lang='grc' dir='ltr'><strong><em>(ἕνα)σὶ</em></strong></span> <span class='ocrx_word' id='word_1_348' title='bbox 3159 2823 3389 2894; x_wconf 74' lang='lat' dir='ltr'><strong><em>comput&#39;</em></strong></span> 
     </span>
    </p>
   </div>
   <div class='ocr_carea' id='block_1_28' title="bbox 169 2918 3390 2999">
    <p class='ocr_par' dir='ltr' id='par_1_28' title="bbox 169 2918 3390 2999">
     <span class='ocr_line' id='line_1_28' title="bbox 169 2918 3390 2999; baseline -0.001 -23"><span class='ocrx_word' id='word_1_349' title='bbox 169 2924 472 2977; x_wconf 88' lang='lat' dir='ltr'><strong><em>doctrinam</em></strong></span> <span class='ocrx_word' id='word_1_350' title='bbox 495 2924 781 2999; x_wconf 62' lang='lat' dir='ltr'><strong><em>eaplicarat</em></strong></span> <span class='ocrx_word' id='word_1_351' title='bbox 808 2943 825 2979; x_wconf 92' lang='lat'><strong><em>:</em></strong></span> <span class='ocrx_word' id='word_1_352' title='bbox 854 2943 969 2999; x_wconf 75' lang='lat' dir='ltr'><strong><em>qua:</em></strong></span> <span class='ocrx_word' id='word_1_353' title='bbox 999 2943 1100 2989; x_wconf 89' lang='lat' dir='ltr'><strong><em>res,</em></strong></span> <span class='ocrx_word' id='word_1_354' title='bbox 1122 2927 1200 2979; x_wconf 92' lang='lat' dir='ltr'><strong><em>uti</em></strong></span> <span class='ocrx_word' id='word_1_355' title='bbox 1228 2936 1416 2980; x_wconf 72' lang='lat' dir='ltr'><strong><em>cwtera</em></strong></span> <span class='ocrx_word' id='word_1_356' title='bbox 1449 2924 1593 2977; x_wconf 90' lang='lat' dir='ltr'><strong><em>illius</em></strong></span> <span class='ocrx_word' id='word_1_357' title='bbox 1616 2925 1801 2990; x_wconf 89' lang='lat' dir='ltr'><strong><em>operis,</em></strong></span> <span class='ocrx_word' id='word_1_358' title='bbox 1825 2927 1873 2978; x_wconf 85' lang='lat' dir='ltr'><strong><em>ei</em></strong></span> <span class='ocrx_word' id='word_1_359' title='bbox 1900 2926 2177 2993; x_wconf 88' lang='lat' dir='ltr'><strong><em>infeliciter</em></strong></span> <span class='ocrx_word' id='word_1_360' title='bbox 2212 2926 2479 2989; x_wconf 88' lang='lat' dir='ltr'><strong><em>successit,</em></strong></span> <span class='ocrx_word' id='word_1_361' title='bbox 2520 2934 2579 2978; x_wconf 88' lang='lat' dir='ltr'><strong><em>ut</em></strong></span> <span class='ocrx_word' id='word_1_362' title='bbox 2619 2941 2683 2979; x_wconf 76' lang='lat' dir='ltr'><strong><em>ex</em></strong></span> <span class='ocrx_word' id='word_1_363' title='bbox 2705 2924 3084 2978; x_wconf 80' lang='lat' dir='ltr'><strong><em>dissertatione</em></strong></span> <span class='ocrx_word' id='word_1_364' title='bbox 3111 2918 3295 2976; x_wconf 84' lang='lat' dir='ltr'><strong><em>nostra</em></strong></span> <span class='ocrx_word' id='word_1_365' title='bbox 3317 2920 3390 2974; x_wconf 79' lang='lat' dir='ltr'><strong><em>De</em></strong></span> 
     </span>
    </p>
   </div>
   <div class='ocr_carea' id='block_1_29' title="bbox 169 2997 3393 3088">
    <p class='ocr_par' dir='ltr' id='par_1_29' title="bbox 169 2997 3393 3088">
     <span class='ocr_line' id='line_1_29' title="bbox 169 2997 3393 3088; baseline -0.003 -15"><span class='ocrx_word' id='word_1_366' title='bbox 169 3019 487 3075; x_wconf 68' lang='lat' dir='ltr'><strong><em>Graecorum</em></strong></span> <span class='ocrx_word' id='word_1_367' title='bbox 515 2997 638 3074; x_wconf 64' lang='lat' dir='ltr'><strong><em>neris</em></strong></span> <span class='ocrx_word' id='word_1_368' title='bbox 665 3032 727 3072; x_wconf 83' lang='lat' dir='ltr'><strong><em>ac</em></strong></span> <span class='ocrx_word' id='word_1_369' title='bbox 761 2997 1026 3088; x_wconf 83' lang='lat' dir='ltr'><strong><em>computis</em></strong></span> <span class='ocrx_word' id='word_1_370' title='bbox 1054 3015 1287 3069; x_wconf 81' lang='lat' dir='ltr'><strong><em>eruditus</em></strong></span> <span class='ocrx_word' id='word_1_371' title='bbox 1317 3018 1475 3069; x_wconf 90' lang='lat' dir='ltr'><strong><em>lector</em></strong></span> <span class='ocrx_word' id='word_1_372' title='bbox 1496 3015 1767 3083; x_wconf 87' lang='lat' dir='ltr'><strong><em>intelliget.</em></strong></span> <span class='ocrx_word' id='word_1_373' title='bbox 1800 3015 2096 3083; x_wconf 84' lang='lat' dir='ltr'><strong><em>Adjecimus</em></strong></span> <span class='ocrx_word' id='word_1_374' title='bbox 2126 3025 2173 3069; x_wconf 93' lang='lat' dir='ltr'><strong><em>et</em></strong></span> <span class='ocrx_word' id='word_1_375' title='bbox 2208 3014 2597 3084; x_wconf 85' lang='lat' dir='ltr'><strong><em>IsaaciArgyri</em></strong></span> <span class='ocrx_word' id='word_1_376' title='bbox 2626 3025 2925 3082; x_wconf 84' lang='lat' dir='ltr'><strong><em>computum</em></strong></span> <span class='ocrx_word' id='word_1_377' title='bbox 2958 3012 3239 3080; x_wconf 87' lang='lat' dir='ltr'><strong><em>duplicem,</em></strong></span> <span class='ocrx_word' id='word_1_378' title='bbox 3264 3027 3393 3079; x_wconf 88' lang='lat' dir='ltr'><strong><em>quo-</em></strong></span> 
     </span>
    </p>
   </div>
   <div class='ocr_carea' id='block_1_30' title="bbox 172 3102 3391 3177">
    <p class='ocr_par' dir='ltr' id='par_1_30' title="bbox 172 3102 3391 3177">
     <span class='ocr_line' id='line_1_30' title="bbox 172 3102 3391 3177; baseline -0.002 -17"><span class='ocrx_word' id='word_1_379' title='bbox 172 3124 296 3161; x_wconf 87' lang='lat' dir='ltr'><strong><em>rum</em></strong></span> <span class='ocrx_word' id='word_1_380' title='bbox 322 3110 465 3177; x_wconf 88' lang='lat' dir='ltr'><strong><em>prior</em></strong></span> <span class='ocrx_word' id='word_1_381' title='bbox 493 3127 525 3162; x_wconf 91' lang='lat' dir='ltr'><strong><em>a</em></strong></span> <span class='ocrx_word' id='word_1_382' title='bbox 554 3107 751 3163; x_wconf 87' lang='lat' dir='ltr'><strong><em>Jacobo</em></strong></span> <span class='ocrx_word' id='word_1_383' title='bbox 779 3106 1149 3164; x_wconf 86' lang='lat' dir='ltr'><strong><em>Christmanno</em></strong></span> <span class='ocrx_word' id='word_1_384' title='bbox 1192 3109 1415 3176; x_wconf 89' lang='lat' dir='ltr'><strong><em>primum</em></strong></span> <span class='ocrx_word' id='word_1_385' title='bbox 1444 3105 1618 3160; x_wconf 75' lang='lat' dir='ltr'><strong><em>erce</em></strong></span> <span class='ocrx_word' id='word_1_386' title='bbox 1658 3115 1895 3176; x_wconf 85' lang='lat' dir='ltr'><strong><em>vulgatus</em></strong></span> <span class='ocrx_word' id='word_1_387' title='bbox 1926 3116 2039 3170; x_wconf 90' lang='lat' dir='ltr'><strong><em>est;</em></strong></span> <span class='ocrx_word' id='word_1_388' title='bbox 2070 3124 2162 3160; x_wconf 90' lang='lat' dir='ltr'><strong><em>nos</em></strong></span> <span class='ocrx_word' id='word_1_389' title='bbox 2190 3105 2376 3160; x_wconf 86' lang='lat' dir='ltr'><strong><em>Latine</em></strong></span> <span class='ocrx_word' id='word_1_390' title='bbox 2403 3107 2668 3172; x_wconf 81' lang='lat' dir='ltr'><strong><em>vertimus,</em></strong></span> <span class='ocrx_word' id='word_1_391' title='bbox 2700 3116 2749 3159; x_wconf 91' lang='lat' dir='ltr'><strong><em>et</em></strong></span> <span class='ocrx_word' id='word_1_392' title='bbox 2790 3106 3128 3172; x_wconf 90' lang='lat' dir='ltr'><strong><em>posteriorem</em></strong></span> <span class='ocrx_word' id='word_1_393' title='bbox 3154 3102 3391 3171; x_wconf 81' lang='lat' dir='ltr'><strong><em>ejusdem</em></strong></span> 
     </span>
    </p>
   </div>
   <div class='ocr_carea' id='block_1_31' title="bbox 170 3193 3388 3268">
    <p class='ocr_par' dir='ltr' id='par_1_31' title="bbox 170 3193 3388 3268">
     <span class='ocr_line' id='line_1_31' title="bbox 170 3193 3388 3268; baseline -0.001 -17"><span class='ocrx_word' id='word_1_394' title='bbox 170 3206 475 3264; x_wconf 87' lang='lat' dir='ltr'><strong><em>computum</em></strong></span> <span class='ocrx_word' id='word_1_395' title='bbox 502 3214 565 3252; x_wconf 74' lang='lat' dir='ltr'><strong><em>ea:</em></strong></span> <span class='ocrx_word' id='word_1_396' title='bbox 588 3196 1023 3253; x_wconf 87' lang='lat' dir='ltr'><strong><em>Christianissimi</em></strong></span> <span class='ocrx_word' id='word_1_397' title='bbox 1050 3200 1187 3268; x_wconf 88' lang='lat' dir='ltr'><strong><em>regis</em></strong></span> <span class='ocrx_word' id='word_1_398' title='bbox 1205 3196 1511 3250; x_wconf 86' lang='lat' dir='ltr'><strong><em>bibliotheca</em></strong></span> <span class='ocrx_word' id='word_1_399' title='bbox 1541 3193 1849 3254; x_wconf 79' lang='lat' dir='ltr'><strong><em>subiecimus</em></strong></span> <span class='ocrx_word' id='word_1_400' title='bbox 1872 3196 2114 3266; x_wconf 81' lang='lat' dir='ltr'><strong><em>beneﬁcio</em></strong></span> <span class='ocrx_word' id='word_1_401' title='bbox 2148 3198 2214 3251; x_wconf 90' lang='lat' dir='ltr'><strong><em>cl.</em></strong></span> <span class='ocrx_word' id='word_1_402' title='bbox 2250 3194 2310 3252; x_wconf 88' lang='lat' dir='ltr'><strong><em>V.</em></strong></span> <span class='ocrx_word' id='word_1_403' title='bbox 2350 3194 2563 3249; x_wconf 87' lang='lat' dir='ltr'><strong><em>Nicolai</em></strong></span> <span class='ocrx_word' id='word_1_404' title='bbox 2592 3195 2828 3265; x_wconf 89' lang='lat' dir='ltr'><strong><em>Rigaltii.</em></strong></span> <span class='ocrx_word' id='word_1_405' title='bbox 2863 3196 3097 3249; x_wconf 86' lang='lat' dir='ltr'><strong><em>Accessit</em></strong></span> <span class='ocrx_word' id='word_1_406' title='bbox 3127 3193 3388 3248; x_wconf 70' lang='lat' dir='ltr'><strong><em>cerbrevis</em></strong></span> 
     </span>
    </p>
   </div>
   <div class='ocr_carea' id='block_1_32' title="bbox 171 3286 3393 3359">
    <p class='ocr_par' dir='ltr' id='par_1_32' title="bbox 171 3286 3393 3359">
     <span class='ocr_line' id='line_1_32' title="bbox 171 3286 3393 3359; baseline -0.001 -16"><span class='ocrx_word' id='word_1_407' title='bbox 171 3289 403 3343; x_wconf 66' lang='lat' dir='ltr'><strong><em>Andreae</em></strong></span> <span class='ocrx_word' id='word_1_408' title='bbox 432 3288 689 3343; x_wconf 87' lang='lat' dir='ltr'><strong><em>Cretensis</em></strong></span> <span class='ocrx_word' id='word_1_409' title='bbox 721 3298 992 3359; x_wconf 88' lang='lat' dir='ltr'><strong><em>computus</em></strong></span> <span class='ocrx_word' id='word_1_410' title='bbox 1028 3291 1155 3343; x_wconf 88' lang='lat' dir='ltr'><strong><em>olim</em></strong></span> <span class='ocrx_word' id='word_1_411' title='bbox 1186 3289 1254 3342; x_wconf 88' lang='lat' dir='ltr'><strong><em>ad</em></strong></span> <span class='ocrx_word' id='word_1_412' title='bbox 1293 3305 1385 3343; x_wconf 90' lang='lat' dir='ltr'><strong><em>nos</em></strong></span> <span class='ocrx_word' id='word_1_413' title='bbox 1412 3306 1444 3341; x_wconf 92' lang='lat' dir='ltr'><strong><em>a</em></strong></span> <span class='ocrx_word' id='word_1_414' title='bbox 1474 3287 1540 3340; x_wconf 87' lang='lat' dir='ltr'><strong><em>P.</em></strong></span> <span class='ocrx_word' id='word_1_415' title='bbox 1575 3288 1784 3343; x_wconf 82' lang='lat' dir='ltr'><strong><em>Andrea</em></strong></span> <span class='ocrx_word' id='word_1_416' title='bbox 1812 3286 2024 3342; x_wconf 88' lang='lat' dir='ltr'><strong><em>Schotto</em></strong></span> <span class='ocrx_word' id='word_1_417' title='bbox 2055 3291 2277 3352; x_wconf 88' lang='lat' dir='ltr'><strong><em>missus,</em></strong></span> <span class='ocrx_word' id='word_1_418' title='bbox 2314 3304 2463 3356; x_wconf 87' lang='lat' dir='ltr'><strong><em>quem</em></strong></span> <span class='ocrx_word' id='word_1_419' title='bbox 2502 3304 2566 3342; x_wconf 77' lang='lat' dir='ltr'><strong><em>ex</em></strong></span> <span class='ocrx_word' id='word_1_420' title='bbox 2606 3287 2863 3342; x_wconf 82' lang='lat' dir='ltr'><strong><em>Vaticana</em></strong></span> <span class='ocrx_word' id='word_1_421' title='bbox 2893 3304 2946 3342; x_wconf 88' lang='lat' dir='ltr'><strong><em>se</em></strong></span> <span class='ocrx_word' id='word_1_422' title='bbox 2973 3287 3228 3355; x_wconf 88' lang='lat' dir='ltr'><strong><em>accepisse</em></strong></span> <span class='ocrx_word' id='word_1_423' title='bbox 3253 3289 3393 3340; x_wconf 86' lang='lat' dir='ltr'><strong><em>scri-</em></strong></span> 
     </span>
    </p>
   </div>
   <div class='ocr_carea' id='block_1_33' title="bbox 169 3382 580 3451">
    <p class='ocr_par' dir='ltr' id='par_1_33' title="bbox 169 3382 580 3451">
     <span class='ocr_line' id='line_1_33' title="bbox 169 3382 580 3451; baseline 0.007 -17"><span class='ocrx_word' id='word_1_424' title='bbox 169 3392 327 3451; x_wconf 85' lang='lat' dir='ltr'><strong><em>ptum</em></strong></span> <span class='ocrx_word' id='word_1_425' title='bbox 351 3382 580 3451; x_wconf 85' lang='lat' dir='ltr'><strong><em>reliquit.</em></strong></span> 
     </span>
    </p>
   </div>
   <div class='ocr_carea' id='block_1_34' title="bbox 1118 3511 3373 3543">
    <p class='ocr_par' dir='ltr' id='par_1_34' title="bbox 1118 3511 3373 3543">
     <span class='ocr_line' id='line_1_34' title="bbox 1118 3511 3373 3543; baseline -0.004 -16"><span class='ocrx_word' id='word_1_426' title='bbox 1118 3511 3373 3543; x_wconf 51' lang='lat'><strong><em>_________________________________‘</em></strong></span> 
     </span>
    </p>
   </div>
   <div class='ocr_carea' id='block_1_35' title="bbox 1439 3610 2144 3691">
    <p class='ocr_par' dir='ltr' id='par_1_35' title="bbox 1439 3610 2144 3691">
     <span class='ocr_line' id='line_1_35' title="bbox 1439 3610 2144 3691; baseline 0.004 -30"><span class='ocrx_word' id='word_1_427' title='bbox 1439 3610 2144 3691; x_wconf 58' lang='grc' dir='ltr'><strong><em>ΠΕΡΙΙΠΠΑΡΧΟΥ</em></strong></span> 
     </span>
    </p>
   </div>
   <div class='ocr_carea' id='block_1_36' title="bbox 1580 3728 2017 3783">
    <p class='ocr_par' dir='ltr' id='par_1_36' title="bbox 1580 3728 2017 3783">
     <span class='ocr_line' id='line_1_36' title="bbox 1580 3728 2017 3783; baseline 0 -3"><span class='ocrx_word' id='word_1_428' title='bbox 1580 3730 1643 3780; x_wconf 83' lang='grc' dir='ltr'><strong><em>ὲκ</em></strong></span> <span class='ocrx_word' id='word_1_429' title='bbox 1671 3728 1777 3783; x_wconf 82' lang='grc' dir='ltr'><strong><em>τῶν</em></strong></span> <span class='ocrx_word' id='word_1_430' title='bbox 1810 3729 2017 3783; x_wconf 81' lang='grc' dir='ltr'><strong><em>Σουῖδα.</em></strong></span> 
     </span>
    </p>
   </div>
   <div class='ocr_carea' id='block_1_37' title="bbox 1280 3839 2350 3896">
    <p class='ocr_par' dir='ltr' id='par_1_37' title="bbox 1280 3839 2350 3896">
     <span class='ocr_line' id='line_1_37' title="bbox 1280 3839 2350 3896; baseline -0.001 0"><span class='ocrx_word' id='word_1_431' title='bbox 1280 3840 1646 3896; x_wconf 77' lang='lat' dir='ltr'><strong><em>HIPPARCHI</em></strong></span> <span class='ocrx_word' id='word_1_432' title='bbox 1684 3839 1989 3895; x_wconf 77' lang='lat' dir='ltr'><strong><em>ELOGIUM</em></strong></span> <span class='ocrx_word' id='word_1_433' title='bbox 2041 3839 2083 3893; x_wconf 82' lang='grc' dir='ltr'><strong>Ε</strong></span> <span class='ocrx_word' id='word_1_434' title='bbox 2126 3839 2350 3895; x_wconf 83' lang='lat' dir='ltr'><strong><em>SUlDA.</em></strong></span> 
     </span>
    </p>
   </div>
   <div class='ocr_carea' id='block_1_38' title="bbox 244 3974 1862 4050">
    <p class='ocr_par' dir='ltr' id='par_1_38' title="bbox 244 3974 1737 4050">
     <span class='ocr_line' id='line_1_38' title="bbox 244 3974 1737 4050; baseline -0.002 -20"><span class='ocrx_word' id='word_1_435' title='bbox 244 3977 550 4050; x_wconf 66' lang='grc' dir='ltr'><strong><em>Ἵππαρχος</em></strong></span> <span class='ocrx_word' id='word_1_436' title='bbox 598 3976 828 4042; x_wconf 79' lang='grc' dir='ltr'>Νικαεὺς</span> <span class='ocrx_word' id='word_1_437' title='bbox 880 3979 1182 4050; x_wconf 82' lang='grc' dir='ltr'><strong><em>φιλόσοφος,</em></strong></span> <span class='ocrx_word' id='word_1_438' title='bbox 1224 3978 1457 4048; x_wconf 81' lang='grc' dir='ltr'><strong><em>γεγονὼς</em></strong></span> <span class='ocrx_word' id='word_1_439' title='bbox 1499 3978 1591 4031; x_wconf 75' lang='grc' dir='ltr'><strong><em>ἐπὶ</em></strong></span> <span class='ocrx_word' id='word_1_440' title='bbox 1630 3974 1737 4028; x_wconf 85' lang='grc' dir='ltr'>τῶν</span> 
     </span>
    </p>
   </div>
   <div class='ocr_carea' id='block_1_39' title="bbox 1772 3974 3390 4050">
    <p class='ocr_par' dir='ltr' id='par_1_39' title="bbox 1915 3974 3390 4047">
     <span class='ocr_line' id='line_1_39' title="bbox 1915 3974 3390 4047; baseline 0.005 -18"><span class='ocrx_word' id='word_1_441' title='bbox 1915 3974 2254 4045; x_wconf 84' lang='lat' dir='ltr'><strong><em>Hipparchus</em></strong></span> <span class='ocrx_word' id='word_1_442' title='bbox 2299 3976 2546 4031; x_wconf 80' lang='lat' dir='ltr'><strong><em>Nicaenus</em></strong></span> <span class='ocrx_word' id='word_1_443' title='bbox 2592 3976 2973 4047; x_wconf 89' lang='lat' dir='ltr'><strong><em>philosophus,</em></strong></span> <span class='ocrx_word' id='word_1_444' title='bbox 3020 3978 3113 4047; x_wconf 86' lang='lat' dir='ltr'><strong><em>qui</em></strong></span> <span class='ocrx_word' id='word_1_445' title='bbox 3160 3978 3261 4032; x_wconf 80' lang='lat' dir='ltr'><strong><em>fuit</em></strong></span> <span class='ocrx_word' id='word_1_446' title='bbox 3288 3982 3390 4037; x_wconf 86' lang='lat' dir='ltr'><strong><em>sub</em></strong></span> 
     </span>
    </p>
   </div>
   <div class='ocr_carea' id='block_1_40' title="bbox 174 4062 1792 4140">
    <p class='ocr_par' dir='ltr' id='par_1_40' title="bbox 174 4069 1734 4140">
     <span class='ocr_line' id='line_1_40' title="bbox 174 4069 1734 4140; baseline 0.001 -19"><span class='ocrx_word' id='word_1_447' title='bbox 174 4069 426 4134; x_wconf 76' lang='grc' dir='ltr'><strong><em>ὑπάτων,</em></strong></span> <span class='ocrx_word' id='word_1_448' title='bbox 476 4070 676 4140; x_wconf 79' lang='grc' dir='ltr'><strong><em>ἔγραψε</em></strong></span> <span class='ocrx_word' id='word_1_449' title='bbox 716 4072 853 4138; x_wconf 77' lang='grc' dir='ltr'><strong><em>Περὶ</em></strong></span> <span class='ocrx_word' id='word_1_450' title='bbox 901 4070 1018 4125; x_wconf 81' lang='grc' dir='ltr'><em>τῶν</em></span> <span class='ocrx_word' id='word_1_451' title='bbox 1045 4072 1288 4140; x_wconf 83' lang='grc' dir='ltr'><strong><em>Ἀράτου</em></strong></span> <span class='ocrx_word' id='word_1_452' title='bbox 1344 4070 1734 4138; x_wconf 78' lang='grc' dir='ltr'><strong><em>Φαινομένων,</em></strong></span> 
     </span>
    </p>
   </div>
   <div class='ocr_carea' id='block_1_41' title="bbox 1771 4062 3389 4140">
    <p class='ocr_par' dir='ltr' id='par_1_41' title="bbox 1844 4062 3389 4138">
     <span class='ocr_line' id='line_1_41' title="bbox 1844 4062 3389 4138; baseline 0.003 -17"><span class='ocrx_word' id='word_1_453' title='bbox 1844 4062 2177 4131; x_wconf 73' lang='lat' dir='ltr'><strong><em>consulibus,</em></strong></span> <span class='ocrx_word' id='word_1_454' title='bbox 2211 4068 2426 4137; x_wconf 84' lang='lat' dir='ltr'><strong><em>scripsit</em></strong></span> <span class='ocrx_word' id='word_1_455' title='bbox 2455 4067 2529 4121; x_wconf 90' lang='lat' dir='ltr'><strong><em>De</em></strong></span> <span class='ocrx_word' id='word_1_456' title='bbox 2553 4070 2704 4120; x_wconf 81' lang='lat' dir='ltr'><strong><em>Arati</em></strong></span> <span class='ocrx_word' id='word_1_457' title='bbox 2738 4069 3107 4138; x_wconf 76' lang='lat' dir='ltr'><strong><em>phcenomenis,</em></strong></span> <span class='ocrx_word' id='word_1_458' title='bbox 3154 4070 3229 4124; x_wconf 88' lang='lat' dir='ltr'><strong><em>De</em></strong></span> <span class='ocrx_word' id='word_1_459' title='bbox 3262 4072 3389 4127; x_wconf 80' lang='lat' dir='ltr'><strong><em>stel-</em></strong></span> 
     </span>
    </p>
   </div>
   <div class='ocr_carea' id='block_1_42' title="bbox 177 4158 1795 4229">
    <p class='ocr_par' dir='ltr' id='par_1_42' title="bbox 177 4161 1735 4229">
     <span class='ocr_line' id='line_1_42' title="bbox 177 4161 1735 4229; baseline -0.003 -12"><span class='ocrx_word' id='word_1_460' title='bbox 177 4161 316 4227; x_wconf 76' lang='grc' dir='ltr'><strong><em>περὶ</em></strong></span> <span class='ocrx_word' id='word_1_461' title='bbox 339 4161 449 4229; x_wconf 81' lang='grc' dir='ltr'><strong><em>τῆς</em></strong></span> <span class='ocrx_word' id='word_1_462' title='bbox 472 4161 586 4215; x_wconf 80' lang='grc' dir='ltr'><em>τῶν</em></span> <span class='ocrx_word' id='word_1_463' title='bbox 604 4162 883 4218; x_wconf 76' lang='grc' dir='ltr'><em>ἀπλανῶν</em></span> <span class='ocrx_word' id='word_1_464' title='bbox 914 4164 1271 4229; x_wconf 78' lang='grc' dir='ltr'><strong><em>συντάξεως,</em></strong></span> <span class='ocrx_word' id='word_1_465' title='bbox 1298 4165 1392 4216; x_wconf 77' lang='grc' dir='ltr'><strong><em>καὶ</em></strong></span> <span class='ocrx_word' id='word_1_466' title='bbox 1426 4162 1530 4215; x_wconf 86' lang='grc' dir='ltr'><strong><em>τοῦ</em></strong></span> <span class='ocrx_word' id='word_1_467' title='bbox 1559 4177 1735 4216; x_wconf 82' lang='grc' dir='ltr'><strong><em>κατα-</em></strong></span> 
     </span>
    </p>
   </div>
   <div class='ocr_carea' id='block_1_43' title="bbox 1771 4158 3389 4229">
    <p class='ocr_par' dir='ltr' id='par_1_43' title="bbox 1846 4158 3389 4229">
     <span class='ocr_line' id='line_1_43' title="bbox 1846 4158 3389 4229; baseline 0.003 -18"><span class='ocrx_word' id='word_1_468' title='bbox 1846 4159 2015 4211; x_wconf 89' lang='lat' dir='ltr'><strong><em>larum</em></strong></span> <span class='ocrx_word' id='word_1_469' title='bbox 2038 4160 2383 4211; x_wconf 88' lang='lat' dir='ltr'><strong><em>inerrantium</em></strong></span> <span class='ocrx_word' id='word_1_470' title='bbox 2406 4158 2790 4224; x_wconf 86' lang='lat' dir='ltr'><strong><em>constitutione,</em></strong></span> <span class='ocrx_word' id='word_1_471' title='bbox 2822 4172 2872 4213; x_wconf 89' lang='lat' dir='ltr'><strong><em>et</em></strong></span> <span class='ocrx_word' id='word_1_472' title='bbox 2901 4161 3114 4214; x_wconf 89' lang='lat' dir='ltr'><strong><em>immota</em></strong></span> <span class='ocrx_word' id='word_1_473' title='bbox 3136 4164 3389 4229; x_wconf 83' lang='lat' dir='ltr'><strong><em>statione;</em></strong></span> 
     </span>
    </p>
   </div>
   <div class='ocr_carea' id='block_1_44' title="bbox 174 4250 1792 4323">
    <p class='ocr_par' dir='ltr' id='par_1_44' title="bbox 174 4252 1735 4323">
     <span class='ocr_line' id='line_1_44' title="bbox 174 4252 1735 4323; baseline 0.006 -22"><span class='ocrx_word' id='word_1_474' title='bbox 174 4254 535 4321; x_wconf 77' lang='grc' dir='ltr'><strong><em>στηριγμοῦ·</em></strong></span> <span class='ocrx_word' id='word_1_475' title='bbox 571 4255 703 4323; x_wconf 76' lang='grc' dir='ltr'><em>περὶ</em></span> <span class='ocrx_word' id='word_1_476' title='bbox 740 4254 846 4323; x_wconf 82' lang='grc' dir='ltr'><strong><em>τῆς</em></strong></span> <span class='ocrx_word' id='word_1_477' title='bbox 879 4255 1025 4308; x_wconf 84' lang='grc' dir='ltr'><em>κατὰ</em></span> <span class='ocrx_word' id='word_1_478' title='bbox 1066 4257 1288 4321; x_wconf 77' lang='grc' dir='ltr'><em>πλάτος</em></span> <span class='ocrx_word' id='word_1_479' title='bbox 1310 4256 1586 4323; x_wconf 80' lang='grc' dir='ltr'><strong><em>μηνιαίας</em></strong></span> <span class='ocrx_word' id='word_1_480' title='bbox 1630 4252 1735 4321; x_wconf 83' lang='grc' dir='ltr'><strong><em>τῆς</em></strong></span> 
     </span>
    </p>
   </div>
   <div class='ocr_carea' id='block_1_45' title="bbox 1773 4250 3391 4323">
    <p class='ocr_par' dir='ltr' id='par_1_45' title="bbox 1842 4250 3391 4319">
     <span class='ocr_line' id='line_1_45' title="bbox 1842 4250 3391 4319; baseline 0.003 -17"><span class='ocrx_word' id='word_1_481' title='bbox 1842 4250 1921 4303; x_wconf 88' lang='lat' dir='ltr'><strong><em>De</em></strong></span> <span class='ocrx_word' id='word_1_482' title='bbox 1948 4259 2209 4303; x_wconf 82' lang='lat' dir='ltr'><strong><em>menstruo</em></strong></span> <span class='ocrx_word' id='word_1_483' title='bbox 2244 4251 2381 4304; x_wconf 73' lang='lat' dir='ltr'><strong><em>lunae</em></strong></span> <span class='ocrx_word' id='word_1_484' title='bbox 2413 4260 2555 4303; x_wconf 88' lang='lat' dir='ltr'><strong><em>motu</em></strong></span> <span class='ocrx_word' id='word_1_485' title='bbox 2585 4251 2861 4303; x_wconf 90' lang='lat' dir='ltr'><strong><em>secundum</em></strong></span> <span class='ocrx_word' id='word_1_486' title='bbox 2895 4253 3243 4319; x_wconf 89' lang='lat' dir='ltr'><strong><em>latitudinem,</em></strong></span> <span class='ocrx_word' id='word_1_487' title='bbox 3267 4264 3315 4307; x_wconf 88' lang='lat' dir='ltr'><strong><em>et</em></strong></span> <span class='ocrx_word' id='word_1_488' title='bbox 3338 4255 3391 4307; x_wconf 85' lang='lat' dir='ltr'><strong><em>in</em></strong></span> 
     </span>
    </p>
   </div>
   <div class='ocr_carea' id='block_1_46' title="bbox 174 4340 1792 4415">
    <p class='ocr_par' dir='ltr' id='par_1_46' title="bbox 174 4340 1641 4415">
     <span class='ocr_line' id='line_1_46' title="bbox 174 4340 1641 4415; baseline -0.004 -13"><span class='ocrx_word' id='word_1_489' title='bbox 174 4340 451 4411; x_wconf 74' lang='grc' dir='ltr'><strong><em>σελήνης</em></strong></span> <span class='ocrx_word' id='word_1_490' title='bbox 478 4345 787 4415; x_wconf 75' lang='grc' dir='ltr'><strong><em>κινήσεως,</em></strong></span> <span class='ocrx_word' id='word_1_491' title='bbox 816 4346 915 4399; x_wconf 79' lang='grc' dir='ltr'><strong><em>καὶ</em></strong></span> <span class='ocrx_word' id='word_1_492' title='bbox 939 4348 1027 4412; x_wconf 80' lang='grc' dir='ltr'><strong><em>εὶς</em></strong></span> <span class='ocrx_word' id='word_1_493' title='bbox 1052 4347 1193 4412; x_wconf 86' lang='grc' dir='ltr'><em>τοὺς</em></span> <span class='ocrx_word' id='word_1_494' title='bbox 1229 4347 1641 4415; x_wconf 80' lang='grc' dir='ltr'><strong><em>ἀστερισμούς.</em></strong></span> 
     </span>
    </p>
   </div>
   <div class='ocr_carea' id='block_1_47' title="bbox 541 4340 2159 4415">
    <p class='ocr_par' dir='ltr' id='par_1_47' title="bbox 541 4343 2159 4415">
     <span class='ocr_line' id='line_1_47' title="bbox 541 4343 2159 4415; baseline -0.002 -16"><span class='ocrx_word' id='word_1_495' title='bbox 541 4345 787 4415; x_wconf 75' lang='grc' dir='ltr'><strong><em>νήσεως,</em></strong></span> <span class='ocrx_word' id='word_1_496' title='bbox 816 4346 915 4399; x_wconf 79' lang='grc' dir='ltr'><strong><em>καὶ</em></strong></span> <span class='ocrx_word' id='word_1_497' title='bbox 939 4348 1027 4412; x_wconf 80' lang='grc' dir='ltr'><strong><em>εὶς</em></strong></span> <span class='ocrx_word' id='word_1_498' title='bbox 1052 4347 1193 4412; x_wconf 87' lang='grc' dir='ltr'><em>τοὺς</em></span> <span class='ocrx_word' id='word_1_499' title='bbox 1229 4347 1641 4415; x_wconf 80' lang='grc' dir='ltr'><strong><em>ἀστερισμούς.</em></strong></span> <span class='ocrx_word' id='word_1_500' title='bbox 1843 4343 2159 4396; x_wconf 89' lang='lat' dir='ltr'><strong><em>asterismos.</em></strong></span> 
     </span>
    </p>
   </div>
   <div class='ocr_carea' id='block_1_48' title="bbox 1768 4460 1827 4479">
    <p class='ocr_par' dir='ltr' id='par_1_48' title="bbox 1768 4460 1827 4479">
     <span class='ocr_line' id='line_1_48' title="bbox 1768 4460 1827 4479; baseline 0 -6"><span class='ocrx_word' id='word_1_501' title='bbox 1768 4460 1827 4479; x_wconf 61' lang='grc' dir='ltr'><strong><em>μι-</em></strong></span> 
     </span>
    </p>
   </div>
   <div class='ocr_carea' id='block_1_49' title="bbox 1355 4538 2229 4596">
    <p class='ocr_par' dir='ltr' id='par_1_49' title="bbox 1355 4538 2229 4596">
     <span class='ocr_line' id='line_1_49' title="bbox 1355 4538 2229 4596; baseline -0.008 0"><span class='ocrx_word' id='word_1_502' title='bbox 1355 4544 1510 4596; x_wconf 84' lang='grc' dir='ltr'><strong><em>ΠΕΡΙ</em></strong></span> <span class='ocrx_word' id='word_1_503' title='bbox 1559 4540 1900 4594; x_wconf 79' lang='grc' dir='ltr'><strong><em>ΑΧΙΛΛΕΩΣ</em></strong></span> <span class='ocrx_word' id='word_1_504' title='bbox 1940 4538 2229 4591; x_wconf 83' lang='grc' dir='ltr'><strong><em>ΣΤΑΤΙΟΥ</em></strong></span> 
     </span>
    </p>
   </div>
   <div class='ocr_carea' id='block_1_50' title="bbox 1582 4650 1991 4710">
    <p class='ocr_par' dir='ltr' id='par_1_50' title="bbox 1582 4650 1991 4710">
     <span class='ocr_line' id='line_1_50' title="bbox 1582 4650 1991 4710; baseline -0.022 0"><span class='ocrx_word' id='word_1_505' title='bbox 1582 4659 1645 4710; x_wconf 79' lang='grc' dir='ltr'><strong><em>ὲκ</em></strong></span> <span class='ocrx_word' id='word_1_506' title='bbox 1682 4653 1773 4709; x_wconf 76' lang='grc' dir='ltr'><strong><em>τοῦ</em></strong></span> <span class='ocrx_word' id='word_1_507' title='bbox 1811 4650 1991 4704; x_wconf 78' lang='grc' dir='ltr'><strong><em>αὑτοῦ.</em></strong></span> 
     </span>
    </p>
   </div>
   <div class='ocr_carea' id='block_1_51' title="bbox 1209 4758 2366 4840">
    <p class='ocr_par' dir='ltr' id='par_1_51' title="bbox 1209 4758 2366 4840">
     <span class='ocr_line' id='line_1_51' title="bbox 1209 4758 2366 4840; baseline 0.001 -18"><span class='ocrx_word' id='word_1_508' title='bbox 1209 4758 1313 4840; x_wconf 67' lang='lat' dir='ltr'><strong><em>[DE</em></strong></span> <span class='ocrx_word' id='word_1_509' title='bbox 1350 4770 1639 4825; x_wconf 80' lang='lat' dir='ltr'><strong><em>ACHILLE</em></strong></span> <span class='ocrx_word' id='word_1_510' title='bbox 1679 4768 1931 4825; x_wconf 77' lang='lat' dir='ltr'><strong><em>STATIO</em></strong></span> <span class='ocrx_word' id='word_1_511' title='bbox 1971 4766 2058 4819; x_wconf 83' lang='lat' dir='ltr'><strong>Ex</strong></span> <span class='ocrx_word' id='word_1_512' title='bbox 2099 4766 2366 4823; x_wconf 80' lang='lat' dir='ltr'><strong><em>EODEM.&#39;</em></strong></span> 
     </span>
    </p>
   </div>
   <div class='ocr_carea' id='block_1_52' title="bbox 262 4877 1880 4972">
    <p class='ocr_par' dir='ltr' id='par_1_52' title="bbox 262 4887 1739 4972">
     <span class='ocr_line' id='line_1_52' title="bbox 262 4887 1739 4972; baseline 0.004 -32"><span class='ocrx_word' id='word_1_513' title='bbox 262 4887 536 4958; x_wconf 74' lang='grc' dir='ltr'><strong><em>’Δχιλλεὺς</em></strong></span> <span class='ocrx_word' id='word_1_514' title='bbox 552 4889 790 4956; x_wconf 78' lang='grc' dir='ltr'><strong><em>Στάτιος,</em></strong></span> <span class='ocrx_word' id='word_1_515' title='bbox 807 4891 1195 4962; x_wconf 77' lang='grc' dir='ltr'><strong><em>Ἀλεξανδρεὺς,</em></strong></span> <span class='ocrx_word' id='word_1_516' title='bbox 1218 4895 1245 4945; x_wconf 85' lang='grc' dir='ltr'><strong>ὁ</strong></span> <span class='ocrx_word' id='word_1_517' title='bbox 1266 4892 1565 4972; x_wconf 53' lang='grc' dir='ltr'><strong><em>γράψαὶτὰ</em></strong></span> <span class='ocrx_word' id='word_1_518' title='bbox 1590 4895 1739 4946; x_wconf 80' lang='grc' dir='ltr'><em>κατὰ</em></span> 
     </span>
    </p>
   </div>
   <div class='ocr_carea' id='block_1_53' title="bbox 1768 4877 3386 4972">
    <p class='ocr_par' dir='ltr' id='par_1_53' title="bbox 1913 4877 3386 4960">
     <span class='ocr_line' id='line_1_53' title="bbox 1913 4877 3386 4960; baseline 0.002 -18"><span class='ocrx_word' id='word_1_519' title='bbox 1913 4889 2147 4942; x_wconf 76' lang='lat' dir='ltr'><strong><em>Achilles</em></strong></span> <span class='ocrx_word' id='word_1_520' title='bbox 2168 4886 2390 4949; x_wconf 82' lang='lat' dir='ltr'><strong><em>Statius,</em></strong></span> <span class='ocrx_word' id='word_1_521' title='bbox 2424 4884 2820 4942; x_wconf 78' lang='lat' dir='ltr'><strong><em>Alexandrinus</em></strong></span> <span class='ocrx_word' id='word_1_522' title='bbox 2844 4927 2860 4952; x_wconf 91' lang='lat'><strong><em>,</em></strong></span> <span class='ocrx_word' id='word_1_523' title='bbox 2887 4886 2977 4954; x_wconf 83' lang='lat' dir='ltr'><strong><em>qui</em></strong></span> <span class='ocrx_word' id='word_1_524' title='bbox 3018 4886 3091 4941; x_wconf 89' lang='lat' dir='ltr'><strong><em>De</em></strong></span> <span class='ocrx_word' id='word_1_525' title='bbox 3131 4877 3386 4960; x_wconf 75' lang='lat' dir='ltr'><strong><em>Leucippo</em></strong></span> 
     </span>
    </p>
   </div>
   <div class='ocr_carea' id='block_1_54' title="bbox 180 4976 1798 5050">
    <p class='ocr_par' dir='ltr' id='par_1_54' title="bbox 180 4978 1739 5050">
     <span class='ocr_line' id='line_1_54' title="bbox 180 4978 1739 5050; baseline -0.001 -17"><span class='ocrx_word' id='word_1_526' title='bbox 180 4978 537 5046; x_wconf 71' lang='grc' dir='ltr'><strong><em>Λευκίππην</em></strong></span> <span class='ocrx_word' id='word_1_527' title='bbox 562 4980 657 5032; x_wconf 76' lang='grc' dir='ltr'><strong><em>καὶ</em></strong></span> <span class='ocrx_word' id='word_1_528' title='bbox 683 4980 1111 5049; x_wconf 74' lang='grc' dir='ltr'><strong><em>Κλειτοφῶντα,</em></strong></span> <span class='ocrx_word' id='word_1_529' title='bbox 1149 4984 1240 5034; x_wconf 77' lang='grc' dir='ltr'><strong><em>καὶ</em></strong></span> <span class='ocrx_word' id='word_1_530' title='bbox 1263 4982 1393 5034; x_wconf 83' lang='grc' dir='ltr'>ἄλλα</span> <span class='ocrx_word' id='word_1_531' title='bbox 1415 4980 1650 5050; x_wconf 73' lang='grc' dir='ltr'><strong><em>ἐρωτικὰ</em></strong></span> <span class='ocrx_word' id='word_1_532' title='bbox 1680 4982 1739 5032; x_wconf 87' lang='grc' dir='ltr'><em>ὲν</em></span> 
     </span>
    </p>
   </div>
   <div class='ocr_carea' id='block_1_55' title="bbox 1762 4976 3380 5050">
    <p class='ocr_par' dir='ltr' id='par_1_55' title="bbox 1841 4976 3380 5046">
     <span class='ocr_line' id='line_1_55' title="bbox 1841 4976 3380 5046; baseline 0.001 -14"><span class='ocrx_word' id='word_1_533' title='bbox 1841 4989 1891 5032; x_wconf 90' lang='lat' dir='ltr'><strong><em>et</em></strong></span> <span class='ocrx_word' id='word_1_534' title='bbox 1929 4978 2259 5045; x_wconf 81' lang='lat' dir='ltr'><strong><em>Clitophonte</em></strong></span> <span class='ocrx_word' id='word_1_535' title='bbox 2280 4976 2516 5046; x_wconf 87' lang='lat' dir='ltr'><strong><em>scripsit,</em></strong></span> <span class='ocrx_word' id='word_1_536' title='bbox 2546 4984 2598 5031; x_wconf 90' lang='lat' dir='ltr'><strong><em>et</em></strong></span> <span class='ocrx_word' id='word_1_537' title='bbox 2629 4978 2733 5029; x_wconf 85' lang='lat' dir='ltr'><strong><em>alia</em></strong></span> <span class='ocrx_word' id='word_1_538' title='bbox 2757 4977 3019 5029; x_wconf 85' lang='lat' dir='ltr'><strong><em>amatoria</em></strong></span> <span class='ocrx_word' id='word_1_539' title='bbox 3050 4978 3202 5033; x_wconf 84' lang='lat' dir='ltr'><strong><em>libris</em></strong></span> <span class='ocrx_word' id='word_1_540' title='bbox 3228 4989 3380 5041; x_wconf 86' lang='lat' dir='ltr'><strong><em>octo;</em></strong></span> 
     </span>
    </p>
   </div>
   <div class='ocr_carea' id='block_1_56' title="bbox 183 5058 1801 5140">
    <p class='ocr_par' dir='ltr' id='par_1_56' title="bbox 183 5058 1738 5140">
     <span class='ocr_line' id='line_1_56' title="bbox 183 5058 1738 5140; baseline 0 -21"><span class='ocrx_word' id='word_1_541' title='bbox 183 5066 412 5136; x_wconf 71' lang='grc' dir='ltr'><strong><em>βιϐλίοις</em></strong></span> <span class='ocrx_word' id='word_1_542' title='bbox 438 5076 506 5140; x_wconf 84' lang='grc' dir='ltr'><strong><em>η’,</em></strong></span> <span class='ocrx_word' id='word_1_543' title='bbox 536 5069 752 5137; x_wconf 82' lang='grc' dir='ltr'><strong>γέγονεν</strong></span> <span class='ocrx_word' id='word_1_544' title='bbox 788 5068 1009 5137; x_wconf 78' lang='grc' dir='ltr'><strong><em>ἔσχατον</em></strong></span> <span class='ocrx_word' id='word_1_545' title='bbox 1036 5058 1352 5140; x_wconf 77' lang='grc' dir='ltr'><strong><em>Χριστιανὸς</em></strong></span> <span class='ocrx_word' id='word_1_546' title='bbox 1394 5069 1485 5120; x_wconf 73' lang='grc' dir='ltr'>καὶ</span> <span class='ocrx_word' id='word_1_547' title='bbox 1512 5069 1738 5119; x_wconf 81' lang='grc' dir='ltr'><strong><em>ὲπίσκο·</em></strong></span> 
     </span>
    </p>
   </div>
   <div class='ocr_carea' id='block_1_57' title="bbox 1770 5058 3388 5140">
    <p class='ocr_par' dir='ltr' id='par_1_57' title="bbox 1840 5066 3388 5138">
     <span class='ocr_line' id='line_1_57' title="bbox 1840 5066 3388 5138; baseline 0.001 -18"><span class='ocrx_word' id='word_1_548' title='bbox 1840 5070 2054 5122; x_wconf 84' lang='lat' dir='ltr'><strong><em>tandem</em></strong></span> <span class='ocrx_word' id='word_1_549' title='bbox 2091 5066 2263 5121; x_wconf 85' lang='lat' dir='ltr'><strong><em>factus</em></strong></span> <span class='ocrx_word' id='word_1_550' title='bbox 2295 5070 2377 5123; x_wconf 71' lang='lat' dir='ltr'><strong><em>es:</em></strong></span> <span class='ocrx_word' id='word_1_551' title='bbox 2418 5067 2758 5122; x_wconf 86' lang='lat' dir='ltr'><strong><em>Christianus</em></strong></span> <span class='ocrx_word' id='word_1_552' title='bbox 2803 5073 2855 5120; x_wconf 86' lang='lat' dir='ltr'><strong><em>et</em></strong></span> <span class='ocrx_word' id='word_1_553' title='bbox 2900 5070 3205 5138; x_wconf 82' lang='lat' dir='ltr'><strong><em>episcopus.</em></strong></span> <span class='ocrx_word' id='word_1_554' title='bbox 3242 5068 3388 5123; x_wconf 86' lang='lat' dir='ltr'><strong><em>Scri-</em></strong></span> 
     </span>
    </p>
   </div>
   <div class='ocr_carea' id='block_1_58' title="bbox 181 5154 1799 5232">
    <p class='ocr_par' dir='ltr' id='par_1_58' title="bbox 181 5154 1735 5232">
     <span class='ocr_line' id='line_1_58' title="bbox 181 5154 1735 5232; baseline -0.006 -14"><span class='ocrx_word' id='word_1_555' title='bbox 181 5176 306 5221; x_wconf 67' lang='lat' dir='ltr'><strong><em>ms.</em></strong></span> <span class='ocrx_word' id='word_1_556' title='bbox 336 5160 581 5232; x_wconf 78' lang='grc' dir='ltr'>Ἔγραψε</span> <span class='ocrx_word' id='word_1_557' title='bbox 607 5160 663 5213; x_wconf 85' lang='grc' dir='ltr'><strong><em>δὲ</em></strong></span> <span class='ocrx_word' id='word_1_558' title='bbox 684 5159 821 5229; x_wconf 79' lang='grc' dir='ltr'><strong><em>Περὶ</em></strong></span> <span class='ocrx_word' id='word_1_559' title='bbox 864 5160 1139 5228; x_wconf 77' lang='grc' dir='ltr'><strong><em>σφαίρας,</em></strong></span> <span class='ocrx_word' id='word_1_560' title='bbox 1196 5160 1292 5213; x_wconf 74' lang='grc' dir='ltr'><strong><em>καὶ</em></strong></span> <span class='ocrx_word' id='word_1_561' title='bbox 1325 5154 1735 5226; x_wconf 70' lang='grc' dir='ltr'><strong><em>ἐτυμολογίας,</em></strong></span> 
     </span>
    </p>
   </div>
   <div class='ocr_carea' id='block_1_59' title="bbox 1769 5154 3387 5232">
    <p class='ocr_par' dir='ltr' id='par_1_59' title="bbox 1836 5158 3387 5228">
     <span class='ocr_line' id='line_1_59' title="bbox 1836 5158 3387 5228; baseline 0.001 -17"><span class='ocrx_word' id='word_1_562' title='bbox 1836 5159 1945 5227; x_wconf 84' lang='lat' dir='ltr'><strong><em>psit</em></strong></span> <span class='ocrx_word' id='word_1_563' title='bbox 1970 5158 2044 5212; x_wconf 90' lang='lat' dir='ltr'><strong><em>De</em></strong></span> <span class='ocrx_word' id='word_1_564' title='bbox 2072 5158 2295 5228; x_wconf 68' lang='lat' dir='ltr'><strong><em>spha‘ra,</em></strong></span> <span class='ocrx_word' id='word_1_565' title='bbox 2320 5166 2374 5213; x_wconf 86' lang='lat' dir='ltr'><strong><em>et</em></strong></span> <span class='ocrx_word' id='word_1_566' title='bbox 2394 5159 2745 5228; x_wconf 84' lang='lat' dir='ltr'><strong><em>Etgmologia,</em></strong></span> <span class='ocrx_word' id='word_1_567' title='bbox 2774 5165 2826 5213; x_wconf 85' lang='lat' dir='ltr'><strong><em>et</em></strong></span> <span class='ocrx_word' id='word_1_568' title='bbox 2852 5159 3145 5213; x_wconf 84' lang='lat' dir='ltr'><strong><em>Historiam</em></strong></span> <span class='ocrx_word' id='word_1_569' title='bbox 3182 5162 3387 5215; x_wconf 80' lang='lat' dir='ltr'><strong><em>miscel-</em></strong></span> 
     </span>
    </p>
   </div>
   <div class='ocr_carea' id='block_1_60' title="bbox 182 5248 1800 5321">
    <p class='ocr_par' dir='ltr' id='par_1_60' title="bbox 182 5248 1736 5321">
     <span class='ocr_line' id='line_1_60' title="bbox 182 5248 1736 5321; baseline -0.003 -16"><span class='ocrx_word' id='word_1_570' title='bbox 182 5251 283 5305; x_wconf 77' lang='grc' dir='ltr'><strong><em>καὶ</em></strong></span> <span class='ocrx_word' id='word_1_571' title='bbox 319 5251 601 5319; x_wconf 75' lang='grc' dir='ltr'><strong><em>Ἱστορίαν</em></strong></span> <span class='ocrx_word' id='word_1_572' title='bbox 620 5249 967 5321; x_wconf 57' lang='grc' dir='ltr'><strong><em>σύμμικτον,</em></strong></span> <span class='ocrx_word' id='word_1_573' title='bbox 1005 5251 1210 5305; x_wconf 76' lang='grc' dir='ltr'><strong><em>πολλῶν</em></strong></span> <span class='ocrx_word' id='word_1_574' title='bbox 1242 5251 1335 5303; x_wconf 77' lang='grc' dir='ltr'>καὶ</span> <span class='ocrx_word' id='word_1_575' title='bbox 1366 5248 1611 5319; x_wconf 83' lang='grc' dir='ltr'><strong><em>μεγάλων</em></strong></span> <span class='ocrx_word' id='word_1_576' title='bbox 1643 5251 1736 5301; x_wconf 79' lang='grc' dir='ltr'><strong><em>καὶ</em></strong></span> 
     </span>
    </p>
   </div>
   <div class='ocr_carea' id='block_1_61' title="bbox 1770 5248 3388 5321">
    <p class='ocr_par' dir='ltr' id='par_1_61' title="bbox 1836 5249 3388 5319">
     <span class='ocr_line' id='line_1_61' title="bbox 1836 5249 3388 5319; baseline 0 -17"><span class='ocrx_word' id='word_1_577' title='bbox 1836 5249 2082 5312; x_wconf 84' lang='lat' dir='ltr'><strong><em>laneam;</em></strong></span> <span class='ocrx_word' id='word_1_578' title='bbox 2118 5264 2237 5319; x_wconf 72' lang='lat' dir='ltr'><strong><em>qua:</em></strong></span> <span class='ocrx_word' id='word_1_579' title='bbox 2271 5251 2581 5313; x_wconf 87' lang='lat' dir='ltr'><strong><em>multorum,</em></strong></span> <span class='ocrx_word' id='word_1_580' title='bbox 2609 5256 2662 5303; x_wconf 88' lang='lat' dir='ltr'><strong><em>et</em></strong></span> <span class='ocrx_word' id='word_1_581' title='bbox 2685 5264 2999 5319; x_wconf 79' lang='lat' dir='ltr'><strong><em>magnorum</em></strong></span> <span class='ocrx_word' id='word_1_582' title='bbox 3019 5288 3035 5314; x_wconf 92' lang='lat'><strong><em>,</em></strong></span> <span class='ocrx_word' id='word_1_583' title='bbox 3066 5259 3119 5305; x_wconf 89' lang='lat' dir='ltr'><strong><em>et</em></strong></span> <span class='ocrx_word' id='word_1_584' title='bbox 3154 5252 3388 5305; x_wconf 75' lang='lat' dir='ltr'><strong><em>admira-</em></strong></span> 
     </span>
    </p>
   </div>
   <div class='ocr_carea' id='block_1_62' title="bbox 182 5336 1800 5411">
    <p class='ocr_par' dir='ltr' id='par_1_62' title="bbox 182 5336 1736 5411">
     <span class='ocr_line' id='line_1_62' title="bbox 182 5336 1736 5411; baseline -0.003 -19"><span class='ocrx_word' id='word_1_585' title='bbox 182 5338 503 5409; x_wconf 77' lang='grc' dir='ltr'><strong><em>θαυμασίων</em></strong></span> <span class='ocrx_word' id='word_1_586' title='bbox 519 5340 722 5410; x_wconf 77' lang='grc' dir='ltr'><strong><em>ἀνδρῶν</em></strong></span> <span class='ocrx_word' id='word_1_587' title='bbox 745 5357 847 5411; x_wconf 86' lang='grc' dir='ltr'><strong><em>μνη</em></strong></span> <span class='ocrx_word' id='word_1_588' title='bbox 856 5337 1198 5409; x_wconf 83' lang='grc' dir='ltr'><strong><em>μονεύουσαν.</em></strong></span> <span class='ocrx_word' id='word_1_589' title='bbox 1233 5338 1294 5393; x_wconf 87' lang='grc' dir='ltr'>Ὀ</span> <span class='ocrx_word' id='word_1_590' title='bbox 1316 5338 1369 5390; x_wconf 83' lang='grc' dir='ltr'><strong><em>δὲ</em></strong></span> <span class='ocrx_word' id='word_1_591' title='bbox 1397 5337 1552 5405; x_wconf 78' lang='grc' dir='ltr'><strong>λόγος</strong></span> <span class='ocrx_word' id='word_1_592' title='bbox 1572 5336 1736 5389; x_wconf 81' lang='grc' dir='ltr'><strong><em>αὑτοῦ</em></strong></span> 
     </span>
    </p>
   </div>
   <div class='ocr_carea' id='block_1_63' title="bbox 1769 5336 3387 5411">
    <p class='ocr_par' dir='ltr' id='par_1_63' title="bbox 1838 5337 3387 5410">
     <span class='ocr_line' id='line_1_63' title="bbox 1838 5337 3387 5410; baseline -0.002 -15"><span class='ocrx_word' id='word_1_593' title='bbox 1838 5340 2026 5395; x_wconf 90' lang='lat' dir='ltr'><strong><em>bilium</em></strong></span> <span class='ocrx_word' id='word_1_594' title='bbox 2061 5340 2301 5394; x_wconf 82' lang='lat' dir='ltr'><strong><em>virorum</em></strong></span> <span class='ocrx_word' id='word_1_595' title='bbox 2344 5337 2672 5395; x_wconf 89' lang='lat' dir='ltr'><strong><em>mentionem</em></strong></span> <span class='ocrx_word' id='word_1_596' title='bbox 2723 5341 2871 5395; x_wconf 78' lang='lat' dir='ltr'><strong><em>facit.</em></strong></span> <span class='ocrx_word' id='word_1_597' title='bbox 2902 5339 3075 5410; x_wconf 87' lang='lat' dir='ltr'><strong><em>Ipsius</em></strong></span> <span class='ocrx_word' id='word_1_598' title='bbox 3100 5357 3226 5395; x_wconf 80' lang='lat' dir='ltr'><strong><em>vero</em></strong></span> <span class='ocrx_word' id='word_1_599' title='bbox 3266 5355 3387 5395; x_wconf 86' lang='lat' dir='ltr'><strong><em>ora-</em></strong></span> 
     </span>
    </p>
   </div>
   <div class='ocr_carea' id='block_1_64' title="bbox 184 5427 1802 5510">
    <p class='ocr_par' dir='ltr' id='par_1_64' title="bbox 184 5427 1178 5510">
     <span class='ocr_line' id='line_1_64' title="bbox 184 5427 1178 5510; baseline 0 -27"><span class='ocrx_word' id='word_1_600' title='bbox 184 5429 331 5483; x_wconf 50' lang='lat' dir='ltr'><strong><em>mea</em></strong></span> <span class='ocrx_word' id='word_1_601' title='bbox 354 5427 528 5510; x_wconf 57' lang='lat' dir='ltr'><strong><em>nausa</em></strong></span> <span class='ocrx_word' id='word_1_602' title='bbox 546 5429 725 5498; x_wconf 78' lang='grc' dir='ltr'><strong>ὅμοιος</strong></span> <span class='ocrx_word' id='word_1_603' title='bbox 747 5434 858 5495; x_wconf 82' lang='grc' dir='ltr'><strong>τοῖς</strong></span> <span class='ocrx_word' id='word_1_604' title='bbox 878 5432 1178 5502; x_wconf 68' lang='grc' dir='ltr'><strong><em>ἐρωτικοῖς.</em></strong></span> 
     </span>
    </p>
   </div>
   <div class='ocr_carea' id='block_1_65' title="bbox 1769 5427 3387 5510">
    <p class='ocr_par' dir='ltr' id='par_1_65' title="bbox 1837 5431 3387 5502">
     <span class='ocr_line' id='line_1_65' title="bbox 1837 5431 3387 5502; baseline 0.003 -19"><span class='ocrx_word' id='word_1_605' title='bbox 1837 5431 1915 5486; x_wconf 82' lang='lat' dir='ltr'><strong><em>tio</em></strong></span> <span class='ocrx_word' id='word_1_606' title='bbox 1946 5432 2002 5485; x_wconf 92' lang='lat' dir='ltr'><strong><em>in</em></strong></span> <span class='ocrx_word' id='word_1_607' title='bbox 2055 5433 2305 5488; x_wconf 89' lang='lat' dir='ltr'><strong><em>omnibus</em></strong></span> <span class='ocrx_word' id='word_1_608' title='bbox 2359 5446 2583 5502; x_wconf 86' lang='lat' dir='ltr'><strong><em>prorsus</em></strong></span> <span class='ocrx_word' id='word_1_609' title='bbox 2629 5441 2713 5487; x_wconf 83' lang='lat' dir='ltr'><strong><em>est</em></strong></span> <span class='ocrx_word' id='word_1_610' title='bbox 2751 5434 3027 5488; x_wconf 83' lang='lat' dir='ltr'><strong><em>amatoriis</em></strong></span> <span class='ocrx_word' id='word_1_611' title='bbox 3054 5432 3387 5487; x_wconf 86' lang='lat' dir='ltr'><strong><em>orationibus</em></strong></span> 
     </span>
    </p>
   </div>
   <div class='ocr_carea' id='block_1_66' title="bbox 800 5521 2693 5577">
    <p class='ocr_par' dir='ltr' id='par_1_66' title="bbox 800 5521 2693 5577">
     <span class='ocr_line' id='line_1_66' title="bbox 800 5521 2693 5577; baseline 0 -2"><span class='ocrx_word' id='word_1_612' title='bbox 800 5544 801 5547; x_wconf 51' lang='grc' dir='ltr'><strong>η</strong></span> <span class='ocrx_word' id='word_1_613' title='bbox 1841 5521 2054 5577; x_wconf 87' lang='lat' dir='ltr'><strong><em>similis.</em></strong></span> <span class='ocrx_word' id='word_1_614' title='bbox 2687 5528 2693 5533; x_wconf 85' lang='lat'><strong><em>‘</em></strong></span> 
     </span>
    </p>
   </div>
   <div class='ocr_carea' id='block_1_67' title="bbox 3400 5034 3442 5053">
    <p class='ocr_par' dir='ltr' id='par_1_67' title="bbox 3400 5034 3442 5053">
     <span class='ocr_line' id='line_1_67' title="bbox 3400 5034 3442 5053; baseline 0 0"><span class='ocrx_word' id='word_1_615' title='bbox 3400 5034 3442 5053; x_wconf 51' lang='grc' dir='ltr'><em>α</em></span> 
     </span>
    </p>
   </div>
   <div class='ocr_carea' id='block_1_68' title="bbox 176 5606 3391 5689">
    <p class='ocr_par' dir='ltr' id='par_1_68' title="bbox 176 5606 3391 5689">
     <span class='ocr_line' id='line_1_68' title="bbox 176 5606 3391 5689; baseline 0.003 -29"><span class='ocrx_word' id='word_1_616' title='bbox 176 5670 208 5689; x_wconf 17' lang='grc' dir='ltr'><strong><em>ί,</em></strong></span> <span class='ocrx_word' id='word_1_617' title='bbox 255 5606 509 5689; x_wconf 49' lang='lat' dir='ltr'><strong><em>Heminit</em></strong></span> <span class='ocrx_word' id='word_1_618' title='bbox 530 5618 579 5661; x_wconf 89' lang='lat' dir='ltr'><strong><em>et</em></strong></span> <span class='ocrx_word' id='word_1_619' title='bbox 604 5609 821 5689; x_wconf 73' lang='lat' dir='ltr'><strong><em>Achillis</em></strong></span> <span class='ocrx_word' id='word_1_620' title='bbox 858 5611 997 5689; x_wconf 75' lang='lat' dir='ltr'><strong><em>Tatii</em></strong></span> <span class='ocrx_word' id='word_1_621' title='bbox 1028 5612 1243 5689; x_wconf 56' lang='lat' dir='ltr'><strong><em>fhotius</em></strong></span> <span class='ocrx_word' id='word_1_622' title='bbox 1273 5611 1385 5689; x_wconf 80' lang='lat' dir='ltr'><strong><em>cod.</em></strong></span> <span class='ocrx_word' id='word_1_623' title='bbox 1422 5626 1658 5689; x_wconf 59' lang='lat' dir='ltr'><strong><em>LX}!Vll,</em></strong></span> <span class='ocrx_word' id='word_1_624' title='bbox 1687 5614 1776 5667; x_wconf 88' lang='lat' dir='ltr'><strong><em>ubi</em></strong></span> <span class='ocrx_word' id='word_1_625' title='bbox 1798 5632 1897 5689; x_wconf 83' lang='lat' dir='ltr'><strong><em>non</em></strong></span> <span class='ocrx_word' id='word_1_626' title='bbox 1922 5617 2146 5689; x_wconf 64' lang='grc' dir='ltr'><strong>Στάειον</strong></span> <span class='ocrx_word' id='word_1_627' title='bbox 2176 5626 2343 5689; x_wconf 84' lang='lat' dir='ltr'><strong><em>vocat,</em></strong></span> <span class='ocrx_word' id='word_1_628' title='bbox 2377 5618 2473 5689; x_wconf 82' lang='lat' dir='ltr'><strong><em>sed</em></strong></span> <span class='ocrx_word' id='word_1_629' title='bbox 2504 5620 2716 5685; x_wconf 79' lang='grc' dir='ltr'><strong><em>Τάτιον,</em></strong></span> <span class='ocrx_word' id='word_1_630' title='bbox 2744 5618 3175 5689; x_wconf 86' lang='lat' dir='ltr'><strong><em>quemadmodum</em></strong></span> <span class='ocrx_word' id='word_1_631' title='bbox 3205 5622 3253 5672; x_wconf 90' lang='lat' dir='ltr'><strong><em>et</em></strong></span> <span class='ocrx_word' id='word_1_632' title='bbox 3283 5616 3391 5672; x_wconf 82' lang='lat' dir='ltr'><strong><em>Pa-</em></strong></span> 
     </span>
    </p>
   </div>
   <div class='ocr_carea' id='block_1_69' title="bbox 189 5674 3391 5757">
    <p class='ocr_par' dir='ltr' id='par_1_69' title="bbox 189 5674 3391 5757">
     <span class='ocr_line' id='line_1_69' title="bbox 189 5674 3391 5757; baseline 0.003 -29"><span class='ocrx_word' id='word_1_633' title='bbox 189 5674 391 5757; x_wconf 59' lang='lat' dir='ltr'><strong><em>latinus</em></strong></span> <span class='ocrx_word' id='word_1_634' title='bbox 415 5678 837 5757; x_wconf 61' lang='lat' dir='ltr'><strong><em>codexhabebat,</em></strong></span> <span class='ocrx_word' id='word_1_635' title='bbox 864 5681 998 5757; x_wconf 78' lang='lat' dir='ltr'><strong><em>unde</em></strong></span> <span class='ocrx_word' id='word_1_636' title='bbox 1019 5682 1366 5757; x_wconf 87' lang='lat' dir='ltr'><strong><em>Clitophonti_s_</em></strong></span> <span class='ocrx_word' id='word_1_637' title='bbox 1394 5693 1442 5733; x_wconf 84' lang='lat' dir='ltr'><strong><em>et</em></strong></span> <span class='ocrx_word' id='word_1_638' title='bbox 1477 5674 1756 5757; x_wconf 58' lang='lat' dir='ltr'><strong><em>Leucippes</em></strong></span> <span class='ocrx_word' id='word_1_639' title='bbox 1783 5687 1999 5757; x_wconf 88' lang='lat' dir='ltr'><strong><em>Amores</em></strong></span> <span class='ocrx_word' id='word_1_640' title='bbox 2025 5674 2374 5757; x_wconf 84' lang='lat' dir='ltr'><strong><em>Commelinus</em></strong></span> <span class='ocrx_word' id='word_1_641' title='bbox 2404 5688 2585 5745; x_wconf 84' lang='lat' dir='ltr'><strong><em>edidit.</em></strong></span> <span class='ocrx_word' id='word_1_642' title='bbox 2619 5674 2767 5743; x_wconf 69' lang='lat' dir='ltr'><strong><em>Nam</em></strong></span> <span class='ocrx_word' id='word_1_643' title='bbox 2792 5692 2959 5745; x_wconf 86' lang='lat' dir='ltr'><strong><em>altera</em></strong></span> <span class='ocrx_word' id='word_1_644' title='bbox 2980 5703 3045 5742; x_wconf 70' lang='lat' dir='ltr'><strong><em>ex</em></strong></span> <span class='ocrx_word' id='word_1_645' title='bbox 3065 5705 3247 5749; x_wconf 87' lang='lat' dir='ltr'><strong><em>errore</em></strong></span> <span class='ocrx_word' id='word_1_646' title='bbox 3272 5703 3391 5757; x_wconf 86' lang='lat' dir='ltr'><strong><em>pro-</em></strong></span> 
     </span>
    </p>
   </div>
   <div class='ocr_carea' id='block_1_70' title="bbox 191 5745 2425 5825">
    <p class='ocr_par' dir='ltr' id='par_1_70' title="bbox 191 5745 2425 5825">
     <span class='ocr_line' id='line_1_70' title="bbox 191 5745 2425 5825; baseline 0.006 -28"><span class='ocrx_word' id='word_1_647' title='bbox 191 5745 328 5811; x_wconf 85' lang='lat' dir='ltr'><strong><em>fecta</em></strong></span> <span class='ocrx_word' id='word_1_648' title='bbox 356 5746 509 5801; x_wconf 86' lang='lat' dir='ltr'><strong><em>lectio</em></strong></span> <span class='ocrx_word' id='word_1_649' title='bbox 547 5748 761 5815; x_wconf 87' lang='lat' dir='ltr'><strong><em>videtur,</em></strong></span> <span class='ocrx_word' id='word_1_650' title='bbox 794 5751 1009 5816; x_wconf 89' lang='lat' dir='ltr'><strong><em>repetita</em></strong></span> <span class='ocrx_word' id='word_1_651' title='bbox 1031 5767 1298 5823; x_wconf 87' lang='lat' dir='ltr'><strong><em>perperam</em></strong></span> <span class='ocrx_word' id='word_1_652' title='bbox 1329 5751 1503 5808; x_wconf 88' lang='lat' dir='ltr'><strong><em>littera</em></strong></span> <span class='ocrx_word' id='word_1_653' title='bbox 1534 5752 1572 5803; x_wconf 86' lang='grc' dir='ltr'><strong>Σ</strong></span> <span class='ocrx_word' id='word_1_654' title='bbox 1591 5745 1653 5807; x_wconf 68' lang='lat' dir='ltr'><strong><em>es:</em></strong></span> <span class='ocrx_word' id='word_1_655' title='bbox 1667 5745 1839 5821; x_wconf 83' lang='lat' dir='ltr'><strong><em>priori</em></strong></span> <span class='ocrx_word' id='word_1_656' title='bbox 1864 5756 2087 5825; x_wconf 88' lang='lat' dir='ltr'><strong><em>nomine,</em></strong></span> <span class='ocrx_word' id='word_1_657' title='bbox 2107 5756 2425 5820; x_wconf 67' lang='lat' dir='ltr'><strong><em>&quot;Avtmwc.</em></strong></span> 
     </span>
    </p>
   </div>
   <div class='ocr_carea' id='block_1_71' title="bbox 430 5840 3073 5925">
    <p class='ocr_par' dir='ltr' id='par_1_71' title="bbox 430 5840 3073 5925">
     <span class='ocr_line' id='line_1_71' title="bbox 430 5840 3073 5925; baseline 0.003 -24"><span class='ocrx_word' id='word_1_658' title='bbox 430 5842 699 5919; x_wconf 74' lang='grc' dir='ltr'><strong><em>Ρηιοι..</em></strong></span> <span class='ocrx_word' id='word_1_659' title='bbox 730 5840 1031 5925; x_wconf 30' lang='lat' dir='ltr'><strong><em>(inslilit</em></strong></span> <span class='ocrx_word' id='word_1_660' title='bbox 2998 5850 3073 5909; x_wconf 63' lang='lat'><strong><em>26</em></strong></span> 
     </span>
    </p>
   </div>
  </div>
