4112 6314
677 377 767 432 751
1647 373 1736 427 AD
1767 354 2032 430 EUSEBII
2075 367 2463 426 CHRONICON
2508 370 2871 426 APPENDIX.

3769 368 3864 425 752

673 495 981 561 noctia,hoe
999 494 1159 549 modo
1174 491 1518 548 dividuntur:
1540 492 1606 546 ab
1619 490 1944 561 aequinoctio
1957 503 2234 552 verno,us-

2340 488 2540 559 μεριῶν
2591 488 2777 542 τοῦτον
2821 486 3282 558 διαιροῦνται.τὸν
3337 486 3563 557 τρόπον’
3614 485 3735 538 Ἀπὸ
3775 487 3867 556 μὲ)

672 603 777 656 que
793 585 858 640 ad
875 585 1162 640 solstitium
1173 583 1414 638 aestivum
1427 583 1542 638 dies
1559 591 1682 637 sunt
1699 581 1769 636 94
1797 581 1898 651 1ίὲ
1915 598 1929 649 ;
1949 596 2068 635 nam
2087 581 2141 634 in
2155 587 2236 634 tot

674 678 865 733 diebus
893 677 1088 731 transit
1125 675 1205 730 sol
1233 675 1492 738 Arietem,
1517 671 1777 735 Taurum,
1808 671 2063 727 Geminos
2091 676 2145 725 et
2166 669 2234 722 ad

676 771 905 841 primam
926 776 1132 838 partem
1151 766 1644 830 Cancriacceciens,
1673 763 1960 819 solstitium
1988 762 2232 817 aestivum

675 849 857 918 edicit.
900 860 983 916 Ab
1027 861 1214 914 aestivo
1255 860 1489 915 solstitio
1524 873 1698 927 usque
1730 856 1797 909 ad
1845 855 2231 925 aequinoctium

675 954 988 1009 autumnale
1014 954 1129 1008 dies
1150 961 1276 1008 sunt
1292 953 1360 1008 92
1379 952 1514 1022 1/2;
1540 967 1662 1006 nam
1681 950 1735 1004 in
1753 956 1832 1003 tot
1854 949 2042 1004 diebus
2061 957 2261 1023 trans-_

677 1044 834 1105 it,sol
859 1043 1150 1106 Cancrum,
1173 1042 1430 1107 Leonem,
1471 1040 1771 1112 Virginem,
1799 1047 1853 1093 et
1907 1039 1975 1092 ad
2001 1038 2230 1108 primam

677 1142 884 1204 partem
918 1132 1094 1188 Librae
1124 1132 1390 1188 accedens
1419 1130 1580 1186 elﬁcit
1600 1129 1984 1200 aequinoctium
2019 1134 2235 1181 autum-

678 1225 820 1280 nale.
847 1225 930 1280 ΔΙ)
963 1225 1286 1295 aequinoctio
1313 1223 1609 1278 autumnali
1646 1238 1820 1293 usque
1849 1222 1914 1275 ad
1938 1220 2231 1275 solstitium

677 1319 964 1374 hibernum
981 1317 1097 1372 dies
1114 1324 1240 1370 sunt
1264 1315 1448 1387 881/8
1467 1335 1484 1385 ;
1503 1331 1626 1370 nam
1647 1315 1701 1369 in
1727 1321 1803 1368 tot
1821 1312 2012 1368 diebus
2036 1312 2234 1365 transit

668 1411 761 1467 sol
825 1408 1075 1477 Libraml,
1134 1406 1448 1477 Scorpium,
1508 1405 1895 1477 Sagittarium,
1938 1411 1992 1458 et
2025 1402 2093 1456 ad
2133 1407 2236 1472 pri-

679 1519 823 1558 mam
870 1509 1072 1572 partem
1120 1499 1439 1570 Capricorni
1483 1499 1804 1569 perveniens
1845 1493 2004 1550 elIicit
2044 1493 2234 1547 solsti-

674 1597 814 1650 tium
841 1595 1146 1651 hibernum.
1173 1594 1218 1646 Δ
1249 1591 1484 1649 solstitio
1516 1591 1744 1645 hiberno
1775 1603 1948 1658 usque
1977 1586 2042 1639 ad
2067 1585 2237 1654 aequi-

676 1690 919 1744 noctium
949 1702 1174 1743 vernum
1201 1685 1316 1742 dies
1347 1692 1474 1741 sunt
1499 1683 1720 1754 901/8;
1757 1684 1810 1736 in
1845 1687 1927 1734 tot
1957 1677 2100 1733 enim
2121 1676 2236 1730 die-

679 1781 783 1836 bus
830 1778 1027 1834 transit
1085 1779 1169 1833 sol
1207 1777 1413 1847 reliqua
1451 1776 1557 1829 tria
1589 1776 1765 1844 signa,
1817 1771 2231 1841 Capricornum.

2338 579 2622 649 ισημερίας
2674 579 2897 650 “Mc
2951 578 3110 650 μέχρι
3153 571 3358 650 τράπῆς
3410 576 3623 647 θερινῆς
3677 577 3863 647 ἡμέραι

2333 671 2468 722 εἰσιν
2486 671 2642 737 ίπδςη·
2663 671 2720 724 tv
2751 670 2860 743 γὰρ
2888 670 3176 734 τοσαύταις
3201 670 3430 741 ἡμέραις
3456 668 3820 739 διαπορεύεται
3839 671 3866 722 ό

2331 764 2479 832 ῆλιος
2502 763 2691 836 Κριὸν,
2723 763 2953 834 Ταῦρον,
2979 764 3263 835 Διδύμους,
3288 762 3383 816 καὶ
3423 764 3514 816 ἐπὶ
3540 762 3636 832 τὴν
3662 760 3867 833 πρώτην

2337 858 2525 928 μοῖραν
2579 857 2670 910 τοῦ
2731 857 3004 928 Καρκίνου
3039 855 3485 928 παραγινόμενος,
3532 853 3629 926 τὴν
3667 853 3868 924 θερινὴν

2331 947 2536 1020 τροπὴν
2563 951 2827 1002 ποιεῖταιο
2863 948 2969 1002 ἀπὸ
2994 947 3051 999 δὲ
3074 947 3292 1018 θερινῆς
3323 948 3530 1018 τροπῆς
3578 946 3758 1016 μέχρις
3795 947 3867 996 ἰσο

2331 1040 2561 1112 ημερίας
2578 1040 2975 1111 φθινοπωρινῆς
2989 1039 3188 1110 ἡμέραι
3212 1039 3350 1092 εἰσιν
3365 1036 3528 1106 ιιβςη-
3551 1038 3608 1089 ἐν
3655 1037 3757 1106 γάρ
3785 1053 3867 1088 το-

2335 1131 2557 1195 σαύταις
2617 1131 2850 1202 ἡμέραις
2900 1129 3279 1200 διαπορεύεται
3312 1131 3340 1181 6
3392 1128 3541 1198 ἡλιος
3590 1126 3866 1198 Καρκίνον,

2305 1227 2568 1306 μΛέοντα,
2600 1224 2898 1294 Παρθένον,
2930 1224 3022 1276 καὶ
3056 1223 3274 1293 ἐπίλτῆν
3306 1219 3528 1292 πρώτην
3555 1222 3738 1290 μοῖραν
3770 1215 3868 1271 τῶν

2302 1307 2525 1387 ’Χηλῶν
2553 1314 2983 1386 παραγινόμενος
3023 1312 3120 1384 τὴν
3160 1311 3550 1382 φθινοπωρινὴν
3603 1307 3868 1378 ἰσημερίαν

2337 1413 2596 1464 ποιεῖται·
2630 1407 2736 1460 ἀπὸ
2761 1407 2815 1459 δὲ
2846 1405 3130 1478 ἰσημερίας
3153 1401 3549 1474 φθινοπωρινῆς
3582 1400 3735 1470 μέχρι
3752 1415 3868 1469 τρο-

2336 1499 2443 1569 πῆς
2467 1499 2779 1569 χειμερινῆς
2811 1497 3014 1568 ἡμέραι
3045 1496 3178 1548 εἰσὶν
3205 1499 3389 1565 πηἠ⁰’
3415 1509 3428 1521 ·
3476 1495 3535 1545 ἐν
3569 1490 3675 1559 γὰρ
3702 1488 3871 1542 τοσαύ-

2334 1609 2452 1654 ταις
2480 1590 2711 1660 ἡμέραις
2739 1587 3115 1658 διαπορεύεται
3138 1586 3165 1638 6
3193 1587 3340 1656 ἡλιος
3365 1584 3570 1656 Χηλὰς,
3597 1581 3867 1651 Σκορπίον,

2335 1681 2586 1750 Τοξότην,
2617 1681 2711 1732 καὶ
2740 1680 2830 1732 ἐπὶ
2861 1679 2959 1749 τὴν
2987 1677 3207 1749 πρώτην
3222 1681 3421 1749 μοῖραν
3453 1673 3870 1746 παραγενόμενος

2335 1771 2362 1822 6
2391 1769 2539 1839 ἥλιος
2579 1767 2676 1821 τοῦ
2709 1767 3009 1836 Αἰγόκερω,
3051 1767 3149 1837 τὴν
3179 1765 3491 1837 χειμερινὴν
3535 1763 3734 1836 τροπὴν
3760 1775 3870 1811 ποια

679 1871 977 1942 Aquarium
997 1910 1011 1935 ,
1043 1868 1247 1925 Pisces.
1294 1867 1492 1922 Omnes
1531 1867 1695 1938 igitur
1725 1866 1840 1920 dies
1871 1865 2063 1918 horum
2096 1877 2220 1931 quao

2335 1861 2502 1912 εἷται·
2538 1858 2650 1926 ἀπὸ,
2677 1857 2734 1910 δὲ
2776 1857 2981 1928 τροπῆς
3017 1857 3326 1928 χειμερινῆς
3367 1858 3558 1927 μέχρις
3605 1851 3872 1924 ἰσημερίας

681 1973 806 2018 tuor
821 1969 1124 2032 temporum
1147 1959 1307 2015 simul
1339 1958 1539 2027 sumpti
1577 1957 1813 2013 eﬂlciunt
1843 1955 1960 2010 dies
1978 1953 2080 2009 365
2103 1951 2230 2022 1/4,

681 2062 814 2124 quot
849 2054 1012 2109 etiam
1046 2053 1100 2106 in
1132 2068 1240 2107 uno
1268 2058 1395 2106 sunt
1422 2066 1582 2104 anno.

2340 1949 2556 2020 ἐαρινῆς
2589 1947 2790 2017 ἡμέραι
2816 1948 2950 1999 εἱσίν
2985 1953 3124 2019 ιιήονθ
3166 1967 3179 1979 ·
3212 1950 3269 2001 tv
3300 1947 3406 2017 γάρ
3437 1946 3716 2007 τοσαύταις
3748 1939 3873 2014 ἡμέ-

2343 2055 2462 2110 ραις
2507 2035 2883 2108 διαπορεύεται
2929 2037 2958 2088 6
3004 2037 3152 2106 ’ἡλιος
3210 2037 3278 2090 τά
3321 2035 3718 2104 ἀπολειπόμενα
3758 2028 3873 2099 τρία

683 2149 875 2215 ζώδια,
909 2149 1236 2218 Δίγόκερων,
1284 2146 1588 2218 Ὑδροχόον,
1636 2143 1861 2214 Ἰχθύας.
1887 2141 1950 2194 Αἰ
1985 2141 2153 2193 πᾶσαι
2192 2132 2285 2190 οὖν
2330 2133 2528 2205 ἡμέραι
2556 2132 2760 2186 τούτων
2799 2133 2907 2186 τῶν
2951 2135 3227 2204 τεσσάρων
3265 2133 3467 2203 χρόνων
3517 2129 3874 2200 συντιθέμεναι

685 2245 890 2300 ποιοῦσι
917 2243 1020 2308 τξε¹
1055 2224 1154 2309 δ’ί,
1183 2245 1410 2311 ὅσαιπερ
1438 2237 1575 2312 ἦσαν
1598 2241 1652 2293 αί
1685 2238 1774 2293 τοῦ
1807 2234 2068 2292 ἐνιαυτοῦ.

755 2336 1027 2402 Quaeritur
1062 2335 1226 2406 igitur
1271 2334 1324 2387 in
1368 2333 1474 2398 his,
1515 2347 1632 2397 cur,
1665 2345 1787 2384 cum
1835 2337 2067 2401 quatuor
2101 2323 2232 2380 dicti

684 2430 1015 2500 quadrantes
1061 2426 1267 2482 zodiaci
1315 2426 1456 2480 inter
1507 2439 1565 2478 se
1615 2423 1722 2477 sint
1762 2421 2019 2491 aequales,
2062 2427 2115 2474 et
2155 2418 2237 2473 sol

687 2534 900 2590 semper
926 2518 1203 2588 aequaliter
1228 2523 1507 2571 moveatur
1528 2555 1542 2580 ,
1582 2513 1696 2584 ipse
1719 2512 1772 2568 in
1800 2511 2134 2584 temporibus
2163 2510 2240 2567 in-

686 2611 985 2682 zqualibus
1005 2609 1238 2680 aequales
1269 2608 1460 2663 horum
1508 2607 1864 2678 quadrantum
1913 2621 2072 2661 arcus
2111 2621 2236 2676 per-

687 2711 876 2774 agret;
934 2717 1059 2757 nam
1105 2717 1200 2772 per
1231 2709 1397 2756 totam
1438 2700 1823 2754 astronomiam
1871 2698 2239 2769 prasupponi-

689 2805 800 2861 tur,
827 2805 880 2851 et
909 2794 1099 2858 solem,
1127 2800 1181 2848 et
1204 2793 1409 2856 lunam,
1435 2801 1490 2846 et
1529 2791 1766 2861 quinque
1797 2790 2039 2860 planetas
2062 2803 2243 2860 aqua-

688 2890 834 2953 liter,
857 2886 1218 2949 circulariter,
1259 2892 1313 2939 et
1342 2896 1532 2938 contra
1563 2883 1746 2936 mundi
1785 2889 1984 2936 motum
2008 2880 2237 2935 moveri.

685 2978 1020 3051 Pythagorei
1057 2977 1221 3042 enim,
1274 2990 1396 3029 cum
1441 2975 1601 3044 primi
1648 2973 1746 3027 has
1793 2973 2120 3046 quaestiones
2153 2987 2240 3042 ag-

685 3069 1080 3144 grederentur,
1134 3074 1650 3138 prazsupposuerunt
1719 3066 2014 3121 circulares
2079 3071 2240 3135 atque

2422 2328 2786 2399 Ἐπιζητεῖται
2817 2323 2910 2381 οὖν
2938 2329 2995 2381 tv
3018 2327 3247 2395 τούτοις,
3270 2328 3406 2394 πῶς,
3435 2329 3563 2381 ῐσων
3587 2329 3746 2382 ὄντων
3775 2330 3875 2384 τῶν

2341 2421 2617 2492 τεσσάρων
2653 2421 2853 2492 μορίων
2914 2420 3007 2474 τοῦ
3050 2418 3308 2484 ζώιακοῦ
3361 2420 3593 2486 κύκλου,
3640 2423 3668 2475 6
3709 2421 3875 2493 ἥλιος,

2345 2513 2604 2588 ἰσοταχῶς
2625 2511 2951 2588 ,κινούμενος
2983 2511 3071 2570 διὰ
3103 2511 3330 2580 παντὸς,
3359 2512 3416 2564 tv
3451 2511 3650 2578 ἀνίσοις
3682 2512 3878 2584 χρόνοις

2340 2609 2714 2679 διαπορεύεται
2740 2608 2838 2672 τὰς
2867 2609 2985 2672 ίσας
3037 2608 3404 2680 περιφερείας.
3441 2608 3743 2664 Ύπόκειται
3781 2610 3878 2681 γὰρ

2343 2701 2477 2769 πρὸς
2521 2699 2646 2771 ὅλην
2708 2700 2805 2771 τὴν
2849 2700 3198 2771 ἀστρολογίαν
3223 2702 3242 2732 ⁷
3291 2700 3439 2770 ἥλιόν
3487 2717 3547 2754 τε
3593 2703 3683 2755 καὶ
3737 2702 3866 2773 σελὴ

2343 2809 2440 2862 νην
2461 2832 2474 2855 ,
2506 2793 2600 2845 καὶ
2647 2793 2774 2855 τοὺς
2803 2792 2962 2845 πέντε
3007 2792 3279 2864 πλανήτας
3317 2793 3688 2863 ἰσοταχῶς,καί
3727 2796 3878 2861 ἐγκυ-

2342 2885 2524 2950 κλίως,
2563 2886 2657 2937 καὶ
2687 2883 3016 2949 ὑπεναντίως
3054 2885 3132 2955 τῷ
3177 2885 3363 2956 κόσμῳ
3396 2885 3674 2939 κινεῖσθαι.
3704 2886 3764 2938 Οἰ
3784 2886 3879 2956 γὰρ

2344 2975 2735 3047 Πυθαγόρειοι,
2789 2973 2993 3044 πρῶτοι
3043 2974 3424 3045 προσελθόντες
3465 2979 3582 3040 ταῖς
3623 2977 3881 3039 τοιαύταις

2342 3069 2660 3138 ζητήσεσιν,
2703 3067 2958 3121 ὑπέθεντο
2999 3066 3436 3136 ἐγκυκλίουςκαί
3477 3068 3677 3140 ὁμαλὰς
3711 3070 3878 3141 ἡλίου,

686 3162 921 3234 aequales
953 3160 1104 3220 solis,
1139 3159 1279 3213 lunae
1305 3166 1358 3213 et
1390 3157 1756 3236 erraticarum
1800 3156 2080 3211 stellarum
2121 3171 2236 3208 mo-

2338 3166 2431 3218 καὶ
2482 3165 2708 3236 σελήνης
2739 3203 2754 3229 ,
2790 3164 2885 3218 καὶ
2929 3163 3037 3216 τῶν
3092 3169 3131 3216 ε’
3179 3163 3460 3233 πλανητῶν
3505 3166 3743 3236 ἀστέρων
3788 3165 3879 3228 τὰς

686 3265 794 3309 tus.
839 3251 972 3307 Nam
1020 3236 1335 3322 hujusmodi
1363 3235 1824 3321 .irregularitatem
1857 3263 1966 3302 non
2005 3246 2240 3301 admise-

686 3341 815 3401 runt
849 3344 906 3398 in
957 3343 1042 3399 his
1097 3342 1297 3397 divinis
1338 3349 1502 3412 atque
1544 3340 1762 3396 aeternis
1793 3339 2136 3409 corporibus,
2184 3348 2243 3392 ut

688 3431 955 3493 interdum
1004 3434 1243 3491 velocius
1295 3440 1660 3497 moverentur,
1701 3432 1971 3487 interdum
2007 3431 2240 3498 tardius,

689 3529 959 3584 interdum
999 3533 1226 3591 starent,
1266 3535 1328 3582 ut
1374 3541 1504 3582 sane
1540 3525 1700 3580 etiam
1747 3524 2008 3580 stationes
2049 3531 2243 3579 vocant

688 3622 744 3677 in
774 3620 1017 3692 quinque
1054 3619 1303 3674 erraticis
1337 3617 1528 3674 stellis.
1555 3616 1737 3688 Neque
1763 3617 1914 3673 enim
1941 3617 1995 3671 in
2022 3616 2243 3671 homine

684 3717 822 3772 bene
858 3713 910 3784 3
948 3713 1248 3782 composito
1282 3718 1336 3786 et
1378 3710 1628 3765 ordinato
1669 3710 1833 3764 talem
1878 3714 2059 3764 motus
2105 3708 2243 3763 irre-

679 3807 1028 3878 gularitatem
1076 3804 1132 3857 in
1183 3802 1462 3874 gressibus
1504 3801 1700 3872 aliquis
1729 3801 2081 3865 admitteret;
2116 3813 2242 3854 nam

685 3899 810 3952 vita:
838 3896 1192 3953 necessitates
1217 3909 1358 3964 saepe
1383 3892 1522 3948 ﬁunt
1551 3893 1863 3948 hominibus
1885 3906 2063 3947 causa:
2081 3890 2247 3946 tardi-

685 3989 835 4052 tatis,
863 3997 916 4042 et
942 3986 1260 4042 velocitatis.
1290 3984 1360 4038 At
1388 3985 1443 4039 in
1473 3985 1591 4054 ipsa
1613 3983 2010 4055 incorruptibili
2048 3990 2243 4038 natura

687 4082 964 4136 stellarum
1002 4095 1112 4135 non
1142 4085 1320 4150 potest
1352 4079 1458 4132 ulla
1490 4093 1656 4133 causa
1688 4078 1980 4133 celeritatis
2028 4084 2083 4133 et
2137 4085 2247 4132 tar-

685 4173 871 4228 ditatis
914 4171 1128 4226 adduci.
1185 4170 1357 4237 Quam
1405 4171 1474 4226 ob
1495 4185 1714 4226 causam
1746 4169 2080 4242 Pythagoran
2107 4171 2246 4224 hanc

688 4271 1084 4333 proposuerunt
1123 4263 1476 4333 quaestionem
1516 4261 1836 4328 :Quomodo
1860 4278 1958 4333 per
2004 4263 2244 4317 circula-

688 4368 775 4406 res
809 4359 862 4406 et
901 4352 1137 4421 aequales
1192 4361 1370 4406 motus
1399 4361 1622 4422 possent
1655 4353 1986 4423 apparentia:
2017 4353 2236 4407 salvari.

758 4442 831 4498 Dc
864 4442 1087 4512 reliquis
1116 4443 1277 4514 igitur
1305 4442 1536 4513 planetis
1582 4443 1636 4496 in
1680 4427 1802 4498 aliis
1837 4444 2056 4514 scriptis
2111 4458 2245 4498 cau-

689 4551 802 4589 sam
832 4550 1195 4606 exponemus;
1226 4548 1373 4589 nunc
1405 4551 1532 4590 vero
1564 4536 1632 4591 de
1671 4536 1784 4592 sole
1810 4543 2240 4592 causam‘osten-

687 4629 896 4693 demus,
922 4643 1042 4693 cur,
1083 4644 1206 4684 cum
1235 4629 1511 4698 aequaliter
1552 4638 1858 4694 moveatur,
1900 4631 1955 4683 in
1979 4631 2244 4700 tempori-

689 4719 791 4773 bus
819 4719 1175 4791 inaequalibus
1221 4720 1454 4790 equales
1497 4733 1656 4775 arcus
1703 4719 1911 4774 zodiaci
1959 4720 2235 4775 conﬁciat.

689 4809 951 4880 Suprema
985 4810 1148 4881 igitur
1175 4820 1259 4865 est
1289 4811 1528 4866 omnium
1558 4826 1621 4866 ea
1650 4811 1860 4881 sphaera
1887 4850 1902 4874 ,
1936 4825 2056 4880 qua:
2101 4812 2232 4866 stel-

687 4900 863 4953 larum
901 4899 1127 4955 lixarum
1156 4900 1375 4973 dicitur,
1400 4917 1519 4972 qua:
1550 4902 1606 4956 in
1627 4917 1686 4959 se
1717 4903 1960 4958 continet
1991 4904 2234 4958 omnium

689 4989 915 5044 lixarum
943 4991 1453 5054 constellationum,
1499 4993 1612 5047 sive
1661 4992 1938 5064 signorum
1983 4991 2238 5064 efﬁgiem.

684 5081 808 5137 Non
834 5092 917 5138 est
945 5091 1125 5138 autem
1154 5083 1497 5154 cogitandum
1523 5123 1538 5148 ,
1571 5099 1760 5140 omnes
1792 5086 1980 5142 stellas
2011 5087 2115 5142 sub
2137 5101 2229 5140 ea-

687 5177 808 5232 dem
837 5190 956 5231 esse
988 5173 1191 5245 positas
1225 5174 1543 5251 superﬁcie,
1593 5176 1688 5231 sed
1721 5177 1856 5231 alias
1889 5165 2011 5233 esse
2066 5178 2238 5234 subli-

687 5267 887 5321 miores
908 5310 920 5331 ,
965 5269 1100 5326 alias
1131 5266 1464 5322 humiliores.
1501 5265 1635 5320 Cum
1684 5267 1827 5321 enim
1861 5269 2014 5324 visus
2045 5277 2232 5324 noster

689 5363 758 5417 ad
789 5363 1046 5432 aequalem
1093 5359 1475 5429 longitudinem
1524 5375 1554 5412 a
1602 5368 1746 5414 terra
1776 5361 1832 5414 in
1877 5361 2076 5416 coelum
2109 5376 2232 5416 sese

687 5456 989 5513 extendat:
1043 5454 1285 5510 redditur
1345 5453 1674 5511 insensibilis
1725 5454 2028 5512 altitudinis
2079 5455 2410 5512 dill‘erentia.

759 5613 778 5644 ⁷
814 5633 902 5683 π).
932 5616 1303 5686 ἀστρονομίαν.
1378 5615 1400 5648 ⁸
1437 5613 1918 5686 γρ.,ποοαδέξεται.

2344 3257 2600 3327 κινήσεις.
2633 3255 2742 3326 Τὴν
2767 3255 2874 3327 γὰρ
2892 3253 3143 3324 τοιαύτην
3172 3254 3392 3321 ἀταξίαν
3423 3256 3482 3309 οὐ
3517 3255 3883 3328 προσεδέξαντο

2343 3348 2480 3417 πρὸς
2505 3347 2574 3400 τὰ
2606 3345 2722 3400 θεῖα
2745 3346 2836 3399 καὶ
2881 3344 3072 3401 αἰώνια
3091 3362 3104 3375 ·
3139 3345 3214 3408 ὡς
3244 3345 3371 3398 ποτὲ
3394 3345 3489 3417 μὲν
3521 3347 3703 3415 τάχιον
3730 3350 3881 3400 κινεῖ-

2346 3435 2487 3507 σθαι,
2515 3435 2643 3488 ποτέ
2671 3435 2727 3488 δὲ
2753 3433 2986 3506 βράδιον,
3015 3433 3143 3487 ποτὲ
3167 3434 3223 3488 δὲ
3261 3435 3572 3506 ἑστηκέναι·
3599 3436 3690 3497 οὒς
3717 3435 3777 3507 δὴ
3799 3437 3881 3489 καὶ

2345 3527 2566 3581 καλοῦσι
2610 3528 2943 3598 στηριγμοὺς
2981 3527 3072 3579 ἐπὶ
3103 3526 3210 3580 τῶν
3257 3533 3296 3579 ε’
3323 3527 3606 3599 πλανητῶν
3631 3528 3878 3599 ἀστέρων.

2345 3620 2476 3673 Οὐδὲ
2498 3618 2606 3690 γάρ
2638 3617 2765 3690 περὶ
2788 3617 3068 3689 ἄνθρωπον
3106 3617 3328 3688 κόσμιον
3360 3619 3455 3672 καὶ
3487 3619 3807 3690 τεταγμένον
3832 3621 3883 3672 tv

2343 3716 2462 3776 ταῖς
2495 3712 2740 3783 πορείαις
2774 3710 2872 3782 τὴν
2897 3709 3148 3782 τοιαύτην
3177 3711 3485 3782 ἀνωμαλίαν
3508 3713 3605 3783 τῆς
3635 3696 3884 3783 κῖνὴσεως

2345 3786 2702 3876 προσεδέξατο
2736 3803 2757 3837 ⁸
2786 3805 2851 3857 άν
2896 3821 3011 3868 τις·
3050 3805 3107 3857 αί
3147 3805 3256 3875 γὰρ
3303 3803 3396 3856 τοῦ
3424 3803 3540 3874 βίου
3584 3807 3755 3875 χρεῖαι
3787 3808 3885 3867 τοῖς

2345 3897 2648 3968 ἀνθρώποις
2679 3896 2938 3960 πολλάκις
2980 3894 3147 3950 αἴτιαι
3172 3895 3408 3964 γίνονται
3455 3895 3779 3967 βραδυτῆτος
3804 3894 3887 3948 καὶ

2344 3989 2644 4060 ταχυτῆτος
2662 4007 2676 4020 ·
2701 4005 2766 4042 πε
2776 3989 2829 4060 pl.
2853 3987 2908 4040 δὲ
2933 3987 3030 4058 τὴν
3051 3985 3321 4057 ἄφθαρτον
3348 3985 3506 4056 φύσιν
3529 3986 3636 4040 τῶν
3661 3987 3885 4058 ἀστέρων

2345 4080 2598 4152 οὐδεμίαν
2617 4081 2836 4134 δυνατὸν
2871 4079 3048 4134 αἰτίαν
3074 4079 3447 4151 προσαχθῆναι
3487 4081 3780 4151 ταχυτῆτος
3802 4079 3884 4132 καὶ

2349 4174 2695 4246 βραδυτῆτος.
2732 4175 2807 4226 Δι’
2831 4174 3019 4244 ἥντινα
3043 4173 3222 4227 αἰτίαν
3237 4172 3554 4244 προέτειναν
3589 4171 3748 4227 οὓτω·
3777 4172 3886 4234 Πῶς

2347 4266 2412 4320 ἂν
2437 4267 2502 4319 δι’
2536 4265 2837 4334 ἐγκυκλίων
2865 4267 2958 4319 καὶ
2982 4265 3197 4336 ὁμαλῶν
3228 4265 3493 4337 κινὴσεων
3519 4261 3797 4338 ἀποδοθείη
3829 4265 3887 4318 τὰ

2351 4360 2667 4430 φαινόμενα.

2419 4451 2554 4521 Περὶ
2593 4450 2691 4521 μὲν
2718 4445 2809 4502 οὖν
2829 4448 2937 4502 τῶν
2957 4449 3157 4502 λοιπῶν
3173 4448 3414 4520 ἀστέρων
3447 4451 3506 4503 ἐν
3534 4451 3738 4519 ἑτέροις
3766 4453 3885 4504 ἀπο-

2350 4537 2589 4609 δώσομεν
2620 4539 2716 4610 τὴν
2740 4537 2914 4592 αἰτίαν
2932 4554 2946 4568 ο
2976 4531 3090 4591 νυνὶ
3109 4537 3166 4591 δὲ
3196 4537 3324 4609 περὶ
3350 4537 3498 4608 ἡλίου
3533 4538 3886 4610 ὑποδείξομεν,

2350 4632 2415 4685 δι’
2449 4632 2514 4702 ἡν
2542 4631 2720 4686 αἰτίαν
2748 4629 3006 4701 ἰσοταχῶς
3033 4629 3366 4699 κινούμενος,
3394 4633 3451 4683 tv
3471 4630 3675 4693 ἀνίσοις
3697 4630 3888 4702 χρόνοις

2351 4722 2449 4788 τὰς
2477 4724 2597 4788 ῐσας
2625 4714 2990 4794 περιφερείας
3015 4720 3393 4792 διαπορεύεται
3418 4723 3439 4753 ’
3459 4737 3474 4750 ο
3508 4721 3766 4774 ἀνωτάτω
3793 4721 3888 4789 γὰρ

2352 4816 2567 4890 πάντων
2617 4816 2763 4870 ἐστὶν
2817 4817 2851 4886 ἡ
2895 4812 3160 4884 λεγομένη
3219 4811 3326 4866 τῶν
3367 4812 3625 4868 ἀπλανῶν
3665 4813 3888 4882 ἀστέρων

2350 4911 2569 4980 σφαῖρα,
2606 4909 2639 4978 ἡ
2671 4906 2996 4979 περιέχουσα
3023 4903 3240 4958 πάντων
3259 4903 3366 4957 τῶν
3398 4903 3888 4976 κατηστερισμένων

2350 4998 2553 5062 ζωδίων
2584 4999 2681 5068 τὴν
2712 4996 3079 5051 εἰδωλοποιίαν
3097 5012 3110 5026 ο
3126 4995 3208 5048 ού·
3227 4995 3432 5059 πάντας
3453 4994 3509 5048 δὲ
3525 4997 3652 5060 τοὺς
3676 4993 3890 5063 ἀστέρας

2349 5091 2688 5162 ὑποληπτέον
2724 5088 2830 5144 ὑπὸ
2868 5090 2995 5161 μίαν
3033 5088 3351 5158 ἐπιφάνειαν
3380 5077 3631 5159 κεῖσθαι·
3677 5085 3786 5141 ἀλλ’
3811 5082 3891 5144 οὓς

2354 5183 2452 5253 μὲν
2495 5183 2926 5255 μετεωροτέρους
2956 5181 3238 5253 ὑπάρχειν,
3275 5179 3364 5244 οὓς
3386 5180 3444 5232 δὲ
3474 5178 3888 5250 ταπεινοτέρους.

2350 5273 2448 5327 Διά
2481 5274 2536 5327 δὲ
2579 5275 2640 5326 τὸ
2689 5275 2788 5345 τὴν
2833 5274 3020 5345 ὅρασιν
3073 5274 3166 5326 ἐπὶ
3211 5273 3324 5326 ἴσον
3350 5271 3681 5339 ἐξικνεῖσθαι
3719 5271 3889 5343 μῆκος,

2352 5355 2745 5436 ἀνεπαίσθητος
2768 5365 2974 5432 γίνεται
2998 5367 3030 5436 ἡ
3057 5364 3149 5419 τοῦ
3181 5363 3348 5435 ὕψους
3374 5363 3630 5436 διαφορά.

2013 5616 2033 5647 ⁹
2074 5633 2160 5684 7p.
2197 5632 2263 5666 πε
2273 5615 2639 5686 ριπορεύεται.

687 5729 994 5800 Hipparcho
1024 5731 1344 5785 distributus
1366 5738 1470 5785 est.
1505 5727 1638 5784 Vide
1662 5730 1756 5785 lib.
1793 5746 1844 5783 IV
1878 5728 1948 5782 De
1985 5729 2228 5801 doctrina
2341 5729 2660 5801 caeterisoue
2685 5745 2804 5801 qua:
2830 5731 2920 5785 hic
2951 5744 2982 5785 a
3028 5726 3257 5784 Gemino
3285 5725 3481 5784 tradita
3516 5735 3669 5796 sunt,
3699 5723 3899 5796 copioso

690 5798 996 5870 temporum,
1023 5803 1196 5872 capite
1239 5801 1327 5868 30,
1375 5801 1464 5856 ubi
1506 5801 1570 5861 de
1609 5816 1818 5854 summa
1865 5801 1996 5854 solis
2046 5799 2230 5869 apsnle
2342 5798 2683 5870 disputatur.
