4098 6328
272 490 384 549 753

1306 484 1543 542 GEMINI
1584 484 1955 541 ELEMENTA
1986 482 2473 539 ASTRONOMIE.
2560 512 2565 517 ~

3383 474 3488 533 756

357 603 491 658 Ὑπὸ
536 604 593 657 δὲ
643 602 741 673 τὴν
789 601 896 654 τῶν
933 592 1185 655 ἀπλανῶν
1222 600 1295 671 (7)
1330 600 1572 671 ἀστέρων
1603 599 1833 680 σφαῖραν

2007 585 2121 652 Sub
2148 598 2358 667 sphaera
2378 574 2663 652 stellarum
2698 593 2923 648 lixarum
2955 591 3172 662 ponitur
3211 590 3362 646 stella
3391 588 3491 644 Sa-

268 700 448 752 κεῖται
516 696 717 765 φαίνων
781 696 810 748 6
873 693 965 748 τοῦ
1029 693 1236 764 Κρόνου
1300 692 1833 764 προσαγορευόμενος

270 790 468 858 ἀστήρ.
504 779 668 849 Οὗτος
687 786 777 838 τὸν
805 785 900 856 μὲν
924 783 1187 849 ζωδιακὸν
1208 783 1403 837 κύκλον
1432 784 1489 836 ὲν
1520 782 1663 836 ἔτεσι
1686 782 1729 835 λ’
1759 781 1834 845 ὡς

269 880 498 948 ἔγγιστα
549 878 959 948 διαπορεύεται·
1022 875 1082 929 τὸ
1139 876 1197 930 δὲ
1246 875 1301 929 ἓν
1352 875 1539 941 ζὼδιον
1587 877 1644 928 ὲν
1687 874 1834 927 δυσὶν

269 970 415 1023 ἔτεσι
441 969 532 1022 καὶ
554 967 612 1032 ἒξ
641 968 819 1039 μησίν.
863 967 999 1021 ’Υπὸ
1035 967 1090 1020 δὲ
1115 968 1204 1021 τὸν
1233 968 1486 1036 φαίνοντα
1512 966 1830 1037 κατώτερονι

268 1060 436 1113 αὐτοῦ
472 1061 691 1130 φέρεται
739 1060 975 1139 (ζαέθων,
1013 1062 1042 1114 6
1081 1060 1173 1139 τρῦ
1222 1058 1387 1129 Ζηνὸς
1421 1059 1819 1129 προσαγορευό-

273 1166 437 1219 μενος
705 1126 871 1213 Οἶῖτος
927 1149 981 1201 δὲ
1006 1151 1095 1202 τὸν
1117 1126 1384 1213 ’ζωδιακὸν
1411 1126 1608 1201 κύκλον
1646 1126 1832 1200 διαπο-

274 1238 492 1309 ρεύεται
545 1240 601 1291 ὲν
661 1239 726 1308 ιβ’
778 1238 952 1291 ἔτεσι·
981 1238 1045 1291 τὸ
1084 1238 1139 1291 δὲ
1174 1239 1230 1293 ἒν
1272 1236 1458 1300 ζώδιον
1502 1240 1557 1292 ὲν
1585 1237 1831 1308 ἐνιαυτῷ.

283 1331 420 1383 Ὑπὸ
470 1331 526 1384 δὲ
581 1330 764 1385 τοῦτον
826 1331 1081 1384 τέτακται
1124 1331 1363 1401 πυρόεις,
1397 1332 1425 1382 6
1476 1329 1570 1383 τοῦ
1620 1332 1830 1400 Ἀρεος.

271 1416 446 1484 Οὗτος
466 1422 522 1474 δὲ
536 1421 628 1475 τὸν
665 1422 763 1491 μὲν
785 1420 1043 1485 ζωδιακὸν
1075 1421 1270 1474 κύκλον
1305 1420 1574 1491 διέρχεται
1599 1422 1656 1473 ἐν
1681 1422 1833 1475 δυσὶν

272 1513 421 1566 ἔτεσι
456 1515 548 1567 καὶ
595 1514 846 1584 ὲξαμήνῳ
876 1530 889 1545 ·
925 1514 983 1566 τὸ
1016 1514 1073 1566 δὲ
1101 1512 1289 1578 ζώδιον
1319 1514 1376 1566 ὲν
1401 1513 1518 1566 δυσὶ
1568 1514 1699 1585 μησὶ
1742 1515 1834 1567 καὶ

270 1603 482 1674 ⁴ἡμίσει.
519 1604 629 1673 Τὴν
684 1604 740 1657 δὲ
767 1604 1029 1675 ἐχομένην
1083 1602 1266 1674 χώραν
1325 1604 1544 1673 κατέχει
1594 1606 1621 1657 6
1665 1603 1832 1673 ἥλιος,

273 1693 506 1765 ἐνιαυτῷ
559 1695 1005 1765 διαπορευόμενος
1031 1697 1120 1747 τὸν
1153 1694 1410 1759 ζωδιακὸν
1438 1695 1656 1755 κύκλον,
1690 1695 1747 1746 τὸ
1776 1695 1833 1746 δὲ

276 1783 465 1849 ζώδιον
515 1784 590 1847 ὡς
634 1784 860 1852 ἔγγιστα
905 1785 985 1837 ἑνὶ
1021 1784 1172 1856 μηνί.
1195 1783 1515 1854 Κατῶτερος
1553 1782 1609 1835 δὲ
1647 1782 1833 1835 τούτου

276 1879 455 1929 κεῖται
477 1876 778 1945 φωσφόρος,
801 1879 828 1928 6
856 1876 952 1946 τῆς
998 1876 1311 1946 Ἀφροδίτης
1356 1876 1548 1945 ἀστήρ.
1585 1868 1748 1937 Οὗτος
1778 1874 1834 1928 δὲ

275 1966 354 2029 ὡς
399 1966 621 2034 ἔγγιστα
672 1966 931 2035 ἰσοταχῶς
978 1968 1203 2020 κινεῖται
1252 1965 1512 2037 τῷ·ήλίῳ

277 2057 465 2109 τοῦτον
485 2058 541 2110 δὲ
576 2060 604 2110 6
632 2057 724 2110 τοῦ
782 2057 984 2129 Ἐρμοῦ
1027 2058 1200 2129 ἀστὴρ
1226 2060 1433 2111 κεῖται·
1464 2059 1557 2112 καὶ
1593 2056 1753 2121 αὐτός
1775 2075 1834 2111 τε

280 2147 542 2217 ἰσοταχῶς
609 2151 834 2201 κινεῖται
856 2148 932 2219 τῷ
984 2149 1136 2219 ἡλίῳ.
1170 2149 1475 2219 Κατωτέρω
1518 2149 1574 2201 δὲ
1621 2150 1834 2203 πάντων

280 2240 500 2309 φέρεται
529 2242 562 2309 ἠ
595 2239 789 2311 σελήνη
810 2243 865 2293 ὲν
895 2240 1125 2311 ἡμέραις
1147 2248 1193 2292 κ’
1223 2240 1315 2293 καὶ
1347 2241 1513 2305 ζ”καὶ
1540 2242 1706 2312 τρίτῳ
1725 2240 1838 2294 δια-

279 2329 620 2400 πορευομένη
676 2330 767 2383 τὸν
804 2329 1063 2392 ζωδιακὸν
1096 2330 1291 2385 κύκλον
1315 2349 1327 2361 ·
1373 2331 1434 2383 τὸ
1466 2331 1523 2383 δὲ
1570 2330 1755 2394 ζώδιον
1780 2332 1837 2385 ἐν

281 2419 514 2490 ἡμέραις
549 2419 592 2490 β’
628 2420 721 2474 καὶ
763 2420 1005 2489 τετάρτῳ
1051 2419 1203 2489 μέρει
1239 2421 1337 2491 τῆς
1374 2421 1502 2490 μιᾶς
1525 2420 1734 2490 ἡμέρας
1763 2419 1837 2481 ὡς

281 2514 525 2581 ἔγγιστα.

351 2604 415 2656 Εἰ
471 2605 566 2674 μὲν
589 2597 680 2656 οὖν
720 2603 749 2654 6
782 2602 929 2671 ἣλιος
973 2604 1201 2657 ἐκινεῖτο
1242 2604 1334 2656 ἐπὶ
1378 2603 1486 2657 τῶν
1516 2620 1837 2673 κατηστερι-

281 2692 495 2763 σμένῶν
535 2692 757 2757 ξωδίων,
805 2692 1018 2755 πάντως
1053 2692 1117 2746 ἂν
1152 2692 1388 2760 ἐγίνοντο
1418 2694 1466 2744 οἱ
1510 2692 1707 2762 μεταξὺ
1733 2692 1839 2745 τῶν

279 2781 496 2854 τροπῶν
518 2782 738 2835 καὶτῶν
780 2782 1074 2853 ἰσημεριῶν
1096 2783 1274 2853 χρόνοι
1300 2784 1405 2836 ῐσοι
1435 2782 1697 2851 ἀλλήλοις.
1730 2782 1840 2845 Τὰς

281 2874 392 2943 γὰρ
428 2874 546 2935 ἴσας
580 2873 924 2944 περιφερείας
956 2874 1214 2944 ἰσοταχῶς
1246 2872 1577 2944 κινούμενος,
1618 2874 1841 2943 ὠφειλεν

281 2967 341 3018 ἐν
366 2964 499 3026 ἴσοις
519 2963 753 3016 διανύειν
770 2963 999 3032 χρόνοις.
1017 2964 1243 3032 Ὁμοίως
1262 2964 1318 3017 δὲ
1343 2966 1391 3017 εί
1420 2966 1513 3017 καὶ
1538 2964 1841 3037 κατώτερον

283 3055 380 3111 τοῦ
410 3053 667 3119 ζωδιακοῦ
692 3054 890 3113 κύκλου
916 3055 1208 3125 φερόμενος
1236 3056 1264 3107 6
1286 3056 1457 3125 ¹ίίιλιος,
1483 3057 1609 3125 περὶ
1639 3056 1700 3107 τὸ
1714 3055 1843 3108 αὐτὸ

283 3147 507 3217 κέντρον
565 3148 792 3199 ὲκινεῖτο
840 3146 916 3217 τῷ
954 3146 1198 3217 ζωδιακῷ
1226 3147 1427 3217 κύκλῳ,
1462 3148 1553 3200 καὶ
1579 3147 1748 3210 οὕτως
1777 3147 1841 3201 ἂν

283 3237 522 3304 ἐγίνοντο
566 3238 613 3290 οί
654 3236 854 3305 μεταξὺ
889 3236 995 3292 τῶν
1026 3239 1240 3310 τροπῶν
1275 3240 1367 3292 καὶ
1403 3238 1511 3291 τῶν
1548 3238 1839 3309 ίσημεριῶν

283 3327 463 3399 χρόνοι
488 3326 609 3381 ίσοι.
641 3327 842 3390 Πάντες
862 3328 969 3399 γὰρ
998 3332 1046 3382 οἱ
1075 3329 1200 3398 περὶ
1227 3328 1285 3380 τὸ
1311 3328 1441 3382 αὐτὸ
1461 3330 1680 3400 κέντρον
1710 3346 1842 3399 γρα-

284 3415 507 3486 φόμενοι
570 3416 615 3449 ¹⁰
668 3415 854 3470 κύκλοι
905 3418 1101 3486 ὁμοίως
1151 3418 1256 3470 ὑπὸ
1295 3419 1336 3449 ¹¹
1383 3418 1492 3471 τῶν
1540 3420 1841 3491 διαμέτρων

282 3505 638 3577 ῧιαιροῦνται.
656 3508 836 3569 Ὥστε,
859 3508 980 3559 ἐπεὶ
1000 3509 1027 3559 6
1050 3507 1307 3571 ζωδιακὸς
1319 3509 1513 3573 κύκλος
1534 3512 1612 3573 εἰς
1635 3510 1675 3563 δ’
1702 3511 1841 3581 μέρη

287 3597 381 3650 ἴσα
403 3597 682 3667 διαιρεῖται
736 3597 839 3650 ὑπὸ
877 3597 983 3649 τῶν
1021 3598 1341 3667 διαμέτρων,
1372 3599 1480 3652 τῶν
1511 3600 1580 3653 τὰ
1609 3603 1842 3669 τροπικὰ

288 3689 383 3741 καὶ
418 3687 701 3758 ίσημερινὰ
745 3690 941 3756 σημεῖα
975 3688 1436 3767 ἐπιζευγνυουσῶν
1457 3730 1472 3753 ,
1506 3692 1715 3763 ἀνάγκη
1749 3693 1842 3746 καλ⁵

284 3781 378 3834 τὸν
397 3781 615 3851 ἡλιακὸν
658 3780 852 3833 κύκλον
890 3784 968 3845 είς
1004 3782 1045 3834 6'
1075 3782 1211 3854 μέρη
1246 3783 1565 3853 διαιρεῖσθαι
1616 3785 1704 3839 ἴσα
1740 3785 1845 3837 ὑπὸ

260 3871 397 3924 εττῶν
434 3872 609 3924 αὐτῶν
635 3872 970 3943 διαμέτρων.
1032 3874 1310 3945 ’ἰσοταχῶς
1348 3870 1440 3927 οὖν
1478 3874 1787 3946 κινούμενος
1814 3878 1843 3928 6

286 3963 439 4033 ἥλιος
464 3963 555 4014 ἐπὶ
580 3963 676 4032 τῆς
704 3963 838 4025 ἰδίας
878 3964 1224 4034 περιφερείας
1257 4004 1272 4029 ,
1322 3963 1468 4027 ἴσους
1504 3964 1569 4017 ἂν
1602 3966 1842 4019 ἐπετέλει

286 4056 418 4117 τοὺς
437 4054 542 4107 τῶν
566 4054 997 4127 τεταρτημορίων
1018 4055 1257 4124 χρόνους.
1285 4056 1422 4108 Νυνὶ
1540 4056 1743 4109 κατώτε
1754 4072 1841 4126 ρον

290 4145 513 4214 φέρεται
536 4146 564 4196 6
591 4145 757 4214 ἥλιος,
797 4146 890 4198 καὶ
923 4147 1013 4197 ἐπὶ
1043 4147 1330 4216 ὲκκέντρου
1358 4147 1556 4199 κύκλου
1590 4149 1857 4212 κινεῖται,

290 4233 541 4303 καθάπερ
590 4236 1013 4307 ὑπογέγραπται.
1063 4235 1136 4285 Ού
1191 4234 1298 4305 γὰρ
1336 4236 1398 4287 τὸ
1446 4236 1573 4287 αὐτὸ
1622 4235 1841 4306 κέντρον

289 4326 408 4378 ἐστὶ
435 4326 526 4377 τοῦ
555 4326 777 4396 ἡλιακοῦ
804 4326 999 4391 κύκλοι)
1029 4328 1122 4378 καὶ
1154 4326 1245 4378 τοῦ
1285 4326 1546 4390 ζωδιακοῦ
1570 4346 1579 4355 ·
1613 4327 1728 4379 ἀλλ’
1758 4328 1842 4394 ἐφ’

288 4416 351 4468 ἓν
386 4417 429 4445 ¹²
456 4416 616 4486 μέρος
676 4416 950 4485 παρῆκται
1003 4418 1034 4486 ή
1067 4416 1157 4469 τοῦ
1198 4416 1342 4487 ἡλίου
1394 4420 1613 4487 σφαῖρα.
1651 4417 1748 4470 Διὰ
1788 4418 1843 4469 δὲ

285 4506 391 4575 τὴν
418 4505 667 4577 τοιαύτην
696 4506 842 4559 θέσιν
875 4509 953 4569 εἰς
975 4508 1209 4577 τέσσαρα
1229 4507 1364 4578 μέρη
1386 4507 1545 4581 ἄνισα
1557 4508 1842 4578 διαιρεῖται

1699 1962 1833 2016 Ὑπὸ
1866 1959 1902 2009 Β

1939 690 2105 752 turni,
2138 689 2340 745 Graecis
2388 688 2623 757 φαίνων,
2661 685 2714 740 id
2770 694 2853 741 est
2905 685 3105 752 lucens,
3148 682 3309 738 dicta.
3365 681 3490 738 llmc

1938 782 2094 837 stella
2152 780 2436 835 zodiacum
2492 780 2753 833 circulum
2791 778 2845 831 in
2892 777 3116 846 triginta
3172 776 3329 830 annis
3382 774 3492 831 fere

1938 880 2211 943 peragrat,
2247 886 2412 923 unum
2441 883 2573 923 vero
2602 869 2813 937 signum
2843 866 3055 921 duobus
3088 866 3246 919 annis
3266 905 3280 930 ,
3311 874 3363 920 et
3397 881 3493 920 sex

1939 960 2237 1016 mensibus.
2266 958 2381 1013 Sub
2405 956 2661 1023 Saturno,
2692 972 2863 1026 eoque
2891 956 3120 1011 inferius
3151 954 3323 1008 fertur
3341 954 3491 1011 lovis

1940 1050 2113 1115 stella,
2141 1064 2261 1119 quae
2290 1047 2493 1102 Graecis
2524 1046 2738 1099 Φαέθων
2758 1052 3001 1101 vocatur.
3026 1043 3280 1114 Peragrat
3310 1051 3489 1098 autem

1941 1141 2150 1211 Jupiter
2182 1141 2463 1195 zodiacum
2496 1140 2549 1192 in
2580 1137 2865 1193 duodecim
2919 1137 3076 1191 annis
3103 1155 3117 1191 :
3162 1152 3329 1189 unum
3363 1149 3491 1189 vero

1938 1234 2149 1303 signum
2182 1231 2235 1285 in
2265 1245 2407 1284 anno
2431 1244 2559 1283 uno.
2603 1227 2717 1282 Sub
2742 1226 2873 1281 Jove
2905 1227 3008 1281 sita
3037 1236 3121 1281 est
3165 1226 3317 1285 stella
3352 1224 3491 1279 Mar-

1937 1321 2032 1375 tis.
2065 1321 2268 1374 Graecis
2315 1319 2536 1389 πυρόεις
2579 1324 2787 1371 vocata.
2840 1314 2965 1370 Haec
3005 1315 3159 1369 stella
3211 1314 3490 1368 zodiacum

1938 1412 2159 1465 conficit
2191 1411 2348 1465 annis
2402 1410 2655 1472 duobus,
2708 1419 2761 1461 et
2795 1422 2891 1462 sex
2941 1404 3269 1459 mensibus:
3324 1418 3491 1458 unum
3585 1401 3588 1404 ’

1938 1515 2067 1554 vero
2093 1499 2306 1568 signum
2337 1497 2549 1551 duobus
2595 1496 2895 1557 mensibus,
2938 1502 2991 1549 et
3021 1492 3264 1547 dimidio.
3300 1491 3494 1547 Proxi-

1939 1608 2083 1646 mum
2116 1592 2294 1645 locum
2327 1590 2533 1644 obtinet
2565 1589 2675 1651 sol,
2720 1604 2829 1642 uno
2876 1603 3019 1642 anno
3057 1586 3337 1641 zodiacum
3369 1601 3493 1657 per-

1939 1699 2171 1754 agrans:
2210 1697 2375 1737 unum
2415 1689 2593 1736 autem
2619 1680 2831 1749 signum
2871 1694 2981 1733 uno
3005 1678 3114 1733 fere
3144 1692 3348 1732 mense.
3401 1672 3491 1729 In-

1939 1775 2105 1828 ferior
2136 1774 2250 1829 sole
2275 1765 2359 1829 est
2386 1772 2625 1837 Lucifer,
2658 1771 2712 1826 id
2754 1781 2837 1825 est
2893 1770 3051 1825 stella
3080 1768 3329 1824 Veneris.
3368 1766 3493 1822 Haec

1939 1864 2047 1919 fere
2078 1864 2272 1933 aequali
2299 1864 2584 1918 velocitate
2614 1876 2738 1915 cum
2786 1860 2900 1915 sole
2929 1867 3201 1914 movetur.
3240 1856 3351 1912 Sub
3384 1856 3491 1913 Ve—

1938 1970 2063 2009 nere
2099 1955 2400 2008 collocatur
2428 1951 2681 2007 Mercurii
2718 1950 3045 2020 stellapquze
3070 1957 3124 2005 et
3145 1950 3262 2019 ipsa
3288 1948 3388 2003 soli
3409 1953 3494 2002 est

1933 2044 2155 2115 aequalis
2206 2045 2261 2099 in
2296 2053 2465 2097 motu.
2502 2040 2689 2095 Inﬁma
2728 2043 2970 2095 omnium
3001 2047 3081 2096 est
3129 2038 3314 2103 Luna,
3372 2054 3494 2109 qua:

1934 2139 2123 2193 diebus
2157 2137 2225 2190 27
2263 2136 2367 2217 1ίᾷ
2393 2134 2670 2189 zodiacum
2705 2135 3002 2205 percurrit,
3041 2148 3209 2188 unum
3250 2146 3378 2185 vero
3414 2132 3491 2184 si-

1934 2246 2099 2299 gnum
2125 2230 2318 2285 diebus
2340 2227 2573 2294 duobus,
2592 2235 2647 2283 et
2672 2243 2782 2282 una
2808 2226 2920 2283 fere
2942 2233 3132 2297 quarta
3158 2232 3308 2296 parte
3331 2224 3491 2278 unius

1936 2320 2063 2375 diei.
2100 2368 2101 2371 η
2514 2328 2516 2331 ’

1939 2633 1963 2659 ι
2010 2603 2067 2658 Si
2093 2604 2256 2673 igitur
2286 2604 2367 2659 sol
2395 2613 2703 2659 moveretur
2732 2617 2895 2672 super
2936 2602 3268 2657 constellatis
3294 2604 3487 2672 signis,

1937 2697 2159 2751 omnino
2192 2706 2452 2767 tempora,
2488 2712 2607 2766 qute
2629 2705 2756 2751 sunt
2788 2696 2925 2751 inter
2955 2694 3209 2753 solstitia,
3239 2703 3291 2748 et
3321 2695 3491 2763 aequi-

1938 2786 2139 2850 noctia,
2164 2793 2345 2840 essent
2376 2785 2516 2840 inter
2546 2800 2605 2840 se
2628 2784 2873 2853 aequalia.
2931 2781 3192 2852 Equales
3234 2782 3377 2835 enim
3403 2797 3491 2835 ar-

1940 2894 2056 2942 cus,
2079 2893 2201 2932 cum
2230 2877 2508 2947 aequaliter
2529 2886 2853 2940 moveretur,
2871 2876 2925 2929 in
2956 2875 3287 2943 temporibus
3312 2890 3492 2944 aequa-

1941 2969 2082 3024 libus
2135 2968 2444 3023 conficeret.
2498 2966 2779 3033 Similiter,
2812 2969 2857 3023 si
2910 2967 2993 3020 sol
3038 2965 3179 3020 infra
3210 2966 3491 3021 zodiacum

1942 3059 2187 3121 ferretur,
2223 3069 2274 3113 et
2298 3066 2605 3113 moveretur
2626 3059 2771 3113 circa
2799 3060 2940 3113 idem
2966 3064 3209 3112 centrum
3241 3057 3447 3111 zodiaci
3472 3074 3489 3111 τ

1941 3156 2119 3203 tamen
2155 3148 2316 3202 etiam
2355 3148 2433 3203 sic
2465 3155 2727 3217 tempora,
2776 3162 2895 3215 qua
2925 3153 3051 3201 sunt
3081 3146 3223 3199 inter
3260 3145 3492 3199 solstitia

1941 3249 1994 3295 et
2021 3240 2386 3311 aequinoctia,
2447 3247 2627 3294 essent
2667 3238 2807 3294 inter
2859 3253 2915 3292 se
2974 3235 3239 3306 aequalia;
3301 3250 3493 3291 omnes

1940 3336 2085 3387 enim
2119 3331 2304 3385 circuli
2332 3371 2346 3395 ,
2398 3331 2492 3399 qui
2522 3330 2665 3382 circa
2708 3328 2848 3382 idem
2883 3337 3128 3383 centrum
3160 3334 3447 3381 moventur
3473 3364 3489 3389 ,

1942 3424 2189 3477 similiter
2215 3436 2245 3474 a
2273 3420 2553 3475 diametris
2576 3418 2907 3473 dividuntur.
2935 3416 3144 3486 Itaque,
3161 3432 3282 3473 cum
3307 3416 3509 3471 zodia-s

1940 3531 2041 3570 cus
2064 3517 2128 3569 in.
2153 3522 2386 3583 quatuor
2414 3522 2594 3582 partes
2640 3512 2874 3581 aequales
2906 3509 3179 3563 dividatur
3208 3524 3236 3561 a
3284 3508 3491 3562 diame-

1942 3609 2059 3672 tris,
2096 3622 2215 3677 quae
2244 3613 2443 3677 puncta
2483 3604 2787 3659 solstitialia
2819 3611 2872 3657 et
2907 3602 3307 3671 aequinoctialia
3360 3616 3492 3655 con-

1941 3706 2204 3753 nectunt»:
2244 3696 2556 3753 necessario
2584 3694 2745 3749 etiam
2793 3695 2986 3750 solaris
3036 3695 3275 3749 circulus
3305 3693 3369 3746 ab
3398 3693 3493 3746 iis-
3540 3693 3547 3696 ’

1940 3789 2059 3843 dem
2087 3789 2365 3857 diametris
2394 3788 2447 3841 in
2472 3797 2704 3856 quatuor
2735 3795 2915 3856 partes
2942 3787 3177 3855 aquales
3199 3786 3488 3840 dividetur.

1940 3878 2074 3932 (lum
2113 3880 2273 3948 igitur
2307 3878 2387 3933 sol
2411 3894 2574 3948 super
2600 3877 2815 3946 propria
2850 3875 3285 3931 circumferentia
3313 3890 3492 3945 aequa-

1942 3968 2066 4023 liter
2085 3976 2383 4031 moveatur,
2416 3977 2660 4037 tempora
2706 3967 3066 4036 quadrantum
3102 3967 3306 4027 zodiaci
3353 3967 3493 4021 inter

1943 4073 2001 4113 se
2027 4059 2253 4128 aequalia
2288 4059 2537 4113 eﬂiceret.
2570 4058 2637 4111 At
2666 4072 2813 4112 nunc
2842 4056 3074 4113 inferius
3107 4057 3277 4111 fertur
3307 4057 3407 4121 sol,
3438 4063 3505 4112 et

1942 4166 2103 4219 super
2118 4150 2424 4204 excentrico
2450 4149 2655 4203 circulo
2683 4156 2928 4203 movetur
2954 4166 2967 4202 :
3002 4148 3142 4202 sicut
3170 4146 3337 4215 figura
3365 4146 3496 4200 sub-

1952 4242 2151 4309 scripta
2183 4240 2436 4295 oslendit.
2466 4240 2584 4293 Non
2618 4240 2763 4294 enim
2789 4240 2931 4293 idem
2958 4247 3041 4293 est
3070 4247 3312 4292 centrum
3344 4237 3489 4291 sola-

1942 4332 2018 4383 ris
2059 4330 2292 4396 circuli,
2332 4336 2385 4384 et
2432 4331 2673 4384 zodiaci:
2706 4329 2799 4384 sed
2849 4343 3038 4381 versus
3087 4342 3248 4379 unam
3286 4332 3489 4394 partem

1945 4418 2174 4473 adducta
2209 4428 2291 4474 est
2328 4420 2460 4474 solis
2514 4420 2742 4489 sphaera.
2786 4418 3013 4486 Propter
3059 4417 3219 4470 talem
3257 4416 3491 4484 positum

1946 4507 2001 4561 in
2031 4519 2266 4577 quatuor
2296 4517 2477 4579 partes
2516 4510 2805 4578 irmquales
2842 4508 3103 4562 dividitur
3149 4506 3342 4561 solaris
3369 4520 3492 4558 cur-

286 4601 319 4651 6
343 4597 563 4667 ήλιακὸς
587 4584 780 4667 δρόμος
800 4613 811 4625 ·
858 4598 953 4650 καὶ
990 4598 1193 4664 γίνεται
1234 4599 1461 4668 μεγίστη
1493 4600 1587 4668 μὲν
1620 4600 1837 4669 περιφέ-

1951 4616 2046 4654 sus
2080 4619 2092 4654 :
2134 4610 2187 4655 et
2214 4600 2273 4653 fit
2293 4602 2768 4663 maximusarcus,
2804 4599 2898 4668 qui
2919 4599 3063 4651 cadit
3093 4598 3193 4651 sub
3222 4596 3492 4675 quadran-

191 4705 195 4709 ·
274 4704 417 4761 αρσια
445 4689 477 4756 ἡ
506 4688 921 4740 ὑποπεπτωκυῖα
969 4687 1071 4740 ὑπὸ
1097 4687 1161 4739 τὸ
1201 4687 1293 4740 τοῦ
1338 4688 1598 4751 ζωδιακοῦ
1642 4689 1840 4743 κύκλου

286 4779 737 4848 τεταρτημόριον,
786 4779 846 4830 τὸ
892 4778 998 4832 ἀπὸ
1041 4775 1135 4829 τοῦ
1174 4777 1348 4846 Κριοῦ
1380 4785 1428 4831 α’
1463 4780 1654 4849 μοίρας
1682 4780 1839 4850 μέχρι

287 4866 539 4937 Διδύμων
561 4867 623 4928 λ’,
642 4867 892 4937 ἐλαχίστη
915 4868 971 4921 δὲ
1000 4868 1369 4939 περιφέρειαή
1401 4870 1622 4940 κειμένη
1652 4871 1755 4923 ὑπὸ
1780 4870 1841 4921 τὸ

286 4956 713 5027 τεταρτημόριον
731 4956 791 5008 τὸ
808 4957 1091 5027 ἀπὸΖυγοῦ
1118 4957 1165 5011 α’
1193 4960 1403 5030 μοίρας,
1430 4960 1838 5029 μέχρι-Τοξότου

292 5048 492 5120 μοίρας
515 5047 577 5100 λ’.

378 5199 421 5233 ¹⁹
440 5217 528 5269 1p.
568 5200 870 5273 φερόμενοι.
918 5226 921 5235 ν
948 5176 989 5232 ίί
1022 5217 1113 5269 γρ.
1140 5201 1250 5255 ὲπί.
1326 5201 1370 5232 ¹¹
1393 5218 1479 5270 π).
1511 5201 1606 5269 ὑφ’
1629 5201 1708 5257 ἓν,

1949 4698 2051 4743 tem
2084 4690 2289 4744 zodiaci
2330 4706 2451 4745 eum
2476 4730 2492 4753 ,
2541 4690 2631 4760 qui
2665 4698 2746 4745 est
2783 4690 2850 4744 ab
2878 4690 3073 4744 Arietis
3122 4690 3297 4757 primo
3322 4690 3512 4760 gradu.

1950 4796 2119 4848 usque
2152 4780 2219 4834 ad
2256 4781 2603 4835 Geminorum
2641 4781 2865 4851 gradum
2906 4779 3237 4834 tricesimum
3272 4799 3286 4834 :
3332 4779 3493 4833 mini-

1949 4884 2069 4925 mus
2097 4886 2225 4924 vero
2262 4886 2442 4934 arcus,
2472 4872 2564 4942 qui
2614 4872 2821 4941 positus
2878 4878 2963 4923 est
3018 4869 3118 4923 sub
3171 4884 3234 4923 eo
3288 4866 3491 4921 zodiaci

1950 4964 2277 5031 quadrante,
2307 4964 2396 5034 qui
2426 4975 2510 5019 est
2539 4980 2567 5018 a
2594 4966 2769 5035 primo
2800 4963 2968 5032 gradu
3000 4960 3193 5025 Librae,
3224 4975 3392 5028 usque
3422 4958 3513 5019 ad,
3618 5017 3626 5027 ,

1952 5053 2284 5111 tricesimum
2317 5054 2541 5124 gradum
2572 5053 2871 5124 Sagittarii.

370 5377 444 5448 (7)
488 5378 633 5432 ’Υπὸ
681 5378 750 5432 δὲ
780 5380 897 5449 rip:
932 5378 1051 5432 τῶν
1089 5376 1387 5432 ἀπλανῶν.
1438 5378 1558 5432 Haec
1593 5378 1836 5449 plgneta»
1944 5380 2185 5447 γομένων
2230 5381 2481 5434 ἀπλανῶν
2531 5381 2643 5449 μία
2678 5380 2786 5433 τῶν
2822 5384 2895 5449 η”
2922 5378 3021 5447 τὴν
3070 5380 3176 5430 ἀπὸ
3208 5378 3312 5429 τῶν
3345 5376 3492 5449 ἑῴων

287 5446 433 5506 rum
456 5449 714 5502 vocabula
741 5450 809 5503 ab
838 5448 1102 5517 Egyptiis
1140 5463 1389 5502 manasse
1422 5450 1610 5502 scribit
1639 5446 1834 5517 Firmi-

286 5532 399 5574 cus
421 5517 513 5570 lib.
550 5531 610 5580 ll,
640 5533 755 5586 cap.
793 5517 848 5571 2.

285 5586 547 5644 Gemino,
578 5587 664 5641 vei
701 5584 918 5640 librario
964 5589 1161 5656 potius.
1222 5586 1313 5639 Est
1357 5594 1534 5639 autem
1582 5584 1826 5639 στίλϐων.

289 5658 381 5726 De,
404 5659 735 5726 planetarum
762 5656 1016 5719 motibus,
1044 5658 1155 5711 sive
1174 5657 1523 5726 sphaerarurn,
1552 5656 1605 5708 in
1634 5656 1827 5726 quibus

286 5724 605 5792 volvuntur,
636 5724 821 5779 eadem
848 5726 1005 5781 habet
1030 5726 1181 5779 Philo
1204 5724 1269 5781 in
1299 5726 1435 5780 libro
1457 5724 1527 5777 De
1546 5724 1825 5792 cherubim,

1941 5432 2030 5522 ἐπὶ
2060 5449 2129 5522 τα
2149 5432 2624 5522 ἑσπέριαίείλείδται
2656 5432 2923 5522 περίοδον,
2949 5432 3071 5501 ηἰιη]
3106 5448 3270 5522 vulgo
3298 5432 3491 5514 legitur

932 5516 1130 5592 ercu‘rii
1165 5532 1357 5592 no_men
1387 5516 1762 5592 omissumnhic
1802 5532 1847 5570 α.
1942 5518 2069 5587 μία,
2105 5516 2415 5592 ἡτήν,ἐιο.
2453 5518 2584 5592 Octo
2614 5516 3088 5592 quippe_sphmras_
3112 5518 3317 5577 statuit,
3351 5532 3486 5584 qua-

1939 5603 2057 5709 rt‘1m
2092 5587 2222 5644 una'
2254 5598 2351 5646 est
2378 5605 2498 5660 quae
2529 5587 2661 5644 ﬁxas
2689 5587 2951 5653 continet,
2997 5587 3214 5655 reliquae
3246 5594 3373 5639 sunt
3402 5598 3469 5640 se-

1939 5674 1968 5709 ι)
1993 5673 2098 5709 em.
3464 5684 3465 5687 η

1936 5673 2098 5725 ptem.

1940 5684 2098 5794 μ’ῗὲἴ
2136 5723 2345 5780 Absunt
2403 5725 2515 5779 haec
2565 5724 2631 5779 de
2696 5722 2971 5780 Mercurio
3037 5724 3105 5779 ab
3159 5722 3370 5794 Anglic.
3434 5684 3505 5779 et.

286 5796 411 5865 sive
443 5788 601 5865 Cain,
644 5795 799 5862 cujus
844 5796 1001 5865 verba
1047 5795 1385 5865 corrigenda,
1412 5802 1556 5865 sunt,
1608 5788 1825 5865 pag._75
1936 5788 2139 5850 nostro.

287 5863 426 5918 edit.
461 5864 678 5931 Graue,
708 5861 818 5920 ver.
845 5861 949 5919 Οὖν
969 5880 981 5895 ⁸
1027 5866 1057 5934 ὴ
1095 5861 1301 5935 μὲνόὗν
1342 5863 1589 5931 ἐξωτάτω
1608 5861 1717 5918 τῶν
1741 5861 1823 5914 λε-
