4042 6330
35 9 247 360 Γ

203 492 316 555 ’157

1218 503 1451 561 GEMLN'I
1492 504 1859 560 ELEMENTA
1899 500 2391 559 ASTRONOXIE.

3300 494 3403 549 758

280 616 392 685 Τῆς
431 616 485 669 δὲ
545 618 677 688 πρὸς
707 617 906 688 ἄλληλα
936 618 1139 685 τάξεως
1179 620 1254 691 (9)
1294 622 1388 675 καὶ
1423 622 1621 686 θέσεως
1650 622 1753 675 τῶν

1926 618 2111 684 Quoad
2142 617 2384 679 ordinem
2418 624 2595 673 autem
2640 623 2693 669 et
2732 612 2894 669 situm
2920 652 2935 675 ,
2991 624 3147 681 quem
3177 610 3317 689 inter
3344 623 3405 664 se

209 702 278 773 ιβ’
310 706 510 769 ζωδίων
532 707 781 778 διαφοραί
805 712 909 762 εἰσι
929 711 1207 781 τέσσαρες.
1246 712 1312 763 ’Δ
1340 714 1437 782 μὲν
1456 712 1562 784 γὰρ
1581 713 1757 767 αὐτῶν

202 796 422 863 λέγεται
456 800 595 852 κατὰ
630 800 935 871 διάμετρον,
982 801 1018 855 ὃ.
1063 802 1119 855 δὲ
1162 803 1300 856 κατὰ
1330 806 1608 875 τρίγωνον,
1641 806 1677 859 ἃ
1700 806 1755 858 δὲ

204 890 348 941 κατὰ
373 891 725 960 τετράγωνον,
749 894 784 948 ἃ
805 894 860 947 δὲ
903 897 1041 951 κατὰ
1068 896 1345 965 συζυγίαν,
1377 899 1480 951 ὑπό
1509 915 1667 953 τινων
1696 900 1754 953 δὲ

202 981 603 1048 ἀντισυζυγίαν.

278 1241 429 1294 Κατὰ
472 1243 755 1315 διάμετρον
808 1247 905 1315 μὲν
932 1244 1023 1300 οὖν
1063 1228 1173 1300 εἱσι.
1202 1247 1361 1311 ζώδια
1389 1249 1469 1302 τὰν
1492 1251 1631 1304 κατὰ
1658 1252 1755 1320 τὴν

200 1329 374 1399 αὐτὴν
423 1330 707 1404 διάμετρον
758 1336 1001 1404 κείμενα.
1058 1338 1211 1390 Ἐστι
1266 1339 1321 1391 δὲ
1359 1338 1513 1401 τάδε,
1566 1341 1753 1410 Κριὸς,

201 1418 395 1486 Ζυγδς,
441 1420 666 1490 Ταῦρος,
707 1424 989 1493 Σκορπίος,
1042 1426 1279 1496 Διδυμοι,
1331 1426 1757 1502 Τοξότης,οΚαρ-

201 1509 370 1571 κινος,
388 1510 709 1583 Λὶγόκερως,
724 1514 889 1578 Λέων,
908 1515 1201 1586 ’Υδροχόος,
1220 1517 1511 1587 Παρθένος,
1536 1518 1749 1587 Ἰχθύες.

202 1598 524 1667 Συμῦέόηκε
580 1601 639 1653 δὲ
687 1603 912 1665 τούτοις,
948 1605 1073 1657 ὅταν
1117 1606 1178 1657 es
1208 1607 1392 1677 ἕτερον
1424 1608 1601 1665 αὐτῶν
1629 1610 1755 1662 ἀνα-

199 1689 385 1762 τέλλῃ,
422 1692 482 1743 τὸ
505 1693 644 1745 κατὰ
674 1692 961 1765 διάμετρον
987 1694 1180 1758 δύνειν,
1225 1699 1316 1750 καὶ
1342 1700 1662 1753 τούναντίον.
1697 1702 1755 1753 '0

197 1777 261 1832 δὲ
285 1779 439 1847 λόγος
467 1781 557 1833 ἐπὶ
588 1781 692 1834 τῶν
738 1776 1233 1857 δωδεκατημορίων,
1269 1789 1359 1840 δια)⁸
1386 1791 1482 1841 οὐκ
1530 1792 1621 1842 ἐπὶ
1648 1792 1754 1844 τῶν

201 1872 712 1943 κατηστερισμένων
777 1872 996 1936 ζωδίων.
1049 1876 1215 1947 Κριοῦ
1261 1877 1357 1946 μὲν
1390 1879 1497 1949 γὰρ
1528 1882 1750 1933 ἀνατέλ-

1856 708 2145 764 duodecim
2173 709 2328 778 signa
2348 706 2575 769 habent,
2604 713 2730 760 sunt
2767 718 2954 760 eorum
2989 709 3221 772 quatuor
3254 699 3405 756 οἰσο-

1855 786 2063 855 rentiae.
2092 798 2289 855 Eorum
2323 799 2468 854 enim
2512 793 2760 866 quedam
2805 792 3194 849 diametraliter
3239 805 3404 861 oppo-

1854 896 2096 962 nuntur,
2144 888 2387 959 quaedam
2449 884 2746 941 secundum
2799 883 3129 953 triangulum
3161 881 3401 962 distant,

1854 959 2099 1050 quaedam
2133 978 2430 1035 secundum
2462 974 2805 1047 quadratum,
2837 972 3080 1044 quadam
3105 959 3401 1028 secundum

1856 1070 2331 1135 combinationem,
2356 1081 2515 1138 quam
2541 1065 2705 1135 aliqui
2738 1065 2899 1121 etiam
2927 1064 3231 1135 oppositam
3255 1077 3404 1117 com-

1854 1160 2189 1215 binationem
2217 1167 2433 1215 vocant.

1925 1250 1999 1305 Ea
2032 1251 2195 1320 igitur
2223 1250 2375 1319 signa
2406 1248 2797 1305 diametraliter
2817 1244 3062 1317 opposita
3106 1243 3360 1298 dicuntur
3382 1283 3399 1306 ,
3504 1250 3507 1251 '

1855 1353 1975 1407 quae
2022 1338 2318 1394 secundum
2367 1336 2611 1392 eamdem
2665 1337 2988 1391 diametrum
3038 1340 3163 1390 sunt
3209 1332 3399 1402 posita.

1857 1426 1995 1481 Sunt
2024 1436 2201 1481 autem
2239 1426 2353 1481 haec
2380 1446 2392 1481 :
2418 1426 2603 1490 Aries,
2631 1424 2811 1488 Libra,
2842 1422 3075 1487 Taurus,
3108 1422 3362 1491 Scorpius
3385 1460 3401 1483 .

1854 1514 2086 1581 Gemini,
2121 1516 2473 1586 Sagittarius,
2517 1506 2725 1571 Cancer
2746 1554 2761 1579 ,
2801 1514 3166 1586 Capricornus
3189 1552 3205 1578 ,
3254 1510 3400 1573 Leo.

1852 1606 2145 1677 Aquarius,
2182 1605 2366 1676 Virgo,
2403 1605 2610 1662 Pisces.
2643 1604 2740 1661 llis
2768 1616 2946 1660 autem
2971 1603 3258 1672 contingit,
3279 1615 3403 1655 cum

1854 1699 2167 1754 alterutrum
2192 1713 2380 1753 eorum
2412 1699 2608 1765 oritur,
2636 1698 2885 1754 occidere
2914 1697 2967 1752 id
2998 1694 3151 1767 quod'
3180 1702 3264 1749 est
3286 1694 3398 1749 dia-

1853 1791 2149 1846 metraliter
2178 1790 2504 1860 oppositum,
2532 1798 2586 1845 et
2615 1798 2829 1844 contra.
2866 1786 2990 1842 Bato
3027 1799 3058 1839 ιι
3105 1784 3262 1839 nobis
3315 1783 3403 1837 di-

1854 1890 2052 1937 cuntur
2078 1882 2145 1938 de
2175 1881 2643 1945 dodecatemoriis,
2674 1895 2783 1934 non
2812 1879 2879 1935 de
2902 1877 3182 1935 stelliferis
3212 1874 3399 1945 signis.

200 1960 404 2025 λοντος,
434 1960 575 2014 δύνει
614 1961 813 2028 Ζυγός’
850 1964 1062 2031 Ταύρου
1097 1966 1153 2017 δὲ
1194 1966 1584 2031 ἀνατέλλοντος,
1612 1968 1753 2022 δύνει

1854 1974 2035 2029 Ariete
2082 1975 2226 2029 enim
2274 1975 2522 2037 oriente,
2576 1973 2777 2027 occidit
2824 1970 3005 2026 Libra.
3053 1967 3231 2023 Tauro
3274 1977 3404 2022 vero

198 2052 486 2122 Σκορπιος.
526 2054 583 2105 Ὀ
605 2052 660 2104 δὲ
692 2054 851 2115 αὑτὸς
876 2054 1030 2123 λόγος
1052 2058 1145 2110 καὶ
1177 2060 1269 2110 ἐπὶ
1294 2058 1398 2112 τῶν
1423 2060 1589 2114 λοιπῶ
1648 2059 1752 2114 τῶν

201 2143 345 2197 κατὰ
394 2143 680 2213 διάμετρον
739 2144 957 2207 ζωδίων.
1019 2149 1362 2217 Λαμόἀνεται
1410 2151 1465 2204 δὲ
1496 2153 1564 2206 τὰ
1616 2152 1754 2206 κατὰ

197 2233 488 2313 διάμετρον
530 2234 632 2286 ὑπὸ
694 2234 800 2288 τῶν
853 2237 1128 2313 Χαλδαίων
1155 2239 1247 2291 καὶ
1275 2239 1406 2308 πρὸς
1439 2240 1535 2302 τὰς
1556 2243 1611 2293 ὲν
1638 2244 1755 2305 ταῖς

198 2312 445 2390 γενέσεσι
472 2324 827 2393 συμπαθείας.
859 2312 1080 2379 Δὸκοῦσι
1097 2328 1203 2397 γὰρ
1225 2329 1272 2380 οἱ
1304 2328 1441 2381 κατὰ
1469 2329 1753 2400 διάμετρον

198 2412 479 2482 γενόμενοι
521 2414 857 2484 συμπάσχειν
911 2410 1176 2487 αλλήλοις,
1233 2418 1344 2479 καὶ,
1391 2418 1464 2482 ὡς
1511 2418 1575 2473 ἂν
1614 2419 1753 2472 εῐποι

198 2520 305 2567 τις,
331 2505 659 2558 ἀντικεῖσθαι
708 2506 974 2576 ἀλλήλοις.
1008 2507 1116 2559 Καὶ
1158 2508 1266 2561 τῶν
1301 2509 1542 2580 ἀστέρων
1562 2510 1755 2580 ὲποχαὶ

198 2596 262 2646 ὲν
291 2597 402 2657 τοῖς
430 2596 568 2648 κατᾶ
597 2595 883 2666 διάμετρον
913 2596 1117 2659 ζωδίοις
1157 2599 1294 2650 κατὰ
1316 2600 1406 2651 τὸν
1439 2601 1597 2652 αὑτὸν
1629 2617 1752 2653 και-

202 2684 296 2755 ρδν
325 2686 417 2738 καὶ
451 2686 832 2753 συνωφελοῦσι,
858 2688 951 2740 καὶ
978 2687 1379 2758 συμσλάπτουσι
1396 2690 1492 2753 τὰς
1514 2691 1755 2759 γενέσεις

198 2775 344 2830 1ιιιτὰ
375 2778 469 2838 τὰς
492 2777 921 2847 παραδεδομένας
943 2778 1193 2849 δυνάμεις
1216 2779 1321 2832 τῶν
1353 2781 1613 2851 ἀστέρων.

271 2948 426 3001 Κατὰ
479 2949 757 3019 τρίγωνον,
786 2950 844 3003 δέ
904 2951 1018 3003 ἐστι
1060 2951 1246 3022 Κριὸς,
1272 2953 1444 3015 Λέων.
1493 2953 1748 3024 Τοξότης·

198 3037 432 3107 Ταῦρος,
485 3040 775 3107 Παρθένος,
838 3041 1177 3110 Αὶγόκερως·
1250 3043 1503 3112 Δίδυμοι,
1562 3046 1749 3111 Ζυγὸς,

211 3129 489 3197 ’Υδροχόος
513 3145 526 3158 °
570 3130 859 3199 Καρκίνος,
893 3132 1175 3201 Σκορπίος,
1214 3132 1434 3199 Ἰχθύες.
1470 3135 1551 3186 Τὰ
1580 3134 1753 3189 πάντα

196 3217 439 3288 τρίγωνα
491 3220 775 3290 ἰσόπλευρα
826 3220 1078 3290 τέτταρα.
1116 3204 1435 3275 η’Υποτείνει
1487 3224 1543 3277 δὲ
1596 3226 1749 3294 ἠτοῦ

196 3310 464 3379 τριγώνου
512 3311 718 3383 πλευρὰ
759 3312 862 3366 ὑπὸ
909 3313 1069 3377 ζῴδια
1124 3315 1221 3385 μὲν
1256 3315 1513 3388 τέτταρα,
1558 3320 1751 3389 μοίρας

196 3398 258 3453 δὲ
285 3408 384 3454 οκ’.
1097 3393 1101 3397 ’
1693 3412 1697 3417 ·

273 3491 528 3544 Καλεῖται
552 3492 607 3545 δὲ
637 3492 695 3545 τὸ
728 3494 823 3563 μὲν
850 3494 1054 3565 πρῶτον
1085 3495 1342 3565 τρίγωνον
1365 3496 1423 3548 τὸ
1450 3497 1555 3549 ἀπὸ
1580 3497 1749 3568 Κριοῦ

200 3581 430 3653 βόρειον.
478 3583 599 3635 Ἐὰν
629 3583 753 3653 γὰρ,
793 3584 893 3652 τῆς
947 3584 1171 3654 σελήνης
1209 3586 1262 3638 έν
1304 3604 1405 3639 τινι
1444 3586 1548 3639 τῶν
1588 3588 1751 3656 τριῶν

200 3671 408 3736 ζωδίων
464 3673 844 3742 ὑπαρχούσης,
890 3673 1077 3744 βορέας
1131 3676 1356 3745 πνεύσῃ,
1409 3679 1499 3729 ἐπὶ
1559 3678 1753 3739 πολλὰς

197 3761 415 3830 ἡμέρας
451 3764 482 3831 ἡ
530 3761 663 3830 αὑτὴ
708 3762 943 3830 διαμένει
986 3763 1187 3825 στάσις.
1227 3764 1384 3816 Ὅθεν
1422 3765 1527 3817 ἀπὺ
1555 3765 1753 3835 ταύτης

199 3853 303 3920 15,;
347 3853 774 3925 παρατηρήσεως
816 3851 1141 3921 ὁρμηθέντες
1180 3855 1227 3904 οι
1277 3854 1586 3922 ἀστρολόγοι
1624 3872 1754 3924 προ-

201 3942 417 4009 λέγουσι
446 3944 544 4005 τὰς
578 3942 787 4013 βορείας
816 3943 1045 4005 στάσεις.
1090 3943 1211 3995 Ἐὰν
1246 3943 1341 4013 μὲν
1368 3943 1494 4013 γὰρ,
1529 3944 1585 3995 ὲν
1613 3943 1754 4014 ἄλλῳ

201 4032 380 4103 ζωδίῳ
430 4034 527 4101 τῆς
581 4034 803 4103 σελήνης
856 4033 1221 4104 ὑπαρχούσης,
1275 4034 1483 4104 βορεινὴ
1535 4035 1753 4104 γένηται

202 4124 413 4187 στάσις,
460 4125 759 4186 εὐδιάλυτος
802 4124 1005 4192 γίνεται
1040 4128 1067 4177 ὁ
1100 4114 1320 4195 βορέας·
1350 4125 1440 4177 ἐὰν
1478 4124 1533 4177 δὲ
1567 4125 1621 4177 ἕν
1651 4128 1753 4177 τινι

200 4217 313 4269 Ιτῶν
357 4216 745 4285 ἀφωρισμένων
792 4215 992 4278 ζωδίων
1033 4219 1090 4269 ἐν
1124 4217 1200 4285 τῷ
1249 4217 1469 4288 βορεινῷ
1510 4217 1755 4287 τριγώνῳ

204 4306 402 4376 βορέας
432 4305 766 4375 συμπνεύσῃ,
813 4306 1159 4374 προλέγουσιν
1198 4309 1286 4359 ἐπὶ
1321 4309 1514 4371 πολλὰς
1550 4309 1755 4378 ἡμέρας

201 4397 476 4465 διαμένειν
498 4397 599 4464 τὴν
621 4394 784 4463 αὑτὴν
816 4394 1084 4447 σύστασιν.
1136 4394 1208 4446 Τὸ
1246 4396 1299 4447 δὲ
1340 4397 1462 4465 ἑξῆς
1500 4395 1756 4466 τριγωνον

202 4485 266 4537 τὸ
292 4485 399 4536 ἀπὸ
426 4483 518 4535 τοῦ
550 4484 746 4556 ταύρου
790 4485 1029 4537 καλεῖται
1074 4486 1265 4537 νότιον.
1300 4486 1463 4537 Πάλιν
1500 4486 1606 4557 γὰρ
1640 4488 1752 4547 ἐὰν,

1853 2063 2080 2120 oriente.
2106 2062 2304 2117 occidit
2332 2061 2620 2133 Scorpius;
2662 2060 2848 2116 eadem
2895 2059 3034 2113 ratio
3056 2065 3140 2111 est
3168 2056 3403 2125 reliquo.

1853 2169 1971 2207 rum
2026 2152 2414 2207 diametraliter
2471 2151 2839 2221 oppositurum
2894 2148 3192 2217 signorum.
3246 2145 3403 2199 Acci-

1853 2247 2077 2317 piuntur
2102 2253 2280 2299 autem
2307 2242 2701 2299 diametraliter
2733 2240 2983 2311 opposita
3004 2226 3155 2307 signa
3192 2252 3222 2290 a
3248 2234 3405 2289 Chal-

1854 2335 1985 2389 daeis
2009 2335 2171 2389 etiam
2221 2333 2289 2388 ad
2324 2341 2539 2388 mutuas
2567 2332 2975 2400 compassiones
3006 2328 3061 2381 in
3103 2324 3401 2380 nativitati—

1852 2424 1978 2481 bus.
2031 2422 2296 2497 Videntur
2343 2422 2487 2477 enim
2531 2421 2642 2486 illi,
2677 2421 2770 2491 qui
2816 2419 2872 2473 in
2918 2414 3185 2489 oppositis
3233 2414 3404 2485 signis

1853 2518 1980 2566 sunt
1999 2511 2133 2573 nati.
2162 2510 2266 2567 sibi
2290 2511 2518 2565 invicem
2557 2502 2829 2578 compati,
2871 2514 2945 2568 et,
2979 2513 3039 2558 ut
3077 2504 3272 2559 dixerit
3300 2502 3403 2555 ιιι-

1851 2600 2137 2670 quis.‘sibi
2168 2600 2393 2655 invicem
2433 2598 2731 2652 adversari.
2768 2596 2835 2649 Et
2884 2595 3159 2651 stellarum
3185 2593 3405 2663 epoeba
3438 2616 3442 2619 -

1850 2690 1907 2744 in
1958 2689 2127 2760 signis
2182 2689 2567 2744 diametraliter
2612 2684 2877 2756 appositis
2918 2683 3211 2740 secundum
3262 2682 3403 2739 idem

1852 2789 2062 2851 tempus
2101 2790 2155 2836 et
2202 2796 2306 2835 una
2339 2780 2568 2850 juvant,
2625 2788 2678 2832 et
2711 2791 2818 2831 una
2870 2774 3405 2830 laeduutmativitates

1853 2872 2151 2927 secundum
2183 2871 2409 2924 traditas
2446 2870 2589 2923 vires
2616 2869 2914 2922 stellarum.
2949 2859 2955 2865 ’

1850 2964 1889 3031 Γ
1924 2961 2229 3017 Secundum
2261 2961 2589 3030 trian‘gulum
2624 2967 2799 3013 autem
2838 2956 3015 3028 posita
3065 2954 3217 3025 signa
3255 2959 3401 3017 sunt,

1852 3050 2028 3117 Aries,
2068 3050 2195 3115 Leo,
2242 3049 2602 3119 Sagittarius:
2641 3048 2871 3111 Taurus,
2903 3044 3089 3115 Virgo,
3122 3042 3405 3112 Capricor-

1853 3158 1955 3196 nus
1986 3162 1997 3195 :
2039 3141 2271 3200 Gemini,
2300 3138 2480 3203 Libra,
2506 3138 2776 3207 Aquarius
2805 3155 2818 3190 :
2852 3136 3079 3201 Cancer,
3127 3132 3405 3202 Scorpius.

1852 3230 2056 3286 Pisces.
2091 3228 2281 3284 Omnia
2318 3228 2585 3296 triangula
2625 3228 2674 3296 5
2718 3228 3028 3297 aequilatera
3086 3232 3212 3277 sunt
3266 3234 3405 3291 qua-

1850 3332 1973 3377 tuor
2010 3341 2021 3375 :
2067 3321 2341 3376 subtendit
2372 3329 2551 3374 autem
2594 3317 2849 3388 trianguli
2891 3316 3033 3370 latus
3082 3314 3233 3382 signa
3270 3326 3405 3380 qua-

1852 3422 2008 3475 tuor,
2042 3411 2240 3480 gradus
2279 3409 2403 3465 ιεο.

1921 3504 2155 3560 Vocatur
2199 3511 2375 3557 autem
2404 3502 2635 3571 primum
2686 3495 3017 3567 triangulum
3048 3491 3282 3549 boreale.
3344 3488 3407 3542 Si

1852 3595 1992 3650 enim
2024 3595 2153 3648 luna
2183 3594 2237 3647 in
2274 3607 2381 3646 uno
2410 3594 2572 3645 trium
2623 3590 2901 3659 signorum
2946 3580 3405 3653 primitrianguli

1852 3686 2050 3754 posita,
2067 3692 2256 3739 ventus
2275 3684 2467 3736 boreas
2483 3679 2769 3749 spiraverit
2794 3693 2806 3728 :
2829 3690 2921 3745 per
2942 3673 3059 3727 dies
3087 3671 3287 3724 multos
3309 3684 3404 3722 ea-

1853 3775 1972 3828 dem
2000 3778 2279 3842 permanet
2304 3770 2643 3825 eonstitutio.
2685 3765 2840 3820 Unde
2881 3761 3159 3830 astr010gi,
3184 3774 3307 3813 cum
3336 3756 3405 3811 ab

1864 3866 1966 3921 hac
1995 3864 2368 3920 observatione
2398 3861 2617 3915 initium
2646 3858 2901 3917 habeant,
2932 3854 3108 3907 boreae
3138 3847 3405 3903 constitu-

1856 3955 2047 4010 tiones
2082 3953 2403 4024 praedicunt.
2450 3950 2585 4005 Nam
2637 3948 2684 4004 si
2737 3947 2793 4000 in
2838 3944 2945 3998 alio
2976 3939 3206 4013 quodam
3250 3939 3409 4007 signo

1854 4047 1984 4099 luna
2009 4046 2330 4106 constituta,
2361 4041 2632 4097 exstiterit
2672 4034 2995 4092 constitutio
3034 4030 3289 4091 borealis,
3326 4027 3406 4081 fa-

1856 4136 1958 4189 cile
2003 4135 2195 4188 boreas
2225 4132 2564 4191 dissolvitur;
2592 4135 2647 4179 at
2680 4126 2726 4179 si
2759 4139 2865 4181 una
2897 4121 3182 4191 spiraverit
3211 4120 3406 4173 boreas

1856 4224 1910 4278 in
1938 4238 2045 4276 uno
2073 4236 2258 4275 eorum
2307 4220 2606 4287 signorum.
2636 4230 2755 4283 quae
2802 4215 2854 4268 in
2889 4211 3093 4267 boreali
3135 4208 3405 4277 triangula

1856 4290 2219 4374 continentur,
2254 4307 2552 4377 praedicunt
2591 4319 2687 4379 per
2737 4303 2856 4358 dies
2908 4301 3108 4355 multos
3159 4298 3405 4353 eamdem

1857 4416 2175 4472 permanere
2208 4398 2675 4454 constitutionem.
2710 4394 3020 4448 Proximum
3051 4389 3403 4458 triaugulum,

1858 4491 2003 4562 quod
2051 4506 2080 4544 a
2104 4478 2282 4543 Tauro
2327 4488 2537 4556 incipit,
2579 4485 2891 4539 nominatur
2921 4482 3177 4536 australe.
3205 4478 3407 4533 Contra

202 4575 304 4645 τῆς
332 4574 558 4645 σελήνης
585 4572 639 4626 ἐν
668 4590 773 4626 τινι
812 4574 916 4627 τῶν
957 4573 1121 4645 τριῶν
1150 4574 1351 4637 ζωδὶων
1390 4575 1753 4645 ὑπαρχούσης,

1875 4584 2041 4646 cnim,
2072 4580 2114 4635 si
2165 4580 2229 4633 in
2250 4593 2357 4633 uno
2385 4579 2577 4631 borum
2604 4575 2769 4628 trium
2798 4574 3075 4642 signorum
3107 4569 3234 4621 luna
3268 4583 3401 4622 con-

279 4728 355 4799 (9)
399 4728 515 4794 Τῆς
538 4728 604 4781 δὲ
624 4728 771 4795 πρὸς
797 4727 1032 4794 ἄλληλα
1060 4730 1298 4794 τάξεως.
1332 4730 1569 4793 Quatuor
1598 4729 1750 4799 habif

205 4797 446 4860 tudines,
496 4800 607 4852 sive
655 4806 978 4863 conspectus
1027 4800 1299 4865 signorum
1352 4800 1602 4865 explicat,
1659 4797 1747 4865 qui

204 4867 316 4919 vim
348 4868 580 4933 aliquam
618 4866 671 4936 in
721 4867 1587 4936 ματαιοτεχνίαεειιριιιιὶιιεοιιιιιιι
1635 4881 1747 4918 sor-

204 4937 301 4988 tita
333 4942 606 5002 putantur.
641 4934 855 4987 Primus
886 4934 1129 4988 εδιιιατὰ
1160 4936 1462 5003 διάμετρον,
1496 4949 1613 5001 qua:
1657 4949 1749 4986 sex

205 5004 360 5069 signa
384 5005 675 5065 subtendit,
708 5012 765 5056 ut
796 5004 971 5063 Aries.
1006 5014 1057 5057 et
1087 5003 1261 5056 Libra.
1300 5003 1590 5057 Secundus
1614 5003 1750 5055 κατὰ

205 5075 491 5142 τρίγωνον.
526 5075 681 5135 cujus
722 5074 862 5126 latus
894 5080 1125 5141 quatuor
1168 5076 1313 5142 signa
1347 5072 1641 5142 subtendit,
1672 5079 1753 5142 fut

205 5140 385 5204 Aries,
418 5141 545 5212 Leo,
581 5140 921 5207 Sagittarius
948 5140 1505 5212 trigonum'eﬂiciunt.
1541 5140 1752 5212 Tertius

206 5220 290 5265 est
333 5210 474 5263 κατὰ
522 5214 890 5281 τετράγωνον,
945 5210 1347 5279 quadrantalis,
1402 5210 1556 5275 cujus
1592 5210 1753 5281 qlatus

246 5281 465 5335 radibus
510 5279 802 5345 90,'signis
853 5282 1027 5334 tribus
1060 5282 1417 5333 subtenditur.
1462 5280 1550 5332 Sic
1577 5279 1751 5342 Aries,

253 5363 435 5413 aucer,
471 5347 653 5411 Libra,
682 5349 1043 5418 Capricornus
1071 5351 1495 5418 quadrangulum
1528 5346 1750 5418 iaciunt.

209 5414 444 5480 Quartus
496 5425 579 5473 est
637 5414 778 5472 κατᾶ
828 5414 1123 5485 συζυγίαν]
1184 5414 1342 5485 atque
1395 5418 1481 5470 bic
1524 5416 1754 5471 duorum

209 5488 486 5554 signorum
533 5494 633 5548 est,
668 5502 784 5557 qua:
827 5503 855 5540 a
884 5489 1096 5557 punctis
1129 5489 1352 5556 tropicis
1379 5502 1443 5540 ex
1475 5502 1627 5554 aequo
1664 5501 1755 5557 re-

208 5553 513 5624 moventur,
547 5565 607 5609 ut
631 5553 855 5614 Cancer.
884 5553 936 5610 et
957 5556 1161 5609 Gemini
1195 5553 1626 5624 :'Capricornus,
1660 5553 1757 5609 Sa-

207 5623 481 5745 gittarius,
511 5640 629 5695 qua
670 5634 803 5680 sunt.
823 5625 1083 5695 βλέποντα
1109 5623 1399 5688 Ptolemiei,
1434 5632 1488 5679 et
1530 5624 1755 5679 antiscia

244 5693 332 5745 ulii
364 5690 606 5745 Fitmiei.
632 5692 743 5745 Hoc
771 5710 937 5745 manus
962 5696 1243 5745 separatim
1274 5697 1506 5745 anrimis
1528 5702 1755 5745 uuatuor

244 5690 606 5764 uliiFitmiei.
632 5692 748 5764 Hoc
762 5690 937 5764 gellius
962 5696 1243 5763 separatim
1274 5697 1506 5764 aprimis
1528 5702 1759 5764 quatuor

210 5762 276 5815 ab
302 5762 411 5834 illis
451 5763 697 5834 ponitur.
731 5762 873 5834 Nam.
910 5766 954 5817 is
985 5762 1197 5834 proprie
1232 5762 1625 5834 amputant);
1649 5779 1759 5818 non

209 5838 308 5898 est,
335 5831 440 5887 hoc
476 5831 808 5902 est-ﬁguram
841 5833 893 5887 in
937 5835 1141 5888 circulo
1165 5831 1424 5903 integram
1464 5831 1572 5889 nun
1605 5832 1758 5900 facit,

1850 4748 1973 4787 cum
2026 4748 2133 4787 uno
2179 4728 2551 4784 tantummodo
2603 4727 2771 4781 latere
2824 4732 3067 4785 constet,
3122 4719 3262 4788 quod
3312 4720 3405 4772 uni

1853 4806 2027 4870 signo.
2061 4803 2139 4853 vel
2174 4801 2366 4860 tribus,
2394 4799 2478 4851 vel
2518 4797 2757 4870 quinque
2788 4794 3146 4870 subteuditur.
3196 4789 3405 4870 Habent

1850 4857 2031 4924 tainen
2060 4870 2232 4936 λόγον,
2263 4857 2363 4920 nec
2390 4874 2514 4919 suut
2537 4857 2813 4936 ’ἀσύνδετα
2839 4866 3164 4936 signa,__quaa
3191 4873 3279 4936 _s_e_
3304 4857 3405 4936 hoc

1852 4941 2013 4992 modo
2038 4926 2355 5005 respiciunt,
2388 4946 2443 4987 ut
2474 4944 2661 4987 auctor
2686 4926 3001 5005 estPtolem.
3023 4926 3115 5005 lib.
3148 4943 3162 4980 ι
3191 4926 3401 5005 ηιξ-οὺ,

1859 5008 1965 5059 Sed
1987 4996 2402 5061 schematismus
2432 5020 2536 5056 non
2563 5012 2662 5056 est.
2701 5000 2804 5053 Pro
2842 5015 2907 5053 eo
2941 4996 3306 5052 mathematici
3344 4996 3406 5048 τὸ

1819 5104 1824 5112 -
1854 5076 1977 5128 καθ’
2008 5075 2273 5141 ἑξάγωνον
2297 5075 2476 5141 σχῆμα
2502 5073 2858 5131 substituunt,
2884 5069 3039 5141 cujus
3065 5068 3207 5141 latus
3234 5064 3406 5141 signis

1855 5131 2069 5197 duobus
2110 5131 2164 5195 et
2211 5131 2467 5212 gradibus
2519 5142 2793 5260 sexaginta
2852 5131 3214 5191 subtenditur.
3270 5131 3404 5187 Vide
3474 5160 3479 5163 ι

1856 5222 2047 5260 nmter
2081 5214 2277 5260 citatos
2311 5218 2588 5260 auctores.
2629 5252 2639 5260 .
2682 5209 2900 5260 anilium
2935 5213 2987 5259 et
3030 5205 3251 5257 Paulum
3279 5203 3402 5255 Ale-

1856 5222 2047 5283 praeter
2081 5203 2277 5265 citatos
2311 5218 2588 5283 auctores,
2629 5203 2900 5283 Manilium
2935 5213 2987 5259 et
3030 5205 3251 5257 Paulum
3279 5203 3402 5255 Ale-

1846 5276 2199 5351 itandrinum.
2254 5280 2409 5333 Κατὰ
2458 5278 2713 5351 συζυγίαν
2782 5276 2931 5351 signa
2988 5282 3151 5351 sunt,_
3182 5285 3398 5351 quae:

1855 5352 2043 5404 eodem
2085 5350 2205 5422 loco
2250 5342 2620 5422 ori_u_ntur,_et
2668 5349 2723 5400 in
2770 5347 2973 5422 eodem
3001 5342 3253 5422 occidunt
3283 5358 3295 5393 :
3328 5342 3402 5391 ita

1855 5428 2038 5541 ἕλωρα
2066 5427 2123 5471 ut
2161 5417 2383 5483 ἐναλλὰξ
2430 5418 2582 5471 initia
2628 5428 2814 5470 eorum
2858 5427 2921 5466 ac
2960 5413 3175 5467 termini
3208 5422 3398 5477 proce—

1896 5504 1960 5541 an
1994 5527 2008 5541 .

1896 5496 2008 5542 ant.

1929 5557 2099 5612 Porro
2138 5558 2355 5629 schema
2385 5557 2536 5629 illud,
2571 5555 2719 5629 quod
2744 5569 2775 5611 e
2817 5552 3186 5620 manuscripto
3213 5546 3403 5629 codice

1860 5628 2383 5697 repraesentavimus,
2435 5618 2640 5682 solos'e
2670 5626 2954 5697 diametro,
3008 5630 3062 5677 et
3094 5618 3241 5697 ’κατὰ
3282 5618 3401 5687 τρί-

1861 5688 2029 5764 Tit-NOV
2057 5704 2307 5767 aspectus
2336 5697 2551 5767 exhibet
2586 5714 2598 5748 :
2634 5694 3037 5767 quadrantales,
3072 5698 3127 5767 et
3171 5688 3403 5767 hexago-

1858 5756 1961 5821 ιίοε
1993 5782 2100 5821 non
2119 5756 2381 5821 continet.
2415 5766 2537 5819 Ideo
2559 5756 2668 5819 nos
2690 5765 2915 5817 alterum
2950 5762 3051 5815 hoc
3076 5761 3197 5811 loco
3222 5756 3425 5825 subje--

1862 5834 2058 5903 cimus,
2089 5837 2142 5890 in
2172 5849 2278 5904 quo
2300 5834 2665 5889 schematismi
2691 5840 2920 5903 quatuor
2948 5835 3245 5902 apparent.-
