4112 6314
791 443 893 499 759

1759 434 1850 488 AD
1880 431 2149 488 EUSEBII
2175 430 2566 489 CHRONICON
2601 431 2957 487 APPENDIX.
3849 428 3927 483 760

771 557 962 612 stituta
985 557 1169 608 auster
1182 550 1408 612 ﬂaverit.
1430 564 1526 620 per
1540 547 1655 603 dies
1670 547 1870 602 multos
1893 545 2078 600 eadem
2109 560 2318 615 perma-
2351 561 2395 617 Α

2304 574 2318 586 -
2351 561 2396 617 Α
2422 547 2571 609 νότος
2616 549 2836 618 πνεύσῃ,
2878 546 2970 600 ἐπὶ
3011 545 3206 611 πολλὰς
3248 545 3458 618 ἡμέρας
3491 547 3524 616 ἡ
3565 545 3700 616 αὑτὴ
3735 545 3928 614 διαμένει

767 654 861 702 net
884 643 1219 700 constitutio.
1235 641 1543 696 Proximum
1567 639 1912 708 triangulum,
1932 637 2074 707 quod
2095 651 2124 690 a
2143 635 2324 690 Gemi-

770 738 858 794 nis
885 736 1191 799 inchoatur,
1214 743 1437 788 vocatur
1466 731 1808 802 zephyricum
1845 729 2076 784 similem
2104 729 2172 783 ob
2193 743 2323 782 cau-

770 844 906 884 sam.
931 826 1268 882 Postremum
1302 826 1647 894 triangulum,
1664 823 1806 892 quod
1829 838 1860 876 a
1878 818 2321 876 Cancro-initium

769 920 953 982 habet,
981 917 1177 973 dicitur
1203 918 1551 972 subsolanum
1573 924 1790 984 propter
1808 915 2046 968 eamdem
2073 927 2315 967 causam.

840 1008 1179 1078 Usurpantur
1201 1019 1383 1062 autem
1422 1008 1584 1060 etiam
1615 1006 1728 1060 lucc
1775 1005 2043 1075 triangula
2071 1006 2139 1059 ad
2171 1006 2322 1058 inve-

769 1101 994 1156 niendas
1043 1101 1476 1169 compassiones,
1519 1115 1639 1168 quae
1686 1099 1741 1152 in
1779 1098 2152 1153 nativitatibus
2191 1113 2318 1166 spe-

769 1200 1004 1246 ctantur.
1024 1189 1291 1244 Videntur
1323 1191 1487 1254 enim,
1515 1190 1608 1258 qui
1638 1191 1934 1245 secundum
1969 1189 2108 1242 idem
2144 1189 2316 1240 trian-

769 1280 953 1350 gulum
978 1286 1300 1340 nascuntur,
1336 1278 1440 1333 sibi
1476 1278 1705 1332 invicem
1732 1279 1965 1348 compati
2001 1293 2012 1327 :
2047 1287 2099 1330 ct
2137 1279 2319 1332 stella-

714 1427 719 1431 ,
768 1384 888 1423 rum
911 1369 1350 1434 constitutiones,
1385 1383 1504 1438 quae
1530 1378 1658 1423 sunt
1702 1370 1757 1422 in
1789 1369 1980 1423 iisdem
2009 1369 2316 1439 triangulis,

769 1458 929 1511 simul
960 1468 1010 1510 et
1043 1458 1301 1526 adjuvare
1333 1465 1386 1512 et
1418 1455 1612 1511 laedere
1642 1457 1973 1512 nativitates.
2001 1456 2135 1510 Nam
2165 1471 2318 1512 com-

767 1549 1048 1617 passiones
1072 1550 1208 1603 ﬁunt
1233 1550 1408 1606 tribus
1425 1548 1622 1613 modis,
1647 1550 1946 1605 secundum
1971 1550 2316 1616 diametrum,

767 1641 1063 1696 secundum
1109 1642 1464 1712 triangulum,
1510 1643 1807 1700 secundum
1834 1643 2179 1713 quadratum.
2213 1641 2317 1696 Sed

768 1733 1066 1786 secundum
1120 1734 1281 1788 aliam
1329 1735 1640 1790 distantiam
1687 1737 1837 1789 nulla
1882 1736 1939 1789 ﬁt
1979 1736 2316 1805 compassio;

766 1821 917 1890 atqui
948 1831 1376 1880 consentaneum
1408 1837 1544 1890 erat,
1573 1836 1636 1883 ut
1664 1843 1732 1882 ex
1767 1829 1938 1898 signis
1981 1828 2215 1883 maxime
2237 1832 2317 1882 vi-

2426 639 2628 701 στάσις.
2661 639 2732 692 Τὸ
2777 639 2832 692 δὲ
2870 638 2993 709 ἑξῆς
3025 639 3283 709 τρίγωνον
3322 638 3383 691 τὸ
3432 638 3537 691 ἀπὸ
3582 638 3687 690 τῶν
3728 637 3926 706 Διδύμων

2422 731 2662 784 καλεῖται
2691 729 2975 800 ζεφυρικὺν
3007 729 3093 782 διὰ
3120 728 3216 799 τὴν
3257 729 3443 800 ὁμοίαν
3473 728 3651 782 αἰτίαν
3671 745 3683 757 ·
3712 728 3767 780 τὸ
3793 727 3839 779 δὲ
3863 727 3929 779 ἐπὶ

2422 825 2554 876 πᾶσι
2591 824 2870 894 τρίγωνον,
2904 821 2963 873 τὸ
3009 821 3115 874 ἀπὸ
3157 821 3452 891 Καρκίνου,
3485 819 3827 890 ἁφηλιωτικὸν
3865 818 3929 870 διὰ

2418 917 2517 986 τὴν
2542 917 2707 984 αὐτὴν
2739 916 2933 969 αἰτίαν.

2493 1007 2837 1075 Λαμὸάνεται
2865 1007 2920 1059 δὲ
2953 1005 3018 1058 τὰ
3054 1006 3290 1077 τρίγωνα
3333 1008 3425 1058 καὶ
3453 1005 3588 1076 πρὸς
3629 1003 3725 1067 τὰς
3759 1006 3808 1056 ὲν
3839 1007 3928 1064 ταῖς

2421 1100 2661 1166 γενέσεσι
2694 1097 3050 1168 συμπαθείας.
3085 1097 3308 1150 Δοκοῦσι
3340 1097 3446 1167 γάρ
3473 1099 3522 1148 οἱ
3552 1096 3690 1150 κατὰ
3714 1097 3924 1165 τρίγωνον

2421 1187 2740 1257 γεννώμενοι
2776 1188 3074 1256 συμπαθεῖν
3104 1188 3365 1257 ἀλλήλοις,
3393 1189 3484 1239 καὶ
3509 1189 3564 1241 αἱ
3593 1189 3696 1240 τῶν
3731 1188 3927 1255 ἀστέρων

2419 1281 2633 1343 στάσεις
2668 1283 2720 1332 αἱ
2749 1282 2930 1342 ἐντοῖς
2957 1282 3134 1343 αὐτοῖς
3181 1279 3460 1350 τριγώνοις
3491 1281 3584 1332 καὶ
3635 1277 3924 1343 συνωφελεῑν,

2421 1372 2515 1423 καὶ
2541 1387 2600 1422 συ
2611 1369 2904 1439 μσλάπτειν
2941 1370 3055 1440 ἅμα
3099 1370 3196 1433 τὰς
3222 1370 3477 1437 γενέσεις.
3524 1369 3674 1422 Κατὰ
3696 1368 3791 1436 γὰρ
3812 1369 3927 1436 τρεῖς

2419 1464 2648 1533 τρόπους
2695 1463 2751 1514 αἱ
2794 1461 3123 1531 συμπάθειαι
3175 1461 3431 1528 γίνονται,
3477 1460 3618 1512 κατὰ
3665 1459 3922 1527 διάμετρον,

2421 1551 2563 1606 κατὰ
2601 1552 2878 1624 τρίγωνον,
2919 1553 3058 1606 κατὰ
3098 1553 3454 1624 τετράγωνον.
3496 1541 3664 1606 Κατὰ
3699 1549 3841 1619 ἄλλην
3882 1548 3925 1600 δὲ

2421 1643 2697 1697 διάστασιν
2726 1644 2946 1713 οὐδεμία
2981 1643 3286 1713 συμπάθεια
3318 1645 3542 1711 γίνεται.
3588 1643 3765 1694 Καίτοι
3807 1639 3922 1692 εὔλο-

2423 1753 2517 1802 γον
2556 1732 2644 1806 ἦν,
2674 1737 2736 1788 ὲκ
2773 1736 2878 1788 τῶν
2915 1735 3144 1805 μάλιστα
3176 1735 3435 1802 σύνεγγυς
3478 1734 3822 1801 συγκειμένων
3847 1730 3925 1793 ζω-

2419 1829 2547 1882 δέων
2568 1829 2905 1897 συμπάθειαν
2932 1827 3192 1896 γίνεσθαι.
3224 1829 3286 1879 '11
3310 1826 3416 1896 γὰρ
3437 1825 3682 1895 ἀποφορὰ
3702 1826 3784 1876 καὶ
3805 1824 3923 1891 ἁπόῤ

765 1913 904 1968 cinis
933 1915 1237 1985 compas'sio
1263 1917 1666 1975 ﬁeret.Delatio
1681 1920 1824 1975 enim
1850 1928 1902 1974 et
1934 1919 2312 1990 deﬂuxus.qui
2344 1910 2386 1964 Β

2298 1920 2312 1975 i
2344 1910 2386 1964 Β
2420 1924 2556 1992 ροια,
2580 1923 2612 1991 ή
2635 1922 2903 1992 φερομένη
2930 1920 3034 1972 ἀπὸ
3059 1919 3153 1989 τῆς
3174 1918 3302 1980 ἰδίας
3318 1917 3596 1987 δυνάμεως
3619 1915 3822 1968 ἑκάστου
3841 1911 3922 1964 τῶν

765 2004 936 2060 fertur
961 2022 990 2060 a
1040 2010 1259 2077 prOpria
1300 2010 1352 2063 vi
1383 2011 1716 2081 singularum
1745 2013 2020 2068 stellarum
2040 2053 2054 2076 ,
2083 2013 2313 2068 debebat

763 2098 997 2153 maxime
1028 2104 1408 2173 concorporari
1430 2145 1443 2170 ,
1477 2114 1528 2160 et
1578 2106 1922 2160 commisceri
1956 2122 2078 2160 cum
2109 2107 2303 2161 vicinis

766 2188 957 2258 signis.
994 2189 1064 2244 Ut
1096 2193 1239 2246 enim
1265 2195 1537 2266 triangula
1566 2205 1619 2252 et
1651 2197 1915 2267 quadrata
1939 2199 2314 2252 inscribuntur

766 2283 1013 2338 circulo:
1048 2287 1126 2339 sic
1169 2289 1332 2342 etiam
1379 2290 1740 2361 hexagonum,
1786 2301 1842 2346 et
1881 2303 2226 2361 octagonum,
2260 2300 2316 2346 et

765 2370 1190 2444 dodecagonum.
1227 2377 1295 2432 At
1341 2382 1638 2436 secundum
1696 2383 1892 2436 horum
1932 2383 2316 2452 inscriptiones

767 2465 919 2518 nulla
963 2467 1019 2521 lit
1056 2470 1362 2539 compassio
1391 2487 1406 2522 :
1438 2479 1646 2527 tantum
1676 2488 1738 2528 ea
1770 2473 1829 2527 ﬁt
1857 2473 2155 2529 secundum
2189 2489 2317 2544 prae-

724 2556 726 2559 '
770 2553 946 2607 dictos
976 2556 1185 2623 modos,
1217 2573 1340 2613 cum
1365 2561 1421 2616 in
1447 2561 1759 2632 huiusmodi
1788 2564 2064 2621 distantiis
2091 2572 2315 2618 natura-

767 2642 837 2697 lis
860 2645 1102 2714 quedam
1126 2651 1198 2706 sit
1227 2654 1551 2724 compassio.

2418 2012 2677 2086 ἀστέρων,
2700 2010 2895 2079 ὤφειλε
2924 2010 3150 2080 μάλιστα
3185 2003 3821 2080 συναναχρωτίζεσθαικαὶ
3836 2016 3922 2052 συν-

2419 2103 2804 2172 ανακιρνᾶσθαι
2846 2104 2952 2164 τοῖς
2998 2099 3347 2171 πλησιάζουσι
3384 2097 3607 2162 ζωδίοις.
3634 2097 3818 2162 Ὠσπερ
3840 2090 3921 2160 γὰρ

2417 2195 2485 2248 τὰ
2500 2195 2736 2265 τρίγωνα
2755 2195 2846 2246 καὶ
2873 2194 3181 2264 τετράγωνα
3202 2191 3526 2261 ἐγγράφεται
3549 2191 3624 2251 εἰς
3643 2187 3726 2239 τὸν
3746 2182 3919 2242 κύκλον,

2421 2289 2560 2341 οὕτω
2589 2289 2682 2341 καὶ
2713 2287 2998 2354 ἑξάγωνον,
3026 2286 3119 2338 καὶ
3165 2285 3487 2351 ὀκτάγωνον,
3524 2280 3618 2334 καὶ
3654 2277 3919 2342 δωδεκάγωο

2421 2397 2528 2433 νον.
2570 2379 2726 2432 Ἀλλά
2768 2378 2907 2431 κατὰ
2943 2379 3036 2448 μὲν
3069 2376 3166 2438 τὰς
3205 2375 3402 2430 τούτων
3435 2371 3702 2444 ἐγγραφὰς
3741 2365 3918 2435 οὐδεμία

2420 2474 2624 2541 γίνεται
2675 2470 3012 2539 συμπάθεια·
3073 2468 3212 2521 κατὰ
3263 2467 3319 2520 δὲ
3367 2465 3492 2530 τοὺς
3550 2458 3917 2536 προειρημένους

2419 2565 2649 2635 τρόπους
2695 2566 2871 2634 μόνον,
2917 2562 3149 2632 φυσικῆς
3187 2577 3328 2624 τινος
3372 2557 3706 2629 ὑπαρχούσης
3749 2556 3799 2606 ὲν
3827 2549 3914 2608 ταῖς

2420 2657 2692 2719 τοιαύταις
2725 2656 3052 2709 ἀποστάσεσι
3085 2650 3439 2724 συμπαθείας.

1572 5079 3106 5714 ΑΝ
