4042 6330
96 442 225 498 761

1158 464 1295 520 CEM
1307 466 1392 522 INI
1430 470 1802 543 ELEMENTA
1843 477 1885 529 A
1897 477 2333 541 STRONOMLE.

3228 494 3329 549 763

186 564 350 617 Κατὰ
384 567 713 637 τετράγωνον
755 570 810 623 δέ
855 574 1002 626 ἐστι*
1038 578 1223 647 Κριὸς,
1256 582 1545 652 Καρκίνος,
1586 586 1656 636 Ζυ

1756 640 1760 647 ,
1793 598 1802 633 ε
1863 587 2170 644 Secundum
2206 594 2532 662 quadratum
2590 598 2762 665 posita
2810 598 2960 669 signa
2999 610 3125 655 sunt
3161 602 3273 658 hazc
3311 625 3323 659 :

100 652 237 717 γὺς,
280 657 616 728 Αίγόκερωςο
679 662 906 733 Ταῦρος,
954 667 1121 732 Λέων,
1171 670 1453 742 Σκορπίος,
1499 676 1679 747 Ὑδρο-

91 743 242 810 ,ςὸος
261 760 273 773 ·
307 747 542 817 Δίδυμοι,
570 752 857 822 Παρθένος,
882 756 1131 828 Τοξότης,
1163 760 1381 829 ’1χθύες.
1404 764 1482 817 Τά
1507 743 1680 821 πάντα

94 835 437 904 τετράγωνα
480 842 623 907 τρία.
669 843 963 898 ’Υποτείνει
1012 847 1067 900 δὲ
1115 852 1148 920 η
1196 850 1288 903 τοῦ
1343 855 1675 924 τετραγώνου

91 925 331 996 πλευρὰ
359 929 458 981 ὑπὸ
488 929 648 994 ζώδια
682 935 778 1003 μὲν
819 938 961 1007 τρία,
997 940 1185 1010 μοίρας
1217 941 1271 993 δὲ
1306 946 1373 1008 LL’.
1421 924 1674 999 καλεῖται

94 1015 218 1083 μὲν
254 1018 314 1069 τὸ
349 1020 557 1090 πρῶτον
583 1026 915 1095 τετράγωνον
950 1030 1010 1081 τὸ
1054 1032 1158 1083 ἀπὸ
1197 1033 1288 1085 τοῦ
1329 1035 1515 1105 Κριοῦ,
1550 1039 1604 1089 ἐν

90 1105 159 1156 αἱ
199 1098 347 1175 ὧραι
374 1108 644 1181 ἄρχονται,
682 1114 799 1184 ἔαρ,
842 1115 1014 1189 θέρος,
1051 1098 1403 1194 φθινόπωρον,
1435 1098 1667 1195 χειμών-ο

89 1192 161 1285 τὸ
197 1193 450 1267 δεύτερον
481 1202 814 1271 τετράγωνον
846 1207 905 1258 τὸ
944 1210 1049 1261 άπὸ
1078 1210 1170 1263 τοῦ
1198 1192 1588 1285 Ταύρουξένῷ
1617 1222 1671 1271 αί

88 1275 252 1377 ὧραι
283 1286 373 1339 τὸν
399 1289 558 1357 μέσον
592 1292 771 1362 ἔχουσι
813 1299 1020 1368 χρόνον,
1057 1301 1231 1373 ἔαρος,
1263 1275 1467 1377 θέρου-ς,
1496 1275 1673 1376 φθινο-

88 1370 323 1463 πώρου,
356 1378 619 1447 χειμῶνος
641 1399 652 1411 ·
687 1384 746 1436 τὸ
790 1386 845 1437 δὲ
891 1390 1068 1458 τρίτον
1103 1370 1435 1463 τετράγωνον
1456 1370 1533 1449 ντδ
1565 1399 1671 1451 ἀπὸ

86 1462 219 1516 τῶν
253 1466 515 1537 Διδύμων,
544 1472 601 1523 ὲν
626 1466 669 1540 (ἶ)
693 1477 746 1527 αἱ
780 1470 916 1547 ὧραι
950 1479 1168 1549 λήγουσι
1220 1486 1355 1537 κατὰ
1394 1488 1518 1551 τοὺς
1548 1490 1670 1559 χρό-

88 1574 259 1620 νους.
290 1560 634 1631 Λαμϐάνεται
678 1566 731 1617 δὲ
780 1569 841 1620 τὸ
880 1573 1214 1641 τετράγωνον
1240 1574 1316 1639 ἓν,
1347 1578 1593 1651 καθάπερ
1625 1582 1668 1612 ¹³

87 1651 354 1721 εερηται,
406 1657 495 1707 καὶ
547 1658 679 1727 πρὸς
733 1658 831 1722 τὰς
884 1663 941 1713 ὲν
994 1667 1111 1725 ταῖς
1163 1667 1403 1743 γενέσεσι
1453 1688 1666 1741 συμπα-

89 1743 279 1807 Θείας.

173 2017 301 2068 Ἔτι
336 2016 391 2069 δὲ
419 2019 449 2087 ή
476 2017 583 2070 τῶν
608 2017 960 2088 τετραγώνων
1004 2019 1230 2085 ἕκθεσις,
1262 2024 1353 2075 καὶ
1389 2025 1521 2094 πρός
1548 2042 1667 2077 τινα

88 2111 272 2178 ἄλλην
298 2110 489 2179 χρείαν,
515 2110 846 2179 λαμϐάνεται
900 2110 1003 2164 ὑπό
1048 2129 1226 2165 τινων.
1269 2114 1371 2166 Τοῦ
1409 2118 1515 2185 γὰρ
1550 2117 1665 2179 ἑνὸς

85 2202 285 2255 αὐτῶν
318 2203 420 2254 ὑπὸ
459 2202 551 2256 τοῦ
594 2202 755 2256 αὑτοῦ
798 2203 1135 2274 τετραγώνου
1166 2205 1426 2270 δύνοντος,
1454 2208 1511 2259 τὸ
1540 2208 1664 2277 ἑξῆς

90 2294 481 2364 ὑπελάμϐανον
514 2298 856 2366 μεσουρανεῖν
904 2296 958 2346 έν
996 2294 1071 2365 τῷ
1103 2297 1241 2365 ὑπὲρ
1272 2296 1373 2365 γῆν
1405 2299 1664 2367 ἡμισφαι-

90 2388 200 2458 ρίῳ
223 2406 239 2418 ·
276 2383 412 2446 οἷον,
440 2389 716 2458 Λίγόκερω
756 2386 1028 2451 δύνοντος,
1081 2392 1431 2457 μεσουρανεῖν
1472 2391 1659 2459 Κριὸν,

88 2480 410 2534 ἀνατέλλειν
438 2480 493 2532 δὲ
522 2483 809 2551 Καρκίνον,
848 2481 939 2533 καὶ
976 2482 1322 2549 μεσουρανεῖν
1353 2479 1407 2532 δὲ
1432 2481 1534 2533 ὑπὸ
1559 2482 1661 2551 γῆν

92 2578 293 2643 Ζυγόν.
324 2577 378 2630 '0
410 2576 464 2630 δὲ
495 2579 652 2641 αὐτὸς
680 2578 833 2645 λόγος
868 2578 957 2629 καὶ
989 2576 1079 2629 ἐπὶ
1110 2574 1217 2627 τῶν
1242 2575 1441 2628 λοιπῶν
1470 2593 1661 2646 τετρα-

90 2666 453 2733 γώνωννὲστί.
486 2668 556 2718 Τὸ
577 2668 631 2719 δὲ
656 2666 888 2720 τοιοῦτον
915 2667 1275 2737 παράγγελμα
1310 2667 1398 2719 ἐπὶ
1442 2665 1538 2739 μὲν
1564 2666 1657 2719 τοῦ

47 2819 52 2823 _
90 2759 216 2820 ἐνὸς
244 2758 599 2829 τετραγώνου,
636 2758 726 2812 τοῦ
764 2760 863 2821 τὰς
894 2760 1099 2829 τροπὰς
1129 2759 1220 2812 καὶ
1251 2758 1347 2821 τὰς
1372 2759 1657 2830 ἰσημερίας

94 2849 462 2921 περιέχοντος,
510 2851 649 2904 κατὰ
692 2853 752 2903 τὸ
797 2850 1073 2921 ὁλοσχερὲς
1122 2850 1404 2921 λεγόμενον
1438 2869 1655 2921 συμφω-

93 2942 254 3009 νήσει
300 2943 433 3013 πρὸς
471 2942 532 2994 τὸ
579 2944 928 3012 φαινόμενον·
969 2943 1102 3010 πρὸς
1144 2942 1199 2995 δὲ
1230 2941 1326 3012 τὴν
1359 2946 1415 2996 ὲν
1451 2942 1528 3013 τῷ
1552 2944 1656 3013 ὅλῳ

91 3030 379 3103 ἀκρίϐειαν
408 3033 679 3100 διαφωνεῖ.
709 3017 984 3103 Αίγόκερω
1019 3034 1123 3104 γάρ
1149 3033 1247 3101 τῆς
1282 3033 1499 3103 πρώτης
1542 3034 1657 3103 μοί-

91 3136 197 3191 ρας
216 3120 491 3190 δυνούσης,
507 3121 673 3193 Κριοῦ
692 3122 877 3194 πρώτη
900 3126 1058 3193 μοῖρα
1081 3125 1488 3195 μεσουρανήσει·
1512 3126 1656 3197 Καρ-

1783 677 1958 743 Aries,
1994 680 2225 745 Cancer,
2260 682 2443 750 Libra,
2486 686 2890 756 Capricornus:
2921 691 3161 757 Taurus,
3197 693 3324 759 Leo,

1784 765 2070 836 Scorpius,
2124 772 2392 839 Aquarius
2426 790 2437 823 :
2474 774 2716 840 Gemini,
2750 777 2930 848 Virgo,
2984 780 3323 849 Sagittarius,

1781 854 1985 911 Pisces.
2023 851 2215 913 Omnia
2241 862 2504 928 quadrata
2537 872 2661 917 sunt
2685 867 2810 921 tria.
2842 866 3120 922 Subtendit
3146 879 3324 924 autem

1778 947 1922 1001 latus
1953 951 2218 1017 quadrati
2250 954 2401 1022 signa
2432 954 2555 1015 tria,
2608 957 2804 1023 gradus
2829 958 2915 1010 90.
2951 959 3185 1013 Vocatur
3212 963 3325 1030 pri-

1776 1053 1921 1090 mum
1953 1042 2304 1108 quadratum,
2337 1038 2659 1114 quadratum
2708 1048 2773 1099 ab
2807 1049 2984 1101 Ariete
3029 1052 3320 1119 inceptum,

1776 1127 1830 1180 in
1865 1146 1971 1198 quo
2017 1131 2161 1186 hora:
2213 1149 2305 1187 seu
2358 1149 2591 1204 quatuor
2632 1142 2986 1221 partes‘.anni
3037 1142 3320 1210 incipiunt,

1774 1234 1890 1282 ver,
1924 1229 2104 1284 aestas,
2138 1233 2455 1289 autumnus,
2500 1227 2704 1293 hiems;
2744 1231 3039 1284 sectmdum
3084 1234 3320 1300 quadra-

1777 1317 1892 1363 tum
1918 1313 2229 1367 nominatur
2264 1318 2583 1385 quadratum
2627 1336 2657 1373 a
2682 1319 2860 1375 Tauro
2908 1323 3236 1388 inchoatum,
3266 1328 3319 1381 in

1774 1416 1879 1470 quo
1915 1402 2060 1456 horae
2105 1404 2301 1461 habent
2349 1409 2579 1462 medium
2628 1419 2839 1480 tempus
2890 1416 3065 1478 veris,
3094 1418 3319 1479 aestatis.

1772 1496 2039 1560 autumni,
2084 1497 2311 1564 hiemis;
2345 1502 2559 1554 tertium
2592 1506 2908 1572 quadratum
2948 1508 3147 1561 dicitur
3183 1525 3317 1579 qua-

1769 1586 1983 1641 dratum
2024 1604 2053 1642 a
2094 1589 2333 1646 Geminis
2366 1595 2659 1663 inceptum,
2709 1597 2765 1649 in
2794 1613 2900 1665 quo
2948 1599 3093 1653 hora:
3130 1616 3320 1655 secun-

1768 1680 1897 1731 dum
1964 1688 2207 1748 tempora
2238 1681 2526 1736 desinunt.
2570 1684 2870 1753 Usurpatur
2914 1698 3091 1742 autem
3151 1706 3315 1745 meum

1767 1770 2019 1838 idemque
2071 1770 2421 1838 quadratum,
2472 1784 2530 1826 ut
2571 1775 2772 1829 dictum
2808 1787 2909 1840 est,
2943 1779 3101 1832 etiam
3137 1780 3201 1834 ad
3234 1781 3318 1833 in-

1772 1859 2505 1931 veniendagcompassiones
2526 1905 2539 1929 ,
2572 1882 2689 1935 qua:
2719 1868 2770 1921 in
2804 1870 3171 1944 nativitatibus
3195 1889 3315 1943 spe-

1765 1956 2001 2003 ctantur.
2075 1950 2099 1987 ‘

1836 2041 1891 2109 6
1914 2040 2173 2097 Praeterea
2196 2046 2584 2114 quadratorum
2611 2048 2852 2103 doctrina
2875 2052 3035 2105 etiam
3055 2054 3118 2107 ad
3149 2056 3312 2109 alium

1767 2130 2056 2198 quemdam
2093 2150 2248 2188 usum
2299 2151 2328 2188 a
2362 2139 2681 2206 quibusdam
2714 2143 2994 2212 accipitur.
3030 2143 3161 2196 Nam
3204 2162 3312 2199 uno

1766 2222 2077 2276 eorumdem
2104 2226 2402 2294 signorum,
2422 2246 2539 2298 quae
2571 2241 2696 2285 sunt
2728 2234 2780 2286 in
2812 2234 2997 2288 eodem
3028 2235 3308 2303 quadrato,

1765 2311 2061 2375 occidente,
2098 2316 2397 2383 proximum
2429 2320 2691 2388 putabant
2716 2331 2901 2377 tenere
2930 2324 3163 2377 medium
3187 2326 3318 2378 cmli.

1765 2399 1817 2451 in
1845 2404 2125 2469 superiore
2148 2404 2544 2476 hemisphacrio.
2566 2410 2633 2464 Ut
2661 2411 2989 2483 Capricorno
3014 2415 3307 2482 occidente,

1762 2495 1943 2544 tenere
1973 2492 2206 2546 medium
2262 2498 2383 2549 emli
2435 2500 2693 2565 Arietem,
2727 2504 2858 2556 oriri
2906 2503 3192 2576 Cancrum,
3230 2515 3311 2560 te-

1757 2578 2075 2634 nereimum
2108 2584 2228 2635 cmli
2263 2584 2498 2639 Libram.
2533 2587 2732 2644 Eadem
2777 2600 2860 2646 est
2913 2596 3051 2648 ratio
3090 2596 3141 2651 in
3176 2597 3307 2650 reli-

1759 2671 1880 2739 quis
1914 2674 2214 2741 quadratis.
2244 2676 2358 2731 Hoc
2413 2689 2742 2749 praeceptum
2773 2700 2893 2737 cum
2928 2686 3135 2757 integre
3170 2688 3307 2743 dici-

1759 2773 1866 2825 tur,
1903 2772 2111 2818 tantum
2143 2766 2196 2820 in
2238 2785 2346 2823 uno
2383 2771 2665 2840 quadrato,
2692 2776 2834 2843 quod
2878 2778 2932 2829 in
2972 2792 3027 2830 se
3068 2780 3306 2833 continet

1758 2862 1956 2922 puncta
1985 2857 2295 2911 solstitialia
2330 2870 2381 2913 et
2419 2863 2818 2929 zequinoctialia
2842 2907 2857 2931 ,
2894 2877 3151 2937 congruet
3180 2885 3302 2923 cum

1756 2959 1820 2998 eo
1852 2947 1994 3014 quod
2026 2957 2248 3016 apparet
2288 2967 2301 3003 :
2338 2957 2390 3003 at
2422 2951 2675 3006 dissentit
2701 2956 2745 3009 si
2767 2963 2936 3010 totum
2961 2959 3059 3012 hoc
3077 2962 3283 3029 quadra

1756 3043 1868 3088 tum
1900 3038 2171 3093 subtiliter
2202 3042 2598 3100 consideretur.
2626 3046 2943 3116 Capricorni
2963 3050 3103 3102 enim
3130 3052 3303 3119 primo

1755 3129 1925 3197 gradu
1977 3132 2289 3205 occidente,
2318 3135 2519 3190 Arietis
2560 3138 2766 3205 primus
2823 3140 3019 3208 gradus
3068 3142 3301 3195 medium

94 3213 244 3276 λίνος
289 3214 345 3265 δὲ
389 3214 579 3288 πρώτῃ
623 3215 784 3287 μοίρᾳ
828 3216 1135 3268 ἀνατέλλειν
1172 3217 1338 3285 Ζυγὸς
1376 3217 1432 3270 δὲ
1465 3216 1651 3289 πρώτῃ

1758 3222 1880 3276 οωιί
1908 3225 2142 3279 tenebit:
2176 3225 2387 3282 Cancer
2412 3244 2511 3284 suo
2545 3232 2721 3300 primo
2750 3234 2920 3302 gradu
2944 3234 3180 3289 orietur:
3216 3234 3303 3289 Li-

98 3305 264 3376 μοίρᾳ
294 3306 395 3358 ὑπὸ
418 3307 519 3376 γῆν
549 3300 957 3378 μεσουρανήσει.
990 3308 1120 3360 Τότε
1148 3306 1256 3377 γὰρ
1292 3307 1321 3358 ὁ
1360 3306 1447 3359 διὰ
1479 3308 1655 3377 μέσων

90 3394 204 3449 τῶν
232 3396 431 3460 ζωδίων
464 3397 655 3460 κύκλος
700 3400 777 3461 εἰς
814 3398 1052 3468 τέσσαρα
1086 3398 1221 3469 μέρη
1257 3398 1344 3451 ίσα
1375 3400 1655 3469 διαιρεῖται

92 3486 203 3541 ὑπὸ
225 3489 333 3542 τῶν
375 3490 640 3561 κολούρων
670 3491 907 3544 κύκλων·
938 3490 1076 3543 ὥστε
1125 3494 1234 3544 ἴσον
1278 3488 1413 3545 εἶναι
1456 3492 1516 3544 τὸ
1548 3493 1655 3547 ἀπὸ

96 3580 193 3649 τῆς
252 3585 688 3653 μεσουρανήσεως
732 3583 865 3653 πρὸς
916 3582 1176 3651 ἀνατολὴν
1226 3584 1317 3635 καὶ
1368 3583 1516 3636 δύσιν
1560 3584 1651 3637 τοῦ

97 3666 359 3731 ζωδιακοῦ
410 3670 706 3740 διάστημα’
756 3671 1007 3741 ἑκάτερον
1066 3671 1172 3741 γὰρ
1217 3672 1393 3724 αὐτῶν
1448 3673 1652 3739 γίνεται

96 3758 301 3822 ζωδίων
335 3761 515 3831 τριῶν.
565 3763 651 3815 Ἐν
696 3762 753 3815 δὲ
783 3765 901 3825 ταῖς
934 3762 1141 3824 λοιπαῖς
1186 3763 1401 3816 στάσεσι
1437 3763 1529 3815 τοῦ
1568 3781 1652 3816 τε-

96 3850 369 3920 τραγώνου
389 3851 574 3919 τούτου
606 3852 698 3904 καὶ
737 3852 843 3904 τῶν
865 3851 1061 3904 λοιπῶν
1094 3852 1153 3902 οὐ
1186 3852 1465 3920 συμϐαίνει
1502 3854 1580 3916 είς
1610 3853 1650 3905 δ’

100 3944 239 4013 μέρη
258 3946 343 3998 ῐσα
358 3944 674 4018 διαιρεῖσθαι
701 3944 789 3997 τὸν
809 3944 1065 4007 ζωδιακὸν
1083 3944 1295 3997 κύκλον.
1315 3943 1411 3996 Διὰ
1424 3943 1479 3996 δὲ
1494 3943 1649 3998 τοῦτο

98 4035 193 4087 οὐκ
226 4036 336 4089 ἐστι
368 4037 451 4091 διὰ
479 4037 675 4099 παντὸς
712 4036 823 4088 ἴσον
850 4036 911 4089 τὸ
939 4036 1044 4089 ἀπὸ
1078 4036 1176 4105 τῆς
1210 4036 1649 4107 μεσουρανήσεως

98 4131 228 4200 πρὸς
264 4133 520 4204 ἀνατολὴν
554 4133 648 4185 καὶ
669 4132 805 4202 πρὸς
831 4132 927 4201 τὴν
957 4132 1103 4185 δύσιν
1123 4132 1409 4202 διάστημα,
1437 4134 1527 4186 ἐπὶ
1552 4134 1644 4187 τοῦ

101 4222 354 4286 ζωδιακοῦ
388 4225 584 4278 κύκλου
629 4224 1049 4295 λαμϐανομένων
1098 4225 1203 4277 τῶν
1249 4224 1641 4296 διαστημάτων.

99 4315 249 4369 Κατὰ
282 4319 375 4389 μὲν
400 4318 507 4390 γάρ
532 4317 869 4388 παράλληλον
887 4317 1101 4383 κύκλον,
1122 4320 1233 4373 ἴσον
1261 4322 1376 4373 ἐστὶ
1403 4320 1491 4374 διὰ
1516 4338 1644 4374 παν-

101 4406 185 4470 τὸς
219 4411 275 4462 τὸ
307 4411 410 4463 ἀπὸ
453 4410 550 4480 τῆς
595 4410 1037 4480 μεσουρανήσεως
1074 4410 1207 4481 πρὸς
1254 4412 1508 4482 ἀνατολὴν
1550 4415 1642 4467 καὶ
1674 4471 1682 4480 ,

100 4503 227 4572 πρὸς
256 4504 349 4575 τὴν
384 4503 528 4558 δύσιν
559 4504 847 4581 διάστημα.
883 4503 1039 4557 ’Όοεν
1082 4504 1174 4556 καὶ
1203 4503 1279 4574 τῷ
1322 4505 1451 4575 ἡλίῳ
1484 4523 1640 4577 φερο-

105 4595 241 4663 μένῳ
272 4594 387 4647 καϐ’
415 4596 646 4663 ἑκάστην
668 4595 880 4665 ἡμέραν
910 4594 999 4645 ἐπὶ
1027 4593 1237 4647 κύκλων
1267 4595 1640 4667 παραλλήλων,

103 4682 205 4737 ῐσον
231 4682 364 4740 εἶναι
394 4686 673 4757 συμϐαίνει
698 4687 784 4738 τὸν
814 4686 920 4739 ἀπὸ
951 4686 1051 4755 τῆς
1073 4688 1331 4757 ἀνατολῆς
1362 4689 1517 4758 μέχρι
1545 4691 1642 4761 τῆς

107 4780 535 4850 μεσουρανήισεως
566 4777 759 4847 δρόμον
798 4777 889 4830 τοῦ
936 4779 1041 4831 ἀπὸ
1076 4779 1173 4847 τῆς
1202 4781 1642 4850 μεσουρανήσεως

106 4867 251 4938 μέχρι
274 4870 488 4933 δύσεως.
536 4868 656 4921 Ἐπὶ
692 4869 747 4922 δὲ
778 4869 870 4923 τοῦ
903 4869 1166 4933 ζωδιακοῦ
1203 4870 1398 4923 κύκλου
1433 4871 1640 4941 λαμϐα-

102 4958 320 5025 νομένων
361 4961 467 5014 τῶν
513 4962 911 5032 διαστημάτων,
955 4963 1135 5015 ἄνισον
1164 4960 1299 5015 εἶναι
1332 4962 1640 5033 συμϐέϐηκε

106 5047 156 5098 τὸ
178 5050 277 5104 άπὸ
298 5054 393 5123 τῆς
426 5056 870 5123 μεσουρανήσεως
904 5053 1065 5125 μέχρι
1106 5058 1202 5126 τῆς
1237 5054 1492 5123 ἀνατολῆς
1521 5054 1637 5108 διά-

105 5152 269 5210 στημα
300 5143 374 5214 τῷ
398 5144 504 5197 ἀπὸ
530 5143 626 5213 τῆς
658 5148 1096 5217 μεσουρανήσεως
1129 5148 1282 5219 μέχρι
1314 5148 1409 5216 τῆς
1438 5146 1638 5211 δύσεως

105 5226 179 5282 διὰ
200 5233 289 5304 τὴν
318 5234 572 5305 λοξότητα
607 5234 698 5289 τοῦ
744 5235 1027 5299 ζωδιακοῦ.
1076 5239 1183 5290 Καὶ
1229 5239 1371 5291 ἐστιν
1407 5238 1494 5291 ὅτε
1530 5239 1636 5291 τῶν

106 5316 157 5381 ἒξ
184 5320 373 5384 ξωδίων
401 5326 507 5382 τῶν
538 5327 626 5381 διὰ
662 5328 857 5391 παντὸς
890 5328 1026 5401 ὑπὲρ
1054 5332 1155 5400 γῆν
1186 5330 1351 5385 ὄντων
1378 5331 1499 5401 τρία
1540 5333 1638 5402 μὲν

110 5411 189 5463 καὶ
223 5417 383 5487 ἣμισυ
437 5421 542 5473 ἀπὸ
585 5421 683 5491 τῆς
732 5422 1173 5491 μεσουρανήσεως
1210 5424 1345 5494 πρὸς
1378 5424 1636 5491 ἀνατολὴν

109 5499 539 5580 ἁπολαμϐάνεται,
566 5511 656 5566 δύο
682 5512 737 5567 δὲ
767 5513 860 5566 καὶ
883 5513 1049 5583 ἥμισυ
1078 5514 1211 5583 πρὸς
1237 5514 1403 5570 δύσιν.

183 5857 219 5893 ³³
249 5883 331 5937 7p.
354 5867 412 5923 δὲ
440 5867 749 5939 τετράγωνα
773 5866 1035 5943 καθάπερ.
1124 5932 1137 5955 θ

1759 3315 1853 3368 bra
1888 3330 2016 3369 vero
2046 3331 2146 3370 suo
2194 3320 2369 3387 primo
2412 3320 2585 3391 gradu
2625 3322 2791 3376 imum
2834 3323 2955 3377 coeli
2996 3324 3299 3393 occupabit.

1758 3402 1910 3459 Tunc
1942 3406 2083 3460 enim
2114 3409 2362 3478 ecliptica
2393 3412 2445 3465 in
2479 3420 2717 3481 quatuor
2746 3420 2925 3482 partes
2955 3418 3187 3483 aequales
3219 3414 3301 3469 di-

1754 3496 1956 3550 viditur
1988 3513 2019 3550 a
2046 3499 2247 3556 coluris
2285 3503 2505 3558 circulis
2534 3521 2546 3555 :
2580 3514 2639 3558 ut
2688 3505 3028 3561 intervallum
3072 3509 3300 3577 zodiaci,

1756 3590 1896 3656 quod
1926 3598 2009 3644 est
2039 3605 2067 3643 a
2108 3592 2285 3646 medio
2318 3594 2438 3648 coeli
2464 3596 2529 3649 ad
2561 3606 2761 3660 ortum,
2798 3599 2865 3652 sit
2903 3600 3104 3668 aequale
3137 3601 3301 3655 inter-

1752 3679 1894 3731 vallo
1922 3680 2153 3747 zodiaci,
2184 3684 2329 3752 quod
2379 3692 2461 3740 est
2492 3702 2521 3739 a
2568 3688 2745 3741 medio
2772 3690 2893 3743 coeli
2922 3691 2987 3743 ad
3012 3706 3297 3757 occasum;

1753 3777 2047 3841 utrumque
2076 3774 2219 3826 enim
2258 3774 2451 3827 horum
2488 3776 2891 3831 intervallorum
2922 3785 3025 3833 tria
3060 3782 3301 3835 continet

1752 3860 1924 3929 signa.
1958 3862 2028 3913 At
2080 3864 2135 3915 in
2184 3864 2409 3934 reliquis
2458 3866 2688 3921 statibus
2735 3868 2896 3937 hujus
2929 3871 3207 3938 quadrati,
3246 3879 3300 3926 et

1750 3952 1978 4005 aliorum
2027 3954 2573 4023 quadratorumrnon
2634 3960 2898 4030 contingit
2952 3962 3006 4014 in
3064 3970 3296 4031 quatuor

1749 4052 1929 4112 partes
1965 4047 2197 4113 aequales
2234 4048 2511 4101 zodiacum
2556 4048 2815 4103 circulum
2857 4050 3042 4105 dividi.
3064 4052 3139 4106 Ac
3169 4069 3297 4123 proo

1750 4143 1932 4203 pterea
1960 4135 2301 4190 intervallum
2327 4154 2357 4191 a
2378 4140 2553 4195 medio
2574 4141 2694 4194 coeli
2718 4140 2783 4194 ad
2817 4153 2992 4196 ortum
3028 4160 3131 4199 non
3154 4162 3292 4199 sem-

1749 4241 1845 4296 per
1872 4234 1954 4281 est
1977 4228 2181 4296 aequale
2204 4230 2487 4285 intervallo
2514 4246 2544 4285 a
2576 4233 2753 4288 medio
2776 4236 2901 4289 coeli
2930 4236 2993 4289 ad
3014 4252 3289 4303 occasum,

1750 4334 1871 4372 cum
1905 4319 2022 4373 haec
2056 4322 2359 4385 intervalla,
2394 4338 2487 4377 seu
2516 4341 2698 4390 arcus,
2733 4328 2787 4380 in
2818 4328 3040 4383 zodiaco
3072 4345 3294 4385 sumun-

1738 4419 1852 4466 tur.
1888 4413 1955 4465 At
1986 4414 2031 4467 si
2060 4413 2172 4468 hac
2198 4415 2477 4469 intervalla
2508 4418 2560 4470 in
2596 4419 2849 4487 parallelo
2879 4421 3058 4489 aliquo
3085 4422 3291 4478 circulo

1746 4515 2065 4569 sumuntur,
2099 4523 2311 4577 semper
2362 4508 2417 4561 id
2469 4510 2611 4577 quod
2659 4520 2795 4565 esta
2844 4514 3020 4567 medio
3052 4516 3290 4569 cadi-ad

1671 4594 1719 4653 D
1746 4607 1929 4653 ortum
1962 4606 2045 4657 est
2078 4601 2283 4669 aaqnale
2306 4599 2376 4662 ei,
2408 4600 2549 4668 quod
2592 4610 2674 4655 est
2697 4616 2725 4653 a
2748 4604 2923 4657 medio
2954 4606 3074 4659 coeli
3105 4607 3169 4659 ad
3201 4621 3291 4661 oc-

1742 4706 1955 4745 casum.
1999 4690 2153 4747 Uude
2188 4693 2245 4745 ﬁt
2276 4701 2356 4755 ut,
2388 4708 2510 4746 cum
2552 4692 2631 4747 sol
2658 4694 2894 4763 quotidie
2929 4698 2983 4750 in
3021 4700 3289 4768 parallelis

1745 4781 1972 4835 circulis
2000 4781 2224 4847 feratur,
2252 4782 2447 4837 habeat
2468 4799 2710 4847 cursum,
2738 4785 2829 4853 qui
2868 4796 2949 4841 est
2980 4792 3045 4843 ab
3075 4800 3194 4844 ortu
3220 4793 3288 4845 ad

1745 4870 1984 4925 medium
2024 4872 2167 4931 cceli,
2198 4875 2460 4943 aequalem
2491 4877 2539 4930 ei
2567 4877 2752 4932 cursui
2799 4878 2889 4949 qui
2945 4889 3026 4933 est
3053 4895 3082 4932 a
3113 4881 3287 4937 medio

1744 4964 1867 5017 ρωιὶ
1905 4980 2077 5033 usque
2111 4965 2178 5019 ad
2202 4981 2475 5023 occasum.
2513 4969 2644 5022 Cum
2671 4986 2797 5024 vero
2830 4972 2882 5023 in
2912 4972 3142 5025 zodiaeo
3176 4974 3289 5030 haec

1743 5056 2025 5110 intervalla
2060 5068 2367 5123 sumuntur,
2411 5061 2673 5132 contingit
2724 5070 2782 5115 ut
2823 5063 2874 5116 id
2920 5063 3283 5131 intervallum,

1742 5148 1886 5217 quod
1915 5156 1998 5203 est
2050 5164 2080 5202 a
2120 5150 2295 5204 medio
2326 5152 2448 5205 cmli
2480 5153 2545 5205 ad
2591 5164 2805 5216 ortum,
2838 5154 2907 5208 sit
2946 5155 3205 5224 inaequale
3235 5159 3285 5213 ei
3348 5181 3355 5184 ·

1746 5240 2055 5318 intervallo,
2090 5241 2229 5309 quod
2260 5251 2343 5296 est
2372 5259 2400 5296 a
2432 5244 2605 5298 medio
2653 5245 2773 5297 coeli
2806 5244 2870 5297 ad
2902 5260 3175 5318 occasum,
3205 5249 3286 5301 id-

1747 5312 1852 5398 que
1904 5339 2120 5400 propter
2152 5318 2525 5402 obliquitatem
2564 5335 2792 5399 zodiaci,
2827 5351 2889 5391 ac
2925 5316 3192 5393 interdum
3220 5356 3285 5394 ex

1744 5421 1850 5475 illis
1882 5436 1975 5477 sex
2007 5422 2197 5492 signis,
2238 5439 2356 5493 quze
2400 5440 2609 5494 semper
2651 5439 2774 5481 sunt
2826 5434 2987 5497 supta
3033 5422 3285 5483 horizon-

1742 5521 1872 5577 tem,
1902 5514 2029 5579 tria,
2074 5523 2126 5569 et
2174 5516 2455 5571 dimidium
2502 5534 2531 5570 a
2577 5520 2752 5574 medio
2796 5522 2916 5575 caeli
2969 5536 3158 5576 versus
3193 5535 3284 5574 or-

1742 5611 1858 5656 tum
1912 5604 2363 5677 intercipiuntur,
2404 5608 2509 5662 duo
2553 5616 2605 5663 et
2638 5610 2917 5665 dimidium
2953 5625 3140 5665 versus
3189 5626 3283 5666 oc-

1741 5711 1941 5751 casum.
