4042 6330
48 502 170 557 765

1079 502 1315 559 csum
1354 472 1722 556 ELEMENTA
1741 497 2242 577 Αδτιιοινοιιωι.

49 620 373 691 Λίγόκερῳ,
397 622 456 673 ὲν
478 620 534 673 δὲ
565 623 679 683 ταῖς
710 624 1037 692 χειμεριναῖς
1063 625 1287 692 τροπαῖς
1318 620 1614 682 νοτιὼτατος

1732 619 1965 674 solstitia
1999 618 2218 682 ﬁant‘in
2249 614 2619 685 Capricorno,
2650 614 2705 668 in
2742 610 2990 667 solstitiis
3022 622 3155 663 vero
3194 608 3273 663 lti-

55 710 282 777 γίνεται
321 710 348 761 ὀ
386 710 565 781 mucc-
601 711 687 764 διὰ
716 712 869 765 τοῦτο
909 712 1281 783 ὑπελάμϐανον
1315 711 1625 764 νοτιώτατον

49 800 380 853 ἀνατέλλειν
427 800 514 854 τὸν
544 803 882 873 Αἱγόκερων,
928 804 1022 856 καὶ
1066 803 1228 873 μηδὲν
1276 802 1399 855 ἄλλο
1442 801 1626 863 ζὼδιον

49 890 121 942 εκ
159 889 264 941 τοῦ
300 890 460 942 αὑτοῦ
489 892 649 944 τόπου
676 892 978 945 ἀνατέλλειν
1008 894 1098 946 καὶ
1126 892 1297 945 δύνειν
1327 892 1621 961 Αἰγόκερῳ.

50 978 175 1039 Τὰς
224 978 285 1030 δὲ
321 980 507 1059 λοιπὰς
536 981 791 1049 συζυγίας
822 983 1112 1047 ἐξετίθεντο
1147 982 1348 1045 οὕτως·
1380 982 1626 1051 Διδύμοις

28 1070 314 1134 Λέοντα,
372 1071 565 1141 Ταύρῳ
617 1072 922 1142 Παρθένον,
979 1074 1130 1143 Κριῷ
1183 1075 1382 1141 Ζυγὸν,
1432 1072 1625 1141 Ἰχθύσι

51 1159 357 1228 Σκορπίον,
385 1161 647 1230 ’Υδροχὸῳ
684 1162 936 1232 Τοξότην.
968 1164 1078 1232 Τὴν
1106 1164 1162 1215 δὲ
1190 1164 1438 1233 τοιαύτην
1468 1162 1625 1215 ἔκθε-

50 1260 142 1298 σιν
178 1248 459 1313 παντελῶς
480 1250 743 1321 διημαρτη
753 1251 915 1322 μένην
941 1247 1076 1304 εἶναι
1100 1252 1460 1321 συμϐέϐηκεν.
1490 1249 1624 1305 Οὔτε

52 1335 167 1405 γὰρ
201 1338 265 1389 ὲν
281 1338 383 1407 ὅλῳ
398 1338 475 1406 τῷ
504 1340 757 1409 Καρκίνῳ
782 1341 977 1408 τροπαὶ
997 1340 1227 1407 γίνονται
1242 1357 1255 1368 ο
1277 1339 1389 1392 ἀλλ’
1405 1339 1551 1391 ἐστιν
1566 1340 1623 1393 ἓν

50 1440 104 1475 τι
138 1429 369 1494 σημεῖον
396 1425 537 1495 λόγῳ
566 1426 850 1497 θεωρητὸν,
880 1428 963 1494 ἐφ’
1003 1419 1062 1479 οὗ
1106 1417 1393 1496 γενόμενος’
1414 1429 1441 1479 ὀ
1468 1428 1617 1498 ἥλιος

52 1513 157 1582 τὴν
207 1514 415 1584 τροπὴν
459 1518 704 1568 ποιεῖται.
740 1516 824 1568 Ἐν
871 1516 977 1587 γὰρ
1030 1516 1314 1585 στιγμιαίῳ
1364 1518 1533 1587 χρόνῳ
1567 1519 1621 1569 αἱ

53 1605 269 1672 τροπαὶ
285 1604 538 1672 γίνονται.
562 1606 632 1656 Τὸ
652 1604 705 1657 δὲ
728 1606 843 1658 ὅλον
869 1607 1328 1677 δωδεκατημόριον
1355 1607 1447 1659 τοῦ
1476 1609 1623 1679 Καρ-

55 1692 220 1742 κίνου
250 1692 447 1761 ὁμοίως
481 1696 650 1745 κεῖται
682 1697 792 1756 τοῖς
821 1695 1084 1763 Διδύμοις,
1115 1697 1207 1749 καὶ
1236 1697 1491 1767 ἑκάτερον
1528 1698 1625 1749 αύο

52 1780 169 1831 τῶν
209 1780 323 1832 ἴσον
352 1782 539 1850 ἀπέχει
584 1782 688 1834 ἀπὸ
724 1783 815 1834 τοῦ
856 1782 1063 1851 θερινοῦ
1095 1785 1350 1853 τροπικοῦ
1380 1786 1619 1854 σημείου,

54 1870 135 1920 Δι’
165 1871 238 1939 ἢν
263 1872 435 1923 αἰτίαν
469 1871 561 1924 καὶ
583 1871 648 1923 τὰ
687 1872 885 1941 μεγέθη
914 1870 1019 1922 τῶν
1048 1871 1267 1941 ἡμερῶν
1303 1873 1392 1925 καὶ
1420 1874 1623 1926 νυκτῶν

1690 694 1693 695 ν
1732 707 1914 762 bernis
1939 706 2174 761 maxime
2215 705 2477 759 australis
2508 703 2586 759 sol
2616 702 2709 756 tiat
2736 717 2751 753 :
2778 702 2848 755 ob
2882 700 2984 754 hoc
3014 697 3275 769 putabant

1710 800 1961 864 maxime
2015 797 2305 851 australem
2342 796 2474 849 oriri
2526 793 2932 864 Capricornum,
2971 799 3024 844 et
3067 787 3273 841 nullum

1729 888 1875 943 aliud
1902 889 2114 958 signum
2161 902 2226 941 ex
2271 888 2458 941 eodem
2508 886 2628 939 loco
2671 884 2825 944 oriri,
2858 891 2911 936 et
2940 882 2993 935 in
3027 879 3273 935 eumdem

1728 979 1904 1032 locum
1950 979 2199 1034 occidere
2240 993 2364 1033 cum
2412 976 2764 1045 Capricorno.
2792 974 3048 1041 Reliquas
3079 968 3274 1025 combi-

1728 1071 1975 1123 nationes
1996 1069 2076 1123 sic
2101 1068 2467 1139 exponebant,
2499 1068 2859 1120 attribuentes
2882 1062 3121 1131 Geminis
3151 1059 3274 1113 Leo-

1727 1175 1875 1223 nem,
1928 1160 2113 1214 Tauro
2150 1158 2447 1228 Virginem,
2503 1156 2677 1209 Arieti
2724 1155 2973 1215 Libram,
3024 1150 3272 1205 Piscibus

1730 1248 2035 1320 Scorpium,
2069 1251 2308 1319 Aquario
2347 1246 2719 1317 Sagittarium.
2768 1245 2836 1298 At
2864 1245 3024 1297 talem
3056 1239 3273 1309 exposi-

1728 1341 1923 1396 tionem
1970 1342 2193 1396 omnino
2244 1355 2365 1396 esse
2412 1352 2695 1394 erroneam
2748 1335 3031 1402 contingit.
3088 1331 3272 1399 Neque

1726 1434 1871 1488 enim
1904 1435 1958 1487 in
1988 1442 2104 1487 toto
2142 1434 2356 1487 Cancro
2403 1430 2637 1484 solstitia
2668 1426 2801 1487 ilunt
2828 1444 2839 1479 :
2874 1424 2966 1479 sed
2993 1430 3077 1477 cst
3102 1434 3270 1474 unum

1674 1518 1677 1527 ’
1726 1522 1997 1591 quoddam
2029 1524 2246 1593 signum
2275 1522 2487 1575 ratione
2524 1514 2949 1588 percipiendum,
2981 1514 3034 1566 in
3056 1526 3162 1579 quo
3190 1508 3273 1564 sol

1728 1612 1935 1680 positus
1963 1612 2256 1665 solstitium
2292 1610 2476 1665 ellicit.
2500 1608 2560 1662 In
2592 1614 2859 1661 momento
2896 1602 3040 1656 enim
3071 1610 3273 1668 tempo-

1726 1701 1803 1756 ris
1854 1701 2271 1761 cnnversiones,
2322 1701 2435 1754 sive
2479 1698 2715 1755 solstitia
2769 1696 2949 1749 ﬁunt:
2980 1694 3033 1745 at
3094 1696 3269 1743 totum

1728 1793 1936 1861 signum
1978 1791 2179 1846 Cancri
2230 1790 2498 1860 positione
2556 1790 2734 1843 simile
2783 1795 2867 1842 est
2916 1782 3183 1844 Geminis,
3217 1786 3271 1833 et

1729 1890 2015 1951 utrumque
2043 1897 2228 1936 eorum
2263 1880 2543 1950 aequaliter
2566 1877 2736 1931 distat
2762 1877 2829 1929 ab
2857 1876 3044 1929 aestivo
3070 1878 3269 1940 puncto

55 1962 151 2013 ῐσα
198 1963 349 2025 ἐστὶν
391 1963 447 2013 ὲν
487 1962 731 2032 Διδύμοις
768 1962 860 2014 καὶ
894 1965 951 2015 ἐν
989 1963 1272 2032 Καρκίνῳ·
1310 1962 1401 2015 καὶ
1432 1964 1487 2016 ὲν
1514 1968 1614 2025 τοῖς

1721 1974 1991 2029 solstitiali
2025 1987 2039 2025 :
2070 1973 2140 2027 ob
2186 1987 2346 2041 quam
2393 1984 2608 2024 causam
2662 1968 2824 2021 etiam
2873 1963 3270 2033 magnitudines

54 2049 449 2118 ῶροσκοπείοις
513 2053 567 2104 αἱ
622 2053 722 2104 ὑπὸ
775 2051 881 2103 τῶν
940 2053 1225 2121 γνωμόνων
1290 2054 1621 2125 γραφόμεναι

55 2142 324 2210 γραμμαὶ
378 2142 488 2194 ἴσον
538 2143 794 2212 ἀπέχουσι
837 2141 930 2193 τοῦ
984 2142 1192 2213 θερινοῢ
1237 2142 1491 2215 τροπικοῦ
1530 2161 1624 2213 ση-

59 2233 219 2301 μείου
246 2232 353 2303 (10)
382 2234 475 2287 καὶ
506 2235 563 2285 ὲν
590 2234 842 2304 Καρκίνῳ
868 2236 959 2287 καὶ
996 2237 1053 2287 ὲν
1081 2236 1345 2305 Διδύμοις.
1382 2236 1466 2301 Ἐξ
1511 2238 1621 2288 [σου

58 2322 170 2390 γὰρ
194 2324 397 2374 κεῖνται
421 2322 554 2393 πρὸς
571 2324 631 2375 τὸ
653 2323 856 2392 Θερινὸν
884 2328 1103 2394 σημεῖον
1128 2325 1196 2377 τὰ
1219 2325 1307 2377 δύο
1328 2326 1623 2397 δωδεκατη-

62 2408 253 2476 μόρια.
288 2407 447 2462 Ὅθεν
469 2412 560 2463 καὶ
599 2411 701 2463 ὑπὸ
730 2411 834 2463 τῶν
876 2412 1051 2464 αὐτῶν
1079 2414 1430 2483 παραλλήλων
1457 2417 1623 2483 ἐμπε-

62 2499 455 2579 ριλαμϐάνεται
480 2500 711 2563 κύκλων,
736 2501 822 2554 διά
847 2519 905 2554 τε
931 2502 1086 2554 τοῦτο
1121 2505 1185 2555 ἐκ
1216 2502 1309 2567 τοῦ
1347 2503 1506 2555 αὐτοῦ
1538 2505 1621 2556 τό·

61 2607 165 2641 που
216 2590 557 2643 ἀνατέλλουσι
610 2591 863 2661 Δίδυμοι,
936 2591 1209 2663 Καρκίνος
1233 2632 1254 2658 ,_
1303 2593 1501 2662 ὁμοίως
1560 2609 1619 2645 τε

64 2678 313 2733 δύνουσιν
341 2684 419 2746 είς
446 2681 537 2734 τὸν
568 2680 726 2734 αὑτὸν
752 2682 930 2735 τόπον.
1051 2702 1057 2707 ·
1240 2674 1243 2675 ν

144 2848 203 2901 '0
228 2850 284 2901 δὲ
311 2850 466 2913 αύτὸς
492 2852 645 2921 λόγος
673 2856 763 2907 καὶ
787 2854 878 2907 ἐπὶ
900 2853 993 2907 τοῦ
1023 2855 1317 2925 Αξγόκερω.
1351 2855 1485 2908 Οὔτε
1510 2855 1618 2926 γὰρ

65 2928 216 2998 (ὦτός
251 2940 363 2990 ἐστι
388 2940 701 3004 νοτιιίπατος
721 2960 733 2972 ο
767 2944 879 2995 ἀλλ’
910 2944 970 2995 ἓν
1000 2960 1051 2995 τι
1082 2947 1303 3013 σημεῖον
1330 2943 1467 3013 λόγῳ
1492 2944 1616 2997 θεω-

68 3027 227 3094 ρητόν
252 3043 266 3055 ο
310 3028 338 3080 δ
364 3031 541 3083 κοινόν
580 3034 692 3084 ἐστι
738 3032 835 3101 τῆς
867 3050 925 3085 τε
960 3032 1052 3115 τοῦ
1098 3033 1323 3097 Τοξότου
1366 3036 1615 3105 τελευτῆς

66 3115 157 3165 καὶ
190 3116 283 3185 τῆς
310 3118 399 3170 τοῦ
432 3119 710 3192 Δίγόκερω
755 3123 944 3192 ἀρχῆς.
977 3123 1065 3174 Διὸ
1098 3122 1154 3188 ἐξ
1184 3124 1294 3175 ἴσου
1337 3128 1507 3176 κεῖται
1536 3125 1614 3194 τῷ

66 3204 276 3278 τοξότῃ,
305 3210 395 3261 καὶ
420 3210 517 3279 τὴν
550 3212 717 3281 αὐτὴν
752 3214 1047 3266 ἀπόστασιν
1086 3214 1197 3283 ἔχει
1234 3214 1340 3266 ἀπὸ
1372 3215 1464 3268 τοῦ
1499 3230 1627 3285 χειει

1722 2064 1930 2117 dierum
1977 2073 2029 2118 et
2056 2064 2295 2116 noctium
2344 2061 2577 2130 aequales
2603 2066 2730 2111 sunt
2769 2057 2821 2108 in
2859 2053 3097 2107 Geminis
3126 2060 3178 2107 et
3212 2053 3267 2105 in

1721 2154 1931 2208 Cancro
1964 2172 1976 2205 :
2015 2162 2069 2207 et
2102 2152 2155 2205 in
2192 2155 2570 2206 instrumentis
2610 2147 2844 2203 borariis
2873 2146 3025 2198 liueat
3069 2158 3099 2195 a
3134 2158 3269 2211 gno-

1722 2245 1974 2299 monibus
2030 2228 2314 2311 descripta:
2373 2240 2649 2309 aequaliter
2700 2238 2902 2292 distant
2964 2234 3031 2287 ab
3078 2231 3265 2286 aestivo

1721 2342 1923 2403 puncto
1953 2334 2246 2395 solstitiali,
2278 2346 2401 2390 cum
2434 2332 2488 2383 in
2510 2330 2740 2390 Cancro,
2774 2335 2887 2379 tum
2917 2326 2970 2378 in
3000 2321 3262 2378 Geminis.

1719 2422 1853 2477 Nam
1880 2424 1948 2477 ad
1981 2423 2225 2477 aestivum
2255 2423 2357 2474 hoc
2388 2429 2649 2489 punctum
2692 2417 2947 2486 aequalem
2980 2413 3139 2467 situm
3176 2411 3267 2466 ha-

1718 2517 1844 2571 bent
1861 2517 1969 2570 hac
1986 2516 2095 2569 duo
2119 2515 2292 2583 signa.
2321 2511 2474 2566 Unde
2496 2513 2658 2566 etiam
2682 2510 2824 2563 inter
2852 2504 3067 2561 eosdem
3098 2504 3146 2573 ⁵1
3164 2503 3267 2557 eir-

1716 2607 1870 2659 culos
1894 2605 2183 2673 parallelos
2208 2609 2336 2656 sunt
2375 2603 2477 2655 sita
2500 2616 2514 2650 :
2550 2610 2601 2653 et
2629 2599 2699 2653 ob
2727 2599 2829 2651 hoc
2850 2612 2916 2650 ex
2938 2596 3123 2649 eodem
3144 2594 3264 2647 loco

1714 2689 1962 2762 oriuntur
1989 2689 2221 2753 Gemini,
2254 2688 2494 2751 Cancer,
2542 2686 2792 2740 similiter
2824 2691 2878 2738 et
2909 2683 3164 2737 occidunt
3205 2682 3261 2736 in

1714 2779 1961 2834 eumdem
1992 2778 2192 2832 locum.

1784 2868 1978 2923 Eadem
2007 2876 2089 2923 est
2112 2867 2245 2928 ratio
2271 2865 2430 2921 etiam
2463 2865 2515 2919 in
2537 2863 2882 2933 Capricorno.
2909 2860 3089 2931 Neque
3112 2861 3258 2915 enim

1722 2958 1811 3012 hic
1841 2966 1923 3011 est
1949 2960 2179 3009 maxime
2217 2956 2489 3019 australis,
2525 2953 2618 3009 sed
2664 2967 2826 3005 unum
2861 2951 3076 3020 aliquod
3119 2965 3259 3019 pun-

1712 3056 1859 3101 ctum
1888 3048 2097 3101 ratione
2132 3046 2554 3115 percipienilum,
2588 3044 2731 3114 quod
2763 3058 3049 3097 commune
3087 3052 3171 3097 est
3201 3047 3259 3098 et

1712 3137 1804 3190 ﬁni
1847 3135 2142 3206 Sagittarii,
2177 3145 2229 3190 et
2272 3136 2537 3204 principio
2572 3133 2885 3203 Capricorni
2926 3151 2938 3187 :
2986 3147 3146 3201 quam
3184 3130 3257 3186 ob

1714 3242 1934 3281 causam
1977 3226 2205 3280 similem
2261 3226 2423 3279 situm
2471 3224 2632 3277 habet
2685 3224 2806 3276 cum
2864 3222 3155 3293 Sagittario
3199 3228 3255 3275 et

70 3298 285 3365 μερινοῦ
307 3301 559 3370 τροπικοῦ
590 3302 829 3371 σημείου.
868 3304 1027 3355 Ὅθεν
1061 3305 1151 3356 καὶ
1177 3304 1243 3356 τὰ
1277 3305 1477 3375 μεγὲοη
1506 3305 1612 3358 τῶν

1710 3315 1947 3370 eamdem
1987 3315 2147 3370 habet
2186 3314 2494 3369 distantiam
2534 3313 2601 3366 ab
2644 3312 2867 3367 hiberno
2913 3290 3112 3381 puncto
3145 3312 3253 3367 scl-

67 3389 286 3457 ἡμερῶν
315 3391 405 3442 καὶ
431 3392 538 3444 τῶν
563 3394 770 3446 νυκτῶν
791 3394 860 3446 τὰ
881 3397 1016 3448 αὑτά
1041 3397 1186 3448 ἐστιν
1214 3398 1271 3449 ὲν
1302 3396 1377 3466 τῷ
1414 3397 1609 3469 Τοξότῃ

68 3477 156 3527 καὶ
177 3480 236 3530 ὲν
262 3477 335 3546 τῷ
372 3480 668 3551 Αἱγόκερῳ,
699 3482 788 3533 καὶ
817 3484 877 3535 τὸ
920 3485 1084 3553 ἄκρον
1126 3487 1218 3538 τοῦ
1254 3487 1523 3555 γνώμονος
1554 3488 1610 3539 ἐν

68 3568 172 3628 τοῖς
202 3568 508 3637 ὡρολογίοις
538 3571 633 3633 τὰς
658 3572 825 3635 αὐτὰς
856 3574 1053 3643 γράφει
1090 3576 1366 3646 γραμμὰς,
1391 3577 1482 3630 καὶ
1508 3576 1610 3629 ὑπὸ

69 3653 167 3707 τῶν
211 3658 383 3711 αὐτῶν
426 3661 779 3731 παραλλήλων
824 3663 1352 3732 ἐμπεριλαμϐάνεται
1399 3666 1608 3720 κύκλων

68 3747 131 3799 τὰ
150 3748 240 3803 δύο
264 3752 700 3827 δωδεκατημόρια
719 3755 810 3808 τοῦ
840 3756 1064 3818 Τοξότου
1095 3774 1153 3809 τε
1180 3760 1272 3809 καὶ⁵
1298 3760 1572 3829 Αἰγόκερω
1589 3774 1602 3787 ⁸

70 3838 155 3888 καὶ
182 3840 268 3893 διὰ
290 3842 441 3897 τοῦτο
474 3846 537 3899 ἐκ
560 3846 650 3897 τοῦ
680 3846 839 3899 αὐτοῦ
870 3848 1030 3900 τόπου
1061 3848 1357 3911 ἀνατέλλει,
1402 3850 1493 3900 καὶ
1528 3850 1606 3911 είς

70 3927 151 3978 τὸν
182 3932 338 3984 αὐτὸν
363 3933 525 3986 τόπον
549 3935 691 3987 δύνει
722 3934 949 4005 Τοξότης
976 3936 1067 3988 καὶ
1096 3937 1418 4005 Αίγόκερως.

149 4106 372 4174 ὐμοίως
397 4108 453 4160 δὲ
483 4110 576 4161 καὶ⁸
603 4110 698 4172 τὰς
728 4111 915 4174 λοιπὰς
952 4112 1207 4180 συζυγίας
1233 4114 1605 4184 διημαρτημέ-

74 4211 160 4258 νας
187 4193 319 4253 εἶναι
349 4199 702 4269 συμϐέϐηκεν.
730 4203 1103 4272 Ἐκδηλότατον
1132 4203 1186 4256 δὲ
1207 4205 1411 4271 γίνεται
1436 4204 1603 4273 ἁμάρ-

73 4301 211 4354 τημα
242 4290 365 4357 περὶ
400 4290 497 4360 τὴν
542 4292 797 4357 συζυγίαν
840 4292 931 4369 τοῦ
970 4292 1155 4362 Κριοῦ.
1201 4293 1603 4361 Ἀποφαίνονται

73 4376 173 4444 γὰρ
188 4378 323 4430 κατὰ
342 4379 595 4447 συζυγίαν
626 4381 809 4449 Κριὸν,
836 4380 1024 4447 Ζυγὸν,
1050 4381 1122 4443 ὼς
1145 4381 1345 4433 τούτων
1369 4380 1474 4433 τῶν
1504 4381 1603 4445 ζω-

74 4462 185 4515 δίων
208 4468 270 4519 ἐκ
297 4468 389 4520 τοῦ
422 4468 583 4521 αὐτοῦ
625 4471 787 4522 τόπου
822 4469 1227 4532 ἀνατελλόντων,
1259 4471 1351 4523 καὶ
1394 4474 1471 4534 είς
1511 4473 1600 4524 τὸν

1710 3405 1915 3461 stitiali.
1968 3403 2119 3459 Unde
2153 3406 2312 3460 etiam
2359 3401 2753 3472 magnitudines
2795 3400 3001 3455 dierum
3049 3410 3102 3454 et
3154 3414 3253 3453 no-

1708 3496 1874 3550 ctium
1925 3495 2122 3551 eadem
2172 3503 2299 3549 sunt
2345 3495 2399 3547 in
2442 3492 2729 3563 Sagittario
2784 3498 2837 3545 et
2873 3490 3247 3559 Capricorno:

1707 3592 1762 3637 et
1800 3585 2114 3636 extremitas
2168 3581 2451 3651 gnomonis
2499 3581 2554 3631 in
2606 3579 2980 3631 instrumentis
3018 3576 3252 3633 liorariis
3352 3624 3359 3651 κ

1704 3671 1919 3724 easdem
1945 3670 2203 3725 describit
2230 3669 2421 3732 lineas,
2449 3673 2502 3720 et
2530 3666 2673 3719 inter
2711 3664 2927 3719 eosdem
2966 3664 3248 3732 parallelcs

1703 3762 1934 3817 circulos
1981 3762 2084 3816 sita
2133 3769 2257 3815 sunt
2304 3760 2417 3812 haec
2467 3756 2574 3833 duo
2625 3756 3058 3811 dodecatemoria
3119 3771 3245 3810 cum

1707 3848 2000 3919 Sagittarii,
2038 3862 2154 3906 tum
2199 3846 2513 3918 Capricorni
2556 3865 2569 3900 :
2616 3854 2777 3916 atque
2807 3846 2875 3899 ob
2909 3847 3009 3899 hoc
3048 3860 3113 3899 ex
3152 3860 3244 3899 eo-

1702 3940 1820 3995 dem
1861 3942 1980 3994 loco
2016 3941 2283 4004 oriuntur,
2323 3947 2376 3993 et
2412 3939 2466 3991 in
2496 3938 2742 3992 eumdem
2783 3937 2960 3991 locum
2987 3936 3244 3991 occidunt

1703 4030 2048 4099 Sagittarius,
2080 4038 2132 4081 et
2159 4028 2541 4097 Capricornus.

1773 4120 2030 4174 Similiter
2072 4134 2200 4172 vero
2236 4126 2290 4171 et
2332 4120 2569 4186 reliquas
2614 4116 3043 4172 combinationes
3072 4116 3239 4181 ferro-

1704 4223 1835 4262 neas
1866 4222 1987 4262 esse
2014 4206 2293 4275 contingit.
2334 4204 2803 4265 Manifestissimus
2831 4203 2972 4255 cnim
3002 4200 3059 4253 iit
3086 4214 3240 4254 error

1698 4300 1753 4352 in
1779 4298 2178 4373 combinatione
2215 4298 2435 4351 Arietis.
2476 4295 2753 4350 Atlirmant
2790 4293 2928 4346 enim
2967 4291 3239 4345 combina-

1698 4391 1897 4446 tionem
1932 4391 2074 4444 inter
2110 4404 2168 4443 se
2193 4388 2390 4442 habere
2422 4387 2674 4447 Arietem,
2719 4392 2771 4440 et
2809 4383 3040 4443 Libram,
3084 4381 3239 4449 quasi

1697 4479 1810 4535 haec
1846 4482 1995 4551 signa
2035 4495 2100 4533 ex
2143 4478 2327 4533 eodem
2361 4478 2485 4531 loco
2509 4476 2771 4537 oriantur,
2809 4481 2861 4528 et
2903 4474 2955 4525 in
2991 4474 3237 4526 eumdem

74 4553 220 4657 αὐτὸν
255 4557 419 4620 Δτόπον
464 4558 741 4612 δυνόντων.
782 4560 918 4612 Ἀλλ’
961 4563 989 4612 ὁ
1038 4561 1133 4630 μὲν
1182 4561 1347 4630 Κριὸς
1395 4562 1598 4632 βόρειος

1710 4574 1874 4624 locum
1930 4568 2198 4623 occidant.
2262 4567 2423 4635 Atqui
2484 4566 2641 4621 Aries
2717 4563 2930 4632 quidem
3005 4560 3239 4617 borealis

75 4643 350 4710 ἀνατέλλει,
377 4648 467 4700 καὶ
495 4647 638 4699 δύνει
659 4663 672 4675 ⁸
703 4648 767 4699 ἐκ
792 4648 884 4701 τοῦ
913 4649 1017 4719 γὰρ
1063 4649 1371 4720 ἰσημερινοῦ
1402 4652 1595 4703 κύκλου

76 4734 199 4800 πρὸς
224 4737 451 4809 ἄρκτους
488 4741 662 4793 κεῖται
680 4753 694 4769 ·
723 4740 751 4791 ὁ
776 4739 832 4791 δὲ
874 4739 1041 4806 Ζυγὸς
1078 4740 1243 4803 νότιος
1285 4742 1557 4794 ἀνατέλλει
1580 4760 1593 4773 ·

78 4820 135 4873 ἐκ
151 4824 250 4896 γὰρ
276 4828 366 4881 τοῦ
402 4826 712 4900 ίσημερινοῦ
741 4822 1095 4900 κύκλου⁰πρὸς
1126 4831 1461 4900 μεσημϐρίαν
1489 4834 1598 4900 κεῖ-

79 4836 135 4873 ικ
151 4834 250 4896 γὰρ
276 4834 366 4881 τοῦ
402 4834 712 4900 ίσημερινοῦ
741 4834 1095 4900 κύκλου”πρὸς
1126 4834 1461 4900 μεσημϐρίαν
1489 4834 1595 4972 xei-

79 4929 179 4967 ται.
207 4918 325 4979 Πῶς
351 4917 443 4972 οὖν
469 4920 688 4973 δύναται
710 4918 875 4988 Κριὸς
897 4920 1051 4987 Ζυγῷ
1068 4918 1205 4971 κατὰ
1236 4915 1489 4987 συζυγίαν
1520 4938 1544 4971 ε
1570 4951 1595 4960 -

80 5018 184 5067 ναις
206 5008 264 5060 ὲκ
293 5009 558 5079 διαφόρων
590 5010 698 5081 γὰρ
734 5011 911 5062 τόπων
941 5009 1300 5072 ἁνατέλλουσι,
1326 5011 1520 5079 ὁμοίως
1543 5011 1596 5064 δὲ

82 5093 159 5143 καὶ
177 5092 425 5150 δύνουσιν.
456 5099 529 5150 Οὐ
561 5098 779 5152 δύναται
811 5100 865 5151 δὲ
896 5099 1063 5151 ταῦτα
1086 5098 1153 5150 τὰ
1181 5097 1339 5161 ζώδια
1364 5100 1466 5152 ὑπὸ
1492 5101 1595 5152 τῶν

81 5181 235 5243 αὐτῶν
261 5186 611 5257 παραλλήλων
647 5188 988 5258 περιέχεσθαι
1016 5188 1248 5241 κύκλων.
1290 5189 1513 5257 Ὁμοίως
1541 5191 1595 5242 δὲ

82 5269 183 5324 οὐδὲ
224 5278 275 5329 αι
310 5277 491 5331 λοιπαὶ
519 5277 769 5347 συζυγίαι
818 5281 1210 5350 συμφωνοῦσιν.
1246 5281 1595 5353 Ἠγνοήκασιν

83 5354 160 5411 οἷον
187 5364 247 5419 τὰ
291 5371 415 5439 περὶ
440 5371 538 5432 τὰς
579 5368 796 5440 πρώτας
836 5371 1025 5440 μοίρας
1075 5369 1447 5441 συμϐεϐηκότα
1486 5376 1595 5436 τοῖς

84 5451 201 5533 κατὰ
228 5457 483 5526 συζυγίας
504 5458 709 5522 ζωδίοις
738 5460 864 5527 περὶ
893 5462 988 5513 ὅλα
1007 5460 1073 5513 τὰ
1105 5461 1266 5524 ζώδια
1294 5464 1585 5533 ὲκθέμενοι.

84 5530 241 5609 Πολλῷ
260 5546 365 5616 γὰρ
390 5544 585 5616 μᾶλλον
609 5545 713 5601 ἔδει
742 5545 809 5599 τὰ
838 5546 977 5611 ὅλοις
1018 5549 1061 5579 ¹⁸
1088 5552 1197 5610 τοῖς
1222 5530 1588 5622 δωδεκαέημο-

148 5692 183 5725 ⁸⁸
204 5692 289 5765 Δγρ.
319 5699 437 5753 ὅλα.
520 5690 547 5761 \

147 5809 240 5884 (Id)
275 5818 440 5874 Abest
467 5832 568 5873 vox
604 5819 823 5887 σημείου
860 5833 889 5871 a
919 5818 1203 5875 veteribus.

1698 4660 1889 4724 oritur,
1948 4667 2002 4712 et
2070 4658 2290 4719 occidit,
2334 4672 2454 4709 nam
2514 4658 2582 4711 ab
2635 4652 2991 4722 atquinoctiali
3048 4665 3239 4706 versus

1696 4750 1912 4803 boream
1949 4749 2084 4801 situs
2126 4754 2227 4801 est.
2267 4747 2427 4801 Libra
2484 4761 2611 4800 vero
2653 4744 2908 4799 australis
2949 4743 3140 4804 oritur,
3182 4750 3235 4797 et

1696 4834 2014 4899 occidit,‘ab
2040 4835 2399 4904 aequinoctiali
2431 4834 2575 4887 enim
2607 4848 2796 4887 versus
2838 4830 3112 4883 meridiem
3152 4838 3235 4883 est

1696 4930 1819 4983 sita.
1856 4926 2135 4990 Quomodo
2170 4927 2332 4995 igitur
2365 4924 2518 4979 Aries
2566 4939 2687 4977 cum
2734 4922 2891 4974 Libra
2927 4925 3103 4987 potest
3137 4918 3234 4971 ha-

1696 5019 1819 5071 bere
1848 5015 2329 5069 combinationem?
2371 5014 2486 5067 haec
2525 5015 2666 5067 enim
2702 5012 2853 5079 signa
2900 5024 2964 5061 ex
3004 5007 3232 5062 diversis

1697 5108 1829 5160 locis
1875 5107 2141 5169 oriuntur,
2188 5112 2241 5158 et
2282 5104 2531 5159 similiter
2572 5105 2627 5158 in
2677 5103 2888 5155 diversa
2927 5100 3044 5153 loca
3086 5096 3233 5152 occi-

1695 5198 1846 5275 dunt.
1876 5196 1985 5251 Nec
2021 5205 2247 5265 possunt
2280 5196 2393 5251 haec
2432 5198 2581 5265 signa
2626 5192 2694 5246 ab
2731 5191 2920 5246 iisdem
2962 5187 3230 5259 parallelis

1696 5287 2095 5355 comprehendi.
2161 5286 2423 5339 Similiter
2470 5298 2645 5351 neque
2693 5283 2911 5351 reliquae
2955 5278 3231 5333 combina-

1694 5376 1867 5431 tioncs
1900 5377 2038 5431 bene
2068 5391 2126 5430 se
2157 5378 2374 5430 habent.
2401 5373 2519 5427 Non
2556 5372 2697 5427 enim
2737 5370 3228 5425 animadverterunt

1694 5473 1922 5533 veteres,
1976 5482 2035 5521 se
2093 5482 2177 5535 ea,
2238 5481 2356 5535 quae
2399 5474 2597 5517 tantum
2639 5463 2780 5516 circa
2807 5462 3004 5531 primas
3044 5464 3226 5530 partes

1695 5568 1882 5609 eorum
1917 5623 1923 5627 ,
1956 5557 2126 5629 signis
2194 5554 2594 5617 combinatoriis
2660 5553 3023 5623 contigerunt,
3095 5551 3225 5604 totis
