4100 6316
4024 149 4074 209 .,

809 407 908 465 767
1817 406 1903 461 AD
1941 405 2203 463 EUSEBII
2237 401 2626 464 CHRONLCON
2659 399 3020 456 APPENDIX.
3929 392 4023 446 763

807 526 982 597 signis
1031 525 1292 580 tribuere.
1361 524 1530 580 Multo
1588 526 1734 580 enim
1781 503 1954 598 magis
2029 529 2360 598 oportuisset

2466 523 2598 592 ρίοις
2647 519 3024 589 συμϐεϐηκότα
3072 517 3152 578 είς
3200 513 3516 584 αναγραφὴν
3547 530 3665 565 -και
3717 511 4020 582 παραγγέλ-

805 631 891 678 ea,
937 632 1056 684 quae
1098 617 1223 671 totis
1266 617 1435 686 signis
1472 618 1803 684 acciderunt,
1857 620 1925 674 ad
1956 619 2258 674 doctrinam
2307 629 2360 676 et

710 759 722 766 ,
807 719 1075 778 praecepta
1107 708 1326 764 referre.

885 798 1020 853 Sunt
1051 802 1211 870 igitur
1241 801 1536 856 secundum
1559 801 1846 855 veritatem
1880 817 1974 856 sex
2002 803 2358 858 combinatio-

809 905 908 944 nes
955 907 967 940 :
1015 888 1225 944 Gemini
1271 891 1508 956 Cancro,
1559 889 1774 945 Taurus
1821 891 2006 970 Leoni,
2042 894 2196 949 Aries
2235 893 2360 950 Vir-

808 982 940 1051 gini,
981 981 1164 1038 Pisces
1194 982 1387 1046 Librae,
1422 982 1694 1051 Aquarius
1719 983 1965 1055 Scorpio,
1997 986 2360 1056 Capricornus

811 1071 1122 1143 Sagittario.
1168 1073 1291 1128 Haec
1335 1073 1482 1129 enim
1514 1081 1567 1128 et
1593 1091 1656 1127 ex
1698 1077 1885 1129 eodem
1932 1078 2049 1132 loco
2084 1080 2356 1143 oriuntur,

807 1173 862 1220 et
888 1167 942 1217 in
973 1165 1220 1219 eumdem
1253 1165 1430 1219 locum
1465 1167 1743 1231 occidunt,
1777 1177 1832 1224 et
1861 1170 1929 1224 ab
1959 1171 2150 1224 iisdem
2192 1174 2362 1240 paral-

809 1255 932 1308 lelis
971 1256 1526 1323 comprehenduntur,
1565 1266 1619 1312 et
1659 1259 1889 1315 similem
1944 1261 2108 1315 situm
2161 1261 2362 1315 habent

811 1343 881 1396 ad
927 1346 1233 1399 solstitialia
1276 1357 1500 1416 puncta.
1544 1347 1601 1402 ln
1649 1349 1735 1403 his
1782 1351 1926 1404 enim
1965 1353 2361 1420 magnitudines

810 1432 1016 1486 dierum
1058 1442 1110 1488 et
1158 1437 1400 1491 noctium
1447 1439 1682 1506 aequales
1720 1445 1869 1502 sunt,
1903 1453 1957 1494 et
1991 1441 2361 1498 extremitates

811 1539 1136 1592 gnomonum
1185 1527 1238 1580 in
1277 1527 1650 1583 instrumentis
1686 1529 1918 1585 horariis
1945 1532 2162 1586 easdem
2193 1533 2364 1590 lineas

809 1615 1145 1670 describunt.

1423 1751 1647 1808 CAPUT
1685 1753 1747 1812 ll.

914 1860 985 1914 De
1020 1860 1184 1930 signis
1229 1877 1346 1931 qum
1395 1863 1560 1944 stellis
1606 1873 1735 1944 sunt
1765 1866 2036 1938 insignita,
2077 1885 2165 1944 seu
2197 1873 2264 1926 de
2380 1889 2431 1943 Β

1329 1935 1831 1991 constellationibus.

881 2042 1208 2099 Constellata
1240 2054 1388 2101 astra
1432 2049 1487 2102 in
1529 2056 1639 2104 tres
1679 2061 1860 2118 partes
1892 2053 2225 2111 dividuntur.
2255 2055 2362 2110 Eo-

814 2150 932 2188 rum
980 2135 1124 2189 enim
1170 2137 1414 2205 quaedam
1454 2140 1510 2192 in
1559 2137 1785 2198 zodiaco
1823 2144 2027 2198 circulo
2062 2154 2190 2199 sunt
2236 2148 2360 2211 sita,

813 2227 1060 2294 qumdam
1094 2226 1352 2281 dicuntur
1390 2229 1649 2295 borealia,
1689 2233 1932 2300 quaedam
1963 2244 2228 2291 vocantur
2268 2253 2364 2294 au-

814 2315 1023 2370 stralia.

886 2402 1014 2466 Quae
1041 2402 1205 2470 igitur
1234 2403 1287 2458 in
1311 2405 1532 2462 zodiaco
1567 2416 1864 2478 ponuntur,
1890 2425 1954 2466 ea
1990 2420 2118 2468 sunt
2156 2414 2360 2472 duode-

817 2491 920 2544 cim
969 2490 1416 2572 signa,Iquorum
1468 2498 1856 2567 appellationes
1907 2511 2064 2558 antea
2107 2503 2362 2564 diximus.

817 2579 876 2635 In
921 2582 1221 2643 duodecim,
1257 2595 1434 2641 autem
1480 2590 1649 2658 signis
1697 2594 1940 2660 quaedam
1984 2596 2158 2666 stellae
2193 2598 2366 2668 dignm

818 2673 1014 2729 habitae
1041 2685 1160 2730 sunt
1185 2678 1418 2747 propriis
1447 2682 1921 2749 appellationibus,
1956 2686 2119 2754 idque
2146 2699 2367 2758 propter

817 2762 1243 2833 signiﬁcationes
1285 2784 1422 2837 quas
1458 2769 1678 2826 habent.
1721 2772 1849 2827 Nam
1898 2775 1952 2828 in
1995 2776 2158 2833 dorso
2201 2779 2366 2833 Tauri

817 2855 1008 2923 posita:
1037 2859 1206 2913 stellas
1231 2875 1460 2916 numero
1489 2877 1582 2917 sex
1603 2873 1867 2917 vocantur
1894 2865 2152 2935 pleiades.

889 3039 951 3090 in
1001 3037 1181 3094 fronte
1221 3039 1385 3095 Tauri
1439 3044 1626 3114 positae
1673 3047 1839 3103 stellae
1868 3065 2094 3107 numero
2128 3053 2373 3123 quinque

823 3126 1183 3182 nominantur
1224 3130 1470 3201 hyades;
1528 3149 1646 3204 qua:
1692 3137 1848 3192 stella
1899 3141 2152 3210 praecedit
2202 3145 2365 3214 pedes

2461 628 2605 682 ματα
2638 613 2880 678 ἀγαγεῖν.

2527 809 2675 862 Είσὶν
2732 805 2824 862 οὖν
2879 827 2979 862 κατ
3055 809 3307 880 ἀλήθειαν
3366 806 3613 874 συςύγίαι
3661 804 3747 870 ἐξ.
3807 805 4016 872 Δίδυμοι

2457 901 2741 972 Καρκίνῳ,
2769 901 2978 971 Ταῦρος
3011 901 3197 955 Λέοντι
3218 941 3232 964 ,
3269 899 3434 970 Κριὸς
3474 896 3736 968 Παρθένῳ
3761 935 3777 958 ,
3827 894 4017 964 ἰχθύες

2456 992 2611 1061 Ζυγῷ
2637 1033 2651 1056 ,
2715 992 2995 1063 ’Υδροχόος
3047 994 3294 1063 Σκορπιῳ
3325 1030 3339 1052 ,
3401 989 3710 1058 Αίγόκερως
3767 986 3970 1055 Τοξότῃ
4003 1002 4018 1018 ·

2456 1083 2628 1135 ταῦτα
2652 1082 2760 1154 γὰρ
2785 1085 2877 1136 καὶ
2898 1085 2962 1136 ὲκ
2985 1082 3078 1136 τοῦ
3110 1082 3269 1136 αὑτοῦ
3297 1081 3460 1134 τόπου
3485 1078 3789 1141 ἀνατέλλει,
3828 1077 3924 1128 καὶ
3950 1077 4017 1134 εἰς

2457 1173 2550 1225 τὸν
2585 1172 2746 1230 αὑτὸν
2772 1173 2934 1225 τόπον
2962 1173 3126 1234 δύνει,
3161 1174 3254 1224 καὶ
3284 1173 3388 1224 ὑπὸ
3431 1172 3535 1224 τῶν
3581 1169 3762 1221 αὐτῶν
3795 1169 4017 1236 ἐμπερι-

2457 1259 2788 1330 λαμϐάνεται
2821 1259 3176 1329 παραλλήλων
3217 1257 3446 1318 κύκλων,
3479 1258 3568 1309 καὶ
3596 1254 3655 1319 ἐξ
3700 1257 3824 1308 ἴσου
3855 1258 4016 1306 κεῖται

2459 1351 2594 1422 πρὸς
2617 1351 2683 1404 τὰ
2706 1351 2938 1422 τροπικὰ
2971 1353 3187 1419 σημεῖα.
3235 1350 3320 1401 Ἐν
3346 1348 3551 1410 τούτοις
3574 1347 3677 1417 γὰρ
3709 1346 3783 1398 τὰ
3821 1343 4014 1413 μεγέθη

2457 1442 2566 1496 τῶν
2596 1441 2815 1514 ἡμερῶν
2846 1443 2938 1495 καὶ
2980 1442 3087 1492 τῶν
3123 1441 3328 1493 νυκτῶν
3370 1440 3475 1501 ίσα,
3506 1440 3597 1492 καὶ
3628 1437 3697 1490 τὰ
3744 1437 3899 1503 ἄκρα
3923 1435 4016 1485 τῶν

2457 1532 2747 1602 γνωμόνων
2798 1533 2856 1586 ὲν
2910 1533 3020 1594 τοῖς
3075 1529 3385 1601 ὼρολογίοις
3438 1528 3536 1592 τὰς
3589 1527 3767 1589 αὑτὰς
3829 1526 4018 1598 γράφει

2457 1624 2738 1694 γραμμάςι

2995 1753 3390 1807 ΚΕΦΑΛΑῙΟΝ
3419 1753 3491 1805 B'.

2634 1867 2772 1936 Περὶ
2808 1863 2926 1920 τῶν
2955 1863 3506 1933 κατηστερισμένων
3541 1864 3579 1893 ¹⁶
3603 1861 3851 1924 ζωδίωγ.

2531 2069 2611 2123 Td
2667 2067 3128 2140 κατηστερισμένα
3180 2068 3354 2138 ἄστρα
3409 2069 3692 2138 διαιρεῖται
3749 2069 3836 2129 εἰς
3888 2068 4012 2134 μέρη

2461 2159 2604 2230 τρία.
2648 2160 2714 2211 Ἀ
2760 2158 2859 2229 μὲν
2898 2156 3006 2227 γὰρ
3037 2157 3214 2210 αὐτῶν
3262 2158 3355 2210 ἐπὶ
3395 2156 3487 2209 τοῦ
3521 2156 3790 2220 ζωδιακοῦ
3828 2156 4010 2208 κύκλου

2462 2254 2662 2304 κεῖται·
2698 2251 2734 2304 ἀ
2772 2249 2829 2303 δὲ
2873 2249 3084 2317 λέγεται
3125 2248 3342 2320 βόρεια·
3390 2250 3426 2303 ἃ,
3457 2250 3512 2302 δὲ
3560 2247 4012 2318 προσαγορεύεται

2461 2339 2628 2393 νότια.
3429 2353 3436 2358 “
3533 2372 3536 2375 -

2531 2419 2620 2484 Τὰ⁷
2641 2432 2737 2501 μὲν
2770 2425 2861 2484 οὖν
2889 2432 2979 2484 ἐπὶ
3015 2429 3107 2484 τοῦ
3133 2429 3393 2494 ζωδιακοῦ
3427 2429 3621 2482 κύκλου
3652 2429 3892 2498 κείμενα
3913 2432 4011 2480 ἐστι

2461 2519 2528 2573 τὰ
2555 2519 2758 2572 δώδεκα
2800 2520 2982 2584 ζώδια,
3012 2513 3086 2572 ὧν
3127 2518 3225 2580 τάς
3267 2519 3558 2588 ὀνομασίας
3587 2521 4007 2588 προειρήκαμεν.

2463 2611 2572 2663 Καὶ
2601 2611 2657 2661 έν
2687 2611 2798 2672 τοῖς
2837 2608 3042 2663 δώδεκα
3096 2607 3302 2672 ζωδίοις
3330 2609 3473 2670 τινὲς
3510 2608 3758 2677 ἀστέρες,
3802 2607 3890 2659 διὰ
3926 2608 4014 2667 τὰς

2466 2698 2742 2760 ὲπάύτοῖς
2757 2697 3038 2765 γινομένας
3066 2694 3429 2764 ἐπισημασίας
3449 2732 3462 2756 ,
3497 2693 3624 2754 ίδίας
3652 2692 4011 2761 προσηγορίας

2465 2785 2750 2856 ἠξιωμένοι
2777 2785 2931 2838 είσίν.
2962 2782 3026 2839 Ol
3063 2785 3160 2853 μὲν
3182 2783 3288 2854 γὰρ
3321 2783 3412 2835 ἐπὶ
3448 2781 3540 2834 τοῦ
3567 2781 3783 2852 Ταύρου
3816 2781 3907 2831 ἐπὶ
3927 2777 4010 2828 τοῦ

2465 2875 2631 2928 νώτου
2656 2874 2819 2928 αὐτοῦ
2838 2875 3075 2944 κείμενοι
3091 2874 3311 2944 ἀστέρες
3327 2872 3416 2925 τὸν
3440 2871 3669 2943 ἀριθμὸν
3694 2870 3774 2934 ἒξ,
3804 2867 4009 2923 καλοῦν-

2465 2981 2554 3018 ται
2587 2962 2853 3026 πλειάδες.

2493 3095 2501 3102 .
2535 3057 2599 3111 Οἱ
2619 3056 2674 3109 δὲ
2699 3058 2789 3110 ἐπὶ
2816 3055 2908 3109 τοῦ
2933 3055 3227 3126 βοαράνου
3250 3052 3342 3107 τοῦ
3370 3052 3582 3122 Ταύρου
3601 3051 3846 3120 κείμενοι
3870 3050 4008 3102 ἀστέ-
4072 3101 4073 3133 1

2471 3162 2560 3215 ρες
2589 3146 2680 3198 τὸν
2718 3145 2946 3216 ἀριθμὸν
2989 3146 3169 3206 πέντε,
3210 3142 3492 3197 καλοῦνται
3523 3141 3676 3203 ὑάδες
3696 3157 3710 3170 ο
3742 3144 3772 3193 ὁ
3805 3141 3862 3192 δὲ
3892 3157 4006 3209 upo-

763 3226 777 3233 ’
822 3215 1190 3283 Geminorum,
1224 3229 1447 3274 vocatur
1479 3237 1717 3292 propus;
1749 3241 1869 3294 quae
1901 3243 2029 3284 vero
2073 3231 2128 3284 in
2161 3231 2366 3288 Cancro

2466 3235 2598 3305 ηγού
2607 3215 2764 3306 μενος
2790 3235 2897 3288 τῶν
2929 3235 3102 3288 ποδῶν
3129 3234 3236 3286 τῶν
3260 3233 3502 3302 Διδύμων
3528 3232 3721 3300 ἀστὴρ,
3752 3247 4006 3300 προσαγο-

775 3299 1099 3362 Δτιεὺιιιοειε
1156 3311 1430 3366 stellarum
1481 3317 1889 3384 congregationi
1951 3320 2158 3377 similes
2214 3333 2363 3389 sunt,

820 3407 1088 3452 vocantur
1131 3402 1418 3470 praisepe’;
1449 3404 1568 3460 duae
1608 3409 1775 3462 stella:
1811 3413 2039 3481 praasepi
2064 3414 2252 3471 vicinae
2274 3432 2368 3471 vo—

821 3493 1016 3539 cantur
1037 3488 1207 3554 asini;
1231 3491 1384 3544 stella
1419 3491 1614 3565 lucida,
1645 3511 1766 3565 qua
1786 3505 1870 3553 est
1898 3499 1951 3552 in
1978 3502 2141 3556 corde
2173 3502 2368 3562 Leonis

824 3577 949 3640 sita,
992 3582 1328 3647 cognominis
1372 3584 1448 3637 illi
1493 3586 1634 3653 loco,
1672 3589 1727 3642 in
1763 3607 1868 3661 quo
1911 3595 2085 3662 posita
2133 3605 2234 3661 est,
2275 3615 2370 3654 cor

827 3665 1022 3723 Leonis
1071 3673 1395 3740 appellatur,
1447 3677 1516 3730 ab
1566 3680 1838 3749 aliquibus
1898 3685 2210 3754 basiliscus,
2273 3708 2368 3747 seu

827 3758 1044 3825 regulus
1093 3761 1439 3829 nominatur;
1482 3779 1546 3820 eo
1589 3769 1732 3837 quod
1775 3771 1831 3824 hi
1893 3774 1985 3841 qui
2045 3776 2189 3832 circa
2228 3780 2370 3837 hunc

829 3847 1008 3902 locum
1044 3862 1364 3919 nascuntur,
1398 3857 1598 3928 regiam
1630 3860 1916 3918 videantur
1944 3865 2142 3926 habere
2171 3873 2370 3931 nativi-

827 3945 1015 3993 tatem.

902 4029 964 4122 At
990 4032 1141 4085 stella
1167 4035 1463 4101 splendida,
1484 4054 1605 4107 quae
1630 4039 1684 4094 in
1707 4042 1928 4098 sinistra
1950 4061 2113 4103 manu
2138 4048 2373 4122 Virginis

829 4118 1064 4184 ponitur,
1111 4122 1256 4189 spica
1292 4133 1516 4179 vocatur
1562 4147 1574 4180 :
1618 4136 1672 4181 at
1709 4145 1772 4184 ea
1808 4136 2040 4204 stellula,
2073 4155 2192 4208 quae
2230 4118 2372 4210 apud

829 4208 1073 4262 dextram
1102 4210 1339 4278 Virginis
1366 4217 1505 4270 alam
1535 4221 1775 4287 ponitur,
1806 4225 2166 4284 vindemiator
2194 4208 2374 4303 appel-

830 4297 993 4363 latur,
1021 4307 1252 4368 quatuor
1283 4306 1467 4369 stellae,
1505 4324 1624 4377 quae
1651 4311 1703 4364 in
1733 4321 1973 4371 extrema
2001 4317 2188 4375 dextra
2214 4297 2373 4379 manu

831 4386 1057 4458 Aquarii
1083 4400 1211 4445 sunt
1243 4394 1380 4461 sitae,
1399 4401 1746 4455 nominantur
1767 4419 1922 4460 urna.

2476 3327 2686 3398 ρεύεται
2715 3327 2992 3398 πρόπουςο
3023 3327 3072 3380 οί
3109 3327 3165 3380 δὲ
3197 3329 3254 3379 ἐν
3297 3324 3372 3395 τῷ
3413 3324 3668 3394 Καρκίνῳ
3707 3319 4006 3390 νεφελοειᾱι
4070 3375 4071 3384 γ

2474 3421 2742 3488 συστροφῇ
2776 3419 3007 3481 ἐοικότες
3028 3457 3043 3482 ,
3073 3416 3358 3470 καλοῦνται
3392 3416 3566 3486 φάτνη
3591 3432 3604 3444 ·
3628 3416 3677 3466 οί
3712 3413 3772 3466 δὲ
3802 3412 4004 3480 πλησίον

2473 3507 2642 3576 αὐτῆς
2672 3507 2764 3561 δύο
2794 3508 3016 3578 ἀστέρες
3065 3508 3324 3578 κείμενοι,
3350 3507 3459 3559 δνοι
3506 3505 3996 3575 προσαγορεύονται.

2484 3599 2542 3651 Ὀ
2572 3599 2629 3652 δὲ
2655 3601 2712 3653 ὲν
2741 3602 2806 3671 τῇ
2838 3599 3031 3670 καρδίᾳ⁸
3053 3597 3146 3652 τοῦ
3174 3599 3394 3659 Λέοντος
3419 3597 3664 3667 κείμενος
3696 3595 3873 3664 ἀστὴρ
3894 3593 4002 3660 lupa

2474 3690 2942 3761 πρὸς,ὁμωνύμως
2961 3689 3038 3760 τῷ
3066 3689 3232 3759 τόπῳ,
3256 3687 3338 3756 ἐφ’
3365 3681 3408 3754 ᾧ
3433 3689 3624 3746 κεῖται,
3646 3685 3844 3756 καρδία
3869 3685 3999 3736 Λέον-

2473 3799 2563 3845 τος
2591 3781 3064 3853 προσαγορεύεται,
3095 3780 3200 3833 ὑπὸ
3230 3778 3285 3831 δέ
3312 3795 3469 3831 τινων
3501 3775 3812 3846 βασιλίσκος
3846 3774 3998 3825 καὶεῖ-

2473 3890 2561 3926 ται
2585 3889 2598 3902 ·
2633 3874 2713 3925 ὅτι
2750 3873 2993 3931 δοκοῦσιν
3021 3874 3068 3924 οἱ
3095 3871 3219 3941 περὶ
3244 3868 3334 3923 τὸν
3359 3869 3519 3920 τόπον
3549 3867 3736 3920 τοῦτον
3763 3867 3997 3933 γεννώμεο
4066 3865 4067 3890 ³

2475 3979 2554 4014 νοι
2583 3961 2852 4031 βασιλικὸν
2895 3961 3034 4030 ἔχειν
3059 3960 3118 4011 τὺ
3147 3957 3432 4026 γενέθλιον.

2557 4055 2610 4106 '0
2641 4053 2699 4107 δὲ
2731 4055 2790 4107 ὲν
2835 4053 2981 4124 ἄκρᾳ
3020 4055 3087 4122 τῇ
3138 4052 3397 4122 ἀριστερᾷ
3439 4048 3580 4118 χειρὶ
3620 4046 3725 4116 τῆς
3753 4045 3994 4114 Παρθένου

2477 4144 2721 4213 κείμενος
2747 4143 2992 4212 λαμπρὸς
3022 4143 3215 4212 ἀστὴρ,
3249 4141 3445 4209 στάχυς
3474 4136 3947 4208 προσαγορεύεται·
3973 4135 3994 4183 ὁ

2476 4235 2533 4287 δὲ
2567 4234 2714 4305 παρὰ
2751 4233 2848 4303 τὴν
2876 4232 3050 4296 δεξιὰν
3073 4233 3170 4301 τῆς
3205 4229 3478 4302 Παρθένου
3511 4227 3756 4298 πτέρυγα
3783 4227 3991 4294 κείμενος

2478 4325 2813 4394 ἀστερίσκος,
2835 4322 3214 4416 προτρυγητὴρ
3247 4317 3564 4416 ὀνομάζεται
3588 4336 3600 4347 ·
3620 4319 3679 4416 ὀἱ
3714 4318 3773 4370 δὲ
3801 4318 3854 4369 ὲν
3877 4318 3994 4416 exp-st
4062 4371 4063 4397 ξ

2479 4416 2541 4484 τῇ
2572 4414 2716 4484 δεξιᾷ
2741 4406 3134 4483 χειρῗκείμενοι
3161 4410 3252 4464 τοῦ
3277 4409 3552 4480 ’Υδροχόου
3576 4409 3835 4480 τέσσαρες
3868 4406 3992 4460 ἀστέ-

2482 4521 2592 4575 ρες,
2629 4505 2850 4566 κάλπεις
2880 4503 3184 4557 καλοῦνται.

899 4564 1077 4620 Stella:
1115 4586 1233 4640 quae
1277 4572 1343 4627 ab
1379 4579 1643 4633 extremis
1672 4583 1922 4649 partibus
1966 4585 2201 4643 Piscium
2241 4605 2369 4646 con-

2482 4564 2493 4575 .
2547 4564 2608 4644 Cl
2645 4592 2699 4644 δὲ
2745 4564 2849 4645 ἀπο
2885 4590 2993 4644 τῶν
3025 4591 3254 4660 οὐραίων
3294 4589 3472 4660 μερῶν
3509 4587 3616 4641 τῶν
3647 4588 3841 4658 ἰχθύων
3879 4582 3990 4637 κατά
4060 4619 4061 4649 γ

833 4653 987 4707 tinuo
1018 4668 1142 4711 sunt
1184 4664 1389 4728 posita),
1431 4668 1765 4736 appellantur
1806 4675 1979 4731 lineae.
2028 4676 2164 4732 Sunt
2203 4690 2381 4738 autem

835 4745 889 4798 in
917 4751 1137 4803 australi
1173 4753 1313 4808 linea
1340 4759 1506 4813 stellae
1530 4777 1743 4826 novem,
1775 4765 1830 4817 in
1862 4767 2022 4822 borea
2050 4771 2189 4825 linea
2217 4775 2381 4829 stella:

835 4836 1092 4923 quinque,
1143 4843 1298 4896 stella
1349 4861 1476 4901 vero
1532 4851 1835 4918 splendida,
1881 4869 2000 4923 quae
2045 4857 2098 4910 in
2142 4868 2378 4916 extrema

834 4922 974 4978 linea
1009 4934 1244 4997 ponitur,
1272 4934 1445 4990 nodus
1470 4942 1789 5008 appellatur.

908 5098 1149 5158 Borealia
1183 5126 1310 5165 vero
1356 5115 1506 5184 signa
1557 5127 1712 5182 sunt,
1758 5137 1875 5189 quae
1911 5134 2063 5179 extra
2106 5128 2380 5184 zodiacum

837 5189 1102 5249 circulum
1139 5215 1329 5256 versus
1359 5205 1524 5260 Ursas
1576 5209 1680 5263 sita
1736 5219 1880 5265 sunt.
1935 5214 2000 5268 Et
2047 5229 2174 5273 sunt
2223 5220 2381 5274 hac:

933 5355 977 5388 ¹⁶
1001 5374 1090 5424 πρ.
1131 5360 1653 5430 κατεστηριγμένων.

916 5508 1027 5579 (ll)
1055 5515 1259 5579 Βόρεια
1285 5513 1350 5565 δέ
1389 5514 1576 5568 ἐστιν.
1624 5514 1972 5577 Asterismos,
2002 5516 2249 5570 stellasve
2296 5519 2393 5571 bo-

850 5579 1042 5652 reales.
1077 5584 1158 5635 vel
1198 5585 1484 5647 australes,
1513 5593 1793 5652 percenset
1816 5586 2026 5638 ratione
2053 5586 2256 5638 zodiaci
2286 5587 2394 5639 cir—

852 5647 991 5723 culi,_
1017 5665 1125 5703 non
1161 5647 1576 5723 aequinoctialis,
1608 5670 1672 5707 ex
1706 5669 1818 5722 quo
1850 5654 2158 5707 conﬁrmari
2192 5663 2392 5723 potest,

850 5717 992 5786 quod
1034 5717 1239 5774 contra
1263 5721 1593 5790 Scaligerum
1641 5717 1925 5779 docuimus
1959 5723 2116 5795 .libro
2155 5717 2236 5788 ui,
2271 5717 2394 5780 ante

2483 4683 2542 4734 τὸ
2565 4679 2688 4750 ἑξῆς
2703 4681 2938 4751 κείμενοι
2962 4680 3204 4749 ἀστέρες,
3229 4679 3361 4732 λίνοι
3383 4677 3881 4750 προσαγορεύονται.
3898 4672 3991 4726 Elui

2482 4773 2538 4824 δὲ
2583 4773 2638 4825 έν
2686 4771 2782 4842 μὲν
2823 4771 2900 4842 τῷ
2941 4772 3095 4841 νοτίῳ
3132 4765 3260 4840 λίνῳ
3299 4768 3526 4839 ἀστέρες
3563 4767 3739 4830 ἐννέα,
3778 4769 3832 4820 ἐν
3861 4759 3986 4828 δὲτῷ

2484 4862 2688 4933 βορείῳ-
2704 4862 2830 4932 λίνῳ
2859 4861 3079 4932 ἀστέρες
3108 4861 3289 4914 πέντε.
3329 4859 3387 4911 '0
3419 4855 3477 4912 ’δὲ
3520 4861 3578 4912 ὲν
3616 4859 3775 4929 ἄκρῳ
3801 4857 3870 4926 τῷ
3887 4855 3987 4917 λίνῳ
4058 4869 4059 4903 λ

2483 4953 2726 5022 κείμενος
2767 4952 3016 5024 λαμπρὸς
3065 4950 3260 5022 ἀστὴρ,
3291 4948 3580 5012 σύνδεσμος
3633 4942 3984 5020 προσαγορεῦε⁴
4055 4965 4057 5006 i

2482 5059 2590 5095 ται.

2557 5131 2751 5201 Βόρεια
2778 5132 2835 5185 δέ
2861 5132 3005 5183 ἐστιν
3031 5127 3162 5198 (ll),
3195 5129 3295 5183 ὅσα
3335 5127 3429 5182 τοῦ
3458 5127 3563 5196 τῷν
3592 5127 3795 5190 cassz
3828 5120 3994 5176 κύκλον.
4049 5127 4057 5201 Ι]

2479 5222 2623 5292 ’πρὸς
2653 5223 2883 5293 ἄρκτους
2911 5223 3101 5276 κεῖται.
3139 5218 3294 5275 Ἔστι
3328 5219 3390 5278 δὲ,
3413 5217 3566 5277 τάδε·
3597 5218 3632 5287 ἡ
3658 5215 3856 5287 μεγάλη
3881 5214 3981 5280 ’Δρ-

2505 5516 3072 5593 Iitolemzeilempora,
3093 5530 3436 5593 astronomos
3460 5523 3517 5579 in
3549 5518 3965 5593 stellarnmlalilu-

2506 5587 2722 5662 dinibus
2753 5587 3108 5662 designandis
3148 5608 3255 5662 non
3287 5592 3460 5648 solum
3504 5589 3875 5662 mquinoctialis
3903 5587 3976 5637 rir-
4024 5587 4030 5638 ξ

2509 5657 2613 5712 culi
2634 5698 2648 5725 ,
2679 5658 2770 5714 sed
2799 5657 2959 5716 etiam
2985 5661 3189 5716 zodiaci
3227 5663 3487 5720 rationem
3515 5657 3753 5718 duxisse.
4032 5657 4036 5701 ἶ
