4042 6330
99 413 212 468 773

1145 395 1377 468 GEMINI
1413 409 1778 479 meum“
1815 410 2302 469 asrnououmc.

3177 406 3287 470 ¹’174

94 525 254 596 ἥλιος
293 525 590 595 θεωρεῖται,
617 523 730 579 ἀλλ’
755 525 864 586 ,ἐπὶ
903 524 973 578 τὰ
1010 527 1170 612 ἕτερα
1224 528 1360 598 μέρη
1402 526 1634 597 τρέπετα

1757 527 1899 598 plius
1936 527 2188 586 cernitur,
2223 529 2304 582 sol
2344 542 2534 583 versus
2563 525 2838 582 meridiem
2878 525 3148 592 accedere,
3185 530 3284 605 sed

97 615 198 667 τοῦ
226 613 424 683 κόσμου
444 629 457 641 ·
492 611 558 664 δι’
589 611 618 664 6
648 611 902 682 κέκληται
943 612 1035 666 καὶ
1065 606 1216 674 οὗτος
1241 613 1510 683 τροπικός.

183 785 568 855 Ἀνταρκτικὸς
592 785 647 837 δέ
685 787 800 838 ἐστι
828 785 1024 849 κύκλος
1049 788 1160 848 ῐσος
1190 786 1284 838 καὶ
1311 767 1650 856 παράλληλος

93 876 178 946 τῷ
211 876 475 947 ἀρκτικῷ,
507 877 598 929 καὶ
627 879 994 947 ἐφαπτόμενος
1027 876 1117 930 τοῦ
1145 877 1413 948 ὁρίζοντος
1443 877 1560 930 καθ’
1591 876 1650 928 ἓν

96 972 349 1038 σημεῖον,
381 969 473 1022 καὶ
516 969 632 1032 ὅλος
664 969 768 1020 ὑπὸ
797 970 898 1038 γῆν
925 968 1436 1039 ἀπολαμϐανόμενος
1455 985 1467 997 ·
1508 970 1566 1020 ὲν
1604 962 1649 1034 ᾧ

91 1061 165 1112 τὰ
214 1062 443 1132 κείμενα
502 1060 608 1114 τῶν
651 1060 859 1131 ἄστρων
923 1061 1008 1115 διὰ
1075 1061 1271 1124 παντὸς
1323 1062 1456 1130 ἡμῖν
1503 1061 1649 1112 ἐστιν

67 1172 70 1174 ·
93 1147 327 1219 ἀόρατα.
406 1146 410 1149 ”
429 1134 492 1150 ﬁ
765 1146 767 1149 ’

175 1239 292 1290 [ὧν
316 1239 373 1292 δὲ
405 1239 807 1309 προειρημένων
833 1238 941 1311 (16)
971 1239 1126 1293 πέντε
1156 1239 1364 1292 κύκλων
1397 1240 1646 1310 μέγιστος

95 1326 200 1399 μὲν
228 1330 258 1380 ό
285 1327 605 1398 ἰσημερινός⁸
627 1326 751 1396 ἑξῆς
778 1327 832 1378 δὲ
859 1329 969 1387 τοῖς
996 1324 1276 1394 μεγέθεσιν
1301 1326 1349 1376 οἱ
1375 1325 1664 1396 τροπικοί·“·

91 1415 366 1484 ἰλάχιστοι
402 1415 456 1468 δὲ
487 1417 561 1477 ὡς
598 1415 730 1485 πρὸς
769 1414 1037 1484 ἡμετέραν
1067 1415 1272 1483 οἴκησιν
1299 1414 1348 1465 oi
1377 1413 1642 1483 ἀρκτικοί.

160 1509 398 1572 Τούτους
440 1508 495 1560 δὲ
529 1508 650 1570 τοὺς
692 1507 918 1568 κύκλους
953 1505 1032 1556 δεῖ
1059 1507 1196 1556 νοεῖν
1226 1504 1479 1566 ἀπλατεῖς
1505 1503 1646 1573 λόγῳ

92 1599 422 1670 θεωρητοὺς,
457 1600 520 1650 ὲκ
551 1599 645 1668 τῆς
665 1599 768 1650 τῶν
800 1598 1007 1666 ἄστρων
1039 1594 1254 1657 θέσεως,
1285 1597 1376 1647 καὶ
1404 1596 1503 1664 τῆς
1537 1596 1643 1649 τῶν

89 1691 361 1761 διόπτρων
390 1689 636 1760 θεωρίας,
677 1689 767 1740 καὶ
795 1689 891 1757 τῆς
922 1688 1191 1757 ἡμετέρας
1216 1688 1450 1748 ὲπινοίας
1469 1687 1645 1739 διατυ-

89 1780 414 1850 πουμένους.
433 1781 604 1841 Μόνος
632 1779 736 1850 γὰρ
765 1782 821 1831 ἐν
849 1778 926 1848 τῷ
951 1781 1136 1850 κόσμῳ
1165 1779 1356 1841 κύκλος
1377 1778 1490 1830 ἐστὶ
1513 1778 1642 1830 θεω-

1754 609 1950 672 rursus
1998 616 2066 669 ad
2120 617 2393 684 oppositas
2456 614 2644 670 mundi
2692 621 2888 684 partes
2917 601 3283 680 convertitur,

1747 706 1976 775 ideoque
2004 706 2184 761 dictus
2207 713 2290 761 est
2325 707 2412 760 nic
2436 705 2675 760 circulus
2702 705 2962 775 trapicus.

1813 794 2164 851 Antarcticus
2205 781 2442 850 circulus
2490 805 2573 851 est
2620 797 2844 864 aequalis
2889 802 2943 850 et
2959 787 3284 865 ‘parallelus

1745 885 1949 938 circulo
1983 887 2204 948 arctieo,
2242 893 2297 940 et
2325 886 2590 955 attingens
2627 885 2957 940 horizontem
2984 887 3281 957 inpuncto,

1745 975 1999 1044 totusque
2037 974 2180 1028 infra
2227 983 2428 1029 terram
2480 976 2825 1044 deSumptus;
2869 977 2927 1031 in
2969 993 3081 1046 quo
3108 980 3285 1048 posita

1747 1071 1891 1118 astra
1920 1079 2134 1133 semper
2163 1064 2322 1118 nobis
2355 1073 2484 1119 sunt
2508 1065 2819 1120 invisibilia.

1815 1216 1960 1270 lnter
2001 1215 2238 1271 circulos
2285 1215 2570 1285 praedictos
2605 1217 2874 1274 maximus
2918 1225 3000 1274 est
3040 1219 3283 1289 aequino—

1744 1307 1958 1372 ctialis;
1996 1306 2227 1375 proximi
2252 1306 2430 1375 quoad
2465 1307 2859 1376 magnitudines
2903 1303 3028 1364 sunt
3052 1309 3242 1378 tropici
3273 1324 3282 1338 ·

1745 1399 1954 1451 minimi
1975 1412 2125 1460 vero,
2155 1395 2332 1465 quoad
2363 1406 2603 1451 nostram
2628 1397 3035 1463 habitationem,
3069 1400 3255 1452 arctici

1813 1487 1924 1543 llos
1951 1497 2129 1543 autem
2163 1490 2416 1551 circulos,
2446 1505 2567 1543 cum
2607 1491 2714 1544 sint
2747 1490 3048 1546 latitudinis
3093 1507 3256 1561 exper

1743 1585 1846 1641 tes,
1869 1587 1921 1631 et
1950 1581 2157 1633 ratione
2183 1580 2528 1648 spectabiles,
2575 1590 2752 1635 mente
2779 1591 2985 1650 oportet
3012 1582 3276 1652 cogitare,

1741 1670 1831 1737 qui
1860 1684 1923 1722 ex
1954 1677 2223 1724 astrorum
2250 1672 2426 1740 positu
2452 1678 2505 1725 et
2537 1672 2868 1741 di0ptrorum
2893 1672 3255 1740 speculatione

1741 1773 1792 1818 et
1822 1774 2008 1821 nostra
2039 1767 2366 1836 cogitatione
2409 1765 2808 1820 describuntur.
2847 1763 3008 1818 Solus
3049 1764 3189 1817 enim
3222 1765 3273 1819 in

90 1869 256 1939 ρητὸς
287 1871 317 1922 6
337 1867 441 1920 ’τοῦ
470 1868 760 1935 γάλακτος·
791 1865 841 1917 οί
867 1865 922 1918 δὲ
954 1866 1128 1918 λοιποὶ
1149 1866 1290 1934 λόγῳ
1312 1865 1416 1916 εἰσὶ
1438 1862 1636 1932 θεωρη-

1740 1857 1938 1910 mundo
1964 1857 2194 1912 visibilis
2226 1864 2308 1913 est
2337 1857 2574 1911 circulus
2601 1857 2687 1910 via
2721 1857 2927 1923 lactea;
2968 1857 3158 1926 reliqui
3189 1870 3248 1910 ra

87 1964 191 2014 τοί.

155 1981 191 2014 ι.
1150 1986 1164 1994 -
1467 1981 1470 1988 ι

121 1981 330 2105 ζ,Πέντε
390 2053 444 2106 δὲ
493 2052 820 2123 παράλληλοι
869 2043 1025 2121 μόνον
1074 2048 1505 2120 καταγράφονται
1547 2046 1640 2098 κύ-

89 2141 206 2194 κλοι
241 2144 321 2204 είς
346 2142 442 2213 τὴν
474 2144 724 2214 σφαῖραν,
752 2141 811 2192 οὐ
840 2139 927 2192 δια
952 2140 1011 2192 τὺ
1041 2139 1195 2208 μόνον
1235 2139 1450 2197 τούτους
1481 2138 1536 2186 ἐν
1564 2134 1639 2203 τῷ
1667 2176 1683 2218 Ἰ.

89 2233 282 2303 κόσμῳ
313 2233 680 2305 παραλλήλους
703 2231 858 2285 εἶναι.
896 2232 952 2282 Ὀ
970 2230 1075 2299 γὰρ
1095 2231 1241 2298 ἣλιος
1265 2228 1382 2280 καθ’
1409 2227 1639 2294 ἑκάστην

90 2325 302 2396 ἡμέραν
339 2325 412 2388 ὼς
450 2326 583 2396 πρὸς
629 2323 875 2393 αἴσθησιν
900 2321 1092 2373 κύκλον
1121 2319 1454 2389 παράλληλον
1485 2335 1638 2386 περι-

91 2416 376 2485 στρέφεται
421 2415 499 2483 τῷ
548 2413 840 2483 ἰσημερινῷ
889 2412 1026 2464 κατά
1069 2412 1165 2480 τὴν
1195 2405 1286 2462 ἐπὶ
1313 2408 1402 2461 τοῦ
1435 2409 1635 2476 κόσμου

88 2507 382 2575 γενομένην
409 2506 802 2574 περιστροφὴν·
840 2502 975 2554 ὥστε
1012 2501 1206 2570 μεταξῦ
1236 2498 1341 2556 τῶν
1370 2499 1637 2569 τροπικῶν

90 2595 301 2649 κύκλων
333 2595 416 2666 ρπ¹
447 2596 524 2656 δὶς
553 2593 781 2657 κύκλους
825 2591 1194 2664 παραλλήλους
1217 2589 1517 2661 γράφεσθαι
1537 2590 1637 2642 ὑπὸ

88 2685 180 2739 τοῦ
219 2685 368 2757 ἡλίου
389 2703 402 2717 ·
431 2685 684 2739 τοσαῦται
711 2684 818 2756 γὰρ
840 2683 1044 2755 ἡμέραι
1072 2683 1204 2735 εἰσὶν
1227 2684 1280 2734 αἱ
1309 2680 1504 2750 μεταξῦ
1532 2681 1636 2733 τῶν

89 2777 321 2847 τροπῶν.

155 2869 411 2939 Φέρονται
459 2867 516 2920 δὲ
555 2867 650 2919 καὶ
699 2866 894 2928 πάντες
918 2865 965 2916 οἱ
992 2864 1218 2934 ἀστέρες
1246 2862 1337 2915 ἐπὶ
1364 2861 1637 2932 παραλλή-

88 2954 194 3008 λων
226 2957 436 3010 κύκλων
475 2956 592 3008 καθ’
623 2956 852 3023 ἑκάστην
875 2955 1104 3024 ἡμέραν.
1151 2952 1632 3020 Συγκαταγράφον-

91 3065 175 3102 ται
198 3048 253 3101 δὲ
285 3044 422 3103 οὗτοι
453 3050 650 3103 πάντες
674 3050 752 3108 είς
776 3046 870 3116 τὴν
894 3049 1142 3115 σφαῖραν,
1176 3042 1262 3096 διὰ
1293 3043 1352 3094 τὸ
1382 3043 1513 3112 πρὸς
1538 3041 1636 3109 μὲν

91 3133 249 3196 ἄλλας
279 3134 649 3204 πραγματείας
670 3133 777 3186 τῶν
803 3135 858 3185 ἐν
881 3136 946 3203 τῇ
968 3131 1285 3202 ἀστρολογίᾳ
1308 3127 1474 3183 πολλὰ
1498 3149 1558 3183 σύ
1569 3150 1632 3200 μ-

90 3220 373 3275 Εάλλεσθαι
390 3241 402 3254 ’
433 3222 551 3276 οὐδὲ
579 3223 685 3293 γάρ
705 3221 1188 3292 καταστερισίιῆναι
1215 3220 1431 3281 δυνατὸν
1453 3221 1631 3284 καλῶς

91 3309 184 3378 τὴν
207 3314 436 3382 σφαῖραν
459 3312 585 3366 ἄνευ
620 3312 830 3366 πάντων
867 3314 972 3364 τῶν
1015 3311 1365 3382 παραλλήλων
1399 3311 1629 3375 κύκλων,

91 3399 204 3454 οὐδὲ
231 3401 301 3455 τὰ
329 3401 527 3472 μεγέθη
556 3402 664 3455 τῶν
677 3403 888 3470 νυκτῶν
913 3403 1005 3457 καὶ
1023 3405 1130 3456 τῶν
1149 3405 1366 3474 ἡμερῶν
1395 3404 1632 3475 ἀκρισῶς

90 3489 371 3562 εὑρεθῆναι
429 3491 552 3544 ἄνευ
607 3489 714 3543 τῶν
764 3493 1170 3562 προειρημένων
1215 3493 1455 3546 κύκλων
1499 3492 1631 3562 πρὸς

93 3579 333 3650 μέντοιγε
376 3581 471 3654 τὴν
513 3580 753 3652 πρώτην·
780 3585 1082 3653 εἰσαγωγὴν
1122 3584 1228 3655 τῆς
1280 3585 1630 3655 ἀστρολογίας

92 3671 230 3724 οὐδὲν
261 3673 601 3742 ἀποτέλεσμα
634 3674 1078 3745 προσφερόμενοι,
1107 3676 1167 3727 οὐ
1196 3677 1630 3745 καταγράφονται

94 3763 146 3814 ὲν
169 3766 232 3834 τῇ
265 3746 492 3836 σφαίρᾳ(
513 3765 573 3819 Οἱ
597 3765 654 3818 δὲ
687 3765 845 3821 πέντε
875 3766 1200 3837 παράλληλοι
1227 3766 1433 3828 κύκλοι,
1459 3766 1545 3818 διὰ
1571 3766 1631 3818 τὸ

92 3855 492 3926 ἀποτελέσματα
512 3874 632 3909 τινα
660 3857 1058 3927 προσφέρεσθαι
1077 3858 1400 3929 διωρισμένα
1429 3861 1506 3919 εἰς
1532 3859 1630 3929 τὴν
1674 3873 1676 3876 '

95 3943 305 4015 πρώτην
318 3964 340 3999 ε
350 3947 618 4016 ίσαγωγὴν
631 3949 726 4018 τῆς
740 3948 1108 4019 ἀστρολογίας,
1123 3949 1434 4019 κατεγράφη
1442 3965 1536 4000 σαν
1551 3950 1631 4011 εἰς

95 4034 184 4104 τὴν
212 4041 460 4106 σφαῖραν.
477 4039 532 4089 Ὁ
563 4038 657 4106 μὲν
681 4037 788 4108 γὰρ
804 4039 1056 4108 ἀρκτικὸς
1082 4039 1274 4102 κύκλος
1294 4037 1538 4109 ἀφορίζει
1561 4039 1631 4091 τὰ

95 4125 174 4178 ἀεὶ
205 4126 544 4198 θεωρούμενα
587 4127 693 4180 τῶν
729 4128 939 4198 ἄστρων
959 4145 973 4159 ο
1005 4130 1032 4180 6
1058 4129 1112 4180 δὲ
1140 4128 1344 4199 θερινὸς
1374 4129 1628 4197 τροπικὸς

97 4214 278 4278 κύκλος
308 4215 402 4285 τὴν
429 4215 631 4286 τροπὴν
659 4214 914 4284 περιέχει,
939 4217 1030 4267 καὶ
1075 4216 1243 4286 πέρας
1275 4215 1389 4269 ἐστὶ
1416 4217 1510 4287 τῆς
1535 4216 1626 4269 τοῦ

97 4303 233 4374 ἡλίου
268 4306 399 4376 πρὸς
433 4307 630 4377 ἄρκτον
659 4306 1000 4375 μεταϐάσεως
1019 4322 1031 4334 ·
1063 4306 1091 4357 ό
1115 4306 1170 4358 δὲ
1199 4306 1504 4376 ίσημερινὸς
1532 4304 1627 4358 κύ-

98 4391 210 4455 κλος
235 4393 332 4455 τὰς
362 4395 646 4465 ἰσημερίας
671 4394 941 4465 περιέχει·
975 4396 1002 4447 6
1027 4393 1083 4446 δὲ
1119 4395 1418 4466 χειμερινὸς
1449 4412 1627 4466 τροπι-

1740 1947 1883 2000 tione
1907 1955 2030 2001 sunt
2056 1949 2397 2016 spectabiles.

1806 2035 2008 2090 Circuli
2049 2051 2174 2089 vero
2201 2037 2439 2105 paralleli
2473 2045 2682 2102 tantum
2713 2037 2949 2106 ηιιίιιςβδδ
2981 2036 3036 2090 in
3068 2038 3276 2105 sphaera

1739 2127 2158 2193 describuntur,
2209 2131 2350 2197 quod
2403 2145 2509 2183 non
2562 2139 2840 2198 propterea
2874 2126 2947 2182 'l‘It
3009 2132 3162 2198 quasi
3220 2133 3274 2187 in

1738 2219 1938 2272 mundo
1968 2227 2175 2272 tantum
2215 2220 2269 2273 hi
2298 2229 2480 2292 essent
2524 2222 2784 2290 paralleli.
2826 2222 2956 2275 Nam
2989 2208 3067 2277 sol
3104 2225 3278 2290 quoti~

1737 2310 1842 2368 die,
1878 2313 2053 2380 quoad
2099 2329 2341 2374 sensum,
2374 2313 2634 2368 describit
2669 2316 2930 2369 circulum
2960 2318 3285 2387 parallelum-

1737 2403 2098 2469 aequinoctiali
2149 2404 2443 2456 secundum
2493 2405 2678 2458 mundi
2715 2406 3098 2461 revolutionem
3126 2429 3136 2460 :
3169 2410 3274 2460 ita-

1736 2507 1840 2560 que
1868 2493 2007 2545 inter
2039 2493 2273 2561 lrnpicos
2312 2495 2546 2548 circulos
2567 2497 2808 2563 paralleli
2838 2499 3031 2560 circuli,
3067 2499 3150 2552 bis
3176 2500 3277 2553 180

1737 2597 1766 2634 a
1795 2580 1908 2641 Sole
1937 2584 2349 2650 describuntur;
2377 2593 2457 2639 tot
2493 2588 2638 2640 enim
2664 2586 2782 2641 dies
2815 2595 2941 2641 sunt
2980 2588 3119 2642 inter
3138 2603 3273 2657 eon-
3299 2581 3302 2583 ’

1735 2688 2032 2728 γετειοηεε.

1801 2849 2073 2905 Feruntur
2098 2851 2256 2906 etiam
2295 2867 2482 2908 omnes
2509 2853 2674 2909 stella:
2706 2853 2761 2907 in
2793 2848 3012 2909 circulis
3044 2853 3273 2922 paralle-

1733 2941 1801 2994 lis
1834 2942 2089 3011 quotidie.
2123 2943 2498 2998 Verumtamen
2535 2960 2640 2997 non
2673 2961 2857 2999 omnes
2888 2946 3072 2998 circuli
3098 2949 3273 3015 paral-

1733 3033 1819 3085 leli
1843 3033 1896 3085 in
1937 3034 2142 3100 sphaera
2173 3033 2574 3099 describuntur,
2599 3035 2758 3103 idque
2791 3047 3089 3103 propterea»,
3125 3037 3269 3105 quod
3338 3063 3345 3068 -

1732 3122 1796 3174 ad
1845 3123 1978 3175 alios
2029 3125 2241 3192 quidem
2288 3133 2552 3179 tractatus
2607 3125 2998 3179 astronomicos
3043 3127 3270 3179 multum

1734 3212 2057 3275 conducant,
2082 3229 2186 3266 no.1
2219 3215 2362 3267 enim
2388 3215 2641 3283 possibile
2662 3225 2819 3279 rsset,
2848 3217 3028 3271 stellas
3052 3225 3192 3273 recte
3215 3219 3270 3272 in

1732 3302 1944 3370 globum
1980 3305 2311 3359 materialem
2357 3307 2559 3360 referre
2606 3307 2725 3360 sine
2755 3308 3005 3363 omnibus
3052 3309 3271 3364 circulis

1732 3394 2000 3462 parallelis
2029 3414 2040 3447 :
2072 3411 2244 3464 neque
2281 3398 2674 3480 magnitudines
2711 3398 2915 3452 dierum
2942 3410 2994 3454 et
3029 3402 3269 3454 noctium

1733 3491 1984 3537 accurate
2016 3485 2247 3539 inveniri
2277 3487 2394 3540 sine
2421 3489 2691 3556 praedictis
2719 3489 2935 3542 circulis
2961 3491 3268 3558 parallelis;

1731 3575 1846 3639 sed,
1879 3590 1999 3628 cum
2018 3577 2083 3629 ad
2108 3577 2331 3645 primam
2355 3579 2698 3633 astronomiae
2729 3580 3118 3634 institutionem
3149 3582 3270 3636 nul-

1729 3665 1838 3718 lum
1879 3667 2296 3722 emolumentum
2345 3668 2591 3734 aﬂ‘erant,
2643 3686 2750 3725 non
2796 3671 3175 3732 describuntur
3212 3674 3266 3728 in

1730 3760 1938 3828 sphaera
1962 3778 1975 3811 :
1999 3767 2052 3813 at
2081 3762 2316 3831 quinque
2346 3763 2584 3831 paralleli
2624 3763 2832 3826 circuli,
2859 3779 2924 3818 eo
2953 3765 3093 3834 quod
3118 3772 3266 3822 certa

1730 3851 1972 3925 quaedam
2007 3854 2366 3906 emolumenta
2396 3855 2460 3906 ad
2494 3855 2720 3922 primam
2746 3857 3087 3909 astronomia:
3116 3857 3266 3910 insti»

1730 3941 1988 4005 tutionem
2020 3941 2261 4005 ail‘erant,
2295 3941 2348 3994 in
2383 3942 2588 4009 sphaera
2619 3951 2743 3996 sunt
2772 3943 3045 4011 descripti.
3065 3945 3265 4018 Arcti.

1729 4047 1825 4086 cus
1869 4032 2010 4084 enim
2041 4031 2276 4085 circulus
2307 4037 2452 4100 astra
2499 4045 2710 4100 semper
2744 4034 3054 4100 apparentia
3080 4032 3262 4088 deter-

1728 4122 1932 4185 minat;
1967 4120 2184 4175 :estivns
2215 4122 2457 4191 tr0picus
2489 4123 2728 4177 circulus
2757 4123 2996 4177 aestivam
3038 4116 3264 4181 conrer-

1727 4214 1931 4268 sionem
1962 4215 2219 4277 continet,
2244 4221 2296 4269 οι
2326 4215 2479 4270 limes
2504 4223 2586 4270 est
2627 4215 2891 4270 transitus
2912 4218 3041 4270 solis
3071 4232 3262 4274 versus

1727 4301 2178 4372 septentrionem;
2201 4305 2591 4374 aequinoctialis
2617 4305 2851 4360 circulus
2875 4308 3069 4376 puncta
3095 4311 3262 4377 aequi-

1725 4394 1982 4447 noctialis
2003 4395 2276 4460 continet;
2317 4395 2575 4448 hibernus
2605 4395 2845 4464 tropicus
2877 4397 3114 4453 circulus
3155 4408 3260 4451 ter-

99 4483 182 4546 κὸς
207 4484 396 4549 κύκλος
419 4487 596 4557 τέρμα
621 4487 736 4538 ἐστὶ
763 4489 860 4555 τῆς
881 4487 1013 4557 πρὺς
1037 4487 1373 4557 μεσημϐρίαν
1401 4486 1620 4558 προόδου

1730 4483 1905 4538 minus
1952 4495 2036 4538 est
2079 4497 2397 4559 progressus
2445 4485 2574 4539 solis
2621 4488 3166 4557 versusmeridiem,
3206 4497 3260 4543 et

99 4572 180 4626 ἐπὶ
220 4575 368 4646 ἡλίῳ,
401 4578 494 4631 καὶ
533 4577 630 4647 τὴν
658 4577 968 4646 χειμερινὴν
991 4577 1192 4648 τροπὴν
1227 4577 1482 4648 περιέχει·
1517 4580 1545 4630 6
1568 4578 1624 4630 δὲ

101 4665 434 4734 ἀνταρκτικὸς
470 4666 663 4728 κύκλος
688 4666 756 4718 τὰ
783 4664 857 4734 μὴ
885 4665 1226 4736 θεωρούμενα
1261 4667 1367 4718 τῶν
1413 4668 1624 4736 ἄστρων

100 4754 347 4824 ἀφορίζει.
399 4758 650 4826 Ἔχοντες
697 4752 788 4810 οὖν
826 4756 1090 4824 κεφάλαια
1128 4758 1219 4808 καὶ
1256 4755 1623 4825 ἀποτελέσμα-

101 4849 176 4895 «ιαΔ
206 4836 477 4916 ὡρισμένα
521 4845 657 4916 πρὸς
698 4843 809 4916 ’τὴν
861 4846 1160 4915 εισαγωγὴν
1231 4846 1328 4914 τῆς
1375 4845 1624 4914 ἀστρολο-

103 4931 240 4998 γίας,
253 4933 483 5003 εὐλόγως
511 4937 930 5007 κατεγράφησαν
960 4938 1037 4999 εἰς
1062 4934 1158 5007 τὴν
1189 4938 1438 5005 σφαῖραν.

164 5022 274 5078 Τῶν
303 5024 358 5078 δὲ
389 5024 793 5097 προειρημένων
838 5027 994 5078 πέντε
1030 5025 1380 5096 παραλλήλων
1412 5025 1622 5079 κύκλων

104 5113 132 5164 6
153 5114 241 5182 μὲν
260 5116 510 5187 ἀρκτικὸς
528 5114 722 5176 κύκλος
741 5114 856 5178 ὅλος
877 5116 1015 5189 ὑπὲρ
1038 5119 1138 5187 γῆν
1165 5114 1618 5184 ἀπολαμϐάνεται,

95 5306 102 5311 .
165 5262 266 5337 (16)
319 5266 439 5322 Τῶν
500 5267 568 5322 δὲ
620 5267 1071 5337 προειρημένον.
1129 5268 1512 5324 Parallelorum
1565 5269 1616 5323 in

109 5333 292 5406 sum;
320 5338 586 5392 maximus
613 5333 695 5393 est
722 5333 1142 5405 aequinoctialis;
1171 5351 1481 5393 caterorum
1513 5353 1619 5406 quo

110 5403 312 5472 quisque
334 5407 543 5476 longius
577 5407 758 5463 abillo
777 5403 997 5467 recedit.
1026 5423 1092 5461 eo
1119 5417 1201 5464 est
1231 5410 1426 5462 minor.
1459 5403 1613 5461 Ratio

110 5483 255 5534 γει-θ..
274 5488 430 5542 quam
465 5477 662 5531 habent
690 5479 925 5532 minores
946 5477 1012 5530 ad
1041 5479 1350 5541 maximum,
1390 5477 1612 5532 investi-

112 5549 244 5604 Satur
267 5558 328 5598 ea
365 5545 825 5618 methodo,_quam
867 5547 1138 5618 attigimus
1167 5548 1310 5618 libro
1330 5544 1607 5618 vuaNam,

115 5618 254 5684 Inest
288 5612 469 5684 radius
501 5614 566 5668 ad
608 5612 786 5669 sinum
808 5612 1184 5683 complementi
1220 5616 1486 5670 distantize
1519 5612 1614 5684 pa-

113 5679 258 5753 [alleli
280 5681 561 5748 cujuslibet
579 5697 601 5746 ,'
632 5685 703 5736 ita
741 5679 1130 5752 equinoctiabs
1163 5684 1227 5737 ad
1271 5679 1608 5753 parallelum.

114 5741 220 5812 Esto
244 5741 472 5814 ιτοιὶίιιιε
497 5741 714 5810 aestivus
733 5741 988 5817 gradibus
1011 5753 1082 5806 ει
1103 5741 1306 5811 distans
1333 5758 1399 5810 ab
1432 5770 1610 5825 acqua-

1724 4574 2001 4628 hibernam
2027 4576 2435 4630 conversionem
2478 4577 2755 4641 continet;
2791 4571 3120 4634 antarcticus
3149 4582 3261 4635 cir-

1722 4666 1877 4720 culus
1911 4674 2058 4719 ast-ra
2090 4680 2198 4719 non
2232 4667 2543 4734 apparentia
2587 4669 2927 4722 determinat.
2979 4671 3113 4724 Cum
3156 4672 3259 4742 igi-

1721 4763 1811 4809 tur
1842 4757 2074 4811 habeant
2095 4764 2240 4810 certa
2271 4757 2445 4825 capita
2473 4766 2524 4812 et
2551 4759 2907 4814 emolumenta
2936 4759 3002 4812 ad
3034 4759 3258 4814 institu-

1720 4846 1919 4901 tionem
1946 4847 2304 4918 astronomiae,
2330 4863 2437 4902 non
2465 4848 2580 4904 sine
2608 4849 2818 4903 ratione
2846 4849 3102 4919 descripti
3133 4861 3259 4906 sunt

1722 4937 1773 4990 in
1796 4937 2024 5006 spbara.
2365 4995 2368 5000 _

1789 5028 1932 5082 Inter
1959 5028 2197 5096 quinque
2246 5028 2530 5096 pradictos
2563 5028 2848 5098 parallelos
2878 5030 3132 5092 circulos,
3169 5043 3257 5081 ar-

1720 5120 1893 5176 cticus
1919 5121 2156 5174 circulus
2194 5128 2343 5178 totus
2373 5137 2535 5191 supra
2566 5121 2900 5176 horizontem
2930 5123 3250 5203 desumitur.

1720 5280 1870 5331 tore;
1908 5271 2354 5340 complementum
2391 5271 2655 5325 distantia
2681 5279 2762 5327 est
2790 5270 2938 5340 grad.
2975 5269 3064 5333 66,
3100 5270 3252 5337 cuius

1719 5341 1870 5393 sinus
1909 5339 2097 5392 91555.
2139 5340 2302 5408 igitur
2337 5355 2396 5393 ea
2443 5340 2720 5408 proportio
2745 5339 2826 5393 est
2860 5341 3250 5409 aequinoctialis

1720 5410 1783 5460 ad
1812 5408 2096 5476 tropicum,
2136 5425 2255 5472 qua:
2283 5417 2364 5462 est
2386 5410 2596 5464 100000
2624 5411 2688 5462 ad
2718 5408 3046 5469 9l555,’hoc
3074 5416 3156 5461 est
3185 5409 3251 5460 lo

1719 5477 1784 5529 ad
1812 5479 1843 5529 9
1885 5477 2235 5558 circiter.__l_ta
2269 5477 2506 5558 circulus
2542 5477 2960 5558 arcticusndrati
2995 5478 3155 5558 distet
3183 5477 3250 5530 ab

1716 5552 1986 5614 :equatore
2014 5547 2269 5611 gradibus
2297 5545 2386 5608 49,
2420 5561 2448 5599 a
2476 5548 2622 5616 polo,
2655 5548 2744 5600 Η.
2788 5546 2950 5601 Sinus
2988 5545 3251 5614 graduum

1716 5616 1776 5668 ιι
1817 5626 1897 5666 est
1939 5614 2126 5668 75471.
2173 5615 2399 5669 Proinde
2440 5617 2511 5668 ita
2554 5633 2613 5670 se
2658 5617 2816 5669 habet
2863 5613 3253 5684 aequinoctialis

1716 5684 1782 5736 ad
1815 5685 2073 5735 circulum
2119 5686 2259 5736 hunc
2297 5685 2558 5737 arctieum
2594 5699 2667 5736 na:
2716 5681 3018 5739 ιυοοουέἀ
3047 5681 3253 5745 75471ς

1715 5768 1832 5823 qua:
1856 5750 2128 5822 proportio
2155 5753 2260 5808 fere
2288 5761 2372 5811 est
2395 5755 2759 5824 sesquitertia,
2786 5765 2844 5809 ut
2865 5753 2898 5808 4
2929 5755 2996 5808 ad
3024 5753 3075 5810 5-
