4100 6316
788 365 895 423 ’175

1768 361 1852 416 an
1890 359 2151 417 eusser:
2185 355 2573 416 CHRONICON
2611 351 2970 413 APPENDIX.
3115 433 3134 442 -
3857 359 3934 414 ττι

791 486 1038 543 Εειίνυε
1069 486 1310 555 tropicus
1348 485 1584 539 circulus
1621 484 1675 537 in
1705 482 1842 538 duas
1879 491 2061 553 partes
2088 483 2326 553 inaqua-

2440 479 2533 532 Βδὲ
2560 477 2765 549 θερινὸς
2791 474 3044 546 τροπικὸς
3091 473 3286 535 κύκλος
3329 473 3405 536 είς
3430 471 3522 525 δύο
3553 489 3689 542 μερη
3713 473 3848 526 ἄνισα
3872 477 3935 528 τέ-

794 581 871 632 les
901 585 1115 634 secatur
1155 577 1543 636 abhorizonte,
1573 583 1624 627 et
1663 583 1999 643 segmentum
2037 573 2212 641 majus
2241 587 2338 626 su-

791 683 886 740 pra
930 678 1129 719 terram
1178 667 1497 730 desumitur,
1538 665 1716 718 minus
1764 678 1893 718 vero
1933 661 2072 716 infra
2109 671 2334 718 terram.
2371 724 2374 726 γ

795 762 864 814 At
894 775 999 812 non
1033 774 1126 826 per
1155 773 1339 811 omnes
1363 757 1606 825 regiones
1638 766 1688 810 et
1736 756 1896 809 urbes
1941 755 2128 809 eodem
2178 754 2339 808 modo

791 852 1014 907 estivus
1037 851 1274 919 tropicus
1300 850 1537 902 circulus
1563 855 1778 901 secatur
1810 847 1877 900 ab
1907 846 2208 912 horizonte,
2240 847 2337 900 sed

791 943 945 1012 juxta
969 943 1239 995 climatum
1265 940 1609 996 diversitates
1629 939 1903 994 diversum
1931 947 2336 1012 segmentorum

795 1048 1075 1088 excessum
1111 1033 1374 1103 contingit
1411 1033 1647 1098 evenire,
1690 1041 1852 1102 atque
1896 1033 1962 1087 iis
1997 1032 2212 1101 quidem
2246 1031 2338 1101 qui

798 1124 968 1190 magis
999 1123 1100 1191 ιο
1123 1137 1282 1191 quam
1324 1138 1439 1182 nos,
1483 1137 1673 1177 versus
1720 1123 2136 1191 septentrionem
2183 1121 2340 1174 habi-

797 1221 933 1274 tant,
965 1213 1017 1265 in
1052 1221 1322 1283 segmenta
1353 1214 1521 1284 magis
1545 1214 1824 1282 inaequalia
1852 1213 1917 1266 ab
1946 1212 2222 1267 horizonte
2253 1227 2342 1266 se-

796 1304 907 1356 cari
941 1305 1204 1372 tropicum
1234 1305 1482 1358 aestivum
1520 1304 1766 1373 contigit.
1797 1303 1859 1356 Et
1895 1305 2106 1358 tandem
2137 1313 2221 1359 est
2255 1319 2342 1358 re-

797 1394 888 1461 gio,
913 1395 1179 1462 quazdam,
1217 1395 1269 1448 in
1307 1410 1411 1462 qua
1442 1402 1588 1448 totus
1626 1393 1846 1447 :estivus
1878 1395 2119 1462 tropicus
2161 1395 2343 1448 circu-

797 1485 881 1538 lus
912 1487 966 1538 tit
994 1500 1155 1555 supra
1189 1495 1409 1539 terram.
1440 1486 1511 1538 lis
1542 1498 1670 1538 vero
1702 1485 1796 1553 qui
1827 1485 1995 1554 magis
2023 1499 2185 1553 quam
2217 1498 2337 1546 nos,

794 1591 988 1631 versus
1010 1577 1287 1630 meridiem
1312 1576 1578 1640 habitant,
1607 1576 1662 1628 in
1691 1582 1965 1645 segmenta
2004 1575 2182 1627 minus
2216 1574 2341 1626 inae-

797 1668 978 1737 qualia
1005 1667 1224 1721 aestivus
1247 1667 1489 1735 tr0picus
1510 1666 1748 1719 circulus
1772 1666 1838 1718 ab
1860 1665 2140 1719 horizonte
2163 1673 2341 1719 sectus

797 1766 898 1811 est.
931 1755 995 1808 Et
1016 1755 1230 1810 tandem
1265 1741 1348 1809 εει
1370 1755 1517 1824 regio
1557 1755 1799 1823 quzedam
1837 1770 2027 1809 versus
2066 1754 2339 1809 meridiem

798 1848 956 1903 nobis
987 1849 1111 1911 sita,
1139 1848 1193 1901 in
1232 1861 1338 1916 qua
1381 1848 1660 1927 aequaliter
1691 1846 1948 1900 dividitur
1975 1848 2194 1901 aestivus
2225 1855 2340 1900 tro-
2373 1831 2415 1884 Β

798 1941 950 2009 picus
981 1940 1218 1994 circulus
1252 1939 1320 1992 ab
1349 1939 1634 1993 horizonte
1661 1957 1672 1991 :
1702 1938 1756 1992 in
1784 1939 1886 1992 hoc
1925 1946 2104 1992 autem
2130 1939 2345 1992 climate

799 2039 1014 2086 secatur
1056 2032 1153 2095 ita,
1198 2039 1255 2086 ut
1289 2044 1411 2084 cum
1457 2037 1605 2092 totus
1637 2030 1873 2084 circulus
1898 2025 1963 2083 in
2001 2038 2124 2084 octo
2163 2036 2346 2098 partes

798 2123 1032 2192 aequales
1066 2123 1274 2176 divisus
1316 2129 1420 2183 est,
1453 2119 1520 2174 de
1554 2121 1639 2174 his
1685 2123 1927 2190 quinque
1960 2129 2141 2188 partes
2183 2132 2347 2188 supra

800 2215 1135 2267 horizontem
1178 2214 1552 2274 desumantur,
1585 2220 1697 2267 tres
1747 2225 1874 2263 vero
1923 2209 2065 2262 infra
2103 2209 2350 2263 horizon-

801 2312 928 2356 tem.
968 2303 1047 2355 Ad
1079 2303 1180 2356 hoc
1221 2303 1381 2354 clima
1413 2302 1623 2356 videtur
1667 2301 1828 2355 etiam
1854 2299 2050 2354 Aratus
2082 2314 2348 2369 apparen-

803 2395 995 2446 tiarum
1055 2399 1340 2445 tractatum
1399 2391 1788 2460 composuisse.
1847 2390 1981 2460 Nam.
2029 2391 2097 2445 de
2157 2391 2345 2446 aestivo

803 2484 1008 2553 tropico
1036 2483 1241 2538 circulo
1270 2482 1561 2546 disserens,
1603 2484 1682 2537 sic
1719 2482 1927 2552 inquit:

804 2593 916 2664 (loc
947 2595 1170 2648 maxime
1199 2595 1251 2648 in
1272 2603 1382 2647 octo
1408 2595 1627 2663 mquales
1659 2606 1831 2664 partes
1857 2596 2041 2659 diviso,

805 2662 1003 2716 Earum
1043 2667 1261 2734 quinque
1302 2665 1601 2718 meridiana:
1651 2662 1927 2718 volvuntur
1955 2681 2044 2732 per
2078 2680 2345 2732 supremas

1881 2734 2077 2803 [partes
2108 2745 2276 2796 εει-ναν,

806 2801 932 2855 Tres
975 2818 1091 2855 vero
1136 2803 1190 2854 in
1227 2802 1585 2869 hemisphaerio
1628 2802 1723 2855 sub
1780 2801 2184 2856 terriz:aestatis
2229 2803 2347 2856 huic

1728 2871 1868 2942 [sunt
1905 2874 2277 2927 conversiones.

876 3002 954 3058 Ex
978 3003 1075 3056 hac
1094 3001 1358 3057 divisione
1393 3003 1660 3072 sequitur,
1687 3002 2062 3072 longissimum
2090 3003 2229 3056 diem
2257 3001 2354 3056 lio-

804 3112 985 3150 rarum
1018 3096 1473 3165 mquinoctialium
1504 3096 1617 3149 ﬁeri
1655 3095 1741 3156 15,
1778 3104 1992 3149 noctem
2033 3111 2162 3148 vero
2190 3094 2352 3148 hora—

2441 570 2626 642 μνεται
2665 571 2768 624 ὑπὸ
2811 568 2903 622 τοῦ
2929 566 3222 639 ὁρίζοντος,
3253 566 3347 619 καὶ
3377 565 3438 618 τὸ
3465 565 3562 637 μὲν
3595 557 3763 636 μεῖξον
3785 551 3960 637 ﬁlii“,

2440 666 2575 737 ὑπὲρ
2619 667 2720 735 γῆν
2775 662 3228 733 ἀπολαμϐάνεται,
3258 661 3320 714 τὺ
3343 661 3397 713 δὲ
3427 661 3717 728 Elaeam",
3747 663 3837 715 ὑπὸ
3864 665 3935 733 τὴν

2438 755 2559 824 γῆν.
2597 755 2670 808 Ού
2717 753 2857 807 κατὰ
2891 755 3074 806 πᾶσαν
3111 752 3168 805 δὲ
3196 751 3393 823 χώραν,
3420 753 3512 803 καὶ
3550 751 3698 805 πόλιν
3734 753 3935 821 ὁμοίωςό

2438 847 2643 916 θερινὸς
2668 846 2920 916 τροπικὸς
2952 845 3147 908 κύκλος
3171 844 3430 912 τέμνεται
3455 843 3560 894 ὑπὸ
3577 842 3670 894 τοῦ
3701 843 3932 912 ὁρίζοντος,

2439 937 2574 990 ἀλλὰ
2609 938 2757 1008 παρᾶ
2786 937 2881 1000 τὰς
2907 936 3014 988 τῶν
3050 935 3326 1006 κλιμάτων
3353 925 3699 1003 παραλλαγὰς
3737 935 3935 1005 διάφορον

2439 1031 2536 1100 τὴν
2557 1029 2662 1082 τῶν
2689 1027 2984 1098 τμημάτων
3014 1026 3281 1098 ὑπεροχὴν
3311 1025 3591 1094 συμϐαίνει
3618 1025 3850 1091 γίνεσθαιο
3869 1026 3937 1079 καὶ
4049 1023 4051 1030 ’

2437 1125 2549 1184 τοῖς
2582 1121 2676 1191 μὲν
2698 1119 2832 1189 πρὸς
2866 1118 3061 1186 ἄρκτον
3097 1118 3292 1188 μᾶλλον
3324 1116 3478 1187 ἡμῶν
3503 1115 3734 1168 οἰκοῦσιν
3775 1120 3839 1180 εἰς
3870 1118 3937 1168 ἀν-

2443 1216 2686 1284 ισαίτερα
2711 1213 2850 1284 μέρη
2887 1212 3171 1282 συμϐαίνει
3199 1212 3486 1282 τέμνεσθαι
3515 1211 3606 1263 τὸν
3640 1211 3826 1281 θερινὸν
3860 1214 3938 1265 ὑπὸ

2438 1304 2531 1357 τοῦ
2556 1303 2846 1375 ὁρίζοντος.
2878 1302 2988 1354 Καὶ
3021 1301 3190 1372 πέρας
3216 1303 3331 1354 ἐστὶ
3360 1301 3512 1372 χώρα
3547 1319 3649 1366 τις,
3681 1303 3734 1352 ὲν
3807 1302 3940 1366 ὅλοςό

2441 1395 2646 1465 θερινὸς
2697 1393 2952 1464 τροπικὺς
2994 1392 3190 1456 κύκλος
3235 1393 3372 1464 ὑπὲρ
3392 1394 3496 1463 γῆν
3523 1395 3742 1462 γίνεται.
3773 1395 3872 1456 Τοῖς
3901 1394 3940 1446 δὲ

2442 1487 2575 1557 πρὸς
2613 1485 2950 1556 μεσημϐρίαν
2981 1484 3178 1555 μᾶλλον
3208 1483 3440 1537 οἰκοῦσιν
3473 1485 3648 1556 ἡμῶν,
3680 1487 3751 1549 εἰς
3781 1485 3938 1538 6v:an-

2439 1595 2570 1647 τερα
2596 1578 2638 1645 ιβ
2672 1577 2810 1648 μέρη
2831 1577 2858 1627 6
2877 1575 3084 1644 θερινὸς
3120 1575 3374 1646 τροπικὸς
3414 1575 3608 1640 κύκλος
3635 1577 3735 1630 ὑπὸ
3762 1577 3841 1629 τοῦ
3863 1577 3941 1646 6ρί-

2441 1666 2621 1731 ζοντος
2646 1668 2927 1738 τέτμηται.
2962 1666 3070 1719 Καὶ
3096 1667 3264 1736 πέρας
3297 1667 3410 1719 ἐστὶ
3439 1667 3590 1738 χώρα
3624 1686 3703 1731 τις
3733 1668 3850 1738 πρὸς
3872 1685 3940 1736 με·
3971 1686 3975 1688 ·
4054 1685 4055 1696 λ

2442 1757 2712 1830 σημὸρίαν
2740 1760 2868 1828 ἡμῖν
2897 1759 3141 1828 κειμένη,
3179 1761 3234 1810 ὲν
3347 1759 3700 1829 διχοτομεῖται
3729 1763 3754 1812 6
3781 1759 3940 1830 θερινὸς

2441 1847 2695 1918 τροπικδς
2723 1847 2917 1908 κύκλος
2950 1847 3055 1899 ὑπὸ
3100 1847 3192 1899 τοῦ
3233 1848 3518 1918 ὁρίζοντος·
3553 1849 3774 1902 ἐνταῦθα
3805 1851 3852 1903 δὲ
3877 1850 3939 1901 τέ-

2449 1954 2632 2006 μνεται
2661 1935 2850 1998 οὕτως,
2872 1935 3028 1998 ὥστε,
3047 1935 3138 1988 τοῦ
3165 1937 3283 1989 ὅλου
3311 1938 3504 1991 κύκλου
3525 1941 3869 2012 διαιρουμένου
3886 1943 3943 2002 εἰς

2443 2036 2492 2099 η’
2523 2028 2681 2098 μέρη,
2713 2027 2868 2080 πέντε
2912 2028 3007 2098 μὲν
3038 2029 3295 2098 τμήματα
3334 2030 3471 2099 ὑπὲρ
3499 2032 3600 2099 γῆν
3628 2033 3945 2102 ἀπολαμϐάνε-

2447 2119 2588 2181 σθαι,
2618 2118 2742 2190 τρία
2771 2119 2827 2172 δὲ
2859 2119 2962 2172 ὑπὸ
2990 2121 3110 2190 γῆν.
3143 2121 3285 2192 Πρὸς
3309 2122 3364 2174 δὲ
3395 2122 3549 2175 τούτο
3575 2124 3634 2176 τὸ
3671 2125 3817 2195 κλίμα
3837 2125 3948 2180 δοκεῖ

2445 2209 2536 2261 καὶ
2596 2210 2624 2261 6
2671 2211 2902 2280 ’Δρατος
2955 2213 3329 2282 συντεταχέναι
3379 2213 3479 2284 τὴν
3522 2214 3631 2267 τῶν
3669 2218 3948 2286 φαινομένων

2445 2302 2841 2370 πραγματείαν.
2869 2302 3000 2373 [lupi
3025 2303 3134 2374 γὰρ
3159 2304 3252 2358 τοῦ
3284 2305 3492 2377 θερινοῦ
3521 2307 3771 2378 τροπικού
3794 2309 3949 2362 κύκλου

2443 2392 2817 2464 διαλεγόμενός
2849 2412 3010 2466 φησιν
3039 2396 3209 2460 οὕτως

2452 2594 2560 2664 Τοῦ
2589 2593 2974 2664 μὲν-ὅσογᾲτε
2996 2595 3260 2664 μάλιστα
3297 2579 3372 2647 δι’
3412 2593 3562 2647 ὀκτὼ
3590 2596 3954 2664 μετρηθώτος,

2445 2662 2630 2716 Πέντε
2661 2662 2778 2731 μὲν
2814 2662 3294 2731 ἐνδιαστρέφεται
3320 2665 3449 2719 καθ’
3486 2662 3775 2731 ὑπέρτατα
3799 2668 3956 2734 γαίης,

2454 2796 2527 2849 Τὰ
2575 2795 2705 2863 τρία
2752 2794 2803 2848 δ’
2846 2795 2915 2848 ὲν
2952 2795 3174 2865 περάτῃ
3199 2813 3212 2827 ·
3269 2797 3477 2866 θέρειοι
3520 2797 3590 2851 δὲ
3627 2801 3682 2852 οἱ
3723 2799 3960 2922 ὲνςρρπαι

3793 2883 3837 2922 ιε
3857 2887 3958 2922 σιν.

3793 2883 3958 2940 [εἰσιν.

2530 2999 2624 3052 Ἐκ
2649 2998 2703 3051 δὲ
2729 2999 2930 3069 ταύτης
2953 3000 3049 3070 τῆς
3075 3000 3383 3068 διαιρέσεως
3401 3003 3696 3072 ἀκολουθεῖ,
3725 3007 3814 3077 τὴν
3841 3006 3965 3075 μεγί-

2453 3106 2581 3159 στην
2625 3089 2835 3160 ἡμέραν
2871 3090 3027 3159 ὡρῶν
3068 3092 3392 3162 ίσημερινῶν
3425 3096 3666 3162 γίνεσθαι
3711 3106 3784 3164 ιε’,
3815 3099 3895 3170 τὴν
3917 3098 3965 3150 δὲ

804 3203 923 3240 rum
969 3186 1423 3255 mquinoctialium
1453 3186 1506 3239 9.
1533 3185 1591 3238 ln
1620 3187 1898 3241 horizonte
1927 3185 2101 3240 Rhodi
2129 3188 2350 3241 aestivus

2448 3177 2616 3230 νύκτα
2637 3178 2791 3248 ὡρῶν
2821 3179 2906 3247 ἰση
2916 3178 3145 3248 μερινῶν
3162 3180 3225 3232 θ’.
3245 3182 3332 3234 Ἐν
3355 3183 3409 3233 δὲ
3437 3185 3511 3254 τῷ
3537 3186 3676 3238 κατὰ
3702 3188 3860 3240 Ῥόδον
3875 3194 3886 3241 ί
3894 3189 3966 3255 17)

694 3275 696 3278 ’
805 3277 1048 3346 tropicus
1084 3276 1321 3330 circulus
1354 3276 1421 3328 ab
1466 3276 1747 3330 horizonte
1789 3279 1867 3330 sic
1901 3285 1984 3331 est
2024 3278 2252 3340 divisus,
2293 3285 2351 3330 ut

805 3384 929 3420 cum
960 3376 1102 3421 totus
1143 3367 1382 3420 circulus
1431 3365 1484 3418 in
1512 3366 1580 3418 48
1611 3376 1790 3435 partes
1827 3367 2118 3431 dividatur,
2166 3383 2350 3422 earum

805 3459 874 3514 29
915 3475 1074 3528 supra
1103 3460 1431 3512 horizontem
1460 3457 1833 3520 desumautur,
1869 3459 2088 3526 reliqua!
2130 3472 2258 3513 vero
2287 3456 2352 3509 19

811 3545 949 3598 infra
989 3555 1206 3599 terram.
1260 3545 1335 3597 Ex
1371 3546 1470 3598 hac
1513 3545 1776 3600 divisione
1819 3546 2063 3615 sequitur
2101 3547 2355 3614 longissi-

811 3651 956 3687 mum
984 3636 1123 3688 diem
1147 3638 1198 3687 in
1235 3633 1422 3690 Rhodo
1457 3637 1572 3691 ﬁeri
1601 3637 1856 3690 horarum
1894 3637 2352 3706 aequinoctialium

811 3726 876 3779 14
897 3725 1015 3794 1/2,
1040 3735 1245 3781 noctem
1261 3741 1388 3781 vero
1415 3727 1666 3782 horarum
1701 3729 2160 3797 aequinoctialium
2177 3728 2210 3784 9
2230 3729 2352 3798 1/2.

834 3926 838 3929 -
880 3899 1290 3968 :Equiuoctialis
1320 3901 1556 3954 circulus
1589 3917 1685 3970 per
1709 3909 1875 3956 totam
1919 3912 2116 3958 terram
2145 3905 2357 3959 habita-

810 3990 972 4044 liilem
1011 3993 1288 4059 aequaliter
1317 4000 1534 4046 secatur
1572 3995 1640 4047 ab
1681 3995 1981 4060 horizonte,
2016 4007 2074 4049 ut
2112 3999 2356 4052 semicir-

812 4082 969 4134 culus
1011 4097 1170 4150 supra
1209 4092 1404 4136 terram
1444 4084 1780 4148 desumatur,
1822 4087 2199 4142 semicirculus
2229 4103 2356 4144 vero

814 4170 954 4223 intra
1014 4178 1210 4223 terram
1241 4174 1350 4227 :ob
1406 4189 1565 4243 quam
1619 4188 1838 4229 causam
1884 4180 1950 4231 ah
1996 4180 2098 4233 hoc
2151 4180 2356 4236 circulo

814 4261 1136 4330 aequinoctia
1175 4261 1327 4314 ﬁunt.

888 4353 1152 4410 llibernus
1182 4356 1421 4424 tropicus
1458 4357 1696 4413 circulus
1729 4358 1795 4412 ab
1840 4359 2119 4417 horiz'onte
2155 4365 2233 4419 sic
2273 4381 2361 4420 se~

818 4457 988 4508 catur,
1022 4453 1078 4498 ut
1104 4446 1284 4500 minus
1315 4460 1648 4516 segmentum
1681 4449 1744 4504 sit
1785 4467 1949 4522 supra
1977 4461 2172 4510 terram
2205 4476 2218 4511 :
2245 4475 2361 4512 ma-

820 4623 1060 4676 eamdem
1083 4624 1243 4678 habet
1271 4623 1641 4681 diversitatem
1670 4630 1726 4683 in
1747 4631 1996 4686 omnibus
2028 4632 2359 4700 climatibus,

822 4726 942 4780 quae
976 4713 1131 4768 [iebat
1159 4717 1320 4769 etiam
1364 4717 1415 4768 in
1437 4717 1622 4770 aestivo
1647 4721 1856 4790 tropico
1885 4723 2110 4777 circulo.
2140 4723 2363 4795 Semper

822 4799 963 4850 enim
986 4801 1190 4854 alterna
1217 4810 1491 4872 segmenta
1515 4805 1845 4874 tropicorum
1867 4809 2194 4865 circulorum
2224 4814 2362 4869 inter

825 4904 883 4941 se
935 4896 1059 4940 sunt
1105 4893 1350 4958 aequalia.
1406 4891 1486 4946 0b
1539 4907 1698 4961 quam
1742 4910 1962 4951 causam
2012 4899 2360 4969 longissimus

825 4977 942 5031 dies
995 4980 1215 5047 :equalis
1270 4991 1352 5034 est
1405 4983 1731 5052 longissima:
1787 4988 1952 5040 nocti.
2022 4990 2366 5048 Antarcticus

827 5068 1063 5122 circulus
1102 5075 1248 5122 totus
1275 5071 1412 5123 infra
1451 5073 1785 5128 horizontem
1822 5079 2146 5134 occultatur.
2171 5085 2184 5094 ‘

901 5239 974 5294 Ex
1035 5244 1272 5314 quinque
1332 5247 1600 5312 pradictis
1656 5251 1928 5320 parallelis
1967 5255 2221 5322 circulis,
2275 5258 2367 5312 alii

919 5393 1060 5466 "no.
1095 5398 1385 5468 ἐλάχιστον.
1464 5402 1505 5432 ¹⁸
1533 5402 1574 5469 Ῑ.
1609 5405 1768 5459 ίσαίτ.

908 5549 1010 5620 (ίῖ)
1055 5554 1147 5604 Ἐν
1180 5552 1248 5605 δὲ
1274 5553 1352 5617 τῷ
1389 5554 1537 5608 κατὰ
1572 5555 1790 5610 Ῥόδον.
1827 5559 1960 5612 Cum
2013 5561 2082 5614 sit
2128 5564 2369 5615 maxima

835 5618 949 5672 dies
981 5618 1080 5674 Sub
1111 5623 1359 5690 parallelo
1388 5624 1598 5677 Rhodio
1624 5625 1875 5680 horarum
1918 5627 1984 5680 14
2019 5637 2075 5685 ct
2105 5631 2366 5692 dimidiae.

835 5699 886 5742 et
918 5704 1020 5741 nox
1052 5692 1266 5744 minima
1293 5692 1543 5748 horarum
1567 5693 1600 5748 9
1627 5703 1679 5747 et
1705 5695 1958 5758 dimidia.
1988 5699 2222 5754 maxima
2252 5701 2369 5755 dies

1865 5407 1906 5436 ¹’
1941 5425 2028 5475 7p.
2067 5412 2390 5482 ἰσημεριναί.

2455 3271 2683 3338 ὁρίζοντι
2705 3271 2730 3320 6
2756 3269 2963 3337 θερινὸς
2984 3272 3237 3339 τροπικὺς
3267 3273 3461 3338 κύκλος
3495 3277 3599 3329 ὑπὸ
3627 3278 3716 3331 τοῦ
3737 3280 3969 3349 ὁρίζοντος

2455 3360 2713 3428 τέτμηται
2741 3357 2934 3422 οὕτως,
2972 3360 3138 3427 ὥστε,
3167 3364 3260 3416 τοῦ
3296 3366 3415 3419 ὅλου
3456 3367 3653 3447 κύκλου
3682 3369 3969 3440 διῃρημένου

2457 3452 2535 3512 εἰς
2564 3450 2700 3520 μέρη
2733 3449 2841 3520 μη’,
2875 3451 2940 3504 τὰ
2974 3453 3072 3522 μὲν
3105 3455 3186 3508 κθ¹
3211 3458 3468 3528 τμήματα
3494 3462 3632 3533 ὑπὲρ
3652 3464 3738 3516 τὸν
3763 3463 3970 3532 ὁρίζοντα

2458 3540 2944 3610 ἀπολαμϐάνεσθαι,
2981 3544 3047 3596 τὰ
3073 3545 3130 3598 δὲ
3164 3546 3227 3599 ιϐ’
3253 3549 3355 3601 ύπὸ
3379 3551 3499 3620 γῆν.
3541 3553 3635 3606 Ἐκ
3660 3553 3715 3607 δὲ
3738 3555 3830 3624 τῆς
3856 3555 3969 3607 διαι-

2462 3633 2659 3703 ρέσεως
2703 3636 2902 3708 ταύτης
2949 3639 3226 3692 ἀκολουθεῖ
3261 3641 3357 3708 τὴν
3390 3642 3652 3712 μεγίστην
3697 3647 3892 3717 ἡμέραν
3926 3648 3972 3697 ἐν

2666 3726 3091 3801 γίνεσθαιμὼρῶν
3121 3731 3453 3801 ,ίσημερινῶν
3485 3733 3602 3797 ιδς’¹
3635 3734 3732 3805 τὴν
3753 3736 3807 3788 δὲ
3833 3736 3971 3790 νύκτα

2460 3815 2615 3884 ὡρῶν
2647 3818 2733 3888 ἰση
2742 3835 2806 3886 με
2815 3819 2974 3889 ρινῶν
3002 3820 3122 3885 θςη.

2539 3907 2597 3960 '0
2628 3907 2686 3960 δὲ
2719 3911 3028 3984 ἰσημερινὸς
3051 3911 3246 3976 κύκλος
3273 3913 3393 3967 καθ’
3414 3915 3540 3986 ὅλην
3559 3917 3663 3988 τὴν
3690 3920 3974 3991 οἰκουμένην

2460 3997 2816 4068 διχοτομεῖται
2844 4001 2946 4053 ὑπὸ
2968 4002 3060 4054 τοῦ
3089 4002 3376 4073 ὁρίζοντος.
3401 4007 3541 4060 ὥστε
3565 4010 3870 4080 ἡμικύκλιον
3896 4011 3973 4081 μὲν

2463 4089 2598 4160 ὑπὲρ
2633 4090 2736 4158 γῆν
2779 4091 3270 4162 ἀπολαμϐάνεσθαι,
3306 4097 3625 4167 ἡμικύκλιον
3652 4101 3707 4155 δὲ
3738 4103 3836 4156 ὑπὸ
3862 4103 3972 4172 γῆν·

2461 4178 2528 4230 δι’
2551 4179 2616 4249 ἢν
2648 4179 2821 4233 αἰτίαν
2852 4181 2954 4233 ύπὸ
2979 4181 3070 4234 τοῦ
3109 4183 3302 4238 κύκλου
3352 4187 3537 4240 τούτου
3560 4192 3614 4242 αί
3670 4192 3923 4265 ἰσημερίαι
3943 4195 3974 4224 ¹⁹

2463 4267 2718 4331 γίνονται.

2547 4363 2602 4416 '0
2629 4363 2683 4415 δὲ
2709 4365 3012 4434 χειμερινὸς
3041 4369 3294 4437 τροπικὺς
3331 4370 3526 4434 κύκλος
3558 4372 3664 4426 ὑπὸ
3687 4374 3774 4427 τοῦ
3813 4377 3982 4446 ὁρίζον-

2464 4469 2553 4514 τος
2573 4456 2822 4524 τέμνεται
2845 4455 3032 4521 οὕτως,
3056 4457 3193 4510 ὥστε
3214 4460 3274 4512 τὸ
3301 4461 3398 4529 μὲν
3416 4461 3641 4515 ἔλασσον
3661 4467 3844 4536 τμῆμα
3868 4467 3981 4536 ὑπὲρ

702 4543 705 4547 ’
815 4533 906 4601 jus
949 4550 1076 4588 vero
1120 4534 1262 4588 infra
1314 4543 1532 4590 terram.
1584 4539 1920 4610 lnaqualitas
1963 4555 2350 4613 segmentorum

2465 4543 2568 4611 γῆν
2611 4545 2869 4611 γίνεσθαι,
2899 4547 2956 4600 τὸ
2987 4547 3043 4600 δὲ
3075 4550 3254 4618 μεῖζον
3280 4550 3382 4604 61:6
3413 4551 3533 4621 γῆν.
3580 4552 3643 4605 Ἥ
3758 4533 3982 4625 άνισότης

2467 4635 2571 4688 τῶν
2598 4636 2894 4706 τμημάτων
2921 4637 3015 4708 τὴν
3047 4640 3214 4709 αὐτὴν
3238 4640 3582 4711 παραλλαγὴν
3613 4643 3724 4712 ἕχει
3757 4647 3846 4698 ἐπὶ
3871 4647 3981 4698 usv-

2465 4739 2572 4777 τιον
2599 4727 2706 4777 τῶν
2732 4727 3026 4796 κλιμάτων,
3049 4730 3169 4799 ἦτις
3189 4729 3395 4796 ἐγίνετο
3421 4731 3514 4783 καὶ
3563 4734 3654 4785 ἐπὶ
3691 4734 3782 4788 τοῦ
3806 4731 3982 4804 θερινοῦ

2466 4817 2727 4883 τροπικοῦ
2774 4817 2993 4871 κύκλου.
3029 4819 3128 4871 Διὰ
3161 4819 3358 4882 παντὸς
3393 4821 3498 4892 γὰρ
3529 4821 3597 4877 τὰ
3625 4825 3844 4889 ἐναλλὰξ
3870 4825 3979 4893 τμή-

2471 4920 2611 4971 ματα
2642 4907 2746 4960 τῶν
2769 4909 3036 4981 τροπικῶ,
3068 4910 3278 4964 κύκλων
3314 4911 3401 4966 ῐσα
3420 4913 3667 4985 ἀλλήλοις
3695 4919 3830 4970 ἐστι.
3853 4919 3981 4987 Δι’ῆι

2470 4995 2645 5047 αἰτίαν
2674 4999 2706 5067 ἡ
2741 4999 2966 5080 μεγίστη
3007 5001 3186 5071 ἡμέρα
3217 5003 3301 5075 ἴση
3345 5005 3460 5056 ἐστὶ
3485 5008 3549 5075 τῇ
3581 5009 3810 5080 μεγίστῃ
3841 5005 3981 5060 νυκτί.

2480 5082 2538 5133 '0
2566 5082 2620 5135 δὲ
2641 5085 2988 5156 ἀνταρκτικὸς
3015 5089 3208 5153 κύκλος
3233 5091 3348 5155 ὅλος
3373 5093 3476 5145 ὑπὸ
3501 5093 3591 5145 τὸν
3621 5094 3862 5165 ὁρίζοντα
3881 5093 3988 5165 κρύ-

2472 5189 2660 5227 πτεται
2669 5213 2683 5228 ο

2543 5265 2660 5318 Τῶν
2694 5267 2750 5320 δὲ
2786 5274 3188 5344 προειρημένων
3223 5277 3381 5329 πέντε
3408 5276 3759 5346 παραλλϋων
3786 5275 3986 5334 κύκλων,

2466 5568 2779 5695 ἒὲιῐηέρῧίίτεῖῗ,
2823 5571 3044 5628 totidem
3093 5573 3252 5630 habet
3293 5573 3400 5642 29,
3454 5585 3582 5656 quo}
3633 5579 3853 5648 minima
3899 5581 3989 5626 nox
