4100 6316
159 415 244 468 TUI

1205 413 1438 470 GEMINI
1479 415 1839 470 ELEMENTA
1879 415 2368 472 ΑΞΤΠΟΝΟΜΙιΕ.

3175 453 3181 464 .
3240 411 3342 466 78?.

167 528 450 592 διαστάσεις
504 529 712 599 ἔχουσιν
751 528 842 581 ἀπ’
879 529 1116 598 ἀλλήλων
1146 533 1192 581 oi
1228 531 1447 583 κύκλοιο
1501 532 1610 585 ἀλλ’
1644 533 1692 583 oi

1809 548 1894 587 ias
1925 533 2122 587 habent
2149 546 2179 584 a
2217 510 2276 586 se
2333 529 2558 584 invicem
2614 529 2903 584 distantias
2934 545 2946 581 :
2992 526 3183 601 trapici
3217 541 3344 579 vero

169 622 258 689 μὲν
291 622 536 690 τροπικοὶ
580 619 760 673 κύκλοι
807 621 910 672 ἀπὸ
948 620 1039 672 τοῦ
1080 623 1388 692 ἰσημεριωῦ
1420 623 1557 676 κατὰ
1591 625 1695 675 πᾶν

165 712 382 780 ἔγκλιμα
404 711 501 780 τὴν
527 711 689 780 αὐτὴν
721 711 1011 764 ἀπόστασιν
1039 712 1244 780 ἔχουσιν
1264 729 1278 740 ·
1307 714 1354 763 oi
1381 713 1434 765 δὲ
1454 717 1698 782 τροπικοὶ

132 813 135 815 ‘
166 799 337 851 κύκλοι
368 800 475 852 ἀπὸ
523 801 629 852 τῶν
659 802 928 870 ἀρκτικῶν
966 802 1025 853 οὐ
1054 803 1150 870 τὴν
1186 803 1350 872 αὐτὴν
1379 805 1557 872 ἔχουσι
1583 805 1697 856 διὰ-

164 905 339 941 στασιν
389 891 527 942 κατά
570 892 772 953 πάντας
812 895 936 954 τοὺς
985 892 1291 962 ὁρίζοντας,
1334 894 1448 946 ἀλλ’
1495 897 1544 946 oi
1602 897 1730 964 μὲν-

165 979 392 1037 ἱλασσον,
422 982 470 1032 oi
499 982 552 1032 δὲ
591 982 748 1034 πλέον
787 983 1143 1053 διεστήκασιν.

235 1071 459 1141 Ὁμοίως
493 1072 698 1146 etpost
725 1075 772 1124 οί
817 1074 1064 1144 ἀρκτικο“ι
1092 1073 1197 1126 ἀπὸ
1240 1073 1346 1127 τῶν
1387 1075 1561 1129 πόλων
1604 1077 1700 1147 τὴν

164 1160 276 1232 ίσην
310 1164 604 1216 ἀπόστασιν
651 1163 830 1231 έχουσι
871 1164 1010 1216 κατά
1059 1166 1165 1216 πᾶν
1210 1164 1471 1235 ἔγκλιμα·
1507 1152 1621 1220 ἀλλ’
1653 1169 1700 1219 οἱ

167 1251 258 1321 μὲν
286 1253 563 1315 ἐλάσσονα,
589 1255 637 1304 oi
671 1254 725 1305 δὲ
751 1253 986 1308 πλείονα.
1019 1255 1469 1323 Καταγράφονται
1520 1256 1702 1324 μέντοι

164 1359 220 1408 γε
245 1344 412 1395 πᾶσαι
440 1345 495 1394 at
525 1342 859 1412 περιφέρειαι
887 1342 1021 1412 πρὸς
1052 1342 1142 1396 τὸν
1175 1345 1232 1396 ὲν
1258 1348 1322 1414 τῇ
1367 1344 1568 1398 Ἐλλάδι
1593 1347 1704 1416 ὁρί-

163 1432 335 1495 ζοντα.

228 1520 324 1573 Διά
351 1520 459 1572 τῶν
507 1520 680 1572 πόλων
707 1520 762 1572 δέ
807 1522 912 1573 είσι
955 1522 1162 1586 κύκλοι,
1188 1525 1236 1576 οι
1276 1523 1377 1576 ὑπό
1409 1542 1566 1578 τινων
1609 1525 1703 1578 κό-

163 1612 330 1682 λουροι
375 1611 911 1684 προσαγορευόμενοι,
960 1609 1040 1678 οἷς
1074 1615 1419 1685 συμϐέϐηκεν
1463 1617 1555 1669 ἐπὶ
1596 1617 1704 1670 τῶν

165 1703 302 1754 ίδξων
336 1703 692 1773 περιφερειῶν
727 1705 770 1752 ’³
793 1705 915 1767 τοὺς
955 1705 1048 1757 τοῦ
1090 1706 1291 1775 κόσμου
1321 1706 1511 1769 πόλους
1538 1707 1700 1776 ἔχειν.

164 1795 419 1863 Κόλουροι
466 1795 521 1847 δὲ
577 1794 881 1864 κέκληνται,
931 1796 1018 1848 διὰ
1057 1798 1118 1849 τὸ
1175 1798 1312 1870 μέρη
1357 1800 1488 1852 τινὰ⁹
1528 1799 1705 1852 αὐτῶν

1795 624 1986 677 circuli
2016 623 2082 676 ab
2110 619 2476 692 aequinoctiali
2535 622 2587 674 in
2636 619 2785 674 omni
2833 618 3050 672 climate
3099 617 3340 674 eamdem

1798 715 1994 770 habent
2036 713 2379 780 distantiam;
2422 712 2516 768 sed
2545 713 2732 782 tropici
2764 711 2953 766 circuli
3007 709 3074 765 ab
3125 709 3344 764 arcticis

1797 821 1902 859 non
1925 809 2164 858 eamdem
2195 805 2388 859 habent
2403 803 2714 858 distantiam
2739 803 2795 856 in
2811 801 3063 857 omnibus
3086 801 3341 856 horizon-

1796 893 1962 954 tibus,
1998 893 2091 948 sed
2120 892 2212 946 alii
2245 893 2442 957 minus,
2475 891 2566 945 alii
2594 891 2715 960 plus
2748 891 2972 946 distant.

1869 1067 2130 1122 Similiter
2156 1081 2330 1136 neque
2369 1066 2554 1121 arctici
2597 1080 2629 1120 a
2671 1065 2809 1136 polis
2835 1065 3095 1135 aqualem
3143 1065 3345 1122 habent

1800 1162 2110 1215 distantiam
2138 1161 2191 1215 in
2220 1161 2366 1215 omni
2396 1161 2610 1216 climate
2629 1201 2645 1225 ,
2697 1159 2790 1216 sed
2821 1158 2914 1213 alii
2937 1159 3222 1224 minorem,
3250 1158 3344 1213 alii

1798 1251 2080 1329 majorem.
2114 1250 2503 1308 Describuntur
2525 1258 2707 1307 tamen
2735 1264 2924 1308 omnes
2957 1247 3344 1306 circumtonu-

1801 1343 1890 1396 tiaz
1922 1342 1988 1396 ad
2012 1341 2345 1398 horizontem
2385 1342 2624 1397 Graeciae.

1871 1523 1974 1577 Per
1999 1522 2150 1592 polos
2177 1521 2326 1576 ducti
2357 1521 2547 1576 circuli
2581 1528 2710 1577 sunt
2738 1522 2777 1576 ii
2820 1521 2913 1591 qui
2953 1536 2983 1575 a
3023 1518 3345 1589 quibusdam

1803 1623 2063 1669 vocantur
2088 1611 2276 1675 coluri,
2322 1612 2519 1682 quibus
2572 1611 2832 1682 contingit
2878 1611 2933 1665 iu
2963 1609 3194 1680 propriis
3238 1608 3346 1664 cir-

1804 1705 2171 1759 cumferentiis
2196 1704 2380 1758 mundi
2413 1703 2564 1772 polos
2602 1703 2819 1757 habere.
2848 1701 3125 1757 Vocantur
3169 1709 3347 1758 autem

1805 1796 1997 1857 coluri,
2031 1811 2095 1849 eo
2120 1796 2262 1864 quod
2304 1809 2487 1850 eorum
2516 1801 2697 1863 partes
2742 1795 2933 1863 aliqua:
2960 1795 3070 1851 sint
3099 1793 3347 1850 invisibi-

163 1884 442 1954 ἀθεώρητα
487 1884 744 1951 γίνεσθαι.
792 1887 854 1938 οι
895 1887 988 1956 μὲν
1020 1886 1124 1957 γὰρ
1156 1888 1329 1942 λοιποὶ
1359 1892 1543 1944 κύκλοι
1570 1895 1706 1944 κατὰ

1809 1887 1901 1941 les.
1945 1886 2154 1955 Reliqui
2176 1886 2319 1940 enim
2344 1885 2534 1941 circuli
2561 1886 2659 1938 toti
2689 1892 3005 1953 spectantur
3049 1883 3348 1949 secundum

164 1978 253 2048 τὴν
281 1977 644 2048 περιστροφὴν
674 1977 765 2030 τοῦ
807 1979 1007 2054 κόσμου
1041 1979 1147 2032 ὅλοι
1190 1979 1532 2052 θεωροῦνται.
1588 1983 1706 2036 Τῶν

164 2068 216 2119 δὲ
243 2066 512 2137 κολούρων
541 2067 750 2120 κύκλων
797 2069 934 2139 μέρη
976 2071 1096 2122 τινά
1134 2071 1278 2123 ἐστιν
1310 2069 1610 2142 ἀθεώρητα,
1642 2076 1708 2128 τὰ

168 2158 264 2210 ὑπὸ
286 2158 381 2210 τοῦ
414 2159 766 2230 ἀνταρκτικοῦ
802 2161 904 2211 ὑπὸ
933 2160 1024 2213 τὸν
1058 2162 1302 2229 ὁρίζοντα
1333 2163 1706 2232 ἀπολαμᾱινό-

171 2265 320 2316 μενα.
349 2250 389 2300 Γ
394 2250 649 2318 ράφονται
678 2250 733 2302 δὲ
765 2245 906 2302 οὗτοι
948 2251 998 2301 οἱ
1037 2249 1123 2303 διὰ
1153 2250 1260 2302 τῶν
1290 2251 1463 2304 πόλων
1491 2253 1576 2304 διὰ
1601 2253 1716 2305 τῶν·

167 2339 432 2408 τροπικῶν
465 2340 558 2393 καὶ⁹
599 2337 921 2408 ίσημερινῶν
966 2339 1224 2408 σημείων,
1257 2341 1349 2392 καὶ
1394 2344 1471 2403 είς
1500 2342 1541 2394 δ’
1569 2345 1706 2414 μέρη

171 2427 253 2479 ῐσα
277 2427 541 2497 διαιροῦσι
573 2428 664 2480 τὸν
691 2428 776 2480 διὰ
810 2428 985 2498 μέσων
1009 2429 1116 2482 τῶν
1145 2428 1346 2493 ζωδίων
1376 2430 1587 2488 κύκλον.

232 2515 395 2581 Λοξὸς
435 2516 492 2568 δέ
536 2517 650 2568 ἐστι
677 2517 871 2580 κύκλος
898 2521 927 2571 6
948 2517 1055 2571 τῶν
1103 2517 1167 2588 ιβ’
1209 2519 1412 2584 ζωδίων
1430 2539 1442 2549 ·
1473 2522 1630 2584 αὐτὸς
1653 2523 1707 2576 δὲ

171 2608 230 2658 ἐκ
255 2613 302 2675 τ
351 2605 563 2660 κύκλων
595 2607 945 2678 παραλλήλων
1000 2608 1354 2680 συνέστηκενο
1395 2603 1469 2663 ὦν
1513 2611 1560 2662 οἱ
1614 2613 1708 2680 μὲν

170 2697 228 2749 τὸ
258 2697 457 2759 πλάτος
483 2698 756 2768 ἀφορίζειν
789 2699 1031 2766 λέγονται
1061 2699 1155 2752 τοῦ
1185 2700 1444 2763 ζωδιακοῦ
1477 2704 1670 2755 κύκλου
1691 2723 1703 2734 ·

168 2790 198 2839 ὁ
249 2788 306 2843 δὲ
361 2789 448 2842 διὰ
501 2789 677 2858 μέσων
723 2789 828 2842 τῶν
879 2788 1079 2852 ζωδίων
1127 2790 1382 2844 καλεῖται.
1433 2786 1598 2856 Οὗτος
1654 2795 1708 2845 δὲ

170 2881 460 2947 ἐφάπτεται
484 2879 576 2931 δύο
595 2878 804 2931 κύκλων
842 2879 970 2932 ῐσων
999 2896 1056 2931 τε
1084 2879 1176 2933 καὶ
1202 2882 1553 2950 παραλλήλων
1572 2901 1583 2912 ·
1617 2885 1707 2936 τοῦ

176 2970 267 3036 μὲν
303 2966 515 3038 Θερινοῦ
551 2965 806 3037 τροπικοῦ
837 2966 975 3019 κατὰ
1005 2966 1102 3036 τήν
1129 2965 1218 3018 τοῦ
1253 2967 1526 3036 Καρκίνου
1561 2969 1709 3038 πρώ-

173 3075 264 3127 την
306 3062 520 3128 μοῖραν,
553 3058 642 3111 τοῦ
694 3058 748 3110 δὲ
791 3060 1097 3130 χειμερινοῦ
1142 3058 1399 3128 τροπικοῦ
1429 3039 1568 3111 κατά
1612 3060 1710 3128 τὴν

175 3148 261 3200 τοῦ
300 3148 576 3218 Δίγόκερω
625 3149 843 3218 πρώτην
897 3153 1117 3220 μοῖρανο
1166 3150 1256 3202 τὸν
1299 3149 1355 3203 δὲ
1405 3151 1710 3220 ίσημερινὸν

1808 1976 1990 2031 mundi
2043 1977 2486 2042 conversionem;
2544 1985 2601 2030 at
2657 1975 2966 2030 colurorum
3019 1973 3351 2030 circulorum

1808 2076 1986 2140 partes
2018 2069 2210 2137 aliqua:
2237 2074 2364 2123 sunt
2395 2066 2710 2130 invisibiles,
2745 2080 2823 2121 ea
2849 2065 3100 2121 videlicet
3138 2079 3258 2134 qua
3280 2065 3350 2118 ab

1806 2161 2102 2214 antarctico
2129 2159 2232 2214 sub
2269 2159 2546 2213 horizonte
2593 2158 2974 2214 desumuntur.
3027 2155 3352 2212 Scribuntur

1807 2258 1985 2306 autem
2011 2249 2087 2313 hi,
2112 2251 2201 2319 qui
2231 2265 2326 2319 per
2352 2250 2504 2320 polos
2533 2256 2661 2305 sunt
2687 2247 2856 2312 ducti,
2887 2262 2983 2318 per
3009 2254 3208 2318 puncta
3238 2247 3350 2302 sol-

1807 2346 2026 2400 stitialia
2049 2355 2102 2401 et
2122 2345 2538 2414 mquinoctialia,
2559 2351 2614 2400 et
2639 2343 2694 2397 in
2718 2349 2953 2412 quatuor
2974 2350 3153 2410 partes
3177 2353 3354 2409 aqua-

1808 2433 1886 2489 les
1910 2433 2152 2487 dividunt
2176 2434 2498 2503 eclipticam.

1880 2526 1980 2593 12
2014 2524 2277 2594 Obliquus
2306 2531 2482 2578 autem
2507 2531 2590 2580 est
2610 2523 2848 2580 circulus
2874 2524 2922 2580 is
2945 2523 3037 2592 qui
3065 2520 3349 2577 duodecim

1807 2623 1889 2669 est
1918 2620 2210 2683 signorum.
2252 2614 2348 2669 llic
2381 2631 2506 2670 vero
2531 2631 2598 2670 ex
2632 2615 2807 2670 tribus
2831 2614 3052 2669 circulis
3083 2612 3352 2690 parallelis

1809 2709 2137 2778 compositus
2171 2716 2292 2772 est,
2345 2721 2577 2782 quorum
2635 2707 2689 2760 hi
2737 2705 2955 2776 quidem
3013 2703 3351 2760 latitudinem

1809 2802 2015 2855 zodiaci
2041 2801 2229 2856 circuli
2260 2801 2623 2857 determinare~
2659 2799 2951 2866 dicuntur;
2981 2798 3085 2854 iste
3111 2811 3242 2852 vero
3270 2797 3356 2850 di-

1809 2893 1952 2946 citur
1972 2893 2209 2948 circulus
2237 2907 2332 2963 per
2370 2891 2545 2947 media
2580 2892 2751 2962 signa.
2812 2891 2910 2945 Hic
2958 2889 3170 2958 attingit
3217 2888 3356 2943 duas

1808 2982 2042 3036 circulos
2102 2997 2223 3036 cum
2282 2982 2514 3051 aequales
2547 3023 2562 3046 ,
2629 2991 2741 3035 tum
2790 2981 3120 3051 parallelos:
3162 2991 3354 3047 nempe

1809 3075 2052 3126 :estivum
2099 3073 2367 3142 tropicum
2427 3087 2524 3142 per
2569 3071 2763 3127 Cancri
2817 3073 3046 3141 primam
3102 3078 3351 3141 partem;

1813 3166 2093 3220 hibernum
2135 3179 2262 3218 vero
2309 3164 2577 3234 tropicum
2621 3179 2720 3234 per
2737 3161 3066 3231 'Capricorni
3124 3161 3350 3232 primam

174 3237 287 3307 δίχα
310 3239 496 3307 τέμνει
528 3237 664 3290 κατά
692 3238 787 3307 τὴν
812 3239 903 3292 τοῦ
931 3239 1098 3309 Κριοῦ
1130 3238 1348 3308 πρώτην
1381 3243 1588 3309 μοῖραν,
1622 3241 1711 3294 καὶ

1816 3263 2055 3326 partem;
2093 3255 2519 3325 aequinoctialem
2546 3265 2722 3309 autem
2744 3254 3022 3324 aequaliter
3043 3252 3234 3307 dividit
3258 3267 3354 3322 per

176 3329 311 3382 κατὰ
349 3331 445 3398 τὴν
479 3329 570 3380 τοῦ
613 3327 782 3393 Ζυγοῦ
813 3327 1032 3398 πρώτην
1067 3330 1276 3399 μοῖραν.
1327 3329 1400 3381 Τὸ
1426 3329 1481 3382 δὲ
1518 3331 1715 3395 πλάτος

174 3419 284 3470 ἐστὶ
313 3420 404 3472 τοῦ
432 3418 692 3482 ζωδιακοῦ
729 3418 922 3471 κύκλου
965 3419 1164 3488 μοιρῶν
1206 3418 1290 3487 ιβ’.
1336 3420 1497 3485 Λοξὸς
1529 3421 1585 3473 δὲ
1621 3421 1710 3474 κέ-

176 3507 363 3578 κληται
387 3509 415 3559 ὁ
441 3507 694 3571 ζωδιακὸς
722 3507 934 3573 κύκλος,
958 3508 1045 3562 διὰ
1072 3508 1132 3560 τὸ
1156 3507 1320 3573 λοξῶς
1347 3508 1562 3579 τέμνειν
1592 3513 1714 3572 τοὺς

179 3598 545 3668 παραλλήλους
573 3595 819 3660 κύκλους.

251 3709 474 3779 Ὀρίζων
505 3709 560 3761 δέ
595 3710 706 3762 ἐστι
750 3709 941 3772 κύκλος
968 3713 996 3762 6
1021 3710 1262 3782 διορίζων
1289 3712 1416 3780 ἡμῖν
1442 3713 1502 3763 τό
1531 3728 1589 3763 τε
1616 3728 1714 3778 φα-

176 3798 327 3871 νερὸν
360 3799 452 3852 καὶ
489 3799 548 3852 τὺ
589 3801 784 3867 ἀφανὲς
827 3801 985 3870 μέρος
1023 3800 1113 3854 τοῦ
1150 3801 1372 3872 κόσμου,
1398 3803 1490 3854 καὶ
1517 3802 1716 3871 διχοτο-

181 3883 294 3952 μῶν
323 3884 421 3952 τὴν
453 3884 579 3953 ὃλην
616 3889 843 3954 σφαῖραν
887 3887 979 3938 τοῦ
1009 3887 1211 3957 κόσμου
1231 3904 1245 3918 °
1283 3887 1420 3941 ὥστε
1457 3889 1716 3957 ἡμισφαί-

182 3987 289 4040 ριον
330 3974 428 4040 μὲν
467 3973 604 4043 ὑπὲρ
666 3973 768 4043 γῆν
824 3975 1289 4044 ἀπολαμϐάνεσθαι
1314 4019 1328 4041 ,
1370 3979 1716 4047 ἡμισφαίριον

176 4059 231 4112 δὲ
286 4061 389 4114 ὑπὸ
435 4061 556 4130 γῆν.
609 4063 726 4114 Εἰσὶ
776 4064 832 4116 δὲ
865 4065 913 4116 οἱ
936 4065 1204 4134 ὁρίζοντες
1243 4068 1354 4132 δύο,
1400 4065 1478 4133 εἷς
1537 4070 1632 4139 μὲν
1687 4071 1715 4121 6

179 4149 449 4219 αἰσθητὸς,
485 4151 666 4220 ἕτερος
697 4152 751 4203 δὲ
778 4155 806 4205 6
829 4153 966 4223 λόγῳ
1010 4155 1295 4226 Θεωρητός.
1331 4158 1590 4228 Αίσθητὸς
1621 4162 1715 4228 μὲν

176 4235 264 4292 οὖν
286 4243 430 4293 ὲστιν
444 4242 635 4312 ὁρίζων
653 4246 681 4296 ό
703 4245 804 4297 ὑπὸ
834 4247 929 4315 τῆς
953 4247 1219 4316 ἡμετέρας
1251 4248 1422 4316 ὅψεως
1453 4267 1517 4301 πε
1527 4267 1714 4319 ριγρα-

179 4331 404 4401 φόμενος
429 4333 564 4386 κατά
586 4335 674 4388 τὸν
701 4337 1169 4406 ἀποτερματισμὸν
1183 4339 1280 4408 τῆς
1308 4341 1639 4410 ὁράσεως,ὂς
1658 4343 1716 4393 ού

182 4424 399 4492 μείζονα
410 4426 506 4493 τὴν
522 4425 804 4496 διάμετρον
826 4427 936 4496 ἔχει
960 4429 1182 4482 σταδίων
1205 4430 1246 4499 β’
1266 4447 1280 4460 ο
1299 4433 1328 4483 6
1355 4432 1411 4484 δὲ
1430 4432 1571 4502 λόγῳ
1587 4433 1718 4486 θεω-

182 4515 336 4582 ρητὸς
362 4514 554 4582 ὁρίζων
585 4518 729 4570 ἐστὶν
753 4521 781 4571 6
799 4521 954 4589 μέχρι
970 4521 1065 4589 τῆς
1087 4520 1193 4573 τῶν
1211 4522 1460 4575 ἀπλανῶν
1478 4525 1717 4594 ἀστέρων

1814 3347 2038 3402 Arietis,
2072 3349 2299 3415 primam
2353 3353 2600 3416 partem,
2654 3354 2708 3401 et
2756 3361 2852 3415 per
2902 3344 3076 3402 Libra
3123 3343 3352 3414 primam

1813 3446 2035 3506 partem.
2083 3436 2333 3491 Latitudo
2361 3437 2566 3492 zodiaci
2605 3443 2689 3491 est
2731 3433 2963 3504 partium
3014 3431 3097 3487 li.
3149 3431 3357 3486 Dicitur

1815 3525 2066 3580 zodiacus
2095 3525 2332 3579 circulus
2369 3525 2640 3595 obliquus,
2679 3538 2744 3578 eo
2773 3523 2916 3593 quod
2948 3523 3162 3592 oblique
3207 3529 3358 3577 secat

1814 3614 2044 3666 circulos
2068 3613 2369 3681 parallelos.

1887 3703 2117 3758 Horizon
2139 3713 2222 3759 est
2248 3703 2483 3759 circulus
2511 3705 2602 3773 qui
2624 3704 2778 3760 nobis
2806 3703 3087 3774 distinguit
3112 3710 3166 3760 et
3189 3718 3325 3774 appa
3349 3736 3356 3743 -

1817 3803 2102 3855 rentemet
2124 3810 2230 3849 non
2257 3803 2599 3865 apparentem
2627 3802 2831 3864 partem
2861 3794 3068 3858 mundi,
3098 3802 3153 3848 et
3177 3807 3357 3864 cqua-

1817 3885 1939 3939 litcr
1961 3884 2149 3939 dividit
2189 3892 2357 3939 totam
2411 3886 2673 3956 sphaeram
2721 3885 2930 3947 mundi,
2965 3889 3038 3937 ita
3079 3891 3139 3938 ut
3188 3885 3358 3938 hemi-

1817 3976 2102 4045 sphaerium
2134 3991 2297 4044 supra
2327 3984 2526 4029 terram
2553 3975 2889 4037 desumatur,
2917 3973 3356 4043 hemisphaerium

1817 4082 1943 4120 vero
1970 4066 2109 4119 infra
2137 4074 2356 4120 terram.
2383 4064 2521 4119 Sunt
2540 4075 2716 4118 autem
2744 4065 3052 4120 borizontes
3070 4064 3198 4128 duo,
3216 4079 3358 4120 unus

1816 4157 1908 4227 qui
1938 4163 2022 4211 est
2049 4156 2336 4218 sensibilis,
2371 4157 2505 4212 alter
2528 4157 2617 4226 qui
2649 4156 2856 4210 ratione
2881 4157 3194 4226 percipitur.
3224 4155 3358 4211 Sen-

1818 4247 1990 4301 sibilis
2013 4247 2237 4301 horizdn
2264 4254 2348 4302 est
2373 4247 2465 4316 qui
2491 4261 2521 4299 a
2561 4253 2748 4302 nostro
2769 4247 2890 4302 vlsu
2917 4247 3242 4302 describitur
3270 4262 3356 4301 se-

1817 4336 2052 4390 cundum
2096 4337 2593 4392 determinationem
2648 4336 2832 4400 visus,
2897 4337 2988 4406 qui
3048 4351 3157 4390 non
3200 4335 3362 4394 habet

1819 4427 2073 4493 majorem
2123 4428 2442 4480 diametrum
2479 4424 2664 4481 stadiis
2690 4425 2830 4480 2000
2855 4444 2870 4489 ;
2899 4433 2954 4478 at
2985 4425 3228 4490 horizon,
3268 4425 3359 4493 qui

1819 4519 2024 4572 ratione
2053 4519 2382 4586 percipitur,
2413 4519 2655 4586 pervenit
2689 4518 2755 4570 ad
2777 4516 3041 4585 spheram
3082 4518 3372 4570 stellarum

181 4604 410 4674 εψαίρας
451 4605 669 4676 διήκων,
711 4609 804 4662 καὶ
847 4609 1137 4679 διχοτομῶν
1181 4611 1270 4663 τὸν
1323 4613 1439 4663 ὅλον
1494 4613 1711 4682 κόσμον.

1816 4611 2061 4670 lixarum,
2083 4616 2138 4664 et
2164 4615 2336 4662 totum
2366 4608 2621 4662 mundum
2644 4608 2922 4674 aequaliter
2942 4605 3150 4660 dividit.

243 4695 318 4746 Οὐ
350 4693 487 4746 κατά
512 4698 688 4750 πᾶσαν
717 4698 773 4750 δὲ
802 4693 969 4760 πόλιν,
994 4701 1087 4752 καὶ
1124 4699 1304 4770 χώραν
1334 4704 1361 4754 ὁ
1389 4703 1546 4765 αὐτός
1575 4706 1719 4755 ἐστιν

176 4780 401 4851 ὁρίζων·
444 4783 578 4836 ἀλλά
620 4787 755 4856 πρὸς
798 4789 897 4856 μὲν
941 4787 1038 4857 τὴν
1087 4789 1332 4858 αἴσθησιν
1388 4791 1569 4858 σχεδὸν
1626 4795 1718 4846 ἐπὶ

179 4871 415 4933 σταδίους
460 4879 504 4926 υ¹
537 4876 567 4926 ὁ
607 4876 767 4939 αὐτὸς
805 4877 997 4946 ὁρίζων
1031 4877 1290 4946 διαμένει,
1333 4879 1471 4950 ὥστε
1507 4882 1598 4932 καὶ
1652 4882 1720 4934 τὰ

179 4960 376 5031 μεγέθη
408 4963 514 5016 τῶν
561 4964 796 5034 ήμιρῶν,
843 4968 934 5019 καὶ
971 4967 1030 5019 τὺ
1074 4968 1261 5041 κλίμα,
1295 4971 1386 5022 καὶ
1421 4970 1487 5024 τά
1544 4972 1720 5025 πάντα

176 5051 467 5119 φαινόμενα
491 5053 561 5108 τὰ
587 5055 722 5108 αὐτά
747 5055 1037 5124 διαμένειν.
1370 5118 1374 5121 ι

241 5139 510 5193 Πλειόνων
537 5143 592 5196 δὲ
631 5144 854 5198 σταδίων
885 5148 1176 5214 γινομένων
1209 5151 1347 5202 κατά
1377 5151 1472 5221 τὴν
1501 5151 1715 5222 παραλ-

174 5230 339 5301 λαγὴν
384 5233 481 5301 τῆς
530 5236 808 5304 οίκήσεως,
857 5237 1035 5307 ἕτερος
1080 5239 1273 5307 ὁρίζων
1326 5242 1528 5308 γίνεται
1581 5241 1711 5311 (20),

177 5321 310 5373 κατά
341 5324 402 5374 τὸ
445 5323 610 5394 κλίμα
653 5326 935 5397 διαφέρων,
970 5329 1060 5382 καὶ
1093 5331 1264 5382 πάντα
1309 5333 1376 5384 τὰ
1417 5333 1711 5401 φαινόμενα

238 5477 293 5558 ξ’.
316 5492 403 5544 γρ.
437 5478 788 5546 ήμικυκλίων.

241 5623 352 5699 (20)
382 5629 613 5704 Ἕτερος
639 5631 840 5701 ὁρίζων
879 5637 1114 5704 τίνρται.
1138 5633 1212 5687 ita
1243 5634 1298 5686 in
1327 5634 1556 5704 editis‘et
1585 5635 1694 5688 An-

176 5695 386 5772 glitano
406 5695 601 5772 codice
625 5695 687 5754 ac
721 5695 922 5757 nostro.
960 5703 1241 5772 Perperam
1279 5707 1456 5772 itaque
1486 5701 1691 5772 Salma-

177 5775 284 5816 ειυς
313 5765 490 5833 (Ptin.
525 5767 729 5834 Em.,
762 5789 814 5842 p.
844 5773 941 5827 661
976 5765 1044 5842 υ)
1064 5765 1343 5837 emendat,
1372 5765 1469 5824 ’κάὶ
1493 5770 1551 5824 τὸ
1579 5772 1691 5824 κλίς

1885 4699 2002 4755 Νοη
2029 4705 2111 4755 est
2137 4707 2313 4753 autem
2343 4698 2481 4752 idem
2523 4698 2748 4751 horizon
2778 4712 2874 4767 per
2898 4712 3085 4752 omnes
3116 4696 3278 4750 urbes
3306 4706 3358 4749 et

1819 4791 2085 4859 regiones,
2114 4788 2208 4844 sed
2238 4787 2414 4858 quoad
2440 4802 2658 4843 sensum
2681 4787 2791 4843 fere
2811 4789 2864 4842 iu
2885 4786 3075 4842 stadiis
3094 4786 3198 4840 £00
3216 4785 3358 4841 idem

1820 4881 2040 4934 horizon
2067 4888 2365 4950 permanet,
2387 4880 2460 4932 ita
2503 4887 2560 4932 ut
2600 4888 2655 4934 et
2685 4877 3079 4949 magnitudines
3125 4876 3356 4936 dierum.

1819 4981 1871 5024 et
1895 4966 2072 5036 clima,
2108 4982 2161 5025 et
2189 4983 2378 5025 omnes
2407 4970 2730 5042 apparentia
2754 4967 2953 5024 eadem
2987 4976 3357 5038 permaneant.

1889 5148 2022 5202 Cum
2052 5160 2182 5202 vero
2203 5146 2357 5216 plura
2383 5145 2582 5201 fuerint
2619 5143 2791 5198 stadia
2817 5145 2972 5213 juxta
2995 5144 3358 5198 diversitatem

1822 5237 2189 5304 habitationis,
2221 5238 2361 5292 alius
2391 5236 2450 5289 ﬁt
2483 5235 2727 5297 horizon,
2760 5235 2975 5290 climate
3002 5232 3275 5296 dlﬂ'erens,
3306 5241 3360 5286 et

1819 5346 2004 5385 omnes
2043 5328 2370 5404 apparentia:
2393 5334 2690 5382 mutantur.
2719 5323 3104 5381 Verumtamen
3145 5332 3359 5396 oportet

1801 5653 1885 5710 pa.
1917 5636 2190 5708 διαφέρον,
2221 5640 2366 5710 quod
2415 5639 2545 5710 etsi
2571 5636 2757 5692 eodem
2788 5638 3050 5697 recurrit,
3093 5643 3352 5710 tamenet

1800 5706 2030 5786 vulgatae
2061 5706 2276 5786 lectioni
2312 5709 2586 5765 sententia
2630 5713 2845 5760 constat
2880 5717 2933 5762 et
2977 5717 3176 5760 temere
3205 5708 3347 5761 solli-

1799 5780 1954 5828 citari
1988 5793 2094 5832 non
2133 5780 2251 5836 debv
