4100 6316
763 380 868 435 785
1572 390 1576 394 λ
1797 362 1889 424 AD
1925 365 2189 442 EUSEBil
2227 361 2621 421 CHRONICON
2665 360 3050 417 APPENDIX.‘
3854 357 3938 415 πε

763 497 1128 571 diversitatem
1154 487 1527 552 habitationis,
1552 504 1670 558 quae
1703 487 1805 542 {00
1850 486 2022 542 stadia
2058 490 2310 554 superat,

2437 481 2754 534 ιεταπίπτει.
2792 482 2882 531 Δεῖ
2917 478 3153 548 μέντοιγε
3204 477 3301 546 τὴν
3345 452 3690 571 σξαραλλαγὴν
3745 494 3839 550 της
3871 479 3936 531 ol-

764 584 935 654 accipi
991 569 1287 638 secundum
1338 593 1615 634 accessum
1664 579 1729 633 ad
1785 578 2204 648 septentrionem
2262 582 2315 630 et

2437 574 2622 642 ιήσεως
2654 569 2748 640 τὴν
2797 569 2936 638 ὑπὲρ
2974 574 3019 620 u'
3054 566 3239 629 στάδια
3282 566 3645 636 λαμϐάνεσθαι
3682 568 3818 622 κατὰ
3854 567 3934 636 τὴν

765 674 1063 730 meridiem.
1102 671 1236 726 Nam
1272 671 1338 725 iis
1365 671 1456 740 qui
1487 671 1726 725 habitant
1779 671 1880 724 sub
1917 668 2105 723 eodem
2138 667 2318 736 paral-

767 767 894 828 ieio,
928 773 982 820 et
1027 765 1213 818 decem
1269 762 1505 818 millibus
1556 761 1853 816 stadiorum
1904 775 1934 813 a
1981 775 2038 814 sc
2087 759 2316 812 invicem

765 854 1261 920 distant,‘diversus
1283 850 1498 921 quidem
1527 860 1611 906 est
1641 850 1888 912 horizon,
1923 849 2015 903 sed
2046 849 2204 902 clima
2233 853 2317 901 est

722 941 727 948 ’
767 945 932 1008 idem,
956 958 1253 1013 omnesque
1281 943 1610 1012 apparentia:
1653 948 1780 996 sunt
1811 941 2034 996 similes.
2067 939 2133 991 At
2163 939 2314 1008 prin-

766 1034 929 1103 cipia,
959 1041 1013 1087 et
1039 1036 1172 1088 lines
1211 1033 1421 1087 dierum
1453 1046 1562 1086 non
1609 1031 1770 1086 simul
1815 1030 2068 1084 omnibus
2119 1035 2311 1099 erunt,

767 1131 859 1200 qui
883 1130 936 1182 in
963 1127 1147 1182 eodem
1178 1127 1437 1197 paralleio
1464 1126 1729 1182 habitant.
1756 1111 2063 1179 Secundum
2089 1123 2313 1192 rationis

767 1232 942 1276 autem
962 1227 1207 1274 exactum
1231 1219 1524 1287 judicium,
1554 1220 1736 1274 statim
1765 1233 1888 1272 cum
1919 1218 1978 1271 lit
2022 1217 2100 1271 vel
2150 1216 2313 1270 mini-

767 1325 888 1368 mus
914 1323 1164 1363 accessus
1195 1323 1384 1363 versus
1436 1323 1810 1377 quamcunque
1853 1307 2037 1362 mundi
2087 1317 2311 1376 partem,

766 1411 1001 1459 mutatur
1030 1411 1083 1458 et
1113 1404 1358 1468 horizon,
1382 1410 1436 1457 et
1457 1403 1634 1466 clima,
1662 1417 1958 1472 omnesque
1984 1401 2315 1471 apparentia:

767 1505 892 1553 sunt
923 1497 1168 1552 diversas.

830 1674 1307 1732 Non-describitur
1340 1682 1517 1731 autem
1563 1674 1788 1729 horizon
1818 1674 1872 1726 in
1913 1672 2137 1743 sphreris
2187 1687 2314 1742 pro-

765 1780 881 1842 pter
908 1772 1068 1826 talem
1099 1785 1355 1834 causam,
1407 1768 1550 1838 quod
1605 1767 1798 1837 reliqui
1853 1765 2040 1820 circuli
2094 1781 2308 1829 omnes,

763 1877 886 1916 cum
915 1861 1150 1917 mundus
1181 1862 1250 1916 ab
1277 1868 1402 1914 ortu
1429 1859 1485 1912 in
1527 1873 1776 1913 occasum
1811 1856 1998 1921 fertur,
2028 1870 2135 1910 una
2181 1871 2310 1908 eon-
2347 1856 2368 1892 ἓ

762 1958 1043 2006 vertantur
1072 1958 1125 2007 et
1155 1951 1258 2019 ipsi
1281 1964 1404 2004 cum
1432 1957 1580 2002 motu
1615 1948 1818 2001 mundi.
1854 1947 1916 2000 At
1948 1946 2170 2001 horizon
2212 1959 2309 1998 na-

764 2053 883 2096 tura
907 2050 1002 2098 -est
1033 2043 1348 2108 immobilis,
1374 2055 1692 2110 semperque
1728 2039 1975 2095 eumdem
2015 2049 2192 2094 servat
2234 2037 2312 2091 si-

763 2148 896 2190 tum.
927 2133 984 2188 Si
1012 2135 1174 2205 igitur
1195 2135 1504 2188 horizontes
1529 2133 1964 2187 describerentur
1986 2132 2038 2184 in
2065 2131 2310 2199 sphaeris,

765 2224 990 2293 spira-ris
1021 2223 1203 2286 motis,
1235 2223 1572 2292 contingeret
1604 2229 1657 2276 et
1686 2222 2021 2274 horizontem
2071 2220 2268 2274 moveri
2297 2263 2309 2283 ,

763 2322 817 2366 et
847 2313 960 2368 ﬁeri
984 2314 1330 2370 verticalem:
1366 2313 1510 2382 quod
1541 2328 1649 2366 non
1689 2318 1771 2367 est
1800 2312 2170 2382 cogitandum,
2198 2319 2310 2366 est-

763 2419 868 2475 que
897 2405 1128 2460 alienmn
1165 2420 1193 2459 a
1223 2404 1470 2460 doctrina
1507 2404 1788 2474 sphaerion.
1836 2393 1984 2456 Situs
2012 2411 2190 2458 tamen
2217 2397 2312 2457 Ιιῦ-

766 2496 990 2553 rizontis
1009 2513 1075 2553 ex
1108 2497 1444 2568 receptaculo
1479 2497 1698 2566 sphaera:
1729 2495 2067 2566 intelligitur.

835 2753 1164 2811 Meridianus
1193 2763 1275 2810 est
1303 2756 1562 2823 circulus,
1603 2754 1693 2826 qui
1729 2772 1822 2827 per
1848 2757 2035 2825 mundi
2066 2745 2220 2828 polos
2261 2765 2315 2812 et

763 2861 859 2919 per
887 2857 1141 2917 punctum
1158 2849 1423 2904 'verticaie
1456 2849 1797 2914 describitur,
1825 2851 1890 2905 ad
1921 2866 2078 2920 quem
2115 2851 2205 2905 ubi
2234 2851 2313 2904 soi

743 2939 1024 3012 pervenit,
1047 2939 1361 2996 medietates
1387 2939 1614 3006 dierum,
1645 2948 1698 2996 et
1726 2943 2042 2998 medictates
2072 2943 2311 2998 noctium

759 3027 939 3084 cﬂicit.
966 3027 1060 3084 Est
1093 3036 1146 3084 et
1180 3030 1268 3084 hic
1297 3031 1534 3086 circulus
1573 3032 1861 3089 immobilis
1899 3033 1952 3086 in
1985 3035 2220 3098 mundo,
2260 3042 2313 3088 et

758 3119 1008 3175 eumdem
1035 3120 1210 3174 locum
1243 3123 1438 3175 retinet
1479 3123 1532 3176 in
1577 3132 1686 3177 tota
1718 3124 1901 3179 mundi
1937 3107 2308 3188 conversione.

760 3206 946 3281 Reque
984 3211 1071 3264 hic
1097 3211 1334 3266 circulus
1371 3215 1696 3268 describitur
1743 3216 1798 3268 in
1839 3217 2065 3286 sphaeris
2093 3217 2311 3273 stellife-

762 3303 860 3366 ris,
889 3317 953 3357 eo
985 3303 1129 3373 quod
1158 3311 1212 3358 et
1262 3304 1555 3362 immobilis
1596 3308 1666 3362 sit
1685 3348 1699 3373 ,
1728 3323 1827 3362 nec
1853 3310 2017 3362 ullam
2067 3310 2313 3363 admittat

761 3395 1134 3450 mutationem.

829 3659 948 3715 Non
967 3667 1052 3716 est
1070 3668 1260 3722 autem
1289 3675 1384 3730 per
1414 3675 1602 3717 omnes
1631 3661 1875 3732 regiones
1902 3669 1954 3715 et
1985 3661 2145 3717 urbes
2169 3661 2312 3716 idem

759 3752 1095 3808 meridianus
1122 3769 1135 3804 :
1168 3752 1262 3806 sed
1287 3750 1463 3822 qtioad
1487 3766 1728 3816 sensum,
1758 3751 1870 3834 fere
1897 3753 1962 3806 ad
1995 3752 2166 3807 stadia
2188 3753 2310 3818 500,

759 3843 900 3901 idem
928 3851 1202 3914 permanet
1241 3841 1610 3898 meridianus:
1662 3843 1840 3913 quoad
1896 3844 2123 3899 rationis
2171 3844 2314 3914 judi-

760 3934 930 4000 cium,
961 3937 1141 3991 statim
1173 3951 1297 3990 cum
1338 3935 1394 3990 lit
1429 3936 1941 4006 quantuluscunque
1990 3950 2321 4006 progressus

760 4028 846 4081 vel
873 4041 1064 4084 versus
1099 4028 1382 4091 orientem,
1408 4029 1492 4083 vel
1526 4042 1716 4082 versus
1751 4042 2005 4082 occasum
2027 4067 2041 4092 ,
2090 4028 2228 4082 alius
2256 4027 2313 4079 lit

763 4119 1114 4175 meridianus.
1183 4119 1315 4172 Nam
1376 4118 1670 4174 secundum
1726 4135 2071 4190 progressum
2125 4135 2314 4174 versus

761 4211 1208 4282 septentrionem,
1229 4220 1281 4265 et
1305 4226 1494 4265 versus
1523 4211 1820 4273 meridiem,
1844 4211 2057 4266 etiamsi
2091 4213 2314 4267 interce-

745 4307 891 4361 -dant
924 4302 1221 4380 stadiorum
1250 4302 1434 4356 decem
1487 4302 1650 4355 millia
1670 4344 1684 4367 ,
1737 4310 1914 4357 tamen
1947 4303 2086 4358 idem
2134 4311 2315 4358 manet

761 4397 1136 4453 iueridianus:
1181 4392 1478 4467 secundum
1532 4408 1877 4464 progressum
1909 4411 2034 4449 vero
2079 4396 2146 4450 ab
2192 4404 2316 4451 ortu

2417 664 2548 733 πρὸς
2595 664 2794 732 ἄρκτον
2837 662 2926 713 καὶ
2965 655 3098 728 πρὸς
3149 657 3489 729 μεσημϐρίαν
3542 658 3933 729 πάροδονωΤοίς

2419 750 2514 820 μὲν
2542 750 2647 820 γᾶρ
2676 750 2766 800 ἐπὶ
2791 748 2885 799 τοῦ
2923 747 3084 800 αὑτοῦ
3115 743 3452 815 παραλλήλου
3477 745 3698 807 οἰκοῦσι,
3726 747 3818 798 καὶ
3843 745 3934 797 ἀπὸ

2418 842 2618 911 μυρίων
2651 839 2872 892 σταδίων
2903 841 3251 909 ὑπάρχουσιν,
3285 840 3313 888 ὁ
3344 837 3440 906 μὲν
3469 821 3660 906 ὁρίζων
3704 839 3816 889 ἐστὶ
3837 836 3933 890 διὰ·

2415 949 2594 1001 φορος,
2623 932 2683 983 τὸ
2708 931 2763 983 δὲ
2795 929 2962 998 κλίμα
2995 929 3053 980 τὸ
3081 928 3227 991 αὐτὸ,
3256 928 3346 979 καὶ
3379 927 3552 980 πάντα
3576 929 3642 980 τὰ
3669 929 3934 998 φαινόμενα

2391 1015 2779 1094 ⁴ιττσιραπλήσια.
2814 1022 2878 1085 Δί
2930 1021 3172 1089 μέντοιγε
3208 1020 3372 1089 ἀρχαὶ
3417 1021 3509 1072 καὶ
3551 1021 3785 1073 τελευταὶ
3841 1020 3930 1072 τῶν

2414 1113 2630 1185 ἡμερῶν
2663 1113 2758 1182 οὐχ
2789 1113 2902 1180 ἅμα
2949 1113 3111 1163 πᾶσιν
3143 1110 3355 1164 ἔσονται
3400 1113 3508 1174 τοῖς
3542 1111 3629 1162 ἐπὶ
3656 1111 3743 1163 τοῦ
3791 1110 3931 1162 αὐτοῦ

2405 1203 2766 1276 παραλλήλου
2797 1201 3033 1256 οίκοῦσι’
3089 1203 3228 1256 κατὰ
3276 1202 3331 1254 δὲ
3382 1202 3478 1270 τὴν
3524 1202 3656 1272 πρὸς
3689 1203 3932 1270 τὸνλόγον

2413 1296 2693 1366 ἀκρίϐειαν
2755 1296 2885 1364 ἅμα
2928 1294 3004 1364 τῷ
3066 1292 3375 1362 στιγμιαίαν
3432 1293 3656 1364 πάροδον
3710 1293 3930 1360 γενέσθαι

2414 1386 2531 1438 καθ’
2566 1383 2838 1436 ὁποιονοῦν
2874 1383 3034 1454 μέρος
3061 1383 3152 1435 τοῦ
3202 1382 3426 1452 κόσμου,
3458 1383 3770 1452 μεταπίπτει
3803 1381 3882 1434 καὶ
3907 1384 3933 1431 ὁ

2412 1476 2624 1547 ὁρίζων,
2671 1475 2762 1529 καὶ
2807 1475 2867 1527 τὸ
2911 1475 3163 1544 ἔγκλιμα,
3199 1475 3292 1526 καὶ
3337 1475 3512 1526 πάντα
3558 1474 3623 1527 τὰ
3668 1474 3931 1542 φαινόμενα

2412 1568 2656 1638 διάφορα.

2419 1710 2423 1713 _
2482 1661 2554 1713 Ού
2589 1659 2989 1727 καταγράφεται
3020 1657 3092 1710 ίδὲ
3135 1660 3163 1710 6
3195 1658 3388 1730 ὁρίζων
3432 1659 3489 1710 ὲν
3536 1661 3651 1718 ταῖς
3704 1657 3933 1726 σφαίραις

2413 1753 2478 1808 δι’
2514 1752 2687 1805 αἰτίαν
2721 1750 2992 1819 τοιαύτην,
3021 1751 3100 1802 ὅτι
3126 1752 3175 1802 οἱ
3211 1751 3307 1820 μὲν
3337 1749 3507 1800 λοιποὶ
3534 1747 3710 1801 κύκλοι
3734 1749 3929 1809 πάντες,

2413 1840 2705 1912 φερομένου
2740 1839 2831 1891 τοῦ
2870 1840 3069 1909 κόσμου
3109 1840 3202 1891 ἀπ’
3235 1839 3505 1892 ἀνατολῶν
3536 1839 3627 1890 ἐπὶ
3657 1839 3745 1908 τὴν
3777 1836 3928 1896 δύσιν,

2414 1932 2967 2002 συμπεριστρέφονται
3008 1932 3101 1983 καὶ
3152 1930 3303 1981 αὐτοὶ
3349 1929 3465 2000 ἅμα
3517 1932 3583 1999 τῇ
3630 1928 3714 1981 τοῦ
3748 1929 3930 1997 κόσμου

2412 2025 2646 2093 κινήσει·
2682 2023 2710 2074 ὁ
2741 2023 2795 2075 δὲ
2827 2022 3019 2093 ὁρίζων
3050 2023 3164 2073 ἐστὶ
3211 2018 3367 2089 φύσει
3416 2021 3683 2091 ἀκίνητος,
3715 2021 3806 2090 τὴν
3845 2021 3933 2072 aiio

2411 2115 2506 2185 τὴν
2529 2113 2678 2178 τάξιν
2714 2113 3081 2182 διαφυλάττων
3109 2112 3196 2165 διὰ
3223 2111 3440 2173 παντός.
3473 2113 3533 2164 Ei
3566 2109 3654 2163 οὖν
3695 2111 3931 2180 κατεγρά-

2414 2198 2570 2274 φοντο
2604 2207 2652 2256 οἱ
2699 2193 2969 2274 ὁρίζοντες
3025 2207 3082 2256 ὲν
3129 2205 3247 2268 ταῖς
3285 2203 3534 2275 σφαίραις
3589 2202 3932 2273 στρεφομένων

2413 2296 2608 2361 αὐτῶν,
2663 2296 2964 2349 συνέἦαινεν
3010 2295 3074 2348 ἂν
3119 2296 3207 2348 τὸν
3255 2295 3500 2364 ὁρίζοντα
3542 2292 3804 2355 κινεῖσθαι,
3850 2291 3934 2343 καὶ

2413 2389 2552 2444 κατὰ
2581 2389 2821 2461 κορυφὴν
2863 2387 3139 2457 γίνεσθαι·
3169 2387 3303 2457 ὅπερ
3332 2386 3475 2438 ἐστὶν
3502 2384 3812 2452 ἀδιανόητον,
3853 2381 3937 2432 καὶ

2413 2482 2684 2554 ἀλλότριον
2735 2480 2827 2533 τοῦ
2874 2478 3158 2550 σφαιρικοῦ
3208 2479 3386 2544 λόγου.
3447 2476 3582 2528 Ύπὸ
3627 2476 3718 2545 μέν
3761 2490 3817 2541 γε
3844 2471 3931 2539 τῆς

2416 2573 2780 2642 σφαιροοήκης
2837 2570 2944 2640 (21)
3008 2573 3041 2638 ἡ
3103 2569 3196 2621 τοῦ
3266 2567 3538 2638 ,ὁρίζοντος
3597 2566 3735 2628 Θέσις
3789 2580 3933 2616 κατα-

2414 2667 2629 2718 νοεῖται.
3303 2655 3313 2664 ’

2481 2755 2862 2828 Μεσημὸρινὸς
2891 2756 2949 2809 δέ
2975 2757 3090 2809 ἐστι
3120 2753 3315 2818 κύκλος
3333 2754 3368 2805 ⁴ὁ
3397 2752 3484 2805 διὰ
3515 2751 3621 2804 τῶν
3640 2749 3725 2803 τοῦ
3752 2749 3933 2817 κόσμου

2414 2848 2588 2902 πόλων
2631 2849 2846 2902 καὶτοῦ
2899 2849 3035 2902 κατὰ
3073 2849 3312 2918 κορυφὴν
3363 2845 3588 2915 σημείου
3626 2841 3932 2913 γραφόμενος

2417 2939 2690 3011 [κύκλοςο]
2747 2942 2830 3008 ἐφ’
2875 2935 2936 2994 οὗ
2987 2940 3270 3008 γενόμενος
3315 2939 3342 2989 ὁ
3384 2937 3533 3007 ἥλιος
3564 2934 3632 2987 τὰ
3667 2934 3796 3004 μέσα
3839 2927 3930 2980 τῶν

2415 3023 2631 3103 ἡμερῶν
2656 3033 2746 3085 καὶ
2779 3032 2844 3085 τὰ
2877 3030 3015 3100 μέσα
3052 3030 3160 3100 τῶν
3193 3027 3398 3082 νυκτῶν
3441 3030 3686 3080 ποιεῖται.
3718 3024 3815 3078 Καὶ
3853 3014 3932 3072 οὖ-

2412 3144 2501 3189 τος
2547 3127 2602 3178 δέ
2649 3128 2792 3177 ἐστιν
2846 3125 2874 3176 ὁ
2930 3122 3126 3183 κύκλος
3175 3120 3427 3188 ἀκίνητος
3489 3120 3548 3169 ὲν
3615 3116 3690 3185 τῷ
3751 3116 3932 3182 κόσμῳ,

2414 3219 2506 3270 καὶ
2554 3216 2649 3286 τὴν
2695 3213 2862 3284 αὐτὴν
2914 3197 3062 3276 τάξιν
3092 3209 3459 3278 ὂιαφυλόισσων
3503 3209 3561 3259 ἐν
3612 3207 3702 3275 ὅλῃ
3750 3207 3820 3286 τῇ.
3853 3201 3932 3253 τοῦ

2413 3281 2620 3376 κόσμου’
2663 3281 3011 3376 περιστροφῇ.
3063 3305 3136 3357 Ού
3189 3301 3595 3372 καταγράφεται
3639 3298 3692 3350 δὲ
3725 3281 3832 3348 οὐδὲ
3859 3285 3934 3345 οὗ·

2412 3416 2499 3461 τος
2525 3401 2551 3450 ό
2577 3397 2770 3459 κύκλος
2800 3399 2856 3448 έν
2881 3399 2997 3459 ταῖς
3026 3395 3541 3465 κατηστερισμέναις
3578 3392 3835 3461 σφαίραις.
3861 3385 3931 3438 διὰ

2411 3490 2472 3543 τὸ
2496 3491 2589 3542 καὶ
2619 3489 2871 3558 ἀκίνητος
2897 3483 3056 3552 εἶναι,
3093 3489 3187 3541 καὶ
3213 3485 3476 3557 μηδεμίαν
3505 3481 3829 3553 ἐπιδέχεσθαι
3860 3494 3933 3548 με·

2413 3581 2707 3634 τάπτωσιν.

2481 3672 2555 3725 Ού
2589 3671 2728 3725 κατὰ
2760 3673 2938 3725 πᾶσαν
2972 3669 3027 3722 δὲ
3054 3667 3236 3740 χώραν
3268 3670 3360 3722 καὶ
3405 3669 3555 3721 πόλιν
3600 3669 3629 3719 ὁ
3662 3666 3810 3727 αὑτός
3837 3664 3930 3714 ἐστι

2417 3760 2810 3833 μεσημϐρινός·
2853 3759 2985 3811 ἀλλὰ
3030 3758 3162 3828 πρὸς
3210 3757 3303 3827 μὲν
3353 3757 3448 3822 τὴν
3499 3755 3740 3826 αἴσθησιν
3780 3748 3932 3821 σχεδὸν

2413 3853 2504 3904 ἐνὶ
2532 3850 2772 3911 σταδίους
2803 3855 2846 3901 τ’
2874 3850 2902 3900 ὁ
2935 3847 3092 3910 αὐτὸς
3127 3844 3496 3916 μεσημϐρινὸς
3526 3844 3786 3914 διαμένει·
3821 3837 3930 3910 πρὸς

2412 3944 2468 3996 δὲ
2494 3943 2590 4013 τὴν
2631 3943 2688 3994 ὲν
2728 3938 2804 4010 τῷ
2831 3940 2971 4009 λόγῳ
3001 3938 3300 4010 ἀκρίϐειαν,
3331 3937 3552 4008 ἃμα-τῷ
3586 3938 3682 4008 τὴν
3703 3933 3930 4005 τυχοῦσαν

2413 4033 2654 4102 γίνεσθαι
2701 4031 2929 4103 πάροδον
2969 4029 3002 4101 ἢ
3054 4031 3188 4101 πρὸς
3231 4028 3489 4100 ἀνατολὴν
3531 4031 3562 4100 ἢ
3614 4026 3744 4099 πρὸς
3778 4024 3928 4084 δύσιν,

2413 4125 2594 4196 ἔτερος
2645 4123 2849 4192 γίνεται
2903 4121 3285 4192 μεσημϐρινός.
3335 4119 3490 4173 Κατὰ
3539 4120 3648 4191 ,μὲν
3715 4118 3812 4188 γὰρ
3852 4111 3930 4181 τὴν

2415 4224 2547 4294 πρὸς
2585 4222 2782 4293 ἄρκτον
2815 4203 2907 4273 καὶ
2933 4218 3067 4290 πρὸς
3100 4216 3440 4289 μεσημϐρίαν
3472 4216 3717 4286 πάροδον,
3741 4213 3824 4267 καὶ
3857 4209 3932 4264 ἐὰν

2419 4308 2618 4384 μεταξὺ
2659 4311 2837 4383 μύριοι
2869 4311 3070 4364 στάδιοι
3104 4310 3425 4380 ὑπάρχουσι,
3447 4309 3476 4359 ὁ
3500 4308 3660 4370 αὐτὸς
3692 4308 3827 4377 μένει
3853 4318 3931 4373 με·

2419 4403 2710 4476 σημὸρινός
2732 4417 2747 4433 ο
2784 4401 2924 4456 κατὰ
2973 4401 3029 4455 δὲ
3075 4401 3171 4472 τὴν
3215 4399 3310 4453 ἀπ’
3339 4397 3598 4467 ἀνατολῆς
3641 4397 3767 4468 πρὸς
3809 4392 3933 4447 δύσιν

759 4486 951 4547 vorsus
971 4485 1551 4545 occasumdill'erentize
1570 4487 1838 4543 exsistunt
1865 4488 2308 4542 meridianorum.

2437 4497 2646 4567 τάροδον
2679 4495 2928 4567 διαφοραὶ⁵
2963 4491 3364 4564 μεσημϐρινῶν.

723 4579 744 4637 ῒ
829 4581 1093 4652 Obliquus
1114 4582 1276 4635 etiam
1300 4588 1382 4636 est
1413 4581 1653 4634 circulus
1685 4581 1781 4635 viae
1811 4580 2014 4634 iaeteae.
2047 4579 2146 4634 llic
2170 4583 2312 4635 enim

761 4676 1001 4732 circulus
1042 4672 1234 4743 majori
1276 4671 1561 4727 latitudine
1587 4673 1898 4743 obliquatus
1928 4680 2029 4735 est,
2060 4689 2224 4742 quam
2257 4679 2316 4725 ut

763 4769 904 4824 inter
933 4771 1170 4837 trepieos
1199 4767 1564 4829 contineatur,
1590 4776 1644 4821 et
1667 4768 2002 4836 compositus
2023 4777 2194 4823 estex
2239 4778 2317 4824 te-

659 4911 665 4931 ,
727 4860 970 4933 _nuitate
1001 4859 1302 4914 nebulosa:
1335 4857 1484 4912 solus
1527 4858 1688 4930 etiam
1751 4859 1839 4918 hic
1889 4858 1965 4912 in‘
2006 4860 2209 4915 mundo
2235 4868 2318 4915 est

761 4951 1114 5020 conSpicuus.
1147 4949 1279 5019 Ejus
1325 4948 1557 5004 latitudo
1586 4964 1693 5003 non
1734 4958 1818 5005 est
1861 4950 2115 5005 distincta
2147 4991 2162 5014 ,
2219 4952 2311 5007 sed

762 5041 1060 5099 Iccundum
1092 5041 1224 5096 alias
1273 5049 1455 5111 partes
1495 5041 1585 5095 hic
1634 5041 1870 5107 circulus
1903 5051 1984 5099 est
2016 5043 2197 5106 latior,
2224 5059 2314 5098 se-

761 5132 998 5190 cundum
1033 5133 1168 5187 alias
1208 5133 1505 5201 angustior.
1539 5131 1620 5186 Ob
1656 5146 1816 5202 quam
1844 5147 2068 5189 causam
2099 5133 2153 5186 in
2192 5135 2313 5201 piu-

762 5223 918 5282 rimis
969 5223 1195 5294 opinaris
1243 5238 1311 5277 ne
1344 5224 1674 5280 describitur
1705 5224 1919 5293 quidem
1974 5227 2071 5280 viae
2131 5226 2317 5279 lactea:

762 5315 1021 5372 circulus.
1057 5314 1153 5370 Est
1184 5322 1238 5372 et
1279 5315 1367 5370 hic
1399 5331 1542 5371 unus
1571 5317 1924 5384 maximorum
1960 5319 2312 5372 circulorum.

764 5402 981 5460 Iaximi
1012 5405 1157 5459 enim
1201 5405 1256 5460 in
1299 5405 1524 5475 sphaeris
1574 5406 1828 5461 dicuntur
1866 5406 2054 5462 circuli
2105 5407 2179 5461 illi
2225 5407 2318 5478 qui

765 5499 906 5553 idem
962 5497 1592 5568 cum‘sphaerahabent
1633 5510 1897 5554 centrum.
1953 5498 2092 5554 Sunt
2133 5508 2314 5555 autem

831 5652 878 5684 ³⁸
907 5667 994 5722 γρ.
1036 5652 1096 5705 οὐ
1134 5649 1476 5722 κεχώρισται.

2483 4587 2647 4652 Λοξὸς
2667 4586 2722 4639 δέ
2751 4589 2866 4640 ἐστι
2883 4585 3076 4646 κύκλος
3097 4585 3190 4638 καὶ
3206 4587 3234 4637 ὁ
3251 4582 3343 4636 τοῦ
3369 4581 3652 4650 γάλακτος.
3676 4574 3826 4638 Oho;
3855 4571 3932 4643 μὲν
4015 4585 4028 4589 ’

2421 4677 2616 4749 μείζων
2637 4678 2824 4732 πλάτει
2855 4677 3140 4742 λελόξωται
3169 4655 3276 4729 τῶν
3305 4673 3575 4746 τροπικῶν
3617 4669 3830 4730 κύκλων,
3859 4681 3933 4716 συ-

2417 4769 2638 4840 νέστηκε
2665 4769 2722 4822 δὲ
2755 4772 2818 4821 ὲκ
2847 4767 3248 4839 βραχυμερείας
3276 4763 3633 4834 νεφελοειδοῦς
3651 4779 3664 4793 ·
3695 4760 3781 4814 καί
3813 4757 3932 4808 ἐστιν

2417 4862 2474 4913 ὲν
2503 4861 2580 4932 τῷ
2622 4862 2809 4931 κόσμῳ
2845 4862 3001 4930 μόνος
3053 4858 3345 4931 θεωρητός.
3390 4856 3504 4928 Οὐχ
3547 4854 3764 4928 ὥρισται
3809 4850 3849 4880 ³⁸
3885 4846 3931 4898 δὲ

2419 4953 2581 5007 αὑτοῦ
2614 4956 2673 5006 τό
2709 4952 2927 5023 πλάτος,
2957 4951 3089 5004 ἀλλὰ
3129 4949 3265 5004 κατὰ
3310 4950 3406 5020 μέν
3437 4967 3560 5003 τινα
3610 4947 3742 5017 μέρη
3763 4937 3932 4995 πλατύ·

2416 5047 2570 5116 τερός
2603 5048 2736 5100 ἐστι.
2770 5044 2904 5098 κατὰ
2924 5044 2976 5096 δέ
3000 5062 3118 5097 τινα
3140 5043 3464 5114 στενότερος.
3485 5041 3562 5093 Δι’
3594 5041 3770 5108 ἥντινα
3788 5032 3932 5088 αἰτίαν

2418 5138 2473 5188 ἐν
2516 5140 2632 5198 ταῖς
2665 5136 2938 5198 πλείσταις
2965 5135 3219 5205 σφαίραις
3237 5135 3357 5187 οὐδὲ
3389 5129 3782 5200 καταγράφεται
3804 5127 3830 5176 6
3857 5117 3932 5175 τοῦ

2416 5225 2679 5294 γάλακτος
2697 5225 2910 5290 κύκλος.
2935 5227 3086 5280 ’Ἐστι
3103 5227 3157 5279 δὲ
3178 5227 3270 5279 καὶ
3288 5220 3438 5286 οὗτος
3453 5222 3559 5276 τῶν
3595 5220 3840 5290 μεγίστων
3864 5208 3938 5263 κύ·

2417 5320 2577 5373 γλων·
2590 5321 2831 5390 μέγιστοι
2845 5319 2949 5388 γὰρ
2963 5322 3018 5372 ἐν
3037 5317 3286 5388 σφαίραις
3302 5316 3542 5382 λέγονται
3559 5311 3790 5367 κύκλοιοί
3805 5301 3935 5359 τὸαύ-

2419 5413 2481 5464 τὺ
2499 5413 2720 5483 κέντρον
2751 5412 2959 5482 ἔχοντες
2998 5416 3054 5484 τῇ
3075 5411 3295 5480 σφαίρᾳ.
3315 5409 3434 5462 Εἰσὶ
3450 5407 3506 5460 δὲ
3533 5408 3764 5479 μέγιστοι
3779 5395 3931 5484 κύκλοι

2420 5505 2588 5560 ἑπτά’
2628 5504 2956 5577 ίσημερινδς,
2997 5483 3278 5570 ζωδιακὸς,
3323 5501 3416 5555 καὶ
3457 5501 3488 5553 ὁ
3519 5499 3615 5554 διὰ
3649 5497 3813 5569 μέσων
3846 5483 3932 5541 τῶν

835 5769 944 5840 (⁸21)
1006 5769 1138 5822 ’γ’κὸ
1187 5769 1300 5838 μέν
1351 5785 1417 5838 τε
1470 5767 2048 5841 τῆςσφαφοθήκης.
2098 5769 2226 5842 Leg.
2285 5772 2413 5829 ἀπό.
