4100 6316
167 523 266 580 785

1246 522 1484 579 GEMINI
1522 523 1887 581 ELEMEN‘I'A
1926 526 2412 586 ASTRONOMLE.

3268 533 3371 589 786

170 639 389 705 ζωδίων,
426 642 480 694 οι
522 641 609 695 διᾶ
650 641 755 695 τῶν
806 641 993 705 πόλων,
1020 643 1047 695 6
1090 641 1207 695 καθ’
1240 643 1473 712 ἑκάστην
1517 643 1723 708 οἵκησιν

1828 646 2045 700 maximi
2080 646 2271 701 circuli
2304 655 2512 716 septem
2542 664 2557 699 ι
2609 645 3031 715 aequinoctialis,
3087 644 3369 711 zodiacus,

168 732 432 801 διορίζων,
460 733 490 785 6
523 732 899 802 μεσημϐρινὸς,
918 735 947 784 6
972 733 1065 786 τοῦ
1088 734 1371 803 γάλακτος.

1830 744 1884 789 et
1914 737 2151 792 circulus
2187 752 2281 807 per
2326 736 2643 792 medietates
2689 737 3006 808 signorum;
3055 737 3243 791 circuli
3279 750 3372 804 per

170 823 354 890 polos,
386 822 623 875 circulus
651 822 739 891 qui
778 822 832 874 in
877 823 1023 877 omni
1075 822 1407 878 habitatione
1463 824 1563 895 13
1624 824 1793 880 visam
1830 825 2017 880 mundi
2061 832 2267 897 partem
2319 841 2350 879 a
2397 841 2505 882 non
2554 824 2669 882 visa
2708 832 2952 897 separat,
3004 826 3372 889 meridianus,

167 923 222 968 et
247 915 496 970 circulus
525 916 625 970 via:
650 916 851 971 lacteaa.

690 1036 1076 1089 ΚΕΦΑΛΜΟΝ
1122 1038 1194 1091 Εσ.

553 1149 690 1217 Περὶ
722 1150 941 1220 ἡμέρας
972 1150 1068 1203 καὶ
1098 1152 1334 1217 νυκτός.

244 1260 459 1332 Ἡμέρα
492 1264 703 1331 λέγεται
729 1265 915 1333 διχῶς⁶
950 1264 1067 1318 καθ’
1101 1266 1194 1319 ἕνα
1234 1266 1331 1336 μὲν
1363 1282 1556 1336 τροπον
1596 1266 1718 1337 χρό-

168 1366 253 1411 νος
282 1353 310 1404 6
340 1352 451 1405 ἀπὸ
476 1354 733 1425 ἀνατολῆς
761 1355 909 1425 ἡλίου
940 1356 1098 1426 μέχρι
1129 1356 1359 1420 δύσεως·
1392 1355 1511 1409 καθ’
1540 1357 1721 1425 ἕτερον

165 1442 221 1494 δὲ
246 1443 450 1513 τρόπον
480 1447 659 1516 ἡμέρα
704 1447 916 1515 λέγεται
945 1451 1130 1518 χρόνος
1157 1452 1185 1501 6
1224 1450 1312 1516 ἀφ’
1340 1448 1487 1518 ἡλίου
1530 1450 1721 1501 ἀνατο-

167 1532 262 1602 λῆς
298 1534 493 1606 μέχρις
540 1537 690 1607 ἡλίου
733 1536 885 1603 αὖθις
938 1540 1216 1610 ἀνατολῆς.
1264 1542 1414 1593 Ἐστι
1444 1540 1499 1593 δὲ
1543 1540 1722 1611 ἡμέρα

104 1675 109 1678 ,
168 1624 305 1677 κατὰ
334 1626 430 1679 τὸν
474 1628 717 1699 δεύτερον
761 1632 956 1700 τρόπον
994 1632 1085 1685 τοῦ
1121 1633 1321 1703 κόσμου
1366 1633 1720 1704 περιστροφή,

166 1716 258 1767 καὶ
284 1717 390 1785 τῆς
415 1720 761 1790 περιφερείας
792 1721 1115 1793 [ἁνατολῆς],
1149 1724 1212 1793 ῆν
1237 1726 1265 1776 δ
1294 1724 1441 1793 ἥλιος
1469 1722 1724 1794 μεταϐαί-

166 1821 244 1857 νει
284 1807 616 1871 ὑπεναντίως
667 1810 975 1881 κινούμενος
1010 1812 1084 1881 τῷ
1130 1813 1319 1883 κόσμῳ
1360 1816 1417 1867 ὲν
1457 1817 1520 1883 τῇ
1567 1830 1721 1883 περι-

169 1904 377 1971 στροφῇ
406 1902 497 1955 τοῦ
520 1904 741 1973 κόσμου.
773 1906 848 1958 Δι’
876 1907 940 1976 ἢν
964 1908 1139 1960 αίτίαν
1164 1908 1268 1959 οὐδ’
1294 1907 1405 1959 ἔστι
1427 1907 1487 1958 τὸ
1521 1922 1721 1973 συναμ-

2446 1035 2668 1093 CAPUT
2720 1037 2802 1093 Υ..

2390 1148 2467 1204 De
2504 1149 2587 1204 die
2619 1158 2668 1203 et
2704 1158 2880 1237 nacta,

1892 1263 2018 1318 Dies
2063 1262 2264 1317 dicitur
2294 1262 2599 1332 dupliciter,
2620 1259 2629 1266 ’
2649 1278 2757 1317 uno
2789 1263 2947 1318 modo
2979 1272 3193 1335 tempus
3241 1265 3374 1323 illud

1823 1352 1963 1422 quod
2008 1360 2089 1407 est
2122 1354 2188 1407 ab
2220 1362 2340 1407 ortu
2375 1354 2505 1409 solis
2536 1369 2704 1425 usque
2751 1354 2818 1409 ad
2859 1369 3111 1410 occasum
3147 1376 3159 1412 :
3203 1356 3374 1415 altero

1825 1443 2003 1510 modo,
2037 1444 2153 1498 dies
2177 1444 2379 1499 dicitur
2430 1454 2644 1514 tempus
2683 1445 2825 1513 quod
2866 1453 2962 1499 est.
2992 1444 3059 1499 ab
3090 1453 3209 1499 ortu
3239 1448 3373 1502 solis

1824 1551 1995 1604 usque
2035 1534 2101 1588 ad
2140 1535 2444 1604 proximum
2486 1546 2661 1589 ortum
2705 1537 2859 1591 solis.
2904 1534 2998 1591 Est
3043 1545 3219 1590 autem
3257 1536 3373 1593 dies

1818 1628 1973 1697 juxta
2007 1626 2300 1681 secundum
2349 1626 2563 1679 modum
2608 1627 2893 1682 conversio
2940 1627 3149 1691 mundi,
3185 1635 3238 1682 et
3281 1644 3373 1683 or-

1826 1725 1914 1769 tus
1946 1716 2063 1785 ejus
2092 1730 2252 1771 arcus
2284 1730 2442 1785 quem
2500 1716 2578 1769 sul
2610 1722 2854 1785 peragrat
2902 1713 3028 1769 dum
3064 1715 3119 1769 in
3147 1729 3375 1770 conver.

1826 1806 1979 1861 sione
2018 1808 2202 1860 mundi
2242 1814 2487 1860 movetur
2525 1814 2713 1860 contra
2757 1807 3034 1860 mundum.
3081 1804 3252 1870 Quam
3302 1807 3373 1861 ob

1824 1909 2041 1948 causam
2072 1910 2246 1963 neque
2280 1896 2640 1965 compositum
2686 1896 2819 1950 illud
2876 1905 3087 1965 tempus
3116 1912 3181 1950 ex
3212 1904 3374 1951 nocte

169 1986 417 2056 φότερον,
449 1989 543 2053 νὺξ
577 1992 669 2042 καὶ
702 1993 879 2063 ἡμέρα
912 1995 1001 2046 ἐπὶ
1027 1995 1086 2047 τὸ
1116 1995 1243 2047 αὐτὸ
1283 1994 1369 2065 ἴση
1400 1997 1546 2067 πάσῃ
1574 1999 1723 2051 νυκτὶ

1823 1994 1874 2039 et
1929 1985 2013 2038 die
2059 1984 2222 2038 simul
2274 1987 2527 2054 sumptis,
2574 1987 2779 2054 aequale
2830 1994 2912 2040 est
2942 1989 3089 2040 omni
3137 1987 3283 2041 nocti
3315 1994 3372 2043 et

168 2079 259 2130 καὶ
284 2080 469 2151 ἡμέρα
491 2099 504 2110 ·
540 2082 671 2141 ἀλλὰ
706 2085 839 2153 πρὸς
872 2086 968 2155 μὲν
1001 2086 1096 2157 τὴν
1138 2086 1383 2156 αἴσθησιν
1411 2087 1499 2141 ἴσα
1531 2088 1598 2141 τὰ
1630 2106 1725 2157 με·

170 2168 301 2240 γέθη
336 2170 453 2222 ἐστί
473 2188 485 2200 ·
518 2172 649 2241 πρὸς
677 2173 732 2225 δὲ
764 2176 859 2245 τὴν
891 2178 946 2228 ὲν
974 2176 1050 2247 τῷ
1081 2177 1221 2246 λόγῳ
1252 2177 1532 2248 ἀκρίϐειαν
1558 2179 1725 2249 μικρά

169 2272 251 2319 τις
274 2260 371 2311 καὶ
407 2260 793 2332 ἀνεπαίσθητος
832 2267 863 2333 ἠ
902 2267 1240 2337 παραλλαγή.
1276 2270 1340 2319 Al
1372 2270 1470 2338 μὲν
1500 2269 1604 2341 γὰρ
1632 2269 1733 2322 τού

171 2349 377 2418 κόσμου
408 2356 761 2422 περιστροφαὶ
788 2356 1044 2426 ίσόχρονοί
1072 2360 1205 2410 εἰσιν
1227 2376 1239 2389 ·
1274 2362 1327 2411 al
1357 2360 1412 2411 δὲ
1444 2360 1547 2412 τῶν
1570 2378 1723 2431 περι-

172 2441 404 2513 φερειῶν
456 2444 723 2507 ἀνατολαὶ,
760 2445 823 2508 ἃς
854 2450 881 2498 ὁ
907 2448 1054 2515 ἣλιος
1106 2448 1411 2517 μεταϐαίνει
1450 2452 1505 2502 ὲν
1542 2454 1605 2520 τῇ
1631 2451 1722 2503 τοῦ

172 2530 376 2599 κόσμου
398 2537 747 2602 περιστροφῇ,
769 2533 864 2586 οὒκ
890 2538 1021 2587 εἰσιν
1050 2535 1327 2605 ίσόχρονοι.
1354 2536 1427 2587 Δι’
1462 2536 1526 2606 ἢν
1549 2538 1722 2589 αἰτίαν

170 2620 267 2671 οὐκ
297 2620 415 2673 ἐστι
448 2626 847 2694 συναμφότερον
882 2627 1027 2677 πᾶσα
1060 2627 1153 2691 νὺξ
1190 2626 1283 2680 καὶ
1317 2628 1494 2696 ἡμέρα
1524 2644 1723 2697 συναμ-

174 2710 407 2779 φοτέρῳ,
441 2712 586 2783 πάσῃ
612 2714 764 2765 νυκτὶ
793 2716 882 2767 καὶ
910 2716 1089 2785 ἡμέρᾳ
1114 2716 1221 2787 ἴση.

224 2886 397 2945 ’Κατᾶ
427 2893 483 2945 δὲ
511 2894 598 2947 τὸν
641 2894 884 2966 δεύτερον
920 2897 1115 2980 τρόπον
1143 2899 1238 2967 τῆς
1270 2899 1577 2969 διαιρέσεως
1616 2898 1721 2952 τῶν

174 2984 411 3052 ἡμερῶν,
460 2985 546 3035 τὸν
577 2986 673 3054 μὲν
705 2986 845 3055 μῆνα
870 2988 1092 3055 λέγομεν
1120 2986 1255 3041 εἶναι
1293 2990 1513 3060 ἡμερῶν
1535 2990 1596 3053 λ’,
1632 2989 1720 3041 τὸν

172 3073 226 3125 δὲ
248 3075 491 3127 ἐνιαυτὸν
516 3075 729 3145 ἡμερῶν
746 3076 832 3138 τξέ
862 3078 1006 3145 α’[δθο
1024 3077 1136 3130 ἔστι
1161 3080 1215 3130 δὲ
1237 3080 1296 3130 τὸ
1325 3080 1721 3149 συναμφότερον

174 3164 284 3228 νὺξ.
318 3168 411 3218 καὶ
440 3164 615 3234 ἡμέρα
648 3166 833 3234 χρόνος
858 3167 1011 3237 ὡρῶν
1047 3168 1371 3238 ίσημερινῶν
1401 3170 1496 3229 κδ’,
1531 3172 1719 3238 ίσημεο

175 3256 292 3325 ρινὴ
329 3255 387 3307 δὲ
417 3254 541 3325 ὥρα
562 3256 619 3308 τὸ
648 3258 808 3327 α’[κδ⁹
849 3259 1007 3328 μέρος
1036 3258 1128 3311 τοῦ
1162 3259 1349 3329 χρόνου
1375 3259 1467 3312 τοῦ
1502 3276 1721 3327 συναγο-
1746 3300 1787 3357 C

176 3345 335 3412 μένου
368 3346 429 3397 ὲκ
459 3346 648 3409 νυκτὸς
680 3348 770 3400 καὶ
799 3348 1023 3418 ἡμέρας.

243 3434 317 3486 Οὐ
341 3433 481 3486 κατὰ
504 3436 680 3487 πᾶσαν
701 3436 755 3488 δὲ
780 3435 958 3505 χώραν
987 3437 1077 3488 καὶ
1100 3438 1249 3490 πόλιν
1273 3438 1340 3490 τὰ
1360 3438 1497 3491 αὐτὰ
1518 3438 1718 3509 μεγέθη

173 3524 277 3577 τῶν
318 3525 536 3595 ἡμερῶν
586 3527 759 3577 ἐστιν·
797 3526 933 3578 ἀλλὰ
964 3530 1072 3588 τοῖς
1114 3528 1207 3595 μὲν
1239 3528 1371 3598 πρὸς
1405 3530 1600 3598 ἄρκτον
1640 3530 1719 3579 οί-

174 3615 328 3669 κοῦσι
366 3617 605 3685 μείζονες
655 3617 749 3668 καὶ
789 3616 989 3687 ἡμέραι
1040 3618 1293 3684 γίνονται,
1333 3622 1441 3682 τοῖς
1476 3620 1531 3671 δὲ
1589 3620 1745 3691 πρὸς·

144 3716 147 3719 ’
180 3708 518 3777 μεσημϐρίαν
552 3708 851 3769 ἐλάσσονες.

247 3798 398 3849 Ἐστι
424 3796 479 3848 δὲ
507 3798 564 3848 ὲν
596 3797 754 3866 Ῥόδῳ
782 3798 880 3865 μὲν
910 3800 943 3867 ἡ
974 3798 1196 3865 μεγίστη
1230 3799 1408 3869 ἡμέρα
1446 3798 1600 3869 ὡρῶν
1646 3800 1720 3851 ἰσ-

176 3888 444 3956 ημερινῶν
482 3887 539 3939 ιδ’
553 3886 712 3955 α’]βλ·
740 3887 865 3959 περὶ
897 3887 951 3939 δὲ
994 3888 1205 3958 Ῥώμην
1230 3890 1262 3956 ἡ
1294 3890 1517 3958 μεγίστη
1542 3890 1719 3960 ἡμέρα

175 3978 329 4048 ὡρῶν
359 3978 683 4049 ίσημερινῶν
718 3985 777 4031 ιε’
796 3996 809 4008 ⁸
841 3982 947 4042 τοῖς
976 3978 1019 4031 δ’
1044 3979 1121 4031 ἔτι
1147 3979 1493 4049 βορειοτέροις
1518 3980 1719 4033 οἰκοῦσι

174 4068 270 4139 τῆς
301 4072 657 4142 Προποντίδος
688 4072 911 4142 μεγίστη
935 4071 1114 4140 ἡμέρα
1137 4070 1338 4138 γίνεται
1364 4070 1518 4141 ὡρῶν
1542 4073 1623 4141 ίση
1634 4088 1720 4141 με-

178 4157 335 4226 ρινῶν
368 4164 443 4222 ις’
463 4176 475 4188 ·
514 4160 606 4210 καὶ
640 4160 718 4211 ἐτι
750 4162 858 4222 τοῖς
889 4157 1325 4230 βορειοτέροις-ιζ¹
1352 4161 1442 4213 καὶ
1473 4166 1537 4229 ιη’
1565 4159 1718 4230 ὡρῶν

110 4243 114 4251 ’
174 4249 207 4317 η
244 4248 471 4319 μεγίστη
502 4247 681 4318 ἡμέρα
701 4248 925 4315 γίνεται.

256 4425 376 4477 Ἐπὶ
398 4425 455 4478 δὲ
486 4425 610 4488 τοὺς
634 4424 825 4487 τόπους
844 4424 967 4494 (22)
993 4427 1207 4489 τούτους
1234 4427 1486 4480 δοκεῖκαὶ
1510 4428 1718 4491 Πυθέας

175 4514 203 4563 6
233 4515 626 4585 Μασσαλιώτης
648 4519 915 4587 παρεῖναι.
944 4516 1079 4585 Φησὶ
1106 4519 1232 4585 γοῦν
1267 4524 1322 4573 ὲν
1345 4523 1455 4583 τοῖς
1482 4522 1603 4590 περὶ
1624 4519 1715 4572 τοῦ

1824 2075 1925 2129 dici
1954 2091 1967 2139 ;
2012 2076 2103 2129 sed
2133 2074 2310 2144 quoad
2356 2091 2571 2130 sensum
2605 2076 3002 2145 magnitudines
3036 2086 3162 2132 sunt
3193 2092 3384 2147 aequa-

1824 2166 1930 2227 les,
1973 2166 2145 2234 quoad
2190 2166 2416 2220 rationis
2455 2166 2716 2234 judicium
2766 2182 2930 2235 parva
2964 2167 3211 2237 quaedam
3252 2176 3372 2235 est,

1824 2264 1984 2325 atque
2027 2256 2357 2310 insensibilis
2390 2256 2696 2311 diversitas.
2744 2254 2926 2309 Mundi
2958 2257 3101 2311 enim
3146 2272 3375 2314 conver-

1824 2347 2003 2401 siones
2035 2347 2172 2401 inter
2214 2362 2272 2402 se
2310 2348 2641 2417 temporibus
2678 2355 2805 2401 sunt
2836 2348 3070 2417 aequales
3099 2368 3112 2402 :
3143 2349 3237 2403 sed
3280 2364 3372 2403 ar-

1823 2453 1982 2491 cuum
2009 2437 2375 2501 ascensiones,
2406 2452 2541 2507 quos
2564 2438 2644 2492 sol
2683 2435 2897 2492 c’onlicit
2927 2439 2979 2492 in
3023 2439 3209 2493 mundi
3241 2455 3374 2496 con-
3464 2482 3469 2487 ι

1820 2528 2104 2592 versione,_
2136 2545 2242 2583 non
2275 2536 2403 2583 sunt
2438 2529 2773 2599 temporibus
2798 2531 3053 2599 aequales.
3084 2530 3255 2596 Quam
3301 2532 3374 2587 ob

1820 2632 2039 2672 causam
2076 2633 2183 2671 non
2219 2626 2302 2673 est
2344 2620 2702 2688 compositum
2732 2619 2863 2673 illud
2911 2629 3146 2690 tempus,
3179 2636 3376 2692 nempe

1758 2722 1759 2725 ‘
1820 2708 1995 2761 omnis
2054 2723 2161 2761 nox
2205 2715 2258 2762 ct
2293 2708 2430 2771 dies,
2458 2708 2757 2777 composito
2780 2709 2855 2762 illi
2882 2710 3133 2779 tempori,
3164 2710 3371 2765 scilicet

1819 2799 1964 2853 omni
1994 2798 2137 2852 nocti
2171 2805 2223 2852 et
2250 2798 2375 2864 diei,
2410 2799 2634 2868 aequale.

1891 2887 2199 2943 Secundum
2254 2889 2483 2943 alterum
2529 2888 2748 2943 modum
2795 2886 3083 2942 divisionis
3132 2887 3367 2956 dierum,

1820 2995 2057 3035 mensem
2088 2980 2320 3034 dicimus
2353 2994 2473 3034 esse
2498 2978 2705 3033 dierum
2739 2980 2827 3045 50,
2862 2994 3062 3033 annum
3095 2995 3224 3033 vero
3250 2979 3367 3033 die-

1819 3086 1938 3124 rum
1974 3071 2078 3125 365
2094 3070 2222 3141 l/l;
2254 3079 2336 3126 est
2352 3078 2528 3125 autem
2550 3072 2761 3141 tempus
2780 3086 2845 3125 ex
2862 3080 3037 3135 nocte,
3052 3079 3105 3127 et
3123 3072 3208 3126 die
3230 3086 3371 3125 com-

1820 3163 2053 3231 positum
2088 3163 2339 3217 horarum
2371 3163 2824 3233 :equinoctialium
2853 3163 2943 3229 24,
2981 3164 3369 3231 aequinoctialis

1821 3260 1997 3305 autem
2022 3252 2150 3306 hora
2166 3260 2249 3306 est
2274 3251 2409 3306 νει
2456 3266 2582 3321 pars
2608 3252 2863 3321 temporis
2878 3252 3160 3320 compositi
3176 3268 3239 3306 ex
3267 3268 3368 3308 no-

1821 3351 1905 3397 cte
1934 3351 1986 3397 ct
2019 3344 2125 3398 die.

1889 3434 2007 3489 Non
2063 3444 2190 3491 sunt
2218 3442 2398 3490 autem
2444 3450 2542 3506 per
2589 3449 2778 3489 omnes
2811 3433 3061 3505 regiones
3101 3442 3155 3490 et
3204 3434 3371 3489 urbes

1820 3527 2016 3581 eaedem
2069 3525 2469 3595 magnitudines
2500 3526 2732 3589 dierum,
2770 3525 2866 3580 sed
2919 3525 2986 3581 iis
3028 3527 3119 3595 qui
3176 3540 3368 3582 versus

1822 3617 2240 3685 septentrionem
2279 3616 2525 3670 habitant
2564 3616 2793 3684 majores
2821 3614 2957 3668 ﬁunt
2984 3627 3037 3670 et
3068 3617 3205 3679 dies,
3262 3617 3365 3670 mi-

1819 3724 1979 3763 nores
2012 3723 2139 3762 vero
2172 3708 2237 3762 iis
2266 3708 2357 3776 qui
2391 3722 2582 3761 versus
2614 3706 2891 3759 meridiem
2926 3706 3188 3761 habitant.

1888 3798 1982 3853 Est
2026 3805 2202 3851 autem
2244 3797 2297 3848 in
2348 3794 2537 3849 Rhodo
2588 3794 2901 3864 longissima
2954 3795 3069 3850 dies
3109 3796 3362 3850 horarum

1818 3888 2269 3957 aequinoctialium
2297 3885 2361 3940 14
2391 3885 2529 3955 1/2;
2570 3885 2713 3938 circa
2772 3884 2996 3937 Romam
3051 3886 3365 3956 longissima

1818 3978 1933 4033 dies
1964 3978 2219 4031 horarum
2251 3975 2703 4045 mquiuoctialium
2738 3976 2838 4039 15;
2896 3976 2962 4030 iis
2993 3991 3121 4031 vero
3150 3978 3242 4045 qui
3267 3977 3366 4031 ha-

1818 4068 1992 4122 bitant
2046 4067 2437 4136 aliquantulum
2490 4066 2627 4120 ultra
2667 4064 2993 4135 PnOpontida
3029 4082 3218 4121 versus
3262 4067 3364 4121 ho-

1817 4173 1983 4221 ream,
2018 4156 2331 4226 Iougissima
2368 4156 2485 4209 dies
2532 4156 2583 4207 lit
2626 4154 2877 4208 horarum
2912 4149 3361 4223 aequinoctialium

1818 4248 1904 4311 l6,
1936 4256 1988 4302 et
2038 4248 2214 4301 adhuc
2245 4246 2415 4315 magis
2464 4244 2771 4299 borealibus
2805 4244 2868 4297 ΓΙ
2912 4252 2964 4298 ct
2992 4244 3058 4300 l8
3106 4244 3362 4299 horarum

1817 4339 2128 4408 longissima
2159 4338 2215 4390 lit
2248 4336 2384 4389 dies.
2554 4330 2565 4337 '

1886 4428 1967 4481 Ad
1997 4428 2115 4480 loca
2157 4426 2270 4479 haec
2300 4425 2512 4479 videtur
2542 4425 2703 4479 etiam
2733 4422 2963 4495 Pytheas
3005 4423 3362 4481 Massiliensis

1818 4518 2135 4571 accessisse.
2195 4515 2373 4585 lnquit
2396 4516 2577 4585 igitur
2611 4516 2665 4569 in
2695 4513 2849 4571 libris
2893 4516 3006 4571 suis
3033 4516 3100 4571 de
3146 4514 3361 4571 Oceano

187 4603 435 4658 Ὠκεανοῦ
470 4608 1043 4678 πεπραγματευμένους
1076 4609 1239 4679 αύτῷ,
1268 4611 1347 4662 ὅτι
1367 4629 1385 4661 ‹
1422 4612 1716 4666 Ἐδείκνυον

1819 4609 2036 4677 scriptis
2068 4609 2180 4663 sic:
2220 4626 2238 4657 ί
2277 4607 2651 4662 Monstrabant
2678 4608 2834 4659 nobis
2861 4606 3109 4670 barbari,
3144 4607 3233 4661 ubi
3278 4607 3360 4661 sol

175 4697 303 4765 ἡμῖν
334 4697 383 4748 oi
411 4696 690 4765 βάρϐαροι,
716 4699 847 4752 ὅπου
886 4701 921 4751 6
940 4700 1086 4770 ἥλιος
1126 4704 1400 4770 κοιμᾶται.
1436 4703 1715 4756 Συνέϐαινε

174 4784 283 4856 τὰρ
311 4786 439 4855 περὶ
466 4784 685 4849 τούτους
710 4788 831 4849 τοὺς
858 4789 1052 4851 τόπους
1076 4787 1171 4857 τὴν
1208 4788 1302 4857 μὲν
1334 4789 1499 4843 νύκτα
1534 4807 1721 4845 παντε-

175 4874 278 4938 λῶς
314 4875 513 4947 μικρὰν
554 4875 813 4945 γίνεσθαι,
869 4878 1024 4947 ὡρῶν
1064 4874 1143 4941 οἷς
1179 4878 1275 4948 μὲν
1310 4879 1374 4948 β’,
1423 4874 1503 4942 οἷς
1552 4880 1608 4933 δὲ
1640 4889 1714 4949 γ’·

175 4964 311 5017 ὥστε
342 4966 477 5035 μετὰ
519 4965 615 5035 τὴν
641 4966 808 5029 δύσιν,
845 4967 1038 5037 μικροῦ
1083 4968 1464 5037 διαλείμματος
1495 4969 1717 5037 γενομέ-

176 5070 284 5117 νου,
318 5054 695 5108 ὲπανατέλλειν
738 5054 934 5117 εὐθέως
963 5056 1050 5107 τὸν
1096 5056 1263 5125 ἦλιον.
1301 5076 1317 5106 ι
1352 5056 1571 5126 Κράτης
1602 5057 1657 5108 δὲ
1687 5060 1721 5111 6’

173 5145 549 5215 γραμματικός
565 5145 673 5216 (25)
691 5163 821 5216 φησι
846 5144 950 5198 τῶν
979 5146 1156 5198 τόπων
1190 5145 1389 5199 τούτων
1418 5146 1510 5200 καὶ
1535 5147 1711 5219 Ὄμη-

176 5248 267 5301 ρον
301 5232 659 5304 μνημονεῦσαι
690 5236 744 5286 ἐν
768 5230 848 5297 οἷς
886 5251 1043 5305 φησιν
1082 5235 1393 5299 Ὀδυσσεύς·

243 5384 350 5464 βε)
401 5385 525 5464 ’ἔπι
557 5384 623 5464 ἕξ
652 5388 1048 5464 «amme-
1081 5387 1197 5464 Nan
1224 5402 1286 5464 ea
1319 5380 1541 5464 91786386.
1568 5387 1706 5464 ιρεδν

176 5452 265 5506 ubi
299 5454 530 5507 maxima
552 5455 667 5510 dies
699 5460 755 5509 lit
801 5452 1051 5509 horarum
1085 5458 1170 5518 l7,
1200 5457 1279 5509 vel
1314 5452 1395 5510 l8.
1442 5458 1543 5511 Sed
1575 5458 1710 5509 ulte-

1818 4700 2058 4755 cubaret.
2118 4697 2407 4751 Eveniehat
2453 4696 2595 4749 enim
2646 4694 2788 4747 circa
2829 4694 2941 4748 haec
2994 4695 3110 4749 loca
3148 4703 3361 4749 noctem

1819 4790 2031 4860 quidem
2063 4788 2217 4843 valde
2250 4801 2467 4857 parvam
2499 4783 2633 4846 ﬁeri,
2669 4783 2752 4837 bis
2777 4785 2993 4855 quidem
3011 4786 3270 4838 horarum
3300 4782 3357 4846 ί,

1818 4882 1925 4935 illis
1950 4895 2077 4933 vero
2101 4881 2155 4943 3,
2180 4887 2237 4931 ut
2267 4884 2387 4947 post
2414 4890 2687 4941 occasum,
2712 4891 2874 4947 parvo
2898 4874 3175 4932 intervallo
3203 4874 3364 4929 inter-

1820 4968 2018 5038 posito,
2053 4968 2236 5021 statim
2268 4964 2346 5019 sol
2377 4971 2563 5033 postea
2591 4964 2845 5018 oriretur.
2888 4982 2907 5013 ι
2949 4961 3136 5016 Crates
3180 4976 3363 5031 gram-

1818 5061 2046 5114 maticus
2073 5058 2244 5128 inquit
2270 5058 2459 5110 horum
2484 5048 2722 5109 locorum
2744 5057 2902 5110 etiam
2930 5052 3218 5115 Homerum
3250 5067 3361 5108 mo-

1817 5150 2036 5204 minisse
2068 5148 2121 5228 in
2152 5146 2236 5200 his
2264 5161 2382 5215 qua:
2412 5146 2634 5216 Ulysses
2666 5143 2797 5197 dicit
2823 5162 2835 5197 :

1813 5389 2107 5447 exstitisse,
2136 5401 2255 5455 quae
2284 5384 2595 5455 Homericos
2628 5400 2817 5455 versus
2850 5383 2917 5455 ad
2928 5381 3356 5455 exquisitioretn

1814 5468 1865 5513 et
1901 5452 2331 5511 mathematicam
2377 5454 2637 5507 rationem
2681 5454 2865 5523 exigit.
2900 5452 3030 5523 Nam
3062 5452 3356 5523 simplicior

175 5522 330 5575 rioris
351 5538 426 5575 ea:
458 5536 691 5591 quoque,
727 5526 816 5579 ubi
852 5533 934 5578 est
964 5527 1214 5579 horarum
1244 5526 1303 5578 21
1355 5537 1407 5579 et
1436 5527 1523 5587 2‘2,
1556 5533 1613 5577 ut
1644 5540 1709 5578 ex
1811 5528 2037 5579 istorum
2070 5524 2334 5579 sententia
2368 5522 2617 5586 traditur,
2672 5521 2833 5591 noctu
2863 5530 2915 5573 et
2949 5521 3179 5575 interdiu
3210 5522 3353 5589 pari-

176 5593 520 5659 sequentibus
562 5602 815 5673 apparet;
844 5595 987 5674 quod
1032 5595 1085 5647 iu
1124 5596 1418 5649 elevations
1448 5596 1711 5664 graduum

176 5657 261 5711 65.
290 5659 379 5711 68.
410 5675 471 5711 ac
508 5662 761 5711 deinceps
790 5672 993 5711 evemL.

178 5659 261 5719 65,
290 5659 379 5721 66,
410 5675 471 5713 ac
508 5659 697 5717 deince
790 5659 993 5717 evenit..
1451 5659 1474 5664 ⁷

178 5728 351 5865 “1923)
385 5731 614 5851 ιὲράτης
656 5678 784 5812 δὲεό
831 5733 1237 5801 γραμματικός.
1276 5733 1599 5815 .Eustalhius
1646 5730 1714 5811 ad

292 5815 365 5852 sa.
443 5838 461 5859 ,
498 5815 683 5856 versus
714 5802 835 5855 illos
870 5817 1165 5865 exponens.
1198 5818 1289 5865 qui
1316 5818 1345 5857 a
1375 5800 1599 5855 Gemino
1639 5817 1714 5855 ci-

292 5815 365 5852 u.
395 5800 461 5879 li,
496 5815 683 5883 χοι-ους
714 5800 1165 5883 illosexponens.
1198 5803 1289 5882 qui
1316 5818 1345 5857 a
1366 5800 1599 5881 .Gemino
1639 5801 1715 5855 ci-

175 5871 373 5932 tantur,
398 5869 471 5923 ait
493 5867 756 5925 Cratetem
787 5867 1411 5940 illius'interpretationis
1440 5879 1711 5927 auctorem

1814 5605 1901 5669 ter_
1926 5609 2140 5669 operam
2168 5594 2380 5669 dedisse
2406 5594 2637 5669 pastioni
2667 5590 3077 5669 Laestrygonas}.
3109 5604 3171 5642 ac
3195 5597 3354 5669 nocte

1814 5660 2025 5733 quidem
2063 5663 2247 5738 boves,
2308 5662 2377 5715 ob
2415 5662 2670 5738 asilorum
2719 5670 2789 5738 eti
2815 5660 3080 5728 ejusmodi
3122 5660 3350 5738 pestium

1814 5730 2043 5795 metum;
2084 5732 2150 5783 de
2182 5732 2267 5785 die
2298 5744 2447 5792 vero,
2476 5730 2617 5784 villis
2645 5730 2849 5782 munita
2886 5742 3076 5797 pecora
3120 5730 3353 5797 pavisse.

1815 5801 1983 5855 Porro
2008 5800 2286 5862 κελεύθους
2320 5798 2521 5867 ἡματος
2558 5799 2649 5867 κα)
2692 5798 2899 5862 νυκτός,
2950 5797 3140 5848 diurna
3176 5804 3225 5867 et
3255 5813 3357 5867 Vno-

1817 5882 2002 5925 cturus
2042 5884 2239 5937 pascua
2264 5866 2466 5923 vocari.
2499 5866 2573 5922 lta
2603 5866 2936 5936 Eustathius,
2969 5879 3089 5935 quae
3141 5866 3357 5935 quidem
