4042 6330
110 475 218 532 789

1087 484 1315 541 GEMINI
1355 484 1723 563 ΕιιζιιεΝΤΑ
1762 484 2251 544 ASTRONOMDE.

3194 487 3292 544 790

107 590 350 656 γίνεται·
411 594 571 664 ιτέρα
611 594 666 648 δὲ
707 575 982 668 τρίμηνος,
1013 595 1132 675 ὲνῇ
1169 602 1274 655 ἀπὸ
1317 599 1409 655 τοῦ
1454 601 1659 674 θερινοῦ

1765 602 2054 658 trimestris
2106 602 2243 665 dies,
2279 602 2334 656 in
2365 615 2472 671 qua
2517 599 2584 657 ab
2612 599 2796 655 astivo
2820 598 3026 670 tropico
3053 599 3118 654 ad
3149 601 3288 653 hori-

107 683 372 751 τροπικοῦ
391 677 486 738 ’ἐπὶ
521 686 610 737 τὸν
640 686 882 758 ὁρίζοντα
911 693 1146 762 καταντᾷ
1167 709 1178 722 ·
1205 694 1296 745 καὶ
1335 694 1509 747 πάντα
1534 695 1656 747 τοῦ-

105 790 202 826 τον
233 774 325 828 τδν
354 776 538 847 χρόνον
571 780 711 833 κατὰ
741 783 864 845 τοὺς
888 783 1032 854 ’ὑπὲρ
1061 786 1160 854 γῆν
1193 785 1416 850 κύκλους
1450 790 1656 861 παραλ-

106 864 308 935 λήλους
337 867 702 940 ὲνεχθήσεται.
751 874 897 927 Ἐπεὶ
925 874 979 927 δὲ
1013 876 1290 946 συμϐαίνει
1321 878 1419 947 τὴν
1447 878 1656 950 οἴκησιν

107 956 314 1027 ταύτην
340 959 398 1011 ὲν
426 962 564 1034 μέση
612 966 676 1034 τῇ
709 966 1082 1038 κατεψυγμένη
1118 967 1210 1021 καὶ
1249 969 1483 1041 ἀοικήτῳ
1515 969 1655 1043 ζώνῃ

109 1046 396 1120 ὑπάρχειν,
429 1050 638 1121 ἀνάγκη
667 1052 753 1105 διὰ
789 1056 983 1118 παντὸς
1009 1058 1189 1123 νέφεσι
1225 1059 1539 1128 κατεχεσθαι
1566 1060 1655 1113 τὸν

109 1137 297 1203 τόπον,
337 1143 429 1194 καὶ
469 1143 560 1196 ὲπὶ
600 1145 728 1198 πολὺ
779 1146 937 1215 βάθος
977 1149 1133 1218 ἀέρος
1174 1152 1548 1222 συνεστηκέναι
1587 1154 1656 1207 τὰ

109 1227 271 1308 νέφη,
291 1232 381 1283 καὶ
406 1233 478 1302 μὴ
499 1233 750 1287 δύνασθαι
771 1236 865 1315 τάς
887 1237 978 1290 τοῦ
1000 1238 1149 1308 ἡλίου
1165 1240 1334 1309 αὐγὰς
1355 1242 1656 1296 διακόπτειν

108 1319 180 1372 τὰ
222 1321 385 1391 νέφη·
430 1323 568 1377 ὥστε
614 1326 844 1393 εὐλόγως
887 1329 1053 1381 νύκτα
1087 1331 1131 1361 ²⁶
1165 1331 1248 1384 διὰ
1282 1333 1475 1396 παντὸς
1523 1329 1656 1386 εἶναι

109 1410 243 1478 παρ’
271 1411 449 1474 αὐτοῖς
479 1414 683 1478 σκότος.
717 1415 883 1470 Ὅταν
909 1419 1003 1488 μὲν
1030 1419 1136 1491 γὰρ
1163 1421 1301 1492 ὑπὲρ
1327 1422 1427 1491 γῆν
1443 1422 1659 1496 ὑπάρχῃ

108 1503 138 1553 6
166 1501 337 1571 ἥλιος,
378 1506 564 1570 σκότος
592 1509 706 1561 ἐστὶ
732 1511 856 1580 παρ’
879 1511 1058 1574 αὐτοῖς
1083 1512 1169 1565 διὰ
1192 1513 1289 1584 τὴν
1322 1514 1658 1585 παχυμερίαν

111 1594 223 1648 τῶν
253 1597 426 1665 νεφῶν
449 1616 463 1631 ·
492 1600 614 1652 ὅταν
642 1601 697 1652 δὲ
727 1600 829 1652 ὑπὸ
870 1600 959 1653 τὸν
981 1602 1227 1673 ὁρίζοντα
1262 1607 1289 1658 6
1319 1606 1467 1672 ἥλιος
1494 1602 1549 1680 ᾖ,
1573 1606 1658 1660 διὰ

112 1685 214 1754 τὴν
235 1689 461 1758 φυσικὴν
487 1690 729 1760 ἀνάγκην
757 1692 849 1758 νύξ
878 1695 990 1746 ἐστι
1025 1697 1151 1764 παρ’
1182 1696 1356 1760 αὐτοῖς
1379 1714 1392 1727 ·
1415 1697 1552 1750 ὥστε
1573 1698 1660 1750 διὰ

116 1777 317 1841 παντὸς
363 1779 660 1848 ἀφώτιστον
698 1783 874 1836 αὐτῶν
924 1781 1058 1837 εἶναι
1101 1786 1197 1855 τήν
1229 1786 1457 1856 οἴκησιν.
1491 1787 1658 1840 Τοῦτο

109 1861 228 1928 οὖν,
264 1868 415 1938 φησι,
440 1869 502 1922 τὸ
527 1869 809 1942 λεγόμενόν
839 1875 981 1926 ἐστιν
1007 1875 1110 1928 ὑπὸ
1135 1875 1225 1929 τοῦ
1263 1877 1481 1948 ποιητοῦ
1501 1895 1518 1911 ο

840 1985 979 2040 οὺδέ
1009 1990 1139 2041 ποτ’
1168 1989 1386 2055 αὐτοὺς

267 2049 490 2117 Ἠέλιος
519 2052 749 2121 φαέθων
766 2055 1126 2124 ἐπιδέρκεται
1152 2049 1520 2114 ἀκτίνεσσιν.

184 2161 246 2214 El
281 2161 375 2232 μὲν
416 2158 508 2216 οὖν
553 2163 724 2217 ταῦτα
766 2160 1072 2237 ἐνθυμεῖται
1101 2170 1130 2222 6
1175 2169 1434 2240 Ὅμηρος,
1481 2169 1664 2242 ἕτερος

113 2251 253 2302 laeui
305 2250 483 2318 λόγος·
515 2252 596 2304 ὃτι
636 2253 691 2305 δέ
724 2254 828 2306 είσι
859 2257 1010 2308 τόποι
1040 2256 1200 2320 τινὲς,
1244 2258 1343 2326 τῆς
1371 2258 1472 2327 γῆς
1511 2275 1676 2328 σφαι-Δ

115 2340 348 2412 ροειδοῦς
371 2343 732 2413 ὑπαρχούσης,
752 2343 961 2414 ἔχοντες
978 2345 1045 2398 τά
1069 2348 1433 2418 προειρημένα
1459 2350 1660 2420 μεγέθη

111 2431 221 2485 τῶν
249 2433 280 2502 ή
291 2433 467 2504 μερῶν
488 2434 621 2506 πρὸς
646 2434 866 2504 ἄλληλα,
890 2434 1043 2503 δῆλον
1072 2438 1163 2489 ἀπ’
1191 2438 1359 2508 αὐτῆς
1385 2438 1482 2508 τῆς
1509 2440 1662 2507 σφαί-

113 2539 234 2594 ρας.
268 2523 401 2589 Τοὺς
442 2523 684 2594 μέντοιγε
725 2526 920 2590 τόπους
952 2528 1168 2591 τούτους
1198 2530 1482 2600 ἀοικήτους
1525 2528 1660 2584 εἶναι

114 2613 394 2684 συμϐαίνει
420 2615 509 2668 διὰ
549 2615 644 2686 τὴν
679 2615 772 2670 τοῦ
803 2617 1005 2688 ψύχους
1044 2619 1367 2690 ὑπερϐολήν.
1404 2621 1488 2672 Ἐν
1520 2620 1658 2691 μέσῃ

112 2706 220 2773 γὰρ
249 2706 452 2758 κεῖνται
483 2708 547 2777 τῇ
576 2708 955 2781 κατεψυγμένη
987 2708 1147 2780 ζώνῃ.
1450 2712 1453 2716 ’

199 2792 478 2848 Ἀνάπαλιν
503 2794 559 2849 δὲ
583 2798 695 2859 τοῖς
717 2797 852 2866 πρὸς
883 2798 1224 2869 μεσημϐρίαν
1254 2797 1489 2852 οἰκοῦσιν
1517 2799 1662 2852 ὲλάσ-

115 2901 262 2948 σονες
288 2887 374 2940 ἀεὶ
405 2888 622 2958 μᾶλλον,
657 2890 750 2942 καὶ¹
787 2889 1066 2954 ἐλάσσονες
1099 2892 1152 2943 αί
1174 2891 1371 2962 ἡμέραι
1391 2893 1658 2960 γίνονται·

114 2978 242 3047 παρ’
268 2965 346 3040 οἷς
379 2979 473 3049 μὲν
507 2979 566 3032 ιδ’
600 2980 755 3050 ὡρῶν
792 2980 1114 3051 ίσημερινῶν
1143 2983 1175 3052 ή
1216 2983 1442 3052 μεγίστη
1483 2983 1660 3054 ἡμέρα

115 3072 343 3137 γίνεται,
381 3071 510 3140 παρ’
538 3065 617 3134 οἷς
639 3071 695 3124 δὲ
726 3079 790 3140 ιγ’
816 3073 880 3123 ³⁷.

184 3161 358 3233 Πέρας
397 3162 454 3216 δέ
480 3165 594 3215 ἐστι
621 3162 770 3234 χώρα
804 3181 887 3228 τις
921 3163 1055 3234 πρὸς
1082 3163 1424 3234 μεσημϐρίαν
1465 3163 1659 3235 μᾶλλον

1761 697 1973 746 zontem
2023 690 2318 746 descendit.
2378 690 2552 760 Atque
2593 689 2737 743 omni
2767 688 2867 742 hoc
2917 696 3151 757 tempore
3197 704 3288 757 per

1760 784 1993 840 circulos
2036 783 2344 854 parallelos,
2386 781 2479 852 qui
2520 789 2646 835 sunt
2693 794 2855 850 supra
2898 789 3111 841 terram,
3156 778 3290 832 fere—

1759 884 1865 930 tur.
1911 875 2048 929 Cum
2095 890 2221 930 vero
2275 875 2552 944 contingat
2605 874 2745 927 hanc
2797 870 3193 925 habitationem.
3237 875 3286 923 in

1758 966 1934 1021 media
1980 965 2172 1036 frigida
2229 973 2386 1035 atque
2440 951 2772 1018 inhabii'abili
2819 977 2953 1018 zona
3001 976 3141 1024 esse,
3199 974 3290 1014 ne-

1759 1070 1912 1110 cesse
1957 1062 2040 1111 est
2093 1070 2306 1126 semper
2349 1054 2561 1110 nebulis
2601 1054 2856 1124 occupari
2896 1054 3095 1116 locum,
3140 1059 3194 1107 et
3238 1053 3290 1104 in

1759 1160 1952 1216 magna
1981 1144 2120 1201 aeris
2147 1145 2513 1217 profunditate
2541 1143 2768 1200 nebulas
2798 1144 3119 1200 constitutas
3149 1157 3293 1207 esse,

1759 1250 1859 1291 nec
1882 1251 2040 1306 posse
2073 1237 2203 1292 solis
2235 1236 2416 1293 radios
2454 1237 2676 1293 nebulas
2710 1237 2828 1292 illas
2851 1236 3115 1306 dissipare
3147 1256 3160 1289 :
3195 1236 3295 1290 ita-

1759 1343 1863 1397 que
1911 1339 2330 1384 consentaneum
2383 1338 2466 1385 est
2513 1343 2726 1400 semper
2781 1327 2920 1398 apud
2967 1327 3115 1397 ipsos
3174 1341 3296 1381 esse

1759 1415 1934 1471 noctis
1990 1418 2259 1472 tenebras.
2323 1414 2456 1471 Cum
2510 1417 2657 1472 enim
2690 1432 2852 1487 supra
2900 1424 3097 1472 terram
3134 1414 3296 1471 fuerit

1763 1508 1864 1572 sol,
1915 1509 2149 1563 tenebrae
2199 1518 2326 1563 sunt
2375 1508 2514 1579 apud
2563 1509 2710 1579 ipsos
2734 1516 2952 1578 propter
2991 1508 3296 1564 crassitiem

1762 1597 2113 1662 nebularum;
2140 1612 2264 1656 cum
2315 1612 2440 1652 vero
2471 1595 2607 1652 infra
2636 1597 2969 1652 horizontem
3003 1597 3081 1651 sol
3111 1595 3294 1662 fuerit,

1761 1697 1976 1758 propter
2007 1688 2306 1742 naturalem
2345 1688 2716 1744 necessitatem
2745 1703 2850 1746 nox
2877 1694 2961 1743 est
2987 1688 3128 1757 apud
3159 1701 3253 1742 eos
3279 1706 3292 1740 :

1763 1780 1834 1832 ita
1860 1786 1916 1831 ut
1949 1794 2160 1848 semper
2190 1794 2378 1833 eorum
2405 1778 2669 1834 habitatio
2692 1778 2896 1834 lumine
2935 1782 3137 1836 careat.
3183 1777 3295 1834 Hoc

1762 1870 1944 1939 igitur,
1978 1869 2170 1942 inquit,
2199 1879 2283 1925 est
2325 1869 2455 1924 illud
2483 1870 2625 1941 quod
2655 1885 2687 1924 a
2724 1878 2880 1942 poeta
2907 1871 3122 1927 dicitur:

2203 2001 2361 2052 neque
2388 2001 2617 2054 unquam
2652 2000 2740 2039 eos

2105 2053 2201 2109 Sol
2246 2053 2513 2124 splendens
2547 2055 2735 2123 aspicit
2767 2053 2953 2108 radiis.

1830 2165 1911 2220 An
1942 2164 2105 2235 igitur
2131 2165 2245 2220 haec
2284 2165 2480 2234 cegitet
2524 2163 2808 2227 Homerus,
2867 2162 2971 2217 alia
3015 2169 3132 2217 esto
3175 2177 3298 2217 ora-

1761 2254 1871 2321 tio;
1923 2254 2065 2326 quod
2093 2262 2270 2309 autem
2304 2256 2412 2309 sint
2446 2255 2562 2308 loca
2591 2253 2857 2323 quaedam,
2891 2265 3016 2306 cum
3049 2261 3191 2305 terra
3224 2250 3298 2305 sit

1761 2346 2004 2416 globosa:
2058 2358 2178 2416 qua:
2221 2345 2504 2416 praedictas
2551 2341 2946 2414 magnitudines
2973 2340 3182 2395 dierum
3220 2339 3298 2393 in-

1761 2444 1844 2490 ter
1899 2451 1958 2490 se
1991 2436 2242 2500 habeant,
2286 2434 2628 2491 manifestum
2685 2441 2770 2490 est
2809 2449 2876 2488 ex
2928 2434 3044 2503 ipsa
3077 2432 3298 2502 sphaera:

1762 2526 1947 2596 figura.
1993 2525 2136 2582 Loca
2175 2534 2322 2582 certe
2367 2528 2478 2581 haec
2517 2525 2890 2581 inhabitabilia
2936 2540 3060 2581 esse
3082 2525 3298 2580 contin-

1759 2619 1835 2688 git
1891 2625 2110 2688 propter
2146 2617 2365 2689 frigoris
2393 2632 2696 2674 excessum.
2733 2616 2870 2672 Sunt
2915 2617 3058 2671 enim
3095 2619 3194 2670 sita
3243 2616 3296 2669 in

1759 2711 1934 2766 media
1974 2725 2109 2766 zona
2157 2709 2370 2780 frigida.

1827 2804 2028 2859 Contra
2066 2816 2196 2859 vero
2229 2801 2298 2856 iis
2330 2800 2423 2872 qui
2468 2815 2658 2856 versus
2708 2798 2987 2855 meridiem
3032 2797 3297 2863 habitant,

1761 2896 1996 2952 minores
2028 2905 2239 2968 semper
2263 2901 2317 2950 et
2343 2894 2516 2949 adhuc
2545 2895 2780 2948 minores
2807 2892 2940 2946 [lunt
2969 2892 3114 2957 dies;
3156 2890 3296 2960 apud

1758 2990 1893 3047 alios
1919 2991 2134 3062 quidem
2161 2990 2473 3062 longissima
2499 2987 2614 3044 dies
2641 2995 2725 3044 est
2755 2987 3009 3052 horarum
3059 2985 3298 3056 aequino-

1757 3083 2001 3138 ctialium
2035 3082 2122 3146 ﬂ,
2151 3081 2295 3152 apud
2325 3082 2460 3136 alios
2485 3080 2573 3137 15.

1829 3168 2069 3224 Tandem
2123 3176 2208 3225 est
2239 3170 2385 3240 regio
2421 3170 2663 3239 quaedam
2703 3165 2874 3236 magis
2909 3166 3066 3220 nobis
3106 3179 3298 3220 versus

112 3249 266 3322 ἡμῶν
306 3252 550 3323 κειμένη,
591 3253 852 3325 λεγομένη
897 3253 997 3307 ὑπὸ
1029 3255 1117 3307 τὸν
1155 3255 1493 3325 ἰσημερινόν·
1530 3257 1586 3308 ὲν

1761 3261 2038 3316 meridiem
2071 3261 2202 3326 sita,
2234 3275 2354 3331 qua:
2390 3260 2590 3315 dicitur
2629 3267 2750 3314 esse
2787 3257 2889 3312 sub
2915 3254 3294 3326 aequinoctiali.

111 3345 160 3396 οί
197 3342 293 3413 μὲν
327 3344 476 3398 πόλοι
518 3345 609 3399 ἐπὶ
637 3345 727 3400 τοῦ
771 3347 1038 3418 ὁρίζοντος
1076 3347 1389 3400 πίπτουσιν·
1433 3346 1564 3418 ὀρθὴ
1603 3346 1659 3400 δὲ

113 3431 427 3489 καθίσταται
468 3438 501 3506 ἡ
532 3435 626 3489 τοῦ
659 3438 863 3508 κόσμου
913 3443 1133 3509 σφαῖρα.
1175 3438 1582 3510 Διχοτομοῢνται
1607 3439 1663 3492 δὲ

116 3525 314 3589 πάντες
344 3528 392 3578 οί
427 3525 751 3597 παράλληλοι
780 3527 964 3581 κύκλοι
994 3531 1040 3582 oi
1073 3531 1403 3600 γραφόμενοι
1436 3531 1537 3583 ὑπὸ
1568 3529 1660 3582 τοῦ

109 3617 262 3687 ήλίου
307 3618 442 3671 κατὰ
471 3618 516 3649 ’⁸
546 3618 644 3689 τὴν
684 3618 777 3672 τοῦ
807 3620 1014 3691 κόσμου
1057 3622 1344 3692 γινομένην
1375 3639 1661 3693 περιστρο-

113 3712 238 3779 φήν.
264 3712 338 3763 Δι’
363 3711 428 3781 ἢν
454 3709 629 3766 αίτίαν
658 3712 910 3784 ίσημερία
936 3713 1025 3766 διὰ
1049 3715 1244 3777 παντός
1272 3715 1384 3767 ἐστι
1413 3718 1540 3786 παρ’
1569 3716 1662 3767 αὑ-

111 3807 240 3867 τοῖς.
295 3803 368 3856 Οὐ
411 3802 518 3875 γὰρ
554 3805 681 3874 παρ’
710 3805 873 3875 ἀλλην
919 3806 1037 3860 τινὰ
1104 3806 1277 3861 αἰτίαν
1320 3809 1352 3878 ή
1411 3808 1662 3879 ἀνισότης

107 3893 314 3961 γίνεται
360 3893 466 3948 τῶν
501 3895 740 3966 ἡμερῶν,
768 3895 899 3950 ἀλλά
928 3896 1075 3968 παρά
1108 3897 1168 3950 τὸ
1205 3897 1410 3969 ἐξαρμα
1440 3897 1532 3950 τοῦ
1564 3899 1660 3950 πό-

105 3983 235 4036 λου·
274 3983 302 4037 6
329 3984 392 4054 δὴ
428 3983 668 4038 καλεῖται
701 3984 933 4057 ἕγκλιμα
963 3985 1055 4040 τοῦ
1102 3986 1324 4056 κόσμου.
1373 3987 1661 4058 Συμϐαίνει

105 4074 218 4146 γὰρ
236 4073 324 4127 διὰ
346 4074 436 4129 τὸν
464 4077 832 4148 μετεωρισμδν
853 4077 945 4131 τοῦ
977 4078 1138 4131 πόλου
1171 4077 1277 4131 τῶν
1310 4077 1405 4147 μὲν
1432 4079 1537 4130 ἀπὸ
1566 4078 1660 4131 τοῦ

109 4166 422 4237 ἰσημερινοῦ
455 4167 613 4237 μέχρι
650 4168 744 4222 τοῦ
776 4168 987 4240 θερινοῢ
1020 4170 1275 4242 τροπικοῦ
1311 4170 1662 4243 γραφομένων

105 4255 319 4308 κύκλων
366 4256 584 4325 μείζονα
629 4258 729 4328 μὲν
758 4259 1018 4330 τμήματα
1067 4260 1206 4332 ὑπὲρ
1247 4261 1348 4330 γῆν
1396 4261 1658 4328 γίνεσθαι,

106 4346 362 4406 ἐλάττονα
388 4347 446 4400 δὲ
477 4348 580 4400 ὑπὸ
609 4347 738 4418 γῆν·
765 4349 870 4403 τῶν
895 4349 952 4402 δὲ
974 4349 1081 4404 ἀπὸ
1104 4351 1194 4405 τοῦ
1225 4354 1308 4422 ίση
1318 4352 1530 4423 μερινοῦ
1564 4351 1660 4422 μέ-

105 4455 198 4510 χρι
243 4436 336 4490 τοῦ
383 4438 688 4510 χειμερινοῦ
739 4439 992 4511 τροπικοῦ
1036 4443 1394 4513 γραφομένων
1449 4441 1662 4496 κύκλων

104 4529 359 4584 ἐλάττονα
405 4531 501 4600 μὲν
541 4532 801 4602 τμήματα
833 4531 971 4603 ὑπὲρ
997 4531 1101 4601 γῆν
1141 4532 1405 4601 γίνεσθαι.
1444 4533 1662 4604 μείζονα

1762 3350 1816 3404 in
1852 3365 1958 3420 qua
1987 3349 2094 3420 poli
2125 3350 2310 3404 mundi
2348 3349 2405 3404 in
2449 3349 2729 3404 horizonte
2754 3356 3050 3418 ponuntur,
3087 3347 3298 3416 sphaera

1761 3449 1940 3497 autem
1969 3441 2155 3496 mundi
2188 3449 2333 3496 recta
2378 3441 2731 3497 constituitur
2767 3460 2780 3496 :
2814 3441 3091 3510 aqualiter
3122 3448 3297 3493 autem

1760 3541 2015 3590 secantur
2055 3547 2244 3587 omnes
2280 3532 2521 3603 paralleli
2557 3532 2768 3594 circuli,
2802 3532 2895 3600 qui
2924 3530 3301 3586 describuntur

1759 3638 1789 3677 a
1813 3625 1925 3680 sole
1952 3624 2248 3680 secundum
2269 3623 2637 3695 quotidianam
2665 3622 2849 3678 mundi
2873 3622 3296 3676 conversionem.

1759 3712 1931 3780 Quam
1969 3713 2039 3768 ob
2082 3729 2301 3770 causam
2349 3714 2490 3786 apud
2530 3729 2624 3770 eos
2664 3728 2878 3784 semper
2933 3718 3018 3768 est
3062 3711 3300 3782 aequino-

1758 3806 1945 3860 ctium.
1979 3804 2124 3871 _Non
2168 3805 2310 3861 enim
2344 3813 2563 3876 propter
2617 3805 2775 3860 aliam
2831 3802 3117 3876 quamdam
3171 3812 3300 3858 c'au-
3403 3805 3405 3807 ’

1760 3911 1875 3951 sam
1926 3897 2143 3952 exsistit
2204 3896 2412 3953 dierum
2477 3895 2846 3966 inaequalitas,
2909 3895 3014 3950 nisi
3083 3901 3302 3966 propter

1759 3988 1867 4057 poli
1926 3989 2343 4054 exultationem,
2389 4004 2509 4060 quae
2557 3986 2742 4048 mundi
2790 3995 3020 4042 vocatur
3076 3986 3302 4041 inclina-

1760 4080 1862 4133 tio.
1934 4077 2126 4134 Evenit
2195 4079 2336 4135 enim
2412 4085 2632 4148 propter
2701 4075 2808 4147 poli
2884 4075 3297 4136 exaltationem.

1757 4187 1945 4226 eorum
1985 4172 2311 4227 circulorum
2372 4171 2464 4240 qui
2513 4169 2580 4223 ab
2618 4167 2976 4239 aequinoctiali
3020 4180 3191 4237 usque
3231 4166 3300 4221 ad

1758 4261 2000 4316 mstivum
2024 4262 2286 4330 tropicum
2312 4258 2709 4324 describuntur,
2739 4258 2945 4328 majora
2970 4257 3183 4329 quidem
3209 4272 3303 4312 su-

1759 4368 1854 4422 pra
1892 4359 2094 4406 terram
2141 4367 2260 4407 esse
2307 4360 2606 4423 segmenta,
2665 4351 2874 4406 minora
2930 4359 3106 4406 autem
3159 4348 3301 4405 inira

1759 4451 1957 4499 terram
1989 4462 2002 4496 :
2039 4459 2225 4499 eorum
2255 4459 2405 4509 vero,
2431 4444 2524 4514 qui
2560 4443 2628 4498 ab
2647 4443 3004 4514 aequinoctiali
3030 4444 3096 4497 ad
3123 4442 3303 4498 hiber-

1760 4551 1886 4589 num
1919 4535 2186 4606 tropicum
2237 4535 2633 4601 describuntur,
2670 4538 2876 4589 minora
2921 4543 3190 4605 segmenta
3221 4534 3302 4588 in-

102 4623 160 4677 δὲ
189 4621 292 4675 ὑπὸ
327 4622 448 4692 γῆν.
482 4623 648 4678 Ὅπου
689 4623 743 4677 δὲ
772 4626 819 4677 οί
850 4623 997 4676 πόλοι
1032 4625 1123 4676 ἐπὶ
1150 4612 1254 4678 ’τοῦ
1283 4626 1549 4697 ὁρίζοντος
1573 4627 1659 4678 πί-

1762 4625 1840 4679 ira
1874 4633 2073 4681 terram
2121 4627 2256 4692 ﬁeri,
2305 4627 2508 4696 majora
2545 4642 2670 4680 vero
2719 4641 2882 4696 supra
2923 4633 3144 4681 terram.
3199 4622 3300 4679 Ubi

109 4730 346 4778 πτουσιν,
372 4713 760 4788 ἀναιρουμένου
784 4715 877 4769 τοῦ
901 4715 1066 4769 αίτίου
1092 4716 1190 4788 τῆς
1214 4717 1526 4788 ἀνισότητος
1553 4718 1659 4771 τῶν

109 4804 327 4878 ἡμερῶν
344 4805 520 4875 (τοῦτο
545 4807 602 4860 δὲ
629 4801 697 4877 ἦν
724 4806 785 4859 τὸ
816 4805 1091 4877 ἔγκλιμα),
1123 4805 1354 4875 εὐλόγως
1380 4807 1658 4878 συμϐαίνει

108 4895 395 4971 ίσημερίαν
419 4893 558 4952 εἶναι
580 4898 667 4952 διά
698 4899 893 4962 παντὸς
927 4901 1054 4970 παρ’
1085 4899 1288 4962 αὐτοῖς.
1321 4900 1532 4964 Πάντας
1563 4902 1659 4970 μὲν

107 4991 212 5062 γὰρ
246 4989 368 5052 τοὺς
409 4987 637 5054 κύκλους
673 4990 701 5042 6
727 4990 873 5060 ἥλιος
901 4991 1184 5060 ίσοχρόνως
1221 4983 1658 5062 περιστρέφεται,

107 5085 201 5140 καὶ
229 5084 353 5147 τοὺς
393 5083 657 5154 μείζονας,
692 5085 786 5138 καὶ
825 5084 949 5148 τοὺς
978 5084 1286 5148 ἐλάσσονας,
1309 5083 1395 5137 διὰ
1431 5085 1491 5136 τὸ
1532 5085 1657 5156 περί

103 5191 226 5229 τινα
259 5174 482 5245 μένοντα
513 5177 729 5244 σημεῖα,
746 5178 871 5240 τοὺς
885 5176 1095 5241 πόλους,
1114 5176 1354 5244 γίνεσθαι
1383 5175 1477 5246 τὴν
1509 5194 1659 5248 περι-

107 5267 343 5338 στροφὴν
361 5265 454 5320 τοῦ
471 5264 690 5337 κόσμου.
714 5265 873 5319 Ὥστε
892 5267 965 5339 μὴ
977 5269 1123 5339 παρά
1142 5268 1210 5322 τὰ
1228 5266 1426 5338 μεγέθη
1442 5266 1548 5319 τῶν
1563 5267 1658 5320 κύ-

106 5358 268 5419 κλων.
289 5355 424 5410 ἀλλά
440 5357 587 5429 παρὰ
600 5357 696 5429 τὴν
712 5357 995 5429 ἀνισότητα
1015 5359 1120 5413 τῶν
1143 5358 1460 5431 τμημάτων,
1477 5351 1551 5413 ὧν
1567 5361 1659 5429 φέ-

111 5464 262 5518 ρεται
276 5447 460 5518 όήλιος
475 5449 578 5501 ὑπὸ
589 5448 710 5519 γῆν,
728 5449 820 5508 καί
841 5449 980 5520 ὑπὲρ
993 5451 1115 5523 γῆν,
1132 5451 1226 5521 τὴν
1243 5451 1527 5521 ἀνισότητα
1555 5451 1662 5504 τῶν

109 5543 206 5611 ήμε
214 5537 324 5610 ρῶν
337 5538 593 5607 γίνεσθαι.
606 5543 669 5593 Al
685 5540 925 5612 μέντοιγε
943 5541 1187 5612 παραυξή
1196 5559 1304 5603 σεις
1315 5542 1422 5594 τῶν
1439 5542 1661 5612 ἡμερῶν

111 5629 196 5682 καὶ
228 5625 336 5680 τῶν
367 5628 574 5682 νυκτῶν
589 5629 702 5682 οὐκ
734 5631 870 5683 εἰσιν
900 5629 957 5682 ὲν
989 5630 1121 5681 πᾶσι
1153 5633 1266 5693 τοῖς
1293 5629 1499 5695 ζωδίοις
1523 5630 1653 5696 ῐσαι,

109 5717 240 5773 ὀλλά
273 5717 400 5787 περὶ
446 5717 544 5787 μὶν
579 5718 646 5772 τὰ
680 5719 910 5790 τροπικά
951 5722 1146 5791 σημεῖα
1169 5723 1358 5792 μικραὶ¹
1385 5721 1661 5788 παντελῶς

1078 5875 1121 5910 "
1152 5892 1239 5946 τρ.
1272 5877 1440 5953 παρά.

177 5879 225 5910 ³⁸
265 5893 354 5946 ιη).
390 5873 600 5939 νυκτός.
709 5875 750 5911 ⁸⁸⁷
784 5889 872 5940 γρ.
907 5882 999 5942 ις’.

1756 4732 1882 4772 vero
1910 4719 2016 4789 poli
2051 4719 2236 4774 mundi
2264 4719 2317 4772 in
2350 4719 2627 4772 horizonte
2651 4718 2852 4794 jacent,
2884 4733 3045 4773 causa
3067 4718 3300 4786 inaequa-

1755 4808 1923 4863 litatis
1968 4809 2177 4864 dierum
2224 4807 2454 4872 sublata,
2497 4823 2617 4877 qua:
2658 4816 2740 4862 est
2773 4808 3047 4862 inclinatio
3090 4805 3298 4869 mundi,

1753 4898 1930 4953 evenit
1965 4906 2023 4952 ut
2079 4899 2457 4968 aequinoctium
2501 4898 2640 4968 apud
2682 4913 2775 4953 eos
2804 4898 2872 4953 sit
2903 4911 3138 4966 semper.
3172 4893 3304 4951 0m-

1754 5004 1850 5043 nes
1883 4990 2025 5043 enim
2061 4989 2292 5044 circulos
2320 4988 2604 5060 parallelos
2638 4988 2719 5043 sol
2760 4986 3056 5057 aqualibus
3093 4993 3301 5056 tempo~
3408 5051 3410 5054 τ

1755 5077 1905 5136 ribus
1950 5086 2219 5151 peragrat,
2255 5095 2377 5134 cum
2423 5081 2671 5149 majores,
2706 5085 2819 5133 tum
2870 5079 3128 5139 minores.
3177 5076 3300 5145 pro-

1761 5182 1942 5241 pterea
1973 5171 2117 5242 quod
2147 5171 2293 5227 circa
2329 5171 2430 5228 lixa
2458 5180 2656 5242 puncta
2692 5187 2884 5242 nempe
2912 5171 3062 5241 polos
3088 5169 3294 5232 mundi,

1761 5264 1853 5319 ﬁat
1883 5264 2164 5319 conversio
2198 5265 2404 5320 mundi.
2437 5263 2620 5334 Itaque
2652 5279 2758 5318 non
2792 5271 3008 5335 pr0pter
3031 5261 3298 5331 magnitu-

1757 5358 1910 5412 dines
1952 5356 2306 5423 circulorum,
2357 5355 2450 5412 sed
2491 5366 2710 5428 propter
2742 5354 3156 5424 inaqualitatem
3213 5367 3296 5408 se-

1756 5458 2114 5521 gmentorum,
2173 5451 2228 5506 in
2287 5450 2482 5520 quibus
2541 5451 2623 5506 sol
2685 5449 2848 5504 fertur
2896 5446 3035 5503 infra
3077 5454 3294 5508 terram,

1753 5546 1808 5593 et
1871 5555 2033 5610 supra
2108 5551 2342 5606 terram,
2401 5542 2457 5597 lit
2517 5540 2848 5611 inaequalitas
2901 5539 3129 5595 dierum.
3205 5534 3294 5590 In-

1753 5641 2026 5689 crementa
2107 5650 2235 5691 vero
2301 5635 2507 5692 dierum
2571 5642 2624 5690 et
2691 5635 2926 5688 noctium
2994 5646 3100 5685 nou
3171 5635 3298 5682 sunt

1753 5725 1810 5782 in
1873 5725 2132 5784 omnibus
2188 5726 2358 5798 signis
2391 5726 2676 5800 aequalia,
2744 5724 2835 5782 sed
2899 5724 3040 5779 circa
3092 5720 3300 5790 tropica
