4100 6316
146 466 237 522 195
1148 463 1385 520 GEHINI
1424 461 1792 519 ELEMENTA
1829 462 2319 520 ASTRONOMLE.
3232 459 3346 518 796

146 578 392 643 ζωδιακοῦ
422 580 619 633 κύκλου
662 582 767 633 ἀπὸ
816 599 1035 653 πρωτης
1087 580 1275 651 μοίρας
1308 577 1477 652 Κριοῦ
1528 578 1689 648 μέχρι

1800 577 1998 633 zodiaci
2032 595 2061 633 a
2085 580 2260 650 prima
2284 587 2436 651 parte
2463 578 2635 634 Libra:
2667 592 2836 648 usque
2875 578 2941 632 ad
2973 576 3207 632 Piscium
3240 585 3341 632 trt-

148 669 409 740 Παρθένου
463 670 654 739 μοίρας
677 669 720 721 λ’
766 668 969 739 βόρειόν
1007 672 1141 725 ἐστι.
1192 668 1356 722 Πάλιν
1396 670 1449 720 αί
1499 667 1689 729 νύκτες

1800 669 2052 723 cesimam
2102 678 2307 740 partem
2344 671 2599 725 australis
2635 678 2737 725 est.
2781 670 3173 724 incrementum
3210 674 3343 723 vero

154 759 241 812 ειῖιν
278 760 491 830 ἡμερῶν
524 760 761 828 μείζονες
810 761 900 813 ἐπὶ
952 764 1062 823 τοῖς
1105 756 1547 828 ἀπολειπομένοις
1586 756 1691 820 ζω-

1800 757 1999 814 Jierum
2051 759 2109 815 lit
2140 776 2170 815 a
2198 762 2369 831 prima
2394 770 2545 831 parte
2563 760 2880 832 Capricorni
2904 758 2970 814 ad
2992 758 3340 812 Geminorum

146 848 285 911 ϐίοις,
314 849 486 919 Ζυγῷ,
511 850 775 921 Σκορπίῳ,
805 852 1024 923 Τοξότῃ.
1053 851 1351 919 Αίγόκερῳ,
1400 846 1685 917 ’Υδροχόῳν

1800 850 2120 906 tricesimam
2181 860 2429 924 partem:
2463 853 2606 923 quod
2650 852 2931 907 dimidium
2996 857 3081 905 est
3133 848 3340 904 zodiaci

155 938 405 1010 Ἰχθύσιν·
439 943 573 1013 ὅπερ
622 943 779 1009 πάλιν
826 944 1143 1014 ἡμικύκλιον
1189 935 1281 995 τοῦ
1304 938 1564 1004 ζωδιακοῦ
1597 938 1693 991 κύ·
1787 942 1997 996 circuli.
2034 960 2039 965 λ

148 1032 263 1083 ideo
293 1033 395 1085 ἀπὸ
422 1033 593 1100 Ζυγοῦ
635 1034 853 1104 πρώτης
922 1036 1112 1113 μοίρας
1156 1033 1348 1103 μέχρις
1403 1030 1618 1099 ’ἰχθύων
1667 1029 1858 1100 μοίρας
1896 1031 1937 1084 λ’
1976 1034 2146 1087 νότιόν
2190 1037 2324 1088 ἐστι.
2366 1035 2712 1107 Παραύξησις
2749 1031 2805 1088 Si:
2838 1036 3069 1105 ’ἡμερων
3136 1031 3347 1100 γίνεται

148 1128 244 1179 ἀπ’)
289 1127 505 1198 πρώτης
573 1130 763 1201 μοίρας
795 1131 1070 1202 Αίγὸκερω
1119 1131 1277 1201 μέχρι
1304 1127 1545 1198 Διδύμων
1592 1125 1780 1196 μοίρας
1816 1130 2167 1201 τριακοστῆς·
2208 1132 2344 1202 ὅπερ
2392 1133 2536 1185 ἐστὶν
2575 1131 2893 1202 ἡμικύκλιον
2932 1130 3023 1183 τοῦ
3076 1124 3341 1193 ζωδιακοῦ

149 1216 356 1273 κύκλον.
1962 1236 1973 1249 ’⁷

223 1309 349 1362 Ἀπὸ
378 1310 432 1362 δὲ
461 1310 558 1378 τῆς
603 1313 807 1382 τροπῆς
844 1313 1152 1383 χειμερινῆς
1182 1313 1337 1382 μέχρι
1362 1310 1567 1380 τροπῆς
1605 1308 1688 1361 θε-

1863 1303 1945 1357 Ab
1999 1306 2221 1359 hiberna
2254 1307 2609 1360 conversione.
2668 1323 2838 1376 usque
2882 1308 2949 1363 ad
2986 1309 3249 1363 mstivam‘
3282 1310 3346 1363 lit

151 1398 292 1468 ρινῆς
320 1401 652 1471 παραύξησις
712 1401 931 1470 ἡμερῶν
979 1402 1199 1468 γίνεται.
1248 1401 1587 1472 Παραύξησις
1632 1400 1689 1451 δὲ

1800 1394 2003 1447 dierum
2061 1399 2453 1451 incrementum
2482 1414 2509 1461 ,ν
2544 1397 2635 1452 sed
2677 1399 2915 1452 noctium
2949 1400 3341 1456 incrementum

146 1488 346 1541 νυκτῶν
375 1491 573 1556 γίνεται
604 1493 709 1544 ἀπὸ
744 1494 1012 1563 Καρκίνου
1055 1492 1271 1564 πρώτης
1314 1471 1501 1561 μοίρας
1532 1471 1693 1560 μέχρι

1800 1483 1852 1537 lit
1906 1501 1934 1537 a
1965 1486 2156 1539 Cancri
2180 1488 2349 1555 prima
2380 1497 2531 1556 parte
2561 1504 2731 1557 usque
2768 1488 2832 1540 ad
2870 1486 3145 1559 Sagittarii
3177 1492 3345 1544 trice-

150 1580 363 1643 Τοξό-ωυ
393 1583 581 1651 μοίρας
618 1581 680 1647 λ’,
724 1583 1028 1653 δπερλὲστὶν
1066 1583 1379 1653 ἡμικύκλιον
1416 1584 1569 1636 πάλιν
1598 1583 1687 1636 τοῦ

1800 1566 1986 1627 simam
2027 1584 2253 1645 partem.
2287 1577 2378 1644 qui
2409 1592 2597 1630 rursus
2623 1577 2998 1631 semicirculus
3030 1586 3113 1631 est
3135 1577 3343 1633 zodiaci

152 1670 398 1732 ζωδιακοῦ
432 1672 626 1725 κύκλου
665 1673 770 1725 ἀπὸ
801 1673 1004 1741 τροπῆς
1046 1673 1259 1743 θερινῆς
1302 1674 1458 1745 μέχρι
1484 1674 1689 1745 τροπῆς

153 1764 467 1834 χειμερινῆς.

214 1852 361 1915 Τινὲς
400 1856 493 1923 μὲν
526 1851 618 1908 οὖν
670 1856 1017 1927 διελάμϐανον
1065 1858 1318 1927 μεγίστας
1352 1857 1560 1928 ἡμέρας
1601 1856 1686 1923 γί-

152 1944 326 1995 νεσθαι
360 1945 413 1995 ἐν
440 1946 694 2016 Καρκίνῳ
715 1964 727 1976 ·
770 1950 998 2019 ἐπείπερ
1031 1951 1083 2002 αί
1114 1950 1316 2021 θεριναὶ
1360 1950 1612 2017 τροπικαὶ
1638 1951 1691 1999 ὲν
1727 1928 1779 1981 Βε

154 2034 225 2103 τῷ
252 2039 616 2106 προειρημένῳ
646 2040 817 2110 ζωδίῳ
851 2042 1084 2107 γίνονται
1104 2058 1115 2069 ’
1149 2041 1403 2109 μεγίστας
1428 2041 1482 2092 δὲ
1498 2040 1693 2101 νύκτας

156 2124 284 2179 εἶναι
310 2130 364 2179 ὲν
395 2129 687 2200 Αίγόκερῳ,
714 2132 832 2183 ἐπεὶ
860 2135 913 2183 αξ
938 2134 1235 2201 χειμεριναὶ
1258 2132 1452 2200 τροπαὶ
1472 2132 1525 2181 ὲν
1543 2129 1693 2196 Αἰγό-

157 2232 292 2285 κερῳ
317 2218 547 2282 γίνονται
566 2235 577 2246 ·
610 2206 977 2291 παραπλήσιόν
1009 2239 1057 2273 τι
1100 2221 1371 2284 ποιοῦντες
1401 2222 1696 2288 ἁμάρτημα

155 2304 228 2373 τῷ
251 2306 337 2357 ἐπὶ
362 2306 461 2358 τῶν
490 2308 777 2375 συζυγιῶν.
804 2311 866 2361 Ei
892 2312 985 2378 μὲν
1014 2310 1119 2380 γὰρ
1140 2314 1193 2362 ἐν
1213 2311 1348 2372 ὅλοις
1370 2314 1474 2371 τοῖς
1492 2310 1695 2371 ζωδίοις

160 2396 383 2462 ἐγίνοντο
402 2396 714 2470 τροπαὶμῆν
746 2400 809 2453 ἂν
844 2401 1037 2470 ἀληθὲς
1068 2389 1127 2452 τὸ
1161 2402 1573 2470 προειρημένον·
1605 2400 1696 2451 νῦν

159 2486 209 2537 δὲ
239 2487 305 2539 τὰ
342 2489 434 2557 μὲν
478 2491 713 2560 τροπικὰ
754 2494 951 2560 σημεῖα
990 2492 1127 2559 λόγῳ
1170 2490 1415 2560 θεωρητὰ
1456 2493 1568 2541 ἐστι
1594 2508 1605 2519 ·
1639 2490 1698 2541 τὸ

160 2575 214 2627 δὲ
243 2577 355 2629 ὅλον
385 2578 565 2641 ζῴδιον
590 2580 649 2632 τὸ
671 2579 761 2633 τοῦ
794 2582 1062 2650 Καρκίνου
1097 2582 1191 2651 τὴν
1216 2582 1379 2650 αὐτὴν
1405 2582 1696 2633 ἀπόστασιν

160 2667 263 2737 ἔχει
292 2670 394 2722 ἀπὸ
424 2671 513 2723 τοῦ
539 2671 745 2740 θερινοῦ
768 2673 1021 2741 τροπικοῦ
1056 2674 1277 2743 σημείου
1302 2677 1411 2734 τοῖς
1429 2673 1693 2741 Διδύμοις,

164 2761 250 2813 καὶ
279 2764 379 2815 ὑπὸ
404 2764 509 2815 τῶν
550 2765 727 2817 αὐτῶν
768 2766 1121 2835 παραλλήλων
1170 2765 1696 2834 ἐμπεριλαμϐάνεταί

164 2851 383 2915 κύκλων,
413 2856 503 2907 καὶ⁵
534 2859 596 2908 ἐκ
624 2856 714 2909 τοῦ
747 2856 909 2910 αὑτοῦ
939 2858 1101 2909 τόπου
1132 2858 1228 2924 τὴν
1251 2857 1504 2926 ἀνατολὴν
1536 2860 1700 2908 ποιεῖ-

163 2959 265 3006 ται,
285 2944 373 2996 καὶ
394 2948 469 3007 είς
502 2947 591 2998 τὸν
620 2948 778 2999 αὑτὸν
818 2947 977 3000 τόπον
1000 2949 1094 3017 τὴν
1131 2948 1300 3000 δύσιν.
1333 2949 1449 2999 Είσὶ
1482 2947 1587 3018 γὰρ
1613 2948 1709 3000 iit?

164 3032 333 3103 λήλοις
385 3035 519 3089 κατὰ
571 3037 845 3104 συζυγίαν.
893 3038 981 3088 Διὸ
1031 3036 1091 3106 δὴ
1137 3038 1323 3089 καὶτὰ
1368 3038 1567 3106 μεγέθη
1592 3038 1698 3090 τῶν

162 3126 369 3195 ἡμερῶν
419 3127 510 3180 καὶ
566 3127 674 3180 τῶν
703 3126 906 3179 νυκτῶν
940 3129 1027 3180 ἴσα
1074 3128 1216 3179 ἐστὶν
1256 3130 1311 3179 ὲν
1333 3127 1579 3196 Διδύμοις
1608 3131 1699 3181 καὶ

167 3216 423 3288 Καρκίνῳ.
461 3220 568 3272 Καὶ
601 3218 708 3288 γὰρ
742 3222 797 3272 ὲν
828 3221 936 3282 τοῖς
973 3218 1276 3289 ὡρολογίοις
1319 3219 1379 3270 τὸ
1408 3220 1570 3290 ἄκρον
1602 3219 1699 3288 τῆς

165 3306 252 3359 τοῦ
281 3308 541 3378 γνώμονος
592 3312 747 3373 σκιᾶς
776 3310 873 3373 τὰς
924 3309 1089 3374 αὑτὰς
1134 3311 1329 3379 γράφει
1359 3308 1617 3379 γραμμὰς
1644 3312 1700 3362 ὲν

168 3398 271 3457 τοῖς
310 3400 712 3469 προειρημένοις
750 3398 978 3463 ζωδίοις.
1034 3401 1089 3452 '0
1121 3400 1176 3452 δὲ
1225 3399 1383 3459 αὐτὸς
1430 3400 1581 3468 λόγος
1610 3399 1702 3453 καὶ

168 3487 253 3539 hri
282 3488 381 3539 τῶν
414 3488 732 3558 χειμερινῶν
763 3491 999 3559 τροπῶν.
1044 3490 1177 3543 Οὐδὲ
1213 3492 1319 3559 γὰρ
1355 3492 1439 3542 ἐπ’
1484 3491 1703 3543 ἐκείνων

166 3578 482 3648 ὑποληπτέον
512 3582 567 3631 ὲν
604 3580 709 3649 ὅλῳ
751 3580 828 3649 τῷ
874 3583 1152 3651 Αίγόκερῳ
1212 3582 1467 3653 μεγίστας
1508 3582 1699 3644 νύκτας

171 3670 390 3735 γίνεσθαι
411 3688 424 3701 ’
461 3672 573 3724 ἀλλ’
605 3672 663 3724 ἓν
698 3690 749 3725 τι
784 3676 1005 3743 σημεῖον
1042 3674 1180 3743 λόγῳ
1212 3675 1498 3745 θεωρητόν,
1533 3674 1562 3727 ὃ
1592 3692 1704 3726 κοι-

154 3759 251 3813 «iv
272 3764 405 3815 ἐστιν
432 3763 709 3832 Λίγόκερω
735 3766 823 3817 καὶ
850 3762 938 3816 τοῦ
974 3764 1215 3828 Τοξότου,
1239 3766 1336 3833 τὴν
1369 3765 1534 3835 αὐτὴν
1566 3766 1700 3818 ἀπό-

175 3865 346 3904 στασιν
375 3853 483 3923 ἔχει
530 3853 635 3907 ἀπὸ
683 3856 775 3907 τοῦ
816 3854 1071 3926 τροπικού
1112 3855 1415 3926 χειμερινοῦ
1456 3858 1699 3926 σημείου,

168 3942 257 3994 καὶ
288 3944 385 3996 ὑπὸ
424 3946 531 3997 τῶν
570 3944 745 3998 αὐτῶν
788 3946 1138 4017 παραλλήλων
1175 3942 1719 4016 ἐμπεριλαμϐάνεταί

170 4032 388 4097 κύκλων,
422 4038 514 4089 καὶ
538 4036 680 4090 ἔστιν
709 4036 953 4106 ἀλλήλοις
984 4038 1122 4089 κατὰ
1152 4036 1407 4105 συζυγίαν
1426 4055 1439 4068 ·
1471 4038 1589 4091 ὅθεν
1612 4040 1701 4091 καὶ

174 4122 235 4175 τὰ
259 4125 449 4197 μεγέθη
483 4126 589 4179 τῶν
611 4126 830 4198 ἡμερῶν
862 4128 953 4180 καὶ
980 4128 1185 4181 νυκτῶν
1214 4129 1301 4181 ίσα
1341 4130 1485 4181 ἐστὶν
1512 4132 1567 4183 ὲν
1604 4132 1703 4183 Το-

169 4210 289 4285 ξὸτῃ
338 4217 427 4268 καὶ
480 4217 777 4286 Αίγόκερῳ.
827 4217 1067 4269 Καθόλου
1108 4217 1162 4270 δὲ
1215 4219 1314 4271 ὃσα
1357 4217 1463 4270 τῶν
1503 4220 1702 4283 ζωδίων

169 4305 301 4357 κατὰ
338 4306 591 4374 συζυγίαν
632 4306 877 4377 ἀλλήλοις
914 4308 1178 4378 ὑπάρχει,
1221 4308 1385 4361 ταῦτα
1430 4308 1499 4360 τὰ
1543 4309 1703 4374 ζὼδια

176 4393 283 4458 [σας
307 4397 511 4469 ἡμέρας
552 4398 643 4450 καὶ
674 4397 868 4460 νύκτας
898 4400 1155 4468 περιέχει.
1189 4401 1437 4452 Ἔσονται
1476 4396 1567 4451 οὖν
1596 4400 1703 4451 ἴσαι

172 4485 359 4556 ⁴ἡμέραι
386 4490 441 4539 ἐν
464 4488 711 4557 Διδύμοις
740 4489 832 4541 καὶ
854 4489 1127 4558 Καρκίνῳ,
1150 4488 1344 4559 Ταύρῳ
1375 4488 1467 4541 καὶ
1493 4490 1699 4550 Λέοντι,

1804 1664 1873 1719 ab
1900 1666 2086 1739 aestiva
2115 1667 2469 1722 conversione
2500 1681 2671 1736 usque
2699 1667 2766 1721 ad
2801 1666 3102 1725 hibernam.

1864 1876 2118 1931 Nonnulli
2153 1879 2317 1947 igitur
2349 1889 2670 1949 putaverunt
2702 1880 3043 1949 longissimas
3076 1879 3194 1936 dies
3229 1880 3359 1947 fieri,

1796 1966 1848 2018 in
1882 1965 2091 2020 Cancro
2134 1987 2146 2022 :
2189 1970 2454 2037 siquidem
2488 1974 2686 2025 aestivae
2712 1974 3095 2026 conversiones
3124 1972 3177 2025 in
3198 1972 3346 2026 dicto

1796 2059 1951 2127 signo
1980 2058 2108 2111 [iant
2142 2078 2157 2113 :
2192 2071 2379 2116 noctes
2420 2078 2545 2119 vero
2597 2064 2857 2117 maximas
2902 2066 3010 2116 lieri
3066 2064 3119 2117 in
3158 2063 3347 2133 Capri-

1794 2163 1981 2209 corno,
2026 2163 2147 2200 cum
2195 2149 2427 2203 hiberna:
2471 2151 2853 2205 conversiones
2890 2148 3018 2202 ﬁant
3041 2150 3094 2203 in
3154 2150 3345 2218 Capri-

1797 2254 1984 2293 corno.
2022 2239 2136 2304 Qna
2197 2240 2249 2293 in
2299 2256 2356 2295 re
2405 2242 2581 2295 simile
2634 2241 2976 2294 committunt
3019 2248 3255 2294 erratum
3295 2240 3347 2294 ei

1800 2329 1943 2395 quod
1974 2330 2323 2382 committunt
2358 2329 2411 2383 in
2458 2331 2696 2400 syzigiis.
2731 2331 2788 2385 Si
2831 2332 2970 2385 enim
3015 2330 3068 2383 in
3109 2330 3235 2384 totis
3274 2330 3349 2385 si-

1798 2420 1919 2487 gnis
1961 2420 2149 2474 tierent
2175 2422 2583 2483 conversiones,
2618 2431 2763 2476 esset
2794 2436 2976 2475 verum
3011 2420 3153 2490 quod
3189 2420 3350 2475 modo

1797 2509 1997 2561 dictum
2043 2518 2172 2563 est:
2208 2517 2263 2562 at
2301 2526 2444 2565 nunc
2474 2522 2670 2579 puncta
2718 2512 2923 2581 trOpica
2971 2512 3177 2565 ratione
3224 2519 3352 2567 sunt

1797 2599 2227 2665 contemplabilia
2254 2618 2268 2664 ;
2301 2609 2467 2653 totum
2491 2616 2619 2655 vero
2645 2604 2855 2670 sign‘um
2879 2602 3073 2655 Cancri
3106 2602 3349 2657 eamdem

1798 2688 2108 2741 distantiam
2147 2688 2303 2740 habet
2342 2690 2410 2742 ab
2462 2691 2648 2742 aestivo
2695 2691 2899 2758 tropico
2943 2678 3143 2759 puncto
3186 2706 3349 2759 quam

1797 2778 2025 2842 Gemini,
2057 2788 2109 2832 et
2138 2779 2203 2832 ab
2228 2780 2413 2834 iisdem
2450 2781 2719 2850 parallelis
2754 2782 2972 2835 circulis
2997 2782 3351 2849 comprehcn-

1799 2870 1979 2935 ditur;
2012 2879 2065 2922 et
2093 2887 2157 2924 ex
2182 2872 2366 2925 eodem
2403 2872 2519 2925 loco
2547 2879 2723 2925 ortum
2753 2871 2900 2934 facit,
2929 2882 2979 2925 et
3014 2873 3066 2926 in
3097 2872 3346 2925 eumdem

1798 2963 1974 3014 locum
2029 2964 2156 3015 facit
2195 2977 2468 3017 occasum.
2508 2962 2645 3017 Sunt
2688 2964 2833 3019 enim
2885 2964 2997 3018 hac
3042 2964 3193 3033 signa
3245 2964 3349 3019 sibi

1800 3050 2028 3105 invicem
2068 3054 2363 3106 secundum
2399 3053 2694 3124 syzygiam,
2734 3068 2829 3107 seu
2872 3053 3345 3110 combinationem.

1798 3141 2155 3206 Quamobrem
2213 3148 2371 3199 etiam
2421 3145 2816 3213 magnitudines
2880 3146 3089 3210 dierum
3140 3152 3194 3198 et
3252 3160 3349 3197 no-

1805 3232 1972 3284 ctium
2001 3234 2237 3300 mqualcs
2270 3242 2396 3286 sunt
2426 3234 2478 3286 in
2512 3231 2753 3287 Geminis
2786 3240 2838 3287 et
2866 3234 3094 3288 Cancro.
3140 3232 3348 3287 Etenim

1804 3322 1857 3375 in
1885 3323 2175 3392 horologiis
2206 3325 2516 3377 extremitas
2544 3324 2743 3377 umbrae
2760 3323 2811 3375 in
2845 3338 3110 3391 gnomone
3133 3324 3349 3377 easdem

1802 3413 1972 3469 lineas
2002 3415 2261 3469 describit
2292 3415 2344 3468 in
2375 3413 2535 3470 dictis
2585 3415 2773 3484 signis.
2798 3471 2805 3476 ,
2834 3413 3033 3469 Eadem
3084 3422 3167 3470 est
3212 3414 3351 3468 ratio

1803 3503 2045 3556 etiamin
2080 3504 2324 3559 hibernis
2356 3506 2825 3560 conversionibus.
2877 3504 3060 3571 Neque
3100 3506 3243 3559 enim
3293 3506 3350 3557 in

1805 3595 1910 3648 illis
1941 3595 2234 3664 putandum
2258 3607 2340 3651 est
2368 3597 2423 3649 in
2467 3606 2578 3649 toto
2631 3592 2961 3663 Capricorno
3004 3594 3351 3663 longissimas

1804 3685 1918 3738 ﬁeri
1952 3695 2181 3741 noctes:
2216 3688 2308 3741 sed
2362 3703 2525 3740 unum
2576 3686 2790 3754 aliquod
2838 3694 3094 3754 punctum
3141 3684 3352 3741 ratione

1806 3777 2213 3844 intelligendum
2256 3792 2542 3831 commune
2578 3785 2661 3832 est
2703 3776 3035 3845 Capricorno
3082 3784 3135 3830 et
3174 3774 3353 3846 Sagit-

1802 3868 1940 3919 tario
1976 3886 1988 3920 :
2022 3874 2193 3921 totum
2220 3883 2346 3922 vero
2393 3871 2603 3938 signum
2650 3869 2988 3939 Capricorni.
3034 3876 3087 3923 et
3138 3869 3351 3938 signum

1805 3957 2078 4027 Sagittarii
2133 3960 2373 4014 eamdem
2425 3961 2622 4014 habent
2678 3960 2990 4014 distantiam
3038 3960 3105 4013 ab
3126 3960 3352 4016 hiberno

1802 4034 2006 4119 tropico
2033 4061 2251 4119 puncto,
2277 4060 2329 4105 et
2359 4055 2425 4106 ab
2446 4052 2633 4107 iisdem
2662 4053 2931 4121 parallelis
2960 4052 3181 4105 circulis
3210 4066 3351 4105 com-
3415 4097 3418 4100 .

1801 4140 2228 4207 prehenduntur,
2256 4140 2465 4207 sibique
2501 4142 2727 4193 invicem
2757 4146 2880 4192 sunt
2928 4139 3226 4193 secundum
3249 4140 3352 4211 ιθ

1804 4233 2095 4302 syzyaiam,
2124 4247 2218 4286 seu
2253 4230 2727 4284 combinationem.
2754 4228 2905 4283 Unde
2943 4229 3103 4283 etiam
3144 4231 3349 4299 magni-

1806 4324 2019 4377 tudines
2058 4323 2262 4375 dierum
2295 4328 2349 4374 ct
2379 4322 2614 4374 noctimn
2657 4321 2892 4389 aequales
2925 4328 3051 4379 sunt
3086 4320 3141 4373 in
3165 4319 3341 4389 Sagit-

1805 4414 1945 4465 tario
1971 4420 2023 4466 et
2055 4412 2404 4480 Capricorno.
2454 4412 2849 4467 Universaliter
2880 4418 3080 4475 autem,
3128 4426 3247 4481 qua:
3272 4410 3350 4464 si-

1804 4515 1903 4567 gna
1937 4502 2074 4552 inter
2116 4516 2174 4555 se
2231 4509 2357 4554 sunt
2410 4500 2701 4554 secundum
2746 4501 3037 4570 syzygiam,
3089 4514 3151 4553 ea
3198 4500 3348 4568 signa

175 4576 313 4646 Κριῷ
343 4580 432 4631 καὶ
457 4568 734 4650 Παρθένῳ,
776 4578 967 4649 Ἰχθύσι
992 4580 1083 4633 καὶ
1111 4580 1284 4650 Ζυγῷ,
1324 4579 1588 4651 Ὑδροχόῳ
1612 4580 1701 4632 καὶ

1805 4593 2039 4659 aequales
2079 4592 2277 4646 habent
2305 4592 2421 4646 dies
2444 4600 2496 4645 et
2515 4600 2719 4645 noctes.
2746 4568 2915 4644 Erunt
2937 4590 3097 4661 igitur
3114 4591 3350 4657 aequales

175 4664 424 4740 Σκορπίῳ,
453 4670 731 4741 Δίγόκερῳ
760 4671 853 4723 καὶ
876 4670 1093 4741 Τοξότῃ.

237 4922 334 4975 Τοῦ
362 4925 419 4979 δὲ
448 4926 648 4996 κόσμου
687 4927 1059 4995 σφαιροειδοῦς
1096 4928 1443 4998 ὑπάρχοντος,
1488 4929 1578 4981 καὶ
1621 4945 1703 4980 κι-

175 5014 412 5083 νουμένου
451 5016 621 5088 φορὰν
650 5017 951 5086 ⁷ἐγκύκλιον
981 5019 1072 5071 ἀπ’
1124 5017 1381 5085 ἀνατολῆς
1410 5018 1499 5070 ἐπὶ
1534 5019 1701 5080 δύσιν,

178 5102 442 5172 συμϐαίνει
476 5104 687 5160 ἅπαντα
710 5107 777 5161 τὰ
834 5108 947 5160 ἐπὶα
973 5107 1077 5175 τῆς
1122 5107 1350 5177 σφαίρας
1388 5110 1583 5177 σημεῖα
1614 5108 1705 5159 ἐπὶ

178 5194 512 5264 παραλλήλων
545 5184 755 5250 κύκλων
798 5197 1072 5269 φέρεσθαι.
1116 5197 1204 5260 Ἐξ
1251 5191 1310 5248 οὗ
1342 5199 1585 5269 φανερὸν,
1625 5200 1705 5250 ὃτι

178 5285 262 5336 καὶ
286 5286 475 5350 πάντες
506 5286 555 5337 oi
588 5286 815 5357 ἀστέρες
858 5290 950 5340 ἐπὶ
985 5272 1333 5359 παραλλήλων
1363 5286 1572 5340 κύκλων
1607 5288 1704 5357 τὴν

180 5370 372 5445 κίνησιν
401 5376 695 5430 ποιοῦνται.
723 5377 819 5431 Διὰ
840 5378 993 5430 τοῦτο
1019 5378 1075 5431 δὲ
1099 5380 1190 5431 καὶ
1220 5380 1283 5431 ἐκ
1316 5378 1405 5431 τοῦ
1426 5378 1586 5431 αὑτοῦ
1618 5378 1706 5430 τό·

182 5476 271 5517 Ιπου
305 5467 494 5530 πάντες
517 5470 567 5521 οὶ
593 5466 845 5529 ἀπλανεῖς
870 5467 1092 5538 ἀστέρες
1121 5467 1481 5531 ἀνατέλλουσι,
1507 5472 1599 5521 καὶ
1626 5470 1705 5531 είς

182 5544 261 5609 τδν
287 5560 438 5613 αὐτὸν
469 5562 630 5615 τόπον
655 5560 895 5625 δύνουσιν
914 5576 928 5587 ’
960 5560 1156 5629 ὁμοίως
1185 5551 1241 5612 δὲ
1287 5561 1379 5611 καὶ
1418 5561 1465 5611 οί
1504 5559 1705 5629 παράλ-

183 5644 315 5716 ληλοι
336 5632 535 5704 ’κύκλοι
575 5654 639 5703 ἐκ
675 5649 769 5703 τοῦ
808 5648 969 5702 αὑτοῦ
1008 5651 1170 5703 τόπου
1212 5647 1572 5717 ἀνατέλλουσι,
1613 5651 1705 5704 καὶ

185 5735 256 5805 ας
282 5737 366 5793 τδν
389 5740 542 5794 αὐτον
564 5742 723 5795 τόπον
754 5740 1013 5794 δύνουσιν.

256 5822 314 5882 ⁸ο
334 5828 389 5884 ἢ
419 5828 526 5884 ⁴τῶν
552 5830 754 5895 ζωδιων
786 5830 1001 5896 κύκλος,
1042 5828 1189 5895 λοξὸς
1219 5829 1292 5886 ὣν
1323 5831 1387 5901 τῇ
1422 5831 1554 5899 πρὸς
1584 5832 1703 5895 τοὺς

1801 4680 1918 4734 dies
1952 4681 2002 4731 in
2026 4679 2267 4734 Geminis
2295 4689 2346 4733 et
2394 4680 2624 4741 Cancro,
2664 4680 2715 4732 in
2752 4679 2932 4733 Tauro
2965 4686 3019 4734 et
3055 4676 3249 4743 Leone,
3294 4678 3349 4732 in

1803 4767 1981 4821 Ariete
2011 4779 2065 4821 et
2094 4765 2335 4836 Virgine,
2362 4764 2415 4819 in
2442 4765 2696 4821 Piscibus
2724 4774 2778 4820 et
2806 4765 2983 4829 Libra,
3020 4766 3076 4820 in
3102 4766 3348 4836 Aquario

1802 4867 1855 4913 et
1885 4856 2129 4929 Scorpio,
2172 4860 2228 4911 in
2256 4859 2593 4928 Capricorno
2615 4865 2670 4912 et
2694 4856 3003 4927 Sagittario.
3262 4930 3265 4933 _

1871 4951 2005 5004 Cum
2046 4958 2223 5003 autem
2247 4952 2480 5005 mundus
2518 4952 2588 5005 sit
2610 4950 2929 5019 sphaericns,
2974 4957 3029 5003 et
3073 4957 3350 5005 moveatur

1802 5048 1954 5115 motu
1986 5039 2241 5094 circulari
2271 5040 2340 5094 ab
2358 5049 2483 5093 ortu
2506 5040 2572 5093 ad
2587 5053 2863 5115 occasum,
2894 5039 3071 5092 evenit
3092 5042 3349 5095 utomnia

1804 5114 2002 5199 puncta
2056 5129 2112 5181 in
2154 5128 2363 5197 sphera
2404 5130 2459 5197 in
2515 5114 2784 5199 parallelis
2821 5122 3345 5187 circulislferantur.

1803 5219 1879 5273 Ex
1907 5233 2017 5290 quo
2063 5203 2429 5280 manifestum.
2470 5219 2612 5287 quod
2655 5219 2815 5273 etiam
2858 5206 3044 5291 omnes
3082 5219 3247 5272 stellae
3292 5222 3344 5275 in

1803 5310 2071 5379 parallelis
2100 5310 2321 5365 circulis
2356 5321 2555 5363 motum
2585 5308 2802 5364 faciant.
2822 5308 2991 5374 Quam
3026 5311 3094 5363 ob
3126 5325 3344 5365 causam

1794 5401 1961 5455 etiam
1984 5398 2170 5452 eodem
2193 5414 2255 5453 ex
2296 5398 2414 5450 loco
2445 5412 2633 5452 omnes
2659 5398 2825 5451 stella:
2853 5395 2969 5452 tim
2994 5400 3262 5461 oriuntur,
3296 5410 3348 5454 et

1804 5491 1856 5543 in
1890 5488 2135 5561 eumdem
2167 5489 2340 5542 locum
2367 5488 2617 5541 occidunt
2652 5508 2663 5541 :
2702 5486 2949 5541 similiter
2970 5498 3218 5541 autemet
3249 5507 3346 5554 pa-

1808 5580 1982 5635 ralleli
2016 5581 2206 5633 circuli
2234 5594 2296 5631 ex
2328 5564 2520 5634 eodem
2549 5580 2665 5634 loco
2700 5580 2970 5646 oriuntur,
3012 5588 3068 5634 et
3104 5579 3158 5634 in
3197 5597 3338 5635 eum-

1802 5674 1920 5727 dem
1948 5672 2124 5726 locum
2156 5668 2427 5725 occidunt.

1881 5827 1958 5881 At
1975 5824 2266 5914 zodiacus,
2290 5839 2410 5881 cum
2443 5824 2512 5881 sit
2544 5822 2795 5891 obllquus
2828 5781 2933 5880 situ
2955 5826 3019 5879 ad
3040 5824 3343 5895 parallelos,
