4100 6316
143 460 243 515 797
1174 468 1409 566 GEMINI
1444 470 1810 526 ELEMENTA
1844 471 2327 530 ASTRONOMIE.
2609 468 2615 475 ’
3242 475 3346 533 798

450 579 817 661 tetdrua'rat,
852 581 1000 661 ᾆσον
1022 581 1102 661 ,τέ
1128 596 1245 661 περ.
1267 583 1453 661 ἥμισυ
1482 587 1702 661 κύκλοι

1826 586 1948 661 Νοε
1976 605 2173 658 semper
2206 596 2290 661 est
2323 596 2823 661 exten;a_,_quanzam
2851 588 3094 643 medietas
3126 588 3310 643 circuli

154 644 522 715 ’Λῇχομέινης
547 649 662 702 ἀπὸ
690 644 905 717 νυκτὸς
941 644 1396 721 demutat-Wo:
1425 656 1611 722 mine.

1873 658 1917 709 Α
1941 644 2095 711 ηοειί
2111 660 2382 723 incipiente
2406 644 2661 710 cumam
2684 673 2840 726 supra
2868 670 3077 713 terram.

229 762 539 831 Ἀτωρεῖται
560 761 642 832 δὴ,
671 763 787 828 πῶς
807 766 900 819 καὶ
922 768 978 819 ὲν
996 769 1115 829 ταῖς
1142 767 1504 837 μακροτάταις
1530 769 1623 822 καὶ
1647 769 1702 821 ιν

1878 768 2165 825 Dubitatur
2198 772 2311 840 jam
2341 770 2613 841 quomodo
2649 771 2811 826 etiam
2842 772 2897 825 in
2932 771 3259 842 longissimis
3284 782 3341 827 et

143 852 267 913 ταῖς
325 852 683 921 βραχυτάταις
735 854 883 919 νυξὶν
927 856 1244 926 ἡμικύκλιον
1293 858 1385 912 τοῦ
1438 860 1701 923 ζωδιακοῦ

1804 862 1858 915 in
1883 862 2217 917 brevissimis
2238 865 2486 917 noctibus
2509 862 2889 918 semicirculus
2909 864 3111 918 zodiaci
3130 873 3184 918 et
3200 864 3344 917 oria-

142 941 349 993 κύκλου
383 944 475 995 καὶ
523 943 817 1009 ἀνατέλλει,
865 946 957 999 καὶ
1005 946 1169 1002 δύνει.
1212 948 1422 1003 Γίνεται
1462 949 1517 1002 δὲ
1550 950 1702 1004 τοῦτο

1802 962 1890 1005 tur
1926 959 1980 1006 et
2008 953 2238 1006 occidat.
2286 951 2370 1006 Fit
2406 958 2583 1006 autem
2612 953 2737 1022 .hoc
2781 962 2999 1023 propter
3042 953 3343 1009 inclinatio-
3386 988 3389 995 ς

140 1030 229 1084 διὰ
258 1031 358 1102 τὴν
393 1032 630 1100 ἔγκλισιν
660 1034 755 1088 τοῦ
800 1034 1064 1099 ζωδιακοῦ
1098 1038 1315 1093 κύκλου.
1351 1040 1448 1094 Διά
1475 1041 1581 1112 γὰρ
1608 1041 1702 1113 τὴν

1802 1059 1922 1098 nem
1951 1043 2179 1098 zodiaci.
2208 1041 2341 1097 Nam
2370 1052 2585 1113 propter
2615 1028 3002 1113 obliquitatem,
3034 1046 3089 1098 in
3138 1052 3343 1114 tempo-

140 1120 409 1194 λοξότητα
433 1126 490 1179 ὲν
518 1126 722 1190 ἀνίσοις
761 1128 969 1199 χρόνοις
996 1129 1291 1195 ἀνατέλλει,
1336 1133 1429 1184 καὶ
1469 1130 1609 1184 δύνει
1636 1132 1702 1186 τὰ

1803 1134 1954 1190 ribus
1999 1135 2353 1204 inrequalibus
2372 1136 2621 1189 oriuntur
2647 1143 2699 1189 et
2723 1135 2988 1199 occidunt,
3009 1137 3213 1190 zodiaci
3258 1151 3345 1190 se-

139 1213 239 1267 τοῦ
275 1215 533 1279 ζωδιακοῦ
568 1216 813 1292 [κύκλου]
844 1221 1161 1297 ἡμικύκλια.
1185 1224 1577 1277 Ταπεινοτάτού
1603 1224 1702 1295 μὲν

1802 1225 2084 1280 micirculi.
2116 1224 2247 1278 Nam
2296 1240 2417 1278 cum
2444 1224 2698 1279 zodiacus
2730 1223 2831 1294 l7
2866 1224 3099 1280 circulus
3123 1238 3206 1279 est
3240 1226 3344 1278 bu-

140 1306 254 1377 γάρ
283 1307 430 1371 δντος
454 1310 546 1363 τοῦ
597 1312 855 1376 ζωδιακοῦ
903 1311 1098 1367 κύκλου
1147 1315 1280 1386 πρὸς
1318 1314 1407 1368 τὸν
1435 1314 1700 1387 ὁρίζοντα,

141 1397 289 1469 ὅπερ
327 1401 530 1467 γίνεται
544 1404 830 1474 ’Δίτόκερω
864 1403 1082 1475 πρώτης
1114 1405 1303 1475 μοίρας
1344 1406 1701 1476 μεσουρανού-

144 1504 273 1559 σης,
304 1493 519 1561 ταχεῖαν
553 1496 760 1547 ποεῖται
785 1495 884 1563 τὴν
912 1484 1172 1566 ἀνατολὴν
1196 1494 1255 1547 τὸ
1289 1493 1605 1565 ἡμικύκλιον
1640 1494 1700 1545 τὸ

140 1580 251 1633 ἀπὸ
280 1580 370 1633 τοῦ
390 1582 555 1654 Κριοῦ
580 1584 796 1654 πρώτης
820 1584 1009 1655 μοίρας
1029 1585 1185 1655 μέχρι
1206 1584 1489 1655 Παρθένου
1510 1584 1699 1655 μοίρας

144 1669 207 1721 λ’.
246 1670 481 1735 Πλάγιον
507 1672 615 1742 γὰρ
643 1673 974 1742 παραπίπτει
1003 1674 1151 1744 παρὰ
1189 1674 1279 1727 τὸν
1306 1675 1570 1746 ὁρίζοντα,
1608 1675 1700 1727 καὶ

145 1761 322 1835 πολλά
360 1763 496 1834 μέρη
529 1763 642 1833 ἅμα
673 1765 770 1837 τὴν
799 1764 1057 1834 ἀνατολὴν
1086 1768 1335 1819 ποιεῖται.
1382 1765 1696 1837 ὐρθοτάτου

144 1853 201 1907 δὲ
224 1853 381 1918 ΰντος
403 1855 494 1908 τοῦ
524 1854 784 1920 ζωδιακοῦ
801 1854 1017 1917 κύκλου,
1038 1856 1173 1927 ὅπερ
1200 1855 1403 1924 γίνεται
1423 1857 1692 1927 Καρκίνου

143 1944 371 2017 πρώτης
421 1947 614 2018 μοίρας
674 1946 1103 2018 μεσουρανούσης
1127 1985 1142 2009 ,
1188 1949 1407 2017 ταχεῖαν
1467 1950 1693 2019 ποιεῖται

144 2038 240 2109 τὴν
278 2036 541 2110 ἀνατολὴν
562 2038 623 2091 τὸ
644 2039 959 2110 ἡμικύκλιον
988 2038 1049 2091 τὸ
1090 2038 1197 2092 ἀπὸ
1222 2038 1315 2091 τοῦ
1354 2038 1522 2107 Ζυγοῦ
1555 2037 1697 2107 πρώ-

143 2144 243 2196 της
276 2128 471 2198 μοίρας
498 2129 689 2201 μέχρις
728 2130 942 2201 Ἰχθύων
974 2129 1161 2199 μοίρας
1187 2130 1230 2181 λ’
1250 2146 1263 2159 ο
1296 2128 1415 2182 ὅθεν
1441 2130 1497 2181 ὲν
1522 2128 1695 2197 πολλῷ

143 2219 319 2289 χρόνῳ
345 2218 442 2290 τὴν
474 2219 746 2288 ἀναφορὰν
788 2223 1034 2274 ποιεῖται.
1082 2220 1329 2288 Εύλόγως
1376 2215 1465 2272 οὖν
1512 2221 1601 2272 καὶ
1639 2222 1695 2271 ὲν

142 2313 263 2372 ταῖς
291 2313 622 2383 χειμριναῖς
649 2311 767 2375 νυξὶ
794 2312 887 2365 xui.
926 2315 983 2365 ὲν
1025 2315 1143 2375 ταῖς
1183 2312 1417 2383 θεριναῖς
1446 2311 1509 2376 ἒξ
1531 2311 1694 2376 ζώδια

145 2402 446 2468 ἀνατέλλει,
480 2405 571 2456 καὶ
610 2401 669 2468 ’ἐξ
708 2403 873 2467 ζώδια
912 2403 1067 2455 δύνει.
1128 2404 1190 2455 Οί
1242 2403 1348 2473 γὰρ
1396 2403 1698 2456 ἀνατολικοὶ

147 2494 347 2564 χρόνοι,
390 2494 496 2547 τῶν
536 2494 737 2558 ζωδίων
774 2494 901 2546 ῐσων
941 2493 1107 2546 ὄντων
1156 2492 1295 2545 κατὰ
1344 2492 1405 2545 τὺ
1451 2492 1694 2562 μέγεθος,

146 2586 317 2638 ἄνισοι
353 2583 585 2651 γίνονται
614 2581 755 2637 κατά
778 2584 905 2645 τοὺς
934 2582 1176 2652 χρόνους.
1215 2582 1322 2634 Καὶ
1365 2583 1421 2633 ἐν
1456 2580 1552 2650 μὲν
1580 2584 1698 2643 ταῖς

148 2677 477 2748 χειμεριναῖς
503 2673 618 2739 νιιξλ¹
644 2674 711 2727 τὰ
744 2672 1086 2744 πολυχρόνιον
1128 2671 1417 2741 ποιούμενα
1445 2670 1537 2741 τὴν
1564 2671 1696 2723 ἀνα-

147 2766 303 2837 τολὴν
328 2764 681 2836 ἀναφέρεται·
707 2765 764 2816 ὲν
803 2763 860 2816 δὲ
883 2765 1002 2825 ταῖς
1051 2761 1285 2832 Θεριναῖς
1333 2759 1450 2825 νυξὶ
1494 2759 1565 2813 τὰ
1602 2776 1697 2815 τα-

148 2862 294 2929 χείαν
326 2858 622 2928 ποιούμενα
649 2858 746 2929 τὴν
780 2856 1039 2926 ἀνατολὴν
1078 2854 1375 2909 ἀνατέλλει.

216 2952 281 3004 Οἱ
317 2951 415 3020 μὲν
452 2945 542 3002 οὖν
572 2949 783 3019 ἀρχαῖοι
822 2945 1069 3017 καθάπερ
1106 2946 1197 2999 ἐπὶ
1226 2946 1333 2998 τῶν
1368 2943 1508 2997 κατά
1535 2941 1699 3006 συζυ-

150 3041 276 3109 γίαν
308 3041 506 3105 ζωδίων
538 3039 808 3109 ἠγνόησαν
829 3076 844 3101 ,
874 3037 1045 3099 οὓτως
1092 3037 1184 3090 καὶ
1228 3037 1287 3089 ὲν
1316 3038 1425 3098 τοῖς
1460 3033 1702 3087 ἀνατολι-

153 3136 270 3197 xci;
295 3133 497 3204 χρόνοις
528 3131 634 3185 τῶν
659 3130 861 3196 ζωδίων
884 3129 1198 3199 διήμαρτον.
1243 3128 1700 3199 Ὑποστησάμενοι

1803 1317 2062 1371 millimus
2093 1316 2159 1369 ad
2182 1316 2538 1381 horizontem,
2588 1316 2730 1386 quod
2765 1318 2823 1369 tit
2862 1331 2981 1370 cum
3026 1316 3342 1386 Capricorni

1800 1402 2125 1476 prima’pars
2159 1404 2389 1461 medium
2428 1405 2550 1459 caeli
2596 1411 2758 1468 tenet,
2806 1405 3041 1458 velocem
3085 1404 3212 1459 facit
3254 1421 3345 1459 or-

1797 1504 1910 1549 tum
1943 1496 2314 1551 semicirculus
2369 1495 2461 1565 qui
2505 1503 2587 1550 est
2628 1496 2696 1548 ah
2736 1493 2933 1549 Arietis
2971 1495 3141 1563 prima
3192 1503 3344 1563 parte

1797 1600 1968 1654 usque
1989 1584 2056 1658 ad
2076 1583 2311 1653 Virginis
2341 1590 2545 1653 partem
2574 1584 2920 1639 tricesimum.
2955 1583 3087 1637 Nam
3129 1584 3346 1654 oblique

1797 1676 1940 1731 cadit
1979 1676 2046 1730 ad
2080 1676 2457 1742 horizontem,
2486 1683 2540 1729 et
2580 1676 2634 1728 in
2677 1676 2860 1730 multis
2902 1676 3144 1745 partibus
3185 1674 3345 1730 simul

1796 1780 1971 1825 ortum
2003 1769 2148 1825 facit.
2189 1768 2322 1823 Cum
2370 1763 2503 1822 'vero
2558 1767 2811 1823 zodiacus
2855 1775 2938 1822 est
2976 1767 3343 1832 rectissimus,

1795 1860 1938 1930 quod
1973 1860 2048 1923 tit,
2070 1874 2191 1913 cum
2217 1858 2387 1927 prima
2420 1872 2544 1927 pars
2574 1856 2765 1911 Cancri
2816 1856 3050 1910 medium
3095 1854 3217 1909 cteli
3259 1863 3344 1910 tc-

1797 1960 1909 2017 uet,
1938 1952 2173 2006 velocem
2196 1948 2324 2004 facit
2344 1959 2524 2005 ortum
2556 1959 2607 2003 et
2626 1949 2997 2003 semicirculus
3052 1947 3143 2016 qui
3189 1956 3271 2003 est
3314 1961 3343 1999 a

1797 2040 1971 2095 Libra
2014 2040 2186 2110 prima
2225 2047 2378 2109 parte
2407 2053 2576 2107 usque
2623 2039 2688 2092 ad
2730 2036 2965 2092 Piscium
3004 2046 3207 2101 partem
3251 2038 3344 2090 tri-

1795 2131 2045 2186 cesimam
2076 2148 2087 2183 :
2120 2129 2262 2184 unde
2301 2130 2353 2183 in
2375 2130 2531 2197 longo
2550 2137 2789 2197 tempore
2811 2137 2987 2182 ortum
3019 2127 3166 2183 facit.
3204 2126 3348 2182 Con-

1794 2220 2072 2275 vcnienter
2099 2219 2262 2287 igitur
2286 2229 2338 2271 et
2375 2217 2426 2270 in
2457 2216 2697 2271 hibernis
2719 2216 2989 2278 noctibus,
3025 2224 3079 2270 et
3120 2215 3174 2269 in
3202 2215 3349 2270 aesti-

1797 2310 1897 2373 vis,
1941 2325 2033 2365 sex
2059 2310 2210 2381 signa
2242 2309 2511 2373 oriuntur,
2533 2315 2585 2361 et
2608 2321 2697 2362 sex
2740 2306 2893 2377 signa
2914 2307 3185 2361 occidunt.
3211 2304 3345 2359 Nam

1796 2403 1967 2457 ortiva
2015 2409 2291 2472 tempora,
2345 2401 2448 2456 etsi
2510 2401 2663 2471 signa
2704 2399 2878 2469 quoad
2930 2398 3347 2470 magnitudinem

1797 2478 1923 2548 sunt
1949 2494 2195 2562 aequalia,
2248 2492 2382 2546 ﬁunt
2423 2493 2703 2563 inaequalia
2749 2490 3043 2547 secundum
3084 2497 3345 2558 tempora.

1797 2584 1862 2638 Et
1882 2587 2099 2653 quidem
2118 2588 2171 2640 in
2210 2586 2452 2640 hibernis
2492 2585 2743 2639 noctibus
2776 2599 2851 2639 ea
2899 2584 3054 2653 signa
3102 2585 3350 2637 oriuntur

1796 2689 1914 2743 qua:
1948 2674 2162 2727 tardum
2192 2672 2395 2729 faciunt
2421 2683 2597 2728 ortum
2623 2692 2638 2741 ;
2683 2674 2739 2727 in
2766 2673 2967 2727 mstivis
3006 2674 3257 2753 noctibus
3283 2687 3348 2729 ea

1796 2763 2043 2815 oriuntur
2070 2762 2221 2832 signa
2241 2776 2359 2831 qua:
2384 2763 2617 2817 velocem
2651 2762 2855 2816 faciunt
2888 2771 3090 2817 ortum.

1868 2957 2087 3015 Veteres
2116 2957 2308 3029 igitur,
2344 2956 2793 3029 quemadmodum
2841 2971 2950 3012 non
2991 2964 3137 3012 recte
3186 2957 3346 3011 intel-

1800 3048 2045 3105 lexerunt
2089 3050 2241 3119 signa
2278 3049 2687 3129 combinatoria,
2720 3049 2800 3105 sic
2846 3050 3006 3105 etiam
3050 3049 3105 3103 in
3158 3049 3347 3103 ortivis

1800 3139 2132 3209 temporibbs
2160 3140 2438 3209 signorum
2474 3146 2807 3195 erraverunt.
2842 3139 2976 3194 Cum
3011 3139 3154 3193 enim
3204 3154 3345 3208 pne-

153 3225 259 3295 γάρ
286 3223 568 3296 ὀρθότατον
604 3217 741 3275 εἶναι
772 3221 862 3273 τὸν
902 3220 1157 3287 ζωδιακὸν
1186 3219 1410 3305 κύκλον,
1428 3220 1699 3291 Καρκίνου

1803 3228 2217 3308 supposuissent
2242 3229 2520 3282 zodiacum
2548 3230 2808 3282 circulum
2839 3236 2951 3281 tum
2980 3228 3341 3283 rectissimum

157 3316 371 3387 πρώτης
410 3314 600 3387 μοίρας
648 3314 1113 3385 μεσουρανούσηςο
1168 3314 1287 3367 ἐπεὶ
1334 3298 1474 3365 κατὰ
1522 3312 1704 3365 τοῦτον

153 3409 243 3463 τὸν
288 3409 470 3479 καιρὸν
514 3407 788 3463 ἀνατέλλει
829 3407 925 3477 μὲν
975 3406 1181 3475 Ζυγὸς,
1214 3405 1356 3458 δύνει
1397 3405 1453 3457 δὲ
1498 3405 1702 3475 Κριόςο

158 3500 495 3569 ἀπεφήναντο
519 3499 577 3552 ὲν
608 3497 842 3567 πλείστῳ
872 3496 967 3565 μὲν
1000 3498 1173 3567 χρόνῳ
1190 3496 1493 3550 ἀνατέλλειν
1517 3497 1704 3565 Ζυγὺν,

156 3592 213 3643 ἐν
243 3588 474 3659 πλείστῳ
515 3587 572 3641 δὲ
604 3587 778 3658 χρόνῳ
810 3585 983 3639 δύνειν
1026 3588 1213 3657 Κριόν.
1254 3587 1419 3641 Πάλιν
1462 3587 1580 3639 ἐπεὶ
1609 3604 1707 3639 τα-

162 3680 459 3746 πεινότατος
491 3680 700 3749 γίνεται
731 3679 760 3730 ὁ
790 3678 897 3732 τῶν
928 3677 1130 3741 ζῳδίων
1171 3678 1388 3741 κύκλος,
1432 3678 1708 3747 Αίγόκερω

162 3769 374 3843 πρώτης
413 3771 607 3843 μοίρας
643 3769 1109 3841 μεσουρανούσης,
1144 3770 1285 3823 κατὰ
1314 3768 1499 3823 τοῦτον
1531 3769 1707 3823 δὲ.τὸν

157 3862 341 3934 καιρὸν
370 3861 651 3916 ἀνατέλλει
685 3861 783 3932 μὲν
813 3861 1001 3932 Κριὸς,
1029 3860 1169 3915 δύνει
1195 3860 1251 3913 δὲ
1278 3861 1445 3929 Ζυγός
1468 3876 1480 3887 ·
1508 3859 1710 3931 ἀπεφή-

158 3969 309 4007 ναντο
348 3953 446 4024 μὲν
488 3954 718 4024 τάχιστα
762 3952 1069 4007 ἀνατέλλειν
1113 3951 1310 4022 Κριὸν,
1345 3950 1607 4023 ἐλαχίστῳ
1650 3952 1707 4005 δὲ

162 4044 333 4115 χρόνῳ
348 4044 523 4099 δύνειν
546 4044 736 4113 Ζυγόν.
761 4043 929 4097 Πάλιν
958 4042 1078 4097 ἐπεὶ
1109 4043 1276 4113 μέσην
1308 4042 1546 4110 ἔγκλισιν
1573 4043 1709 4114 λαμ-

164 4135 308 4190 ϐάνει
326 4139 354 4190 ὁ
382 4137 490 4190 τῶν
516 4136 721 4201 ζῳδίων
749 4134 945 4199 κύκλος
968 4134 1103 4206 πρὸς
1134 4133 1223 4188 τὸν
1250 4134 1515 4205 ὁρίζοντα,
1538 4134 1707 4207 Κριοῦ

163 4228 375 4300 πρώτης
418 4228 607 4299 μοίρας
652 4226 1121 4299 μεσουρανούσης,
1158 4226 1251 4280 καὶ
1282 4224 1454 4292 Ζυγοῦ
1488 4224 1707 4296 πρώτης

167 4319 348 4391 μοίρας
380 4317 841 4391 μεσουρανούσηςο
863 4318 1137 4373 ἀνατέλλει
1166 4317 1263 4388 μὲν
1289 4317 1586 4387 Καρκίνος,
1615 4316 1706 4369 δύ-

162 4426 240 4463 νει
272 4410 325 4464 δὲ
355 4410 691 4483 Αίγόκερως’
728 4407 867 4461 ὥστε
905 4410 1066 4479 μέσον
1097 4408 1284 4480 χρόνον
1320 4409 1419 4478 τῆς
1452 4407 1707 4476 ἀνατολῆς

164 4496 299 4570 lxxiv
326 4500 617 4573 Καρκίνον,
647 4499 742 4553 καὶ
778 4498 939 4569 μέσον
970 4500 1157 4570 χρόνον
1190 4500 1289 4571 τῆς
1315 4499 1517 4563 δύσεως
1547 4501 1705 4567 Αἰγό-

1802 3332 1941 3381 esse,
1977 3331 2098 3370 cum
2128 3316 2324 3371 Cancri
2367 3317 2537 3387 prima
2580 3332 2705 3386 pars
2743 3315 2975 3370 medium
3013 3317 3136 3370 casti
3184 3322 3346 3371 tene-

1802 3417 1917 3476 ret;
1960 3423 2191 3477 cumque
2241 3408 2343 3461 hoc
2394 3414 2633 3477 tempore
2664 3408 2868 3462 oriatur
2895 3406 3091 3472 Libra,
3135 3407 3346 3463 occidat

1804 3493 1994 3548 Aries:
2029 3494 2153 3549 inde
2205 3501 2509 3557 statuerunt
2569 3495 2882 3565 longissimo
2924 3504 3165 3566 tempore
3213 3498 3342 3552 oriri

1804 3583 2039 3648 Libram,
2072 3592 2126 3639 et
2157 3585 2472 3654 longissimo
2522 3591 2759 3653 tempore
2802 3586 3050 3641 occidere
3086 3587 3341 3641 Arietem.

1805 3672 2016 3730 Rursus
2038 3690 2159 3729 cum
2189 3675 2521 3729 humillimus
2555 3676 2645 3728 ﬁat
2674 3676 2949 3740 zodiacus,
2981 3677 3151 3745 prima
3198 3686 3347 3746 parte

1803 3766 2120 3837 Capricorni
2150 3774 2362 3821 tenente
2394 3765 2627 3822 medium
2668 3768 2902 3831 creli,‘et
2955 3768 3056 3823 hoc
3101 3776 3346 3838 tempore

1804 3858 2013 3912 oriatur
2038 3857 2214 3921 Aries,
2248 3857 2408 3912 Libra
2441 3857 2653 3912 occidat
2683 3877 2697 3912 :
2733 3867 3037 3915 statuerunt
3063 3860 3342 3916 celerrime

1806 3951 1940 4007 oriri
1976 3949 2236 4014 Arietem,
2280 3961 2335 4005 et
2365 3951 2647 4007 celerrimo
2677 3958 2918 4022 tempore
2970 3952 3216 4007 ocCidere
3257 3952 3349 4006 Li-

1792 4041 1983 4095 ,bram.
2012 4038 2223 4094 Rursns
2259 4055 2379 4095 cum
2408 4041 2636 4095 mediam
2660 4041 3058 4096 inclinationem
3095 4042 3349 4096 zodiacus

1806 4139 1919 4185 tum
1948 4128 2013 4185 ad
2049 4130 2379 4185 horizontem
2409 4130 2653 4200 accipiat,
2689 4146 2810 4184 cum
2846 4132 3015 4199 prima
3040 4143 3165 4199 pars
3194 4132 3351 4187 Arie-

1808 4224 1879 4278 tis
1902 4222 2136 4277 medium
2168 4221 2287 4275 coeli
2318 4232 2566 4289 occupat,
2595 4229 2648 4274 et
2676 4219 2851 4275 Librae
2872 4234 2997 4290 pars
3021 4220 3191 4290 prima
3236 4238 3349 4276 me-

1812 4313 1960 4367 dium
1994 4310 2116 4381 coeli
2146 4316 2313 4370 tenet,
2341 4309 2552 4362 oriatur
2579 4317 2757 4363 autem
2802 4306 3009 4362 Cancer
3036 4317 3091 4363 et
3138 4310 3351 4364 occidat

1809 4402 2177 4471 Capricornus
2218 4418 2233 4454 :
2270 4407 2576 4455 statuerunt
2626 4400 2807 4470 igitur,
2857 4399 3090 4455 medium
3136 4406 3349 4471 tempus

1810 4500 1962 4547 ortus
1989 4491 2187 4547 habere
2214 4491 2502 4557 Cancrum,
2532 4500 2584 4547 et
2614 4491 2847 4547 medium
2876 4501 3083 4563 tempus
3119 4506 3349 4549 occasus

164 4606 347 4662 κιρων⁸
372 4569 535 4646 πάλιν
553 4591 609 4645 δὲ
629 4589 819 4663 Χηλῶν
841 4569 1298 4662 μεσούρανουσῶν,
1328 4591 1487 4660 μέσον
1514 4592 1701 4661 χρόνον

1802 4584 2226 4654 Capricornum;
2259 4600 2449 4639 rursus
2478 4582 2659 4638 Chelis
2690 4583 2920 4638 medium
2942 4569 3353 4639 'cmli'tenenti-

164 4682 257 4754 τῆς
280 4684 537 4755 ἀνατολῆς
569 4682 679 4749 ἔξει
700 4683 1027 4755 Αίγόκερως,
1062 4686 1155 4738 καὶ
1200 4684 1358 4755 μέσον
1384 4683 1482 4754 τῆς
1512 4683 1709 4745 δύσεως

165 4775 344 4846 χρόνον
368 4776 659 4848 Καρκίνος.
708 4777 773 4830 Ἦ
802 4776 859 4830 δὲ
884 4776 1114 4846 τοσαύτη
1149 4776 1359 4838 ἔκθεσις
1390 4776 1494 4829 τῶν
1521 4777 1710 4829 ἀνατο-

165 4862 320 4917 λικῶν
354 4868 563 4938 χρόνων
612 4865 763 4937 παρά
802 4868 913 4930 τοῖς
959 4866 1203 4936 ἀρχαίοις
1247 4866 1361 4918 ἐστὶ
1416 4867 1710 4937 διημαρτη-

169 4955 316 5026 μένη.
355 4957 508 5011 Ἐπεὶ
543 4958 652 5030 γὰρ
686 4958 904 5029 Δίδυμοι
948 4958 1040 5011 καὶ
1085 4956 1354 5027 Καρκίνος
1400 4958 1498 5028 τὴν
1544 4958 1709 5028 αὐτὴν

167 5042 392 5114 εγκλισιν
442 5045 656 5116 ἔχουσιν
704 5047 762 5098 ὲν
802 5045 879 5116 τῷ
922 5038 1166 5114 ζωδιακῷ
1214 5041 1397 5112 κύκλῳ
1441 5043 1574 5114 πρὸς
1620 5042 1708 5095 τὸν

168 5131 431 5207 ὁρίζοντα,
461 5137 555 5190 καὶ
584 5137 684 5207 τὴν
717 5136 885 5207 αὐτὴν
916 5136 1210 5190 ἀπόστασιν
1238 5132 1343 5186 ἀπὸ
1372 5132 1464 5185 τοῦ
1499 5132 1707 5202 θερινοῦ

175 5282 480 5357 Strabonem
507 5285 615 5357 lib,
632 5301 695 5357 ll,
724 5285 1079 5357 ἐξηκοντάδας
1102 5300 1199 5355 pro
1232 5284 1335 5337 alia
1363 5298 1495 5357 voce
1515 5284 1705 5354 depra-

172 5364 289 5408 vata
318 5356 525 5426 restitui
569 5356 789 5426 iubens,
810 5356 1193 5426 sexagesimus
1223 5356 1709 5426 partes‘interpre-

175 5431 311 5497 tatus
331 5428 418 5480 sit.
444 5425 555 5481 Hoc
572 5423 702 5482 vero
731 5423 1024 5497 salmasius
1046 5426 1185 5497 (pag.
1211 5423 1341 5497 664)
1361 5423 1505 5497 _ideo
1528 5423 1709 5497 repre—

178 5492 369 5566 hendit,
404 5498 545 5566 quod
584 5511 647 5549 ea
680 5496 902 5550 notione
941 5492 1281 5551 scribendum
1317 5492 1705 5566 έξηκσστάδας,

178 5564 221 5615 si
250 5564 454 5634 quidem
481 5566 789 5638 ἑξηκοντάς,
817 5566 1010 5638 inquit,
1037 5574 1120 5621 est
1166 5565 1569 5638 sexagenarius,
1600 5582 1706 5638 non

182 5646 297 5720 pars
320 5634 683 5720 sexagesima;
715 5643 852 5720 sicut
879 5635 1040 5699 δεκάς
1072 5634 1707 5720 nondecimaparsjsed

181 5702 746 5775 ileottria.,Secundum
788 5705 889 5760 hoc
922 5707 1329 5775 grammaticum
1367 5702 1709 5759 interdictum

184 5772 527 5827 vadimonium
576 5778 745 5830 Arato
788 5772 1027 5842 dicetur;
1061 5790 1161 5829 nec
1200 5788 1452 5829 recusare
1487 5776 1705 5842 poterit,

184 5844 303 5901 "Liv
336 5842 399 5898 ad
418 5843 939 5907 tribunalASalmasii
969 5859 1096 5900 reus
1123 5845 1335 5909 citetur,
1375 5844 1517 5913 quod
1547 5843 1705 5897 δωδε-

1808 4674 1928 4741 bus,
1951 4674 2187 4730 medium
2228 4683 2451 4744 tempus.
2467 4685 2618 4729 ortus
2646 4666 2861 4727 habebit
2886 4671 3265 4741 Capricornus,
3294 4686 3349 4728 et

1807 4765 2042 4820 medium
2100 4774 2313 4835 tempus
2358 4764 2843 4820 occasusCancer.
2887 4764 3032 4819 Talis
3082 4766 3348 4834 expositio

1807 4856 2103 4909 ortivorum
2143 4862 2441 4923 temporum
2487 4852 2628 4924 apud
2674 4864 2880 4910 veteres
2922 4853 3053 4908 falsa
3078 4862 3181 4908 est.
3213 4853 3349 4930 Cum

1808 4948 1952 5001 enim
1985 4945 2191 5002 Gemini
2227 4952 2281 4999 et
2310 4943 2519 5000 Cancer
2556 4947 2798 5001 eamdem
2855 4945 3084 4999 habeant
3119 4946 3349 4999 inclina-

1808 5039 2007 5091 tionem
2059 5037 2114 5089 in
2142 5036 2365 5113 zodiaco
2391 5035 2459 5091 ad
2505 5035 2856 5099 horizontem,
2887 5036 3235 5112 eamdemque
3262 5037 3313 5091 di
3332 5066 3348 5077 -

1814 5129 2067 5186 stantiam
2094 5128 2161 5182 ab
2176 5130 2360 5183 aestivo
2386 5129 2591 5199 tropico
2617 5127 2792 5198 signo,
2825 5136 2878 5183 et
2904 5128 3115 5184 dierum
3144 5127 3349 5197 magni—

1808 5282 1973 5353 κάδας
2002 5281 2280 5353 scripserit
2315 5298 2413 5353 pro
2450 5282 2835 5353 δωδεκατάδας.
2879 5280 2948 5353 Ut
2986 5281 3127 5353 enim
3167 5281 3347 5353 abeo,

1808 5352 1961 5424 quod,
2004 5361 2087 5424 est
2115 5349 2433 5424 έξηκοᾰτός,
2466 5349 2685 5424 deﬂecti
2715 5355 2823 5424 vult
2862 5352 2959 5422 τὴν
3002 5350 3349 5424 ἑξηκο-στάδα,

1809 5421 1887 5477 sic
1917 5422 1983 5492 ah
2005 5421 2244 5486 δέκατος,
2280 5426 2360 5475 vel
2383 5422 2680 5486 δωδέκατος
2708 5421 2939 5477 formare
2967 5421 3231 5492 oportebit
3265 5421 3351 5473 δε-
3387 5457 3392 5465 ι

1807 5491 2071 5563 κατάδας,
2123 5495 2204 5547 vel
2253 5492 2638 5563 δωδεκατάδας.
2696 5492 2869 5563 Apage
2933 5491 3031 5547 has
3078 5493 3347 5563 ineptias:

1805 5562 1961 5635 τούτο
2008 5562 2417 5635 νομοθετοῦντός
2458 5565 2572 5635 ἐστι
2610 5561 3037 5635 τοῖςςόνόμασιν,
3075 5561 3174 5613 οὐκ
3219 5561 3351 5635 ἀλητ

1808 5631 2161 5704 ῥεύοντοςίυι
2192 5647 2313 5685 cum
2341 5631 2678 5704 Nazianzeno
2721 5631 2930 5704 loquar.
2960 5632 3237 5685 Postremo
3265 5631 3350 5704 vel

1811 5700 2005 5755 Strabo
2056 5703 2170 5773 ipse
2220 5704 2545 5756 correctoris
2592 5700 2858 5773 licentiam
2894 5704 3163 5773 refrenat,
3211 5701 3349 5773 apud

1808 5786 1966 5850 quem
2018 5770 2203 5850 paucis
2248 5779 2371 5850 post
2410 5773 2499 5827 illa
2534 5770 2800 5839 versibus,
2845 5771 2952 5827 τῶν
2990 5771 3352 5840 ἑξηκονταδων

1812 5840 2129 5898 vocabulum
2162 5840 2370 5911 legitur.
