4100 6316
754 458 856 513 799

1740 457 1830 510 AD
1870 451 2130 507 EUSEBII
2175 437 2569 505 'CHRONICON
2606 442 2961 499 APPENDIX.

749 571 967 623 :udines
988 568 1242 637 aequales,
1261 578 1312 624 et
1333 570 1547 625 Cancro
1575 571 1844 625 mediante
1875 572 1929 624 in
1956 571 2112 634 caelo,
2147 570 2291 623 oria-

2400 541 2644 632 τροπικοῦ
2673 560 2897 630 σημείου
2916 597 2930 623 ,
2964 557 3056 611 καὶ
3087 555 3386 643 τάιμεγὲθη
3431 553 3538 608 τῶν
3567 550 3787 622 ἡμερῶν
3815 555 3915 605 toa-

750 671 838 712 tur
860 660 1014 723 Libra
1043 679 1055 735 ξ
1091 661 1146 714 in
1175 661 1516 732 temporibus
1537 663 1832 733 aequalibus
1863 665 2112 718 oriuntur
2135 662 2292 733 Virgo

749 757 801 805 et
830 750 1007 806 Libra.

819 928 1063 1002 Cumque
1112 934 1454 992 rectissimus
1508 935 1599 990 ﬁat
1647 935 1934 1002 zodiacus,
1974 936 2211 991 Geminis
2237 945 2291 992 et

751 1019 966 1074 Cancro
1017 1022 1246 1076 medium
1282 1024 1402 1077 coeli
1444 1026 1781 1088 tenentibus,
1816 1008 2129 1096 longissimo
2155 1036 2290 1080 tem-

754 1126 886 1180 pore
914 1113 1163 1166 oriuntur
1190 1113 1351 1185 Virgo
1371 1124 1422 1168 et
1447 1115 1626 1184 Libra,
1645 1127 1699 1171 et
1724 1132 1832 1171 non
1864 1115 2285 1180 lantthhelte,

755 1207 815 1253 ut
847 1208 1054 1256 veteres
1085 1204 1462 1272 Opinahantur.
1798 1249 1802 1255 .
2011 1209 2014 1212 ’

822 1291 1036 1346 Rursus
1068 1308 1187 1346 eum
1222 1295 1541 1366 Sagittarius
1571 1307 1621 1350 et
1649 1298 2012 1368 Capricornus
2047 1302 2286 1355 eamdem

754 1381 987 1436 habeant
1026 1386 1090 1436 ad
1139 1386 1466 1441 horizontem
1523 1391 1956 1456 inclinationem,
2006 1400 2060 1444 et
2116 1392 2293 1461 Sagit-

751 1473 896 1526 tario
925 1475 1154 1529 metlium
1179 1475 1300 1531 εαξη
1334 1487 1549 1534 tenente
1572 1484 1817 1535 oriantur
1846 1482 2052 1546 Pisces,
2083 1483 2293 1536 occidat

755 1559 955 1631 Virgo:
989 1564 1320 1633 Capricorno
1360 1570 1594 1623 medium
1629 1571 1752 1623 caeli
1800 1582 2118 1639 oceupante.
2146 1572 2292 1624 oria-

755 1661 846 1705 tur
893 1654 1066 1718 Aries,
1115 1657 1326 1711 occidat
1359 1659 1540 1723 Libra,
1577 1662 1774 1728 liatque
1813 1662 2146 1716 humillimus
2203 1677 2292 1716 zo-

753 1742 964 1804 diacus,
995 1757 1116 1797 cum
1169 1744 1496 1813 Sagittarius
1546 1757 1599 1802 et
1645 1749 2007 1817 Capricornus
2061 1751 2112 1803 in
2153 1751 2289 1805 caelo

755 1831 992 1887 mediant
1028 1851 1041 1885 :
1077 1826 1150 1889 'in
1207 1835 1526 1892 brevissimo
1555 1847 1798 1909 tempore
1847 1842 2097 1895 occidunt
2127 1841 2289 1911 Virgo

751 1928 804 1972 rt
827 1919 1008 1975 Libra.

823 2009 1034 2067 Rursus
1070 2031 1193 2070 vero
1225 2032 1345 2070 cum
1369 2018 1612 2075 Piscibus
1644 2023 1874 2076 medium
1907 2025 2028 2078 εωιί
2061 2025 2288 2079 tenenti-

753 2101 857 2156 bus
898 2105 1140 2159 oriantur
1168 2107 1414 2162 Gemini:
1452 2114 1631 2168 Ariete
1683 2115 1912 2167 medium
1959 2116 2094 2169 cteli.
2130 2131 2290 2169 occu-

755 2199 917 2258 pante
963 2198 1170 2250 oriatur
1217 2200 1424 2256 Cancer
1457 2222 1468 2255 :
1503 2199 1904 2280 Piscihusvero
1929 2215 1979 2259 et
2013 2206 2192 2258 Aricle
2236 2205 2290 2258 in

754 2286 892 2340 caelo
942 2289 1324 2357 mediantibus,
1377 2294 1604 2347 mediam
1654 2296 2053 2350 inclinationem
2101 2296 2293 2348 habeat

755 2375 1010 2432 zodiacus
1045 2397 1058 2432 :
1093 2383 1322 2434 medium
1377 2385 1540 2451 igitur
1575 2394 1787 2455 tempus
1821 2396 1971 2441 ortus
2014 2390 2292 2442 continent

754 2460 966 2518 Gemini
1007 2475 1058 2519 et
1089 2468 1312 2535 Cancer,
1350 2471 1672 2543 Sagittarius
1697 2491 1824 2530 vero
1857 2488 1909 2531 et
1934 2477 2292 2548 Capricornus

755 2567 1000 2609 occasus.

829 2643 1086 2704 Similiter
1139 2667 1282 2718 cum,
1317 2653 1535 2725 Virgine
1562 2667 1614 2712 et
1647 2657 1829 2714 Chelis
1877 2649 2111 2714 medium
2165 2659 2290 2713 cmli

646 2756 647 2759 η
755 2741 1084 2804 tenentibus,
1109 2746 1336 2798 mediam
1370 2749 1774 2804 inclinationem
1808 2751 2062 2806 zodiacus
2095 2751 2292 2805 habere

755 2830 989 2893 dicatur,
1020 2841 1073 2885 et
1105 2832 1325 2904 Virgine
1379 2840 1612 2892 medium
1658 2842 1777 2893 coeli
1819 2853 2055 2902 tenente,
2087 2843 2294 2896 oriatur

758 2920 1103 2992 Sagittarius,
1137 2928 1386 2986 occidant
1417 2927 1625 2982 Gemini
1648 2947 1662 2994 ;
1682 2932 1861 2985 Chelis
1887 2948 2013 2986 vero
2033 2934 2155 2987 caeli
2182 2949 2294 2987 me-

757 3013 906 3068 dium
956 3017 1345 3083 occupantibus
1392 3020 1598 3073 oriatur
1643 3021 2043 3089 Capricornus,
2083 3011 2292 3078 occidat

757 3102 986 3165 Cancer,
1022 3105 1252 3160 medium
1313 3116 1521 3178 tempus
1566 3111 1837 3168 habebunt
1867 3123 2019 3168 ortus
2065 3114 2294 3184 Sagitta-

760 3195 875 3248 rius
903 3203 956 3249 et
984 3190 1375 3268 Capricornus,
1410 3216 1639 3258 occasus
1672 3219 1798 3260 vero
1841 3202 2050 3260 Gemini
2073 3215 2126 3261 et
2154 3207 2293 3262 Can—
2321 3232 2364 3290 ε

759 3299 869 3338 cer.

831 3373 907 3427 Ex
936 3376 1021 3430 his
1047 3377 1390 3432 manifestum
1423 3387 1506 3434 cst
1528 3385 1668 3450 quod
1698 3398 1759 3437 ea
1791 3386 1938 3453 signa
1978 3401 2096 3455 qum
2126 3400 2297 3455 aequa-

761 3464 886 3518 liter
917 3479 946 3517 a
979 3468 1193 3534 punctis
1227 3471 1448 3537 tropicis
1477 3483 1530 3525 et
1579 3475 2044 3543 azquinoctialilms
2073 3475 2321 3542 distant,

679 3601 688 3606 .
761 3555 1054 3623 aqualibus
1085 3560 1416 3627 temporibus
1448 3558 1691 3617 oriantur
1717 3571 1770 3617 et
1797 3566 2066 3631 occidant;
2104 3573 2302 3620 etcum

764 3647 910 3698 omni
942 3656 1098 3701 nocte
1116 3663 1208 3701 sex
1245 3650 1399 3718 signa
1425 3653 1670 3705 oriantur
1695 3653 1746 3706 in
1778 3653 1923 3708 horis
1951 3654 2035 3717 12,
2071 3662 2124 3708 et
2151 3654 2298 3708 omni

762 3737 851 3791 die
880 3753 970 3791 sex
1002 3739 1152 3808 signa
1183 3742 1426 3794 oriantur
1455 3742 1507 3796 in
1544 3744 1693 3800 horis
1737 3744 1817 3808 l2,
1853 3745 2193 3799 manifestum
2218 3751 2300 3799 est

763 3825 908 3892 quod
937 3833 990 3880 et
1022 3829 1077 3880 in
1109 3829 1195 3882 die
1215 3839 1268 3884 et
1298 3831 1352 3884 in
1385 3843 1538 3886 nocte
1564 3834 1630 3886 l2
1658 3836 1807 3903 signa
1842 3838 2087 3889 oriantur
2116 3837 2168 3889 in
2203 3837 2301 3890 ho-

763 3920 842 3972 ris
866 3915 956 3979 24.
989 3923 1043 3970 et
1069 3933 1232 3972 unum
1283 3921 1494 3990 signum
1523 3923 1576 3975 in
1617 3923 1650 3975 2
1680 3924 1828 3978 horis
1867 3925 2159 3978 secundum
2191 3941 2301 3980 me-

766 4009 916 4063 dium
946 4017 1160 4064 ortuu-n
1195 4020 1424 4080 tempus.
1466 4011 1528 4064 Et
1561 4029 1748 4068 rursus
1790 4029 1912 4066 cum
1966 4016 2112 4068 omni
2145 4024 2303 4070 nocte

768 4115 861 4152 sex
884 4101 1034 4168 signa
1083 4103 1331 4155 oriantur
1361 4102 1414 4154 in
1451 4104 1596 4156 horis
1625 4103 1711 4166 12,
1751 4103 2094 4158 manifestum
2124 4116 2206 4158 est
2238 4121 2303 4159 ex

768 4187 981 4253 iisdem,
1009 4192 1152 4258 quod
1193 4208 1356 4246 unum
1402 4196 1611 4264 signum
1645 4197 1698 4248 in
1734 4197 1945 4250 duabus
1980 4198 2126 4251 horis
2160 4197 2303 4250 occi-

769 4279 882 4340 dat,
907 4289 957 4334 et
990 4281 1056 4332 12
1085 4284 1236 4350 signa
1265 4285 1528 4347 oriantur,
1550 4287 1867 4340 etoceidant
1894 4289 1946 4340 in
1978 4287 2126 4342 horis
2146 4289 2307 4356 aequi-

724 4438 732 4444 .
770 4369 1090 4424 noctialibus
1121 4372 1220 4436 24,
1255 4382 1308 4426 et
1337 4375 1574 4426 omnium
1610 4377 1880 4444 signorum
1914 4387 2120 4448 tempus
2152 4387 2302 4432 ortus

769 4469 824 4515 et
865 4476 1111 4526 occasus,
1166 4464 1336 4519 simul
1377 4474 1674 4534 sumptum,
1706 4467 2022 4536 situmquale
2076 4468 2301 4538 tempori

771 4552 1022 4607 horarum
1081 4546 1661 4623 arquinbctialiumﬂ-l,‘
1698 4565 1752 4610 et
1798 4559 1939 4626 quod
1964 4567 2300 4626 ‘quwcunque
2333 4548 2376 4604 υ

771 4645 923 4713 signa
959 4645 1272 4714 longissimo
1300 4644 1538 4716 tempore
1564 4648 1834 4711 oriuntur,
1873 4662 1936 4701 ea
1989 4649 2304 4703 brevissimo

747 4741 1012 4813 tempore
1049 4736 1298 4789 occidant
1336 4751 1502 4808 tvqgm
1531 4751 1655 4794 vero
1709 4739 2031 4793 brevissimo
2066 4746 2305 4808 tempore

772 4825 1049 4888 oriuntur,
1079 4841 1140 4881 ea
1170 4828 1482 4898 longissimo
1511 4830 1748 4904 tempore
1780 4832 2044 4885 occidant.

1297 4962 1402 5031 ιε
1430 4961 1653 5017 CAPUT
1702 4961 1790 5032 vt.

1358 5076 1433 5129 De
1468 5076 1749 5130 mensibus.

842 5209 1041 5268 Mensis
1071 5217 1152 5265 est
1198 5220 1407 5279 tempus
1458 5226 1488 5266 a
1542 5212 1924 5280 conjunctione
1977 5211 2042 5265 ad
2090 5212 2310 5282 conjun-

779 5299 1036 5360 ctionem,
1070 5310 1160 5352 aut
1186 5317 1214 5354 a
1244 5301 1538 5368 plenilunio
1568 5302 1633 5355 ad
1672 5302 2044 5372 plenilunium.
2076 5301 2166 5357 Est
2211 5318 2309 5356 au-

777 5397 885 5441 tem
913 5390 1250 5458 coajunetto,
1275 5408 1394 5445 eum
1424 5391 1475 5444 in
1501 5385 1683 5445 eadem
1732 5404 1884 5462 parte
1914 5381 2124 5446 fuerint.
2142 5394 2220 5446 sol
2257 5405 2310 5448 et

778 5471 904 5531 luna
945 5495 956 5529 :
991 5482 1129 5550 quod
1160 5481 1376 5536 litcirca
1405 5483 1735 5536 tricesimum
1768 5483 1907 5537 diem
1944 5484 2100 5538 luam.
2131 5481 2312 5537 Pleni-

779 5569 985 5624 lunium
1027 5572 1246 5638 dicitur,
1281 5586 1402 5626 cum
1465 5574 1592 5627 luna
1645 5575 1938 5627 secundum
1989 5573 2310 5628 diametrum

848 5743 1110 5821 (30)M1j_if
1131 5749 1259 5821 ἐστι
1286 5752 1517 5820 χρόνος.
1550 5750 1769 5821 Sextum
1792 5751 1892 5806 hoc
1915 5759 2075 5821 caput
2107 5749 2312 5821 Cemini

761 5812 944 5882 longe
985 5812 1338 5874 utilissimum
1377 5812 1488 5886 est,
1519 5835 1582 5874 ac
1622 5812 2035 5887 pulcherrimum
2067 5819 2312 5884 .ad,,anni

2393 652 2483 704 καὶ
2515 650 2756 720 Διδύμων
2788 650 2885 720 μὲν
2917 646 3378 718 μεσουρανούντων
3413 643 3694 697 ἀνατέλλει
3733 643 3918 712 Παρθέσ

2390 760 2476 805 νος
2494 759 2508 773 ο
2539 742 2810 813 Καρκίνου
2837 741 2894 794 δὲ
2930 737 3399 811 μεσουρανοῦντος,
3425 735 3708 790 ἀνατέλλει
3740 734 3914 800 Ζυτός·

2389 835 2446 886 tv
2477 833 2574 902 ἴσῳ
2603 833 2778 904 χρόνῳ
2799 831 3147 886 ἀνατέλλουσε
3173 829 3439 898 Παρθένος
3466 828 3561 881 καὶ
3591 826 3782 894 Ζυγός.

2459 926 2569 978 Καὶ
2607 925 2728 977 ἐπεὶ
2756 925 3037 996 ὀρθότατος
3065 924 3272 992 γίνεται
3300 924 3328 974 6
3353 921 3458 973 τῶν
3487 918 3694 983 ζωδίων
3725 917 3914 980 κύκλος,

2390 1017 2620 1085 Διδύμου
2647 1016 2739 1069 καὶ
2777 1016 3048 1086 Καρκίνου
3095 1013 3582 1085 μεσουρανούντων,
3617 1013 3679 1062 ἐν
3708 1010 3916 1079 πλείστῳ

2394 1109 2566 1178 χρόνῳ
2599 1106 2936 1160 ἀνατέλλουσι
2962 1106 3228 1176 Παρθένος
3257 1104 3347 1156 καὶ
3370 1102 3557 1170 Ζυγδς,
3580 1104 3678 1154 καὶ
3697 1102 3755 1154 οὐ
3782 1101 3916 1170 μόνον

2393 1200 2449 1250 αἱ
2484 1197 2677 1268 Χηλαὶ,
2707 1197 2952 1270 καθάπερ
2983 1200 3029 1249 οἱ
3055 1197 3267 1267 ἀρχαῖοι
3287 1195 3658 1265 διελάμϐανον.

2461 1290 2625 1344 Πάλιν
2659 1288 2714 1341 δὲ
2755 1287 2874 1339 ἐπεὶ
2903 1286 3133 1357 Τοξότης
3173 1286 3264 1338 καὶ
3293 1285 3597 1356 Αίγόκερως
3633 1284 3733 1355 τὴν
3773 1283 3916 1353 αὐτὴν

2391 1366 2627 1449 ἔγκλισιν
2660 1380 2838 1448 ἔχουσι
2874 1377 3009 1448 πρὸς
3043 1377 3132 1429 τὸν
3157 1374 3402 1446 ὁρίζοντα
3420 1415 3435 1439 ,
3461 1373 3552 1427 καὶ
3580 1375 3804 1439 Τοξότου
3833 1391 3914 1442 με·

2393 1469 2804 1541 σουρανοῦντος,
2847 1467 3217 1521 ἀνατέλλουσιν
3256 1465 3456 1535 ’Ῑχθύες
3479 1506 3494 1531 ,
3527 1465 3671 1519 δύνει
3708 1465 3762 1516 δὲ
3788 1465 3914 1532 Παρ-

2392 1561 2540 1625 θένος
2563 1578 2576 1592 ·
2615 1547 2902 1630 Ᾰίγόκερω.
2929 1559 2983 1611 δὲ
3014 1557 3466 1628 μεσουρανοῦντος
3487 1597 3501 1621 ,
3532 1556 3800 1611 ἀνατέλλει

2391 1651 2577 1722 Κριὸς,
2611 1651 2753 1703 δύνει
2796 1651 2850 1702 δὲ
2896 1650 3099 1718 Ζυγὸς,
3128 1650 3218 1701 καί
3256 1647 3463 1714 γίνεται
3500 1649 3865 1710 ταπεινότατος
3890 1650 3914 1699 ό

2390 1743 2496 1797 τῶν
2541 1741 2996 1806 ζκωδίωνκύκλος,
3036 1741 3258 1805 Τοξέτου
3305 1744 3396 1800 καὶ
3434 1742 3711 1811 Δῐγόκερω
3742 1756 3916 1809 μεσου-

2398 1835 2694 1904 ρανούντων
2711 1852 2722 1863 '
2751 1837 2807 1888 tv
2836 1824 3098 1903 ἐλαχίστῳ
3119 1833 3290 1903 χρόνῳ
3320 1833 3530 1886 δύνουσι
3552 1834 3814 1902 Παρθένος
3837 1834 3926 1885 καὶ.

2394 1926 2581 1994 Ζυγός.

2465 2017 2630 2070 Πάλιν
2674 2017 2728 2069 δὲ
2775 2017 2895 2068 ἐπεὶ
2935 2011 3660 2086 Ἰχθύωνμεσουρανούντων
3714 2016 3912 2069 ἀνατέλ-

2395 2108 2543 2160 λουσι
2595 2108 2812 2176 Δίδυμοι
2839 2149 2853 2172 ,
2919 2106 3088 2177 Κριοῦ
3154 2107 3603 2177 μεσουρανοῦντος
3663 2107 3920 2161 ἀνατέλλει

2395 2199 2662 2268 Καρκίνος
2689 2238 2702 2258 ,
2751 2197 2963 2266 Ἰχθύων
3004 2199 3059 2264 δὲ
3101 2200 3191 2252 καὶ
3235 2199 3402 2269 Κριοῦ
3446 2199 3910 2270 μεσουρανούντων.

2400 2289 2566 2358 μέσην
2597 2289 2831 2356 ἔγκλισιν
2865 2290 2976 2358 ἔχει
3009 2292 3036 2342 6
3076 2290 3331 2354 ζωδιακὸς
3358 2293 3585 2354 κύκλος·
3623 2294 3776 2363 μέσον
3820 2293 3942 2360 ἄρα·

2396 2379 2580 2448 χρόνον
2603 2380 2696 2448 τῆς
2725 2380 2984 2448 ἀνατολῆς
3012 2381 3316 2450 περιέχουσι
3344 2381 3561 2451 Δίδυμοι
3600 2383 3689 2435 καὶ
3727 2379 3912 2450 Καρκι-

2397 2487 2503 2534 νος,
2528 2471 2728 2535 δύσεως
2756 2472 2811 2524 δὲ
2842 2471 3070 2542 Τοξότης
3097 2473 3188 2525 καὶ
3205 2472 3528 2543 Αίγόκερως.

2474 2651 2704 2721 ’,Ομοίως
2724 2651 2781 2704 δὲ
2812 2653 2930 2703 ἐπεὶ
2951 2650 3221 2720 Παρθένου
3247 2642 3344 2703 καῖ
3363 2651 3553 2720 Χηλῶν
3583 2666 3911 2722 μεσουρανου-

2398 2745 2504 2798 σῶν
2527 2745 2696 2814 μέσην
2727 2744 2960 2812 ἔγκλισιν
2991 2745 3128 2813 ἔχειν
3151 2744 3360 2811 λέγεται
3386 2747 3413 2796 6
3439 2744 3694 2807 ζωδιακὸς
3718 2743 3906 2806 κύκλος,

2397 2835 2489 2886 καὶ
2503 2835 2773 2904 Παρθένου
2802 2833 3250 2904 μεσουρανούσης,
3269 2832 3540 2886 ἀνατέλλει
3569 2833 3665 2904 μὲν
3682 2833 3906 2903 Τοξότης.

2395 2927 2606 2980 δύνουσι
2635 2927 2692 2979 δὲ
2737 2928 2950 2996 Δίδυμοι
2974 2943 2988 2956 ·
3025 2927 3214 2998 Χηλῶν
3245 2928 3299 2980 δὲ
3344 2929 3773 3000 μεσουρανουσῶν
3798 2929 3909 2979 ἀνα-

2396 3019 2566 3072 τέλλει
2597 3020 2921 3090 Αἰγόκερως,
2949 3019 3091 3071 δύνει
3122 3019 3509 3090 δέΚαρκίνος·
3550 3021 3707 3090 μέσον
3744 3018 3908 3088 χρόνον

2398 3110 2698 3182 περιέξουσι
2741 3110 2841 3179 τῆς
2887 3109 3143 3180 ἀνατολῆς
3192 3109 3417 3180 Τοξότης
3459 3111 3554 3163 καὶ
3608 3111 3906 3178 Δὶγόκερως,

2396 3205 2491 3273 τῆς
2521 3203 2577 3256 δὲ
2602 3202 2803 3266 δύσεως
2831 3203 3049 3272 Δίδυμοι
3081 3202 3172 3254 καὶ
3189 3202 3485 3272 Καρκίνος.

2476 3382 2568 3435 Ἐκ
2595 3382 2650 3434 δὲ
2681 3382 2879 3434 τούτων
2905 3381 3152 3451 φανερὸν,
3187 3381 3265 3432 ὅτι
3294 3380 3361 3433 τά
3390 3382 3500 3432 ἴσον
3541 3380 3798 3450 ἀπέχοντα
3818 3376 3920 3430 τῶν·

2395 3472 2685 3543 τροπικῶν,
2717 3471 2936 3524 καὶτῶν
2962 3472 3283 3541 ίσημερίνῶν
3306 3470 3538 3541 σημείων
3561 3473 3617 3523 ὲν
3645 3470 3738 3540 ῐσῳ
3761 3469 3908 3539 χρόνῳ

2398 3562 2704 3625 ἀνατέλλει,
2735 3563 2826 3614 καὶ
2875 3562 3056 3614 δύνειο
3106 3565 3198 3615 καὶ¹
3243 3563 3362 3615 ἐπεὶ
3412 3565 3467 3616 tv
3506 3562 3654 3634 πάσῃ
3690 3561 3829 3615 νυκτὶ
3861 3557 3909 3620 ἒξ

2399 3653 2562 3717 costa
2604 3653 2877 3706 ἀνατέλλει
2922 3656 2978 3706 tv
3017 3653 3179 3724 ὥραις
3215 3654 3301 3718 ιϐ’,
3335 3653 3581 3724 φανερὸν,
3620 3655 3702 3706 ὅτι
3742 3652 3826 3704 καὶ
3861 3650 3907 3700 tv

2400 3744 2578 3814 ἡμέρᾳ
2614 3745 2708 3796 καὶ
2746 3745 2895 3795 νυκτὶ
2932 3742 2996 3796 ιϐ’
3029 3742 3189 3807 ζώδια
3231 3743 3502 3796 ἀνατέλλει
3544 3747 3599 3797 tv
3645 3744 3802 3814 ὥραις
3826 3738 3906 3796 κδ’.

2399 3835 2457 3886 τὺ
2485 3834 2538 3886 δὲ
2567 3833 2622 3886 ἓν
2665 3832 2848 3896 ζὼδιον
2880 3833 3152 3886 ἀνατέλλει
3195 3834 3252 3885 ὲν
3297 3833 3443 3886 δυσὶν
3470 3833 3640 3904 ὥραις
3669 3832 3798 3886 κατά
3832 3816 3908 3881 τὸν

2404 3927 2563 3994 μέσον
2592 3925 2697 3978 τῶν
2722 3926 2989 3978 ἀνατολῶν
3017 3927 3222 3996 χρόνον.
3253 3925 3361 3978 Καὶ
3388 3925 3545 3977 πάλιν
3572 3926 3690 3977 ἐπεὶ
3712 3927 3761 3976 ἐν
3786 3923 3920 3990 πάσῃ.

2399 4020 2552 4072 νυκτὶ
2585 4016 2642 4082 ἒξ
2687 4017 2848 4082 ζὼδια
2881 4017 3022 4070 δύνει
3058 4020 3114 4069 ὲν
3152 4016 3317 4087 ὥραις
3361 4014 3448 4080 ιδ’,
3486 4016 3713 4086 φανερὸν
3742 4017 3799 4066 ἐκ
3821 4009 3907 4063 τῶν

2403 4108 2611 4171 αὐτῶν,
2641 4109 2719 4160 ὅτι
2767 4109 2828 4160 τὸ
2856 4108 2913 4159 ἓν
2951 4106 3132 4170 ζῶδιον
3173 4098 3230 4159 tv
3269 4106 3416 4159 δυσὶν
3456 4106 3623 4178 ὥραις
3656 4106 3808 4166 δύνει,
3832 4100 3907 4153 καὶ

2405 4201 2468 4252 ιϐ’
2497 4200 2655 4264 ζώδια
2684 4199 2956 4253 ἀνατέλλει
2999 4199 3091 4251 καὶ
3131 4199 3272 4252 δύνει
3306 4199 3364 4250 ἐν
3397 4197 3566 4269 ὥραις
3607 4193 3906 4268 ἰσημεριναῖς

2402 4292 2478 4345 κδ’
2501 4311 2515 4322 ο
2552 4293 2644 4344 καὶ
2671 4294 2883 4345 πάντων
2913 4292 3018 4344 τῶν
3050 4289 3248 4354 ξωδίων
3275 4294 3303 4344 6
3337 4291 3728 4361 συναμφότερος
3752 4285 3910 4358 χρόνος

2402 4386 2497 4456 τῆς
2528 4385 2786 4453 ἀνατολῆς
2833 4386 3050 4454 καὶτῆς
3082 4382 3280 4446 δύσεώς
3320 4387 3465 4436 ἐστιν
3510 4385 3620 4445 ἴσος
3658 4382 3804 4452 ὡρῶν
3842 4379 3905 4430 ίσ-

2402 4475 2828 4546 ημερινῶνχᾶ·
2863 4475 2954 4528 καὶ
3004 4476 3102 4531 ὅσα
3156 4475 3251 4544 μὲν
3302 4473 3408 4526 τῶν
3447 4472 3646 4536 ζῳδίων
3677 4474 3732 4524 tv
3783 4465 3905 4521 πλει-

2406 4585 2511 4637 στῳ
2536 4568 2708 4637 χρόνῳ
2736 4567 3026 4631 ἀνατέλλει,
3061 4569 3117 4619 tv
3150 4565 3410 4635 ἐλαχίστῳ
3441 4565 3613 4634 χρόνῳ
3633 4563 3808 4616 δύνει·
3828 4559 3917 4611 ὃσα-

2403 4659 2458 4710 δὲ
2483 4661 2539 4711 tv
2561 4659 2820 4729 ἐλαχίστῳ
2855 4659 3024 4730 χρόνῳ
3049 4657 3390 4727 ἀναφέρεται,
3414 4658 3469 4708 tv
3505 4655 3732 4725 πλείστῳ
3753 4649 3915 4724 χρόνῳ

2402 4749 2565 4804 δύνει.

2917 4965 3300 5021 ΚΕΦΑΔΑῙΟΝ
3338 4964 3428 5032 ς’.

2980 5079 3117 5146 Περὶ
3141 5077 3367 5147 μηνῶν.

2475 5214 2598 5283 Μὴν
2625 5215 2738 5265 ἐστι
2771 5213 2956 5283 χρόνος
2987 5210 3094 5280 (50)
3132 5211 3237 5263 ἀπὸ
3279 5209 3492 5264 συνόδου
3524 5211 3616 5263 ἐπὶ
3655 5199 3908 5269 σύνοδοινῶ

2408 5299 2867 5370 ἀπδπανσελήνου
2906 5300 2997 5352 ἐπὶ
3039 5298 3377 5367 πανσέληνον.
3428 5299 3580 5351 Ἐστι
3628 5299 3684 5351 δὲ
3733 5293 3907 5352 σύνοδος

2413 5388 2531 5456 μὲν,
2563 5389 2770 5439 ὅτανὲν
2801 5388 2867 5455 τῇ
2909 5387 3042 5455 αὐτῇ
3082 5385 3239 5455 μοίρᾳ
3284 5386 3501 5454 γένηται
3537 5387 3566 5436 6
3604 5384 3747 5454 ἥλιος
3784 5378 3906 5443 καὶὴ

2412 5477 2604 5548 σελήνη
2629 5495 2640 5506 ·
2669 5476 2808 5530 τοῦτ’
2842 5478 2953 5529 ἐστι
2982 5478 3106 5548 περὶ
3129 5477 3225 5547 τὴν
3250 5475 3510 5547 τριακάδα
3534 5474 3776 5547 σελήνης.
3803 5474 3908 5528 Παν-

2413 5568 2630 5636 σέληνος
2667 5567 2722 5620 δὲ
2750 5564 2960 5634 λέγεται
2987 5603 3002 5628 ,
3029 5567 3153 5619 ὅταν
3188 5568 3221 5636 ή
3251 5567 3442 5636 σελήνη
3484 5565 3624 5619 κατὰ
3667 5566 3907 5636 διάμετρον

2377 5736 2380 5739 ’
2416 5747 2585 5802 Graeci
2618 5754 2670 5800 et
2721 5745 2878 5798 Attici
2931 5745 3127 5798 veteris
3175 5742 3398 5798 formam
3443 5741 3825 5810 explicandam.
3857 5734 3912 5786 Εο

2416 5834 2515 5872 nos
2553 5818 2633 5872 usi
2663 5831 2848 5872 sumus
2880 5816 3079 5883 passim
3108 5813 3196 5868 lib.
3231 5828 3248 5866 ι
3279 5820 3332 5867 et
3361 5827 3399 5866 ιι
3426 5810 3502 5866 De
3528 5814 3698 5865 ἀοι-ιν.
3729 5820 3863 5874 imp.
