4100 6316
786 347 889 412 803

793 460 1053 514 vilumum
1078 457 1401 527 appellatur;
1437 458 1490 509 in
1520 470 1624 527 qua
1642 470 1771 510 vero
1798 457 1883 512 die
1911 457 2201 514 secundam
2234 456 2315 511 fa-
2343 466 2387 520 Α

793 550 867 602 cit
896 549 1303 619 apparitionem.
1336 561 1451 601 eam
1476 546 1764 601 secundam
1814 547 1992 602 lunam
2033 555 2319 614 vocarunt;

786 640 1175 709 apparitionem
1222 638 1379 698 lunas.
1408 653 1527 706 quae
1554 638 1697 691 circa
1740 637 1973 692 medium
2018 638 2217 693 mensis
2246 638 2321 701 ﬁt,

787 730 856 783 ab
886 730 1002 798 ipso
1030 736 1243 794 eventu,
1267 727 1597 799 διχομηνίαν,
1623 727 1675 780 id
1698 736 1776 781 cst
1805 730 2140 783 medietatem
2175 744 2325 782 men-

786 820 865 874 sis
890 819 1257 879 nominarunt,
1293 834 1356 871 ac
1402 818 1705 871 summatim
1735 834 1922 874 omnes
1966 819 2081 875 dies
2115 835 2144 873 a
2184 822 2323 873 luna:

786 902 1273 967 illuminationibus
1302 910 1734 964 denominarnnt.
1781 908 1937 964 Unde
1964 911 2125 966 etiam
2161 910 2323 965 trice-

788 1002 977 1057 simam
1004 1002 1204 1053 mensis
1233 1001 1392 1063 diem,
1411 1016 1530 1055 cum
1556 1001 1743 1054 ultima
1769 1002 1857 1063 sit,
1893 1001 1962 1055 ab
1993 1002 2109 1070 ipso
2131 1011 2321 1054 eventu

787 1094 1028 1149 triacada
1066 1100 1344 1148 vocarunt.
1382 1090 1477 1147 llis
1521 1100 1884 1146 consentanea
1928 1094 2087 1147 etiam
2129 1093 2322 1146 Aratus

787 1187 844 1241 in
904 1186 1347 1257 appellationibus
1399 1184 1607 1239 dierum
1668 1184 2021 1246 demonstrat,
2067 1198 2187 1236 cum
2242 1183 2321 1238 sic

752 1288 753 1291 ‘
787 1277 958 1347 inquit
986 1295 998 1331 :

786 1384 970 1457 ,ίῘοηηε
998 1388 1156 1449 vides,
1191 1404 1307 1441 cum
1328 1402 1490 1457 parva
1520 1382 1758 1457 cornibgrs
1795 1382 1917 1435 (una

798 1455 1001 1524 Vesperi
1026 1451 1347 1524 apparuerit,
1372 1453 1647 1507 crescentis
1677 1451 1822 1502 docl‘t
1912 1521 1919 1524 _
2011 1520 2021 1524 _
2143 1495 2202 1524 Α.

786 1520 977 1578 Mensis
1016 1520 1275 1595 (signum)
1310 1525 1428 1577 inde
1471 1537 1583 1573 cum
1618 1524 1814 1589 primus
1843 1520 2086 1587 splendor
2116 1522 2315 1602 (figun-

788 1660 854 1712 Ut
882 1659 1120 1712 umbram
1146 1660 1330 1721 facint,
1351 1658 1513 1711 tendit
1541 1656 1610 1708 ad
1636 1668 1877 1723 quartum
1901 1660 2056 1712 diem.
2125 1591 2313 1662 [duum

786 1730 913 1783 Octo
947 1729 1057 1783 dies
1094 1732 1145 1781 in
1175 1728 1339 1781 medio
1370 1728 1489 1782 orbe
1526 1726 1734 1780 luminis
1767 1730 2088 1782 medietatem
2124 1732 2313 1793 mensis

1889 1808 1998 1878 tota.
2021 1798 2151 1878 facie
2181 1801 2307 1870 (55).
2346 1810 2386 1866 Β

1862 1796 1991 1917 grata
2021 1798 2151 1866 facie
2181 1801 2306 1870 (55).

782 1864 991 1930 Semper
1013 1875 1182 1920 autem
1210 1865 1313 1919 alio
1347 1878 1569 1934 tempore
1591 1868 1725 1921 alias
1754 1868 1869 1934 {ron
1895 1885 1947 1920 es
1981 1868 2242 1923 inciinam
2302 1902 2306 1907 ~

784 1936 1007 2004 Dixerit,
1037 1947 1193 2004 quota
1218 1939 1406 1991 mensis
1433 1955 1629 1991 aurora
1656 1940 2112 1991 circumvolvitur.

784 2073 885 2141 19
916 2074 971 2126 in
1015 2073 1099 2127 his
1152 2073 1293 2127 enim
1331 2074 1611 2141 perspicue
1651 2074 1828 2142 inquit
1862 2074 1931 2126 ab
1972 2073 2316 2126 illuminatio-

781 2162 940 2216 nibus
963 2163 1102 2215 lunae
1128 2162 1511 2230 appellationes
1540 2163 1746 2217 dierum
1773 2163 2147 2217 denominatus
2173 2179 2312 2219 esse.

782 2251 953 2317 llnjus
991 2252 1133 2319 quod
1159 2250 1449 2305 secundum
1500 2252 1678 2305 lunam
1713 2260 1962 2306 accurate
1993 2254 2106 2307 dies
2146 2250 2314 2307 Graeci

784 2350 965 2411 agant,
1019 2351 1386 2409 argumentum
1415 2349 1497 2396 est
1538 2342 1657 2405 hoc,
1705 2342 1847 2411 quod
1905 2344 2035 2397 solis
2086 2344 2313 2412 eclipses

784 2434 912 2485 Iinnt
943 2432 995 2483 in
1028 2430 1283 2496 triacade,
1306 2430 1405 2485 hoc
1450 2437 1533 2485 est
1559 2432 1643 2485 die
1666 2431 1955 2486 tricesima.
1987 2430 2138 2484 Tunc
2171 2432 2311 2484 enim

779 2522 903 2576 luna
930 2523 1270 2592 conjungitur
1295 2537 1416 2576 cum
1449 2522 1582 2581 sole.
1610 2529 1663 2576 et
1685 2523 1739 2577 in
1767 2522 1954 2577 eodem
1988 2522 2151 2593 gradu
2183 2538 2311 2575 con-

778 2614 1036 2668 stituitur.
1070 2611 1232 2666 Lunae
1261 2626 1387 2665 vero
1414 2613 1640 2681 eclipses
1701 2612 2015 2681 contingant
2062 2627 2123 2667 ea
2161 2619 2315 2665 nocte

781 2717 900 2772 qua
922 2701 1093 2755 tendit
1126 2701 1190 2753 ad
1220 2698 1559 2753 medietatem
1588 2701 1810 2755 mensis.
1848 2700 2000 2753 Tunc
2046 2701 2187 2754 enim
2231 2716 2315 2753 sc-

776 2789 1009 2843 cundum
1040 2787 1355 2843 diametrum
1381 2790 1505 2841 luna
1539 2787 1635 2842 soli
1664 2781 1949 2859 opponitur
1970 2826 1984 2851 ,
2027 2793 2081 2840 et
2128 2788 2316 2841 incidit

776 2879 829 2929 in
868 2876 1108 2928 umbram
1135 2883 1308 2931 terrae.
1331 2875 1465 2930 Cum
1493 2877 1654 2947 igitur
1668 2884 1721 2931 et
1742 2877 1865 2931 anni
1886 2886 2131 2931 accurate
2148 2893 2315 2946 agan-

778 2952 866 3019 tur
894 2965 1184 3021 secundum
1219 2967 1420 3031 solem,
1454 2976 1507 3022 et
1534 2982 1747 3023 menses
1781 2977 1834 3021 et
1875 2968 1991 3023 dies
2018 2968 2311 3023 secundum

773 3056 988 3124 lunam,
1031 3067 1157 3111 tunc
1184 3064 1374 3126 putant
1406 3055 1575 3111 Graeci
1614 3074 1672 3113 se
1696 3058 1989 3113 secundum
2015 3058 2192 3128 patria
2227 3073 2311 3113 sa-

774 3148 1052 3213 criﬁcare;
1084 3146 1185 3202 hoc
1223 3154 1399 3202 autem
1446 3156 1529 3203 est
1564 3147 1751 3203 iisdem
1797 3151 2129 3218 temporibus
2185 3156 2307 3203 anni
2337 3131 2378 3186 (ἶ

770 3240 957 3294 eadem
986 3236 1247 3293 sacriﬁcia
1282 3237 1386 3294 diis
1412 3253 1806 3295 consummare.
1858 3238 2034 3309 Atque
2077 3238 2312 3311 Egyptii

773 3328 989 3398 quidem
1012 3329 1339 3383 contrariam
1372 3327 1573 3384 Graecis
1600 3336 1653 3384 et
1676 3330 1995 3383 sententiam
2025 3338 2077 3385 et
2116 3344 2313 3399 prepo-

771 3418 935 3474 sitnm
956 3418 1274 3474 habuerunt.
1292 3416 1472 3487 Neque
1488 3420 1627 3475 enim
1644 3434 1813 3474 annos
1831 3428 1995 3489 agunt
2017 3420 2309 3483 secundum

771 3509 960 3570 solem,
980 3524 1151 3577 neque
1176 3524 1388 3564 menses
1408 3515 1462 3565 et
1483 3508 1598 3565 dies
1625 3510 1921 3565 secundum
1966 3510 2146 3565 lunam
2167 3552 2181 3573 ,
2213 3512 2309 3567 sed

745 3600 989 3668 propria
1024 3598 1253 3667 quadam
1286 3602 1491 3653 ratione
1528 3610 1652 3654 sunt
1683 3601 1785 3655 usi.
1818 3598 2019 3655 Volunt
2047 3602 2188 3656 enim
2214 3616 2305 3657 sa-

769 3689 970 3742 criﬁcia
993 3686 1096 3742 diis
1122 3687 1237 3742 ﬁeri
1257 3703 1365 3741 non
1394 3689 1689 3743 secundum
1727 3689 1865 3744 idem
1897 3696 2110 3759 tempus
2140 3693 2307 3759 anni;

772 3780 863 3835 sed
896 3794 957 3833 ea
986 3794 1081 3849 per
1128 3794 1315 3834 omnes
1342 3778 1467 3832 anni
1505 3780 1831 3849 quadrantes
1859 3780 1957 3846 ire,
2000 3786 2053 3833 et
2093 3780 2205 3834 ﬂeri
2242 3797 2306 3837 ex

771 3867 958 3922 mstivo
992 3866 1128 3923 l'csto
1152 3876 1205 3923 et
1240 3864 1610 3931 hibernum,et
1638 3867 1965 3929 autumnale,
1981 3876 2033 3921 et
2061 3883 2304 3923 vernum.

771 3960 948 4026 Agunt
979 3961 1120 4013 enim
1176 3974 1373 4013 annum
1418 3958 1622 4014 dierum
1668 3957 1805 4019 365,
1847 3957 2131 4012 duodecim
2165 3960 2306 4013 enim

773 4063 984 4102 menses
1009 4059 1173 4117 agunt
1202 4049 1272 4104 30
1324 4050 1551 4113 dierum,
1581 4058 1633 4103 et
1663 4050 1902 4119 quinque
1945 4050 2061 4105 dies
2089 4057 2306 4120 epactas

776 4138 996 4192 addunt.
1024 4138 1126 4192 Sed
1154 4137 1506 4207 quadrantem
1535 4140 1683 4193 illum
1703 4140 1807 4194 diei
1845 4156 1953 4195 non
1982 4141 2306 4195 intercalant

776 4235 991 4297 pr0pter
1016 4226 1321 4298 praedictam
1360 4242 1614 4294 causam;
1653 4237 1710 4283 ut
1735 4230 1987 4287 videlicet
2034 4232 2140 4291 illis
2170 4232 2305 4290 festa

774 4319 1085 4387 anticipent.
1125 4316 1256 4372 Nam
1276 4318 1331 4373 in
1356 4328 1584 4387 quatuor
1615 4320 1770 4375 annis
1800 4336 1921 4376 uno
1950 4322 2036 4376 die
2066 4321 2303 4393 Aa‘gyptii

768 4409 1024 4463 deﬁciunt
1051 4425 1083 4464 a
1114 4410 1247 4475 sole,
1276 4409 1417 4465 in“)
1446 4412 1603 4465 annis
1627 4410 1812 4466 decem
1833 4410 2024 4466 diebus
2054 4411 2301 4467 deﬁcient

768 4506 986 4566 propter
1014 4514 1214 4555 annum
1271 4500 1420 4555 solis.
1454 4498 1638 4569 Itaque
1677 4502 1838 4555 etiam
1867 4502 2083 4557 totidem
2113 4502 2302 4558 diebus

772 4588 1061 4657 anticipant
1089 4589 1245 4652 festa,
1262 4597 1321 4643 ut
1345 4603 1413 4644 ne
1425 4591 1737 4660 contingant
1760 4591 2056 4647 secundum
2088 4593 2301 4648 eosdem

770 4678 1095 4748 quadrantes
1122 4680 1269 4735 anni.
1297 4680 1358 4734 In
1395 4681 1551 4735 annis
1582 4696 1709 4735 vero
1745 4681 1846 4737 l20
1894 4691 2170 4738 menstrua
2200 4686 2303 4740 erit

770 4770 1021 4835 varietas,
1052 4771 1385 4839 respiciendo
1413 4787 1537 4826 cum
1560 4772 1625 4825 ad
1654 4787 1851 4827 annum
1879 4776 2012 4830 solis
2032 4815 2050 4839 ,
2087 4785 2197 4830 tum
2234 4776 2301 4831 ad

772 4860 897 4914 anni
919 4859 1263 4928 quadrantes.
1286 4860 1641 4927 Quamobrem
1673 4871 1911 4918 erratum
1957 4866 2109 4929 illud,
2155 4866 2298 4936 quod

772 4952 910 5021 apud
934 4949 1147 5006 Graecos
1185 4951 1576 5017 circumfertur,
1611 4968 1735 5007 cum
1780 4962 2002 5024 prOpter
2045 4955 2300 5025 temporis

770 5040 1155 5110 longitudinem
1195 5042 1573 5112 approbatione
1622 5043 1840 5115 dignum
1896 5046 1966 5099 sit
2013 5046 2300 5110 habitum,

769 5130 927 5183 etiam
957 5129 1023 5185 ad
1054 5140 1236 5185 nostra
1264 5147 1433 5201 usque
1460 5140 1697 5201 tempora
1743 5148 1840 5203 pro
1870 5149 1999 5189 vero
2036 5136 2300 5190 creditum

770 5215 886 5272 fuit.
908 5218 1102 5275 Putant
1126 5222 1265 5275 enim
1289 5222 1503 5292 plurimi
1548 5219 1853 5279 Gracorum
1882 5224 1936 5278 in
1981 5224 2175 5279 festum
2204 5225 2308 5280 lsi-

836 5370 881 5401 ³³
913 5390 1001 5442 rp.
1026 5380 1155 5443 ρκε’.

835 5519 944 5596 (33)
978 5525 1029 5580 Ιιι
1060 5537 1137 5581 est
1165 5529 1371 5596 integro
1401 5527 1529 5582 orbe
1552 5528 1755 5583 lucens.

836 5594 946 5661 (δι)
986 5598 1048 5649 οι
1083 5596 1198 5662 μὲν
1233 5594 1340 5665 γὰρ
1369 5597 1685 5665 Αίγύπτιοι.
1716 5596 1813 5650 Hic
1846 5596 1996 5652 locus
2028 5595 2289 5665 Soliniani

766 5668 1199 5719 commentatoris
1226 5664 1449 5735 castigat
1480 5680 1736 5733 errorem,
1772 5668 1865 5737 qui
1898 5681 2095 5721 annum
2128 5664 2293 5737 Egy-

1788 345 1875 399 ΑΙ)
1916 344 2181 402 EUSEBII
2222 340 2614 400 CHRONICON
2652 338 3011 395 APPENDIX.

3852 344 3935 402 8οι

2416 456 2597 529 ἡμέρᾳ.
2644 454 2740 527 τὴν
2774 454 3026 524 δευτέραν
3051 456 3211 523 φασιν
3243 456 3495 517 ποιεῖται,
3521 454 3777 526 δευτέραν
3805 472 3939 529 προα-

2418 547 2718 617 ηγόρευσαν
2737 562 2749 574 ·
2780 545 2876 614 τὴν
2905 544 2960 597 δὲ
2996 544 3134 597 κατὰ
3165 543 3325 614 μέσον
3349 541 3442 596 τοῦ
3471 544 3636 614 μηνὸς
3679 546 3938 615 γινομένην

2422 636 2580 705 φάσιν
2611 635 2706 705 τῆς
2738 634 2960 705 σελήνης
2992 634 3098 687 ἀπὸ
3118 633 3277 686 αὐτοῦ
3304 633 3394 686 τοῦ
3422 633 3801 703 συμϐαίνοντος
3822 636 3934 706 διχο-

2426 726 2618 797 μηνίαν
2643 726 2919 779 ἐκάλεσαν.
2956 728 3061 779 Καὶ
3088 724 3311 779 καθόλου
3337 725 3395 778 δὲ
3427 726 3601 787 πάσας
3624 725 3722 789 τὰς
3756 725 3935 797 ἡμέρας

2422 818 2527 872 ἀπὸ
2544 818 2651 871 τῶν
2670 820 2765 889 τῆς
2792 819 3017 890 σελήνης
3038 817 3327 888 φωτισμῶν
3347 817 3788 889 προσωνόμασαν.
3802 818 3934 871 Ὅθεν

2422 911 2510 963 καὶ
2531 911 2627 981 τὴν
2653 910 2973 980 τριακοστὴν
2996 910 3087 963 τοῦ
3117 910 3281 980 μηνὸς
3302 910 3513 980 ἡμέραν
3551 910 3777 979 ἐσχάτην
3799 905 3934 963 οὖσαν

2420 1001 2524 1053 ἀπὸ
2546 1000 2706 1053 αὐτοῦ
2731 1001 2823 1053 τοῦ
2846 1000 3225 1069 συμβαίνοντος
3245 1002 3510 1070 τριακάδα
3533 1002 3805 1055 ἐκάλεσαν.
3832 1002 3935 1055 Τού-

2419 1109 2527 1155 τοις
2553 1093 2609 1145 δὲ
2638 1092 2941 1155 ἀκολούθως
2978 1094 3072 1145 καὶ
3102 1095 3130 1145 ό
3164 1094 3393 1163 ’Ἄρατος
3422 1092 3518 1145 ἐπὶ
3557 1092 3663 1145 τῶν
3698 1109 3935 1162 προσηγο-

2422 1183 2548 1254 ριῶν
2580 1182 2686 1235 τῶν
2712 1182 2930 1252 ἡμερῶν
2957 1182 3329 1251 ἀποφαίνεται,
3354 1182 3526 1251 λέγων
3552 1181 3720 1245 οὕτως
3736 1199 3750 1212 ·

2422 1404 2542 1471 Οὐχ
2569 1401 2766 1468 ὀρείας,
2801 1403 2971 1471 ὀλίγη
2993 1402 3108 1471 μὲν
3138 1401 3283 1454 ὅταν
3311 1401 3592 1469 κεράεσσι
3612 1399 3837 1466 σελήνη

2430 1474 2784 1537 Ἐσπερόθεν
2816 1470 3109 1539 φαίνηται,
3148 1472 3488 1539 ἀεξομένοιο
3519 1470 3788 1524 διδάσκει

2416 1542 2635 1607 Μηνὸς,
2661 1541 2757 1594 ὅτε
2785 1538 2979 1608 πρώτη
3008 1538 3395 1595 ἀποκίδνατιιι
3421 1541 3670 1595 αὐτόθεν
3689 1538 3855 1609 αὐγὴ.

2415 1675 2647 1728 Ὀσσον
2672 1672 3001 1728 ἐπισκιάειν
3030 1673 3127 1726 ἐπὶ
3162 1674 3438 1740 τέτρατον
3458 1669 3613 1741 ἦμαρ
3639 1672 3824 1726 ἰοῦσα.

2406 1744 2597 1798 ’Ὀκτὼ
2615 1745 2665 1795 δ’
2684 1745 2753 1798 ἐν
2771 1744 3001 1812 δικάσει
3019 1761 3031 1772 ·
3056 1743 3343 1811 διχόμηνα
3357 1742 3425 1796 δὲ
3445 1744 3621 1795 παντὶ
3643 1742 3926 1810 προσώπῳ.

2414 1878 2532 1931 Alei
2557 1877 2607 1930 δ’
2637 1876 2892 1930 ἄλλοθεν
2920 1876 3080 1931 ἄλλα
3103 1878 3559 1943 παρακλίνουσα
3584 1878 3813 1945 μέτωπα

2411 1949 2574 2014 Eum,
2602 1948 2891 2013 όποσταίη
2917 1948 3108 2014 μηνὸς
3140 1946 3538 2015 περιτέλλεται
3568 1948 3702 2014 ἠώς.

2427 2058 2513 2109 Ἐν
2540 2056 2644 2127 γὰρ
2672 2055 2873 2117 τούτοις
2902 2040 3083 2125 σαφῶς
3108 2072 3269 2125 φησιν
3298 2054 3364 2108 ἐκ
3394 2055 3503 2110 τῶν
3531 2056 3813 2123 φωτισμῶν
3846 2056 3929 2121 τῆς

2367 2185 2379 2199 .
2418 2149 2639 2219 σελήνης
2682 2149 2777 2213 τὰς
2823 2149 3184 2220 προσηγορίας
3223 2148 3331 2201 τῶν
3379 2148 3598 2219 ἡμερῶν
3644 2149 3928 2217 κατωνομα-

2418 2239 2554 2291 σθαι.
2588 2238 2689 2291 Τοῦ
2728 2240 2783 2291 δὲ
2813 2239 2951 2293 κατὰ
2983 2238 3207 2308 σελήνην
3237 2238 3387 2306 ἄγειν
3419 2237 3658 2308 ἀκριϐῶς
3686 2237 3781 2299 τὰς
3816 2236 3931 2306 ἡμέ·

2417 2346 2515 2399 ρας
2549 2329 2892 2400 παράδειγμά
2917 2331 3029 2381 ἐστι
3057 2328 3116 2382 τὸ
3136 2329 3233 2391 τὰς
3262 2328 3357 2398 μὲν
3377 2328 3469 2381 τοῦ
3507 2327 3658 2397 ἡλίου
3688 2326 3928 2396 ἐκλείψεις

2414 2419 2654 2487 γίνεσθαι
2680 2423 2745 2490 τῇ
2790 2420 3053 2491 τριακάδι.
3088 2419 3220 2471 Τότε
3252 2412 3358 2490 Ῠὰρ
3384 2418 3650 2471 συνοδεύει
3680 2420 3711 2488 ἡ
3757 2418 3926 2488 πλὴνη

2412 2510 2490 2579 τῷ
2519 2511 2669 2581 ἡλίῳ,
2704 2512 2794 2564 καὶ
2835 2511 2973 2563 κατὰ
3008 2509 3107 2579 τὴν
3146 2509 3310 2579 αὐτὴν
3348 2512 3539 2579 μοῖραν
3578 2510 3796 2576 γίνεται.
3838 2509 3929 2569 Τὰς

2413 2600 2469 2651 δὲ
2492 2601 2589 2667 τῆς
2632 2600 2856 2670 σελήνης
2895 2600 3157 2668 ἐκλείψεις
3184 2600 3336 2651 νυκτὶ
3375 2601 3439 2669 τῇ
3483 2598 3712 2669 φερούσῃ
3751 2601 3823 2661 είς
3846 2598 3929 2665 τὴν

2412 2691 2743 2760 διχομηνίαν.
2786 2691 2916 2744 Τότε
2947 2691 3052 2762 γὰρ
3081 2690 3220 2745 κατὰ
3251 2690 3534 2760 διάμετρον
3561 2690 3759 2757 γίνεται
3788 2690 3819 2759 ἡ
3852 2703 3927 2739 σεο

2412 2781 2543 2852 λὴνη
2568 2781 2642 2851 τῷ
2662 2781 2814 2851 ἡλίῳ,
2849 2783 2938 2834 καὶ⁴
2966 2782 3220 2853 ἐμπίπτει
3251 2784 3329 2844 είς
3355 2781 3414 2833 τὸ
3439 2781 3537 2850 τῆς
3569 2780 3671 2849 γῆς
3693 2779 3925 2846 σκίασμα.

2414 2875 2583 2927 Ὅταν
2629 2870 2721 2927 οὖν
2767 2874 2859 2927 καὶ
2902 2874 2951 2926 οἱ
2994 2873 3225 2926 ἐνιαυτοὶ
3267 2871 3504 2943 ἀκριϐῶς
3551 2872 3780 2939 ἄγωνται
3824 2869 3926 2923 καθ’

2410 2965 2577 3035 ἥλιον,
2616 2964 2707 3017 καὶ
2747 2966 2793 3016 οί
2841 2964 3026 3034 μῆνες,
3062 2965 3153 3016 καὶ
3192 2966 3248 3015 αί
3276 2964 3478 3034 ἡμέραι
3523 2963 3665 3016 κατὰ
3702 2962 3924 3033 σελήνην,

2410 3057 2527 3109 τότε
2557 3054 2856 3125 νομίζουσιν
2893 3057 2942 3107 οἱ
2973 3056 3229 3125 Ἕλληνες
3262 3055 3402 3108 κατὰ
3436 3055 3506 3109 τὰ
3546 3056 3740 3126 πάτρια
3766 3055 3923 3109 θύειν⁵

2409 3146 2564 3199 τοῦτο
2588 3146 2630 3198 δ’
2659 3147 2773 3198 ἐστὶ
2796 3145 2936 3198 κατὰ
2964 3146 3086 3206 τοὺς
3109 3144 3300 3207 αὐτοὺς
3334 3146 3556 3217 καιροὺς
3586 3146 3676 3199 τοῦ
3708 3144 3925 3198 ἐνιαυτοῦ

2408 3236 2505 3299 τὰς
2529 3237 2692 3300 αὑτὰς
2719 3235 2905 3298 θυσίας
2925 3238 3034 3298 τοῖς
3066 3235 3203 3298 θεοῖς
3230 3237 3608 3290 συντελεῖσθαι.
3635 3237 3693 3289 Ol
3722 3237 3815 3306 μὲν
3833 3234 3925 3303 γὰρ

2409 3326 2687 3394 Αίγύπτιον.
2727 3325 2835 3395 (34)
2873 3324 2971 3395 τὴν
3002 3325 3244 3380 ἐναντίαν
3283 3325 3529 3396 διάληψιν
3569 3327 3659 3381 καὶ
3698 3326 3924 3397 πρόθεσιν

2407 3417 2666 3488 ἐσχήκασι
2710 3417 2822 3478 τοῖς
2866 3414 3135 3483 Ἕλλησιν.
3179 3414 3314 3469 Οὔτε
3355 3415 3461 3487 γὰρ
3510 3418 3633 3480 τοὺς
3678 3415 3923 3475 ἐνιαυτοὺς

2407 3507 2596 3576 ἄγουσι
2625 3505 2743 3560 καθ’
2774 3507 2941 3575 ἡλιον,
2971 3505 3093 3559 οὔτε
3122 3507 3250 3568 τοὺς
3290 3507 3462 3577 μῆνας
3490 3507 3582 3559 καὶ
3611 3506 3705 3570 τὰς
3740 3506 3923 3577 ἡμέρας

2407 3594 2545 3648 κατὰ
2572 3594 2667 3665 τὴν
2712 3595 2968 3664 σελήνηνο
3014 3594 3125 3647 ἀλλ’
3159 3594 3263 3663 ἰδίᾳ
3288 3595 3393 3646 τινὶ
3433 3594 3718 3647 ὑποστάσει
3751 3604 3923 3675 κεχρηο

2410 3686 2556 3755 μένοι
2590 3685 2713 3738 εἱσι.
2753 3676 3038 3737 Βούλονται
3070 3683 3177 3754 γὰρ
3204 3684 3301 3747 τὰς
3333 3684 3521 3747 θυσίας
3550 3688 3659 3748 τοῖς
3704 3684 3834 3748 θεοῖς
3860 3686 3920 3754 μὴ

2406 3774 2546 3829 κατὰ
2574 3778 2664 3829 τὸν
2689 3775 2847 3828 αὑτὸν
2886 3775 3068 3846 καιρὸν
3105 3774 3197 3833 τοῦ
3236 3775 3477 3828 ἐνιαυτοῦ
3509 3775 3779 3843 γίνεσθαι·
3810 3775 3922 3828 ἀλλὰ

2404 3864 2493 3917 διὰ
2518 3864 2702 3918 πασῶν
2726 3863 2832 3917 τῶν
2852 3863 2944 3917 τοῦ
2970 3863 3209 3917 ἐνιαυτοῦ
3230 3862 3386 3935 ὡρῶν
3411 3863 3633 3918 διελθεῖν
3652 3882 3665 3895 ⁸
3688 3867 3777 3918 καὶ
3799 3866 3921 3932 γίνε-

2406 3958 2529 4011 σθαι
2557 3958 2653 4029 τὴν
2678 3957 2890 4028 θερινὴν
2928 3956 3113 4030 ἑορτὴν
3138 3958 3231 4011 καὶ
3275 3961 3603 4033 χειμερινὴν,
3633 3962 3722 4015 καὶ
3761 3960 3918 4029 φθινο-

2406 4049 2677 4121 πωρινὴν,
2729 4050 2822 4103 καὶ
2867 4051 3104 4121 ἐαρινήν.
3152 4050 3373 4118 Ἂγουσι
3419 4051 3526 4126 γὰρ
3571 4049 3661 4103 τὸν
3708 4049 3917 4103 ἐνιαυτὸν

2405 4140 2621 4213 ἡμερῶν
2670 4141 2998 4213 τριακοσίων
3040 4139 3297 4211 ἐξήκοντα
3344 4142 3504 4210 πέντε
3527 4158 3545 4173 ο
3595 4142 3791 4196 δώδεκα
3829 4141 3917 4208 γὰρ

2407 4233 2580 4302 μῆνας
2623 4232 2812 4300 ἄγουσι
2859 4230 3347 4305 τριακονθημέρους
3397 4232 3490 4285 καὶ
3530 4232 3684 4285 ὴέντε
3734 4230 3915 4301 ἡμέρας

2404 4322 2681 4387 ἐπάγουσι.
2715 4322 2788 4375 Τὸ
2819 4321 2874 4374 δέ
2902 4320 3024 4390 α’[δ
3054 4321 3152 4374 οὐκ
3178 4321 3437 4390 ἐπάγουσι
3458 4321 3544 4375 διὰ
3573 4321 3670 4393 τὴν
3694 4335 3917 4391 xposth-

2408 4412 2570 4483 μένην
2618 4409 2791 4464 αἰτίαν
2812 4450 2828 4473 ,
2860 4411 2946 4463 ἵνα
2984 4410 3166 4473 αὐτοῖς
3199 4411 3622 4477 ἁναποδίξωνται
3656 4415 3709 4466 αἱ
3736 4409 3912 4482 ἑορταί.

2415 4503 2501 4555 Ἑν
2532 4499 2638 4570 γὰρ
2660 4503 2771 4562 τοῖς
2794 4500 2836 4552 δ’
2869 4499 3009 4553 ἔτεσι
3037 4501 3135 4572 μιᾷ
3154 4501 3334 4575 ἡμέρᾳ
3364 4502 3642 4574 ὑστεροῦσι
3676 4502 3813 4573 παρὰ
3840 4501 3914 4553 τὸν

2403 4592 2600 4661 ἥλιον-⁵
2624 4594 2679 4642 ἐν
2713 4590 2782 4642 *δὲ
2815 4592 2925 4653 τοῖς
2967 4597 3018 4661 μ’
3055 4591 3196 4644 ἔτεσι
3247 4597 3277 4644 ι’
3318 4592 3549 4663 ἡμέραις
3592 4593 3913 4664 ὑστερήσουσι

2402 4680 2552 4751 παρὰ
2598 4680 2686 4733 τὸν
2727 4680 2819 4733 τοῦ
2850 4680 2997 4750 ἡλίου
3029 4681 3269 4747 ἐνιαυτόν
3293 4699 3306 4713 ’
3346 4682 3486 4736 ὥστε
3515 4681 3607 4736 καὶ
3660 4683 3914 4745 τοσαύταις

2402 4770 2629 4843 ἡμέραις
2669 4770 3072 4836 ἀναποδίζουσιν
3098 4773 3153 4825 αί
3181 4771 3381 4841 ἑορταὶ,
3419 4772 3554 4846 πρὸς
3592 4772 3654 4827 τὺ
3686 4775 3755 4845 μή
3797 4772 3913 4840 γίνε-

2402 4860 2523 4914 σθαι
2552 4862 2688 4917 κατὰ
2707 4861 2805 4926 τὰς
2829 4861 2996 4923 αὐτὰς
3035 4860 3182 4931 ὥρας
3206 4859 3299 4915 τοῦ
3331 4860 3593 4917 ἐνιαυτοῦ.
3627 4862 3711 4918 Ἑν
3746 4862 3797 4917 δὲ
3822 4860 3913 4919 τοές

2401 4959 2481 5025 ρκ’
2510 4952 2554 4983 ⁸⁸
2577 4952 2718 5007 ἐτεσι
2744 4955 2987 5023 μηνιαῖον
3013 4950 3162 5005 ἔσται
3194 4950 3257 5004 τὸ
3301 4952 3663 5023 παράλλαγμα
3693 4948 3912 5023 καὶπρὸς

2397 5043 2485 5097 τὸν
2512 5042 2613 5109 τοῦ,
2644 5044 2795 5113 ἡλίου
2823 5042 3083 5106 ἐνιαυτὸν,
3111 5043 3207 5096 καὶ
3253 5042 3389 5117 πρὸς
3426 5042 3532 5106 τὰς
3565 5041 3702 5097 κατὰ
3732 5042 3791 5095 τὺ
3814 5040 3911 5100 ἔτος

2404 5134 2569 5205 ὥρας.
2595 5136 2671 5186 Δι’
2701 5135 2765 5204 ἡν
2793 5134 2966 5187 αίτίαν
2994 5134 3087 5186 καὶ
3114 5132 3175 5186 τὸ
3201 5133 3625 5204 περιφερόμενον
3646 5131 3908 5203 ἁμάρτημα

2405 5225 2556 5295 παρὰ
2590 5228 2696 5288 τοῖς
2740 5224 2992 5295 Ἕλλησιν
3030 5225 3093 5278 ἐκ
3139 5223 3343 5278 πολλῶν
3385 5224 3592 5295 χρόνων
3642 5220 3910 5295 παραδοχῆς

2394 5531 2630 5611 ptiacum
2659 5532 2729 5584 ita
2753 5532 3034 5611 contexuit
3054 5572 3069 5595 .
3101 5539 3158 5586 ut
3202 5540 3396 5603 praeter
3437 5532 3557 5589 dies
3580 5545 3767 5589 occur
3789 5528 3907 5583 hora

2396 5614 2486 5653 te:
2510 5609 2796 5667 quotannis
2828 5609 3211 5656 insererentur.
