4100 6316
186 443 300 499 813

1190 443 1422 499 GEMINI
1461 445 1823 501 ειωιΕΝτΑ
1864 441 2342 499 ΑετιιοΝοΜιε.

3251 443 3357 501 814

175 554 496 619 πλεονάζειν
554 556 671 617 τοὺς
724 555 942 627 πλήρεις
990 559 1095 611 τῶν
1128 560 1318 613 κοίλων
1360 562 1561 632 μηνῶν.
1590 564 1722 616 usae

1828 562 1998 627 Quam
2044 564 2113 615 ob
2179 576 2397 616 causam
2450 568 2662 629 oportet
2710 563 2898 631 plenos
2922 578 3137 619 menses
3172 564 3354 633 plures

180 649 293 716 μὴν
323 648 382 699 ὲν
431 650 538 709 τοῖς
560 660 606 717 η’
655 650 793 702 ἔτεσι
818 652 960 719 τρεῖς
992 647 1081 703 οὖν
1122 652 1281 704 ἔνεισι
1310 656 1471 722 μῆνες
1510 654 1721 724 ἐμϐόλι-

179 756 294 807 μοι.
325 741 389 792 Εἰ
417 741 514 809 μὲν
554 742 658 813 γὰρ
698 739 763 812 ἦν
795 744 822 795 ὁ
847 746 1085 807 ἐνιαυτὸς
1111 746 1139 796 ὁ
1169 746 1304 798 κατὰ
1340 748 1559 817 σελήνην
1588 750 1721 816 ἡμε-

179 830 295 898 ρῶν
338 832 463 893 τνδ¹,
490 828 555 901 ἦν
600 833 665 885 ἂν
721 837 753 905 ἡ
806 836 1039 905 ὑπεροχὴ
1083 838 1174 889 τοῦ
1224 837 1445 907 ἡλιακοῦ
1479 840 1718 891 ἐνιαυτοῦ

178 921 212 985 ἡ
222 920 405 987 μερῶν
434 919 499 973 ια’
530 922 644 991 αλδ.
676 916 840 974 Αὗται
871 924 926 975 δὲ
946 925 1162 987 ὀκτάκις
1182 926 1719 978 πολυπλασιασοεῑσαι

179 1010 549 1081 συνεπλήρουν
602 1013 668 1064 ἂν
707 1016 830 1075 τοὺς
883 1020 929 1079 γ’
964 1014 1133 1083 μῆνας
1190 1016 1311 1077 τοὺς
1361 1016 1714 1084 ἐμϐολίμους·

176 1099 299 1150 νυνὶ
342 1100 398 1152 δὲ
438 1102 466 1151 ὁ
511 1104 645 1156 κατὰ
682 1104 904 1172 σελήνην
944 1105 1179 1167 ἐνιαυτὸς
1208 1106 1445 1175 ἀκριϐῶς
1471 1108 1583 1159 ἐστι
1620 1108 1720 1159 τνδ⁹

176 1187 259 1249 ὡς
289 1188 512 1255 ἔγγιστα
560 1192 759 1260 τρίτου.
803 1194 925 1244 Ἐὰν
956 1190 1047 1245 οὖν
1078 1195 1362 1265 ἀφέλωμεν
1391 1196 1456 1248 τὰ
1480 1197 1581 1249 τνδν
1616 1202 1720 1265 αίγ

173 1279 290 1333 ἀπὸ
309 1280 416 1332 τῶν
440 1280 541 1344 τεεί
560 1284 678 1351 αλδ,
702 1284 1209 1354 καταλειφθήσονται
1234 1287 1433 1357 ἡμέραι
1462 1295 1509 1349 ι’,
1539 1295 1605 1339 ια’
1623 1290 1722 1339 δω-

173 1365 435 1430 δεκάδες·
478 1363 633 1422 αὗται
681 1372 735 1423 δὲ
781 1374 1317 1427 ὀκταπλασιασθεῖσαι
1376 1377 1719 1429 ἀποτελοῦσιν

173 1456 396 1526 ἡμέρας
413 1461 493 1522 πζ¹
522 1462 625 1529 αβγ
650 1462 723 1524 ὡς
742 1462 978 1531 ἔγγιστα.
1006 1462 1168 1518 Αὒται
1195 1467 1248 1517 δὲ
1272 1469 1466 1537 ἡμέραι
1494 1471 1550 1521 οὐ
1584 1487 1720 1538 συμ-

176 1546 447 1615 πληροῦσι
493 1556 538 1616 γ¹
576 1550 767 1619 μῆνας.
817 1553 893 1604 Δι’
940 1553 1002 1621 ἢν
1032 1554 1204 1606 αἰτίαν
1230 1556 1287 1606 οὐ
1322 1556 1402 1607 δεῖ
1433 1558 1641 1624 ἀγνοεῖν
1665 1561 1720 1608 ὲν

172 1638 293 1698 τοῖς
316 1645 367 1705 η’
392 1638 530 1690 ἔτεσι
556 1640 601 1707 γ’
636 1642 803 1710 μῆνας
838 1641 1154 1711 ἐμϐολίμους
1189 1645 1259 1714 μὴ
1290 1645 1541 1698 δύνασθαι
1565 1643 1717 1699 εἶναι.

175 1724 356 1777 τοῦτο
388 1727 442 1779 δὲ
483 1730 572 1779 καὶ
614 1729 697 1781 διὰ
729 1731 1474 1802 τῆςίὲννεακαιδεκαετηρὶδος
1498 1735 1722 1803 φανερὸν

174 1815 414 1881 γίνεται.
475 1818 558 1869 Ἐν
607 1818 709 1888 γὰρ
749 1822 857 1880 τοῖς
896 1818 957 1870 ιϐ’
1006 1820 1145 1873 ἔτεσι
1184 1821 1226 1883 ζ’
1254 1822 1417 1891 μῆνες
1443 1824 1718 1892 ἐμϐόλιμοι

1819 665 1938 705 esse
1964 652 2111 703 cavis
2159 650 2454 704 mensibus.
2506 648 2689 719 Neque
2747 667 2878 705 vero
2932 654 2987 705 in
3020 660 3143 707 octo
3197 658 3354 710 anuis

1818 747 1929 793 tres
1950 740 2058 807 jam
2092 741 2275 794 insunt
2296 755 2509 795 menses
2537 740 2903 797 intercalares.
2940 740 2993 795 Si
3015 743 3154 797 enim
3178 759 3353 799 annus

1818 830 2025 907 lunaris
2054 839 2197 885 esset
2249 830 2458 884 dierum
2507 832 2629 895 554,
2679 832 2871 886 solaris
2915 848 3090 887 annus
3132 834 3353 888 haberet

1818 934 2093 974 excessum
2111 913 2316 972 dierum
2337 920 2394 972 ll
2438 921 2553 988 ιχι.
2577 923 2640 973 Hi
2658 925 2823 976 octies
2854 924 3192 993 multiplicati
3215 940 3355 978 com-

1821 1011 2026 1077 plerent
2056 1018 2164 1063 tres
2193 1025 2405 1062 menses
2444 1011 2817 1067 intercalares.
2870 1011 3023 1067 Nunc
3044 1028 3171 1067 vero
3202 1016 3353 1067 luna-

1821 1100 1896 1151 ris
1916 1114 2091 1151 annus
2119 1100 2342 1165 praecise
2367 1106 2451 1152 est
2480 1099 2687 1152 dierum
2716 1101 2937 1169 5541ίῦ
2958 1101 3089 1156 fere.
3117 1101 3172 1155 Si
3194 1104 3357 1173 igitur

1821 1188 1921 1240 554
1942 1188 2037 1256 l/‘5
2056 1188 2361 1241 auferamus
2391 1203 2419 1240 a
2451 1188 2555 1243 365
2593 1190 2693 1258 1/4
2723 1190 3095 1260 relinquentur
3132 1193 3249 1249 dies
3290 1194 3358 1249 f0

1822 1274 1993 1341 11/12
2028 1294 2038 1326 :
2071 1276 2161 1343 qui
2199 1291 2291 1343 per
2318 1274 2351 1329 8
2380 1277 2721 1344 multiplicati
2749 1277 2984 1333 eﬂiciunt
3017 1281 3135 1337 dies
3165 1281 3233 1335 87
3254 1276 3356 1351 ιβ

1823 1363 1951 1416 fere.
2004 1365 2069 1417 Hi
2126 1374 2299 1418 autem
2345 1366 2459 1419 dies
2512 1382 2618 1420 non
2670 1369 2940 1436 complent
2986 1379 3097 1427 tres
3123 1388 3352 1428 menses.

1822 1452 1991 1517 Quam
2020 1456 2089 1509 oh
2121 1470 2337 1508 causam
2361 1472 2466 1509 non
2489 1458 2940 1525 estignorandum
2961 1461 3016 1514 in
3049 1472 3172 1515 octo
3197 1464 3355 1518 annis

1821 1553 1933 1598 tres
1967 1562 2179 1601 nienses
2197 1546 2547 1601 intercalares
2572 1563 2678 1601 non
2702 1564 2859 1617 posse
2876 1565 3015 1605 esse.
3041 1550 3153 1607 Hoc
3178 1564 3354 1608 autem

1820 1634 1981 1686 etiam
2012 1650 2105 1701 per
2128 1636 2737 1701 enneakazdecaeterida,
2770 1639 2821 1691 id
2852 1648 2935 1692 est
2964 1640 3243 1708 periodum
3291 1642 3357 1695 19

1822 1738 2106 1785 annorum,
2138 1724 2197 1774 ﬁt
2229 1726 2591 1779 manifestum.
2630 1724 2688 1779 In
2716 1728 2872 1781 annis
2903 1728 3044 1781 enim
3086 1728 3152 1781 i9
3186 1745 3356 1799 agun-

1826 1822 1913 1864 tur
1937 1812 1967 1862 7
1997 1828 2210 1867 menses
2238 1814 2607 1877 intercalares,
2630 1825 2682 1869 et
2708 1831 2774 1870 ex
2803 1816 3097 1884 majoribus
3145 1829 3353 1887 tempo-

175 1908 426 1972 ἇγονται,
472 1911 561 1959 καὶ
605 1911 667 1960 ὲκ
729 1910 982 1963 πλειόνων
1042 1912 1243 1980 χρόνων
1290 1916 1633 1983 συμφωνήσει
1688 1918 1719 1985 ἡ

1823 1904 1972 1956 ribus
2000 1912 2257 1971 congruet
2284 1904 2831 1959 enneakaadecaeteris
2850 1908 2902 1961 in
2930 1910 3192 1967 mensium
3230 1926 3353 1964 usu.

175 1997 739 2069 ἐννεακαιδεκαετηρὶς
794 2001 929 2051 κατᾶ
976 2002 1071 2069 τὴν
1116 2002 1221 2052 τῶν
1253 2003 1432 2072 μηνῶν
1465 2004 1681 2072 ἀγωγήν
1706 2021 1717 2031 ’

177 2088 239 2138 ὲν
298 2090 405 2157 ἄρα
447 2093 561 2150 ταῖς
609 2089 751 2151 ὀκτὼ
788 2092 1402 2163 ἐννεακαιδεκαετηρὶσιν
1449 2095 1722 2163 ἐμϐόλιμοι

182 2178 353 2247 μῆνες
398 2180 712 2248 ἁχοῇσονται
759 2189 863 2245 νς⁹.
901 2184 985 2233 Ἐν
1018 2182 1073 2234 δὲ
1117 2186 1179 2251 τῇ
1209 2185 1535 2253 ὀκταετηρίδι
1563 2186 1723 2253 μῆνες

179 2268 468 2337 ἐμϐόλιμοι
496 2269 709 2335 ἄγονται
740 2277 784 2337 γ’
808 2289 818 2299 ·
853 2272 908 2321 ἐν
943 2273 1046 2339 ἄρα
1080 2275 1197 2333 ταῖς
1234 2272 1296 2323 ιϐ’
1328 2274 1719 2341 ὀκταετηρίσιν,

179 2357 319 2425 ὅπερ
354 2360 497 2409 ἐστὶν
542 2359 635 2427 ἔτη
688 2360 814 2428 ρνβ’,
855 2360 1125 2428 ἐμϐόλιμοι
1171 2361 1385 2426 ἄγονται
1417 2362 1508 2423 vC’.
1551 2363 1636 2413 Ἑν
1666 2363 1721 2413 δὲ

178 2448 257 2516 τῷ
290 2450 437 2516 αὑτῷ
490 2450 658 2519 χρόνῳ
695 2450 833 2501 κατὰ
874 2450 968 2518 τὴν
997 2452 1586 2523 ὲννεακαιδεκαετηρίδα
1627 2454 1721 2524 τὴν

181 2536 577 2605 συμφωνοῦσαν
600 2541 707 2599 τοῖς
729 2542 1058 2608 φαινομένοις
1085 2540 1361 2610 ἐμϐόλιμοι
1388 2544 1549 2612 μῆνες
1576 2544 1723 2609 ἄγον·

179 2644 267 2677 ται
293 2634 398 2689 νς¹⁸
416 2628 551 2679 ὥστε
569 2628 869 2691 πλεονάζειν
893 2630 987 2699 τὴν
1008 2632 1353 2701 ὀκταετηρίδα
1380 2632 1456 2683 ἑνὶ
1480 2633 1604 2701 μηνὶ
1630 2634 1652 2682 ὲ
1662 2650 1723 2699 μ-

182 2716 535 2787 ϐολίμῳ.οὖκ
551 2720 703 2789 ἅραὴ
737 2720 1050 2788 ὁκταετηρὶς
1077 2724 1219 2790 τρεῖς
1238 2722 1409 2790 μῆνας
1436 2722 1546 2789 ἔχει
1566 2722 1724 2790 ἐμϐο-

180 2807 399 2876 λῐμους·
433 2808 564 2859 ἀλλὰ
587 2809 676 2859 καὶ
703 2811 840 2861 κατὰ
854 2810 1004 2861 τοῦτο
1030 2810 1436 2880 διημάρτηταιὴ
1463 2811 1719 2879 περίοδος.

255 2898 475 2967 Διόπερ,
504 2898 684 2967 ἐπειδὴ
712 2900 1149 2969 διημαρτημένην
1173 2898 1307 2951 εἶναι
1338 2901 1607 2952 συνέϐαινε
1630 2901 1724 2970 τὴν

184 2987 540 3055 ὀκταετηρίδα
578 2989 713 3038 κατὰ
751 2990 939 3045 πάντα,
986 2988 1170 3057 ἑτέραν
1200 2990 1439 3057 περίοδον
1471 2995 1722 3061 συνεστή-

188 3090 349 3125 σαντο
370 3076 468 3143 τὴν
496 3075 591 3143 τῆς
634 3075 1243 3145 ἑννεακαιδεκαετηρίδος
1289 3080 1335 3129 οἱ
1369 3080 1491 3146 περὶ
1516 3080 1721 3148 Εὐκτὴ-

188 3181 326 3232 μονα
354 3166 465 3234 (41)
498 3204 513 3227 ,
545 3168 635 3217 καὶ
669 3168 945 3230 Φίλιππον,
980 3169 1070 3221 καὶ
1092 3169 1369 3222 Κάλιππον
1391 3171 1719 3241 ἀστρολόγοι.

187 3337 371 3383 versu,
401 3328 458 3374 et
490 3337 607 3389 qua:
635 3322 955 3389 reSpondent
986 3338 1015 3376 e
1043 3323 1246 3377 directo
1277 3324 1527 3376 horarum
1558 3327 1722 3379 ratio-

187 3393 334 3443 cinia
369 3392 650 3459 capiantur
679 3411 690 3443 :
719 3394 789 3443 ita
822 3400 879 3461 ut
923 3393 967 3445 si
1016 3395 1268 3461 scrupula
1320 3394 1509 3446 diurna
1552 3395 1721 3461 prima

187 3466 319 3519 sint,
356 3475 473 3522 qua:
502 3462 585 3512 his
636 3460 977 3526 respondent,
1031 3477 1126 3527 pro
1150 3460 1338 3522 ’horis,
1374 3474 1426 3516 et
1473 3460 1720 3517 horarum

189 3530 463 3600 scrupulis
495 3527 679 3600 primis
709 3529 1021 3600 habeantur.
1061 3528 1116 3581 Si
1146 3533 1397 3600 scrupula
1418 3532 1609 3584 diurna
1641 3549 1723 3587 se-

189 3597 375 3669 cunda
408 3597 683 3669 preposita
712 3597 842 3658 sint,
878 3597 1019 3669 hora:
1042 3600 1156 3651 sint
1180 3597 1470 3667 primorum
1501 3616 1724 3669 scrupu-

188 3666 635 3735 loruminstar;
686 3676 737 3717 et
787 3668 1036 3732 scrupula
1103 3666 1270 3734 prima
1327 3666 1721 3735 secundorum;

190 3745 356 3804 atque
389 3734 461 3785 ita
488 3734 739 3801 deinceps
768 3747 874 3786 uno
902 3737 1067 3803 gradu
1097 3738 1344 3804 scrupula
1375 3734 1720 3791 descendant.

190 3803 268 3856 Ad
302 3804 445 3854 hunc
479 3818 605 3870 ergo
634 3804 849 3856 modum
879 3804 979 3856 ista
1012 3803 1457 3871 coniputahiums.

260 3985 343 4037 δι’
454 3982 713 4050 Scrupula
748 3985 939 4038 diurna
1056 3918 1309 4038 “$82!
1416 3985 1478 4037 0"
1583 3986 1655 4037 0'"

261 4055 359 4105 50"
453 4054 695 4107 Secunda
1126 4054 1160 4105 0
1229 4056 1298 4107 τι)
1416 4058 1450 4105 0
1592 4058 1626 4107 0

297 4163 375 4216 8'"
446 4161 625 4215 Tertia
1128 4166 1161 4217 0
1264 4165 1297 4217 0
1420 4166 1454 4217 '5
1560 4166 1626 4217 12

261 4233 386 4285 20'"
455 4231 655 4295 Quarta
1128 4234 1163 4285 0
1266 4236 1300 4285 0
1420 4234 1455 4285 0
1594 4236 1626 4287 8

413 4343 631 4397 Summa
660 4345 913 4399 horarum
1103 4344 1167 4397 12
1235 4346 1318 4400 Μ’
1391 4348 1484 4400 45η
1553 4348 1662 4400 20'"

264 4454 475 4510 Rursus
512 4472 573 4509 ex
611 4458 841 4511 secunda
871 4456 1049 4509 tabula
1091 4456 1470 4526 investigemus
1516 4465 1647 4526 quot
1676 4458 1728 4509 in

202 4540 498 4595 sexagenas
538 4526 760 4578 diurnas
788 4536 1182 4578 commutentur
1209 4527 1349 4578 hora:
1380 4525 1465 4584 12,
1512 4525 1613 4588 44',
1646 4528 1725 4587 3”,
1760 4540 1801 4593 υ

200 4594 551 4663 Ξυνέεοάθω
578 4597 824 4646 cautione
852 4602 1081 4655 servata,
1114 4602 1169 4645 ut
1194 4596 1236 4645 si
1272 4596 1415 4646 hora:
1447 4598 1729 4663 proposita:

199 4666 328 4725 sint,
355 4677 474 4730 qua:
501 4662 566 4715 iis
596 4663 915 4729 respondent
943 4664 1283 4731 sexagesima:
1314 4665 1516 4731 primae,
1540 4662 1732 4717 Secun-

200 4734 300 4790 dae.
334 4744 464 4793 etc.,
501 4740 557 4783 ut
588 4732 639 4783 in
668 4733 845 4785 tabula
875 4739 1069 4783 notatae
1101 4739 1244 4791 sunt,
1276 4734 1590 4784 habeantur.
1638 4733 1731 4784 Sin

202 4816 302 4868 pro
324 4802 473 4852 horis
502 4803 749 4867 scrupula
778 4809 1158 4867 proponantur,
1190 4810 1301 4851 tum
1334 4802 1475 4853 hora:
1501 4804 1553 4853 in
1583 4817 1732 4855 sexa-

207 4870 411 4936 gesima
461 4870 629 4935 prima
686 4870 897 4922 horaria
942 4872 1345 4929 convertendae,
1402 4872 1731 4937 sexagesima

198 4939 375 5058 prima
410 4938 464 4990 in
512 4941 764 4991 secunda.
799 4937 908 4992 Hoc
950 4938 1106 4989 modo
1135 4938 1312 5004 itaque
1353 4941 1489 4989 ratio
1518 4948 1733 4991 consta-

239 5013 298 5056 tt.

239 5013 298 5056 tt.

270 5133 431 5187 Hora:
812 5136 878 5187 1‘2
1051 5138 1133 5190 ὅθ’
1235 5138 1293 5189 0"
1399 5139 1471 5190 0’"
1577 5141 1663 5189 0""

272 5204 342 5256 Sc
351 5205 538 5272 rupula
809 5204 891 5256 μ’
1088 5207 1107 5256 l
1202 5202 1269 5258 50
1404 5209 1438 5258 0
1576 5208 1610 5258 0

269 5311 537 5380 Scrupula
844 5317 903 5367 3"
1078 5318 1110 5368 0
1234 5318 1266 5371 0
1406 5318 1435 5368 7
1542 5318 1610 5369 30

270 5382 536 5448 Scrupula
807 5384 913 5435 se"
1075 5388 1108 5437 ο
1236 5388 1269 5437 0
1408 5388 1441 5437 ο
1547 5388 1612 5439 so

274 5493 495 5547 Summa
754 5538 759 5544 .
1045 5498 1122 5549 δι’
1198 5499 1289 5551 50"
1413 5498 1483 5549 8'"
1540 5497 1663 5551 20""

269 5583 390 5653 KH)
422 5587 483 5654 οι
515 5586 642 5652 περὶ
688 5586 1051 5654 Εὐκτήμονα.
1099 5588 1284 5641 Mirum
1317 5590 1382 5641 de
1422 5588 1627 5641 Metone
1656 5597 1733 5640 ta-

208 5652 385 5723 cuisse
410 5652 708 5717 Geminum,
739 5656 823 5707 cui
855 5652 1029 5709 tamen
1066 5659 1325 5723 pracipue
1372 5659 1645 5710 inventum
1671 5658 1733 5708 il-

207 5720 293 5773 lud
320 5721 817 5777 decemnovennalis
844 5726 977 5777 cvcli
1002 5720 1275 5777 tribuitur.

278 5788 630 5859 Hipparchus,
662 5793 749 5844 lib.
800 5808 835 5853 I,
863 5788 1087 5860 Philippi
1136 5796 1449 5849 auctoritate
1488 5795 1729 5848 Attalum

1746 3218 1793 3279 C

1824 1992 1995 2061 Igitur
2044 1994 2096 2046 in
2156 2002 2277 2047 octo
2329 1994 2561 2062 periodis
2606 1996 2671 2048 19
2704 2011 2970 2051 annorum
3009 2000 3356 2054 intercalares

1821 2100 2032 2137 menses
2058 2093 2284 2152 agentur
2318 2084 2409 2146 56,
2449 2085 2501 2137 in
2519 2086 2844 2140 octacteride
2873 2102 3087 2142 menses
3124 2090 3353 2143 interea-

1822 2176 1961 2228 lares
2012 2186 2243 2243 aguntur
2298 2183 2426 2228 tres.
2483 2175 2648 2244 igitur
2698 2177 2749 2229 in
2808 2176 2874 2229 i9
2920 2178 3353 2241 octaeteridibus,

1821 2284 1938 2337 qua:
1964 2268 2169 2321 faciunt
2197 2284 2368 2321 annos
2419 2268 2541 2331 ιὸἳ,
2599 2268 2948 2322 intercalares
2986 2276 3217 2338 aguntur
3264 2268 3351 2320 57.

1820 2358 1878 2410 In
1931 2358 2115 2412 eodem
2172 2368 2409 2428 tempore
2451 2361 2503 2412 in
2572 2359 2793 2427 periodo
2853 2357 3353 2417 deceinnovennali.

1821 2464 1939 2515 qua}
1998 2450 2323 2517 apparentiis
2374 2450 2625 2517 congruit
2660 2488 2674 2510 .
2733 2449 3101 2509 intercalares,
3140 2464 3357 2504 menses

1820 2547 2051 2603 aguntur
2075 2536 2158 2589 56.
2191 2536 2373 2604 Itaque
2396 2538 2687 2591 octacteris
2743 2552 2851 2590 uno
2893 2552 3077 2591 mense
3122 2538 3358 2592 interca-

1819 2626 1923 2677 lari
1983 2634 2202 2695 superat
2267 2626 2546 2695 periodum
2610 2627 3173 2681 decemnovennalem.
3239 2624 3354 2681 Non

1821 2715 1989 2783 igitur
2026 2718 2313 2770 octaeteris
2367 2726 2540 2786 potest
2600 2724 2711 2769 tres
2762 2702 2971 2769 nienses
3008 2716 3356 2771 intercalares

1820 2806 2015 2860 habere
2048 2825 2063 2872 ;
2110 2808 2201 2861 sed
2230 2818 2281 2861 et
2310 2808 2418 2861 haec
2436 2808 2686 2875 periodus
2710 2808 2761 2859 in
2791 2807 2890 2859 hoc
2912 2806 3113 2859 fefellit.

1889 2897 1991 2965 23
2027 2896 2382 2963 Quamobrem
2405 2915 2525 2953 cum
2549 2899 2881 2965 contingeret
2913 2896 3235 2951 octaeterida
3263 2909 3357 2964 per
3390 2962 3419 2967 ,ν

1821 2989 2000 3039 omnia
2063 2989 2313 3043 aberrare
2338 3029 2351 3051 ,
2391 2990 2546 3042 aliam
2616 2989 3016 3042 constituerunt
3052 2986 3353 3055 periodum,

1821 3092 2009 3144 nempe
2054 3077 2625 3143 decemnovennalem,
2676 3078 2991 3141 Euctemon,
3032 3069 3349 3146 Philippus,

1821 3164 2074 3234 Calippus
2096 3166 2369 3235 astrologi.
2416 3167 2784 3221 Observarunt
2813 3169 2955 3220 enim
2995 3154 3061 3221 in
3094 3168 3161 3221 l9
3198 3170 3356 3221 annis

1821 3319 2111 3389 redarguit,
2142 3322 2232 3388 qui
2276 3320 2415 3374 diem
2456 3321 2509 3373 in
2537 3319 2741 3374 Graacia
2795 3320 3165 3389 longissimum
3213 3324 3355 3374 scri-

1819 3398 1999 3457 pserat
2042 3405 2159 3443 eam
2190 3390 2255 3443 ad
2289 3390 2661 3443 brevissimum
2701 3390 2894 3443 habere
2927 3392 3212 3451 rationem,
3237 3406 3357 3455 quae

1818 3468 1900 3511 est
1928 3460 2164 3527 quinque
2209 3458 2273 3511 ad
2304 3460 2429 3522 tria,
2460 3475 2581 3512 cum
2638 3468 2814 3512 tamen
2850 3458 3102 3512 Eudoxus
3133 3466 3186 3511 et
3227 3457 3353 3512 Phi-

1821 3528 1995 3595 lippus
2024 3536 2337 3595 asseverent
2359 3528 2620 3595 ejusmodi
2651 3543 2791 3590 esse,
2835 3528 3010 3595 qualis
3036 3536 3119 3579 est
3154 3526 3356 3595 duode-

1821 3593 1923 3647 cim
1955 3596 2020 3648 ad
2044 3604 2266 3663 septem.
2302 3593 2432 3648 Nam
2463 3612 2584 3649 cum
2613 3596 2834 3647 Eudoxo
2853 3593 3208 3648 consentiens
3228 3593 3357 3648 Phi-

1822 3665 1997 3730 lippus
2041 3664 2297 3718 docuerat
2353 3664 2542 3731 tropici
2594 3671 2951 3731 segmentum,
3001 3663 3145 3730 quod
3191 3678 3353 3731 supra

1821 3741 2016 3785 terram
2048 3742 2151 3793 est,
2181 3747 2298 3785 eam
2324 3731 2520 3785 habere
2553 3733 2809 3784 rationem
2838 3732 2904 3784 ad
2932 3732 3157 3785 alterum
3211 3735 3355 3799 quod

1823 3800 1925 3870 sub
1949 3810 2090 3870 terra
2112 3810 2213 3862 est,
2237 3816 2354 3870 quae
2376 3810 2459 3854 est
2487 3801 2767 3870 duodecim
2790 3800 2854 3852 ad
2877 3808 3099 3869 septem.
3128 3800 3354 3869 ὀμοίως

1822 3869 1878 3920 δὲ
1940 3869 2109 3938 τούτῳ
2155 3869 2267 3921 και
2293 3870 2398 3921 τῶν
2447 3870 2577 3940 περὶ
2619 3869 2878 3921 Φίλιππον
2920 3870 3352 3940 ἀναγραψάντων,

1862 3953 1981 3991 uem
2068 3948 2121 3991 et
2198 3938 2648 4005 συγκαταδύσεις,
2704 3946 2757 3990 et
2832 3938 3184 3999 συνανατολὰς
3247 3939 3355 3990 τῶν

1862 4024 2054 4075 στρων,
2081 4010 2233 4076 quasi
2258 4009 2321 4061 ad
2347 4010 2506 4062 situm
2535 4007 2752 4060 Graeciaa
2775 4007 3163 4076 conscripsisse
3189 4006 3317 4059 dicit
3336 4024 3370 4058 :t

1826 4073 1946 4128 cum
1995 4073 2170 4129 tamen
2204 4078 2255 4129 in
2300 4094 2363 4130 eo
2405 4078 2512 4129 sint
2542 4076 2875 4127 hallucinati.
2911 4073 3073 4141 Igitur
3101 4083 3252 4127 ortus
3280 4079 3356 4129 si-

1826 4145 2010 4197 derum
2069 4152 2123 4197 et
2164 4159 2389 4197 occasus
2422 4145 2701 4211 proposuit
2729 4143 2782 4194 in
2811 4151 3183 4211 parapegmate
3233 4142 3357 4197 Phi-

1826 4214 2019 4279 lippus.
2050 4211 2365 4265 Plutarchus
2406 4209 2456 4263 iii
2488 4209 2643 4265 tract.
2674 4230 2685 4263 :
2723 4209 2839 4261 Ὅτι
2889 4209 3029 4263 οὺδὲ
3055 4209 3159 4277 ζῇν
3190 4213 3360 4265 ἐστιν

1825 4280 2012 4345 ήδέως
2063 4282 2184 4332 κατ’
2228 4282 2585 4347 Ἐπίκουρον,
2636 4280 2877 4349 ejusdem
2907 4279 3135 4348 Philippi
3168 4282 3355 4335 inven-

1826 4358 1939 4400 tum
1986 4365 2105 4401 esse
2144 4352 2348 4407 scribit.
2385 4348 2893 4405 demonstrationem
2934 4348 3224 4403 schematis
3276 4352 3359 4403 lu-

1829 4432 1946 4469 nae:
1978 4419 2139 4487 Τίνας
2181 4419 2416 4487 οἰόμεθα,
2467 4420 2557 4470 καὶ
2598 4420 2827 4486 πηλίκας
2858 4418 3044 4485 ἡδονὰς
3091 4420 3195 4470 ἀπὸ
3220 4435 3357 4484 γεω-

1832 4486 2051 4567 μετρίας
2104 4486 2392 4567 δρέπεσθαι
2412 4528 2425 4547 ,
2454 4557 2463 4567 _
2494 4487 2585 4539 καὶ
2610 4488 3017 4567 ικάστρολογίας,
3071 4487 3357 4567 ξὺκλεςδην

1828 4556 2100 4622 γράφοντα
2136 4554 2201 4606 τὰ
2232 4557 2496 4614 διοπτικὰ.
2542 4557 2633 4606 καὶ
2678 4554 2933 4606 Φίλιπῖτον
2979 4554 3359 4608 ἀποδεικνύντα

1831 4626 1955 4692 περὶ
1992 4623 2082 4675 τοῦ
2115 4629 2381 4692 σχήματος
2414 4626 2509 4691 τῆς
2546 4624 2803 4691 σελὴνηφς
2859 4624 3001 4686 Quas
3050 4634 3097 4675 et
3137 4634 3359 4690 quantas

1832 4697 2107 4757 voluptates
2146 4694 2398 4744 credimus
2439 4710 2463 4741 ε
2490 4695 2765 4759 geometria
2786 4704 2835 4747 et
2865 4692 3150 4759 astrologia
3178 4692 3358 4743 decer-

1830 4762 1993 4827 psisse
2030 4760 2313 4821 Euclidem,
2341 4777 2457 4811 cum
2501 4762 2742 4813 scriberet
2779 4762 3035 4826 dioptica;
3070 4760 3357 4814 PHILIPPUI

1831 4830 2266 4883 demonstratione
2311 4830 2373 4881 de
2422 4830 2590 4898 ﬁgura
2640 4832 2773 4881 lunae
2825 4832 3006 4880 litteris
3066 4830 3358 4883 mandata?

1832 4898 2034 4953 Plinius
2062 4901 2151 4952 lib.
2184 4915 2331 4960 xvm,
2376 4914 2492 4966 cup.
2526 4900 2613 4959 3|,
2642 4898 2960 4964 Philippum,
2994 4898 3173 4949 laudat
3201 4913 3357 4967 para-

1833 4969 2091 5035 pegmatis
2128 4976 2418 5027 auctorem,
2450 4970 2501 5018 in
2549 4981 2654 5035 quo
2688 4968 2958 5035 stellarum
3005 4974 3155 5019 ortus
3195 4980 3355 5035 occa-
3402 4992 3403 4995 η

1754 5067 1772 5089 ι
1833 5033 2031 5103 susque
2077 5037 2453 5103 descripserat,
2494 5033 2712 5101 perinde
2747 5048 2809 5087 ac
2854 5034 3154 5103 Calippum,
3205 5033 3356 5084 Dosi-

1833 5106 2033 5162 tbeum.
2071 5104 2365 5165 Eudoxum,
2401 5113 2454 5155 et
2483 5106 2635 5157 alios;
2666 5103 2755 5169 qui
2787 5104 2983 5170 passim
3029 5104 3095 5153 ab
3123 5103 3356 5169 antiquis

1832 5188 1895 5225 eo
1944 5174 2154 5225 nomine
2182 5176 2433 5227 citantur.
2486 5171 2680 5224 Deinde
2722 5169 3039 5224 consentiunt
3087 5169 3238 5237 (quod
3280 5181 3355 5222 est

1833 5242 2031 5307 rarum)
2091 5240 2397 5301 PHILIPPUS,
2457 5238 2735 5307 Calippus,
2780 5240 3084 5298 Dositheus,
3142 5238 3357 5307 Parme-

1833 5306 2023 5365 niscus.
2060 5309 2254 5371 Conon,
2288 5311 2487 5368 Criton,
2534 5306 2876 5369 Democritus,
2926 5307 3195 5365 Eudoxus,
3234 5306 3354 5367 Ion,

1833 5394 1885 5429 ιν
1911 5378 2034 5431 Kal.
2070 5379 2247 5433 Octob.
2275 5378 2537 5445 Capellam
2560 5379 2810 5432 matutino
2839 5379 3051 5438 exoriri,
3082 5386 3131 5427 et
3157 5392 3213 5429 Ill
3242 5373 3357 5426 Ka-

1834 5448 1969 5501 lend.
2012 5447 2220 5502 Ηωάοε.
2275 5451 2408 5501 Tum
2443 5449 2532 5501 lib.
2586 5465 2599 5500 I
2649 5446 3360 5515 in_catalogo_scriptorum

1830 5528 2168 5569 externorum
2213 5518 2301 5569 lib.
2358 5533 2483 5569 xvm
2527 5531 2647 5569 cum
2694 5512 2946 5579 Thalete,
2985 5513 3224 5569 Eudoxo.
3254 5512 3358 5565 Ca-

1831 5584 1992 5652 lippo,
2032 5585 2300 5643 Dositheo.
2344 5595 2471 5640 etc..
2521 5585 2822 5638 nominatur
2850 5582 3141 5652 Philippus.
3180 5580 3354 5652 Ptole-

1831 5649 1995 5707 maeus
2021 5657 2071 5707 in
2108 5656 2241 5707 libro
2270 5654 2345 5705 De
2363 5655 2641 5722 signiﬁcat.
2673 5649 3105 5722 ﬁzaruntgGraace
3140 5650 3361 5722 a_nobis

1829 5722 1992 5781 edito.
2026 5722 2249 5790 Philippi
2280 5718 2594 5790 parapegma
2623 5718 2728 5773 non
2758 5720 2929 5790 semel
2947 5720 3145 5790 laudat.
3176 5718 3350 5790 Thotli

1832 5806 1934 5843 xxx
1953 5794 2047 5861 :7'0
2074 5787 2244 5853 κοινὸς
2274 5787 2500 5854 “tum;
2533 5792 2623 5843 καὶ
2662 5787 3004 5859 Ἀνδρομέδας
3031 5787 3160 5858 ἑῷος
3190 5788 3357 5843 δύνει-κ
