4042 6330
213 476 317 531 817
448 544 450 547 ν
1229 483 1460 539 GEMINI
1499 481 1862 540 ELEME‘NTA
1893 486 2373 550 ASTRONOMIE.
3303 496 3407 551 818

213 590 479 661 ἀνατολὴν
513 589 740 673 βλέπει·
767 592 860 646 καὶ
907 594 1033 646 ὅταν
1071 594 1306 666 προδύνῃ
1335 596 1428 649 τοῦ
1462 597 1630 667 ἡλίου,
1679 599 1769 649 καὶ
1797 632 1809 660 Α

1810 588 1839 660 Α
1871 600 2092 669 respicit
2122 620 2133 655 :
2169 609 2223 656 et
2256 601 2600 656 cum‘occidit
2628 610 2752 657 ante
2776 604 2942 658 solem
2968 645 2982 670 ,
3021 612 3074 659 et
3094 620 3216 661 cum
3246 609 3406 661 occi-

213 684 343 735 ὅταν
370 682 726 756 ὲπικαταδύνῃ
757 683 833 755 τῷ
861 684 1015 754 ἡλίῳ,
1038 685 1410 755 ὲπέστραπται
1440 688 1499 740 τὸ
1523 686 1770 759 λαμπρὸν

1873 684 1952 741 dit
1981 696 2103 756 post
2122 690 2312 755 solem,
2344 705 2469 759 pars
2500 690 2787 760 splendens
2836 692 2902 747 ad
2958 693 3120 748 solem
3147 708 3404 756 conversa

214 773 354 842 πρὸς
383 772 472 825 τὸν
498 772 665 842 ἡλιον.
722 775 809 827 Ἑν
840 774 897 826 δέ
931 792 1039 827 τισι
1067 774 1174 830 τῶν
1212 776 1430 847 ἡμερῶν
1464 780 1767 848 παρατετὴ-

1870 784 1974 831 est.
2003 776 2062 832 ln
2088 780 2413 848 quibusdam
2438 788 2616 836 autem
2648 782 2837 839 diebus
2854 783 3136 840 observata
3161 792 3243 841 est
3278 786 3401 839 luna

213 881 373 935 ρηται
416 868 447 937 ἡ
476 865 667 935 σελήνη
698 865 834 921 κατὰ
858 865 917 919 τὸ
958 867 1176 920 σπάνιον
1214 868 1670 922 ὲπικαταδύνουσα
1694 868 1769 939 τῷ

1870 882 1996 921 raro
2030 871 2278 925 occidere
2303 882 2423 939 post
2458 872 2647 935 solem,
2677 879 2731 927 et
2775 873 2973 930 habere
2991 883 3193 945 partem
3224 878 3402 945 splen—

210 955 365 1026 ἡλίῳ,
388 957 479 1008 καὶ
501 956 561 1008 τὸ
604 956 850 1027 λαμπρὸν
877 956 1072 1027 ἔχουσα
1097 957 1285 1028 βλέπον
1308 959 1441 1028 πρὸς
1471 959 1569 1029 τὴν
1597 958 1766 1013 δύσιν.

1868 960 2055 1025 didam
2090 960 2465 1030 respicientem
2493 976 2770 1018 occasum.
2796 962 2929 1017 Cum
2970 979 3097 1018 vero
3142 958 3402 1020 nocturno

210 1047 607 1119 Hapakldﬁaaa.
625 1047 680 1100 δὲ
711 1050 776 1118 τῇ
808 1047 960 1099 νυκτὶ
980 1047 1113 1119 πρὸς
1152 1048 1242 1101 τὸν
1276 1048 1455 1118 ἡλιον,
1508 1049 1602 1101 καὶ
1641 1048 1784 1121 προ-Δ

1874 1058 2115 1120 tempore
2139 1050 2365 1105 alternis
2387 1051 2557 1105 variat
2585 1051 2650 1105 ad
2674 1053 2866 1119 solem,
2896 1061 2949 1109 et
2976 1064 3099 1115 ante
3116 1056 3280 1110 solem
3301 1059 3404 1109 orl-

208 1138 535 1192 ανατείλασα
585 1138 675 1191 τοῦ
719 1138 902 1208 ἡλίου,
959 1138 1018 1190 τὸ
1061 1138 1309 1210 λαμπρὸν
1364 1138 1561 1210 ἔχουσα
1636 1139 1772 1193 θεω-

1869 1148 1990 1208 tur;
2023 1128 2234 1196 videtur
2251 1141 2617 1211 splendentem
2650 1150 2854 1212 partem
2884 1144 3081 1200 habere
3109 1145 3175 1199 ad
3204 1152 3398 1200 ortum.

209 1234 387 1301 ριῖται
418 1228 553 1300 πρὸς
584 1229 864 1301 ἀνατολήν.
903 1227 992 1292 Ἐξ
1011 1222 1069 1283 οὗ
1089 1230 1340 1302 φανερὸν,
1367 1232 1449 1284 ὅτι
1501 1232 1535 1302 ἡ
1579 1230 1773 1301 σελήνη

1873 1232 2025 1288 Unde
2068 1232 2416 1289 manifestum
2473 1242 2557 1289 est
2616 1235 2799 1289 lunam
2844 1249 2875 1289 a
2941 1238 3055 1291 sole
3093 1236 3400 1292 illuminari.

210 1322 321 1375 ὑπὸ
368 1319 461 1373 τοῦ
520 1319 667 1390 ἡλίου
721 1320 1029 1389 φωτίζεται.
1099 1322 1542 1392 Παρατετὴρηται
1573 1320 1630 1373 δὲ
1683 1323 1775 1375 καὶ

1873 1323 2167 1381 Observata
2198 1333 2329 1380 sunt
2359 1332 2412 1380 et
2435 1326 2580 1380 talia.
2614 1326 2750 1380 Cum
2789 1328 2933 1386 enim
2959 1329 3038 1383 sol
3086 1329 3142 1383 in
3166 1330 3404 1385 hibernis

207 1409 279 1462 τὰ
326 1411 565 1465 τοιαῦτα.
625 1412 751 1465 Ὅτε
786 1413 881 1482 μὲν
915 1412 1022 1482 γὰρ
1056 1412 1193 1466 κατὰ
1234 1412 1544 1484 χειμερινὰς
1568 1412 1774 1483 τροπὰς

1874 1416 2324 1471 conversionibus
2354 1417 2625 1472 exsistens
2648 1410 2841 1483 oritur,
2894 1426 3021 1473 tunc
3060 1420 3295 1475 medium
3343 1422 3406 1475 il-

207 1502 469 1574 ὑπάρχων
499 1504 527 1556 ό
556 1503 703 1573 ἥλιος
766 1502 1051 1573 ἀνατέλλῃ,
1079 1501 1199 1554 τότε
1235 1500 1297 1554 τὸ
1325 1501 1643 1571 μεσαίτατον
1672 1502 1767 1555 τοῦ

1875 1506 2153 1561 luminatae
2207 1507 2379 1580 partis
2422 1508 2562 1569 luna:
2609 1508 2830 1578 respicit
2874 1507 2941 1561 ad
2985 1508 3206 1564 solem:-
3233 1510 3307 1564 ita
3351 1522 3405 1564 ut

208 1595 623 1665 πεφωτισμένον
646 1594 834 1664 βλέπει
864 1593 1023 1665 πρὸς.
1050 1593 1141 1647 τὸν
1169 1592 1316 1664 ἥλιον
1338 1609 1358 1647 ’λ
1378 1591 1517 1646 ῶστε
1554 1593 1651 1663 τὴν
1678 1593 1774 1656 τὰς

1806 1668 1809 1669 ν
1872 1591 2021 1652 recta
2056 1597 2223 1662 linea,
2253 1613 2374 1668 quae
2423 1612 2627 1652 cornua
2658 1597 2798 1652 luna:
2850 1599 3151 1668 conjungit,
3185 1603 3401 1669 aequali-

209 1684 436 1755 κεραίας
490 1684 945 1753 ὲπιζευγνύουσαν
1000 1684 1098 1754 τῆς
1152 1682 1378 1755 σελήνης
1421 1682 1630 1736 εὐθεῖαν
1653 1682 1773 1753 δίχα

1872 1694 1973 1751 ter,
2032 1696 2087 1742 et
2144 1687 2211 1742 ad
2260 1688 2487 1757 angulos
2532 1694 2711 1743 rectos
2753 1695 2964 1742 secetur
2992 1702 3022 1741 a
3051 1696 3195 1742 recta
3219 1703 3404 1743 earum

206 1776 309 1828 xui.
330 1776 465 1846 πρὸς
496 1766 661 1847 όρθὰς
689 1775 978 1845 τέμνεσθαι
1011 1773 1115 1827 ὑπὸ
1142 1775 1240 1844 τῆς
1272 1773 1489 1836 εὐθείας
1504 1771 1610 1826 τῶν
1640 1774 1761 1841 ἀγο-

1873 1776 2163 1840 linearum,
2190 1792 2309 1846 quae
2344 1776 2618 1831 ducuntur
2657 1792 2687 1830 a
2726 1785 2914 1833 centro
2971 1777 3101 1832 solis
3137 1778 3200 1833 ad
3225 1793 3402 1848 aequa-

212 1866 394 1935 μένων
422 1866 529 1919 ἀπὸ
560 1866 652 1919 τοῦ
691 1866 915 1937 κέντρου
945 1864 1036 1920 τοῦ
1063 1863 1212 1935 ἡλίου
1234 1864 1326 1916 ἐπὶ
1351 1862 1448 1935 τὴν
1469 1862 1773 1934 διχοτομίαν

1872 1865 1979 1921 lem
2029 1867 2325 1923 sectionem
2379 1868 2561 1931 lunae;
2597 1882 2718 1921 cum
2770 1883 2896 1923 vero
2956 1870 3037 1924 sol
3107 1869 3159 1923 in
3204 1869 3403 1923 aestivis

208 1955 315 2022 τῆς
343 1954 569 2025 σελήνης
596 1973 607 1986 ·
636 1956 760 2009 ὅταν
788 1955 843 2008 δὲ
865 1954 1004 2008 κατὰ
1032 1953 1246 2026 θερινὰς
1281 1952 1486 2022 τροπὰς
1516 1942 1769 2024 ὑπάρχων
1803 1941 1804 1950 “

1808 1937 1843 1995 Β
1870 1956 2143 2013 exsistens
2195 1958 2642 2027 conversionibus
2680 1958 2872 2022 oritur,
2912 1974 3101 2014 rursus
3147 1960 3404 2015 medietas

210 2047 476 2118 ἁνατέλλῃ
508 2051 537 2101 ό
566 2048 734 2117 ⁴ἣλιος,
764 2048 923 2102 πάλιν
962 2046 1257 2119 έστραπται
1285 2046 1345 2099 τὸ
1368 2045 1528 2117 μέσον
1552 2044 1645 2098 τοῦ
1675 2062 1770 2098 πε-

1871 2048 2187 2102 illuminatae
2214 2048 2384 2117 partis
2418 2049 2559 2102 luna:
2598 2061 2860 2102 conversa
2915 2055 2997 2103 est
3065 2048 3132 2102 ad
3169 2050 3404 2104 medium

211 2137 550 2205 φωτισμένου
583 2137 717 2207 πρὸς
749 2137 809 2191 τὸ
845 2138 1005 2208 μέσον
1041 2134 1136 2189 τοῦ
1180 2136 1361 2207 ἡλίου·
1398 2134 1536 2189 ὥστε
1577 2134 1773 2205 ὁμοίως

1872 2139 2036 2205 solis;
2104 2140 2177 2193 ita
2236 2150 2293 2193 ut
2340 2137 2586 2193 similiter
2643 2138 2940 2207 aequaliter,
2977 2145 3031 2193 et
3078 2139 3149 2209 ad,
3182 2139 3407 2208 angulos

208 2224 630 2295 διχοτομεῖσθαι,
661 2229 758 2281 καὶ
786 2228 920 2298 πρὸς
954 2227 1115 2298 ὀρθὰς
1140 2227 1431 2297 τέμνεσθαι
1467 2227 1563 2298 τὴν
1590 2243 1775 2298 προειδ

1874 2238 2051 2285 rectos
2083 2236 2293 2284 secetur
2321 2229 2571 2298 pradicta
2594 2238 2756 2285 recta.
2797 2228 2938 2283 Idem
2984 2229 3041 2282 lit
3078 2236 3132 2283 et
3175 2230 3227 2282 in
3252 2243 3409 2283 occa—

212 2314 461 2386 ρημένην
488 2315 719 2369 εὐθεῖαν.
750 2317 824 2369 Τὸ
847 2317 902 2369 δὲ
927 2316 1057 2369 αὐτὸ
1093 2316 1298 2384 γίνεται
1330 2318 1422 2369 καὶ
1436 2317 1532 2390 Ρἐπὶ
1554 2316 1659 2369 τῶν
1687 2315 1775 2369 δύ-

1874 2319 2055 2385 sibus;
2086 2327 2145 2372 ut
2174 2333 2268 2389 per
2297 2318 2409 2372 hoc
2432 2319 2592 2372 etiam
2627 2318 2839 2387 signum
2870 2317 3171 2387 colligatur,
3231 2331 3260 2370 a
3296 2317 3407 2371 sole

213 2422 356 2458 σεων
384 2424 397 2436 ·
433 2405 569 2483 ὥστε
601 2408 694 2459 καὶ
720 2407 806 2460 διὰ
834 2406 1021 2460 τούτου
1046 2406 1140 2461 τοῦ
1175 2408 1402 2479 σημείου
1429 2408 1773 2476 συνάγεσθαι,

1875 2410 2057 2462 lunam
2106 2407 2419 2461 illuminari.
2470 2405 2849 2461 Verumtamen
2891 2420 3017 2476 pars
3042 2405 3183 2459 lunae
3231 2404 3406 2459 media

210 2499 299 2550 δτι
328 2498 432 2551 ὑπὸ
461 2497 554 2551 τοῦ
584 2498 739 2569 ἡλίου,
765 2499 1053 2568 φωτίζεται
1081 2502 1113 2570 ἡ
1160 2499 1372 2570 σελήνη.
1428 2499 1776 2569 Πεφωτισμέ-

1876 2506 2127 2567 tanquam
2186 2496 2618 2566 hemisphaerium
2663 2510 2874 2565 semper
2903 2495 3269 2551 illuminatur:
3300 2510 3405 2549 non

210 2605 303 2641 νον
331 2589 571 2657 μέντοιγε
592 2589 678 2642 διὰ
714 2590 908 2653 παντὸς
949 2591 1115 2661 αὐτῆς
1146 2590 1205 2643 τὸ
1228 2589 1339 2643 ἴσον
1372 2590 1515 2642 ἐστὶν
1548 2589 1621 2652 ὡς
1649 2591 1776 2659 ἡμι-

1874 2598 2056 2645 tamen
2096 2604 2310 2658 semper
2339 2597 2559 2658 apparet
2580 2588 2697 2657 ejus
2729 2601 2855 2656 pars
2878 2586 3052 2641 media
3078 2578 3398 2649 illuminata,

213 2680 462 2751 σφαίριον
483 2697 496 2710 ·
536 2681 595 2732 οὑ
623 2680 868 2749 φαίνεται
910 2680 969 2733 δὲ
1021 2680 1107 2734 διὰ
1143 2681 1340 2743 παντὸς
1370 2679 1536 2749 αὐτῆς
1564 2679 1625 2731 τὸ
1667 2680 1778 2733 ἴσον

1875 2680 2052 2750 quoad
2104 2690 2345 2735 nostrum
2380 2687 2678 2749 aspectum.
2706 2680 2922 2748 propter
2974 2676 3090 2746 ejus
3131 2691 3159 2729 a
3199 2678 3311 2733 sole
3332 2672 3410 2731 di—

204 2774 624 2844 νπεφωτισμένον
646 2774 718 2838 ὡς
746 2775 879 2847 πρὸς
912 2774 1010 2847 τὴν
1038 2774 1309 2846 ἡμετέραν
1338 2775 1544 2845 ὅρασιν,
1574 2772 1660 2825 διὰ
1678 2772 1778 2837 τὰς

1879 2770 2148 2826 stantiam.
2178 2769 2313 2825 Cum
2347 2770 2491 2823 enim
2516 2768 2604 2823 die
2637 2768 2910 2822 tricesimo
2940 2768 2994 2821 in
3028 2766 3212 2822 eodem
3234 2768 3406 2838 gradu

213 2866 353 2937 πρὸς
399 2866 489 2919 τὸν
522 2865 668 2936 ἥλιον
705 2866 1045 2927 ἀποστάσεις,
1088 2864 1263 2918 Ὅταν
1304 2864 1403 2934 μὲν
1451 2862 1559 2935 γὰρ
1605 2863 1662 2914 ὲν
1710 2863 1775 2932 τῇ

1879 2862 2079 2918 fuerint
2110 2862 2190 2917 sol
2223 2868 2275 2916 et
2307 2860 2451 2925 luna,
2481 2870 2594 2913 tum
2626 2858 3060 2928 hemisphaerium
3089 2874 3406 2914 conversum

210 2957 463 3027 τριακάδι
494 2958 550 3009 ὲν
602 2959 668 3026 τῇ
726 2958 860 3026 αὐτῇ
922 2956 1082 3028 μοίρᾳ
1112 2956 1331 3026 γένηται
1382 2957 1410 3008 ό
1434 2955 1580 3025 ἦλιος
1618 2955 1709 3007 καὶ
1742 2955 1775 3023 ἡ

1900 2954 2093 3024 [uidem
2121 2954 2185 3006 ad
2216 2952 2406 3017 solem,
2448 2965 2695 3005 aversum
2747 2964 2875 3005 vero
2926 2964 2955 3002 a
2992 2950 3197 3003 visione
3224 2960 3410 3004 nostra

213 3047 437 3117 σελήνη,
462 3048 581 3099 τότε
597 3048 656 3099 τὸ
692 3047 1042 3117 ἡμισφαίριον
1067 3040 1507 3115 ἐπεστραμμένον
1541 3043 1672 3114 πρὸς
1692 3042 1781 3095 τὸν

1880 3044 2233 3106 illuminatur,
2281 3040 2451 3094 l‘ertur
2488 3042 2628 3095 enim
2673 3041 2798 3093 luna
2850 3038 2989 3092 infra
3034 3040 3235 3113 solem,
3287 3055 3409 3093 cum

208 3138 383 3209 ἥλιον,
408 3138 867 3208 ’ἀπεστραμμένον
923 3137 979 3189 δὲ
1034 3136 1139 3189 ἀπὸ
1165 3136 1267 3204 τῆς
1298 3134 1567 3206 ἡμετέρας
1587 3133 1777 3203 ὅψεως,

1882 3149 2006 3189 vero
2053 3133 2273 3187 alternis
2326 3132 2535 3185 vicibus
2598 3131 2725 3184 luna
2755 3132 2927 3185 variat
2959 3130 3027 3183 ad
3071 3129 3237 3183 solem
3266 3131 3410 3183 circa

211 3227 541 3297 φωτίζεται·
604 3228 857 3281 ὑποκάτω
905 3227 1008 3298 γὰρ
1068 3228 1101 3296 ἡ
1154 3226 1349 3296 σελήνη
1412 3224 1631 3295 φέρεται
1687 3222 1778 3277 τοῦ

1812 3262 1848 3319 c
1882 3226 2239 3285 novilunium.
2280 3232 2407 3278 tunc
2445 3224 2571 3277 luna
2626 3223 2819 3276 falcata
2873 3228 3123 3291 apparet;
3156 3235 3277 3274 nam
3314 3222 3408 3275 he‘

210 3318 400 3391 ἡλίου·
441 3320 577 3373 ὅταν
614 3320 670 3373 δὲ
713 3314 1082 3391 παραλλάξῃῆ
1127 3317 1320 3388 σελήνη
1353 3317 1488 3387 πρὸς
1524 3316 1613 3368 τὸν
1636 3314 1779 3384 ἥλιον

1814 3312 1848 3319 ⁷
1881 3316 2174 3388 misphaerii
2205 3314 2311 3387 24
2350 3314 2633 3368 illuminati
2689 3328 2852 3383 parva
2907 3328 3039 3383 pars,
3066 3312 3300 3366 declinat
3344 3313 3410 3365 ad

212 3409 348 3481 περὶ
398 3409 495 3479 τὴν
552 3410 880 3479 νουμηνίαν,
962 3410 1079 3462 τότε
1153 3407 1431 3480 μηνοειδὴς
1490 3409 1523 3477 ἡ
1586 3406 1779 3477 σελήνη

1920 3402 2119 3466 ostram
2159 3410 2449 3473 visionem;
2493 3422 2612 3461 cum
2654 3421 2781 3460 vero
2814 3406 2965 3460 abest
2995 3406 3119 3458 luna
3158 3418 3189 3456 a
3222 3403 3412 3459 solein
3513 3433 3516 3437 -

210 3498 527 3570 θεωρεῖται·
560 3498 651 3551 τοῦ
682 3501 785 3569 γὰρ
824 3499 1179 3570 ἡμισφαιρίου
1231 3497 1324 3550 τοῦ
1374 3497 1779 3566 πεφωτισμένου

1880 3485 2067 3555 diebus
2108 3492 2494 3567 sequentibus,
2555 3497 2674 3566 plus
2725 3511 2939 3564 semper
2990 3495 3056 3549 de
3114 3494 3410 3547 illuminata

213 3586 413 3656 μικρὸν
474 3587 634 3657 μέρος
691 3588 1077 3657 παρακλίνεται
1151 3588 1284 3657 πρὸς
1360 3587 1459 3656 τὴν
1492 3585 1781 3657 ’ἡμετέραν

1881 3599 2032 3662 parte
2070 3605 2100 3643 a
2144 3590 2299 3643 nobis
2358 3587 2687 3657 conspicitur
2718 3603 2732 3651 ;
2760 3600 2882 3639 cum
2929 3593 3105 3639 autem
3145 3600 3241 3654 per
3278 3600 3412 3653 qua-

208 3671 436 3746 ὃρασιν·
497 3678 621 3729 ὅταν
679 3678 735 3731 δὲ
787 3677 964 3751 nam
1016 3679 1049 3748 ἡ
1107 3677 1298 3747 σελήνη
1352 3676 1458 3729 ἀπὸ
1504 3675 1595 3728 τοῦ
1630 3674 1779 3744 ἡλίου

1878 3682 2122 3735 drantem
2152 3678 2360 3735 zodiaci
2390 3676 2579 3731 circuli
2627 3676 2860 3730 abfuerit
2920 3677 3068 3739 luna,
3129 3674 3411 3729 dimidiata

210 3772 273 3822 ὲν
297 3770 419 3831 ταῖς
445 3767 637 3839 ἐφεξῆς
666 3756 931 3841 ἡμέραις,
950 3770 1130 3823 πλεῖον
1158 3769 1242 3821 ἀεὶ
1273 3769 1365 3821 καὶ
1401 3767 1574 3819 πλεῖον
1596 3766 1657 3819 τὸ
1688 3783 1782 3819 πε-

1880 3782 2128 3842 apparet;
2160 3777 2290 3824 tunc
2318 3769 2460 3825 enim
2498 3766 2861 3837 hemisphmrii
2906 3766 3195 3821 illuminati
3235 3781 3264 3820 a
3297 3767 3410 3820 snlc

210 3861 557 3930 φωτισμένον
585 3862 674 3930 ὑφ’
700 3860 854 3932 ἡμῶν
896 3860 1174 3930 Θεωρεϊται
1193 3876 1205 3888 ·
1246 3860 1371 3912 ὅταν
1401 3855 1457 3912 δὲ
1487 3858 1548 3909 τὸ
1572 3858 1671 3927 αίδ
1690 3856 1783 3929 μέ-

1878 3860 2147 3921 medietas
2171 3860 2237 3915 ad
2265 3874 2367 3915 nos
2388 3874 2653 3914 conversa
2684 3865 2766 3913 est
2790 3877 2804 3924 ;
2844 3874 2965 3913 cum
2993 3858 3163 3927 major
3191 3856 3243 3911 fit
3276 3858 3412 3911 lunae

200 3956 313 4023 ’ρος
342 3952 436 4007 τοῦ
465 3952 724 4015 ζωδιακοῦ
773 3953 969 4006 κύκλου
1019 3953 1230 4024 ἀπόσχῃ
1263 3948 1782 4020 σελὴνη,διχότομος

1882 3968 1908 4007 a
1934 3954 2047 4008 sole
2069 3953 2357 4015 ,distantia,
2390 3951 2552 4006 etiam
2578 3950 2750 4019 major
2782 3959 2866 4005 est
2899 3965 3027 4018 pars
3070 3948 3363 4002 illuminata
3397 3967 3410 4012 ;

208 4046 519 4117 θεωρεῖται·
554 4045 672 4098 τότε
701 4044 808 4116 γὰρ
838 4044 1186 4116 ἡμισφαιρίου
1236 4041 1330 4094 τοῦ
1376 4039 1779 4109 πεφωτισμένου

1880 4059 2001 4098 cum
2033 4052 2211 4099 autem
2236 4041 2482 4112 opposita
2514 4040 2673 4095 fuerit
2696 4040 2817 4105 soli,
2862 4037 3214 4091 illuminalum
3246 4037 3414 4092 hemi-

209 4136 325 4192 ὑπὸ
358 4136 450 4189 τοῦ
474 4136 622 4207 ἡλίου
650 4137 711 4188 τὸ
735 4137 905 4207 ἣμισυ
940 4138 1024 4205 ἐφ’
1052 4136 1200 4206 ἡμᾶς
1236 4132 1631 4205 ὲπέστραπται·
1661 4129 1779 4200 μεί-

1882 4134 2169 4206 sphaerium
2225 4140 2411 4186 nostro
2465 4128 2778 4197 conspectui
2809 4126 3052 4181 oﬂ‘ertur.
3091 4125 3157 4178 Et
3203 4134 3261 4179 ut
3292 4127 3414 4180 uni-

209 4231 373 4297 ζονος
399 4228 456 4281 δὲ
483 4228 774 4297 γενομένου
799 4226 897 4282 ,τοῦ
928 4227 1112 4297 διαστὴ
1123 4227 1287 4297 ματος
1310 4224 1408 4294 τῆς
1434 4222 1656 4293 σελήνης
1677 4219 1782 4274 ἀπὸ

1877 4240 2032 4281 verse
2090 4224 2263 4278 dicam
2298 4262 2313 4287 ,
2370 4220 2666 4277 secundum
2725 4220 2986 4273 rationem
3035 4217 3410 4273 distantiarum

208 4320 311 4374 τοῦ
334 4319 504 4391 ἡλίου,
536 4319 715 4390 μεῖζον
736 4320 830 4372 καὶ
856 4319 914 4370 τὸ
932 4316 1335 4387 πεφωτισμένον
1358 4333 1371 4345 ·
1402 4316 1528 4367 ὅταν
1560 4313 1615 4366 δὲ
1642 4310 1779 4364 κατὰ

1878 4311 2277 4383 magnitudines
2326 4309 2775 4373 illuminationum
2836 4315 3165 4380 spectantur.
3197 4306 3413 4361 Posue-

208 4412 505 4483 διάμετρον
543 4410 761 4482 γένηται
793 4407 869 4479 τῷ
912 4408 1063 4479 ἡλίῳ,
1097 4409 1157 4461 τὸ
1208 4404 1609 4476 πεφωτισμένον
1655 4406 1782 4473 ἡμιέ

1878 4417 1988 4463 mu,
2016 4416 2136 4455 cum
2169 4400 2293 4454 luna
2330 4401 2552 4456 subierit
2581 4402 2768 4464 solem,
2804 4413 2996 4467 expers
3053 4397 3271 4451 luminis
3319 4413 3412 4465 ap«

215 4503 475 4576 σφαίριον
499 4503 733 4557 ἐναντίον
770 4503 974 4571 γίνεται
1006 4500 1139 4569 πρὸς
1156 4500 1251 4570 τὴν
1282 4498 1552 4568 ἡμετέραν
1574 4496 1778 4566 ὅρασιν.

1881 4497 2051 4561 paret.
2094 4489 2536 4560 Hemisphaarium
2567 4491 2710 4543 enim
2740 4491 2859 4559 ejus
2891 4490 3246 4544 illuminatum
3294 4504 3417 4542 sur-

217 4593 339 4648 Καὶ
374 4593 599 4647 καθόλου
625 4594 680 4657 δέ
696 4594 829 4665 πρὸς
857 4592 1009 4660 λόγον
1024 4591 1132 4643 τῶν
1156 4590 1482 4643 διαστάσεων
1494 4586 1561 4639 τὰ
1577 4584 1774 4656 μεγέθη
1810 4593 1813 4643 J

1817 4589 1850 4643 D
1880 4596 1997 4635 sum
2048 4578 2114 4631 ad
2174 4580 2340 4633 solem
2398 4594 2733 4635 conversum,
2760 4588 2875 4634 est:
2926 4578 3067 4633 unde
3125 4578 3246 4644 jure
3292 4595 3413 4647 pars

209 4686 330 4739 τῶν
390 4685 682 4756 φωτισμῶν
738 4685 1036 4755 θεωρεῖται.
1068 4680 1140 4734 Τὸ
1174 4680 1230 4731 δὲ
1278 4678 1601 4739 τελευταῖον,
1649 4677 1774 4727 ὅταν

1906 4687 2021 4726 una:
2055 4672 2355 4725 illuminata
2381 4685 2485 4724 non
2520 4680 2812 4741 spectatur.
2846 4669 2921 4723 Ex
2977 4670 3172 4738 quibus
3229 4672 3416 4723 mani—

213 4776 569 4848 ὑποτροχάσῃ
595 4776 673 4846 τῷ
703 4776 890 4847 ἡλίῳὴ
933 4774 1149 4844 σελήνη,
1171 4770 1469 4840 ἀφώτιστος
1500 4767 1771 4836 βλέπεται.

1880 4763 2074 4819 festum
2100 4771 2201 4825 est,
2235 4764 2415 4815 lunam
2438 4777 2467 4814 a
2506 4765 2618 4817 sole
2652 4762 2963 4817 illuminari.
2999 4763 3208 4832 Accipit
3238 4774 3414 4817 autem

213 4868 300 4921 Τδ
316 4866 426 4936 γὰρ
450 4868 798 4937 ἡμισφαίριον
818 4865 986 4935 αὐτῆς
1001 4865 1060 4917 τὸ
1076 4859 1477 4930 πεφωτισμένον
1506 4857 1616 4910 ἄνω
1646 4856 1775 4926 πρὸς

1879 4872 2067 4911 omnes
2095 4856 2704 4924 conligurationesluna
2754 4860 2984 4923 quatdor
3040 4856 3094 4909 in
3140 4870 3416 4910 menstruo

213 4960 312 5013 τὸν
332 4955 482 5027 ἥλιον
498 4957 860 5028 ὲπέστραπται
878 4975 891 4987 ·
920 4956 1038 5009 ὅθεν
1071 4953 1299 5019 εὐλόγως
1325 4952 1451 5019 ἡμῖν
1472 4947 1775 5018 ἀθεώρητον

1862 4950 2142 5017 tempore,
2182 4947 2263 5001 bis
2286 4961 2378 5001 cas
2408 4947 2664 5001 efﬁciens.
2715 4944 2851 5000 Sunt
2904 4957 3079 5000 autem
3119 4946 3415 5013 conﬁgura-

216 5050 432 5118 γίνεται
464 5046 525 5100 τὸ
545 5048 947 5116 πεφωτισμένον
993 5047 1153 5117 μέρος
1178 5044 1274 5113 τῆς
1302 5042 1544 5112 σελήνης.
1589 5040 1675 5105 Ἐξ
1702 5033 1775 5091 ὧν

1882 5038 2060 5092 tiones
2120 5037 2219 5098 haa,
2285 5035 2499 5097 falcata,
2536 5036 2851 5095 .dlmidiata.
2910 5035 3129 5104 gibbosa
3158 5045 3211 5087 et
3240 5034 3409 5103 plena.

216 5138 478 5209 φανερὸν,
521 5138 601 5189 ὅτι
659 5139 692 5207 ἡ
745 5138 937 5207 σελήνη
993 5138 1095 5189 ὑπὸ
1140 5136 1231 5188 τοῦ
1273 5133 1420 5203 ἡλίου
1463 5132 1771 5201 φωτίζεται.

1883 5130 2099 5184 Falcata
2127 5130 2355 5183 ellicitur
2386 5132 2529 5184 circa
2574 5130 2836 5199 principia
2891 5129 3192 5195 mensium;
3254 5129 3412 5183 dimi-

216 5215 506 5297 Λαμὸἀνει
528 5227 584 5279 δὲ
628 5228 751 5288 τοὺς
782 5227 986 5289 πάντας
1013 5225 1413 5297 σχηματισμοὺς
1447 5225 1479 5294 ἡ
1507 5223 1696 5294 σελήνη
1720 5226 1776 5275 ὲν

1881 5222 2023 5276 diata
2055 5224 2198 5274 circa
2228 5221 2367 5276 diem
2423 5231 2665 5275 Octavam
2730 5236 2961 5281 mensas;
3008 5221 3229 5290 gibbosa
3270 5221 3411 5274 circa

216 5317 305 5387 τῷ
339 5318 574 5389 μηνιαίῳ
598 5318 768 5388 χρόνῳ
794 5316 1075 5387 τέσσαρας,
1100 5319 1179 5380 δὶς
1209 5317 1399 5377 αὐτοὺς
1423 5314 1772 5366 ἀποτελοῦσα.

1882 5310 2251 5365 duodecimam
2284 5330 2298 5377 ;
2329 5318 2380 5365 et
2412 5312 2563 5380 plena
2598 5311 2738 5364 circa
2784 5312 3119 5363 medietatem
3175 5311 3411 5362 mensis:

219 5408 348 5462 Εἰσὶ
388 5407 445 5459 δὲ
481 5410 528 5460 οί
576 5410 936 5478 σχηματισμοὶ
982 5410 1109 5475 οἵδε,
1140 5408 1437 5478 μηνοειδὴς,
1479 5407 1774 5475 διχότομος,

1883 5416 1942 5454 ac
1981 5415 2168 5454 rursus
2202 5401 2421 5471 gibbosa
2455 5410 2573 5469 post
2604 5393 2942 5453 medietatem
2975 5401 3208 5469 mensis;
3260 5404 3415 5451 duin-

216 5496 589 5567 ἀμφίκυρτος,
612 5498 954 5569 πανσέληνος.
990 5499 1285 5569 Μηνοειδὴς
1316 5498 1409 5567 μὲν
1444 5491 1534 5549 οὖν
1572 5497 1777 5563 γίνεται

1883 5491 2028 5546 diata
2078 5492 2223 5545 circa
2280 5491 2585 5545 vicesimam
2650 5491 2897 5551 tertiam;
2937 5497 2988 5543 et
3036 5490 3229 5541 falcata
3273 5491 3413 5542 circa

220 5607 266 5641 π
302 5589 356 5658 pi.
378 5587 475 5650 τὰς
519 5585 838 5660 ἀρχὰς’τῶν
872 5588 1050 5660 μηνῶν
1078 5608 1091 5621 ·
1140 5591 1413 5659 διχότομος
1434 5587 1489 5639 δὲ
1534 5585 1659 5657 περὶ
1682 5586 1778 5655 τὴν

808 5608 838 5641 ην
872 5588 1050 5660 μηνῶν
1078 5608 1091 5621 ·
1140 5591 1413 5659 διχότομος
1434 5587 1489 5639 δὲ
1534 5585 1659 5657 περὶ
1682 5586 1778 5655 τὴν
1882 5588 2151 5635 extremos
2177 5596 2404 5635 menses.

219 5680 420 5749 ὀγδόην
446 5680 540 5733 τοῦ
574 5683 736 5752 μηνός
753 5702 764 5713 ·
795 5684 1128 5755 ἀμφίκυρτος
1154 5684 1207 5736 δὲ
1227 5684 1350 5755 περὶ
1385 5680 1481 5751 τὴν
1517 5678 1844 5747 δωδεκάτην·
1888 5673 2211 5745 πανσέληνος
2234 5674 2288 5727 δὲ
2315 5690 2378 5725 πε
2390 5672 2438 5742 pi
2461 5671 2555 5742 τὴν
2584 5666 2908 5743 διχομηνίαν.
2936 5667 3041 5721 Καὶ
3057 5667 3215 5720 πάλιν
3259 5667 3419 5736 ἀμφί-

226 5788 429 5842 κυρτσς
466 5773 601 5841 μετὰ
647 5773 742 5844 τὴν
783 5774 1125 5846 διχομηνίαν·
1172 5773 1445 5844 διχότομος
1490 5773 1546 5826 δὲ
1602 5771 1725 5841 περὶ
1750 5768 1845 5839 τὴν
1880 5764 2123 5835 εἰκοστὴν
2162 5764 2381 5834 τρίτην·
2423 5766 2696 5833 μηνοειδὴς
2733 5762 2787 5814 δε
2818 5762 2939 5830 περὶ
2971 5758 3037 5811 τὰ
3080 5757 3276 5831 ἔσχατα
3309 5757 3414 5808 τῶν

244 5881 468 5933 μενων--
