4042 6330
690 422 813 498 sis

1690 435 2027 489 APPENDIX
2069 435 2158 488 AD
2197 413 2463 490 EUSEBII
2501 434 2911 490 cuncmcox.

3797 435 3888 491 εἶθ

779 551 896 606 Νοη
926 563 1138 618 semper
1169 554 1350 602 autem
1392 548 1444 601 in
1476 548 1665 603 diebus
1712 550 1952 619 ejusdem
2009 552 2236 604 nominis

2424 553 2496 604 Οὐ
2522 552 2607 604 διὰ
2636 551 2831 614 παντὸς
2874 551 2927 603 δὲ
2953 553 3008 602 ὲν
3048 551 3163 611 τειὶς
3197 549 3502 618 ὁμωνυμοις
3533 549 3761 618 ἡμέραις
3779 554 3889 615 τοὺς

709 642 926 700 easdem
961 640 1424 710 conﬁgurationes
1458 641 1584 695 luna
1619 641 1797 705 eflicit,
1834 645 1927 698 sed
1978 645 2031 696 iu
2065 645 2246 699 diver-

708 735 788 789 sis
845 731 1038 786 diebus
1095 731 1392 784 secundum
1441 731 1856 802 inaequalitatem
1885 743 2082 789 motus.
2118 735 2251 789 Cum

709 823 855 874 enim
913 819 1194 873 celerrima
1222 827 1326 881 est,
1359 833 1578 889 apparet.
1616 822 1740 875 luna
1795 821 1988 876 falcata
2021 825 2140 893 ipso
2166 825 2253 880 die

705 908 1007 973 novilunii;
1068 923 1188 963 cum
1244 910 1574 972 tardissima,
1623 911 1708 964 die
1757 911 1937 973 tertio,
1965 921 2018 967 et
2073 923 2251 968 manet

707 999 907 1053 falcata
943 997 1213 1052 interdum
1247 1014 1415 1066 usque
1437 1000 1504 1052 ad
1544 993 1683 1054 diem
1737 1003 1984 1070 quintum
2018 1021 2031 1064 ;
2088 1005 2250 1057 inter-

710 1095 838 1147 dum
870 1107 992 1145 cum
1030 1090 1332 1145 tardissima
1353 1100 1644 1161 est,usque
1673 1094 1736 1145 ad
1758 1095 2043 1164 septimum
2074 1096 2248 1156 diem;

705 1183 984 1237 dimidiata
1017 1181 1273 1246 efﬁcitur,
1303 1199 1426 1238 cum
1455 1193 1538 1239 est
1567 1187 1925 1248 velocissima,
1957 1188 2099 1241 circa
2128 1203 2248 1258 sex-

707 1285 855 1339 tum;
919 1288 1041 1328 cum
1096 1274 1427 1335 tardissima.
1484 1277 1630 1329 circa
1697 1285 1981 1342 octavum;
2027 1279 2249 1347 gilibosa

705 1365 955 1429 efﬁcitur,
988 1350 1219 1420 cum'est
1251 1367 1550 1428 celerrima,
1587 1368 1728 1420 circa
1762 1367 2026 1419 decimum
2060 1384 2074 1432 ;
2125 1381 2246 1420 cum

707 1466 791 1512 est
840 1458 1170 1520 tardissima,
1201 1458 1344 1512 circa
1369 1458 1478 1527 ‘13;
1513 1460 1669 1527 plena
1701 1457 1961 1519 redditur,
1996 1473 2116 1512 cum
2167 1465 2249 1512 est

703 1549 1004 1612 celerrima,
1069 1547 1213 1601 circa
1274 1521 1400 1611 Ιὸξς
1437 1562 1558 1599 eum
1609 1547 1933 1606 tardissima.
1967 1549 2109 1601 circa
2144 1548 2246 1612 l7;

701 1637 930 1706 gibbosa
960 1637 1221 1698 secundo,
1253 1651 1374 1688 cum
1409 1645 1488 1690 est
1525 1636 1828 1692 celerrima.
1868 1635 1923 1689 ﬁt
1970 1636 2114 1689 circa
2157 1636 2244 1698 18,

697 1741 821 1778 eum
855 1727 1186 1786 tardissima,
1221 1725 1362 1778 circa
1393 1726 1492 1787 22;
1524 1724 1799 1778 dimidiata
1836 1725 2093 1790 secundo,
2122 1742 2245 1780 cum

697 1823 781 1867 est
819 1815 1123 1876 celerrima,
1153 1815 1298 1868 circa
1328 1815 1418 1876 21,
1445 1830 1566 1869 cum
1593 1815 1923 1878 tardissima.
1975 1818 2118 1871 circa
2146 1817 2238 1882 23;

2359 643 2552 704 αὐτοὺς
2612 642 3018 712 σχηματισμοὺς
3072 644 3102 709 ἡ
3150 639 3339 709 σελήνη
3369 638 3637 691 ἀποτελεῖ.
3685 639 3813 692 Ἀλλ’
3836 644 3888 693 ἐν

2361 732 2633 802 διαφόροις
2681 731 2912 802 ἡμέραις
2955 734 3092 784 κατὲι
3139 730 3234 799 τὴν
3275 729 3586 797 ἀνωμαλίαν
3628 730 3722 799 τῆς
3755 734 3888 801 κινή-

2359 840 2512 885 σεως.
2547 823 2784 893 Ταχίστη
2813 823 2910 891 μὲν
2938 822 3046 892 γὰρ
3076 821 3318 889 φαίνεται
3343 823 3376 890 ἡ
3410 822 3602 891 σελήνη
3629 822 3887 889 μηνοειδὴς

2357 918 2420 984 τῇ
2470 914 2758 984 νουμηνίαο
2815 913 3114 984 βραδυτάτη
3167 911 3220 963 δὲ
3260 915 3323 981 τῇ
3381 913 3554 981 τρίτη.
3597 912 3704 963 Καὶ
3753 912 3886 980 μένει

2360 1005 2660 1075 μηνοειδής,
2693 1005 2779 1057 ὁτὲ
2831 1004 2928 1075 μὲν
2953 1005 2997 1034 ⁸⁸
3021 1004 3123 1065 ἕως
3143 1004 3238 1072 τῆς
3269 1001 3541 1071 πέμπτης.
3573 1001 3660 1052 6τέ
3695 1002 3748 1053 δὲ
3773 1002 3885 1071 βρα-

2351 1097 2596 1156 δύτατον,
2623 1095 2724 1157 ἕως
2761 1095 2856 1163 τῆς
2895 1093 3123 1162 ἐὸδόμης
3143 1110 3155 1122 ο
3186 1091 3458 1161 διχότομος
3491 1092 3546 1144 δὲ
3576 1090 3775 1158 γίνεται
3797 1109 3884 1142 τα-

2357 1185 2508 1254 χίστη
2538 1186 2636 1253 μὲν
2667 1186 2792 1254 περὶ
2840 1185 2936 1253 τὴν
2985 1184 3170 1252 ἕκτην,
3223 1181 3524 1251 βραδυτάτη
3555 1183 3611 1233 δὲ
3641 1184 3764 1250 περὶ
3796 1182 3885 1248 τὴν

2354 1273 2579 1342 ὀγδόηνο
2624 1274 2960 1342 ἀμφίκυρτος
3005 1273 3062 1324 δέ
3103 1271 3306 1338 γίνεται
3365 1272 3491 1340 περὶ
3543 1271 3641 1339 τὴν
3669 1269 3884 1336 δεκάτην

2354 1364 2600 1432 ταχίστη,
2666 1361 2966 1431 βραδυτὰτη
2997 1362 3055 1413 δὲ
3093 1361 3218 1430 περὶ
3239 1361 3334 1431 τὴν
3369 1367 3462 1427 ιγ”
3487 1359 3804 1428 πανσέληνος
3832 1358 3884 1410 δὲ

2355 1454 2555 1519 γίνεται
2581 1453 2803 1520 ταχίστη
2841 1453 2935 1521 μὲν
2967 1453 3090 1522 περὶ
3121 1451 3215 1520 τὴν
3252 1457 3337 1518 ιγ’,
3366 1450 3666 1520 βραδυτάτη
3683 1450 3736 1501 δὲ
3769 1449 3883 1518 περὶ

2352 1545 2449 1613 τὴν
2486 1541 2564 1605 ιζ’.
2634 1544 2992 1613 Ἀμφίκυρτος
3056 1542 3112 1594 δὲ
3145 1545 3204 1594 τὸ
3247 1541 3512 1610 δεύτερον,
3543 1543 3763 1611 ταχίστη
3795 1540 3884 1608 μὲν

2353 1634 2630 1688 ἀνατέλλει
2663 1635 2786 1704 περὶ
2819 1633 2914 1702 τὴν
2961 1642 3049 1703 ιη’,
3087 1633 3385 1705 βραδυτάτη
3418 1633 3475 1686 δὲ
3504 1635 3758 1705 περὶ-τὴν
3788 1632 3880 1703 ιβ’.

2352 1725 2636 1793 Διχότομος
2665 1724 2720 1776 δὲ
2777 1724 2980 1790 γίνεται
3015 1724 3076 1774 τὸ
3099 1723 3343 1794 δεύτερον
3384 1725 3610 1793 ταχίστη
3650 1726 3746 1792 μὲν
3767 1724 3881 1794 περὶ

2351 1815 2446 1883 τὴν
2498 1815 2682 1868 εἰκάδα
2740 1816 2830 1868 καὶ
2876 1815 3035 1885 μίαν,
3095 1814 3392 1885 βραδυτάτη
3440 1816 3496 1868 δὲ
3543 1817 3668 1884 περὶ
3691 1817 3781 1886 τήν
3808 1819 3876 1868 εἰ-

701 1903 891 1958 falcata
942 1902 1179 1978 secundo
1212 1903 1290 1967 ﬁt,
1321 1919 1444 1958 cum
1476 1916 1562 1959 est
1596 1906 1903 1969 celerrima,
1959 1909 2103 1961 circa
2133 1908 2236 1972 95,

2349 1908 2483 1960 κάδα
2534 1909 2624 1960 καὶ
2655 1909 2841 1977 τρίτην
2868 1925 2879 1937 ·
2916 1907 3194 1978 μηνοειδὴς
3230 1907 3285 1959 δὲ
3310 1907 3515 1974 γίνεται
3538 1908 3599 1960 τὸ
3619 1908 3874 1978 δεύτερον,

699 1993 821 2045 eum
875 2002 956 2046 est
1009 1975 1340 2055 tardissima,
1391 1995 1534 2048 circa
1559 1993 1646 2048 26.
1681 1993 1874 2048 Totum
1899 2005 2074 2050 autem
2109 2004 2242 2049 tem-

696 2099 799 2151 pus
831 2093 1167 2139 menstruum
1201 2094 1286 2140 est
1315 2087 1522 2140 dierum
1558 2086 1626 2141 29
1655 2088 1754 2155 1/2
1812 2088 1931 2155 1/5.
1976 2087 2067 2139 Est
2097 2090 2240 2141 enim

697 2171 900 2227 mensis
928 2180 1142 2242 tempus
1166 2188 1196 2226 a
1227 2175 1611 2241 conjunctione
1662 2176 1726 2228 ad
1763 2175 2198 2244 conjunctioncm
2225 2193 2239 2239 ;

697 2277 725 2313 τι
759 2261 1056 2330 plenilunio
1078 2261 1144 2315 ad
1168 2262 1543 2332 plenilunium,
1591 2266 1902 2333 conjunctio
1953 2275 2129 2320 autem
2158 2275 2238 2320 est

696 2361 905 2418 tempus
958 2352 1012 2404 in
1075 2367 1181 2421 quo
1233 2354 1313 2406 sol
1364 2361 1417 2406 et
1447 2355 1571 2406 luna
1594 2355 1646 2406 in
1669 2353 1857 2408 eodem
1914 2355 2083 2423 gradu
2109 2370 2237 2410 con-

697 2461 722 2497 ε
752 2445 1014 2498 ituuntur.
1049 2445 1203 2510 Quod
1231 2447 1495 2515 contingit
1533 2446 1620 2500 die
1645 2445 1713 2499 50
1741 2447 1962 2501 mensis.

1305 2597 1532 2695 CAPUT
1569 2639 1701 2694 VIII.

1222 2731 1300 2785 De
1350 2734 1529 2800 eclipsi
1568 2735 1714 2786 solis.

681 2822 688 2828 ’
763 2823 907 2894 Solis
945 2839 1176 2910 eclipses
1224 2839 1358 2894 ﬁunt
1412 2856 1475 2892 ex
1521 2841 1841 2910 interpositu
1913 2840 2073 2898 lunae.
2102 2824 2236 2895 Cum

691 2932 838 2984 enim
897 2932 978 2986 sol
1036 2933 1287 3002 superius
1310 2932 1535 2995 feratur,
1567 2933 1692 2986 luna
1723 2932 1970 2995 inferius,
2019 2949 2140 2987 cum
2182 2937 2236 2988 in

688 3021 874 3075 eodem
904 3021 1073 3092 gradu
1102 3021 1299 3076 fuerint
1333 3024 1414 3076 sol
1443 3031 1496 3076 et
1530 3024 1653 3076 luna
1685 3024 1786 3113 sub
1827 3024 1994 3079 solem
2015 3025 2236 3079 subiens

689 3113 791 3166 ista
817 3111 986 3167 ofﬁcit
1004 3113 1170 3167 radiis
1204 3115 1352 3175 solis,
1389 3116 1479 3184 qui
1514 3115 1578 3168 ad
1613 3131 1709 3170 nos
1730 3111 2005 3170 feruntur.
2037 3115 2234 3180 Quam-

689 3207 876 3256 olirem
935 3219 1003 3256 ne
1053 3204 1337 3256 dicendum
1366 3206 1580 3273 quidem
1620 3216 1723 3268 est,
1754 3221 1846 3260 eas
1878 3207 2092 3275 proprie
2114 3221 2234 3260 esse

689 3296 940 3362 eciipses,
998 3294 1092 3348 sed
1144 3294 1599 3364 interpositiones.
1646 3295 1776 3348 Nam
1830 3297 1961 3350 solis
2017 3297 2232 3365 quidem

688 3387 838 3440 nulla
874 3401 999 3453 pars
1032 3400 1265 3453 unquam
1297 3386 1546 3451 deﬁciet;
1579 3387 1735 3441 nobis
1797 3403 1927 3442 vero
1967 3390 2079 3456 ipse
2118 3388 2236 3440 red-

687 3480 836 3532 datur
865 3477 1149 3533 invisibilis
1203 3488 1420 3547 propter
1451 3479 1812 3534 incursionem
1854 3480 2013 3534 luna.
2063 3479 2232 3544 Quam

687 3571 758 3622 oi)
815 3583 1037 3621 causam
1100 3584 1167 3623 ne
1208 3571 1442 3638 aequales
1492 3570 1708 3638 quidem
1764 3587 1954 3626 rursus
2003 3572 2234 3640 eelipses

691 3661 859 3724 ﬁunt;
901 3661 994 3714 sed
1025 3661 1322 3715 secundum
1349 3663 1621 3717 climatum
1653 3663 1983 3724 differentias
2028 3680 2233 3734 magna:

689 3751 1030 3805 diversitates
1071 3750 1205 3804 ﬁunt
1275 3753 1419 3805 circa
1484 3754 1877 3824 magnitudines
1921 3755 2228 3823 eclipsium.

689 3841 887 3896 Eodem
920 3844 1064 3896 enim
1120 3852 1361 3909 tempore
1411 3844 1534 3899 aliis
1581 3854 1724 3899 totus
1762 3845 1942 3898 deﬁcit
1970 3847 2082 3910 sol;
2110 3847 2230 3899 aliis

689 3933 950 3996 medietas
993 3935 1162 3997 solis;
1199 3936 1318 3988 aliis
1358 3936 1534 3989 minor
1593 3951 1718 4005 pars
1753 3937 2073 4000 medietate;
2110 3937 2230 3990 aliis

688 4026 833 4077 rutila
869 4042 992 4094 pars
1021 4027 1244 4079 omnino
1278 4028 1408 4081 solis
1454 4027 1682 4082 deﬁcere
1711 4028 1940 4083 videtur.
1975 4027 2104 4081 Nam
2136 4029 2228 4096 qui

685 4117 929 4168 habitant
985 4118 1038 4170 in
1070 4118 1452 4185 perpendiculo
1499 4119 1922 4187 interpositionis
1951 4121 2110 4183 lunae,
2145 4119 2229 4172 his

681 4213 835 4259 totus
867 4208 946 4258 sol
979 4206 1332 4260 absconditur
1365 4226 1378 4271 ;
1419 4209 1506 4276 qui
1569 4224 1692 4261 vero
1739 4218 1890 4262 extra
1914 4211 1918 4213 ’
1942 4209 2227 4278 perpendi-

683 4298 866 4350 culum
918 4303 1123 4365 partem
1164 4298 1396 4365 aliquam
1437 4299 1867 4365 interpositionis
1892 4299 2110 4360 habent,
2161 4300 2226 4354 iis

683 4405 810 4458 pars
841 4389 1022 4456 aliqua
1049 4387 1180 4441 solis
1213 4388 1441 4441 deﬁcere
1495 4389 1738 4453 videtur;
1784 4391 1878 4460 qui
1903 4406 2027 4444 vero
2054 4393 2226 4444 omni-

681 4495 750 4533 no
779 4488 928 4532 extra
969 4479 1428 4548 interpositionem
1480 4479 1743 4542 habitant,
1791 4481 1877 4532 his
1918 4481 2060 4532 nulla
2103 4495 2226 4548 pars

2342 1997 2565 2066 ταχίστη
2618 1997 2715 2066 μὲν
2745 1996 2870 2066 περὶ
2896 1996 2991 2066 τὴν
3023 1997 3206 2049 εἰκάδα
3256 1997 3350 2050 καὶ
3376 1997 3652 2067 πέμπτην,
3697 1997 3871 2067 βραδυ-

2344 2087 2477 2157 τάτη
2510 2086 2566 2138 δὲ
2593 2087 2719 2158 περὶ
2745 2087 2838 2156 τὴν
2877 2087 3062 2140 εἰκάδα
3088 2089 3178 2141 καὶ
3211 2089 3392 2156 ἕκτην.
3429 2087 3485 2140 ’0
3511 2088 3566 2140 δὲ
3597 2091 3702 2150 πᾶς
3728 2107 3868 2159 μηνι-

2343 2180 2455 2241 αἴος
2473 2179 2655 2248 χρόνος
2670 2180 2887 2248 ἡμερῶν
2902 2181 3014 2230 ἐστι
3029 2180 3107 2232 κθ¹
3123 2179 3224 2249 αίβ
3241 2180 3365 2248 αχγ⁸
3386 2179 3618 2249 ἔστιγὰρ
3638 2181 3742 2251 μὴν
3757 2180 3869 2251 χρό-

2325 2287 2428 2331 ενος
2459 2270 2564 2322 ἀπὸ
2587 2270 2803 2322 συνόδου
2826 2272 2904 2332 εἰς
2929 2272 3159 2334 σύνοδον,
3194 2271 3299 2324 ἀπὸ
3316 2271 3416 2340 τῆς
3445 2273 3774 2340 πανσελήνου
3790 2269 3869 2323 ἐπὶ

2293 2381 2297 2387 ’
2342 2362 2436 2430 τὴν
2469 2363 2814 2432 πανσέληνον·
2851 2363 3057 2427 σύνοδος
3083 2365 3140 2417 δέ
3162 2365 3274 2418 ἐστι
3302 2365 3510 2435 χρόνος,
3543 2367 3600 2417 ἐν
3620 2359 3663 2431 ᾧ
3689 2367 3716 2416 6
3738 2365 3869 2434 ἡλιος

2343 2454 2432 2505 καὶ
2463 2456 2494 2523 ἡ
2525 2455 2714 2524 σελήνη
2744 2455 2801 2506 ἐν
2828 2459 2892 2525 τῇ
2922 2458 3056 2528 αὐτῇ
3092 2457 3253 2527 μοίρᾳ
3272 2459 3532 2526 γίνονται.
3553 2461 3726 2531 Ὅπερ
3753 2475 3870 2526 συμ-
3957 2477 3968 2480 -

2343 2545 2511 2598 6αίνει
2535 2547 2600 2614 τῇ
2627 2546 2893 2616 τριακάδι.

2857 2655 3238 2708 ΚΕΦΑΛΑ1οΝ
3281 2657 3361 2710 Η’.

2739 2746 2874 2812 Περὶ
2920 2746 3240 2814 ἐκλείψεως
3274 2748 3469 2814 ἡλίου.

2407 2857 2470 2906 Αἱ
2497 2855 2587 2908 τοῦ
2615 2855 2762 2926 ἡλίου
2794 2856 3058 2924 ἐκλείψεις
3108 2855 3343 2923 γίνονται
3383 2859 3505 2910 κατ’
3562 2858 3868 2930 ἐπιπρόσθη-

2341 2961 2422 2997 σιν
2447 2945 2690 3015 σελήνης.
2709 2947 3120 3017 Μετεωροτέρου
3146 2946 3252 3018 γάρ
3279 2949 3583 3018 φερομένου
3606 2949 3697 3002 τοῦ
3711 2950 3863 3018 ἡλίου,

2335 3038 2715 3105 ταπεινοτέρας
2744 3038 2798 3090 δὲ
2847 3039 2944 3107 τῆς
2983 3037 3236 3108 σελήνης,
3262 3040 3386 3090 ὃταν
3424 3040 3566 3092 κατά
3597 3040 3691 3110 τὴν
3716 3041 3867 3107 αὐτὴν

2339 3132 2526 3200 μοῖραν
2541 3131 2758 3201 γένηται
2791 3132 2818 3181 ὁ
2845 3129 2990 3199 ἥλιος
3012 3131 3101 3182 καὶ
3124 3132 3156 3198 ἡ
3191 3130 3403 3200 σελήνη,
3429 3132 3868 3202 ὑποτροχάσασαὴ

2255 3233 2304 3287 -ο
2341 3219 2531 3289 σελήνη
2555 3220 2630 3288 τῷ
2653 3221 2786 3290 ἡλίῳ
2808 3220 3150 3289 ἀντιφράττει
3173 3222 3290 3283 ταῖς
3316 3221 3422 3272 ἀπὸ
3441 3221 3535 3274 τοῦ
3561 3223 3703 3291 ἡλίου
3727 3240 3871 3292 φερο-

2341 3310 2527 3378 μέναις
2559 3312 2746 3376 αὐγαῖς
2773 3311 2905 3379 πρὸς
2937 3312 3099 3379 ἡμᾶς.
3135 3311 3330 3380 Διόπερ
3353 3311 3474 3364 οὐδὲ
3500 3314 3684 3382 ῥητέον
3715 3312 3867 3372 αὐτὰς

2335 3400 2534 3469 κυρίως
2566 3401 2850 3469 ἐκλείψεις,
2899 3402 3010 3454 ἀλλ’
3033 3401 3469 3473 ὲπιπροσθήσεις.
3505 3403 3609 3456 Τοῦ
3650 3404 3745 3473 μὲν
3775 3404 3869 3472 γὰρ

2339 3490 2483 3558 ἡλίου
2542 3473 2660 3543 ὀῒδὲ
2718 3491 2774 3544 ἒν
2811 3493 2970 3562 μέρος
3013 3492 3260 3545 οὐδέποτε
3322 3494 3588 3562 ἐκλείψει·
3646 3496 3776 3564 ἡμῖν
3819 3492 3868 3547 δὲ

2335 3583 2637 3653 ἀθεώρητος
2666 3585 2868 3651 γίνεται
2900 3584 2987 3636 διὰ
3042 3584 3136 3654 τὴν
3167 3585 3554 3655 ἐπιπρόσθησιν
3597 3587 3690 3654 τῆς
3719 3586 3866 3653 σελή-

2334 3690 2448 3743 νης.
2473 3674 2548 3724 Δι’
2574 3674 2638 3741 ἢν
2659 3674 2832 3727 αἰτίαν
2859 3675 2964 3727 οὐδ’
2999 3673 3107 3727 τσαι
3140 3674 3297 3727 πάλιν
3323 3677 3378 3729 αἰ
3414 3676 3677 3744 ἐκλείψεις
3701 3677 3868 3743 γίνονο

2332 3781 2420 3815 ται
2446 3781 2458 3792 ·
2481 3764 2613 3816 ἀλλά
2646 3766 2781 3818 κατὰ
2809 3765 2903 3828 τάς
2931 3766 3037 3818 τῶν
3060 3765 3332 3836 κλιμάτων
3361 3766 3620 3836 διαφοράς
3647 3768 3862 3837 μεγάλαι

2333 3853 2672 3923 παραλλαγαὶ
2691 3855 2926 3924 γίνονται
2950 3873 3013 3907 πε
3025 3856 3076 3925 ρὶ
3103 3855 3171 3907 τὰ
3202 3855 3401 3926 μεγέθη
3435 3856 3544 3908 τῶν
3565 3856 3858 3926 ἐκλείψεων.

2330 3944 2479 3996 Κατὰ
2517 3945 2622 4015 γάρ
2643 3945 2731 3997 τὸν
2753 3947 2909 3999 αὑτὸν
2938 3948 3123 4016 χρόνον
3153 3947 3260 4014 (45)
3289 3940 3369 4008 οἷς
3405 3947 3501 4015 μὲν
3530 3949 3645 4011 ὅλος
3670 3951 3695 4000 ὀ
3727 3951 3863 4019 ἥλιος

2327 4034 2583 4097 ἐκλείπει,
2601 4031 2677 4097 οἷς
2692 4037 2746 4088 δὲ
2759 4037 2819 4089 τὸ
2833 4038 2865 4106 ἥ
2875 4056 3019 4106 μισυ,
3033 4033 3112 4100 οἷς
3126 4037 3180 4089 δὲ
3198 4036 3258 4088 τὸ
3271 4037 3488 4091 ἔλαττον
3502 4039 3593 4091 τοῦ
3612 4040 3838 4110 ἡμίσεως
3849 4056 3860 4068 ·

2327 4119 2406 4187 οἷς
2422 4126 2475 4176 δέ
2489 4126 2582 4196 τὴν
2607 4127 2776 4196 ἀρχὴν
2805 4129 2954 4180 οὐδὲν
2973 4129 3134 4198 μέρος
3148 4127 3240 4181 τοῦ
3259 4129 3408 4198 ἡλίου
3424 4131 3726 4194 ἐκλελοιπὸς
3743 4131 3861 4183 θεω-

2334 4220 2518 4286 ρεῖται.
2555 4219 2705 4270 Ὀσοι
2733 4220 2826 4289 μὲν
2848 4219 2954 4288 γάρ
2981 4221 3118 4273 κατά
3139 4219 3359 4274 κάθετον
3390 4223 3595 4276 οἰκοῦσι
3631 4225 3726 4293 τῆς
3759 4227 3861 4276 ἐπι-

2332 4309 2697 4378 νπουσθὴσεως,
2723 4311 2929 4375 τούτοις
2957 4312 3072 4375 ὅλος
3093 4313 3398 4385 ἀθεώρητος
3419 4315 3624 4383 γίνεται
3651 4317 3680 4366 6
3713 4315 3862 4384 ἣλιος

2327 4403 2438 4462 τοῖς
2469 4401 2523 4452 δὲ
2559 4402 2660 4464 ἔξω
2705 4402 2867 4472 μέρος
2893 4421 2944 4455 τι
2976 4404 3074 4472 τῆς
3107 4406 3550 4476 ἐπιπροσθήσεως
3578 4406 3755 4476 ἔχουσι
3785 4404 3867 4475 μὲ-

2336 4509 2421 4561 ρος
2453 4509 2506 4542 τι
2533 4493 2625 4543 τοῦ
2669 4491 2819 4560 ἡλίου
2867 4493 3173 4558 ἐκλελοιπὸς
3219 4495 3505 4564 βλέπεται·
3553 4499 3665 4560 τοῖς
3694 4497 3748 4550 δὲ
3779 4495 3867 4558 ἔξω

681 4572 812 4624 solis
868 4570 1070 4624 deﬁcit.
1127 4571 1278 4636 Quod
1330 4579 1508 4625 autem
1537 4572 1836 4626 secundum
1889 4573 2227 4640 interjeetum

2338 4582 2630 4651 ὁλοσχερῶς
2659 4583 2756 4652 τῆς
2795 4584 3231 4655 ἐπιπῳσθὴσεως
3266 4586 3502 4639 οἰκοῦσιν
3536 4588 3685 4640 οὐδὲν
3723 4588 3868 4657 μέρος

681 4662 822 4715 luna:
848 4663 926 4716 sol
955 4661 1192 4723 deﬁciat,
1242 4664 1536 4718 maximum
1577 4673 1661 4718 est
1691 4673 2088 4732 argumentum,
2119 4679 2224 4716 non

683 4754 793 4805 ﬁeri
820 4753 870 4806 in
914 4755 1018 4806 alio
1041 4753 1127 4807 die
1165 4754 1416 4821 eclipses,
1466 4756 1571 4810 nisi
1609 4764 1816 4808 tantum
1851 4758 1903 4808 in
1928 4755 2223 4815 tricesimo,

675 4861 798 4896 cum
831 4845 952 4898 luna
981 4845 1326 4913 conjungitur
1352 4861 1474 4900 eum
1500 4848 1650 4912 sole;
1685 4858 1736 4902 et
1769 4849 1891 4900 hinc
1941 4847 2077 4901 idem
2136 4861 2225 4899 εον

675 4936 956 4999 gnoscitur
979 4975 993 4994 ,
1017 4937 1158 5004 quod
1195 4950 1293 5005 pro
1316 4938 1523 4998 ratione
1550 4937 1788 4991 locorum
1829 4939 2223 5006 magnitudines

674 5023 959 5092 eclipsium
990 5028 1138 5079 ﬁant.

763 5266 807 5295 ⁸⁸
841 5267 880 5333 Ῑ.
912 5268 1000 5319 ὁτὲ
1029 5267 1125 5336 μὲν
1151 5269 1393 5338 ταχίστη,
1424 5277 1476 5322 ει
1509 5284 1627 5322 mox
1661 5270 1957 5340 βραδυτάτη

742 5421 852 5488 (45)
891 5421 1052 5477 Κατὰ
1088 5423 1196 5490 γὰρ
1230 5422 1337 5476 τὸν
1363 5425 1546 5477 αὐτὸν
1576 5429 1811 5493 χρόνον.
1861 5427 2098 5481 Tntusne
2149 5429 2228 5482 sol
2264 5479 2266 5481 .

671 5491 960 5558 aliquando
1007 5493 1252 5566 deﬁciat,
1307 5509 1372 5548 an
1427 5491 1726 5563 pars'ejus
1781 5499 1955 5565 aliqua
2017 5514 2230 5566 semper

667 5573 926 5636 eriles-gat,
969 5563 1275 5628 obducique
1321 5575 1573 5636 nequeat.
1625 5582 1733 5619 non
1783 5563 1921 5621 inter
1958 5563 2226 5636 principes

670 5631 808 5705 artis
837 5633 978 5683 illius
1013 5636 1286 5705 convenit.
1320 5633 1451 5687 Nam
1485 5644 1640 5687 tritate
1672 5647 1854 5690 nostra
1882 5631 2064 5705 Tyche
2100 5631 2224 5689 Bra-

675 5701 809 5753 heus
847 5703 1058 5772 negavit
1082 5703 1148 5754 ab
1179 5704 1323 5760 luna.
1353 5706 1644 5770 quamlibet
1668 5707 1895 5772 dejecta.
1925 5701 2093 5760 totum
2121 5709 2221 5760 ob.

675 5771 887 5822 scurari
928 5786 1081 5838 posse
1125 5775 1252 5825 solis
1291 5777 1505 5839 orbem;
1545 5790 1602 5828 ac
1651 5777 1942 5829 diametros
1982 5789 2218 5845 asporta-

2336 4673 2427 4724 τςῦ
2456 4672 2606 4741 ἡλίου
2665 4675 2970 4739 ἐκλελοιπὸς
3026 4676 3324 4746 θεωρεῖται.
3369 4678 3487 4730 Ὅτι
3520 4678 3577 4731 δὲ
3620 4678 3755 4733 κατά
3781 4678 3867 4745 τὴν

2338 4761 2724 4832 ἐπιπρόσθησιν
2788 4765 2883 4833 τῆς
2927 4763 3149 4834 σελήνης
3180 4767 3208 4818 6
3237 4765 3385 4834 ἦλιος
3430 4765 3688 4828 ἐκλείπει,
3728 4767 3865 4837 μέγι-

2337 4865 2456 4900 στον
2508 4853 2803 4921 τεκμήριον
2851 4853 2911 4904 τὸ
2942 4852 3013 4922 μὴ
3065 4851 3304 4920 γίνεσθαι
3342 4855 3399 4906 ἐν
3425 4853 3559 4927 ἄλλη
3584 4857 3759 4925 ἡμέρᾳ
3785 4852 3865 4911 τὰς

2332 4939 2618 5008 ἐκλείψεις.
2642 4941 2753 4995 ἀλλ’
2783 4945 2839 4994 ἐν
2878 4946 2940 5013 τῇ
2966 4943 3251 5015 τριακοστῇ
3271 4945 3465 5020 ⁸μόνον,
3498 4949 3586 5001 ὅτε
3619 4943 3865 4999 συνοδεύει

2332 5031 2362 5091 ἡ
2399 5031 2588 5092 σελήνη
2618 5030 2696 5101 τῷ
2723 5033 2878 5102 ἡλίῳ,
2921 5034 3011 5086 καὶ
3041 5035 3104 5086 ἐκ
3134 5034 3226 5088 τοῦ
3257 5036 3389 5107 πρὸς
3429 5037 3586 5106 λόγον
3609 5038 3712 5090 τῶν
3733 5035 3864 5105 οἱκήο

2331 5139 2462 5171 osum
2489 5128 2555 5175 τά
2590 5124 2792 5193 μεγέθη
2827 5125 2933 5178 τῶν
2965 5123 3252 5196 ἐκλείψεων
3291 5127 3554 5195 γίνεσθαι.

2337 5431 2482 5510 biles.
2506 5433 2646 5484 lunae
2677 5432 2913 5485 minores
2947 5433 3000 5488 in
3025 5437 3279 5557 syzygiis,
3307 5453 3469 5506 quam
3502 5443 3725 5504 salares,
3746 5457 3861 5497 con-

2337 5508 2530 5553 stituit.
2568 5500 2778 5557 Puanat
2806 5510 2982 5557 autem
3014 5520 3079 5557 ex
3115 5520 3142 5557 a
3183 5522 3339 5557 verso
3372 5515 3611 5557 veterum
3643 5513 3860 5557 auum-i-

2337 5502 2530 5553 stituit.
2568 5500 2778 5570 Pugnat
2806 5510 2982 5557 autem
3014 5500 3079 5560 ei
3115 5500 3339 5561 adverso
3372 5515 3611 5566 veterum
3643 5500 3860 5566 auctori-

2335 5578 2449 5648 [ἷξες
2498 5579 2628 5648 tum
2653 5573 3018 5648 experimenta
3063 5577 3180 5648 ipsa
3224 5576 3543 5648 magnorum
3587 5581 3857 5648 artiﬁcum.

2333 5637 2807 5712 VideAKepleru‘m,
2855 5643 3032 5711 capite
3066 5637 3098 5698 8
3131 5637 3345 5712 Optich
3367 5653 3749 5708 astronomia.
3777 5647 3857 5703 ubi

2334 5709 2576 5787 pluribus
2589 5711 2858 5787 exemplis
2891 5709 3148 5787 approbat
3178 5709 3348 5787 solem
3383 5719 3673 5787 aliquando
3702 5729 3856 5772 totum

2329 5793 2484 5845 posse
2515 5779 2758 5844 deﬁcere,
2792 5779 2936 5848 quod
2962 5779 3054 5837 ’hic
3098 5781 3354 5840 Ge'ninus
3389 5779 3578 5844 noster
3624 5788 3853 5852 affirmat,
