4042 6330
186 476 293 536 821

706 592 971 645 ΚΕΦΑΛΑ
981 593 1094 646 ΙΟΝ
1138 593 1214 646 8'.

493 706 632 773 Περὶ
665 706 987 775 ἐκλείψεως
1018 707 1127 775 τῆς
1151 708 1439 777 σελήνης.

265 818 330 869 Δί
361 816 456 885 τῆς
487 816 714 887 σελήνης
739 818 1006 887 ἐκλείψεις
1034 819 1269 887 γίνονται
1300 819 1439 872 κατὰ
1462 822 1560 890 τὴν
1587 822 1665 882 είς
1690 820 1750 871 τὸ

190 909 436 977 σκίασμα
472 909 569 979 τῆς
609 910 713 979 γῆς
752 909 1028 981 ἔμπτωσιν
1061 913 1156 981 τῆς
1201 912 1444 984 σελήνης.
1485 911 1750 983 Καθάπερ

188 1000 301 1069 γάρ
333 1002 425 1053 καὶ
456 1001 522 1052 τά
540 999 701 1053 λοιπὰ
725 1001 831 1054 τῶν
860 1002 1143 1070 σωμάτων,
1170 1002 1508 1075 φωτιζόμενα
1527 1002 1629 1055 ὑπὸ
1653 1000 1747 1053 τοῦ

186 1087 364 1158 ήλιου,
402 1090 556 1153 σκιὰς
582 1091 895 1156 ἀποϐάλλει,
928 1092 1068 1145 οὕτω
1094 1095 1185 1146 καὶ
1218 1094 1252 1163 ἡ
1283 1094 1376 1163 γῆ,
1412 1094 1747 1165 φωτιζομένη

185 1175 294 1227 ὑπὸ
336 1176 426 1229 τοῦ
468 1177 637 1247 ήλίου,
686 1180 842 1233 σκιὰν
890 1181 1198 1235 ἀποϐάλλει.
1234 1183 1340 1235 Καὶ
1373 1183 1468 1252 ήδη
1507 1184 1749 1253 μέντοιγε

182 1266 274 1317 διὰ
304 1267 363 1318 τὸ
390 1267 614 1337 μέγεθος
632 1269 729 1339 τῆς
754 1270 855 1339 γῆς
878 1271 1139 1343 είλικρινῆ
1168 1274 1447 1343 συμϐαίνει
1472 1274 1568 1345 τὴν
1594 1275 1750 1328 σκιὰν

184 1352 445 1409 εἶναικαὶ
477 1358 712 1427 βαθεῖαν.
741 1361 907 1413 Ὅταν
930 1356 1021 1414 οὖν
1053 1362 1191 1415 κατὰ
1223 1364 1509 1434 διάμετρον
1529 1365 1749 1436 γένηται

184 1447 219 1515 ή
257 1446 450 1519 σελήνη
475 1448 550 1518 τῷ
580 1451 733 1520 ἡλίῳ,
760 1453 878 1504 τότε
902 1453 994 1505 καὶ
1019 1453 1079 1505 τὸ
1105 1455 1342 1523 σκίασμα
1366 1456 1461 1523 τῆς
1490 1457 1591 1527 γῆς
1611 1456 1750 1510 κατὰ

182 1537 477 1608 διάμετρον
508 1541 712 1606 γίνεται
747 1542 822 1611 τῷ
849 1544 999 1613 ήλίῳ.
1027 1544 1186 1596 Ὅθεν
1219 1547 1251 1615 ή
1288 1546 1481 1617 σελήνη
1512 1564 1752 1600 ταπεινο-

182 1630 322 1706 τέρα
350 1633 619 1702 φερομένη
649 1634 743 1687 τοῦ
771 1637 1118 1705 σκιάσματος,
1140 1638 1370 1705 εὐλόγως
1395 1639 1650 1708 ἐμπίπτει
1672 1642 1749 1702 είς

183 1722 247 1774 τὸ
278 1723 519 1793 σκίασμα
534 1716 637 1793 ’τῆς
657 1724 781 1793 γῆς.
806 1728 931 1780 οἈεὶ
952 1729 1007 1781 δὲ
1027 1729 1087 1782 τὸ
1108 1729 1372 1799 ἐμπίπτον
1395 1733 1561 1801 αὐτῆς
1587 1734 1749 1803 μέρος

185 1815 268 1876 είς
293 1814 353 1867 τὸ
384 1815 625 1885 σκίασμα
656 1817 753 1886 τῆς
782 1820 883 1889 γῆς
911 1820 1212 1888 ἀφώτιστον
1238 1822 1549 1889 γίνεταιτοῦ
1568 1824 1741 1893 ήλίου,

1207 481 1442 537 GEMiNl
1481 481 1847 537 ELEMENTA
1886 478 2369 536 ASTRONOMLE.

1771 600 1818 654 Α

2379 591 2484 661 35
2520 589 2744 646 CAPUT
2797 591 2885 647 1x.

2333 704 2410 757 De
2447 702 2722 772 ecliptibus
2763 705 2922 758 ltum.

1917 814 2084 871 Luna:
2113 816 2345 887 eclipses
2384 819 2519 872 ﬁunt
2550 818 2848 875 secundum
2881 816 3224 872 incidentiam
3254 817 3394 873 luna:

1850 910 1903 963 in
1936 909 2185 987 umbram
2232 917 2411 963 terra.
2445 908 2909 974 Quemadmodum
2936 907 3078 963 enim
3109 916 3164 963 et
3190 910 3399 980 reliqua

1847 1015 2100 1070 corpora,
2144 1015 2269 1055 cum
2307 1015 2337 1052 a
2367 1001 2480 1059 sole
2521 1000 2913 1064 illuminantur,
2960 999 3182 1054 umbras
3227 1000 3394 1069 proji-

1848 1093 2018 1153 ciunt,
2069 1093 2149 1163 ac
2196 1092 2359 1145 etiam
2407 1100 2588 1155 terra,
2639 1104 2760 1144 cum
2809 1106 2839 1144 a
2877 1082 2993 1145 sole
3041 1088 3392 1153 illuminatur,

1847 1182 2059 1251 proiicit
2108 1183 2376 1237 umbram.
2421 1180 2485 1234 Et
2522 1188 2666 1236 certe
2706 1180 2818 1248 jam
2866 1186 3087 1249 prOpter
3126 1179 3392 1248 magnitu.

1848 1274 2029 1328 dinem
2082 1281 2242 1345 terra:
2278 1272 2564 1342 contingit,
2605 1272 2850 1326 umbram
2894 1271 3013 1338 ejus
3052 1268 3395 1325 manifestam

1847 1371 1901 1417 et
1957 1362 2276 1433 profundam
2325 1378 2464 1418 esse.
2505 1362 2639 1415 Cum
2684 1362 2847 1431 igitur
2889 1360 3013 1413 luna
3057 1359 3157 1413 soli
3195 1358 3397 1412 diame-

1849 1454 2059 1509 traliter
2110 1454 2437 1524 opponitur,
2497 1462 2625 1507 tunc
2702 1466 2913 1522 quoque
2980 1461 3138 1506 terra:
3206 1448 3396 1505 umbra

1846 1544 2231 1603 diametraliter
2285 1536 2575 1615 opponitur
2643 1544 2765 1598 soli.
2840 1540 2989 1597 Unde
3041 1541 3208 1604 luna,
3269 1553 3395 1593 cum

1846 1634 2074 1691 inferius
2115 1635 2320 1691 feratur
2360 1651 2522 1705 quam
2572 1635 2795 1700 umbra,
2828 1632 3157 1713 r‘neeessario
3207 1630 3398 1685 incidit

1847 1728 1917 1781 in:
1950 1728 2202 1782 umbram
2254 1735 2429 1783 terrae.
2476 1727 2699 1795 Semper
2740 1714 2919 1780 autem
2963 1739 3091 1794 pars
3116 1722 3259 1792 eius,
3286 1736 3394 1791 qua

1846 1820 1902 1873 in
1945 1818 2193 1872 umbram
2240 1827 2400 1874 terra:
2446 1818 2654 1881 incidit,
2688 1833 2797 1872 non
2844 1816 3179 1871 illuminatur
3216 1829 3245 1866 a
3282 1814 3397 1868 sole

183 1903 278 1956 διὰ
306 1905 404 1975 τὴν
426 1906 815 1977 ἐπιπρόσθησιν
844 1911 940 1981 τῆς
971 1912 1089 1982 γῆς.
1116 1912 1244 1964 Τότε
1271 1914 1377 1983 γὰρ
1411 1915 1501 1967 ἐπὶ
1525 1915 1622 1985 τῆς
1653 1915 1745 1966 αύ-

1848 1916 2063 1980 propter
2092 1910 2540 1965 intercursionem
2571 1917 2746 1963 terrae.
2778 1906 2930 1962 Tunc
2956 1909 3098 1964 enim
3125 1908 3179 1961 in
3210 1907 3398 1963 eadem

183 1993 288 2063 τῆς
316 1994 527 2058 εὐθείας
555 1997 761 2063 γίνεται
788 2002 814 2051 ὁ
840 1998 986 2069 ἥλιος
1011 2001 1155 2071 καὶὴ
1177 2002 1265 2073 γῆ,
1298 2003 1390 2056 καὶ
1416 2003 1475 2056 τὸ
1508 2004 1748 2072 σκίασμα

184 2089 286 2156 τῆς
318 2088 441 2157 γῆς,
475 2091 568 2142 καὶ
602 2092 633 2160 ὴ
670 2091 885 2162 σελήνη.
922 2093 997 2145 Δι’
1036 2094 1101 2164 ἢν
1141 2094 1316 2149 αἰτίαν
1357 2095 1474 2148 οὐδὲ
1511 2096 1649 2163 ylvo;
1664 2113 1748 2149 ται

185 2178 457 2249 ἐκλείψεις
489 2182 585 2250 τῆς
625 2182 852 2253 σελήνης
900 2185 955 2237 ἐν
998 2184 1130 2255 ἄλλῃ
1175 2186 1389 2257 ήμέρᾳ,
1438 2186 1550 2239 ἀλλ’
1592 2188 1648 2240 ἐν
1680 2190 1744 2257 τῇ

184 2268 489 2341 διχομηνίᾳ.
528 2272 659 2324 Τότε
692 2273 798 2343 γὰρ
831 2274 975 2327 κατά
1011 2275 1298 2345 διάμετρον
1340 2277 1545 2343 γίνεται
1585 2279 1616 2347 ή
1658 2294 1745 2329 σε·

186 2356 325 2428 λήνη
368 2358 444 2428 τῷ
478 2359 629 2430 ήλίῳ.
676 2361 916 2415 Γίνονται
952 2363 1196 2433 μέντοιγε
1228 2365 1392 2417 πᾶσαι
1429 2360 1483 2417 αί
1512 2365 1612 2433 τῆς
1655 2382 1746 2417 σε-

187 2447 356 2519 λήνης
397 2450 661 2521 ἐκλείψεις
700 2452 830 2515 ἴσαι·
868 2457 923 2507 αἱ
964 2456 1059 2523 μὲν
1096 2455 1203 2526 γὰρ
1236 2455 1655 2526 ἐπιπροσθήσεις
1690 2458 1748 2509 αἰ

182 2540 467 2610 γινόμεναι
493 2544 551 2606 ἐν
578 2544 695 2605 ταῖς
724 2543 817 2595 τοῦ
848 2544 997 2615 ήλίου
1021 2545 1287 2614 ἐκλείψεσι
1314 2545 1464 2617 παρὰ
1482 2546 1577 2609 τὰς
1599 2548 1749 2617 οἰκή-

185 2649 303 2695 σεις
330 2632 573 2704 διάφοροι
606 2634 869 2703 γίνονται,
899 2636 965 2689 δι’
993 2632 1057 2707 ἥν
1088 2638 1265 2692 αἰτίαν
1306 2638 1400 2691 καὶ
1436 2637 1504 2691 τὰ
1544 2638 1745 2709 μεγέθη

183 2722 296 2775 τῶν
325 2718 616 2793 ἐκλείψεων
639 2724 869 2797 διάφορα
896 2727 1119 2794 γίνεται·
1147 2729 1203 2780 αί
1230 2728 1284 2780 δὲ
1319 2727 1623 2799 ἐμπτώσεις
1652 2730 1749 2799 τῆς

185 2816 419 2885 σελήνης
440 2819 521 2880 είς
541 2817 602 2870 τὸ
626 2818 869 2890 σκίασμα
902 2821 1012 2873 ἴσαι
1039 2822 1209 2873 πᾶσαι
1237 2822 1470 2889 γίνονται
1493 2821 1633 2875 κατὰ
1652 2822 1750 2893 τὴν

184 2906 356 2976 αὐτὴν
381 2905 637 2979 ἔκλειψιν.
678 2909 814 2982 Ἤδη
844 2910 1088 2980 μέντοιγε
1123 2912 1181 2963 οὐ
1214 2912 1299 2965 διά
1325 2914 1521 2977 παντὸς
1547 2915 1608 2965 τὸ
1639 2913 1749 2966 ῐσον

183 2998 427 3073 ἐκλείπει
449 2999 546 3069 τῆς
571 3000 817 3072 σελήνης.
845 3001 1012 3056 Ὂταν
1033 3003 1139 3074 γάρ
1160 3003 1245 3056 διὰ
1269 3005 1431 3075 μέσου
1458 3004 1550 3057 τοῦ
1579 3004 1751 3058 ἐκλει-

184 3089 381 3143 πτικοΰ
406 3092 438 3161 ή
479 3091 674 3164 σελήνη
703 3093 798 3164 τὴν
825 3094 1054 3163 πάροδον
1083 3096 1322 3165 ποιῆται,
1361 3095 1457 3167 ὅλη
1490 3088 1749 3167 ἐμπίπτει

184 3181 267 3244 εἰς
300 3183 362 3235 τὸ
406 3184 647 3251 σκίασμα
678 3186 778 3256 τῆς
811 3188 930 3259 γῆς·
979 3186 1117 3241 ὥστε
1159 3190 1450 3258 ἀναγκαῖον
1492 3191 1586 3243 καὶ
1622 3191 1748 3262 ὅλην

182 3273 357 3342 αὐτὴν
385 3274 673 3330 ἐκλείπειν.
716 3279 884 3332 Ὅταν
911 3278 968 3331 δὲ
1002 3280 1319 3352 παράψιηται
1343 3280 1436 3333 τοῦ
1477 3282 1746 3354 σκιάσμα-

181 3381 298 3431 τος,
335 3366 497 3437 μέρος
522 3385 576 3420 τι
606 3370 703 3440 τῆς
740 3369 963 3440 σελήνης
987 3370 1244 3424 ἐκλείπει·
1274 3370 1385 3424 ἔστι
1409 3371 1465 3424 δὲ
1488 3372 1549 3425 τὸ
1576 3372 1749 3427 ἐκλει-

183 3456 379 3509 πτικὸν
415 3458 582 3528 αὐτῆς
625 3461 824 3530 μοιρῶν
856 3460 966 3513 δύο.
1022 3462 1107 3514 Ἐν
1137 3462 1245 3533 γὰρ
1273 3464 1447 3534 τούτῳ
1486 3464 1565 3535 τῷ
1602 3466 1751 3537 τόπῳ

182 3546 369 3609 πάσας
392 3546 490 3609 τάς
510 3547 779 3617 ἐκλείψεις
809 3566 869 3601 συ
878 3549 1089 3620 μϐαίνει
1117 3552 1215 3621 τῆς
1240 3552 1465 3623 σελήνης
1486 3553 1747 3621 γίνεσθαι.

196 3637 293 3689 Ἐκ
322 3637 379 3690 δὲ
407 3637 609 3692 τούτων
636 3640 885 3711 φανερὸν,
919 3641 1011 3695 ὅτι,
1031 3643 1089 3694 αἱ
1113 3642 1214 3711 τῆς
1236 3644 1461 3715 σελήνης
1486 3645 1750 3714 ἐκλείψεις

182 3728 427 3795 γίνονται
457 3730 597 3784 κατὰ
626 3730 725 3800 τὴν
753 3734 833 3794 είς
856 3732 916 3784 τὸ
940 3732 1178 3804 σκίασμα
1205 3732 1305 3803 τῆς
1327 3734 1428 3804 γῆς
1449 3734 1744 3805 ἔμπτωσιν·

183 3820 325 3891 πρὸς
348 3820 501 3890 λόγον
528 3822 636 3893 γάρ
673 3823 772 3893 τῆς
810 3822 947 3876 κατά
974 3824 1174 3888 πλάτος
1204 3827 1467 3906 κινήσεως
1494 3827 1595 3897 τῆς
1616 3830 1750 3898 ήμε-

186 3910 377 3983 ρησίου
414 3913 513 3983 τῆς
547 3913 773 3984 σελήνης
804 3915 871 3967 τά
913 3914 1113 3987 μεγέθη
1152 3914 1259 3967 τῶν
1291 3917 1581 3986 ἐκλείψεων
1611 3918 1747 3989 σύμ-

182 4020 343 4071 φωνα
374 4004 596 4072 γίνεται·
637 4007 729 4059 καὶ
758 4009 814 4060 ἐν
844 4006 1023 4073 ἄλλαις
1058 4009 1286 4079 ἡμέραις
1326 4009 1385 4061 ού
1419 4010 1654 4077 γίνονται
1691 4012 1747 4063 αί

181 4093 285 4163 τῆς
313 4093 541 4165 σελήνης
567 4092 854 4165 ἐκλείψεις,
888 4095 1025 4167 πλὴν
1054 4097 1113 4148 ἐν
1141 4099 1204 4167 τῇ
1228 4096 1535 4168 διχομηνίᾳ,

722 4209 1114 4264 ΚΕΦΑΛΑΙΟΝ
1159 4213 1214 4265 l'.

180 4322 306 4375 Ὅτι
334 4322 447 4391 τὴν
468 4322 749 4377 ἐναντίαν
772 4320 852 4387 τῷ
873 4324 1079 4401 κόσμῳ
1104 4325 1348 4392 κίνησιν
1372 4328 1425 4379 οἱ
1446 4324 1745 4394 πλάνητες

794 4406 1120 4447 ποιουν-ται.

268 4505 327 4559 Ὀ
358 4506 560 4577 κόσμος
587 4509 813 4573 κινεῖται
842 4506 1012 4578 φορὰν
1040 4506 1325 4576 ἐγκύκλιον
1360 4509 1453 4562 ἀπ’
1483 4508 1743 4579 ἀνατολης

1774 3259 1820 3324 C

1847 2002 1991 2056 linea
2034 2010 2182 2056 recta
2220 2002 2630 2057 constituuntur
2660 2001 2762 2065 sol,
2811 2010 2976 2067 terra,
3008 2002 3199 2057 umbra
3242 2007 3398 2054 terra:

1846 2100 1899 2148 et
1925 2093 2072 2147 luna.
2108 2092 2280 2159 Quam
2308 2094 2379 2148 ob
2406 2108 2722 2151 causanune
2756 2093 2893 2148 ﬁunt
2924 2092 3141 2163 quidem
3169 2091 3396 2160 eclipses

1848 2186 1991 2239 lunae
2030 2186 2085 2239 in
2129 2185 2237 2239 alio
2277 2184 2383 2250 die,
2416 2185 2520 2239 nisi
2562 2184 2619 2238 in
2646 2184 2962 2254 plenilunio.
2991 2182 3145 2237 Tunc
3183 2182 3328 2236 enim
3366 2195 3399 2233 ο

1846 2274 2113 2331 diametro
2142 2276 2268 2331 luna
2303 2276 2595 2346 opponitur
2631 2276 2757 2334 soli.
2790 2274 3171 2333 Verumtamen
3208 2286 3396 2327 omnes

1848 2369 1990 2422 lunae
2012 2368 2242 2437 eclipses
2274 2367 2409 2422 ﬁunt
2433 2370 2702 2439 aequales;
2738 2384 2861 2423 nam
2888 2368 3248 2430 incursiones,
3279 2382 3399 2436 qua:

1847 2458 1903 2511 in
1937 2459 2067 2513 solis
2106 2460 2398 2529 eclipsibus
2432 2459 2585 2526 ﬁunt,
2616 2467 2835 2530 propter
2864 2459 2981 2514 loca
3007 2457 3400 2517 habitationum

1846 2548 2074 2604 diversa:
2140 2550 2465 2614 eﬁiciuntur,
2526 2552 2596 2606 ob
2651 2551 2706 2604 id
2778 2551 2939 2605 etiam
3002 2541 3399 2619 magnitudines

1846 2640 2129 2710 eclipsium
2177 2642 2439 2696 solarium
2482 2641 2709 2696 diversa:
2746 2640 3048 2695 redduntur
3093 2655 3106 2691 :
3159 2648 3214 2692 at
3260 2640 3401 2693 lunae

1850 2732 2159 2788 incidentia:
2188 2734 2245 2788 in
2276 2735 2521 2789 umbram
2557 2734 2691 2788 ﬁunt
2734 2748 2925 2790 omnes
2954 2710 3200 2803 aequales
3218 2734 3271 2785 in
3304 2746 3398 2785 ea-

1850 2822 1971 2877 dem
2003 2825 2213 2894 eclipsi.
2263 2824 2383 2879 Jam
2428 2840 2557 2880 vero
2601 2839 2711 2880 non
2760 2838 2975 2895 semper
3008 2822 3232 2894 aequalis
3271 2836 3399 2890 pars

1849 2916 1993 2971 luna:
2056 2917 2256 2973 deﬁcit.
2312 2917 2448 2973 Cum
2495 2917 2638 2973 enim
2696 2933 2792 2989 per
2840 2915 3077 2971 medium
3136 2913 3400 2969 circulum

1848 3009 2160 3078 eclipticum
2211 3011 2351 3064 luna
2397 3011 2692 3065 transitum
2743 3009 2895 3075 facit,
2944 3017 3057 3063 tota
3109 3005 3298 3061 incidit
3345 3006 3400 3059 in

1850 3098 2097 3152 umbram
2151 3107 2330 3159 terrae.
2376 3100 2567 3171 Itaque
2613 3100 2980 3155 necessarium
3024 3105 3128 3162 est,
3175 3105 3235 3155 ut
3284 3098 3402 3166 ipsa

1851 3197 1965 3245 tota
2020 3190 2253 3248 deﬁciat.
2314 3191 2449 3246 Cum
2512 3206 2640 3247 vero
2692 3191 2910 3262 attingit
2956 3192 3225 3260 umbram,
3274 3206 3400 3261 pars

1851 3282 2031 3351 aliqua
2084 3283 2225 3337 lunas
2285 3282 2467 3339 deﬁcit
2523 3301 2537 3339 :
2594 3299 2721 3355 pars
2776 3290 2956 3343 autem
3012 3273 3223 3345 circuli,
3281 3299 3401 3352 quae

1852 3374 2034 3428 lunam
2068 3373 2298 3430 deﬁcere
2325 3374 2473 3439 facit,
2503 3383 2587 3429 est
2614 3378 2841 3430 duorum
2872 3375 3159 3445 graduum.
3204 3372 3261 3427 In
3296 3374 3399 3427 hnc

1849 3469 1993 3520 enim
2035 3467 2155 3523 loco
2185 3482 2375 3521 omnes
2405 3468 2637 3537 eclipses
2670 3468 2810 3522 luna:
2844 3467 3111 3536 contingit
3141 3466 3276 3520 ﬁeri.
3324 3464 3399 3519 Ex

1849 3556 1935 3610 his
1957 3557 2302 3612 manifestum
2330 3567 2431 3621 est,
2455 3556 2599 3625 quod
2629 3557 2768 3610 luna:
2796 3556 3023 3625 eclipses
3042 3555 3175 3609 ﬁant
3206 3569 3401 3610 secun-

1848 3648 1975 3702 dum
2010 3648 2358 3702 incidentiam
2404 3647 2455 3699 in
2503 3648 2749 3701 umbram
2796 3654 2991 3711 terrae;
3025 3661 3151 3700 nam
3188 3645 3400 3701 ratione

1847 3740 2036 3795 diurni
2057 3748 2237 3794 motus
2261 3740 2400 3794 luna:
2423 3739 2719 3796 secundum
2749 3739 3085 3793 latitudinem
3116 3738 3248 3792 ﬁunt
3269 3753 3401 3793 con-

1847 3846 1995 3901 gruae
2043 3830 2325 3899 eclipsium
2370 3831 2800 3901 magnitudines,
2833 3838 2888 3884 et
2933 3830 2989 3883 in
3037 3828 3160 3883 aliis
3209 3828 3401 3884 diebus

1847 3937 1955 3977 non
1981 3921 2115 3977 ﬁunt
2144 3923 2362 3977 lunares
2394 3924 2643 3993 eclipses,
2680 3923 2782 3977 nisi
2810 3921 2863 3975 in
2896 3922 3215 3990 plenilunio.

2804 4148 3081 4187 “’d’

2463 4208 2687 4264 CAPUT
2724 4170 2801 4264 χῖ

1884 4321 2036 4387 Quod
2067 4324 2394 4377 contrarium
2428 4323 2619 4377 mundo
2657 4332 2852 4376 malum
2884 4322 3106 4391 planetae
3144 4321 3360 4389 faciant.

1913 4510 2146 4566 Mundus
2190 4515 2437 4561 movetur
2469 4510 2618 4556 motu
2650 4500 2931 4571 circulari.
2952 4502 3019 4555 ab
3048 4508 3169 4556 ortu
3210 4500 3276 4553 ad
3308 4515 3401 4556 oc-

178 4598 277 4650 ἐπὶ
311 4596 479 4651 δύσιν.
516 4599 670 4652 Ὅσοι
713 4598 821 4670 γὰρ
858 4598 923 4651 ἂν
958 4596 1062 4650 τῶν
1092 4597 1330 4668 ἀστέρων
1365 4599 1501 4669 μετά
1527 4599 1623 4669 τὴν
1647 4598 1739 4650 τοῦ

1848 4621 2058 4662 casum.
2088 4603 2223 4657 Nam
2268 4613 2603 4671 quaecunque
2633 4582 2803 4652 stellae
2835 4604 2958 4666 post
2991 4596 3121 4651 solis
3148 4608 3402 4649 occasum

178 4690 336 4760 ἡλίου
363 4688 512 4743 δύσιν
547 4691 683 4762 πρὸς
707 4693 773 4761 τῇ
800 4690 1027 4761 ἀνατολῇ
1058 4688 1391 4760 θεωρηθῶσι,
1422 4690 1741 4761 προόαινού-

178 4780 414 4860 σης-τῆς
439 4783 649 4845 νυκτὸς,
684 4780 1129 4853 μετεωριξόμενοι
1159 4780 1354 4851 μᾶλλον
1375 4780 1459 4833 ἀεὶ
1486 4782 1577 4834 καὶ
1606 4780 1741 4851 μᾶλ-

176 4869 274 4921 λον
309 4866 654 4938 θεωροῦνται·
694 4866 810 4923 εἶτα
839 4869 1121 4939 βλέπονται
1151 4868 1284 4940 πρὸς
1315 4870 1380 4939 τῇ
1414 4871 1742 4941 μεσουρανή-

177 4971 289 5015 aet"
308 4957 702 5031 προϐαινούσης
729 4960 784 5013 δὲ
810 4961 910 5031 τῆς
941 4961 1150 5025 νυκτὸς,
1177 4960 1583 5032 ἀποκλινόμενοι
1609 4965 1742 5034 πρὸς

172 5054 282 5126 τὴν
320 5051 469 5105 δύσιν
509 5054 557 5105 οί
599 5052 750 5104 αὐτοὶ
778 5054 1001 5123 ἀστέρες
1038 5053 1381 5124 θεωροῦνται·
1434 5056 1529 5107 καὶ
1570 5056 1741 5126 πέρας

172 5147 427 5209 δύνοντες
463 5143 715 5216 ὁρῶνται·
762 5144 855 5197 καὶ
898 5147 1052 5199 τοῦτο
1096 5144 1485 5216 καθζέκάστην
1519 5147 1740 5221 Δἡμέραν

173 5237 274 5291 ἐπὶ
298 5237 513 5290 πάντων
545 5236 785 5306 ἀστέρων
807 5236 1035 5303 γίνεται.
1062 5237 1223 5289 Ὥστε
1241 5236 1498 5308 φανερὸν,
1522 5239 1602 5290 ὃτι
1624 5239 1740 5300 ὅλος

170 5332 199 5383 ὁ
236 5326 445 5396 κόσμος
477 5327 611 5401 πᾶσι
648 5331 759 5389 τοῖς
799 5326 884 5395 ἐφ’
924 5327 1111 5378 ἑαυτοῦ
1158 5326 1345 5397 μέρεσι
1385 5331 1613 5379 κινεῖται
1646 5331 1739 5381 καὶ

170 5419 271 5472 ἀπ’
302 5418 563 5488 ἀνατολῆς
594 5420 684 5472 ἐπὶ
725 5417 892 5471 δύσιν.
932 5418 1052 5469 Ὅτι
1093 5418 1148 5470 δὲ
1188 5417 1468 5485 ἐγκύκλιον
1508 5422 1738 5471 ποιεῖται

167 5511 274 5579 τὴν
307 5509 611 5578 προφορὰν,
641 5510 902 5581 πρόδηλον
930 5511 994 5561 ἐκ
1018 5498 1111 5561 τοῦ
1136 5511 1341 5573 πάντας
1361 5511 1483 5573 τοὺς
1507 5512 1738 5581 ἀστέρας

168 5604 237 5654 ἐκ
270 5598 364 5653 τοῦ
390 5599 555 5653 αὐτοῦ
582 5601 746 5654 τόπου
769 5600 1094 5664 ἀνατέλλειν,
1130 5602 1221 5653 καὶ
1250 5604 1328 5663 εἰς
1357 5602 1447 5654 τὸν
1473 5602 1631 5655 αὐτὸν
1654 5604 1737 5655 τό-

170 5709 277 5745 πον
307 5690 504 5744 δύνειν·
561 5690 638 5743 ἔτι
682 5694 772 5746 καί
816 5694 902 5747 διὰ
932 5692 1037 5746 τῶν
1078 5693 1342 5764 διόπτρων
1377 5693 1735 5766 θεωρούμενοι

170 5776 378 5845 πάντες
418 5781 471 5835 οί
522 5780 743 5851 ἀστέρες
794 5785 1066 5851 φαίνονται
1114 5783 1397 5851 ἐγκύκλιον
1428 5786 1733 5857 ποιούμενοι

171 5878 272 5947 τήν
307 5868 521 5947 κίνησιν
553 5876 643 5948 ὅλῃ
677 5879 739 5948 τῇ
770 5880 1080 5949 περιαγωγῇ
1110 5875 1214 5930 τῶν
1243 5878 1524 5949 διόπτρων.

1848 4697 1913 4752 ad
1959 4704 2139 4751 ortum
2182 4690 2624 4760 conspiciuntur,
2688 4688 2769 4742 ba}
2832 4687 3157 4757 procedente
3209 4691 3399 4751 nocte,

1849 4786 2019 4855 magis
2050 4782 2326 4852 magisque
2360 4794 2573 4849 semper
2598 4778 2797 4833 elevari
2826 4784 3176 4846 Spectantur;
3208 4775 3405 4831 deinde

1848 4876 2102 4931 videnlur
2130 4876 2181 4927 in
2216 4872 2395 4927 medio
2420 4872 2567 4927 coeli.
2597 4869 2982 4939 Progrediente
3011 4876 3189 4921 autem
3218 4878 3401 4932 nocte.

1848 4966 2120 5021 declinare
2174 4964 2239 5017 ad
2294 4978 2552 5028 occasum
2598 4963 2799 5017 eadem
2843 4960 3011 5023 stellae
3043 4959 3314 5023 videntur,
3350 4946 3404 5014 et

1849 5057 2063 5111 tandem
2089 5053 2338 5109 occidere
2380 5062 2709 5123 spectantur.
2742 5052 2918 5129 Atque
2946 5050 3047 5129 hoc
3072 5049 3315 5119 quotidie
3349 5051 3401 5103 in

1848 5150 2099 5205 omnibus
2144 5147 2200 5200 ﬁt
2247 5146 2439 5202 stellis.
2492 5145 2676 5213 Itaque
2716 5125 3066 5197 mariil'estum
3107 5150 3211 5205 est,
3256 5142 3400 5210 quod

1848 5249 1992 5295 totus
2026 5237 2263 5291 mundus
2302 5254 2424 5292 cum
2461 5236 2713 5290 omnibus
2755 5234 2871 5289 suis
2906 5233 3153 5303 partibus
3186 5245 3403 5285 moven-

1846 5340 1953 5391 tur,
1981 5340 2034 5382 et
2060 5330 2275 5398 quidem
2311 5324 2380 5383 ab
2412 5336 2531 5380 ortu
2563 5344 2591 5389 ι·
2668 5341 2753 5379 ‘us
2782 5340 3060 5379 occasum.
3091 5321 3241 5388 Quod
3273 5337 3402 5377 vero

1846 5422 2166 5474 circularein
2222 5417 2387 5471 faciat
2430 5424 2662 5475 motum,
2694 5431 2761 5471 ex
2806 5431 2871 5468 co
2905 5413 3248 5466 manifestum
3288 5418 3397 5472 est,

1844 5511 1995 5581 quod
2034 5526 2222 5564 omnes
2274 5509 2441 5563 stellae
2471 5524 2533 5560 ex
2567 5507 2753 5561 eodem
2790 5507 2907 5559 loco
2943 5503 3209 5564 oriantur,
3246 5509 3301 5557 et
3344 5504 3402 5557 in

1845 5599 2091 5657 eumdem
2159 5601 2360 5675 locum.
2404 5582 2703 5661 occidant;
2763 5602 3019 5663 praetcrea
3086 5592 3249 5645 etiam
3304 5606 3403 5660 per

1846 5694 2057 5761 dioptra
2114 5707 2303 5745 omnes
2353 5689 2518 5743 stellae
2559 5693 2813 5758 spectatae
2871 5683 3122 5736 videnlur
3172 5683 3379 5738 circula

1845 5802 1957 5839 rem
2001 5790 2205 5839 mutum
2241 5781 2416 5836 facere
2445 5781 2496 5834 in
2528 5789 2636 5835 tota
2668 5776 3125 5835 circumductione
3160 5773 3401 5843 di0ptro-

1842 5893 1980 5933 rum.
