4100 6316
779 407 888 471 ⁸23
1758 411 2095 467 APPEND‘lX
2129 409 2219 464 AD
2259 408 2344 465 EU
2356 408 2398 463 S.

2307 408 2529 465 USEBII
2562 409 2967 467 CHRUNICON.
3298 418 3309 439 ⁵
3849 408 3924 463 ιιι

852 522 920 577 At
963 524 1047 578 sol
1094 524 1160 577 ab
1217 537 1415 578 occasu
1470 537 1659 578 versus
1705 531 1883 577 ortum
1950 522 2120 577 fertur
2171 529 2317 574 motu
2344 524 2388 579 Δ

2304 524 2388 579 ιΔ
2504 523 2560 574 ὐ
2610 524 2852 592 μέντοιγε
2893 522 3041 592 ἡλιος
3078 520 3185 574 ἀπὸ
3218 521 3417 583 δύσεως
3457 519 3547 571 ἐπὶ
3578 518 3675 589 τὴν
3709 522 3923 589 ἀνατολὴν

781 612 1053 668 contrario
1091 612 1311 668 mundo.
1355 611 1467 668 lloc
1512 612 1855 669 manifestum
1897 621 1979 668 est
2026 627 2091 667 ex
2129 613 2317 673 stellis.

2303 650 2317 673 ο
2430 616 2648 685 φέρεται
2685 616 3007 677 ὑπεναντίως
3040 614 3116 684 τῷ
3143 614 3345 684 κόσμῳ.
3378 612 3543 665 Τοῦτο
3574 612 3642 665 δέ
3670 614 3776 664 ἐστι
3800 629 3922 679 φανε-

781 720 901 776 quae
937 712 1063 758 ante
1102 704 1270 758 solem
1309 704 1577 758 oriuntur.
1605 702 1737 758 Nam
1778 719 2109 773 quascunque
2152 702 2323 757 stellae

2301 702 2323 756 ἑ
2432 709 2535 776 ρὸνη
2570 711 2632 761 ἐκ
2683 708 2786 761 τῶν
2835 705 3329 776 προανατελλόντων
3374 704 3618 775 ἀστέρων
3659 703 3748 757 τοῦ
3784 703 3920 774 ἡλίου.

784 803 910 849 ante
940 801 1117 847 ortum
1150 794 1280 849 solis
1308 802 1555 862 spectata:
1585 793 1783 849 fuerint
1808 795 1940 849 oriri
1965 802 2089 848 ante
2129 794 2315 858 solem,

2303 834 2315 858 ν
2426 802 2583 853 ’Ὅσοι
2602 800 2709 871 γὰρ
2730 800 2793 853 ἀν
2818 801 2921 868 πρὸ
2940 800 3036 868 τῆς
3058 799 3148 851 τοῦ
3168 798 3318 868 ἡλίου
3347 796 3602 866 ἀνατολῆς
3624 796 3922 867 θεωρηθῶσιν

783 887 865 939 ha:
893 884 1243 952 sequentibus
1282 885 1530 940 noctibus
1563 885 1931 955 tempestivius
1968 884 2317 953 conspiciun-

2302 914 2317 925 -
2425 889 2648 959 ἀστέρες
2676 888 3197 958 προανατεταλκότες
3233 886 3323 938 τοῦ
3354 887 3524 952 ἡλίου,
3552 890 3607 940 tv
3631 890 3743 949 ταῖς
3768 889 3921 957 ἐχομέ-

782 986 871 1030 tur
925 976 1055 1029 oriri
1100 984 1224 1029 ante
1252 976 1461 1047 solem,
1510 985 1669 1045 atque
1707 976 1809 1029 hoc
1858 976 1915 1028 [it
1966 975 2224 1029 continuo
2264 976 2317 1029 in

2298 991 2317 1027 ι
2425 997 2539 1041 ναις
2570 977 2714 1043 νυξὶν
2741 977 3059 1047 ὲνωρότερον
3085 976 3602 1045 προανατεταλκότες
3623 976 3917 1047 θεωροῦνται·

781 1062 1034 1117 omnibus
1066 1062 1329 1117 noctibus.
1360 1060 1514 1117 Unde
1557 1062 1902 1118 manifestum
1945 1062 2230 1133 cst,.quod
2262 1064 2317 1117 in

2300 1080 2317 1117 ι
2408 1060 2515 1120 καὶ
2546 1068 2699 1120 τοῦτο
2726 1069 2929 1135 γίνεται
2965 1066 3101 1119 κατά
3139 1064 3199 1117 τὸ
3239 1065 3365 1135 ἑξῆς
3395 1068 3484 1118 ἐπὶ
3512 1067 3697 1120 πισῶν
3726 1068 3820 1119 τῶν
3852 1085 3919 1118 w-

780 1154 1165 1223 consequentia
1206 1154 1358 1224 signa
1399 1155 1479 1209 sol
1527 1155 1803 1224 procedat,
1854 1171 1975 1209 cum
2020 1156 2088 1210 ab
2122 1170 2317 1210 occasu

2302 1170 2317 1206 I
2427 1160 2585 1212 κτῶν.
2630 1159 2718 1221 Ἐξ
2750 1156 2807 1213 οὗ
2852 1158 3096 1229 φανερὸν,
3130 1160 3209 1211 ὅτι
3250 1161 3327 1223 είς
3363 1157 3430 1211 τά
3466 1156 3700 1227 ἑπόμενα
3727 1158 3821 1209 τῶν
3840 1160 3918 1221 ζον

780 1259 969 1299 versus
1006 1255 1181 1299 ortum
1224 1255 1501 1301 moveatur
1538 1256 1727 1301 contra
1772 1246 1956 1301 mundi
1992 1254 2215 1300 motum.
2262 1244 2318 1299 Si

2303 1247 2318 1299 i
2423 1247 2548 1299 δίων
2576 1248 2603 1298 ὁ
2632 1248 2779 1316 ἥλιος
2818 1248 3141 1317 μεταδαίνει,
3184 1247 3290 1301 ἀπὸ
3330 1248 3531 1309 δύσεως
3576 1250 3659 1299 ἐπ’
3704 1247 3920 1314 ἀνατολὴν

780 1351 906 1390 vero
934 1336 1000 1390 ab
1028 1347 1149 1391 ortu
1184 1353 1373 1393 versus
1412 1353 1665 1393 occasum
1706 1338 1936 1392 ferretur
1968 1338 2071 1401 sol,
2109 1352 2320 1405 semper

2299 1353 2320 1389 r
2429 1336 2735 1405 κινούμενος
2769 1338 3094 1400 ὑπεναντίως
3125 1338 3200 1407 τῷ
3232 1339 3438 1409 κόσμῳ.
3471 1339 3533 1390 Ei
3568 1337 3624 1389 δέ
3648 1354 3709 1404 γε
3733 1337 3826 1390 ἀπὸ
3846 1336 3918 1403 τῆς

780 1428 1113 1499 contingeret
1156 1444 1248 1483 eas
1290 1429 1496 1493 stellas,
1532 1444 1653 1498 qua:
1692 1428 1843 1496 prius
1872 1428 2168 1491 orirentur,
2214 1428 2317 1481 mi—

2299 1455 2317 1467 -
2424 1426 2681 1497 ἀνατολῆς
2704 1429 2791 1479 ἐπὶ
2817 1428 2913 1498 τὴν
2938 1428 3083 1482 δύσιν
3105 1431 3323 1499 ἐφέρετο
3342 1432 3370 1482 6
3392 1429 3559 1498 ἥλιος,
3583 1430 3665 1481 ἀεὶ
3689 1428 3802 1491 τοὺς
3822 1444 3918 1496 προ-

780 1517 922 1573 nime
954 1533 1229 1589 apparere.
1274 1518 1406 1573 Nam
1448 1519 1502 1572 in
1550 1520 1914 1573 antecedentia
1953 1520 2218 1575 transiens
2247 1520 2319 1573 si-

2300 1547 2319 1560 -
2423 1517 2797 1580 ανατέλλοντας
2828 1518 3054 1588 ἀστέρας
3086 1519 3424 1590 ἀθεωρήτους
3450 1518 3517 1571 ἂν
3549 1516 3680 1572 εἶναι
3719 1518 3919 1572 συνέῦαισ

776 1623 901 1677 gna,
954 1608 1181 1663 debebat
1233 1624 1325 1663 eas
1386 1608 1501 1663 suis
1549 1607 1717 1663 radiis
1770 1610 2103 1673 obscurare;
2154 1610 2319 1663 stellae

2300 1624 2319 1661 ξι
2422 1624 2525 1658 νεν.
2554 1607 2645 1669 Εἰς
2661 1606 2767 1677 γὰρ
2786 1607 2855 1658 τά
2878 1608 3251 1677 προηγούμενα
3275 1608 3607 1678 μεταϐαίνων
3624 1611 3689 1678 μέ
3700 1626 3779 1679 ρη,
3797 1609 3919 1676 ὠφει-

773 1699 942 1761 enim,
991 1714 1116 1752 cum
1176 1713 1342 1768 prope
1397 1700 1563 1753 solem
1616 1701 1835 1763 fuerint,
1892 1716 1996 1754 non
2049 1700 2314 1763 videntur,

2300 1742 2314 1763 ,
2422 1699 2507 1750 λεν
2540 1699 2904 1767 ἀποκρύπτειν
2933 1700 3125 1761 αὑτοὺς
3154 1702 3268 1764 ταῖς
3301 1699 3457 1762 ἰδίαις
3494 1698 3703 1765 αὐγαῖς·
3733 1701 3810 1751 ἀεὶ
3835 1698 3916 1767 γὰρ

776 1798 958 1858 utpote
981 1804 1009 1842 a
1033 1790 1145 1847 sole
1176 1790 1496 1859 obscuratae.
1524 1790 1591 1844 At
1618 1792 1717 1846 hoc
1744 1809 1850 1846 non
1878 1796 1932 1845 lit
1966 1812 1978 1847 :
2004 1794 2096 1847 sed
2128 1795 2311 1853 stella,

2298 1833 2311 1853 ,
2420 1792 2466 1839 οί
2488 1790 2624 1840 κατά
2644 1788 2732 1839 τὸν
2758 1788 2903 1857 ἥλιον
2926 1789 3192 1857 γινόμενοι
3217 1790 3442 1858 ἀστέρες
3468 1787 3756 1857 ἀθεώρητοι
3778 1788 3915 1857 ὑπάρ·

774 1895 895 1949 quae
928 1880 1079 1951 prius
1108 1881 1377 1944 oriuntur,
1414 1884 1765 1957 sequentibus
1814 1884 2062 1938 noctibus
2106 1899 2317 1953 semper
2348 1860 2389 1916 Β

2295 1900 2317 1935 r
2348 1860 2389 1916 Β
2417 1896 2587 1947 χουσι,
2617 1879 3038 1947 καταυγούμενοι
3066 1879 3168 1931 ὑπὸ
3192 1879 3280 1932 τοῦ
3308 1880 3477 1948 ἡλίου.
3509 1879 3619 1931 Νῦν
3644 1879 3699 1930 δὲ
3722 1880 3775 1931 οὑ
3799 1878 3914 1946 γίνε-

716 1974 719 1975 ⁷
774 1969 945 2037 magis
974 1970 1248 2039 magisque
1277 1972 1346 2024 ab
1371 1979 1490 2025 ortu
1516 1972 1824 2025 distantiam
1853 1968 2047 2027 habere
2072 1982 2319 2042 spectan-

2296 2000 2319 2012 -
2415 1987 2503 2022 ται
2536 1971 2709 2022 τοῦτο·
2754 1969 2865 2022 ἀλλ’
2903 1971 2948 2021 oi
2995 1969 3473 2039 προανατέλλοντες
3502 1970 3723 2039 ἀστέρες
3749 1971 3799 2020 ἑν
3824 1971 3915 2027 ταῖς

774 2069 864 2112 tur
898 2078 909 2112 :
944 2060 1016 2112 ita
1052 2068 1109 2114 ut
1152 2072 1431 2117 menstruo
1462 2070 1701 2132 tempore
1731 2071 1900 2117 totum
1946 2066 2157 2132 signum
2191 2078 2320 2115 con-

2296 2090 2320 2103 -
2416 2062 2694 2132 ὲχομέναις
2717 2061 2833 2125 νυξὶ
2864 2062 3039 2113 πλεῖον
3070 2062 3155 2113 ἀεὶ
3187 2062 3278 2113 καὶ
3312 2062 3489 2113 πλεῖον
3519 2061 3623 2115 ἀπὸ
3646 2061 3741 2129 τῆς
3766 2064 3915 2113 ἀνατο-

773 2150 1092 2205 stellationis
1134 2161 1258 2205 ante
1308 2154 1475 2205 solem
1514 2155 1740 2216 oriatur,
1775 2154 1915 2221 quod
1958 2153 2107 2223 prius
2154 2153 2317 2221 radiis

2295 2168 2317 2207 s
2414 2154 2509 2224 λῆς
2539 2153 2830 2221 ἀπέχοντες
2867 2152 3134 2221 διάστημα
3172 2151 3515 2222 θεωροῦνται·
3551 2151 3683 2205 ὥστε
3726 2152 3914 2221 μηνιαίῳ

774 2243 906 2314 solis
958 2242 1332 2296 occultabatur
1386 2261 1399 2295 :
1458 2257 1668 2311 semper
1713 2242 1856 2296 enim
1902 2242 2031 2296 illud
2083 2242 2313 2312 signum,

2299 2282 2313 2305 ,
2414 2243 2585 2314 χρόνῳ
2612 2242 2795 2307 ζώδιον
2818 2241 2935 2307 ὅλον
2957 2242 3363 2310 προανατέλλειν
3390 2244 3482 2295 τοῦ
3511 2244 3655 2312 ἡλίου
3682 2244 3737 2297 τὸ
3756 2243 3912 2309 πρότε-

748 2313 921 2399 ηἰιοι]
966 2332 1138 2387 solem
1181 2332 1443 2401 sequitur,
1474 2347 1503 2384 a
1533 2333 1645 2387 sole
1679 2331 1735 2385 fit
1772 2332 2059 2393 invisibile,
2102 2341 2316 2403 propter

2295 2350 2316 2386 r
2415 2313 2507 2403 ρον
2541 2333 2782 2403 ὑπάρχον
2814 2333 2870 2384 ὲν
2902 2334 3019 2395 ταῖς
3047 2332 3238 2399 αὑγαίς
3274 2331 3365 2383 τοῦ
3405 2331 3572 2401 ἡλίου.
3620 2333 3723 2384 Ἀεὶ
3748 2332 3841 2400 γὰρ
3868 2330 3914 2381 τὸ

780 2421 961 2477 radios
990 2422 1127 2476 solis
1160 2442 1172 2475 :
1207 2421 1335 2476 illud
1358 2438 1503 2486 vero,
1525 2422 1663 2501 quod
1694 2425 1939 2493 praecedit
1968 2423 2155 2485 solem.
2180 2440 2313 2479 con-

2292 2454 2313 2463 -
2416 2423 2511 2492 μὲν
2554 2422 2813 2491 ἑπόμενον
2843 2420 3027 2485 ζώδιον
3052 2422 3154 2499 ὑπο
3185 2420 3277 2473 τοῦ
3318 2419 3465 2488 ἡλίου
3508 2419 3796 2489 ἀθεώρητόν
3822 2420 3911 2470 ἐστι

775 2512 1019 2579 spicitur.
1085 2512 1141 2566 In
1210 2522 1485 2569 menstruo
1549 2521 1726 2568 autem
1796 2524 2036 2584 tempore
2103 2516 2311 2585 signum

2291 2531 2311 2567 ω
2409 2514 2493 2567 διὰ
2517 2513 2613 2575 τὰς
2652 2513 2821 2579 αὑγάς
2860 2512 2949 2564 τοῦ
2986 2511 3157 2580 ἡλίου·
3189 2512 3247 2562 τὸ
3279 2510 3333 2561 δὲ
3366 2509 3755 2579 προηγούμενον
3780 2506 3910 2559 αὑτοῦ

774 2621 1005 2673 sequens
1038 2622 1248 2682 semper
1272 2617 1355 2661 est
1387 2607 1672 2670 invisibile,
1692 2624 1814 2661 cum
1843 2609 1921 2662 sol
1951 2608 2018 2660 ad
2052 2608 2102 2661 id
2131 2616 2311 2661 trans-

2293 2636 2311 2647 -
2411 2606 2703 2676 θεωρεῖται.
2752 2606 2838 2656 Ἐν
2868 2604 2922 2655 δὲ
2948 2602 3025 2671 τῷ
3058 2602 3285 2670 μηνιαίῳ
3307 2600 3479 2670 χρόνῳ
3507 2601 3592 2652 ἀεὶ
3620 2600 3676 2651 τὸ
3710 2600 3796 2674 μὲν
3819 2597 3912 2659 έπόι

774 2705 861 2749 eat
890 2713 904 2761 ;
935 2698 1242 2765 praecedens
1283 2714 1409 2751 vero
1451 2699 1682 2767 signum,
1726 2715 1848 2753 eum
1893 2699 2057 2751 distat
2083 2698 2312 2751 duorum

2292 2712 2312 2749 ι
2414 2712 2569 2766 μενον
2601 2694 2784 2757 ζώδιον
2820 2692 3122 2762 ἀθεώρητον
3157 2692 3382 2772 γίνεται,
3435 2685 3911 2759 μεταϐαίνοντορείς

777 2790 1053 2857 signorum
1096 2790 1292 2858 spatio,
1338 2792 1703 2858 conspicitur;
1749 2801 1909 2860 atque
1954 2791 2057 2845 hoc
2092 2792 2146 2844 in
2178 2791 2312 2843 duo-

2289 2820 2312 2829 -
2411 2786 2535 2839 αὑτὸ
2567 2784 2658 2837 τοῦ
2690 2783 2859 2853 ἡλίου·
2892 2784 2952 2834 τὸ
2980 2781 3033 2834 δὲ
3069 2780 3468 2851 προηγούμενον
3502 2778 3685 2842 ζώδιον
3716 2778 3799 2830 δύο
3826 2774 3908 2839 ζω-

776 2878 950 2932 decim
980 2880 1149 2949 signis
1184 2895 1394 2949 semper
1424 2882 1500 2934 ﬁt.
1537 2880 1578 2933 E
1604 2881 1799 2950 quibus
1830 2881 2173 2953 manifestum
2206 2888 2308 2943 est,

2294 2921 2308 2943 ,
2408 2876 2530 2928 δίων
2549 2876 2816 2944 διάστημα
2839 2872 3138 2944 ἀφεστηκὸς
3161 2872 3427 2941 βλέπεται·
3457 2873 3549 2924 καὶ
3568 2872 3715 2923 τοῦτο
3732 2868 3910 2921 ἐπὶτῶν

771 2968 878 3038 26
892 2971 1032 3038 quod
1060 2971 1162 3034 sol,
1190 2986 1310 3024 cum
1338 2980 1524 3025 contra
1554 2972 1736 3025 mundi
1767 2983 1967 3025 motum
2002 2954 2225 3035 feratur,
2256 2973 2308 3025 in

2292 2989 2308 3025 ι
2411 2967 2473 3035 ιβ’
2499 2967 2696 3030 ζωδίων
2722 2964 2805 3017 διὰ
2832 2965 3023 3025 παντὸς
3052 2964 3273 3030 γίνεται.
3321 2961 3407 3025 Ἐξ
3430 2955 3502 3015 ὧν
3533 2961 3772 3032 φανερὸν,
3798 2961 3865 3011 ὃτι
3889 2960 3911 3009 ὁ

771 3063 1174 3129 consequentia,
1207 3071 1260 3116 et
1293 3078 1400 3116 non
1443 3063 1497 3116 in
1538 3064 1901 3118 antecedentia
1951 3064 2101 3133 signa
2134 3075 2308 3118 trans-

2291 3093 2308 3103 -
2407 3059 2573 3128 ἥλιος,
2620 3056 2946 3117 ὑπεναντίως
2982 3053 3057 3119 τῷ
3086 3054 3269 3122 κόσμῳ
3296 3053 3605 3121 κινούμενος
3628 3054 3702 3114 είς
3727 3050 3789 3103 τὰ
3812 3050 3910 3101 ἑπό-

770 3150 902 3203 itum
936 3152 1115 3204 l'aciat.
2008 3131 2020 3133 _
2331 3186 2373 3243 ϐ

2331 3186 2373 3243 c
2412 3167 2543 3218 μενα
2570 3131 2923 3211 τῶίζωδίων,
2950 3146 3042 3197 καὶ
3074 3145 3171 3196 οὑκ
3199 3146 3275 3206 είς
3296 3144 3363 3197 τά
3388 3144 3756 3215 προηγούμενα
3778 3144 3907 3193 ποιεί-

2410 3260 2495 3294 ται
2527 3242 2625 3311 τὴν
2651 3238 2960 3309 μετάϐασιν.

840 3326 1176 3385 Παηίῐεειίυδ
1223 3336 1398 3385 autem
1457 3329 1510 3383 in
1552 3330 1676 3383 luna
1728 3330 2059 3398 conspicitur
2105 3338 2301 3384 motus.

770 3414 902 3471 Nam
933 3427 985 3472 et
1018 3417 1132 3487 ipsa
1163 3428 1349 3473 contra
1374 3428 1574 3474 motum
1603 3420 1785 3474 mundi
1810 3421 1878 3473 ab
1907 3434 2101 3474 occasu
2118 3435 2304 3473 versus

769 3516 945 3564 ortum
993 3510 1203 3565 videtur
1249 3512 1450 3565 moveri
1486 3528 1498 3561 :
1536 3512 1636 3564 hoc
1680 3518 1855 3565 autem
1906 3511 1961 3564 in
2001 3525 2103 3563 una
2149 3520 2304 3563 nocte

770 3609 947 3667 potest
992 3602 1316 3673 deprehendi
1356 3618 1451 3670 per
1495 3602 1777 3665 visionem,
1826 3618 1950 3657 cum
1996 3602 2301 3671 apparentia

771 3690 1137 3743 testimonium
1195 3692 1441 3759 praebeat.
1491 3691 1625 3744 Cum
1676 3678 1818 3745 enim
1875 3692 2014 3761 apud
2070 3692 2300 3760 aliquam

2490 3331 2861 3399 Ἐκδηλότερον
2882 3330 2937 3380 δὲ
2963 3329 3051 3380 ἐπὶ
3074 3328 3171 3397 τῆς
3201 3327 3421 3397 σελήνης
3443 3316 3713 3396 θεωρέίται
3732 3327 3761 3393 ἡ
3783 3323 3906 3389 κίνηο

2412 3438 2512 3483 σις·
2546 3422 2638 3473 καὶ
2670 3421 2774 3489 γάρ
2806 3420 2937 3489 αὑτὴ
2972 3420 3295 3481 ὑπεναντίως
3324 3418 3407 3489 τῷ
3446 3418 3632 3487 κόσμῳ
3665 3418 3904 3493 θεωρεῖται

2409 3514 2515 3564 ἀπὸ
2543 3511 2741 3573 δύσεως
2764 3511 2849 3563 ἐπ’
2876 3510 3135 3579 ἀνατολὴν
3162 3511 3467 3580 κινουμένη·
3497 3510 3650 3562 τοῦτο
3674 3507 3725 3560 δὲ
3752 3508 3801 3558 ἐν
3828 3505 3905 3573 μιᾷ

2408 3605 2561 3658 νυκτὶ
2603 3603 2821 3656 δύναται
2871 3602 3371 3673 καταλαμϐάνεσθαι
3412 3602 3498 3655 διὰ
3547 3602 3639 3672 τῆς
3680 3598 3901 3669 ὁράσεως.

2409 3696 2897 3768 ἐπιμαρτυροῦντος
2928 3695 3018 3747 τοῦ
3054 3682 3390 3763 φαινομένου.
3435 3694 3601 3744 Ὅταν
3641 3686 3744 3758 γὰρ
3786 3684 3905 3755 παρά

773 3779 1047 3833 stellarum
1092 3780 1317 3833 lixarum
1373 3788 1659 3849 conspecta
1722 3781 1880 3835 fuerit
1935 3783 2077 3848 luna,
2146 3793 2311 3836 nocte

2285 3798 2311 3836 Β»
2404 3807 2521 3841 τινα
2553 3789 2659 3841 τῶν
2695 3788 2941 3841 ἀπλανῶν
2973 3778 3213 3856 ἀστέρων
3243 3782 3483 3853 θεωρηθῇ
3512 3785 3544 3851 ἡ
3577 3781 3777 3850 σελήνη,
3800 3792 3904 3845 προ-

772 3869 1093 3936 procedente
1114 3870 1277 3925 distat
1307 3870 1373 3924 ab
1402 3872 1488 3924 illa
1518 3872 1795 3926 observata
1828 3873 1980 3925 stella
2006 3875 2070 3927 ad
2098 3881 2298 3933 ortum,

769 3966 823 4013 et
856 3960 1009 4015 stella
1040 3961 1127 4013 illa
1177 3976 1205 4013 a
1245 3962 1367 4013 luna
1406 3962 1469 4015 ad
1503 3976 1753 4016 occasum
1782 3978 1795 4020 ;
1842 3977 1904 4014 ac
1935 3978 2071 4030 saepe
2104 3965 2157 4015 in
2189 3971 2298 4016 tota

770 4058 926 4104 nocte
976 4051 1099 4103 luna
1145 4051 1311 4120 gradu
1362 4051 1430 4103 ab
1477 4050 1565 4102 illa
1606 4052 1887 4104 obseivala
1936 4053 2087 4105 stella
2138 4053 2347 4105 distat-

772 4138 837 4191 ad
865 4148 1071 4201 ortum,
1100 4141 1171 4193 ita
1202 4136 1259 4193 ut
1286 4141 1338 4194 in
1368 4156 1472 4194 una
1496 4148 1648 4195 nocte
1674 4149 1943 4209 spectetur
1973 4154 2144 4195 motus
2166 4158 2297 4194 con-

770 4226 971 4287 trarius
1005 4228 1221 4280 mundo.
1262 4228 1376 4281 Non
1414 4231 1555 4282 enim
1598 4231 1663 4283 ad
1701 4230 2073 4285 antecedentes
2116 4232 2299 4285 stellas

770 4318 1043 4389 procedit,
1065 4316 1156 4372 sed
1184 4319 1249 4372 ad
1284 4329 1689 4387 consequentes.

833 4577 1027 4635 Dicunt
1068 4592 1243 4637 autem
1296 4584 1535 4653 quidam,
1587 4585 1757 4655 solem
1799 4587 1865 4640 ad
1912 4587 2296 4655 consequentia

766 4669 916 4738 signa
947 4672 1231 4725 transitum
1263 4674 1456 4744 facere,
1484 4683 1536 4729 et
1569 4675 1747 4727 lunam
1770 4676 2054 4731 similiter:
2087 4691 2297 4730 verum-

764 4768 941 4813 trmen
989 4776 1084 4827 eos
1124 4776 1231 4816 non
1277 4765 1480 4817 moveri
1510 4766 1699 4817 contra
1727 4765 2020 4831 mundum;
2052 4765 2143 4818 sed
2175 4781 2298 4833 pro-

764 4856 883 4913 pter
916 4850 1305 4919 magnitudines
1335 4854 1574 4921 superari
1612 4870 1704 4908 eos
1730 4869 1761 4906 a
1783 4853 1991 4923 sphera
2022 4855 2296 4909 stellarum

764 4942 1153 5007 inerrantium;
1199 4942 1372 4996 videri
1417 4951 1594 4997 autem
1638 4946 1792 4998 nobis
1824 4946 1877 4999 in
1915 4948 2296 5015 consequentia

761 5030 911 5099 signa
962 5032 1243 5086 transitum
1282 5032 1437 5093 illum
1481 5035 1589 5087 ﬁeri
1635 5036 1787 5102 juxta
1830 5045 2031 5090 motum
2084 5045 2299 5091 contra-

762 5119 900 5171 rium
929 5136 942 5184 ;
978 5120 1069 5173 sed
1102 5121 1203 5175 hoc
1248 5137 1503 5177 nonesse
1526 5140 1740 5188 verum;
1770 5136 1822 5179 et
1862 5127 1988 5181 ferri
2028 5130 2215 5192 solem,
2243 5136 2295 5181 et

762 5210 941 5263 lunam
968 5210 1036 5264 ab
1056 5219 1199 5274 ortu,
1231 5227 1413 5268 versus
1442 5229 1692 5269 occasum
1721 5234 1737 5279 ς
1767 5218 1860 5272 sed
1891 5234 2012 5271 cum
2042 5233 2297 5286 superen-

762 5306 849 5353 tur
894 5316 925 5353 a
974 5302 1196 5365 mundo,
1252 5312 1533 5373 antequam
1581 5305 1840 5360 circulum
1894 5316 2194 5377 peragrent,
2238 5310 2293 5361 in

763 5395 1220 5471 consequentibus
1280 5396 1450 5466 signis
1512 5399 1765 5467 spectari.
1816 5400 2049 5455 Utuntur
2111 5409 2291 5457 autem

762 5480 975 5549 qridam
1016 5490 1069 5535 t-t
1120 5482 1222 5536 bac
1262 5482 1629 5543 similitudine.
1662 5486 1719 5543 Si
1764 5489 1905 5542 enim
1949 5492 2163 5562 aliquis,
2193 5493 2293 5548 .in-

760 5565 985 5634 quiunt,
1039 5573 1388 5627 constitueret
1456 5588 1705 5631 cursores
1766 5576 2047 5635 duodecim
2104 5582 2289 5637 eadem

711 5739 721 5757 '
818 5738 863 5771 “
964 5744 1025 5811 τῇ
1056 5745 1202 5795 νυκτὶ
1251 5747 1280 5814 ἡ
1326 5750 1499 5817 μοῖρα.

2406 3880 2689 3949 θαινούσης
2723 3880 2819 3949 τῆς
2853 3878 3039 3938 νυκτὸς
3066 3877 3349 3941 ἀφίσταται
3381 3872 3486 3925 ἀπὸ
3516 3870 3608 3925 τοῦ
3646 3884 3904 3940 παρατετη-

2409 3948 2470 4039 ρη
2480 3966 2636 4038 μένού
2666 3970 2885 4037 ἀστέρος
2909 3956 3040 4038 πρὸς
3065 3965 3339 4034 ἀνατολὴν,
3362 3965 3453 4018 καὶ
3478 3966 3504 4016 ὁ
3527 3964 3692 4032 ἀστὴρ
3711 3963 3806 4014 ἀπὸ
3822 3960 3900 4023 τῆς

2407 4060 2627 4129 σελήνης
2660 4060 2792 4129 πρὸς
2823 4058 2988 4111 δύσιν·
3022 4057 3110 4109 καὶ
3156 4056 3407 4119 πολλάκις
3433 4058 3489 4107 ὲν
3515 4056 3609 4127 ὅλῃ
3630 4057 3693 4123 τῇ
3720 4050 3851 4105 νυκτὶ
3875 4051 3898 4114 ἡ

2406 4150 2592 4220 σελήνη
2638 4152 2798 4220 μοίρᾳ
2819 4150 2860 4179 ⁸¹
2892 4148 2997 4202 ἀπὸ
3028 4148 3119 4200 τοῦ
3160 4148 3671 4217 παρατετηρημένου
3713 4143 3899 4210 ἀστέρος

2402 4240 2658 4293 διίσταται
2686 4242 2820 4312 πρὸς
2850 4234 3126 4309 ἀνατολήν·
3154 4239 3291 4292 ὥστε
3322 4242 3379 4292 ὲν
3413 4240 3507 4307 μιᾷ
3536 4239 3683 4290 νυκτὶ
3715 4235 3895 4303 θεωρείο

2406 4330 2525 4383 σθαι
2556 4332 2653 4400 τὴν
2683 4332 2999 4385 ὑπεναντίαν
3038 4316 3254 4399 κίνησιν
3285 4322 3362 4398 τῷ
3386 4328 3589 4397 κόσμῳ.
3617 4327 3688 4379 οὑ
3720 4325 3815 4395 γὰρ
3836 4326 3895 4381 εἰς

2401 4408 2526 4484 τοὺς
2549 4422 2978 4493 προηγουμένους
3009 4421 3239 4492 ἀστέρας
3260 4418 3554 4495 προὸαίνει,
3583 4419 3692 4472 ἀλλ’
3709 4418 3779 4479 είς
3795 4415 3894 4474 tot;

2330 4518 2372 4572 ι)
2404 4511 2711 4577 ἑπομένους.

2467 4600 2693 4665 Λέγουσι
2726 4599 2780 4652 δέ
2822 4616 2960 4663 τινες
2995 4601 3073 4662 είς
3117 4598 3212 4667 μὲν
3254 4597 3321 4650 τὰ
3362 4598 3593 4669 ἑπόμενα
3630 4597 3783 4662 ζώδια
3815 4593 3891 4658 τὴν

2400 4686 2689 4759 μετά6ασιν
2718 4689 2953 4765 γίνεσθαι
2984 4689 3061 4759 τῷ
3088 4689 3218 4759 ἡλίῳ
3248 4690 3341 4742 καὶ
3361 4693 3424 4759 τῇ
3450 4690 3655 4761 σελὴνη·
3692 4690 3758 4761 μὴ

2394 4797 2538 4847 τοιγε
2567 4783 3112 4845 ὑπεναπίωςάὑτοὺς
3154 4782 3412 4835 κινεῖσθαι
3451 4782 3524 4853 τῷ
3561 4783 3754 4853 κόσμῳ,
3782 4777 3889 4833 ἀλλὰ

2396 4870 2480 4923 διὰ
2501 4871 2568 4922 τὰ
2598 4870 2797 4943 μεγέθη
2829 4870 3205 4925 ὑπολείπεσθαι
3228 4867 3417 4935 αὐτοὺς
3434 4872 3531 4942 τῆς
3554 4873 3657 4925 τῶν
3678 4870 3887 4926 ἀπλανῶν

2393 4961 2633 5031 ἀστέρων
2666 4964 2927 5033 σφαίραςοσ
2942 4960 3110 5014 δοκεῖν
3138 4962 3195 5016 δὲ
3223 4965 3351 5034 ἡμῖν
3371 4965 3449 5027 είς
3475 4964 3542 5017 τά
3565 4965 3785 5033 ἑπόμενα
3801 4960 3885 5013 τῶν

2396 5047 2596 5109 ζωδίων
2627 5050 2721 5119 τὴν
2762 5050 3049 5119 μετάὀασιν
3080 5051 3318 5119 γίνεσθαι
3366 5052 3507 5108 κατά
3544 5056 3639 5124 τὴν
3680 5049 3883 5106 ἐναντίαν

2394 5138 2620 5209 κίνησιν·
2648 5139 2801 5192 τοῦτο
2821 5140 2876 5191 δὲ
2901 5139 2972 5209 μὴ
3002 5136 3139 5195 εἶναι
3160 5141 3377 5211 ἀληθὲς.
3394 5142 3527 5196 ἀλλά
3551 5140 3785 5210 φέρεσθαι
3808 5138 3882 5208 μιν

2391 5228 2536 5298 ἥλιον
2568 5230 2659 5282 καὶ
2695 5229 2917 5297 σελήνην
2949 5226 3053 5282 ἀπ*
3072 5231 3327 5302 ἀνατολῆς
3370 5232 3462 5284 ἐπὶ
3490 5231 3664 5285 δύσιν·
3687 5245 3879 5284 κατατα-

2391 5309 2686 5384 χουμὲνους
2710 5317 2767 5369 δὲ
2792 5317 2893 5368 ὑπὸ
2926 5317 3016 5369 τοῦ
3052 5319 3253 5387 κόσμου
3300 5320 3403 5390 πρὸ
3433 5320 3526 5371 τοῦ
3551 5320 3736 5373 κύκλον
3764 5334 3879 5386 περιρ

2389 5403 2627 5474 δραμεῖν,
2651 5407 2705 5456 ἐν
2720 5409 2828 5466 τοῖς
2852 5407 3128 5476 ἑπομένοις
3152 5392 3356 5472 ζωδίοῖς
3381 5408 3707 5480 θεωρεῖσθαι.
3729 5402 3879 5477 X955-

2388 5508 2474 5546 ται
2506 5494 2560 5547 δέ
2598 5511 2737 5555 τινες
2774 5495 2866 5547 καὶ
2902 5496 2979 5563 τῷ
3014 5495 3314 5571 ὁμοιώματι
3357 5498 3541 5569 τούτῳ.
3582 5500 3641 5552 El
3673 5500 3767 5570 γάρ
3796 5509 3875 5553 τις.

2392 5582 2568 5648 cash,
2602 5584 2934 5655 ὑπεστήσατο
2963 5584 3175 5655 δρομεῖς
3211 5585 3275 5654 ιβ’
3305 5587 3400 5656 ἴσῳ
3424 5588 3569 5657 τάχει
3591 5587 3876 5658 χρωμένους,
