4100 6316
152 445 253 499 825

1170 446 1401 503 GEMINI
1439 444 1803 502 ΕιεκεΝτΑ
1839 444 2326 524 ASTRQNOMM‘I.

3231 450 3333 506 826

154 567 244 618 καὶ
265 562 603 633 ποιουμένους
630 562 720 615 ἐπὶ
750 561 945 615 κύκλου
968 563 1064 633 τὴν
1092 563 1318 634 κίνησιν,
1345 559 1458 617 εἶτα
1490 564 1687 633 μέντοι·

1794 562 2063 619 celeritate
2103 571 2337 623 utentes.
2373 572 2427 619 et
2479 564 2735 623 facientes
2769 567 2822 620 in
2856 568 3059 621 circulo
3106 578 3286 623 motuu
3310 601 3333 635 ,

158 673 212 723 γε
245 655 393 710 ἄλλον
418 653 538 705 τινά
575 654 670 706 ἕνα
702 654 1020 724 βραδύτερον
1050 658 1106 707 ὲν
1136 656 1317 717 αὐτοῖς
1353 655 1682 725 κινούμενον,

155 746 332 816 ὁμοίαν
358 745 412 799 δὲ
439 745 536 815 τὴν
561 748 768 816 κίνησιν
800 746 980 808 αὑτοῖς
1001 747 1316 816 ποιούμενον
1343 748 1434 799 ἐπὶ
1464 746 1680 798 κύκλουο

153 838 290 904 δόξει
318 838 428 907 μὲν,
465 837 1213 908 περικαταλαμϐανόμενοςδί,
1240 838 1410 899 είςτά
1449 838 1685 906 ἑπόμενα

155 927 507 998 μεταϐαίνειν,
556 930 652 980 ούκ
697 928 844 981 ἔσται
883 928 937 980 δὲ
983 928 1133 981 τοῦτο
1169 930 1260 980 ἐπὶ
1289 929 1384 996 τῆς
1415 928 1682 996 ἀληθείαςο

150 1018 269 1070 am
294 1019 482 1087 ὁμοίως
534 1020 715 1081 αὑτοῖς
758 1018 1073 1087 ,κινούμενος
1116 1018 1202 1071 διά
1249 1019 1346 1087 τὴν
1388 1017 1687 1087 βραδυτῆτα

150 1108 285 1173 δόξει
315 1112 388 1172 τίς
428 1110 684 1162 τάναντία
726 1109 1006 1163 κινεῖσθαι.
1046 1108 1214 1161 Τοῦτο
1250 1109 1311 1179 δὴ
1353 1111 1444 1161 καὶ
1476 1109 1565 1161 ἐπὶ
1596 1108 1685 1159 τοῦ

151 1201 297 1270 ἡλίου
320 1202 407 1253 καὶ
445 1202 539 1253 ἐπὶ
564 1204 661 1272 τῆς
701 1202 927 1271 σελήνης
968 1200 1381 1271 συμὸεϐηκέναι.
1430 1199 1550 1251 Ἐπὶ
1581 1197 1687 1267 γάρ

149 1292 212 1344 τά
244 1291 379 1345 αύτά
411 1293 550 1362 μέρη
581 1292 878 1362 κινούμενοι
908 1290 985 1361 τῷ
1012 1293 1213 1362 κόσμῳ,
1243 1291 1329 1344 διὰ
1360 1291 1459 1362 τὴν
1492 1289 1685 1359 βραδυ-

149 1384 281 1449 τῆτα
317 1386 392 1445 είς
430 1384 497 1437 τά
534 1384 771 1452 ἑπόμενα
802 1384 1189 1454 ὑποφέρονταιο
1222 1383 1463 1453 καθάπερ
1494 1382 1561 1434 τὰ
1596 1382 1688 1433 ἐπὶ

150 1474 253 1526 τῶν
296 1474 546 1544 ποταμῶν
592 1475 1005 1545 καταφερόμενα
1044 1475 1219 1533 πλοῖα.
1249 1473 1685 1543 προκαταταχού-

154 1584 282 1635 μενα
312 1567 411 1619 ὑπὸ
432 1566 523 1619 τοῦ
548 1570 833 1636 ῥεύματος,
861 1566 1005 1619 δοκεῖ
1023 1569 1100 1629 είς
1119 1566 1187 1619 τὰ
1210 1567 1381 1619 ὀπίσω
1402 1558 1683 1618 κινεῖσθαι·

150 1657 301 1709 τοῦτο
327 1656 382 1709 δέ
412 1673 539 1724 φασι
561 1660 652 1710 καὶ.
679 1659 769 1711 ἐπὶ
788 1658 881 1711 τοῦ
902 1657 1074 1727 ἡλίου,
1106 1659 1197 1711 καὶ
1226 1660 1317 1712 ἐπὶ
1344 1660 1441 1727 τῆς
1466 1660 1687 1729 σελήνης

154 1767 210 1801 συ
217 1749 479 1819 μόαίνειν.

1786 656 1979 711 deinde
2017 672 2145 711 vero
2182 656 2344 709 alium
2382 658 2665 725 quemdam
2692 660 2829 713 inter
2857 660 3003 728 ipsos
3036 661 3243 715 tardius
3273 678 3329 715 se

1789 755 2116 809 moventem,
2152 757 2203 803 et
2232 756 2411 802 tamen
2443 749 2509 804 iis
2542 750 2773 805 similem
2804 760 3005 803 motum
3037 752 3092 805 in
3125 752 3329 805 circulo

1789 836 2071 891 facientem
2111 857 2122 889 :
2154 836 2425 891 videbitur
2453 840 2668 907 quidem
2694 840 2763 903 is,
2790 856 2911 893 cum
2939 843 3327 905 anteveniatur,

1787 926 1842 979 in
1900 926 2284 994 consequentia
2336 929 2590 995 transire,
2640 945 2823 983 verum
2880 946 2945 985 ex
2994 932 3070 985 rei
3108 931 3331 986 veritate

1788 1019 1889 1071 hoc
1922 1034 2025 1071 non
2058 1019 2158 1071 erit
2186 1034 2198 1082 ;
2231 1016 2323 1071 sed
2362 1033 2483 1071 cum
2519 1020 2766 1076 similiter
2796 1030 2957 1089 atque
2988 1023 3086 1091 ipsi
3116 1039 3329 1077 movea-
3368 1066 3372 1070 α

1787 1117 1895 1170 tur,
1928 1118 2106 1163 tamen
2145 1120 2361 1179 propter
2398 1111 2705 1166 tarditatem
2736 1114 3003 1169 videbitur
3034 1116 3086 1169 in
3118 1127 3329 1170 contra-

1788 1200 1862 1252 ria
1900 1201 2121 1255 moveri.
2156 1201 2330 1269 Atque
2370 1200 2471 1255 hoc
2516 1203 2654 1256 idem
2690 1213 2745 1257 et
2786 1204 2839 1256 in
2882 1206 3014 1270 sole,
3038 1216 3091 1261 et
3118 1207 3171 1260 in
3204 1208 3329 1261 luna

1786 1290 2113 1360 contingere.
2152 1292 2286 1345 Cum
2310 1286 2461 1346 ’enim
2497 1308 2686 1348 versus
2727 1296 2941 1349 easdem
2985 1306 3163 1366 partes
3209 1314 3327 1352 cum

1789 1382 1987 1433 mundo
2030 1394 2364 1442 moveantur,
2416 1393 2633 1453 propter
2680 1387 2987 1442 tarditatem
3038 1388 3092 1441 in
3140 1404 3330 1444 cons:-

1786 1472 2002 1539 quentia
2036 1471 2258 1526 inferius
2293 1472 2538 1527 feruntur
2568 1494 2580 1527 :
2618 1476 3066 1544 quemadmodum
3095 1479 3324 1548 navigia.

1786 1574 1904 1627 quae
1934 1561 1986 1613 in
2022 1560 2197 1619 ﬂuviis
2220 1562 2560 1625 deferuntur,
2592 1579 2714 1616 cum
2746 1581 2773 1617 a
2802 1563 2946 1618 ﬂuxu
2982 1574 3325 1634 superantur,

1787 1649 2036 1704 videntur
2058 1660 2204 1705 retro
2231 1651 2377 1707 ferri.
2413 1653 2524 1708 lloc
2557 1663 2732 1708 autem
2767 1655 3014 1725 inquiunt
3042 1663 3095 1709 et
3126 1655 3178 1708 in
3217 1657 3328 1710 sole

1787 1750 1838 1794 et
1866 1740 1919 1793 in
1952 1742 2076 1793 luna
2110 1744 2440 1811 contingere.

215 1860 357 1930 Δύτη
388 1861 443 1914 δὲ
493 1863 525 1930 ἡ
557 1861 681 1925 δόξα
715 1860 817 1914 ὑπὸ
850 1859 1053 1913 πολλῶν
1096 1861 1390 1930 φιλοσόφων
1429 1861 1685 1933 εἰρημένη

1856 1853 1924 1905 At
1977 1854 2091 1906 hac
2136 1853 2339 1922 opinio,
2399 1857 2499 1909 etsi
2552 1872 2583 1908 a
2636 1858 2819 1912 multis
2868 1858 3199 1927 philosophis
3244 1866 3327 1917 est

152 1952 468 2021 ἀσύμφωνος
501 1953 615 2003 ἐστι
652 1956 765 2014 τοῖς
809 1954 1167 2022 φαινομένοις·
1201 1954 1248 2005 εἰ
1277 1953 1384 2023 γὰρ
1414 1954 1530 2006 καθ’
1561 1953 1686 2005 ὑπό-

151 2039 317 2107 λιιψιν
340 2039 624 2100 ἐκινοῦντο,
655 2043 1067 2113 ὑποφερομένων
1095 2044 1200 2096 τῶν
1228 2044 1487 2113 σωμάτων
1511 2045 1597 2097 διὰ
1621 2044 1687 2096 τά

156 2129 369 2200 μεγέθη,
396 2131 499 2183 ἔδει
532 2132 668 2183 κατά
696 2122 1062 2203 παραλλήλους
1098 2134 1326 2196 κύκλους
1355 2136 1452 2204 τὴν
1484 2135 1688 2187 ὑπόλειο

152 2220 237 2286 ψιν
259 2220 516 2287 γίνεσθαι’
549 2221 798 2291 καθάπερ
833 2224 925 2275 καὶ
954 2224 1000 2275 οἱ
1025 2225 1279 2285 ἀπλανεῖς
1304 2223 1527 2294 ἀστέρες
1550 2224 1685 2276 πάν-

153 2328 235 2373 τες
256 2312 347 2363 ἐπὶ
371 2310 721 2381 παραλλήλων
746 2312 956 2364 κύκλων
981 2313 1251 2382 φέρονται,
1279 2313 1366 2365 διὰ
1387 2315 1445 2365 τὸ
1477 2315 1570 2366 καὶ
1591 2316 1686 2383 τὴν

153 2401 237 2454 τοῦ
272 2402 470 2472 κόσμου
503 2402 670 2472 φορὰν
695 2401 976 2468 ἐγκύκλιον
1004 2399 1140 2455 εἶναι
1183 2402 1275 2471 ἀπ’
1312 2404 1568 2473 ἀνατολῆς
1594 2406 1685 2457 ἐπὶ

154 2492 311 2547 δύσιν.
347 2494 478 2545 Νυνὶ
519 2493 574 2544 δὲ
613 2493 708 2560 οὐχ
745 2492 1117 2544 ὑπολείπονται
1155 2492 1295 2545 κατά
1320 2492 1685 2562 παραλλήλους

157 2582 392 2642 κύκλουςο
428 2584 541 2635 ἀλλ’
569 2586 596 2636 ό
646 2583 742 2653 μὲν
790 2583 959 2651 ἥλιος,
1000 2584 1091 2635 ἐπὶ
1131 2583 1223 2635 τοῦ
1256 2584 1343 2637 διὰ
1378 2584 1554 2653 μέσων
1578 2584 1685 2635 τῶν

160 2672 350 2732 ζωδίων
379 2672 574 2725 κύκλου
600 2674 930 2743 κινούμενος,
964 2675 1077 2745 ἅμα
1109 2677 1199 2727 καὶ
1218 2674 1313 2744 τὴν
1335 2674 1473 2727 κατά
1491 2674 1686 2738 πλάτος

159 2760 376 2829 πάροδον
397 2766 628 2814 ποιεῖται
659 2760 764 2816 ἀπδ
784 2764 996 2834 τροπῶν
1029 2766 1119 2817 ἐπὶ
1150 2764 1368 2834 τροπάς
1400 2765 1471 2824 ὡς
1500 2764 1587 2828 ἂν,
1610 2762 1687 2817 οἷ-

162 2868 268 2918 μαι,
307 2851 435 2914 ιδίας
468 2852 813 2923 ὑπαρχούσης
848 2854 993 2922 αὑτῴ
1023 2856 1118 2923 τῆς
1155 2858 1430 2925 κινήσεως,
1461 2856 1557 2924 τῆς
1588 2856 1685 2924 μὲν

158 2942 242 2994 ἀπ’
262 2942 516 3011 ἀνατολῆς
540 2943 630 3003 ἐπὶ
653 2941 821 3004 δύσιν,
850 2947 947 3011 τῆς
983 2943 1037 2994 δὲ
1081 2944 1186 2994 ἀπὸ
1218 2942 1417 3004 δύσεως
1442 2944 1527 2995 ἐπ’
1553 2945 1683 2995 ἀνα-

158 3031 321 3102 τολήν·
363 3035 395 3101 ἡ
437 3033 493 3085 δὲ
528 3033 716 3102 σελήνη
738 3035 816 3113 Χὲν
848 3032 952 3101 ὅλῳ
981 3033 1055 3102 τῷ
1083 3032 1268 3085 πλάτει
1300 3031 1391 3083 τοῦ
1426 3031 1683 3094 ζωδιακοῦ

162 3122 345 3176 κύκλου
370 3126 465 3192 τὴν
496 3125 723 3195 πάροδον
747 3126 993 3175 ποιεῖται.
1023 3123 1183 3175 Οὑδὲν
1207 3122 1262 3173 δὲ
1285 3121 1390 3172 τῶν
1414 3122 1531 3173 καθ’
1559 3122 1685 3174 ὑπό-

1786 1942 1945 2003 dicta,
2002 1951 2177 1996 tamen
2220 1960 2325 1997 non
2378 1945 2627 2013 congruit
2682 1961 2803 1998 cum
2854 1949 3228 2016 apparentiis;
3281 1949 3327 2002 si

1784 2034 1923 2086 enim
1944 2024 2095 2100 juxta
2122 2033 2426 2102 hujusmodi
2459 2036 2791 2088 relictionem
2818 2048 3178 2099 moverentur,
3202 2054 3324 2092 eum

1785 2137 2007 2189 corpora
2046 2124 2132 2176 illa
2174 2124 2400 2179 inferius
2442 2133 2777 2188 moveantur,
2811 2134 3029 2195 propter
3058 2128 3326 2196 magnitu-

1786 2213 1999 2266 tudines
2037 2216 2319 2282 Oportebat
2356 2216 2411 2267 in
2454 2217 2719 2284 parallelis
2760 2217 2979 2270 circulis
3024 2217 3162 2271 hanc
3199 2219 3325 2272 reli-

1785 2305 2015 2359 ctionem
2052 2308 2164 2359 lieri
2192 2325 2205 2373 ;
2237 2309 2687 2375 quemadmodum
2726 2320 2777 2364 et
2823 2312 2986 2365 stella:
3026 2311 3325 2365 inerrantes

1785 2412 1972 2452 omnes
2015 2401 2068 2451 in
2122 2401 2393 2468 parallelis
2434 2402 2655 2458 circulis
2713 2403 2961 2458 feruntur
3010 2422 3021 2457 :
3073 2422 3137 2461 eo
3182 2405 3325 2475 quod

1784 2497 1837 2541 et
1891 2489 2075 2541 mundi
2150 2498 2329 2543 motus
2388 2500 2471 2545 est
2520 2494 2799 2548 circularis
2847 2497 2915 2549 ab
2966 2504 3085 2550 ortu
3135 2511 3325 2551 versus

1783 2596 2054 2635 occasum.
2078 2580 2145 2634 At
2168 2598 2273 2635 non
2301 2582 2677 2651 relinquuntur
2699 2584 2750 2636 in
2777 2585 3045 2652 parallelis
3067 2586 3286 2639 circulis
3310 2604 3323 2650 ;

1785 2672 1877 2725 sed
1909 2672 1986 2725 sol
2021 2686 2141 2724 cum
2179 2672 2229 2724 in
2262 2672 2468 2725 circulo
2501 2688 2595 2741 per
2629 2674 2800 2727 media
2832 2674 2982 2743 signa
3012 2685 3325 2731 transeunte

1784 2770 2082 2825 moveatur,
2106 2762 2264 2816 simul
2296 2764 2457 2816 etiam
2504 2765 2798 2817 secundum
2840 2766 3171 2819 latitudinem
3198 2765 3325 2819 facit

1785 2862 1987 2907 motum
2016 2870 2044 2906 a
2074 2855 2306 2908 solstitio
2348 2854 2427 2908 ad,
2456 2856 2742 2909 solstitium
2778 2871 2789 2905 :
2826 2855 2988 2924 quod,
3022 2863 3080 2909 ut
3104 2855 3322 2924 .Opinor,

1785 2945 2034 3012 preprius
2062 2945 2109 2999 ei
2144 2947 2214 2999 sit
2245 2956 2419 3001 motus
2451 2947 2537 2999 hic
2578 2948 2645 3001 ab
2676 2956 2795 3001 ortu
2827 2964 3013 3003 versus
3038 2962 3321 3012 occasum;

1786 3034 1874 3087 ille
1917 3036 1985 3087 ab
2036 3050 2232 3091 occasu
2280 3054 2470 3092 versus
2516 3049 2732 3103 ortum;
2766 3040 2891 3093 luna
2940 3054 3064 3093 vero
3113 3039 3165 3091 in
3212 3046 3323 3091 tota

1786 3122 2065 3177 latitudine
2112 3125 2314 3178 zodiaci
2362 3126 2550 3179 circuli
2599 3134 2798 3180 motum
2838 3126 2983 3197 facit.
3026 3125 3168 3181 Nihil
3196 3142 3324 3180 vero
3396 3186 3405 3197 ι

161 3211 318 3281 huius
356 3215 766 3283 ὑποφερομένων
799 3213 913 3283 ἅμα
952 3211 1168 3264 δύναται
1198 3210 1335 3263 κατά
1367 3210 1563 3272 πλάτος
1595 3227 1679 3262 κι-

1785 3225 1963 3264 eorum
2007 3228 2126 3279 qua:
2165 3214 2459 3267 secundum
2494 3214 2825 3269 relictionem
2858 3215 3121 3275 feruntur,
3165 3216 3324 3269 simul

161 3305 370 3358 νεῖσθαι·
409 3306 523 3358 ἀλλ’
552 3305 751 3373 ὀφείλει
782 3304 920 3358 κατὰ
944 3303 1038 3372 τὴν
1059 3302 1152 3355 τοῦ
1179 3302 1379 3372 κόσμου
1406 3302 1570 3372 φορὰν
1592 3300 1688 3369 τὴν

168 3395 445 3464 ὑπόλειψιν·
475 3393 759 3448 ποιεῖσθαι.
817 3394 1047 3462 Ἐλέγχει
1093 3394 1147 3445 δὲ
1190 3394 1286 3463 τὴν
1325 3392 1479 3457 δόξαν
1522 3390 1688 3460 ψευδῆ

164 3487 492 3555 ὑπάρχουσαν
523 3484 749 3553 μάλιστα
782 3483 995 3536 πάντων
1025 3485 1055 3551 ἠ
1082 3486 1207 3554 περὶ
1230 3485 1353 3545 τοὺς
1375 3484 1534 3535 πέντε
1560 3482 1690 3535 πλά-

164 3591 311 3642 νητας
353 3575 585 3643 ἀστέρας
624 3574 853 3643 κίνησις·
900 3576 1088 3625 ἐκεῖνοι
1112 3572 1216 3642 γὰρ
1247 3573 1333 3625 ὁτὲ
1359 3572 1689 3642 μὲνι,ὑπολείο

167 3682 338 3717 πονται
366 3664 472 3718 τῶν
511 3664 761 3718 ἀπλανῶν
790 3662 1051 3734 ἀστέρων,
1082 3662 1169 3714 ὁτὲ
1205 3662 1260 3713 δὲ
1307 3661 1685 3732 προηγοῦνται·

165 3756 242 3807 ὁτὲ
279 3756 333 3809 δὲ
375 3756 513 3809 κατὰ
553 3757 677 3817 τοὺς
706 3755 897 3815 αὐτοὺς
932 3753 1162 3821 ἀστέρας
1220 3752 1494 3820 μένουσιν’
1546 3753 1593 3803 oi
1635 3751 1689 3803 δὲ

168 3851 248 3899 καὶ
293 3847 573 3900 καλοῦνται
602 3834 922 3918 ,στηριγμοι
977 3842 1236 3910 ’Τοιαύτης
1262 3841 1317 3893 δὲ
1346 3839 1690 3910 ὑπαρχούσης

167 3936 281 4004 περὶ
317 3936 508 3997 αὐτοὺς
546 3936 649 4003 τῆς
686 3935 972 4001 κινήσεως.
1019 3931 1264 4001 φανερὸν,
1304 3929 1384 3981 ὅτι
1417 3928 1449 3994 ὴ
1491 3928 1581 3979 ἐπὶ
1625 3927 1691 3980 τὰ

168 4026 389 4095 ιτεόμενα
436 4027 727 4095 μετάϐασις
763 4026 824 4077 ού
865 4024 1063 4091 γίνεται
1115 4022 1252 4074 κατά
1286 4016 1579 4087 ύπόλειψιν·
1606 4018 1690 4071 διά

170 4119 348 4181 παντὸς
379 4119 487 4187 γὰρ
522 4117 586 4170 ἂν
614 4115 972 4169 ὑπελείποντο.
1008 4114 1141 4166 Νυνὶ
1166 4114 1221 4165 δὲ
1242 4112 1343 4165 ίδία
1375 4111 1455 4172 τίς
1486 4112 1629 4163 ἐστιν
1657 4110 1688 4177 ή

168 4210 281 4279 περὶ
315 4210 540 4263 ἕκαστον
582 4206 943 4277 σφαιροποιία,
981 4204 1100 4257 καθ’
1132 4205 1195 4274 ἢν
1230 4204 1356 4256 ποτὲ
1390 4202 1483 4271 μὲν
1522 4203 1597 4264 εἰς
1623 4199 1689 4253 τὰ

170 4298 389 4368 ἑπόμενα
420 4297 818 4369 μεταϐαίνουσι,
853 4296 980 4349 ποτὶ
1004 4297 1061 4349 δὲ
1092 4297 1170 4357 είς
1203 4296 1267 4347 τά
1289 4291 1686 4363 προηγούμενα,

171 4390 284 4442 ποτὲ
304 4392 359 4443 δὲ
388 4407 483 4459 στη
495 4389 747 4459 ρίζουσιν.
776 4386 927 4440 Οὕτω
944 4386 1007 4455 δὴ
1038 4386 1130 4437 καὶ
1151 4385 1275 4452 περὶ
1294 4384 1380 4435 τὸν
1406 4382 1571 4452 ἥλιον.
1599 4384 1689 4433 καὶ

170 4478 281 4547 περὶ
302 4478 396 4548 τὴν
430 4478 654 4546 σελήνην
682 4476 787 4528 ίδία
814 4473 897 4536 τίς
926 4475 1037 4525 ὲστι
1069 4473 1161 4525 καὶ
1204 4470 1573 4542 προαιρετικὴ,
1598 4470 1687 4521 καὶ

171 4569 295 4623 κατά
320 4570 479 4638 φύσιν
511 4570 545 4639 ὴ
574 4570 699 4636 περὶ
727 4566 921 4627 πλάτος
946 4565 1176 4634 κίνησις,
1207 4562 1326 4617 καθ’
1361 4562 1429 4632 ἢν
1474 4561 1579 4614 ἀπὺ
1603 4559 1691 4611 δύ-

172 4674 291 4722 σεως
310 4661 391 4713 ἐπ’
418 4658 675 4727 ἀνατολὴν
708 4656 1006 4726 κινούμενοι
1029 4656 1128 4723 τὴν
1160 4654 1297 4707 κατὰ
1324 4653 1520 4715 πλάτος
1552 4652 1691 4721 πάρ-

169 4749 271 4801 060v
301 4747 591 4802 ποιοῦνται.
622 4748 743 4799 ὐτι
784 4745 841 4798 δὲ
884 4745 943 4797 ού
988 4742 1231 4795 δύνανται
1265 4741 1382 4823 καθ’
1420 4739 1692 4815 ὑπόλειιῖιιν

174 4842 238 4899 tl;
259 4838 321 4891 τὰ
351 4839 591 4907 ἑπόμενα
616 4837 721 4889 τῶν
744 4834 944 4898 ζωδίων
966 4833 1062 4903 τὴν
1090 4830 1691 4910 μετάϐασινποιείσθαι,

176 4930 381 4999 φανερὸν
410 4929 503 4981 καὶ
535 4929 599 4980 ὲκ
625 4926 719 4980 τοῦ
750 4927 824 4997 μὴ
848 4924 1103 4999 ἀνάλογον
1134 4925 1242 4984 τοῖς
1268 4921 1534 4991 μεγέθεσι,
1562 4919 1692 4989 μηδὲ

174 5021 269 5081 τοῖς
297 4996 639 5088 ἀποστήμασι
668 4996 766 5079 τὰς
806 4996 1127 5085 μετάσάσεις
1169 5012 1427 5079 γίνεσθαι.
1478 5011 1540 5062 El
1585 5008 1692 5079 γὰρ

174 5106 249 5161 διὰ
268 5109 330 5161 τὰ
354 5108 555 5179 μεγέθη
581 5105 687 5174 τῶν
713 5106 971 5175 σωμάτων
1000 5102 1344 5173 ὑπεφέροντο,
1371 5100 1692 5170 βραδυτέραν

178 5183 367 5262 [χοντες
389 5195 498 5249 τῶν
519 5194 767 5249 ἀπλανῶν
790 5195 1027 5264 ἀστέρων
1056 5192 1280 5261 κίνησιν,
1311 5192 1413 5243 ἔδει
1441 5190 1692 5255 ἀνάλογον

176 5284 273 5344 τοῖς
304 5284 548 5351 μεγέθεσι
587 5284 679 5336 καὶ
723 5284 832 5343 τοῖς
877 5282 1216 5350 ἀποστήμασι
1252 5279 1349 5342 τάς
1391 5278 1691 5346 ὑπολείψεις

178 5371 415 5437 γίνεσθαι·
446 5372 518 5443 μὴ
540 5374 815 5441 γινομένου
837 5372 890 5424 δὲ
906 5371 1111 5433 τούτου,
1132 5371 1339 5439 ἀνάγκη
1361 5372 1533 5436 λέγειν
1557 5369 1693 5422 κατά

182 5460 319 5524 φύσιν
340 5463 475 5518 εἶναι
498 5468 605 5527 τοῖς
629 5464 986 5533 πλανωμένοις
1012 5463 1237 5532 ἁστῆρσι
1257 5464 1352 5531 τὴν
1378 5461 1691 5513 ὑπεναντίαν

182 5550 382 5621 κίνησιν.
421 5554 558 5622 Ἤδη
590 5554 876 5622 μέντοιδιά
920 5552 1011 5620 τὴν
1046 5553 1171 5605 ἰδίαν
1214 5552 1436 5606 ἑκάστου
1479 5567 1693 5607 σφαιρο-

267 5774 305 5806 ⁸⁸
331 5775 367 5843 ί.
395 5774 762 5847 προκαταλαμ.

1787 3293 1961 3368 potest
2007 3304 2297 3357 secundum
2352 3306 2683 3361 latitudinem
2738 3310 2983 3371 moveri;
3034 3306 3127 3361 sed
3170 3307 3324 3360 debet
3386 3328 3389 3333 λ

1788 3394 2081 3446 secundum
2120 3395 2301 3449 mundi
2337 3405 2538 3448 motum
2574 3398 2906 3451 relictionem
2944 3396 3088 3449 illam
3127 3395 3322 3450 facere.

1786 3484 2073 3538 Convincit
2116 3496 2292 3540 autem
2332 3486 2471 3542 hanc
2512 3489 2837 3558 Opinionem,
2887 3487 3027 3556 quod
3070 3485 3200 3541 falsa
3230 3488 3324 3548 sit,

1790 3578 2017 3629 maxime
2067 3578 2305 3629 omnium
2348 3585 2523 3632 motus
2564 3578 2801 3646 quinque
2842 3578 3213 3646 planetarum;
3247 3576 3323 3629 illi

1786 3664 1927 3717 enim
1960 3664 2225 3718 interdum
2254 3667 2628 3735 relinquuntur
2652 3667 2719 3719 ab
2745 3656 3105 3720 inerrantibus
3132 3666 3323 3731 stellis,
3382 3650 3385 3653 ἢ

1789 3752 2053 3817 interdum
2092 3754 2397 3821 praecedunt
2442 3770 2577 3821 eas;
2619 3755 2886 3809 interdum
2932 3755 3069 3825 apud
3108 3753 3320 3809 easdem

1787 3844 1972 3898 stellas
2022 3852 2239 3899 manent
2291 3866 2302 3900 :
2354 3862 2473 3915 qua:
2522 3847 2680 3900 etiam
2736 3849 2997 3905 stationes
3042 3856 3321 3900 vocantur.

1787 3928 1934 3987 Talis
1961 3948 2084 3987 cum
2128 3943 2305 4010 motus
2342 3938 2413 3991 sit
2460 3939 2817 4006 planetarum,
2845 3937 3185 3991 manifestum
3216 3943 3318 3996 est,

1791 4024 1928 4091 quod
1975 4028 2239 4082 transitus
2269 4028 2323 4081 in
2352 4031 2730 4098 consequentia
2763 4046 2870 4083 non
2903 4029 2993 4082 ﬁat
3027 4027 3320 4083 secundum
3387 4031 3390 4034 ’

1788 4115 2135 4171 relictionem.
2169 4118 2393 4188 Semper
2422 4122 2563 4173 enim
2606 4121 2760 4187 quasi
2799 4135 2826 4171 a
2863 4126 3013 4188 tergo
3060 4116 3322 4185 relinque-

1787 4212 1951 4259 retur.
1968 4204 2036 4258 At
2057 4223 2197 4261 nunc
2220 4209 2479 4275 cujusque
2498 4218 2577 4261 est
2600 4190 2810 4277 propria
2832 4208 3071 4276 quadam
3093 4208 3321 4275 sphera,

1788 4296 2082 4349 secundum
2130 4312 2289 4365 quam
2335 4312 2479 4350 nunc
2522 4298 2576 4350 in
2627 4296 3012 4365 consequentia
3072 4295 3321 4357 tendunt,

1788 4400 1931 4439 nunc
1965 4384 2441 4450 in'antecedentia,
2476 4400 2619 4439 nunc
2658 4401 2787 4439 vero
2825 4393 2949 4440 sunt
2985 4384 3317 4438 stationales.

1793 4474 1881 4529 Sic
1917 4477 2079 4545 igitur
2109 4485 2160 4529 et
2188 4476 2318 4529 solis
2371 4482 2425 4530 et
2456 4478 2593 4530 luna:
2638 4477 2886 4545 proprius
2912 4482 2994 4529 est
3026 4473 3238 4542 aliquis,
3268 4478 3325 4526 et.

1791 4568 2072 4627 electivus,
2098 4573 2152 4620 et
2193 4568 2455 4624 naturalis
2498 4568 2792 4623 secundum
2837 4565 3168 4619 latitudinem
3206 4580 3321 4619 mo-

1791 4669 1875 4715 tus
1900 4678 1913 4725 ;
1950 4660 2242 4735 secundum
2273 4672 2429 4730 quem
2461 4675 2579 4713 cum
2609 4659 2676 4713 ab
2702 4672 2897 4713 occasu
2926 4670 3113 4711 versus
3145 4664 3319 4709 ortum

1790 4753 2091 4808 moventur,
2120 4745 2281 4799 simul
2330 4746 2478 4799 illum
2522 4745 2819 4799 latitudinis
2866 4752 3065 4797 motum
3093 4741 3318 4796 faciunt.

1788 4833 1940 4900 Quod
1989 4850 2113 4888 vero
2156 4851 2261 4889 non
2300 4836 2508 4904 possint
2552 4835 2846 4888 secundum
2889 4833 3216 4887 relictionem
3267 4834 3320 4886 in

1789 4923 2168 4991 consequentia
2215 4925 2366 4993 signa
2402 4939 2737 4992 progressum
2778 4922 2973 4984 facere,
3004 4922 3165 4983 etiam
3196 4922 3319 4978 hinc

1788 5022 1871 5068 est
1903 5014 2240 5068 manifestum
2271 5013 2413 5082 quod
2448 5030 2553 5069 non
2579 5021 2935 5087 congruenter
2963 5028 3084 5067 cum
3112 5014 3318 5081 magni-

1791 5104 2094 5166 tudinibus,
2162 5120 2334 5174 neque
2390 5119 2511 5158 cum
2568 5103 2841 5183 distantiis
2893 5091 3318 5183 lii.progr.éssus

1790 5193 1938 5245 ﬁant.
1974 5191 2027 5244 Si
2069 5194 2211 5245 cnim
2254 5205 2467 5262 pr0pter
2514 5177 2905 5260 magnitudines
2929 5177 3211 5259 corporum
3233 5190 3320 5259 jn—

1769 5283 1955 5336 ~l'erius
1984 5292 2347 5345 moverentur,
2372 5298 2494 5336 cum
2526 5282 2754 5335 habeant
2787 5282 3071 5335 tardiorem
3117 5288 3317 5334 motum

1790 5388 1945 5440 quam
1981 5374 2147 5427 stella
2177 5372 2495 5433 inerrantes,
2528 5373 2801 5439 oportebat
2822 5378 3173 5439 congruenter
3196 5385 3319 5422 cum

1789 5462 2247 5531 magnitudinibus
2272 5473 2324 5517 et
2354 5479 2473 5517 cum
2508 5444 2777 5517 distantiis
2816 5463 3117 5516 relictiones
3161 5457 3272 5513 ﬁeri
3304 5476 3319 5525 ;

1790 5553 1890 5606 hoc
1933 5569 2052 5607 cum
2102 5571 2205 5609 non
2240 5554 2351 5619 ﬁat,
2399 5547 2744 5609 necesse'est
2772 5553 2989 5613 dicere,
3022 5552 3316 5605 secundum
