4100 6316
701 365 724 406 τ’
760 367 867 428 8‘27

685 619 694 630 ,
761 572 1122 641 ηιοιυιη..ῐοιιι
1149 584 1292 631 certe
1317 587 1534 648 propter
1556 583 1823 650 propriam
1848 585 2111 656 cujusque
2139 588 2310 657 sphae-

761 679 879 720 ram
911 669 1175 738 contingit
1203 668 1446 726 diversos
1475 675 1587 728 ﬁeri
1621 690 1959 745 progressus.

1282 791 1386 860 27
1417 790 1642 846 CAPUT
1697 793 1786 846 XI.

1178 901 1254 956 De
1282 905 1479 957 ortibus
1515 914 1563 958 et
1605 909 1890 963 occasibus.

831 1009 1062 1068 Mundus
1101 1029 1221 1068 cum
1265 1026 1509 1070 movetur
1555 1019 1622 1073 ab
1650 1030 1771 1074 ortu
1810 1038 1996 1078 versus
2031 1037 2306 1088 occasum,

710 1150 714 1154 .
761 1099 848 1155 die
867 1110 919 1155 et
940 1115 1094 1158 nocte
1116 1106 1417 1160 restituitur
1441 1111 1505 1162 ab
1529 1118 1647 1162 ortu
1670 1127 1856 1166 versus
1877 1123 2051 1166 ortum
2072 1135 2082 1168 :
2102 1116 2153 1167 in
2181 1132 2309 1169 con-

762 1192 1015 1246 versione
1061 1203 1238 1248 autem
1294 1199 1477 1250 mundi
1523 1215 1709 1253 omnes
1746 1203 1914 1254 stella:
1963 1203 2204 1271 quotidie
2259 1198 2311 1256 et

761 1283 1013 1336 oriuntur
1042 1297 1095 1338 et
1143 1287 1423 1342 occidunt.
1459 1289 1523 1342 Et
1558 1299 1712 1344 ortus
1742 1292 1957 1360 quidem
1987 1302 2070 1347 est
2100 1295 2311 1364 appari-

763 1376 837 1426 tio
863 1391 1026 1444 supra
1059 1378 1390 1433 horizontem
1419 1399 1433 1445 ;
1463 1395 1693 1435 occasus
1723 1399 1851 1436 vero
1893 1393 1974 1436 cst
2001 1385 2308 1448 occultatio,

763 1483 881 1534 qua:
926 1471 1169 1536 quotidie
1216 1472 1272 1523 lit
1331 1471 1471 1524 infra
1527 1474 1884 1527 horizontem.
1933 1474 2102 1528 Aliter
2132 1485 2309 1529 autem

760 1557 1015 1611 dicuntur
1057 1562 1295 1631 ὲπιτολὴ,
1342 1561 1434 1612 καὶ
1469 1562 1684 1631 κρύψις,
1718 1563 1771 1616 id
1820 1573 1902 1617 est
1930 1562 2212 1635 apparitio,
2257 1573 2310 1620 et

760 1653 1084 1715 occultatio;
1127 1667 1248 1720 qua:
1290 1655 1532 1706 nonnulli
1579 1671 1641 1708 ex
1674 1651 1971 1723 ignorantia
2013 1658 2308 1711 secundum

758 1737 1008 1790 eumdem
1036 1753 1256 1792 sensum
1291 1750 1481 1809 putant
1515 1743 1638 1796 dici.
1672 1743 1764 1796 Est
1791 1757 1968 1798 autem
1992 1761 2184 1814 magna
2207 1746 2310 1800 dif-

762 1828 989 1882 ferentia
1037 1830 1178 1885 inter
1221 1834 1480 1904 ἀνατολήν
1526 1844 1577 1889 et
1617 1837 1886 1906 ἐπιτολήν.
1932 1837 2179 1908 Ἀνατολή
2224 1847 2310 1893 est

2411 1845 2628 1897 ϐἀνουσι
2664 1846 2930 1912 λέγεσθαι.
2957 1847 3180 1915 Μεγάλη
3214 1846 3268 1898 δέ
3297 1851 3409 1899 ἐστι
3441 1847 3664 1914 διαφορὰ
3691 1845 3902 1911 ἀνατολῆς
3987 1851 3992 1854 ’

760 1925 915 1972 crtus
955 1919 1063 1981 ille,
1099 1921 1166 1975 de
1207 1938 1314 1990 quo
1335 1924 1444 1992 jam
1483 1923 1685 1977 dictum
1723 1934 1827 1980 est.
1872 1925 1939 1980 At
1969 1927 2184 1997 ὲπιτολή
2229 1935 2311 1981 est

760 2009 850 2060 illa
897 2008 964 2062 ad
996 2010 1331 2066 horizontem
1374 2015 1659 2083 apparitio,
1692 2031 1811 2084 qua:
1841 2017 2146 2071 desumitur
2188 2031 2310 2070 cum

759 2098 1014 2151 distantia
1051 2113 1081 2152 a
1125 2099 1261 2154 sole.
1298 2100 1494 2154 Eadem
1525 2102 1824 2157 diﬂ‘erentia
1859 2112 1938 2159 est
1969 2106 2105 2158 inter
2133 2106 2308 2169 δύσιν,

762 2185 816 2240 id
857 2192 941 2240 est
980 2202 1255 2251 occasum,
1299 2197 1353 2242 et
1395 2189 1612 2258 κρύψιν,
1646 2191 1700 2244 id
1748 2200 1832 2246 est
1873 2193 2305 2249 occultationem.

759 2277 932 2330 Aliter
963 2278 1106 2330 enim
1144 2278 1344 2331 dicitur
1383 2278 1551 2343 δύσις,
1598 2295 1848 2344 occasus,
1888 2286 1980 2353 qui
2020 2293 2103 2339 est
2135 2288 2310 2356 quoti-

757 2365 920 2418 diana
980 2366 1121 2420 infra
1177 2367 1508 2423 horizontem
1567 2372 1858 2428 occultatio
1907 2395 1919 2428 :
1982 2377 2137 2432 aliter
2183 2395 2311 2434 vero

759 2455 975 2526 κρύψις,
1010 2457 1061 2512 id
1090 2466 1172 2513 est
1204 2461 1496 2516 occultatio
1559 2479 1680 2533 quae
1720 2465 1777 2519 lit
1811 2467 1972 2521 simul
2011 2479 2068 2524 et
2113 2471 2180 2524 ad
2213 2471 2309 2525 ho.

760 2550 1021 2603 rizoutem
1045 2560 1097 2605 et
1122 2551 1188 2605 ad
1210 2553 1401 2610 solem.
1787 2616 1792 2630 θ

829 2639 966 2695 Sunt
1000 2651 1176 2697 autem
1204 2644 1470 2714 cujusque
1495 2647 1664 2702 stellae
1690 2658 1842 2705 ortus
1877 2650 2012 2716 duo;
2045 2653 2136 2706 alii
2165 2654 2308 2708 enim

757 2727 1013 2782 dicuntur
1051 2732 1324 2796 matutini,
1359 2733 1450 2790 alii
1493 2738 1807 2804 vespertini.
1836 2737 2130 2795 Matutinus
2159 2751 2310 2798 ortus

759 2830 862 2885 est,
894 2836 1016 2874 cum
1057 2823 1217 2878 simul
1249 2840 1372 2878 cum
1409 2812 1526 2882 sole
1567 2829 1777 2883 oriente
1810 2831 1964 2884 stella
1994 2833 2173 2902 aliqua
2203 2835 2311 2887 ori-

760 2922 871 2976 tur,
903 2921 1093 2984 estque
1120 2915 1306 2969 eodem
1336 2924 1577 2988 tempore
1616 2919 1670 2973 in
1703 2921 2002 2976 horizonte.
2036 2922 2310 2994 Vesperti-

761 3017 866 3056 nus
899 3010 1052 3056 ortus
1075 3012 1179 3068 est,
1211 3020 1334 3060 cum
1370 3007 1486 3060 sole
1516 3006 1802 3064 occidente
1833 3012 2006 3064 oritur
2033 3013 2188 3068 stella
2212 3015 2312 3068 ali-

736 3109 868 3165 qua
898 3093 1061 3150 simul
1089 3095 1143 3149 in
1181 3097 1464 3152 lio'rizonte
1488 3099 1804 3155 constituta.

830 3270 1212 3327 Matutinorum
1245 3282 1300 3328 et
1330 3276 1759 3345 vespertinorum
1796 3287 2012 3333 ortuum
2038 3284 2155 3336 duae
2185 3295 2312 3339 sunt

759 3364 1099 3419 diﬂ‘erentiae.
1155 3365 1260 3418 Alii
1305 3368 1450 3420 enim
1489 3383 1678 3422 eorum
1709 3371 1840 3438 ‘veri
1880 3373 2171 3441 dicuntur;
2219 3375 2310 3431 alii

759 3467 1105 3526 apparentes.
1137 3457 1260 3512 Veri
1292 3474 1414 3513 cum
1443 3462 1603 3516 simul
1640 3479 1828 3519 revera
1859 3467 2015 3520 stella
2044 3468 2224 3538 aliqua
2255 3472 2311 3525 in

759 3550 1044 3605 horizonte
1073 3553 1367 3607 constituta
1395 3555 1589 3620 oritur,
1620 3557 1734 3612 sole
1758 3559 1965 3632 oriente
1993 3580 2007 3614 :
2041 3570 2201 3631 atque
2224 3563 2311 3618 hic

759 3649 937 3707 ortus,
969 3658 1074 3697 non
1109 3643 1322 3698 videtur
1354 3654 1573 3715 prepter
1607 3649 1789 3703 radios
1834 3651 1986 3706 solis.
2022 3651 2080 3707 In
2123 3654 2312 3712 diebus

761 3742 938 3787 autem
965 3739 1204 3803 proxime
1233 3739 1585 3806 sequentibus
1615 3741 1716 3802 sol,
1746 3756 1869 3795 cum
1906 3751 2094 3798 contra
2125 3747 2310 3800 mundi

763 3832 968 3879 motum
1020 3817 1323 3890 moveaﬂir,
1361 3830 1556 3883 transit
1596 3830 1651 3884 in
1691 3836 2118 3903 consequentia;
2159 3839 2309 3894 stella

762 3928 890 3971 vero
928 3923 1139 3970 tantum
1184 3918 1360 3972 oritur
1413 3927 1538 3973 ante
1597 3924 1787 3985 solem,
1828 3932 2090 3992 quantum
2131 3928 2211 3980 sol
2257 3929 2310 3981 in

765 4009 1154 4079 consequentia
1177 4011 1454 4066 transierit
1488 4013 1541 4066 in
1564 4011 1759 4068 diurno
1782 4024 2040 4084 tempore.
2066 4016 2310 4072 Nondum

763 4110 946 4154 tamen
977 4109 1155 4168 potest
1200 4102 1434 4171 spectari
1485 4110 1638 4156 ortus
1686 4105 1853 4171 astri;
1889 4107 2064 4162 adhuc
2102 4109 2246 4163 enim
2281 4125 2311 4162 a

764 4190 880 4245 sole
921 4191 1265 4245 obscuratur.
1304 4190 1514 4246 Rursus
1544 4209 1674 4247 vero
1716 4196 1770 4249 in
1817 4196 1904 4250 die
1942 4199 2183 4266 proxime
2229 4217 2311 4254 se-

761 4281 948 4351 quenti
979 4283 1060 4336 sol
1085 4282 1138 4336 in
1170 4287 1556 4352 consequentia
1582 4288 1825 4352 transiit;
1860 4290 2015 4343 stella
2039 4306 2167 4345 vero
2202 4300 2316 4346 tan-

763 4383 877 4429 tum
912 4375 1086 4428 oritur
1117 4382 1244 4429 ante
1273 4375 1460 4437 solem,
1486 4386 1745 4446 quantum
1777 4378 1857 4430 sol
1882 4379 1936 4431 in
1959 4380 2169 4436 duobus
2201 4381 2315 4436 die-

1773 379 2114 452 APPENDIX
2145 378 2232 432 AD
2273 377 2540 435 EUSEBII
2577 383 2982 442 cunomcou.
3811 387 3881 441 sis
3937 363 3942 366 ’

762 492 1012 537 naturam
1061 500 1182 543 esse
1233 490 1539 544 errantibus
1570 492 1742 546 stellis
1788 497 2120 548 contrarium
2159 496 2305 548 illum

2387 473 2588 548 ’ποιίαν
2617 497 2899 570 διαφόρους
2951 497 3253 569 συμϐέϐηκε
3297 497 3393 561 τάς
3445 497 3744 568 μεταϐάσεις
3779 498 3882 565 riva-

2413 584 2552 639 σθαι.

2919 809 3306 861 κεφΑΑΑιοΝ
3339 809 3438 875 lA’.

2717 891 2872 987 ’Περὶ
2903 919 3209 974 ἀνατολῶν
3235 922 3328 972 καὶ
3361 918 3616 987 δυσμῶν.

2490 1034 2548 1083 '0
2588 1027 2807 1100 κόσμος,
2853 1033 3172 1102 κινούμενος
3215 1036 3309 1087 ἀπ’
3352 1033 3607 1102 ἀνατολῆς
3647 1031 3732 1084 ἐπὶ
3763 1031 3889 1090 δύσιν,
3955 1033 3970 1102 έ

2411 1123 2590 1192 ἡμέρᾳ
2634 1125 2726 1175 καὶ
2765 1125 2919 1175 νυκτὶ
2967 1125 3390 1177 ἀποκαθίσταται
3436 1125 3527 1175 ἀπ’
3574 1121 3805 1189 ἀνατολῆς
3830 1123 3890 1170 ἐπ’

2410 1213 2690 1282 ἀνατολήν.
2733 1215 2818 1267 Ἐν
2842 1214 2895 1265 δὲ
2932 1218 2996 1284 τῇ
3031 1215 3121 1268 τοῦ
3159 1217 3359 1284 κόσμου
3394 1217 3711 1286 περιστροφῇ
3741 1215 3892 1272 πάντες

2409 1306 2458 1355 ol
2491 1307 2712 1372 ἀστέρες
2742 1305 2860 1356 καθ’
2884 1305 3113 1374 ἑκάστην
3133 1308 3340 1378 ἡμέραν
3371 1310 3463 1358 καὶ
3492 1306 3806 1358 ἀνατέλλουσι
3827 1308 3892 1355 καὶ

2409 1392 2638 1446 δύνουσι.
2677 1394 2782 1444 Καὶ
2807 1394 2950 1445 ἔστιν
2979 1381 3204 1464 ἀνατολὴ
3235 1397 3328 1464 μὲν
3361 1396 3393 1464 ἡ
3427 1395 3544 1448 καθ’
3565 1395 3777 1461 ἑκάστην
3801 1393 3897 1461 ἡμέ-

2412 1499 2510 1551 Ραν
2554 1484 2807 1552 γινομένη
2846 1475 2978 1554 πρὸς
3006 1485 3096 1537 τὸν
3137 1486 3379 1557 ὁρίζοντα
3428 1487 3586 1553 φάσις
3614 1485 3655 1519 ⁵³
3673 1503 3684 1514 ·
3710 1485 3833 1544 δύσις
3856 1483 3898 1532 δὲ

2407 1575 2439 1639 ἡ
2475 1571 2592 1644 καθ’
2623 1572 2852 1640 ὲκάστην
2897 1572 3104 1644 ἡμέραν
3146 1575 3397 1644 γινομένη
3431 1574 3534 1626 ὑπὸ
3580 1574 3664 1625 τὸν
3701 1571 3898 1642 ὁρίζοντα

2410 1641 2621 1731 κρυψις.
2657 1662 2864 1725 ’Λλλως
2911 1663 2967 1716 δὲ
3008 1641 3279 1731 λέγονταιή
3303 1641 3543 1716 ὲπίτολαὶ
3584 1665 3671 1716 καί
3699 1662 3897 1730 κρύψεις.

2407 1751 2472 1813 ἃς
2497 1753 2625 1804 ἔνιοι
2645 1754 2964 1819 ἀγνοοῦντες
2997 1754 3134 1806 κατά
3156 1753 3252 1823 τὴν
3281 1753 3446 1823 αὐτὴν
3480 1754 3676 1806 ἔννοιαν
3703 1751 3898 1819 ὑπολαμ-

2411 1936 2503 1990 καὶ
2546 1937 2815 2004 ὲπιτολῆς.
2863 1938 3115 2007 Ἀνατολὴ
3163 1937 3258 2006 μὲν
3302 1938 3409 2008 γάρ
3449 1941 3652 2008 ἐστινὴ
3693 1953 3904 2009 προειρη·
3975 1991 3978 1994 .

2412 2027 2542 2096 μένη
2565 2044 2577 2057 ·
2613 2029 2827 2096 επιτολὴ
2848 2028 2903 2080 δὲ
2932 2029 2964 2097 ἡ
2987 2028 3237 2098 γινομένη
3268 2029 3401 2099 πρὸς
3422 2030 3512 2082 τὸν
3537 2029 3761 2099 ὁρίζοντα
3780 2027 3906 2095 φάσις

2413 2113 2550 2184 μετά
2581 2116 2680 2183 τῆς
2725 2116 2859 2186 πρὸς
2889 2116 2976 2169 τὸν
3008 2116 3155 2187 ἣλιον
3189 2119 3538 2182 ἀποστάσεως
3582 2117 3905 2187 ἀπολαμϐανο-

2387 2203 2566 2272 κμένη.
2612 2205 2668 2257 Ὀ
2695 2204 2750 2256 δὲ
2774 2206 2930 2268 αὐτὸς
2957 2206 3109 2275 λόγος
3137 2208 3229 2261 καὶ
3256 2210 3345 2260 ὲπὶ
3373 2209 3470 2278 τῆς
3491 2208 3704 2270 δύσεως,
3737 2209 3816 2260 καὶ
3837 2209 3908 2258 ἐπὶ

2408 2293 2506 2362 τῆς
2533 2295 2799 2365 κρύψεως.
2839 2297 3042 2360 ’Δλλως
3079 2300 3180 2366 μὲν.
3205 2298 3311 2369 γὰρ
3345 2299 3561 2366 λέγεται
3589 2298 3730 2361 δύσις
3757 2300 3785 2367 ἡ
3813 2297 3908 2350 καθ’

2409 2385 2642 2454 ἑκάστην
2669 2388 2882 2456 ἡμέραν
2916 2389 3170 2458 γινομένη
3204 2390 3304 2441 ὑπὸ
3334 2390 3426 2442 τὸν
3463 2390 3700 2459 ὁρίζοντα
3729 2388 3907 2460 κρύψις.

2408 2477 2580 2541 aitwa
2611 2479 2665 2532 δὲ
2695 2482 2726 2550 ἡ
2760 2483 3011 2553 γινομένη
3044 2482 3237 2552 κρύψις
3278 2482 3411 2552 πρὸς
3439 2482 3532 2534 τὸν
3562 2480 3791 2550 ὁρίζοντα
3822 2479 3911 2548 ἅμα

2409 2574 2502 2625 καὶ
2525 2573 2614 2625 τὸν
2639 2573 2804 2642 ἥλιον.

2480 2665 2598 2717 Εἰσὶ
2630 2665 2685 2717 δὲ
2729 2665 2857 2735 περὶ
2894 2665 3119 2717 ἕκαστον
3142 2663 3248 2716 τῶν
3285 2665 3526 2735 ἀστέρων
3563 2663 3785 2717 ὲπιτολαὶ
3811 2661 3910 2712 δύο·

2409 2756 2463 2806 αί
2495 2755 2589 2824 μὲν
2621 2753 2724 2825 γὰρ
2769 2755 2943 2806 αὐτῶν
2971 2755 3213 2822 λέγονται
3245 2755 3482 2820 έωθιναὶ,
3509 2757 3564 2808 al
3597 2755 3650 2807 δὲ
3683 2753 3913 2831 ἑσπέριαι.

2410 2845 2516 2898 Καί
2549 2848 2694 2898 ἐστιν
2717 2844 2825 2914 ἑῴα
2859 2847 2953 2915 μὲν
2992 2848 3230 2919 ὲπιτολὴ,
3260 2849 3384 2902 ὅταν
3415 2850 3531 2919 ἅμα
3569 2848 3641 2917 τῷ
3666 2848 3788 2917 ἡλίῳ
3813 2846 3919 2898 ἀνα-

2409 2936 2638 2990 τέλλοντι
2674 2938 3026 3009 συνανατέλλῃ
3051 2957 3134 3002 τις
3159 2941 3347 3011 ἀστὴρ,
3377 2923 3518 3000 κατὰ
3535 2941 3622 2992 τὸν
3648 2939 3794 3001 αὑτὸν
3816 2935 3918 3008 χρό-

2408 3045 2496 3081 νον
2534 3030 2812 3099 γινόμενος
2850 3029 2942 3082 ὲπὶ
2973 3029 3064 3082 τοῦ
3115 3029 3384 3100 ὁρίζοντος
3409 3047 3422 3059 ο
3474 3028 3696 3099 ἐσπερία
3729 3026 3769 3078 δ’
3799 3027 3919 3078 ἐστὶν

3914 69 4022 2346 Ἄ

2323 3156 2377 3193 ,η
2411 3121 2649 3193 ὲπιτολὴ,
2674 3123 2800 3174 ὅταν
2828 3120 2918 3174 τοῦ
2945 3121 3094 3189 ἡλίου
3130 3119 3372 3182 δύνοντος
3400 3118 3649 3190 ὲπιτέλλῃ
3674 3135 3752 3182 τις
3775 3116 3920 3186 ἀστὴρ

2413 3209 2527 3278 ἅμα
2554 3210 2691 3262 κατά
2713 3198 2809 3261 τὸν
2827 3209 3072 3280 ὁρίζοντα
3091 3197 3399 3278 γενόμενος.

2480 3300 2596 3352 Τῶν
2625 3300 2679 3353 δὲ
2707 3300 2854 3370 έῴων
2886 3301 2978 3354 καὶ
3005 3300 3111 3353 τῶν
3140 3302 3407 3373 ἑσπερίων
3431 3299 3685 3354 ὲπιτολῶν
3705 3297 3922 3368 διαφοραί

2411 3398 2512 3448 είσι
2540 3393 2650 3446 δύο.
2685 3395 2750 3444 At
2784 3395 2879 3464 μὲν
2907 3393 3014 3464 γάρ
3047 3391 3222 3465 αὐτῶν
3254 3393 3499 3462 ἀληθιναὶ
3530 3391 3783 3460 λέγονται,
3813 3391 3860 3444 ai
3880 3387 3926 3441 δὲ

2411 3486 2762 3555 φαινόμεναι’
2800 3485 3046 3555 ἀληθιναὶ
3084 3485 3201 3554 μὲν,
3238 3485 3365 3537 ὅταν
3399 3483 3514 3554 ἅμα
3550 3486 3666 3538 κατ’
3703 3481 3925 3553 ἀλήθειαν

2411 3577 2503 3629 ἐπὶ
2532 3576 2623 3629 τοῦ
2663 3576 2928 3646 ὁρίζοντος
2964 3575 3251 3644 γενόμενος
3284 3574 3658 3638 ἀνατέλλοντος
3681 3572 3770 3625 τοῦ
3799 3570 3925 3642 ἡλίου

2411 3667 2766 3737 πνανατέλλῃ
2788 3683 2870 3729 τις
2899 3667 3101 3737 ἁστὴρ’
3144 3665 3279 3734 αὕτη
3317 3666 3374 3718 δὲ
3396 3666 3429 3734 ἡ
3461 3664 3676 3735 ὲπιτολὴ
3711 3660 3928 3731 ἀθεώρη-

2409 3773 2499 3818 τος
2525 3755 2726 3822 γίνεται
2753 3754 2840 3806 διὰ
2864 3753 2962 3816 τὰς
2988 3753 3158 3821 αὐγάς
3186 3753 3279 3806 τοῦ
3309 3753 3478 3823 ἡλίου.
3519 3754 3608 3806 Ἐν
3630 3753 3683 3806 δὲ
3701 3755 3815 3814 ταῖς
3836 3753 3930 3820 ὲχο-

2414 3849 2600 3916 μέναις
2625 3845 2854 3917 ἡμέραις
2887 3847 2914 3898 ὁ
2947 3845 3044 3914 μὲν
3071 3844 3240 3912 ¹ἥλιος,
3269 3845 3598 3907 ὑπεναντίως
3630 3843 3930 3915 κινούμενος,

2411 3940 2489 3999 είς
2510 3937 2577 3989 τά
2604 3937 2840 4006 ἑπόμενα
2872 3933 3179 4005 μεταϐαίνει
3195 3950 3208 3964 ⁸
3229 3935 3258 3986 6
3280 3933 3336 3986 δὲ
3363 3935 3537 4006 ἀστὴρ
3559 3936 3798 3989 τοσοῦτον
3819 3951 3930 4005 προ-

2411 4027 2683 4080 ανατέλλει
2727 4026 2818 4079 τοῦ
2855 4025 3027 4096 ἡλίου,
3061 4025 3256 4078 ὁπόσον
3278 4026 3307 4076 6
3332 4025 3480 4095 ἥλιος
3514 4029 3594 4092 είς
3624 4028 3692 4080 τά
3721 4025 3932 4096 ἑπόμενα

2414 4117 2618 4188 μεταϐῇ
2667 4120 2724 4170 ὲν
2754 4116 2831 4185 τῷ
2870 4115 3155 4186 ἡμερησίῳ
3186 4116 3379 4186 χρόνῳ.
3415 4115 3580 4170 Οὔπω
3609 4119 3782 4188 μέντοι
3800 4116 3934 4168 δύνα-

2410 4225 2497 4261 ται
2520 4208 2856 4280 θεωρηθῆναι
2888 4208 2920 4276 ἡ
2954 4205 3045 4258 τοῦ
3071 4207 3264 4277 ἄστρου
3296 4201 3512 4277 ἒπιτολή
3532 4226 3545 4240 ο
3575 4208 3727 4261 ἔτιδὲ
3762 4224 3935 4260 καταυ-

2412 4303 2583 4368 γείται
2641 4302 2743 4353 ὑπὸ
2783 4299 2877 4352 τοῦ
2921 4299 3089 4370 ἡλίου.
3118 4299 3283 4353 Πάλιν
3326 4299 3382 4352 δὲ
3413 4302 3470 4352 ὲν
3501 4299 3599 4370 μὲν
3637 4303 3701 4370 τῇ
3730 4297 3936 4370 ἐχομένῃ

2414 4393 2594 4462 ἡμέρα
2612 4392 2640 4443 6
2665 4392 2762 4460 μὲν
2789 4391 2937 4460 ἣλιος
2956 4393 3034 4454 είς
3052 4390 3119 4444 τὰ
3140 4391 3380 4463 ἑπόμενα.
3401 4390 3596 4462 μετέϐη
3617 4406 3632 4421 °
3659 4393 3688 4443 6
3703 4391 3759 4444 δὲ
3784 4389 3936 4457 ἀστὴρ

762 4469 865 4524 bus
895 4483 1214 4539 progressus
1255 4468 1377 4522 fuit.
1409 4468 1465 4522 In
1496 4469 1690 4523 diebus
1722 4469 1916 4525 deinde
1944 4474 2200 4528 continuo
2224 4490 2311 4530 se-

2411 4483 2661 4536 τοσοῦτον
2684 4483 3068 4553 προανατέλλει
3089 4482 3182 4536 τοῦ
3209 4483 3380 4554 ἡλίου,
3401 4482 3521 4536 ὅσον
3552 4483 3580 4534 6
3598 4483 3742 4554 ἥλιος
3761 4485 3815 4535 ὲν
3835 4482 3937 4542 ταῖς

762 4561 1053 4630 quentibus
1074 4561 1227 4616 stella
1251 4575 1464 4630 semper
1493 4564 1663 4632 magis
1689 4561 1970 4633 magisque
1999 4567 2312 4635 tempestive

763 4662 887 4706 ante
917 4651 1086 4706 solem
1125 4650 1330 4716 oriens,
1365 4667 1488 4706 cum
1529 4660 1738 4706 tantum
1774 4663 2004 4723 przeorta
2035 4655 2220 4723 fuerit,
2253 4667 2312 4713 ut

763 4742 898 4796 astri
924 4751 1078 4797 ortus
1121 4751 1413 4810 spectetur,
1442 4758 1565 4797 cum
1599 4733 1772 4812 ipsum
1812 4745 1991 4800 radios
2023 4747 2153 4802 solis
2180 4749 2314 4803 ellu-

764 4835 919 4904 gerit,
956 4843 1084 4889 tunc
1113 4834 1313 4888 dicitur
1354 4837 1507 4890 stella
1539 4836 1654 4891 haac
1693 4841 2016 4893 matutinum
2047 4855 2313 4910 appareno

765 4937 872 4980 tem
904 4934 1080 4980 ortum
1114 4925 1312 4982 facere.
1353 4927 1523 4992 Quam
1552 4929 1620 4983 ob
1648 4945 1865 4984 causam
1891 4933 2051 4986 etiam
2079 4934 2131 4985 in
2160 4935 2314 4988 tabu-

767 5019 834 5071 lis
881 5026 1200 5086 apparentes
1248 5030 1516 5074 astrorum
1558 5029 1710 5077 ortus
1753 5023 2148 5092 praedicuntur;
2189 5042 2311 5080 nam

764 5111 882 5164 veri
925 5117 1080 5163 ortus
1121 5119 1248 5165 sunt
1294 5112 1610 5175 invisibiles,
1659 5122 1821 5182 atque
1869 5115 2312 5172 inobservabiles.

764 5205 833 5256 At
867 5213 1187 5273 apparentes
1219 5211 1392 5264 ortus,
1425 5212 1478 5258 et
1518 5205 1902 5274 przedicuntur,
1934 5220 1987 5261 et
2019 5210 2312 5264 observan-

763 5303 872 5348 tur.
900 5294 1096 5349 Eadem
1125 5310 1315 5348 rursus
1335 5296 1495 5349 etiam
1525 5303 1608 5350 est
1633 5297 1772 5350 ratio
1798 5299 1850 5350 in
1883 5302 2198 5368 VCSpertinis
2228 5315 2317 5354 or-

764 5386 929 5439 tibus.
964 5383 1171 5438 Etenim
1203 5382 1392 5436 horum
1418 5385 1536 5438 dua:
1565 5393 1692 5439 sunt
1724 5386 2036 5441 diﬂ‘erentia!
2071 5409 2081 5442 :
2123 5391 2313 5444 horum

762 5475 908 5528 enim
935 5475 1026 5528 alii
1058 5474 1317 5529 dicuntur
1350 5475 1482 5538 veri,
1536 5477 1625 5530 alii
1665 5487 2008 5546 apparentes.
2044 5479 2165 5535 Veri
2195 5481 2316 5549 qui-

766 5564 908 5628 dem,
948 5578 1070 5618 cum
1115 5563 1275 5620 simul
1321 5580 1466 5629 vere,
1501 5566 1797 5621 secundum
1836 5570 2211 5637 przecisionem
2238 5587 2318 5624 ra-

857 5741 902 5773 δε
927 5759 1011 5811 γρ,
1054 5744 1243 5813 semp
1273 5744 1358 5797 τὸν
1391 5744 1635 5814 ὁρίζοντα
1683 5746 2000 5818 φανίρωνς·

2411 4574 2560 4626 δυσὶν
2607 4574 2836 4643 ἡμέραις
2893 4573 3237 4645 μετεκινήθη.
3294 4574 3384 4627 Ἐν
3428 4574 3485 4628 δὲ
3527 4576 3644 4639 ταῖς
3683 4573 3939 4645 ἐχομέναις

2413 4664 2644 4735 ἡμέραις
2669 4664 2755 4718 ἀεὶ
2782 4663 2876 4717 τοῦ
2902 4665 3128 4734 ἀστέρος
3152 4665 3475 4734 ένωρότερον
3514 4665 3707 4736 μᾶλλον
3745 4664 3833 4718 καὶ
3872 4664 3940 4714 ἐν·

2412 4757 2579 4826 ωρότε
2589 4772 2676 4825 ρον
2699 4755 3200 4826 προανατέλλοντος,
3231 4753 3356 4806 ὅταν
3378 4753 3625 4808 τοσοῦτον
3640 4749 3940 4824 προανατέλο

2413 4846 2499 4915 λη,
2525 4845 2662 4898 ὥστε
2683 4844 3017 4916 θεωρηθῆναι
3037 4845 3134 4914 τὴν
3161 4843 3254 4896 τοῦ
3284 4842 3480 4915 ἄστρου
3509 4845 3774 4916 ἐπιτολὴν,
3800 4845 3940 4894 ἐκπι-

2416 4936 2670 5004 φευγότος
2699 4936 2862 4990 αὑτοῦ
2913 4935 3009 4998 τὰς
3041 4935 3210 5003 αὐγὰς
3235 4935 3326 4989 τοῦ
3345 4935 3532 5006 ἡλίου,
3560 4936 3678 4990 τότε
3706 4931 3940 5002 λέγεταιό

2416 5029 2586 5100 ἀστὴρ
2617 5024 2768 5092 οὗτος
2811 5029 2947 5098 έῲαν
2977 5028 3300 5099 φαινομένην
3330 5029 3577 5100 ἐπιτολὴν
3615 5025 3939 5096 πεποιῆσθαι.

2416 5122 2488 5170 Δι’
2509 5122 2573 5190 ἢν
2591 5121 2763 5173 αἰτίαν
2780 5121 2871 5172 καὶ
2893 5122 2948 5171 ὲν
2975 5122 3084 5183 τοῖς
3101 5118 3438 5190 ψηφίσμασιν
3451 5121 3509 5172 al
3531 5119 3837 5189 φαινόμεναι
3850 5115 3941 5168 τῶν

2415 5211 2625 5281 ἄστρων
2651 5210 2890 5263 ἐπιτολαὶ
2913 5211 3281 5280 προλέγονται,
3300 5212 3395 5264 καὶ
3416 5209 3859 5283 παρατηροῦνται.
3891 5208 3940 5256 '0

2415 5305 2469 5357 δὲ
2485 5305 2641 5366 αὐτὸς
2670 5304 2822 5370 λόγος
2850 5304 2942 5356 καὶ
2967 5305 3183 5357 ἐπὶτῶν
3215 5302 3481 5374 ἑσπερίων
3497 5303 3750 5356 ὲπιτολῶν
3783 5301 3938 5354 πάλιν.

2417 5397 2523 5448 Καὶ
2547 5395 2653 5464 γὰρ
2675 5393 2875 5446 τούτων
2906 5395 3154 5463 διαφοραί
3179 5397 3282 5447 είσι
3305 5393 3396 5448 δύο
3414 5411 3427 5424 ·
3454 5396 3509 5448 αί
3540 5395 3636 5465 μὲν
3661 5395 3766 5466 γὰρ
3785 5389 3938 5447 αὐτῶν

2417 5485 2663 5555 ἀληθιναὶ
2693 5483 2955 5551 λέγονται,
2988 5488 3042 5538 al
3083 5484 3139 5536 δὲ
3174 5483 3523 5553 φαινόμεναι·
3562 5483 3806 5554 ἀληθιναὶ
3838 5481 3937 5550 μὶν.

2417 5575 2472 5625 ὅτ
2483 5591 2546 5625 αν
2565 5573 2678 5643 ἆμα
2701 5574 2817 5625 κατ’
2839 5572 3108 5644 ἀλήθειαν,
3130 5570 3225 5624 τοῦ
3254 5571 3402 5642 ἡλίου
3426 5571 3687 5636 δύνοντος,
3724 5565 3946 5639 Emungi
