4042 6330
149 445 253 501 829

1162 444 1396 499 GEMINI
1436 434 1800 499 ELEMENTA
1839 442 2318 504 ASTRONOMIE.

3214 455 3323 515 830

145 584 233 631 τις
253 566 439 635 ἀστὴρ.
466 564 577 635 ἃμα
608 566 879 635 γινόμενος
911 565 1002 617 ἐπὶ
1028 565 1117 618 τοῦ
1147 566 1414 636 ὁρίζοντος
1438 566 1569 634 πρὸς
1588 564 1683 633 τὴν

1790 565 1967 630 tionis,
1998 570 2151 625 stella
2182 571 2359 639 aliqua
2394 560 2444 622 in
2496 572 2770 626 liorizonte
2814 574 3101 627 constituta
3133 576 3320 639 oritur,

150 660 291 714 κατὰ
315 658 403 710 τὸν
433 657 585 723 λόγον
624 656 917 727 ἀκρίϐειαν.
950 658 1057 710 Καὶ
1082 650 1237 710 αὗται
1268 657 1323 708 δὲ
1358 658 1413 709 αἱ
1450 656 1683 709 ἐπιτολαὶ

148 750 440 820 ἀθεώρητοι
469 750 701 815 γίνονται
728 748 815 801 διὰ
843 750 939 810 τὰς
981 749 1149 816 αύγάς
1178 749 1269 800 τοῦ
1302 748 1467 817 ἡλίου.
1517 748 1600 797 Ἐν
1628 747 1683 798 δὲ

145 846 268 902 ταῖς
296 841 418 910 ἑξῆς
446 842 674 909 ἡμέραις
696 840 783 892 διὰ
803 840 901 909 τὴν
928 840 1019 891 τοῦ
1040 840 1186 909 ἡλίου
1216 839 1522 909 μετάϐασιν,
1560 855 1681 889 συν-

143 931 461 1003 αιρουμένου
495 931 584 982 τοῦ
626 931 757 1000 πρὸς
787 930 874 981 τὸν
910 930 1107 999 ἀστέρα
1147 931 1518 999 διαστήματος,
1552 946 1681 998 προ-

141 1022 421 1075 ανατέλλει
459 1021 556 1091 μὲν
589 1021 690 1089 πρὸ
728 1020 825 1088 τῆς
847 1020 938 1072 τοῦ
973 1020 1116 1088 ἡλίου
1150 1019 1366 1082 δύσεως,
1399 1019 1475 1070 ἔτι
1508 1019 1560 1069 δὲ
1583 1018 1683 1069 ὑπὸ

139 1113 238 1167 τοῦ
266 1113 411 1182 ἡλίου
455 1113 885 1183 καταυγούμενος
917 1112 1217 1179 ἀθεώρητός
1248 1114 1409 1163 ἐστιν.
1444 1111 1607 1163 Ὂταν
1628 1111 1684 1162 δέ

147 1204 288 1273 μετά
330 1205 425 1273 τὴν
471 1204 563 1256 τοῦ
588 1204 736 1273 ἡλίου
778 1202 924 1255 δύσιν
963 1204 1170 1272 πρῶτος
1206 1200 1551 1269 ἐκπεφευγὼς
1590 1201 1684 1262 τὰς

141 1296 317 1363 αὐγὰς
348 1295 437 1348 τοῦ
472 1295 619 1363 ἡλίου
650 1294 914 1365 θεωρηθῇ,
948 1294 1067 1346 τότε
1108 1294 1316 1359 λέγεται
1360 1291 1686 1360 φαινομένην

140 1388 399 1457 ἐσπερίαν
425 1386 669 1454 ἐπιτολὴν
693 1386 1034 1455 πεποιῆσθαι.
1081 1385 1165 1435 Ἐν
1188 1380 1241 1435 δέ
1267 1387 1382 1445 ταῖς
1408 1384 1685 1451 ἐχομέναις

140 1479 262 1545 νυξὶ
292 1478 681 1549 μετεωρότερος
713 1477 796 1527 ἀεὶ
837 1475 1029 1544 μᾶλλον
1067 1476 1157 1526 καὶ
1188 1474 1380 1543 μᾶλλον
1425 1475 1680 1541 φαίνεται.

225 1567 453 1636 Ὁμοίως
482 1566 537 1617 δὲ
567 1564 657 1617 καὶ
678 1565 783 1617 τῶν
815 1565 1012 1616 δύσεων
1041 1564 1288 1633 διαφοραὶ
1311 1564 1552 1631 λέγονται
1573 1563 1682 1615 δύου

138 1660 196 1712 αἱ
231 1660 329 1728 μὲν
354 1656 661 1728 γὰρεαύτῶν
695 1655 821 1725 ἐῷαί
858 1657 1013 1715 εἰσιν,
1053 1658 1105 1707 αἱ
1138 1655 1191 1706 δὲ
1219 1654 1483 1723 ἑσπέριαι.
1526 1653 1684 1721 Ἐῷαι

143 1752 246 1819 μὲν
267 1746 359 1802 οὖν
383 1736 622 1816 λέγονται
649 1747 845 1809 δύσεις,
875 1746 998 1798 ὅταν
1028 1747 1117 1798 τοῦ
1143 1746 1289 1816 ἡλίου
1317 1746 1685 1807 ἀνατέλλοντος

137 1840 276 1909 δύνῃ
306 1856 386 1901 τις
410 1839 608 1908 ἀστήρ·
637 1838 862 1907 ἑσπερία
902 1836 957 1889 δὲ
990 1837 1137 1898 δύσις
1172 1837 1403 1903 λέγεται,
1434 1837 1558 1888 ὅταν
1593 1834 1685 1886 τοῦ

139 1930 295 1997 ἡλίου
329 1929 568 1990 δύνοντος
599 1929 1067 1999 συγκαταφέρηταί
1099 1945 1179 1988 τις
1222 1927 1390 1997 ἀστὴρ
1416 1928 1529 1997 ἅμα
1547 1926 1689 1994 γινό-

140 2037 307 2090 μενος
359 2019 461 2070 ὑπὸ
504 2020 590 2071 τὸν
622 2021 884 2091 ὁρίζοντα.
919 2023 1040 2073 Elei.
1079 2020 1134 2072 δὲ
1165 2022 1268 2072 τῶν
1311 2020 1456 2089 ἑῴων
1491 2020 1688 2071 δύσεων

136 2112 393 2181 διαφοραὶ
432 2111 541 2166 δύο.
572 2113 634 2164 Δί
661 2111 756 2181 μὲν
782 2113 887 2182 γάρ
920 2115 1051 2165 εἰσιν
1084 2111 1345 2180 ἀληθιναὶ,
1386 2112 1439 2162 αἱ
1478 2111 1533 2162 δέ
1567 2128 1687 2178 φαι-

138 2206 362 2274 νὸμεναι
381 2221 393 2233 ·
419 2204 662 2275 ἀληθιναὶ
689 2204 806 2273 μὲν,
830 2206 952 2257 ὅταν
982 2206 1073 2257 ἐπὶ
1099 2204 1190 2255 τοῦ
1212 2203 1478 2274 ὁρίζοντος
1502 2203 1691 2269 γένων-
1712 2216 1721 2229 ‘

136 2313 228 2347 ται
258 2296 289 2347 ὅ
319 2312 376 2347 τε
412 2294 558 2364 ἥλιος
588 2295 680 2346 καὶ
703 2297 729 2347 6
755 2296 923 2365 ἀστὴρ
942 2295 1123 2346 δύνων.
1150 2289 1315 2347 Αὖται
1340 2295 1394 2345 δὲ
1431 2296 1485 2345 αἱ
1515 2294 1689 2355 δύσεις

137 2386 444 2459 ἀθεώρητοι
476 2387 708 2454 γίνονται
745 2388 830 2440 διὰ
862 2388 957 2450 τὰς
982 2386 1153 2453 αύγάς
1182 2385 1273 2438 τοῦ
1306 2386 1472 2455 ἡλίου.
1500 2386 1686 2437 Φαινο-

141 2479 284 2547 μένη
311 2479 365 2531 δέ
402 2482 546 2531 ἐστιν
570 2479 860 2549 ἐῴαδύσις,
886 2479 1007 2530 ὅταν
1032 2478 1134 2547 πρὸ
1151 2476 1248 2546 τῆς
1268 2476 1359 2527 τοῦ
1388 2475 1535 2545 ἡλίου
1562 2478 1689 2528 ἀνα-

136 2568 305 2636 τολῆς
335 2569 391 2621 τὸ
420 2569 640 2639 ἔσχατον
682 2570 849 2622 δύνων
886 2570 913 2619 ὁ
951 2568 1122 2637 ἀστὴρ
1156 2566 1421 2638 θεωρηθῇ.
1463 2566 1689 2635 Ὁμοίως

138 2659 195 2709 δὲ
230 2659 327 2710 καὶ
355 2660 444 2711 ἐπὶ
468 2661 568 2712 τῶν
599 2660 861 2731 ἐσπερίων
882 2659 1082 2711 δύσεων
1109 2660 1162 2710 αἱ
1184 2656 1429 2727 διαφοραί
1450 2658 1551 2708 είσι
1578 2655 1685 2708 δύο.

139 2749 205 2798 Ai
238 2747 339 2816 μὲν
372 2746 477 2817 γὰρ
504 2748 679 2800 αὐτῶν
717 2751 849 2801 εἰσιν
874 2748 1137 2817 ἀληθιναὶ,
1176 2749 1230 2799 αἱ
1257 2747 1311 2799 δὲ
1340 2746 1648 2815 ’.βαινόμεναι
1670 2761 1683 2773 ·

137 2838 416 2908 ἀληθιναὶ,
454 2839 578 2891 ὅταν
608 2840 1031 2910 ἀπαραλλάκτως
1060 2840 1149 2891 ἐπὶ
1186 2839 1278 2891 τοῦ
1302 2838 1567 2907 ὁρίζοντος
1595 2836 1687 2903 γέ-

139 2948 302 3000 νηται
321 2934 347 2983 6
377 2932 523 3000 ἥλιος
550 2932 639 2983 καὶ
662 2933 688 2983 ό
710 2932 880 3001 ἀστὴρ
902 2932 1194 3003 ἀμφότεροι
1222 2931 1459 2992 δύνοντες
1479 2946 1490 2957 ·
1517 2928 1686 2981 ἀθεώ-

143 3021 302 3094 ρητοι
328 3024 381 3076 δὲ
413 3027 500 3076 καὶ
536 3017 690 3076 αὗται
718 3026 770 3076 αἱ
802 3023 976 3085 δύσεις
1012 3023 1245 3090 γίνονται
1276 3022 1359 3074 διὰ
1388 3020 1484 3083 τὰς
1519 3020 1688 3087 αύγάς

138 3114 237 3167 τοῦ
279 3115 457 3183 ἡλίου·
493 3116 805 3185 φαινόμεναι
837 3115 890 3166 δέ
914 3116 1045 3166 εἰσιν
1070 3113 1314 3182 ἑσπέριαι
1344 3113 1539 3174 δύσεις,
1563 3114 1688 3164 ὅταν

1720 1884 1760 1938 Β

1786 659 1901 711 sole
1934 661 2231 714 oecidente.
2265 662 2438 729 Atque
2466 662 2517 714 lii
2552 673 2705 717 ortus
2739 671 2863 717 sunt
2892 664 3178 718 invisibiles
3200 678 3321 732 pro-
3412 706 3417 711 .

1785 756 1902 814 pter
1929 748 2110 802 radios
2151 750 2301 802 solis.
2332 748 2386 800 In
2417 750 2607 804 diebus
2644 766 2772 802 vero
2801 750 3169 818 sequentibus,
3199 765 3317 801 eum

1787 848 2003 905 propter
2031 839 2161 891 solis
2186 854 2531 906 progressum
2562 842 2817 893 distantia
2847 842 3021 907 ejus‘a
3048 841 3199 893 stella
3230 841 3323 891 mi.

1785 937 2001 994 nuntur,
2053 930 2207 982 stella
2245 930 2458 997 quidem
2504 931 2677 983 oritur
2724 940 2847 984 ante
2890 926 3019 984 solis
3048 945 3319 993 occasum,

1787 1019 1958 1071 adhuc
1986 1028 2163 1072 tamen
2196 1017 2225 1071 ὁ
2251 1020 2362 1073 sole
2392 1020 2679 1073 obscurata
2718 1020 3002 1075 invisibilis
3052 1029 3168 1076 est:
3201 1034 3321 1072 cum

1786 1124 1911 1161 vero
1953 1118 2072 1176 post
2111 1111 2241 1163 solis
2276 1125 2524 1164 occasum
2567 1112 2797 1178 primum
2829 1119 3118 1178 conspecta
3162 1109 3324 1179 fuerit

1786 1197 2036 1266 effugisse
2072 1202 2251 1254 radios
2282 1202 2433 1265 solis,
2466 1209 2592 1254 tunc
2628 1202 2829 1254 dicitur
2856 1210 3195 1270 apparentem
3230 1217 3322 1254 ve—

1787 1286 2085 1352 spertinum
2131 1296 2303 1339 ortum
2350 1288 2543 1342 facere.
2574 1292 2632 1340 in
2676 1292 3021 1357 sequentibus
3068 1306 3194 1343 vero
3224 1304 3322 1343 no—

1786 1376 1962 1429 ctibus
2011 1392 2218 1446 semper
2255 1380 2425 1447 magis
2465 1382 2739 1450 magisque
2785 1382 3028 1434 sublimis
3078 1387 3320 1450 apparet.

1857 1576 2115 1631 Similiter
2144 1578 2304 1632 etiam
2339 1594 2625 1633 occasuum
2657 1580 2774 1633 duae
2801 1580 3048 1632 dicuntur
3076 1578 3322 1633 dill‘eren-

1788 1669 1903 1721 tiae:
1939 1670 2128 1722 borum
2157 1671 2298 1723 enim
2326 1672 2416 1723 alii
2448 1679 2574 1724 sunt
2603 1671 2868 1735 matutini,
2898 1672 2985 1723 alii
3010 1670 3319 1739 vespertini,

1787 1760 2034 1812 matutini
2069 1775 2297 1815 occasus
2332 1763 2605 1825 dicuntur,
2644 1779 2762 1815 cum
2800 1764 2913 1817 sole
2952 1761 3154 1816 oriente
3179 1762 3324 1814 occi—

1787 1849 1864 1901 dit
1897 1850 2048 1902 stella
2082 1851 2279 1918 aliqua.
2315 1849 2521 1929 Dicitur
2552 1854 2888 1920 vespertinus
2920 1867 3164 1915 occasus,
3198 1865 3323 1903 cuin

1790 1941 1901 1992 sole
1950 1941 2229 1994 occidente
2280 1942 2439 1995 simul
2485 1943 2662 2011 aliqua
2708 1944 2858 1996 stella
2907 1941 3147 1996 defertur
3184 1939 3325 1995 infra

1788 2028 2136 2081 horizontem.
2194 2028 2330 2083 Sunt
2370 2039 2545 2083 autem
2600 2032 2982 2085 matutinorum
3033 2046 3322 2085 occasuum

1788 2118 2101 2172 differentia:
2142 2119 2276 2172 duae.
2311 2120 2412 2172 Alii
2447 2120 2586 2175 enim
2618 2132 2744 2175 sunt
2783 2122 2918 2182 veri,
2950 2121 3037 2173 alii
3067 2135 3324 2189 apparen-

1788 2218 1868 2263 tes
1896 2227 1909 2262 ε
1935 2211 2046 2262 veri
2079 2210 2315 2278 quidem.
2348 2210 2468 2262 eum
2515 2211 2672 2264 simul
2713 2211 2765 2264 in
2800 2210 3077 2264 borizonte
3120 2209 3324 2265 consti-

1787 2301 1887 2353 tuti
1933 2300 2127 2355 tuerint
2166 2311 2218 2355 et
2265 2303 2342 2355 sol
2386 2310 2453 2363 et
2504 2303 2693 2368 stella;
2742 2303 2821 2356 sol
2867 2301 3079 2370 quidem
3119 2301 3317 2365 oriens,

1787 2392 1938 2445 stella
1970 2408 2096 2445 vero
2135 2392 2408 2447 occidens.
2445 2393 2508 2447 lli
2553 2401 2728 2447 autem
2759 2409 2985 2448 occasus
3028 2392 3323 2447 invisibiles

1788 2489 1915 2535 sunt
1946 2490 2162 2551 prepter
2183 2482 2361 2537 radios
2387 2483 2551 2548 solis;
2581 2498 2844 2552 apparens
2880 2498 3006 2537 vero
3028 2483 3324 2535 matutinus

1787 2587 2014 2627 occasus
2055 2581 2157 2635 est,
2190 2588 2309 2626 cum
2339 2581 2475 2625 ante.
2499 2575 2629 2627 solis
2658 2584 2831 2626 ortum
2862 2581 3132 2642 postremo
3170 2573 3325 2639 stella

1788 2670 2065 2729 spectatur
2098 2663 2365 2717 occidere.
2403 2661 2659 2716 Similiter
2706 2663 2863 2715 etiam
2914 2662 2969 2714 in
3006 2662 3324 2730 vespertinis

1789 2754 2074 2807 occasibus
2116 2752 2235 2807 dure
2268 2761 2395 2807 sunt
2425 2752 2759 2806 dill‘erentiaz.
2803 2752 2906 2805 Alii
2948 2750 3089 2805 enim
3135 2765 3320 2805 eorum

1790 2852 1915 2897 sunt
1951 2845 2080 2907 veri,
2116 2846 2204 2898 alii
2231 2852 2569 2914 apparentes.
2600 2842 2723 2897 Veri
2753 2842 2987 2911 quidem,
3018 2856 3140 2896 cum
3166 2839 3324 2893 ambo

1788 2937 2005 3003 penitus
2052 2937 2103 2989 in
2147 2937 2425 2990 horizonte
2466 2934 2747 2989 constituti
2785 2934 3005 2995 fuerint,
3054 2938 3108 2984 et
3155 2930 3235 2983 sol
3270 2937 3325 2983 et

1789 3027 1942 3081 stella
1974 3027 2131 3080 ambo
2164 3026 2491 3080 occidentes.
2531 3024 2835 3079 lnvisibiles
2864 3030 2989 3077 sunt
3015 3029 3067 3075 et
3089 3020 3141 3074 hi
3174 3034 3327 3073 occa-

1790 3132 1883 3171 sus
1915 3125 2129 3184 propter
2156 3116 2335 3170 radios
2369 3117 2517 3170 solis.
2537 3121 2867 3184 Apparentes
2895 3120 3069 3166 autem
3097 3124 3325 3164 occasus

144 3204 290 3273 μετά
333 3206 426 3274 τὴν
460 3204 549 3256 τοῦ
599 3204 747 3273 ἡλίου
794 3204 941 3256 δύσιν
989 3202 1342 3271 ἐπικαταδύνη
1391 3217 1471 3262 τις
1516 3199 1686 3269 ἀστὴρ

1791 3205 2080 3275 vespertini
2113 3215 2258 3277 sunt,
2288 3221 2409 3258 cum
2442 3212 2563 3274 post
2590 3206 2697 3273 28
2718 3203 2848 3257 solis
2886 3216 3140 3255 occasura
3181 3200 3327 3254 insu-

137 3294 220 3363 τῷ
251 3294 410 3364 ἡλίῳ,
445 3294 807 3365 θεωρούμενος
836 3296 922 3363 ὑφ’
958 3294 1128 3363 ἡμῶν.
1166 3293 1282 3345 Τῶν
1311 3292 1407 3362 μὲν
1434 3287 1523 3343 οὖν
1546 3290 1690 3359 ἑῴων

140 3386 407 3438 ἑπιτολῶν
446 3388 537 3442 καὶ
566 3387 765 3438 δύσεων
792 3366 1051 3455 ’πρότερον
1084 3386 1313 3451 γίνονται
1346 3386 1396 3435 ai
1426 3382 1689 3451 ἀληθιναὶ,

139 3475 373 3546 ὕστερον
392 3477 447 3528 δὲ
475 3478 527 3529 ai
550 3477 869 3545 ’φαινόμεναι
888 3492 899 3504 ’
929 3476 1037 3527 τῶν
1064 3476 1119 3527 δὲ
1143 3476 1405 3546 ἐσπερίων
1435 3472 1691 3526 ἐπιτολῶν

136 3583 199 3618 τε
226 3567 328 3618 καὶ
349 3566 545 3637 δύσεων
570 3566 825 3637 πρότερον
854 3567 1091 3633 γίνονται
1120 3568 1173 3617 αί
1192 3566 1523 3634 φαινόμεναι,
1547 3562 1693 3615 ὓστε-

141 3675 238 3729 ρον
266 3658 328 3710 δὲ
364 3660 418 3709 αἱ
451 3657 715 3726 ἀληθιναί.
750 3656 888 3724 Ἐῴα
917 3658 1013 3726 μὲν
1037 3656 1249 3725 ὲπιτολὴ
1280 3656 1384 3708 ἀπὸ
1415 3655 1569 3723 ἑῴας,
1600 3654 1692 3706 καὶ

138 3750 382 3818 ἑσπερία
416 3748 631 3817 ἑπιτολὴ
658 3749 761 3801 ἀπὸ
788 3749 1042 3817 ἐσπερίας
1063 3747 1328 3816 ἐπιπολῆς,
1354 3747 1445 3799 καὶ
1468 3744 1689 3799 καθόλου

136 3842 255 3893 πᾶν
286 3840 349 3892 τὸ
380 3841 559 3909 ὅμοιον
591 3835 724 3901 εἶδος
757 3839 859 3890 ἀπὸ
885 3839 975 3891 τοῦ
1004 3838 1185 3907 ὁμοίου
1212 3837 1401 3899 εἴδους,
1429 3838 1557 3888 πᾶσι
1582 3840 1691 3900 τοῖς

134 3935 367 4000 ἄστροις
403 3930 467 3981 δι’
499 3929 737 3982 ἐνιαυτοῦ
778 3924 1014 3996 γίνεται·
1050 3930 1079 3980 6
1113 3928 1215 3997 γὰρ
1255 3928 1421 3995 ἥλιος,
1466 3928 1690 3997 ἐνιαυτῷ

130 4019 370 4073 διελθὼν
389 4020 478 4072 τὸν
498 4019 751 4082 ζωδιακὸν
780 4017 995 4080 κύκλον,
1020 4018 1175 4071 πάλιν
1203 4018 1338 4070 κατά
1358 4017 1476 4080 τοὺς
1501 4017 1691 4080 αὐτοὺς

132 4109 383 4179 ἀστέρας
412 4108 633 4175 γίνεται.
1471 4168 1476 4172 _
1548 4098 1551 4103 ⁷

217 4286 371 4357 Ἐῴα
402 4287 459 4341 δὲ
488 4284 706 4356 ἐπιτολὴ
744 4285 849 4337 ἀπὸ
881 4284 1138 4354 ἐσπερίας
1174 4281 1423 4354 ἐπιτολῆς
1452 4285 1560 4344 τοῖς
1593 4282 1690 4351 μὲν

128 4382 229 4433 ἐπὶ
257 4378 362 4432 τοῦ
409 4378 669 4440 ζωδιακοῦ
704 4376 897 4431 κύκλου
926 4377 1191 4446 κειμένοις
1238 4375 1450 4446 ἄστροις
1482 4375 1545 4427 δι’
1573 4376 1692 4442 ἑξα-

131 4473 317 4543 μήνου
348 4470 575 4535 γίνεται,
609 4470 701 4522 καὶ
726 4467 833 4538 ἑῴα
862 4468 1008 4530 δύσις
1037 4468 1143 4520 ἀπὸ
1177 4468 1429 4538 ἑσπερίοις
1457 4467 1656 4531 δύσεως
1674 4486 1686 4497 ·

1792 3313 1887 3367 per
1912 3297 2108 3350 occidit
2134 3298 2311 3366 aliqua
2344 3298 2497 3351 stella
2525 3303 2813 3364 conspecta
2840 3310 2870 3346 a
2898 3284 3072 3347 nobis.
3104 3292 3180 3350 Ex
3207 3306 3322 3343 ma-

1793 3388 1981 3440 tutinis
2013 3388 2173 3456 igitur
2195 3388 2401 3443 ortibus
2422 3394 2474 3439 et
2502 3386 2804 3446 occasibus,
2836 3384 2871 3436 ii
2903 3383 2993 3451 qui
3029 3380 3321 3440 sunt-veri,

1792 3478 1942 3547 prius
1976 3476 2139 3543 (lunt;
2171 3478 2263 3547 qui
2306 3484 2644 3546 apparentes,
2681 3475 2969 3543 posterius.
2999 3472 3077 3524 Ex
3108 3483 3324 3539 vesper-

1792 3571 1921 3626 tinis
1960 3586 2085 3625 vero
2116 3570 2324 3624 ortibus
2361 3576 2416 3623 et
2443 3568 2727 3621 occasibus
2760 3566 2817 3627 ii,
2856 3565 2945 3633 qui
2991 3570 3125 3617 sunt'
3158 3574 3324 3629 appa-

1790 3670 1990 3727 rentes,
2028 3661 2178 3729 prius
2211 3659 2378 3723 ﬁunt;
2419 3656 2510 3727 qui
2536 3657 2669 3718 veri,
2717 3656 3002 3725 posterius.
3032 3654 3323 3707 Matutinus

1791 3751 2002 3820 quidem
2037 3758 2189 3803 ortus
2210 3757 2334 3817 post
2360 3748 2700 3821 matutinum,
2730 3755 2782 3799 et
2804 3744 3141 3812 vespertinus
3171 3753 3324 3796 ortus

1791 3846 1911 3909 post
1944 3838 2309 3907 vespertinum
2336 3843 2511 3890 ortum
2538 3855 2550 3889 :
2580 3842 2632 3889 et
2655 3836 2707 3888 in
2743 3848 2949 3889 summa
2974 3833 3149 3886 omnis
3180 3828 3324 3885 simi—

1792 3932 1858 3984 lis
1892 3932 2096 4001 species
2130 3943 2158 3980 a
2202 3928 2365 3983 simili
2407 3927 2584 3997 specie
2611 3927 2859 3981 omnibus
2902 3925 3061 3978 astris
3102 3938 3197 3991 per
3227 3938 3324 3974 an-

1790 4037 1918 4075 num
1956 4020 2248 4089 contingit;
2283 4018 2363 4071 sol
2389 4016 2529 4072 enim
2566 4030 2744 4069 annuo
2782 4006 3319 4084 temporezodiacum

1791 4112 2052 4167 circulum
2082 4122 2395 4179 peragrans,
2431 4121 2620 4161 rursus
2663 4104 2729 4157 ad
2759 4103 2971 4158 easdem
3007 4103 3190 4156 stellas
3229 4116 3319 4155 ac-

1790 4204 1950 4259 cedit.

1862 4293 2154 4347 Matutinus
2187 4298 2339 4345 ortus
2374 4303 2403 4343 a
2432 4287 2737 4359 vespertino
2769 4294 2889 4339 ortu
2920 4285 2984 4340 iis
3020 4284 3179 4339 astris
3206 4299 3324 4353 qua:

1791 4388 1845 4441 in
1875 4384 2094 4439 zodiaco
2115 4392 2241 4437 sunt
2263 4383 2386 4443 sita,
2412 4396 2505 4450 per
2524 4386 2780 4434 semestre
2800 4383 3011 4445 tempus
3031 4375 3323 4444 contingit;

1793 4477 1918 4530 item
1972 4456 2270 4529 matutinus
2320 4487 2547 4526 occasus
2579 4487 2608 4524 a
2653 4468 2962 4546 vespertino
3000 4474 3326 4530 OCCﬁSlHIl

108 4565 248 4627 ηοῐς
282 4563 347 4615 δὲ
380 4562 728 4632 βορειοτέροις
764 4560 857 4613 τοῦ
902 4559 1160 4623 ζωδιακοῦ
1195 4560 1389 4613 κύκλου
1425 4560 1688 4629 κειμένοις

1794 4568 1859 4621 iis
1890 4567 2075 4629 astris,
2108 4581 2227 4634 quae
2255 4572 2404 4619 extra
2437 4562 2714 4616 zodiacum
2744 4575 2934 4614 versus
2962 4558 3178 4614 boream
3202 4564 3327 4610 sunt

133 4656 367 4725 ἱστροις
395 4651 502 4721 ἑῴα
534 4652 629 4721 μὲν
659 4651 874 4723 ἐπιστολὴ
911 4650 1017 4704 ἀπὸ
1057 4650 1307 4721 ἑσπερίοις
1337 4651 1584 4721 ὲπιτολῆς
1605 4650 1692 4703 διὰ

133 4743 391 4803 πλείονος
413 4741 599 4810 χρόνου
626 4741 659 4812 ἢ
696 4739 1039 4810 ἑξαμηνιαίου
1077 4740 1280 4806 γίνεται
1301 4755 1313 4769 ν
1348 4742 1457 4802 τοῖς
1481 4740 1535 4791 δὲ
1560 4740 1692 4809 πρὸς

128 4830 493 4906 μεσημϐρίαν
522 4832 788 4903 κειμένοις
811 4831 903 4883 τοῦ
927 4829 1182 4893 ζωδιακοῦ
1217 4829 1411 4882 κύκλου
1441 4829 1548 4898 ἑῴα
1572 4831 1693 4882 ἐπι-

132 4925 262 4998 τολὴ
309 4925 424 4979 ἀπὸ
455 4924 707 4995 ἑσπερίας
735 4924 982 4995 ἐπιτόλῆς
1019 4925 1084 4977 δι’
1110 4923 1380 4983 ἐλάττονος
1415 4921 1445 4990 ἦ
1491 4920 1691 4991 ἐξαμη-

130 5018 313 5074 θιαιου
368 5014 557 5086 χρόνου
598 5014 821 5082 γίνεται.
867 5016 925 5067 '0
950 5014 1005 5066 δὲ
1047 5012 1348 5075 πλεονάζων
1374 5012 1560 5080 χρόνος
1598 5011 1689 5063 τοῦ

121 5108 420 5179 ἑξαμήνου
446 5106 543 5158 οὐκ
573 5104 687 5159 ἐστι
706 5107 838 5158 πᾶσι
865 5108 974 5167 τοῖς
1002 5105 1215 5175 ἄστροις
1234 5102 1549 5173 ὡρισμένος,
1577 5102 1688 5154 ἀλλ’

119 5195 208 5263 οἷς
238 5188 355 5265 ’μὲν
401 5196 618 5263 πλείων,
650 5192 731 5259 οἷς
768 5194 824 5246 δὲ
859 5194 1108 5247 ἐλάττων.
1146 5196 1265 5256 Τοῖς
1309 5193 1365 5246 δὲ
1405 5193 1510 5262 γάρ
1557 5195 1689 5262 πρὸς

123 5292 347 5361 ἄρκτον
382 5286 471 5338 ἀεὶ
500 5284 695 5355 μᾶλλον
737 5282 1006 5352 κειμένοις
1038 5283 1233 5335 πλείων
1260 5284 1344 5335 ἀεὶ
1377 5283 1469 5334 καὶ
1495 5280 1689 5334 πλείων

120 5388 151 5437 ὁ
175 5381 382 5451 χρόνος
419 5377 645 5444 γίνεται,
668 5376 754 5429 διά
776 5376 845 5427 -τὸ
886 5372 1104 5444 μείζονα
1129 5377 1384 5445 τμήματα
1415 5373 1551 5442 ὑπὲρ
1587 5374 1689 5444 γῆν

123 5469 404 5545 φέρεσθαι
434 5470 545 5532 τοῖς
579 5467 623 5499 ⁸⁸
654 5468 740 5520 ἀεὶ
774 5466 970 5536 μᾶλλον
1007 5465 1140 5535 πρὸς
1172 5467 1367 5537 ἄρκτον
1400 5463 1685 5535 κειμένοις.

123 5565 256 5627 Ταῖς
288 5560 355 5617 δὲ
376 5557 510 5629 πρὸς
542 5554 877 5627 μεσημϐρίαν
924 5557 1119 5626 μᾶλλον
1144 5558 1404 5626 κειμένοις
1448 5557 1531 5608 ἀεὶ
1560 5558 1690 5625 μᾶλ-

122 5654 217 5707 λον
257 5664 363 5705 και
404 5647 601 5717 μᾶλλον
634 5646 864 5701 ἐλάττων
897 5650 925 5699 ό
968 5647 1150 5719 χρόνος
1179 5648 1404 5714 γίνεται·
1442 5646 1689 5702 ἐλάττονα

388 5826 533 5892 τούς,
574 5835 625 5881 et
660 5828 955 5895 κειμένους.

1798 4658 1920 4718 sita,
1947 4656 2243 4710 matutinus
2274 4662 2423 4708 ortus
2468 4668 2498 4705 a
2533 4651 2837 4719 vespertino
2874 4660 2995 4704 ortu
3030 4666 3123 4720 per
3152 4647 3327 4716 majus

1795 4756 2007 4817 tempus
2032 4761 2189 4816 quam
2234 4752 2488 4799 semestre
2520 4742 2815 4811 contingit;
2872 4742 3031 4795 astris
3057 4755 3183 4793 vero
3218 4739 3324 4801 his.

1796 4855 1915 4908 qua:
1944 4848 2094 4891 extra
2123 4836 2397 4890 zodiacum
2442 4848 2633 4886 versus
2659 4832 2934 4885 meridiem
2965 4831 3137 4899 posita
3178 4840 3324 4891 sunt,

1796 4929 2094 4982 matutinus
2116 4933 2267 4979 ortus
2288 4939 2317 4975 a
2350 4923 2657 4994 vespertino
2690 4930 2810 4975 ortu
2836 4936 2927 4989 per
2952 4919 3167 4973 brevius
3192 4928 3345 4972 tem-A

1798 5036 1918 5089 pus,
1950 5035 2108 5090 quam
2151 5025 2432 5078 semestre,
2469 5015 2749 5083 contingit.
2783 5012 3016 5086 Tempus
3057 5025 3184 5064 vero
3216 5025 3329 5063 ma-

1791 5114 1881 5181 jus
1918 5110 2161 5166 semestri
2200 5122 2305 5160 non
2338 5115 2420 5162 est
2448 5107 2696 5160 omnibus
2723 5103 2883 5156 astris
2904 5101 3203 5165 deﬁnitum,
3235 5098 3327 5153 sed

1797 5208 1921 5259 aliis
1952 5204 2180 5273 longius,
2208 5203 2328 5255 aliis
2350 5201 2588 5254 brevius.
2612 5197 2741 5250 Nam
2768 5197 2833 5250 iis
2865 5194 3025 5250 astris
3054 5208 3172 5263 quae
3200 5207 3329 5246 sem-

1797 5312 1892 5365 per
1908 5295 2077 5362 magis
2100 5294 2376 5361 magisque
2405 5304 2591 5344 versus
2618 5286 3033 5356 septentrionem
3056 5291 3181 5337 sunt
3202 5280 3325 5339 sita,

1797 5399 2008 5453 semper
2040 5397 2255 5451 quoque
2280 5382 2453 5452 majus
2481 5378 2765 5445 majusque
2793 5388 3005 5444 tempus
3035 5372 3325 5440 contingit:

1795 5492 1859 5531 eo
1896 5474 2039 5543 quod
2070 5488 2279 5541 semper
2306 5470 2509 5538 majora
2535 5477 2809 5537 segmenta
2832 5480 2992 5535 supra
3029 5473 3222 5515 terram
3251 5458 3329 5513 fe-

1802 5576 1990 5621 rantur
2019 5566 2087 5619 iis
2122 5579 2237 5634 qua:
2262 5558 2668 5629 semper-magis
2704 5571 2890 5610 versus
2918 5548 3327 5620 septentrionem

1796 5668 1918 5715 sunt
1940 5658 2131 5727 posita.
2156 5656 2221 5709 At
2252 5656 2317 5708 iis
2346 5650 2501 5706 astris
2529 5666 2645 5721 quzr
2694 5661 2878 5703 versus
2911 5642 3181 5700 mendiem
3217 5657 3331 5694 ma-
