4042 6330
143 400 248 461 835

1173 376 1409 454 CEMINI
1448 395 1817 451 ELEMENTA
1854 396 2355 454 ssmoxomxs.‘
2392 458 2393 461 γ

134 517 375 586 ικαστην
404 515 593 567 νύκτα⁸
628 516 758 568 ἀλλά
797 517 913 569 τινὰ
950 518 1046 587 μὲν
1080 516 1351 569 ἀνατέλλει
1398 517 1492 569 καὶ
1530 515 1687 581 δύνει¹

1794 517 2047 570 oriuntur
2074 519 2219 571 omni
2255 528 2445 583 nocte;
2482 517 2575 573 sed
2605 516 2847 588 qumdam
2883 515 3131 568 oriuntur
3158 519 3213 568 et
3237 514 3338 568 'oc—

141 608 264 659 τινὰ
292 605 347 659 δὲ
369 608 643 659 ἀνατέλλει
670 609 786 677 μὲν,
816 609 875 660 οὐ
907 608 1049 660 δύνει
1077 608 1162 660 δέ·
1195 609 1229 661 ἃ
1255 608 1311 661 δὲ
1338 607 1448 660 οὔτ’
1470 608 1690 660 ἀνατέλ-

140 699 245 761 λει,
280 696 399 749 οὔτε
441 697 611 749 δύνει·
646 697 778 749 ἀλλά
814 698 883 749 τὰ
918 700 1013 767 μὲν
1039 699 1411 769 ἀρκτικώτερα
1448 698 1689 769 κείμενα,

141 788 391 857 μετέωρα
440 787 744 858 ὑπάρχοντα
783 788 919 856 μετά
960 788 1055 858 τὴν
1080 787 1172 840 τοῦ
1198 788 1347 859 ἡλίου
1388 788 1558 853 δύσιν,
1589 789 1692 859 πρὸ

133 877 239 946 τῆς
272 878 362 929 τοῦ
393 877 540 946 ἡλίου
578 877 837 947 ἀνατολῆς
873 878 953 930 ἔτι
994 878 1366 949 μετεωρότερα
1410 877 1687 945 φαίνεται·

134 968 208 1020 τά
248 970 302 1021 δὲ
345 968 824 1039 μεσημϐρινὼτερα
883 969 1109 1039 κείμενα
1155 968 1263 1022 οὔτ’
1316 968 1687 1032 ἀνατέλλοντα,

134 1057 265 1110 ούτε
290 1058 507 1111 δύνοντα
531 1058 810 1131 Θεωρείται
829 1075 844 1089 °
878 1059 1009 1112 ἀλλὰ
1056 1059 1230 1113 πάντα
1250 1059 1339 1111 τὸν
1371 1060 1467 1128 τῆς
1501 1060 1690 1121 νυκτὸς

137 1148 329 1216 χρόνον
350 1148 451 1199 ὑπὸ
478 1148 578 1218 γῆν
599 1151 869 1220 φέρονται.
902 1149 1059 1201 Ὅθεν
1084 1150 1314 1202 καί’τινα
1342 1137 1453 1201 τῶν
1479 1150 1691 1221 ἄστρων

134 1238 426 1307 ἀμφιφανῆ
486 1239 744 1302 καλεῖται,
804 1239 1053 1309 καθάπερ
1102 1241 1194 1293 καὶ
1240 1242 1268 1292 ὁ
1333 1240 1685 1312 Ἀρκτοῦρος·

136 1330 284 1396 μετά
312 1330 418 1399 γὰρ
455 1330 553 1400 τὴν
590 1320 681 1381 τοῦ
718 1328 866 1399 ἡλίου
907 1330 1055 1382 δύσιν
1085 1330 1370 1395 πλεονάκις
1412 1331 1689 1403 θεωρεῖται

128 1419 307 1472 δύνων
329 1436 387 1471 τε
421 1423 477 1473 ὲν
525 1422 590 1489 τῇ
640 1420 774 1490 αὐτῇ
813 1422 984 1486 νυκτὶ,
1029 1422 1119 1473 καὶ
1163 1422 1567 1491 προανατέλλων
1597 1421 1688 1475 τοῦ

128 1512 286 1580 ἡλίου
321 1511 562 1580 φαίνεται
593 1514 659 1565 ⁸⁸.
690 1513 765 1565 Δι’
791 1514 858 1580 ἣν
881 1513 1056 1566 αἰτίαν
1092 1513 1333 1566 καλεῖται
1355 1514 1687 1584 ἀμφιφανὴς,

126 1603 217 1654 ὃτι
247 1604 340 1654 καὶ¹
360 1604 451 1672 ἀφ’
481 1603 713 1674 ἑσπέρας
737 1602 924 1667 δύνων,
949 1604 1041 1656 καὶ
1066 1603 1363 1655 ἀνατέλλων
1389 1606 1446 1656 ὲν
1468 1607 1530 1673 τῇ
1552 1605 1687 1673 αὐτῇ

126 1694 294 1746 νυκτὶ
329 1694 626 1763 θεωρεῖται.
646 1694 725 1746 Τὰ
749 1694 803 1747 δὲ
829 1695 1069 1759 ἐναντίαν
1101 1694 1209 1764 ἔχει
1237 1694 1406 1760 τάξιν,
1431 1695 1530 1748 ὅσα
1557 1712 1689 1765 προ-

125 1782 282 1835 δύνει
313 1783 411 1853 μὲν
442 1784 541 1853 τῆς
561 1783 652 1836 τοῦ
676 1784 823 1853 ἡλίου
855 1782 1072 1849 δύσεως,
1097 1785 1436 1837 ὲπανατέλλει
1469 1786 1525 1838 δὲ
1557 1785 1690 1855 μετά

1791 610 1979 662 cidunt
2007 629 2019 662 :
2050 611 2294 679 quaedam
2322 626 2449 665 vero
2477 614 2729 665 oriuntur
2754 607 2991 678 quidem,
3020 620 3123 659 non
3158 612 3338 659 tamen

1788 698 2041 751 occidunt
2077 700 2362 769 :quedam
2423 714 2551 754 vero
2601 713 2773 768 neque
2825 697 3131 756 oriuntur,
3163 707 3341 764 neque

1790 789 2079 856 occidunt;
2134 791 2226 845 sed
2271 806 2356 855 ea,
2386 808 2507 860 qua:
2556 792 2727 857 magis
2768 797 2895 843 sunt
2935 786 3188 850 borealia,
3216 800 3339 839 cum

1792 878 1901 931 sint
1930 878 2186 932 sublimia
2217 888 2339 949 post
2372 881 2504 935 solis
2529 895 2810 947 occasum,
2847 888 2972 931 ante
3001 878 3134 930 solis
3160 886 3337 933 ortum

1789 967 1962 1020 adhuc
1993 969 2309 1022 sublimiora
2350 978 2644 1037 apparent;
2675 984 2794 1037 quae
2830 982 2961 1021 vero
3002 972 3130 1018 sunt
3173 964 3341 1031 magis

1789 1056 1895 1125 29
1918 1058 2197 1123 australia,
2244 1074 2307 1113 ea
2344 1074 2518 1128 neque
2564 1059 2717 1121 oriri,
2763 1074 2938 1127 neque
2980 1055 3232 1111 occidere
3268 1054 3343 1107 vi-

1789 1149 1984 1202 dentur
2013 1168 2025 1203 :
2052 1150 2142 1204 sed
2169 1166 2264 1219 per
2288 1164 2449 1203 omne
2480 1151 2658 1204 noctis
2680 1159 2894 1217 tempus
2925 1149 3028 1202 sub
3061 1147 3344 1201 liorizonto

1787 1236 2056 1292 feruntur.
2090 1238 2241 1294 Unde
2270 1240 2513 1309 quredam
2548 1248 2817 1295 astrorum
2842 1244 3101 1291 vocantur
3136 1237 3220 1289 bis
3244 1248 3341 1303 ap-

1786 1333 2055 1397 parentia,
2083 1333 2224 1386 sicut
2253 1341 2305 1386 ct
2334 1332 2636 1398 Arcturus;
2674 1338 2794 1400 post
2838 1329 2969 1384 solis
3000 1330 3142 1380 enim
3176 1340 3339 1381 occa-

1786 1434 1905 1472 sum
1932 1436 2073 1489 sazpe
2102 1421 2312 1476 videtur
2331 1431 2382 1475 et
2410 1421 2661 1475 occidere
2705 1419 2891 1474 eadem
2922 1425 3099 1481 nocte,
3136 1424 3189 1470 et
3213 1424 3341 1469 ante

1785 1508 1955 1563 solem
1975 1511 2127 1566 oriri.
2154 1493 2323 1577 Quam
2352 1513 2421 1566 ob
2447 1525 2666 1566 causam
2692 1520 2913 1563 vocatur
2938 1509 3021 1563 bis
3045 1496 3336 1577 apparens,

1786 1601 2011 1669 quodet
2037 1617 2066 1654 a
2098 1619 2321 1671 vespera
2347 1604 2616 1666 occidere,
2650 1610 2702 1657 et
2732 1601 2862 1655 oriri
2886 1602 2940 1654 in
2969 1598 3154 1654 eadem
3181 1607 3339 1651 nocte

1786 1698 2079 1759 spectetur.
2121 1694 2237 1746 Alia
2286 1709 2415 1747 vero
2460 1695 2701 1748 ordinem
2738 1694 2936 1747 habent
2981 1692 3335 1749 contrarium,

1789 1799 1908 1853 quae
1952 1784 2207 1838 occidunt
2252 1784 2374 1841 ante
2424 1789 2553 1842 solis
2601 1803 2879 1853 occasum,
2926 1786 3177 1840 oriuntur
3209 1798 3337 1837 vero

123 1869 233 1937 τὴν
265 1867 358 1920 τοῦ
390 1870 537 1937 ἡλίου
573 1870 832 1940 ἀνατολήν
851 1886 866 1900 ’
900 1870 1038 1923 ὥστε
1070 1872 1190 1925 καθ’
1224 1873 1349 1942 ὅλην
1395 1874 1490 1944 τὴν
1519 1875 1686 1928 νύκτα

1787 1864 1907 1944 post
1939 1877 2071 1929 Solis
2100 1886 2300 1937 ortum.
2341 1878 2412 1930 ita
2449 1888 2507 1930 ut
2548 1894 2645 1947 per
2671 1887 2838 1931 totam
2869 1887 3082 1931 noctem
3115 1891 3221 1930 non
3263 1875 3340 1927 vi-

126 1959 212 2028 μὴ
250 1959 585 2030 Θεωρηθῂαι
626 1962 746 2033 μήτ’
781 1964 1154 2026 ἀνατέλλοντα,
1200 1966 1333 2035 μήτε
1374 1965 1623 2020 δύνοντα·
1652 1968 1687 2021 ὃ.

121 2049 465 2118 δὴ.μκαλοῦσί
513 2061 653 2114 τινες
709 2053 1081 2119 νυκτιδιέξοδα.
1128 2058 1201 2108 Οὐ
1237 2058 1374 2110 κατὰ
1427 2059 1604 2111 πάντα
1633 2059 1689 2112 δὲ

125 2138 325 2208 κιιρὸν
372 2139 541 2191 ταῦτα
585 2141 758 2193 πάντα
783 2142 852 2195 τὰ
894 2142 1152 2213 ἰδιώματα
1178 2148 1305 2214 περὶ
1336 2147 1460 2210 τοὺς
1496 2150 1688 2212 αὐτοὺς

122 2228 369 2298 ἀστέρας
405 2230 667 2300 ὑπάρχει·
703 2230 837 2284 ἀλλά
864 2235 990 2303 περὶ
1018 2235 1115 2297 τὰς
1148 2236 1239 2287 τοῦ
1273 2237 1420 2306 ἡλίου
1454 2238 1689 2307 μεταϐά-

126 2337 252 2383 σεις
296 2319 593 2373 ἀλλοιοῦται
633 2322 823 2375 καὶτὰ
871 2324 994 2393 περὶ
1040 2324 1136 2386 τὰς
1171 2326 1451 2389 ἀνατολὰς,
1482 2329 1573 2381 καὶ
1621 2330 1688 2381 τὰ

124 2410 263 2477 περὶ
293 2410 391 2473 τὰς
416 2410 611 2473 δύσεις.

666 2543 1054 2597 ΚΕΦΔΛΑῙΟΝ
1093 2545 1192 2598 IB'.

549 2655 686 2723 Περὶ
711 2652 824 2710 τῶν
848 2657 916 2709 ἐν
944 2656 1019 2727 γῆ
1055 2658 1266 2718 ζωνῶν.

215 2768 282 2820 Ἦ
329 2767 430 2836 τῆς
479 2768 768 2838 συμπάσης
826 2769 929 2838 γῆς
974 2770 1296 2839 ἐπιφάνεια,
1349 2774 1685 2846 σφαιροειδὴς

124 2862 472 2931 ὑπάρχουσα.
510 2861 791 2930 διαιρεῖται
821 2861 899 2922 είς
931 2860 1102 2924 ζώνας
1140 2862 1329 2915 πέντε·
1367 2858 1441 2916 ὧν
1466 2864 1557 2916 δύο
1591 2866 1686 2935 μὲν

124 2953 188 3003 at
244 2950 379 3020 περὶ
416 2952 537 3012 τοὺς
564 2949 776 3010 πόλους,
824 2949 1147 3020 πορρώτατα
1197 2952 1254 3003 δὲ
1298 2953 1544 3020 κείμεναι
1587 2954 1687 3023 τῆς

120 3040 223 3093 τοῦ
251 3040 405 3109 ἡλίου
439 3038 689 3107 παρόδου,
718 3037 1119 3107 κατεψυγμέναι
1149 3039 1413 3106 λέγονται,
1446 3044 1538 3094 καὶ
1570 3043 1684 3095 ἀοί-

121 3145 291 3198 κητοι
319 3127 406 3179 διὰ
430 3127 488 3178 τὸ
516 3127 709 3197 ψύχος·
744 3126 1086 3198 ἀφορίζονται
1124 3116 1203 3180 δὲν
1231 3129 1335 3180 ὑπὸ
1356 3129 1463 3182 τῶν
1498 3131 1684 3201 ἀρκτι-

121 3190 244 3273 κῶν
276 3216 413 3282 πρὸς
451 3190 833 3281 τῶξέτόλυυξ-
854 3190 929 3271 ἀί
958 3218 1013 3271 δὲ
1050 3218 1248 3277 τούτων
1290 3220 1434 3291 ἑξῆς,
1474 3190 1682 3293 ου’μμέ-
1710 3190 1752 3246 C

118 3325 275 3378 τρως
312 3306 369 3360 δὲ
410 3307 653 3378 κείμεναι
687 3308 820 3379 πρὸς
851 3309 945 3380 τὴν
984 3308 1078 3361 τοῦ
1121 3310 1270 3381 ἡλίου
1313 3310 1561 3383 πάροδον,
1597 3311 1685 3364 εύ-

116 3416 325 3470 κρατοι
354 3389 665 3453 καλοῦνταιο
693 3402 1035 3471 ἀφορίζονται
1076 3403 1131 3455 δὲ
1163 3405 1319 3457 αὑταὶ
1352 3406 1454 3457 ὑπὸ
1490 3404 1597 3458 τῶν
1627 3406 1684 3457 ὲν

112 3490 202 3561 τῷ
235 3491 429 3560 κόσμῳ
456 3491 723 3561 ἀρκτικῶν
766 3493 861 3544 καὶ
905 3494 1175 3562 τροπικῶν
1213 3495 1444 3556 κύκλων,
1482 3494 1682 3565 μεταξὺ

115 3581 385 3652 κείμεναι
410 3580 603 3637 αὐτῶν.
647 3582 711 3633 Ἡ
757 3582 814 3633 δὲ
856 3582 1012 3652 λοιπὴ
1064 3584 1199 3653 μέση
1228 3583 1334 3634 τῶν
1360 3585 1681 3655 προειρημέ-

111 3689 257 3737 νων,
298 3674 521 3742 κειμένη
555 3672 610 3725 δὲ
642 3674 732 3725 ὑπ’
774 3674 941 3744 αύτὴν
976 3674 1072 3743 τὴν
1114 3676 1204 3727 τοῦ
1238 3674 1386 3744 ἡλίου
1430 3678 1676 3746 πάροδον,

108 3763 528 3833 διακεκαυμένη
573 3748 846 3818 καλεῖται’
900 3764 1253 3836 διχοτομεῖται
1301 3766 1356 3818 δὲ
1401 3766 1534 3836 αὺτὴ
1578 3767 1681 3819 ὑπὸ

108 3852 216 3905 τοῦ
257 3854 319 3905 ὲν
352 3856 417 3923 τῇ
452 3856 519 3923 γῇ
556 3854 863 3924 ἰσημερινοῦ
907 3856 1123 3920 κύκλου,
1152 3856 1209 3919 ὃς
1250 3860 1418 3909 κεῖται
1454 3857 1556 3909 ὑπὸ
1592 3857 1679 3908 τὸν

108 3948 172 3995 ὲν
225 3943 314 4014 τῷ
354 3944 538 4015 κόσμῳ
586 3946 891 4017 ἰσημερινὸν
936 3946 1147 4000 κύκλον.
1179 3948 1297 3999 Τῶν
1321 3948 1377 4000 δὲ
1406 3947 1679 4017 εὐκράτων

103 4032 211 4092 δύο
259 4035 450 4101 ζωνῶν
496 4036 594 4106 τὴν
627 4037 832 4107 βόρειον
875 4040 977 4090 ὑπὸ
1021 4040 1125 4093 τῶν
1174 4040 1231 4091 ὲν
1274 4043 1337 4109 τῇ
1386 4040 1504 4093 καθ’
1537 4042 1681 4111 ἡμᾶς

104 4124 423 4196 οἱκουμένῃ
462 4124 721 4177 οἰκεῖσθαι
766 4125 1123 4197 συμϐέϐηκεν,
1163 4128 1254 4179 ἐπὶ
1297 4130 1486 4197 μὲνίτὸ
1513 4134 1680 4201 μῆκος

102 4215 290 4271 οὖσαν
338 4213 413 4277 ὡς
449 4213 668 4282 ἔγγιστα
700 4216 827 4286 περὶ
852 4216 985 4270 δέκα
1012 4219 1271 4291 μυριάδας
1314 4220 1558 4285 σταδίων,
1589 4221 1680 4273 ἐπὶ

98 4310 159 4363 δὲ
196 4307 269 4360 τὸ
303 4304 504 4369 πλάτος
534 4305 608 4368 ὡς
640 4306 863 4374 ἔγγιστα
884 4308 943 4361 τὸ
970 4310 1157 4379 ἥμισυ.

643 4442 861 4496 ΚΕΦΛΛ
872 4445 1031 4498 ΔῙΟΝ
1068 4446 1162 4499 ll".

664 4556 803 4622 Περὶ
844 4555 1146 4621 οἰκήσεων.

1709 4513 1755 4568 1)

178 4664 320 4719 Τῶν
362 4662 421 4717 δὲ
464 4665 555 4717 ἐπὶ
606 4665 709 4735 γῆς
760 4666 1143 4717 κατοικούντων
1195 4669 1243 4717 οἱ
1296 4668 1392 4736 μὲν
1441 4666 1683 4734 λέγονται

104 4761 396 4817 σύνοικοι,
423 4756 470 4808 οἱ
501 4755 557 4807 δὲ
589 4754 872 4827 περίοικοι,
902 4757 948 4807 οἱ
976 4755 1029 4807 δὲ
1080 4756 1331 4817 ἄντοικοι,
1358 4759 1405 4807 οἱ
1438 4757 1494 4808 δὲ
1535 4757 1681 4808 ἀντί·
1714 4754 1717 4757 λ

102 4848 308 4910 ποδες.
336 4842 576 4897 Σύνοικοι
602 4845 698 4915 μὲν
734 4842 825 4899 οὖν
856 4847 987 4898 εἰσιν
1019 4846 1067 4897 οι
1110 4845 1233 4915 περὶ
1274 4845 1362 4897 τὸν
1406 4847 1565 4899 αὑτὸν
1592 4848 1681 4899 τό-

101 4958 216 4996 πον
251 4940 371 5008 τῆς
401 4936 566 5006 αὐτῆς
602 4936 775 5008 ζώνης
809 4937 1208 5000 κατοικοῦντες
1248 4939 1506 5008 περίοικοι
1540 4940 1594 4992 δὲ
1634 4944 1682 4994 οἱ

100 5036 165 5085 ὲν
194 5032 274 5101 τῇ
319 5025 461 5096 αὐτῇ
495 5023 638 5097 ζώνῃ
667 5026 847 5097 κύκλῳ
877 5020 1303 5098 περιοικοῦντες·
1350 5028 1582 5082 ἂντοικοι
1627 5030 1682 5082 δὲ

100 5126 151 5175 at
181 5123 250 5174 ὲν
281 5118 361 5186 τῇ
394 5117 527 5188 αὐτῇ
558 5116 716 5196 νοτίῳ
742 5115 883 5187 ζώνῃ
915 5118 1019 5169 ὑπὸ
1055 5118 1112 5170 τὸ
1159 5119 1289 5172 αὐτὸ
1336 5121 1683 5191 ἡμισφαίριον

64 5200 71 5206 ’
99 5202 541 5277 κατοικοῦντες·
574 5203 849 5265 ἀντίποδες
881 5203 936 5255 δὲ
972 5206 1022 5257 οἱ
1061 5207 1118 5258 ὲν
1149 5209 1211 5276 τῇ
1246 5207 1399 5275 νοτίῳ
1443 5204 1585 5278 ζώνῃ
1628 5209 1685 5260 ὲν

98 5301 185 5371 τῷ
216 5286 423 5365 ἑτέρῳ
461 5294 796 5367 ἡμισφαιρίῳ
825 5294 1193 5358 κατοικοῦντες
1218 5296 1355 5349 κατὰ
1390 5296 1485 5367 τὴν
1517 5298 1684 5367 αὐτὴν

100 5392 428 5462 διάμετρον
447 5386 680 5455 κείμενοι
705 5389 770 5455 τῇ
798 5385 917 5438 καθ’
942 5388 1084 5456 ἡμᾶς
1112 5389 1399 5458 οἰκουμένῃ
1420 5406 1432 5417 ·
1482 5387 1560 5440 διὸ
1592 5389 1686 5441 κέ-

102 5482 365 5554 κληνται
392 5474 688 5537 ἀντίποδες.
720 5474 940 5529 Πάντων
982 5476 1089 5543 γὰρ
1129 5476 1235 5528 τῶν
1269 5477 1472 5547 βαρέων
1505 5478 1593 5528 ἐπὶ
1625 5479 1685 5530 τὸ

103 5575 362 5642 κέντρον
392 5565 767 5631 συννευόντων,
796 5566 879 5619 διὰ
910 5567 967 5618 τὸ
991 5567 1079 5620 ἐπὶ
1107 5567 1273 5635 μέσον
1298 5562 1558 5641 εἶναιτὴν
1587 5585 1683 5636 φο-

182 5772 233 5805 u
267 5784 377 5837 π).
412 5762 680 5833 βλέπεται.

1784 1968 2014 2021 deantur
2040 1983 2216 2036 neque
2244 1969 2398 2033 oriri,
2426 1983 2599 2035 neque
2620 1970 2903 2031 occidere;
2934 1983 3055 2037 qua:
3086 1966 3338 2021 nonnulli

1784 2064 1979 2110 vocant
2012 2055 2391 2120 νυκτιδιέξοδα.
2428 2058 2481 2112 id
2522 2064 2606 2113 est
2643 2066 2807 2110 noctu
2831 2058 2947 2137 late
2976 2057 3334 2125 expatiantia.

1786 2143 1901 2199 Non
1944 2146 2088 2199 omni
2119 2154 2297 2201 autem
2340 2154 2581 2216 tempore
2629 2162 2818 2200 omnes
2857 2146 2939 2199 ba:
2976 2146 3336 2216 preprietates

1786 2236 1932 2288 circa
1987 2236 2202 2290 easdem
2258 2238 2444 2290 stellas
2495 2238 2786 2301 eveniunt,
2842 2237 2936 2291 sed
2999 2224 3146 2290 circa
3204 2234 3336 2290 solis

1784 2328 2047 2382 transitus
2078 2330 2357 2381 variantur
2381 2343 2443 2383 ea
2471 2345 2590 2398 quae
2618 2328 2685 2383 ad
2718 2338 2891 2395 ortus,
2920 2335 2973 2383 et
2994 2343 3112 2398 qua:
3144 2327 3210 2381 ad
3238 2340 3335 2381 oc-

1788 2430 1949 2470 casus
1980 2424 2249 2485 spectant.

2367 2548 2596 2604 CAPUT
2634 2549 2745 2603 XII.

2279 2658 2355 2713 De
2393 2661 2538 2713 zonis
2575 2636 2631 2713 ei:
2672 2668 2833 2715 terra.

1768 2754 1773 2757 ⁵
1854 2770 2045 2829 Totius
2072 2782 2230 2829 terrae
2258 2774 2595 2849 superﬁcies,
2634 2789 2759 2827 cum
2806 2773 2877 2827 sit
2907 2772 3154 2844 globosa,
3196 2771 3334 2827 divi-

1784 2863 1931 2917 ditur
1968 2866 2021 2918 in
2074 2865 2315 2934 quinque
2356 2880 2522 2920 zonas
2555 2882 2567 2915 :
2604 2880 2829 2934 quarum
2866 2864 3004 2924 dum,
3046 2879 3165 2933 qua:
3208 2869 3334 2917 sunt

1784 2958 1929 3010 circa
1957 2957 2111 3025 polos
2141 2964 2194 3011 et
2230 2956 2541 3025 longissime
2585 2956 2763 3011 sitae‘a
2810 2956 2942 3010 solis
2985 2955 3197 3015 itinere,
3238 2952 3334 3006 fri-

1784 3046 1922 3114 gidaa
1946 3048 2223 3113 dicuntur,
2256 3055 2418 3114 atque
2460 3046 2840 3104 inhabitabiles
2865 3054 3100 3115 propter
3138 3046 3328 3113 frigus.
3379 3117 3382 3119 Α

1786 3134 2225 3189 Determinantur
2257 3144 2436 3189 autem
2472 3151 2502 3188 a
2524 3137 2760 3190 circulis
2782 3138 2999 3190 arcticis
3021 3151 3215 3190 versus
3237 3151 3333 3203 po-

1784 3226 1902 3291 los;
1931 3242 2080 3301 zomr
2110 3241 2238 3281 vero
2290 3241 2409 3295 quae
2444 3224 2530 3281 bis
2564 3234 2689 3279 sunt
2733 3227 3008 3294 proximae,
3045 3234 3097 3279 et
3128 3226 3334 3279 medio-

1783 3318 1949 3371 criter
1975 3318 2164 3387 posita:
2198 3317 2263 3371 ad
2299 3318 2433 3373 solis
2461 3331 2764 3379 accessum,
2795 3324 3107 3385 temperatae
3137 3332 3333 3371 vocan-

1780 3412 1905 3495 ttur;
1938 3404 2369 3471 determinantur
2391 3417 2567 3458 autem
2602 3406 2683 3459 ha:
2715 3419 2744 3457 a
2780 3406 3003 3460 circulis
3036 3391 3090 3458 ἰῖι
3129 3406 3332 3460 mundo

1783 3493 2002 3551 arcticis
2028 3504 2079 3550 et
2099 3497 2337 3566 tropicis,
2355 3511 2478 3550 cum
2500 3495 2641 3549 inter
2656 3510 2751 3549 eos
2769 3496 2878 3547 sint
2918 3496 3052 3548 sitae.
3085 3493 3327 3563 Reliqua,

1783 3602 1902 3655 qua:
1925 3597 2007 3640 est
2034 3587 2205 3640 media
2251 3588 2652 3655 praedictarum,
2695 3593 2747 3638 et
2772 3586 2875 3639 sita
2916 3586 3018 3638 sub
3049 3584 3166 3653 ipso
3198 3585 3337 3637 solis

1784 3690 2027 3731 accessu.
2052 3662 2255 3729 torrida
2275 3682 2518 3738 vocatur;
2545 3682 2705 3743 atque
2725 3674 2837 3728 haec
2857 3689 2885 3727 a
2904 3674 3146 3727 terrestri
3165 3674 3333 3742 aequi—

1781 3764 2001 3818 noctiali
2030 3765 2310 3832 mqualiter
2350 3772 2587 3825 secatur,
2638 3764 2730 3831 qui
2761 3764 2900 3817 situs
2929 3770 3011 3817 est
3042 3764 3144 3816 sub
3174 3778 3332 3816 inun—

1781 3855 1922 3907 dano
1948 3854 2308 3923 aequinoctiali
2344 3854 2564 3908 circulo.
2598 3852 2679 3907 Ex.
2700 3855 3010 3924 temperatis
3032 3855 3182 3907 zonis
3197 3852 3330 3905 dua-

1792 3947 1891 3999 bus
1920 3960 2036 3998 eam
2080 3960 2199 4014 qua:
2226 3956 2308 3999 est
2334 3946 2522 4009 borea,
2544 3960 2771 4015 quaeque
2802 3959 2831 3997 a
2861 3944 3327 4007 nobisliabitatur.
3370 3980 3375 3985 -

1773 4036 2043 4106 contingit
2095 4036 2351 4101 habitari,
2406 4052 2529 4090 cum
2573 4038 2630 4089 in
2666 4036 3054 4105 longitudinem
3102 4036 3171 4088 sit
3217 4033 3331 4089 fere

1780 4125 1985 4180 100000
2057 4127 2376 4191 stadiorum,
2428 4128 2485 4181 in
2537 4124 2877 4180 latitudinem
2936 4124 3050 4178 fere
3101 4123 3329 4179 dimidio

1778 4224 2006 4273 constet.

2351 4437 2575 4495 CAPUT
2611 4436 2747 4494 XIII.

2288 4512 2366 4605 De
2391 4551 2819 4604 habitationibus.

1850 4663 2047 4721 Eorum
2082 4665 2171 4733 qui
2214 4664 2269 4717 in
2305 4672 2449 4716 terra
2478 4660 2743 4725 habitant,
2784 4660 2875 4714 alii
2900 4658 3155 4713 dicuntur
3198 4671 3325 4726 syn-

1780 4756 1902 4820 mci,
1944 4757 2033 4809 alii
2066 4754 2305 4823 perimci,
2338 4752 2429 4804 alii
2459 4735 2679 4813 a'ntmci,
2722 4751 2817 4821 alii
2841 4748 3141 4818 antipodes.
3184 4746 3328 4817 Syn-

1781 4848 1884 4901 aaci
1925 4848 2088 4917 igitur
2125 4852 2252 4899 sunt
2279 4843 2370 4912 qui
2407 4842 2551 4897 circa
2591 4842 2835 4896 eumdem
2870 4841 3044 4893 locum
3083 4838 3324 4907 ejusdem

1781 4952 1928 4990 zonae
1956 4936 2232 4998 habitant;
2280 4932 2500 5001 perimci
2539 4946 2684 4994 vero,
2732 4929 2824 4998 qui
2867 4928 2920 4981 in
2958 4928 3143 4982 eadem
3190 4942 3325 4980 zona

1780 5028 1834 5081 in
1869 5027 2093 5080 circuitu
2118 5023 2610 5085 circumhabitant;
2639 5019 2836 5072 antaeci
2870 5032 3019 5079 vero.
3050 5010 3211 5085 quiin
3240 5033 3326 5070 ea-

1782 5119 1901 5172 dem
1946 5115 2167 5168 australi
2203 5127 2339 5167 zona
2377 5113 2478 5167 sub
2517 5110 2705 5166 eodem
2745 5108 3121 5177 hemisphaerio
3174 5108 3326 5159 habi-

1780 5216 1929 5272 tant;
1966 5205 2249 5273 antipodes
2278 5218 2429 5264 vero,
2450 5202 2541 5271 qui
2578 5200 2631 5253 in
2665 5200 2888 5253 australi
2912 5214 3045 5251 zona
3081 5198 3134 5249 in
3158 5196 3326 5248 altero

1785 5294 2160 5364 bemispbmrio
2198 5294 2464 5355 habitant,
2506 5290 2803 5345 secundum
2856 5289 3094 5344 eamdem
3132 5288 3326 5340 diame-

1781 5396 1921 5443 trum
1946 5386 2111 5455 positi
2128 5400 2250 5440 cum
2266 5383 2541 5439 babitabili
2567 5392 2749 5437 nostra
2782 5391 2955 5445 terra;
2976 5379 3324 5448 quamobrem

1782 5477 1957 5530 vocati
1980 5472 2421 5543 suntantipodes.
2443 5470 2579 5525 Cum
2602 5471 2746 5526 enim
2780 5470 2959 5522 omnia
2988 5466 3171 5535 gravia
3200 5475 3325 5515 ver-

1784 5584 1878 5624 sus
1900 5572 2145 5623 centrum
2189 5572 2431 5634 vergant,
2455 5578 2519 5619 eo
2550 5561 2693 5633 quod
2740 5575 2931 5615 versus
2979 5555 3209 5611 medium
3251 5552 3326 5606 sit
