4042 6330
783 397 884 452 835

1781 393 2120 448 APPENDIX
2157 394 2246 446 AD
2285 392 2546 448 EUSEBII
2579 393 2985 450 CHRONICON.

3847 397 3916 450 836

782 521 959 570 motus
993 525 1298 581 corporum,
1334 511 1378 564 si
1426 511 1493 564 ab
1537 509 1715 578 aliqua
1763 511 2090 564 habitatione
2130 523 2310 564 earum

2385 560 2386 568 γ
2419 509 2518 578 ρὰν
2547 510 2652 562 τῶν
2681 512 2960 580 σωμάτων,
2991 511 3082 563 ἐὰν
3115 513 3219 564 ἀπό
3245 529 3387 574 τινος
3425 513 3692 582 οἰκήσεως
3729 510 3823 561 τῶν
3853 511 3914 561 ἐπὶ

783 615 900 668 qua:
945 608 1075 652 sunt
1109 601 1164 652 iit
1209 607 1396 652 nostro
1445 599 1576 652 orbe
1615 599 1892 652 habitabili
1959 601 2026 653 ad
2076 609 2316 654 centrum

781 697 940 744 teme
971 690 1296 756 adjungatur
1326 689 1504 756 aliqua
1530 695 1696 750 recta,
1748 699 1801 742 et
1830 688 2174 758 producatur,
2205 697 2316 740 tum

781 781 836 834 hi
863 781 1104 847 qui'Sunt
1129 779 1285 846 positi
1318 779 1612 832 secundum
1637 780 2022 832 extremitatem
2065 777 2318 832 diametri

781 870 838 922 in
869 869 1086 920 australi
1141 883 1272 920 zona
1319 867 1450 920 ﬁunt
1485 867 1762 936 antipodes
1789 883 1972 922 eorum
2009 871 2100 938 qui
2143 869 2196 920 in
2226 869 2320 922 b0-

780 959 914 1011 reali
945 971 1080 1010 zona
1111 959 1371 1010 habitant.

853 1047 1115 1100 Dividitur
1143 1055 1316 1100 autem
1359 1056 1542 1102 nostra
1577 1057 1720 1102 terra
1763 1049 2074 1104 habitabilis
2115 1049 2164 1102 in
2209 1055 2320 1102 tres

783 1147 980 1206 partes,
1029 1137 1229 1200 Asiam,
1285 1137 1573 1206 Europam,
1625 1137 1868 1208 Lybiam.
1927 1139 2098 1208 Duplo
2142 1145 2320 1190 autem

783 1229 1062 1294 major‘est
1091 1229 1198 1280 fere
1247 1227 1526 1298 longitudo
1573 1229 1884 1282 habitabilis
1937 1237 2097 1281 terra:
2140 1227 2320 1280 latitu-

783 1318 906 1370 dine
939 1337 949 1370 :
977 1333 1136 1386 quam
1173 1317 1242 1370 ob
1275 1299 1514 1370 causam
1549 1319 1640 1386 qui
1685 1327 2075 1374 consentaneas
2125 1315 2318 1368 rationi

785 1417 938 1462 terra:
985 1409 1374 1477 descriptiones
1423 1411 1736 1468 instituunt,
1789 1409 2050 1477 oblongas
2107 1409 2318 1462 tabulas

781 1499 1072 1564 adhibent;
1104 1499 1244 1568 quod
1289 1499 1566 1568 longitudo
1615 1499 1776 1566 duplo
1807 1500 1878 1552 sit
1927 1482 2098 1566 major
2149 1500 2320 1552 latitu-

693 1649 702 1658 η
779 1591 924 1644 dine.
953 1589 1052 1655 Qui
1087 1606 1214 1644 vero
1241 1599 1396 1644 terras
1452 1589 1844 1658 descriptiones
1875 1589 2100 1643 rotunda
2149 1590 2316 1658 figura

779 1681 1004 1742 faciunt,
1039 1681 1264 1732 multum
1299 1683 1554 1734 aberrant
1585 1695 1614 1732 a
1655 1695 1810 1744 vero;
1839 1663 2061 1748 afqualis
2089 1681 2228 1733 enim
2261 1681 2318 1733 fit

779 1769 1058 1838 lcngitudo
1115 1768 1418 1828 latitudini;
1470 1767 1608 1836 quod
1679 1777 1874 1821 natura
1921 1783 2026 1820 non
2095 1769 2312 1836 patitur.

2417 603 2480 669 τῇ
2511 601 2630 653 καθ’
2658 603 2802 672 ἡμᾶς
2823 603 3105 672 οἰκουμένῃ
3135 603 3225 656 ἐπὶ
3253 603 3314 656 τὸ
3338 603 3560 674 κέντρον
3585 603 3686 671 τῆς
3713 602 3806 672 γῆς
3829 601 3914 652 ἑτι-

2417 689 2608 758 ζευχθῇ
2644 707 2726 752 τις
2759 691 2957 754 εὐθεῖα,
2987 693 3078 744 καὶ
3131 693 3386 764 ἐκϐληθῇ,
3415 697 3464 746 οἳ
3511 693 3652 745 κατὰ
3693 693 3754 744 τὺ
3789 691 3915 761 πέρας

2419 779 2650 846 κείμενοι
2681 779 2777 848 τῆς
2816 779 3100 850 διαμέτρου
3123 778 3184 833 ἒν
3217 785 3286 850 τῇ
3319 781 3474 850 νοτίῳ
3507 780 3650 851 ζώνῃ
3687 779 3914 840 ἀντίποδες

2419 868 2650 934 γίνονται
2673 870 2778 922 τῶν
2805 872 2862 922 ὲν
2887 874 2950 940 τῇ
2975 870 3164 941 βορείῳ
3191 873 3334 944 ζώνῃ
3355 875 3764 926 κατοικούντων.

2485 1049 2776 1116 Διαιρεῖται
2825 1046 2882 1098 δὲ
2935 1049 2966 1116 ἡ
3016 1045 3134 1098 καθ’
3163 1047 3306 1116 ἡμᾶς
3353 1043 3636 1114 οἰκουμένη
3687 1043 3768 1104 εἰς
3811 1041 3912 1110 μέρη

2417 1137 2560 1204 τρία.
2605 1136 2805 1198 Ἀσίαν,
2833 1133 3118 1204 Εὐρώπην,
3149 1133 3372 1204 Λιϐύην.
3413 1134 3698 1186 Διπλάσιον
3727 1131 3780 1184 δέ
3805 1133 3912 1182 ἐστιν

2395 1224 2490 1286 ,ὡς
2517 1224 2738 1290 ἔγγιστα
2769 1225 2827 1276 τὸ
2855 1225 3022 1294 μῆκος
3052 1225 3150 1294 τῆς
3188 1225 3508 1294 οἰκουμένης
3544 1223 3636 1274 τοῦ
3687 1223 3910 1282 πλάτουςσ

2415 1315 2481 1365 δι’
2511 1315 2575 1382 ῆν
2613 1314 2787 1366 αἰτίαν
2829 1315 2876 1366 οἱ
2906 1314 3042 1366 κατὰ
3077 1312 3230 1380 λόγον
3267 1315 3564 1384 γράφοντες
3589 1313 3684 1374 τὰς
3711 1326 3912 1380 γεωγρα·

2415 1405 2540 1474 φίας
2569 1407 2626 1456 ὲν
2655 1405 2832 1467 πίναξι
2863 1405 3124 1474 γράφουσι
3153 1407 3550 1476 παραμήκεσιν,
3577 1403 3652 1465 ὡς
3685 1403 3910 1454 διπλάσιον

2415 1491 2552 1548 εἶναι
2577 1497 2636 1547 τὺ
2665 1497 2834 1566 μῆκος
2863 1495 2953 1548 τοῦ
2985 1497 3232 1560 πλάτους.
3259 1499 3320 1548 Οἱ
3365 1495 3422 1548 δὲ
3465 1493 3790 1564 στρογγύλας
3813 1495 3912 1562 γρά-

2415 1603 2600 1654 φοντες
2627 1587 2726 1648 τὰς
2753 1587 3094 1656 γεωγραφίας
3135 1588 3266 1640 πολὺ
3307 1587 3402 1655 τῆς
3441 1585 3694 1656 ἀληθείας
3723 1585 3818 1636 ειά
3841 1601 3912 1634 περ

2415 1675 2738 1742 πλανημὲνοι
2759 1691 2772 1702 ·
2811 1677 2921 1727 ἴσον
2965 1675 3070 1744 γὰρ
3099 1675 3302 1742 γίνεται
3333 1675 3392 1726 τὸ
3422 1675 3592 1742 μῆκος
3619 1675 3698 1742 τῷ
3729 1672 3908 1724 πλὴν

2385 1785 2388 1788 ν
2414 1762 2546 1834 ὅπερ
2574 1765 2670 1816 οὐκ
2699 1763 2841 1816 ἔστιν
2869 1765 2925 1815 ὲν
2953 1767 3020 1834 τῇ
3043 1763 3214 1830 φύσει,
3259 1763 3492 1831 Ἀνάγκη
3533 1761 3626 1814 οὖν
3665 1763 3738 1832 μὴ
3771 1763 3912 1832 τηρεε-

778 1837 1011 1908 Neccsse
1045 1855 1208 1923 igitur
1235 1865 1337 1914 est.
1370 1863 1428 1907 ut
1471 1871 1576 1907 non
1619 1865 1898 1910 serventur
1939 1857 2310 1908 diszantiarum

2385 1848 2389 1885 ί
2418 1853 2537 1906 σθαι
2581 1853 2677 1912 τὰς
2713 1855 2804 1905 ἐπὶ
2839 1853 3210 1922 διαστημάτων
3237 1855 3576 1924 συμμετρίας
3603 1855 3704 1915 τὰς
3741 1853 3792 1904 ἐν
3824 1854 3912 1912 cui;

781 1947 1208 1998 mensurationes
1263 1945 1316 1998 in
1367 1945 1614 1999 rotundis
1671 1947 2151 2015 descriptionibus.
2219 1945 2314 2000 Se‘

778 2043 1050 2103 gmentum
1078 2039 1220 2088 enim
1249 2037 1516 2110 quoddam
1539 2045 1620 2090 est
1651 2038 1872 2106 sphaerae
1895 2053 2020 2105 pars
2049 2037 2316 2090 terraelia-

779 2123 968 2186 bitatu,
996 2137 1115 2192 qua:
1145 2125 1526 2192 longitudinem
1555 2125 1718 2193 duplo
1747 2127 1904 2179 habet
1937 2127 2196 2192 majorem
2239 2125 2316 2176 la-

779 2213 1022 2278 titudine,
1039 2195 1178 2282 quod
1197 2223 1528 2282 segmentum
1555 2231 1660 2268 non
1679 2223 1854 2282 potest
1881 2215 2122 2267 abscindi
2141 2215 2316 2267 circu-

779 2305 988 2356 lariter.
1025 2305 1275 2356 Dimcnso
1301 2313 1478 2358 autem
1505 2305 1736 2356 maximo
1753 2305 1956 2356 circulo
1985 2303 2092 2372 30
2107 2319 2313 2368 eorum,

781 2395 870 2459 qui
896 2399 1022 2444 sunt
1043 2393 1096 2444 in
1129 2401 1272 2444 terra
1300 2391 1594 2445 secundum
1625 2393 1980 2446 meridianum
2027 2393 2232 2456 mundi,
2261 2403 2314 2448 et

781 2483 995 2536 invento
1027 2483 1322 2552 myriadum
1352 2483 1441 2544 25,
1467 2485 1843 2538 etstadiorum
1865 2483 2002 2536 2000
2022 2502 2034 2546 ;
2055 2484 2314 2538 diametro

779 2587 906 2624 vero
929 2573 1230 2642 myriadum
1261 2571 1312 2634 8,
1347 2582 1399 2626 et
1445 2575 1746 2628 stadiorum
1787 2573 2116 2638 4l5;diviso
2135 2583 2312 2627 autem

779 2663 1072 2718 meridiano
1096 2665 1300 2738 circulo
1339 2665 1391 2716 in
1429 2671 1606 2732 partes
1627 2663 1715 2726 60,
1757 2671 1979 2718 vocatur
2025 2681 2190 2718 unum
2227 2681 2312 2718 se-

777 2763 1048 2822 gmentum
1067 2755 1473 2822 sexagesimum,
1506 2756 1650 2823 quod
1677 2763 1760 2808 est
1779 2753 1935 2809 4200.
1964 2755 2019 2808 Si
2059 2757 2202 2808 enim
2232 2755 2314 2806 di-

777 2842 1032 2895 vidnntur
1059 2841 1128 2896 25
1147 2842 1436 2910 myriades,
1469 2854 1520 2895 et
1545 2845 1682 2896 2000
1719 2843 1890 2897 stadia
1919 2844 1972 2894 in
2007 2852 2188 2911 partes
2222 2843 2310 2906 60,

779 2932 837 2984 fit
867 2935 1252 3002 sexagesimum
1283 2932 1439 2986 49.00.
1469 2931 1744 2986 Distantiae
1767 2936 1928 3001 igitur
1971 2933 2110 2986 inter
2152 2950 2314 2990 zonas

779 3021 882 3076 hoc
909 3026 1064 3074 modo
1091 3033 1214 3076 sunt
1239 3023 1493 3092 deﬁnitae.
1527 3023 1861 3092 Frigidarum
1901 3025 2114 3094 quidem
2155 3041 2314 3080 zona-

779 3127 898 3166 rum
923 3113 1145 3167 duartnn
1171 3115 1396 3168 latitudo
1430 3117 1714 3184 utriusque
1743 3129 1926 3168 earum
1967 3123 2049 3170 est
2091 3131 2310 3186 sexage-
2335 3151 2380 3214 ο

779 3203 1036 3256 simorum
1071 3203 1125 3268 6,
1151 3219 1268 3272 quae
1295 3211 1419 3258 sunt
1447 3205 1618 3258 stadia
1652 3203 1858 3268 2520ος
1897 3213 2307 3274 temperatarum

777 3308 906 3346 vero
933 3309 1188 3346 zonarum
1219 3295 1442 3347 latitudo
1473 3295 1752 3362 utriusque
1783 3309 1966 3348 earum
1995 3303 2076 3348 est
2099 3311 2311 3365 sexage-

778 3384 1038 3437 simorum
1067 3384 1118 3442 5,
1157 3399 1274 3452 qua:
1309 3385 1510 3437 faciunt
1531 3385 1702 3436 stadia
1728 3384 1930 3448 21000;
1961 3385 2176 3438 torrida:
2213 3401 2306 3438 zo-

777 3487 860 3524 na:
891 3470 1113 3522 latitudo
1141 3477 1222 3523 est
1263 3455 1714 3538 sexagesimorum
1749 3469 1800 3524 8.
1831 3470 2012 3538 Itaque
2047 3471 2115 3526 ab
2143 3475 2308 3542 aequi-

777 3561 994 3614 noctiali
1031 3575 1218 3614 versus
1263 3569 1542 3628 utramque
1581 3569 1784 3628 partem
1825 3577 1996 3630 usque
2040 3563 2106 3616 ad
2145 3565 2310 3632 tropi.

777 3667 872 3705 cos
901 3659 1024 3704 sunt
1048 3651 1376 3719 sexagesima
1401 3651 1455 3710 4.
1507 3667 1624 3719 qua:
1665 3649 1864 3704 faciunt
1903 3651 2075 3706 stadia
2117 3651 2303 3706 16800.

779 3739 918 3792 Sunt
937 3739 1102 3808 igitur
1150 3754 1178 3789 a
1207 3739 1328 3806 polo
1371 3738 1464 3806 qui
1511 3739 1676 3791 estin
1709 3747 1870 3802 terra,
1909 3739 2002 3808 qui
2041 3739 2175 3794 situs
2225 3748 2307 3794 est

845 3871 888 3900 "
911 3869 1014 3922 Pro
1045 3877 1136 3922 υιε¹
1161 3879 1264 3922 vet.
1297 3869 1457 3922 habet
1484 3867 1543 3920 δ’.

848 4001 956 4070 (Η)
1005 4003 1564 4071 Ἀναμεμετρημένου
1597 4005 1663 4057 δὲ
1703 4005 1804 4057 τοῦ
1833 4007 2132 4071 μεγίστου.
2181 4009 2306 4060 Era-

778 4075 1054 4124 tosthenea
1080 4083 1161 4125 est
1193 4075 1300 4126 haec
1335 4075 1595 4126 duuensio
1629 4075 1842 4125 maximi
1880 4077 2092 4137 circuli,
2121 4085 2178 4127 ut
2207 4091 2305 4126 au-

777 4150 893 4192 ctor
921 4149 1002 4192 est
1049 4141 1238 4194 Strabo
1283 4143 1376 4194 lib.
1414 4159 1470 4202 ii,
1511 4152 1563 4193 et
1591 4141 1793 4194 Plinius
1829 4143 1915 4195 lib.
1947 4159 2002 4200 ti,
2035 4159 2152 4211 cap.
2183 4145 2303 4208 108,

777 4223 938 4275 quam
970 4211 1264 4262 stadiorum
1297 4211 1506 4264 252000
1543 4227 1849 4264 mensuram
1885 4213 2120 4264 Romana
2155 4229 2304 4266 com-

779 4279 1056 4344 putatione
1086 4277 1240 4348 “dicit
1289 4277 1496 4332 ellicere
1543 4283 1845 4339 trecenties,
1899 4289 1951 4333 et
1993 4282 2302 4348 quindecies

777 4353 998 4414 centena
1031 4347 1192 4396 millia
1229 4361 1502 4412 passuum,
1549 4349 1686 4414 quod
1721 4359 1773 4400 et
1807 4364 1990 4400 verum
2029 4364 2127 4402 est.
2171 4351 2300 4402 Nam

777 4413 1009 4466 stadium
1051 4429 1186 4466 ωιτν
1223 4417 1469 4481 passibus
1499 4413 1724 4478 constat.
1765 4415 1992 4469 Proinde
2017 4421 2061 4469 si
2092 4419 2298 4473 252000

777 4497 872 4550 per
907 4475 1842 4556 125Πιιιιιιιίιιίιεθξ,Ϋιῖοιιι’51500000
1883 4499 2153 4552 passuum,
2179 4505 2297 4556 qme
2329 4475 2374 4531 ί)

779 4561 903 4624 sunt
927 4552 1290 4624 milliarimlun
1322 4553 1514 4624 51500.
1547 4553 1954 4624 Αιᾼϐιεοιηειιθε
1987 4557 2076 4606 lib.
2103 4570 2141 4614 ι,
2173 4552 2290 4624 cap.

779 4621 865 4680 10,
896 4621 1058 4672 refert
1085 4621 1152 4672 ab
1185 4621 1531 4674 Eratosthene
1553 4621 1826 4675 definitum
1859 4639 1978 4674 esse
2003 4632 2157 4678 terra).
2183 4621 2296 4678 ani-

779 4687 945 4761 bitum
986 4688 1194 4761 2.30000
1235 4691 1566 4761 stadiorum;
1605 4699 1658 4744 et
1687 4707 1788 4758 qua
1829 4691 2076 4744 methodo
2108 4695 2296 4761 depre-

782 4755 977 4807 hensus
1023 4759 1092 4809 sit
1131 4759 1319 4808 modus
1365 4760 1471 4814 ille.
1521 4755 1812 4814 describit.
1855 4761 2104 4812 nimirum
2141 4755 2200 4814 ei
2233 4779 2296 4816 eo

779 4825 918 4890 quod
953 4829 1192 4894 angulus,
1225 4827 1312 4892 qui
1356 4841 1618 4892 gnomone
1643 4837 1694 4879 et
1723 4828 1873 4880 radio
1903 4831 2032 4882 solis
2071 4831 2296 4884 includi-

775 4895 1258 4956 turAlesandrim,
1293 4899 1406 4945 sole
1447 4895 1500 4945 in
1532 4893 1722 4948 Cancri
1759 4899 1962 4964 tropico
2004 4899 2297 4952 meridiano

779 4971 1016 5028 tempore
1050 4965 1171 5022 sito,
1207 4977 1330 5031 pars
1363 4971 1442 5015 est
1477 4965 1914 5032 quinquagesima
1955 4973 2184 5032 quatuor
2215 4985 2296 5021 re-

779 5039 1010 5088 ctorum,
1057 5041 1113 5080 ut
1159 5040 1210 5083 et
1256 5033 1550 5098 peripheria
1584 5035 1768 5084 circuli
1806 5037 1856 5085 in
1893 5036 2165 5098 horol0gio
2199 5037 2293 5088 de-

779 5099 988 5166 scripti,
1023 5101 1104 5150 cui
1142 5100 1228 5150 ille
1261 5103 1485 5162 angulus
1517 5101 1734 5162 insistit,
1771 5117 1892 5166 pars
1931 5115 2010 5156 est
2037 5105 2296 5168 quinqua-

779 5169 1200 5237 gesimacirculi
1235 5170 1419 5220 totius.
1455 5171 1632 5232 Quare
1675 5185 1794 5221 cum
1834 5169 2042 5237 Syenen
2077 5174 2214 5224 inter
2243 5181 2296 5224 et

777 5235 1168 5304 Alexandriam,
1211 5252 1324 5304 quae
1363 5238 1461 5288 sub
1487 5241 1672 5289 eodem
1709 5235 2002 5290 meridiano
2032 5249 2180 5300 sunt,
2215 5241 2300 5292 in-

777 5303 1054 5375 tervallum
1083 5307 1150 5357 sit
1173 5303 1408 5372 qniuque
1437 5308 1658 5358 millium
1691 5307 1980 5358 stadiorum
2016 5325 2028 5360 :
2067 5324 2184 5375 qua:
2211 5317 2292 5362 est

777 5373 1212 5440 quinquagesima
1247 5388 1368 5440 pars
1399 5375 1626 5427 ambitus
1657 5384 1810 5427 terra).
1845 5394 1856 5425 :
1886 5383 2032 5428 totus
2065 5373 2296 5430 ambitus

775 5439 982 5512 250000
1006 5439 1294 5510 stadiorum
1325 5442 1556 5512 colliget.
1587 5443 1778 5495 Verum
1809 5457 1928 5495 cum
1958 5453 2032 5496 tot
2061 5449 2297 5512 antiquis

697 5537 702 5542 -
778 5511 1003 5562 testibus
1031 5509 1239 5562 (onstet
1279 5513 1345 5562 ah
1387 5509 1738 5564 Eratosthene
1783 5527 2083 5564 mensuram
2130 5509 2295 5576 illam,

777 5591 932 5650 quam
964 5578 1216 5650 diximus,
1252 5577 1461 5650 terreni
1495 5583 1725 5632 ambitus
1759 5595 1878 5632 esse
1909 5583 2293 5650 perscriptum;

775 5646 982 5716 videtur
1015 5649 1170 5712 paulo
1217 5647 1332 5713 plus
1376 5649 1816 5716 quinquagesima
1865 5646 2012 5714 parte
2055 5646 2162 5702 tam
2205 5665 2300 5702 an-

775 5713 916 5780 gulo,
964 5731 1118 5782 quem
1171 5713 1406 5784 gnomon
1452 5731 1572 5770 cum
1611 5713 1760 5770 radio
1811 5713 2082 5780 continet,
2137 5733 2296 5786 quam

2415 1943 2754 2010 στρογγύλοις
2797 1945 3178 2012 γεωγραφίαις.
3225 1945 3518 2014 Ἐκτμημά
3571 1961 3622 1996 τι
3671 1939 3776 2014 γάρ
3825 1945 3910 1994 ἐπ

2416 2029 2640 2098 σφαίρας
2693 2029 2750 2080 τὸ
2785 2031 3090 2098 οἰκούμενον
3143 2032 3304 2101 μέρος
3347 2034 3444 2102 τῆς
3489 2033 3630 2102 γῆς,
3677 2032 3910 2086 διπλάσιον

2414 2117 2530 2186 ἔχον
2567 2119 2626 2168 τὸ
2673 2118 2842 2186 μῆκος
2879 2119 2970 2170 τοῦ
3003 2121 3250 2186 πλάτους,
3295 2123 3428 2192 ὅπερ
3465 2123 3524 2174 οὐ
3557 2124 3770 2176 δύναται
3809 2123 3910 2174 ἀτο-

2411 2208 2822 2278 τερματίζεσθαι
2851 2209 3048 2280 κύκλῳ.
3091 2211 3627 2282 Ἀναμεμετρημένου
3653 2213 3710 2265 δὲ
3735 2212 3816 2264 τοῦ
3841 2229 3910 2280 με·

2413 2301 2594 2366 γίστου
2621 2301 2730 2367 (44)
2759 2301 2954 2366 κύκλου
2999 2302 3105 2354 τῶν
3143 2303 3203 2355 ὲν
3251 2305 3317 2372 τῇ
3370 2307 3438 2372 γῇ
3485 2303 3624 2355 κατὰ
3661 2305 3752 2354 τὸν
3781 2305 3830 2354 tv

2411 2390 2596 2458 κόσμῳ
2643 2391 3020 2460 μεσημϐρινὸν,
3075 2394 3167 2445 καὶ
3214 2393 3510 2464 εὑρημένου
3563 2391 3821 2462 μυριάδων
3855 2393 3910 2442 κε’

2411 2481 2503 2532 καὶ
2531 2482 2752 2535 σταδίων
2776 2483 2842 2552 ﬁ,
2872 2483 2966 2552 τῆς
2989 2483 3270 2555 διαμέτρου
3303 2486 3572 2556 μυριάδων
3603 2483 3670 2556 η’,
3697 2485 3788 2536 καὶ
3813 2483 3912 2533 στά-

2409 2567 2534 2620 δίων
2561 2571 2736 2622 υιε’⁸τ’
2781 2571 3147 2642 διαιρουμένου
3201 2589 3257 2624 τε
3317 2574 3410 2626 τοῦ
3451 2570 3910 2643 μεσημϐρινοῦμὸ)

2411 2657 2604 2710 κύκλου
2633 2661 2710 2720 εἰς
2740 2660 2876 2729 μέρη
2901 2659 2964 2724 ξ’,
2995 2660 3230 2713 καλεῖται
3253 2663 3313 2713 τὸ
3337 2661 3394 2714 ἓν
3409 2663 3600 2732 τμῆμα
3629 2661 3910 2732 ἑξηκοστόν·

2409 2745 2438 2796 ὃ
2475 2746 2674 2811 γίνεται
2712 2748 2798 2810 ,δσ
2831 2748 3032 2800 στάδια.
3077 2749 3198 2800 Ἐὰν
3242 2748 3348 2818 γάρ
3393 2749 3716 2819 μερισθιῖηιν
3761 2751 3812 2802 αἱ
3853 2746 3912 2798 κε’

2415 2837 2664 2904 μυριάδες
2697 2837 2790 2888 καὶ
2835 2837 2902 2889 τὰ
2947 2837 2992 2906 ,β
3031 2837 3214 2890 στάδια
3263 2841 3338 2900 εις
3385 2840 3522 2910 μέρη
3565 2839 3624 2902 ξ’,
3655 2837 3912 2906 γίνεταιτδ

2413 2924 2692 2992 ἑξηκοστὸν
2741 2927 2964 2980 σταδίων
2998 2929 3102 2999 ,δσἏ
3135 2929 3314 2980 Ἔστιν
3355 2925 3446 2980 οὖν
3493 2929 3560 2981 τά
3607 2927 3798 2998 μεταξὺ
3827 2925 3914 2976 τῶν

2413 3015 2590 3078 ζωνῶν
2620 3017 2952 3088 διαστήματα
2991 3021 3170 3073 τοῦτον
3203 3021 3556 3092 ἀφωρισμένα
3599 3021 3684 3073 τὸν
3723 3020 3912 3089 τρῦιυον.

2411 3105 2530 3160 Τῶν
2557 3108 2653 3176 μὲν
2675 3111 3088 3180 κατεψυγμένων
3117 3111 3296 3174 ζωνῶν
3331 3111 3424 3164 δύο
3447 3111 3506 3164 τὸ
3537 3111 3730 3173 πλάτος
3754 3109 3912 3162 ἑκατέ-

2415 3213 2530 3273 ραςγ
2571 3199 2743 3251 αὐτῶν
2789 3200 3086 3268 ἐξηκοττῶν
3139 3202 3212 3266 ς’,
3255 3201 3397 3272 ἅπερ
3457 3203 3562 3254 sint
3607 3201 3800 3254 στάδιοι
3837 3199 3913 3270 μὶν

2411 3294 2552 3350 meo"
2577 3291 2680 3341 τῶν
2700 3291 2754 3343 δὲ
2783 3293 3056 3362 εὐκράτων
3075 3292 3165 3344 δύο
3185 3291 3363 3355 ζωνῶν
3383 3293 3444 3344 τὸ
3469 3293 3658 3354 πλάτος
3679 3293 3914 3361 ἑκατέρας

2411 3379 2584 3430 αὐτῶν
2607 3379 2906 3448 ὲξηκοστῶν
2931 3389 2990 3444 ε’,
3023 3382 3058 3436 ἃ
3091 3383 3292 3448 γίνεται
3325 3381 3524 3434 στάδιοι
3551 3383 3645 3450 μὲν
3669 3389 3766 3443 ,ια’
3785 3399 3798 3410 ·
3835 3381 3912 3446 τῆς

2410 3467 2464 3520 δὲ
2511 3467 2930 3539 διακεκαυμένης
2967 3470 3140 3540 ζώνης
3175 3471 3234 3524 τὸ
3271 3471 3470 3533 πλάτος
3521 3469 3812 3540 iii-rimasz
3845 3466 3908 3536 η’·

2411 3557 2546 3612 ὥστε
2575 3561 2678 3612 ἀπὸ
2701 3561 2790 3614 τοῦ
2819 3563 3124 3646 ξὲημερινοῦ
3153 3565 3234 3632 ἐφ’
3259 3563 3490 3634 ἑκάτερα
3523 3563 3652 3632 πρὸς
3671 3561 3798 3623 τοὺς
3821 3575 3912 3630 τρο-

2411 3652 2598 3713 πικοὺς
2629 3637 2886 3720 ἑξηκοστὰ
2909 3651 3043 3706 εἶναι
3069 3655 3130 3716 δ’,
3157 3654 3192 3707 ἃ.
3217 3654 3422 3722 γίνεται
3447 3653 3632 3707 στάδια
3663 3654 3762 3722 μὲν
3779 3655 3910 3716 ,ιςωκ

2410 3741 2644 3794 Γίνονται
2678 3739 2768 3800 οὖν
2796 3745 2901 3796 ἀπὸ
2937 3746 3030 3816 μὲν
3071 3744 3160 3797 τοῦ
3207 3745 3365 3796 πόλου
3411 3743 3504 3796 τοῦ
3552 3746 3608 3796 ὲν
3651 3747 3718 3813 τῇ
3753 3745 3836 3812 τῇ.
3867 3739 3910 3800 ις

2409 4006 2848 4060 circumferentia:
2869 4007 3060 4062 circuli
3082 4007 3300 4062 maximi
3323 4009 3378 4062 in
3409 4007 3744 4064 Sciotherico
3763 4005 3910 4060 tribu-

2409 4084 2518 4128 tum
2556 4087 2774 4129 auctore
2803 4077 2894 4128 illo
2927 4077 3113 4130 fuisse.
3753 4110 3766 4120 -

2479 4143 2668 4214 Strabo
2699 4146 2814 4197 loco
2845 4145 3008 4198 citato
3043 4145 3402 4214 Hipparchum
3435 4147 3512 4199 ait
3539 4145 3781 4200 eumdem
3807 4157 3908 4198 cura

2409 4211 2758 4282 Eratosthene
2793 4221 2945 4267 terrae
2975 4211 3258 4267 circuitum
3290 4217 3610 4282 sumpsisse,
3641 4218 3908 4268 stadiorum

2406 4281 2634 4334 252000.
2661 4280 2864 4334 Plinius
2895 4297 3022 4336 vero
3051 4283 3316 4349 adjecisse
3337 4280 3488 4335 illum
3517 4285 3784 4337 asseritad
3803 4282 3911 4334 Era-

2407 4351 2671 4419 tosthenis
2702 4365 3005 4406 mensuram
3029 4353 3392 4419 paulominus
3422 4355 3716 4406 stadiorum
3737 4351 3907 4406 25000.

2407 4417 2518 4482 Qua
2550 4419 2752 4471 ratione
2787 4417 3048 4472 maximus
3079 4421 3316 4473 circulus
3343 4422 3448 4473 erit
3480 4421 3618 4473 stad.
3651 4420 3864 4473 277000.

2469 4484 2538 4539 Ut
2563 4486 2628 4538 ad
2669 4487 2946 4540 Geminum
2987 4497 3228 4540 nostrum
3271 4490 3482 4541 redeam
3505 4527 3520 4551 ,
3547 4505 3668 4542 cum
3700 4490 3746 4542 is
3773 4497 3909 4541 terra

2395 4556 2654 4606 ambitum
2688 4571 2752 4609 ex
2791 4556 3160 4610 Eratosthenis
3205 4559 3470 4612 sententia
3527 4559 3908 4612 circumscribat

2396 4624 2692 4694 stadiorum
2725 4625 2956 4686 252000,
2995 4627 3185 4678 falsum
3221 4638 3302 4680 est
3331 4627 3472 4694 quod
3517 4643 3580 4680 ex
3631 4641 3694 4679 eo
3741 4639 3910 4694 conse-

2394 4707 2564 4758 quens
2595 4693 2737 4750 facit.
2779 4695 3098 4746 diametrum
3129 4693 3374 4748 consmre
3409 4695 3550 4748 stad.
3577 4695 3768 4748 80HS.
3797 4693 3906 4758 Nam

2395 4757 2514 4830 cum
2541 4774 2602 4812 ea
2634 4763 2770 4813 ratio
2801 4763 2870 4814 sit
2896 4763 3140 4814 diametri
3169 4763 3234 4814 ad
3259 4765 3538 4824 ambitum,
3563 4779 3682 4830 qua:
3703 4775 3782 4816 est
3805 4763 3832 4813 ’ἲ
3853 4757 3906 4830 ad

2393 4828 2461 4947 22
2495 4841 2506 4882 :
2539 4839 2748 4897 oportet
2778 4830 3092 4884 diametrum
3119 4839 3272 4884 terra:
3299 4833 3552 4902 colligere
3583 4828 3726 4884 stad.
3757 4829 3908 4884 80l83

2417 4913 2524 4947 ere-

2417 4913 2524 4949 ere.

2468 4967 2574 5032 (45')
2614 4965 3021 5034 Διαιρουμένου
3055 4966 3257 5037 δὲγτοῦ
3287 4969 3707 5037 μεσημϐρινοῦ.
3747 4967 3910 5037 Circu-

2397 5033 2503 5106 lum
2541 5045 2746 5088 veteres
2794 5033 3086 5106 astronomi
3136 5036 3188 5088 in
3233 5033 3409 5106 partes
3432 5033 3718 5106 sexaginta
3747 5036 3908 5090 distri-

2397 5103 2644 5174 buerunt,
2681 5113 2736 5155 ut
2765 5117 2926 5172 supra
2959 5103 3210 5174 diximus.
3241 5105 3316 5174 Ita
3355 5103 3704 5174 sexagesima:
3735 5106 3906 5172 cuique

2397 5173 2536 5244 parti
2565 5180 2873 5244 competunt
2893 5171 3066 5224 stadia
3089 5171 3248 5228 4200.
3284 5173 3436 5238 Quod
3461 5171 3511 5228 si
3533 5177 3587 5244 in
3619 5175 3726 5227 560
3750 5171 3906 5244 partes

2395 5241 2662 5310 dividatur
2695 5241 2964 5310 circulus.
2996 5256 3140 5310 pars
3185 5245 3436 5310 quaelibet
3475 5243 3648 5296 stadia
3695 5241 3906 5310 postulat

2401 5307 2515 5380 700.
2543 5307 2675 5362 Vide
2704 5309 2960 5380 Achillem
2995 5307 3218 5363 Tatium
3235 5315 3380 5379 Iug.
3412 5327 3534 5380 cap.
3565 5311 3652 5380 29.
3684 5307 3800 5366 lam
3825 5313 3906 5362 hoc

2397 5379 2792 5436 admonuimus,
2841 5377 3228 5433 dimensionem
3279 5377 3434 5432 istam
3481 5377 3548 5432 ad
3598 5379 3904 5434 Rbodiacum

2397 5444 2624 5514 ἓγκλιμα
2664 5445 2889 5516 referri,
2931 5445 2982 5516 in
3000 5463 3127 5516 quo
3166 5447 3564 5516 scmidiameter
3597 5449 3782 5503 arctici
3819 5449 3908 5499 cir-

2398 5517 2500 5586 c_nli
2550 5515 2806 5586 graduum
2841 5524 2924 5586 est
2953 5514 3220 5586 δοριιευυ
3249 5519 3408 5568 etiam
3455 5515 3705 5586 frigidam
3739 5527 3902 5570 zonam

2398 5583 2580 5634 definit
2609 5585 2811 5635 arctico
2839 5585 3042 5653 circulo
3065 5585 3209 5637 illius
3233 5585 3332 5638 loci
3367 5583 3620 5653 proprio:
3645 5597 3706 5638 ut
3731 5587 3906 5652 quibus

2399 5653 2551 5722 polus
2589 5653 2842 5718 gradibus
2867 5651 2934 5704 54
2954 5692 2968 5712 ,
2996 5669 3058 5707 ac
3085 5653 3340 5722 deinceps
3371 5651 3614 5722 pluribus
3639 5651 3904 5722 attollunt.

2401 5719 2590 5798 frigida
2616 5723 2666 5772 in
2690 5735 2822 5773 zona
2847 5735 2966 5782 esse
2985 5719 3323 5786 censeantur,
3347 5719 3490 5791 quod
3511 5735 3590 5778 est
3613 5721 3904 5777 absurdum.
