4042 6330
154 422 262 480 8’57

1156 427 1387 484 GEMINI
1430 426 1791 480 ELEMENT-A
1833 423 2321 481 ASTRONOMIIE.

3234 424 3336 478 838

153 547 331 596 κεῖται
358 543 493 597 κατὰ
521 544 607 595 τὸν
644 545 699 596 ὲν
744 543 819 612 τῷ
868 544 1051 613 κόσμῳ
1091 544 1267 605 πόλον,
1314 545 1471 614 μέχρι
1507 545 1597 596 τοῦ
1632 547 1686 595 ὲν

1791 545 1891 597 sub
1942 544 2065 612 polo
2099 543 2305 606 mundi,
2342 557 2509 611 usque
2538 540 2604 593 ad
2647 541 2904 594 circulum
2949 540 3205 593 arcticurn
3244 544 3337 610 qui

149 637 219 702 τῇ
248 636 316 704 γῇ
342 634 595 703 ἁρκτικοῦ
623 633 821 686 στάδιοι
843 634 940 703 μὲν
972 633 1094 696 ,κεσ¹
1112 652 1123 663 ·
1163 636 1269 688 ἀπὸ
1308 635 1364 688 δὲ
1390 634 1483 686 τοῦ
1530 636 1588 699 ἐν
1625 638 1686 703 τῇ

149 725 224 791 τῇ
253 723 527 793 ἀρκτικοῦ,
566 723 623 785 ὃς
658 726 827 776 κεῖται
866 724 1003 777 κατὰ
1041 725 1130 777 τὸν
1168 728 1221 777 ἐν
1260 725 1335 794 τῷ
1375 726 1559 795 κόσμῳ
1595 726 1691 794 ἁρ-

149 811 358 873 κτικὸν,
400 810 532 882 πρὸς
562 812 650 863 τὸν
684 814 739 863 ὲν
780 815 844 881 τῇ
880 815 947 881 γῇ
974 813 1247 882 τροπικὸν,
1271 814 1327 875 ὃς
1357 817 1530 866 κεῖται
1554 812 1693 865 κατὰ

148 897 244 947 τὸν
278 899 335 948 ὲν
358 896 431 966 τῷ
460 898 644 966 κόσμω
664 898 866 969 θερινὸν
886 901 1135 967 τροπικὸν
1154 939 1168 961 ,
1200 900 1397 952 στάδιοι
1424 892 1525 968 μὲν
1562 908 1657 963 ⁴κα¹
1674 917 1687 929 ’

149 986 262 1039 ἀπὸ
306 986 362 1037 δὲ
412 987 503 1039 τοῦ
551 988 758 1059 Θερινοῦ
800 990 1056 1060 τροπικοῠ
1104 990 1258 1059 μέχρι
1300 990 1392 1042 τοῦ
1422 992 1478 1042 ἐν
1515 994 1579 1060 τῇ
1619 994 1688 1061 γῇ

154 1078 489 1147 ίσημερινοῦ,
515 1078 572 1140 ὃς
600 1081 770 1131 κεῖται
801 1081 939 1133 κατὰ
964 1081 1050 1132 τόν
1083 1083 1138 1132 ὲν
1182 1081 1256 1150 τῷ
1294 1081 1479 1150 κόσμῳ
1507 1082 1589 1149 ίση
1600 1097 1692 1149 με-

152 1168 322 1237 ρινὸν,
352 1168 547 1221 στάδιοι
578 1177 731 1234 ,ιςω’.
758 1171 919 1223 Πάλιν
952 1172 1058 1223 ἀπὸ
1093 1172 1183 1223 τοῦ
1222 1172 1528 1241 ἱσημερινοῦ
1561 1172 1692 1239 πρὸς

147 1256 244 1308 τὸν
267 1256 443 1327 ἕτερον
468 1258 718 1328 τροπικὸν
743 1266 876 1329 Ιιςω¹
896 1277 909 1289 ο
941 1259 1046 1312 ἀπὸ
1073 1260 1127 1311 δὲ
1149 1260 1240 1311 τοῦ
1264 1259 1518 1330 τροπικοῦ
1559 1260 1692 1329 πρὸς

146 1344 245 1394 τὸν
274 1346 522 1414 ἀρκτικὸν
556 1347 740 1402 στάδια
770 1354 862 1409 ,κα¹
885 1364 897 1377 ·
922 1348 1028 1401 ἀπὸ
1056 1349 1111 1401 δὲ
1134 1348 1224 1399 τοῦ
1273 1348 1540 1421 ἀρκτικοῦ,
1558 1349 1693 1418 πρὸς

145 1432 242 1482 τὸν
274 1432 453 1500 ἕτερον
482 1434 640 1486 πόλον
667 1442 788 1497 ⁴κεσ¹
806 1452 817 1464 ·
861 1435 997 1487 ὥστε
1055 1436 1372 1502 συνάγεσθαι
1410 1436 1469 1486 τὸ
1493 1435 1690 1504 μεταξὺ

145 1522 264 1574 τῶν
298 1524 466 1577 πόλων
507 1524 774 1596 διάστημα
814 1527 1079 1597 μυριάδων
1116 1527 1179 1594 ιβ’
1222 1527 1312 1579 καὶ
1361 1526 1582 1578 στάδιων
1613 1541 1689 1587 ,ς,

144 1614 289 1682 ὅπερ
313 1616 456 1667 ἐστὶν
482 1616 651 1685 ἥμισυ
682 1618 776 1687 τῆς
810 1616 1129 1685 περιμέτρου
1170 1616 1267 1683 τῆς
1308 1616 1411 1684 γῆς
1432 1633 1447 1646 ο
1497 1615 1556 1666 τὸ
1587 1615 1692 1683 γὰρ

145 1704 369 1756 ἀπὸτοῦ
404 1705 560 1757 πόλου
606 1707 696 1758 ἐπὶ
741 1706 829 1757 τὸν
873 1706 1030 1761 πόλον
1074 1707 1215 1757 ἐστὶν
1255 1704 1589 1773 ἡμικύκλιον.
1628 1703 1690 1754 Ἡ

144 1795 205 1846 δὲ
234 1795 491 1865 διαίρεσις
522 1796 627 1847 τῶν
656 1796 953 1864 ἐξηκοστῶν
977 1796 1173 1848 τούτων
1211 1796 1397 1848 καὶ’ὲν
1428 1798 1542 1855 ταῖς
1574 1801 1689 1862 κρι-

1791 646 1873 690 est
1906 638 1954 688 in
1984 646 2151 700 terra,
2186 636 2359 690 stadia
2398 633 2606 688 25200:
2650 647 2840 687 rursus
2878 632 2946 686 ab
2978 632 3178 684 art-lico
3241 633 3337 700 qui

1788 735 1870 781 est
1897 728 1948 778 in
1983 738 2146 787 terra,
2179 735 2231 779 et
2264 727 2365 780 sub
2406 726 2529 778 cceli
2570 725 2794 785 arctico,
2844 739 3014 792 usque
3053 724 3119 777 ad
3166 725 3341 792 tropi-

1788 832 1910 870 cum
1954 824 2250 881 terrenum,
2305 818 2396 884 qui
2449 815 2666 885 ponitur
2716 815 2816 869 sub
2868 816 3073 869 cmlesti
3132 816 3339 884 tropico

1788 908 1993 971 aestivo,
2048 908 2221 961 stadia
2267 906 2468 971 2l000;
2519 922 2711 961 rursus
2766 906 2833 959 ab
2896 907 3084 960 mstivo
3131 908 3338 975 tr0pico

1790 1014 1959 1066 usque
1988 987 2055 1050 ad
2083 1006 2395 1051 terrestrem
2437 998 2889 1065 aequinoctialem,
2943 1000 3033 1065 qui
3074 999 3211 1052 situs
3256 1006 3340 1052 est

1790 1090 1892 1141 sub
1950 1087 2651 1155 mquinoctiali'mundano,
2696 1097 2823 1142 sunt
2894 1090 3067 1143 studia
3128 1078 3336 1156 l6800;

1788 1193 1975 1232 rursus
2004 1180 2070 1232 ab
2098 1166 2457 1247 aequinoctiali
2499 1194 2667 1247 usque
2696 1180 2761 1232 ad
2805 1181 3031 1237 alterum
3075 1181 3337 1248 tropicum

1789 1268 1960 1321 stadia
1994 1277 2118 1323 sunt
2154 1269 2343 1323 16800.
2375 1269 2621 1323 Deindea
2647 1270 2855 1337 tropico
2886 1287 3058 1339 usque
3083 1272 3151 1325 ad
3177 1273 3342 1326 arcti-

1788 1368 1910 1407 cum
1982 1364 2107 1409 sunt
2180 1358 2356 1410 stadia
2417 1357 2625 1423 21000;
2681 1366 2955 1426 postremo
3002 1360 3070 1412 ab
3138 1362 3341 1415 arctico

1789 1459 1959 1513 usque
1979 1446 2044 1498 ad
2066 1447 2287 1501 alterum
2313 1448 2490 1516 polum
2508 1447 2699 1509 25200,
2723 1456 2779 1501 ut
2800 1449 3054 1502 distantia
3078 1450 3217 1504 inter
3245 1467 3341 1519 ροτ

1788 1533 1870 1587 los
1902 1535 2189 1604 colligatur
2214 1552 2333 1590 esse
2365 1538 2430 1589 i2
2472 1539 2792 1606 myriadum,
2829 1551 2883 1592 et
2911 1522 3168 1607 praiterea
3200 1541 3339 1595 6000

1790 1622 2104 1688 stadiorum,
2129 1626 2277 1693 quod
2318 1634 2399 1681 est
2425 1628 2703 1680 dimidium
2741 1628 3189 1682 circumferentia
3228 1638 3339 1683 ter~

1788 1725 2039 1777 ra;nam
2086 1713 2339 1766 distantia
2400 1730 2519 1783 qua:
2553 1725 2637 1768 est
2685 1729 2715 1766 a
2760 1715 2881 1782 polo
2918 1730 3085 1782 usque
3126 1717 3191 1768 ad
3241 1730 3337 1784 po-

1788 1801 1923 1863 lum,
1956 1811 2038 1855 est
2071 1803 2465 1857 semicirculus.
2504 1804 2704 1857 Divisio
2730 1812 2908 1859 autem
2950 1805 3137 1857 horum
3175 1820 3335 1859 sexa-

147 1890 357 1948 κωταῖς
397 1888 643 1957 σφαίραις
673 1890 705 1957 ή
739 1888 871 1957 αὐτὴ
905 1888 1151 1957 ὑπάρχει.
1198 1886 1686 1948 Κατασκευὰζονται

1794 1892 2116 1960 gesimurum
2172 1894 2332 1946 etiam
2387 1895 2440 1945 in
2489 1894 2855 1948 armillaribus
2890 1894 3114 1961 sphzeris
3150 1895 3333 1949 eadem

147 1976 263 2045 γὰρ
290 1979 343 2028 αἱ
372 1977 630 2045 κρικωταὶ
670 1979 888 2045 σφαῖραι
936 1977 1132 2039 οὕτως’
1169 1977 1275 2029 ἀπὸ
1326 1976 1416 2029 τοῦ
1461 1977 1620 2028 πόλου
1664 1978 1692 2029 ό

146 2061 410 2135 ἀρκτικὸς
445 2066 713 2139 διίσταται
731 2067 918 2137 μοίρας
955 2066 1061 2130 λς’,
1087 2068 1227 2137 ἅπερ
1257 2069 1399 2120 ἐστὶν
1433 2067 1691 2137 ὲξηκοστὲι

148 2161 205 2218 ς’
227 2173 241 2185 ·
282 2156 457 2220 ἑξάκις
485 2155 589 2227 γὰρ
622 2156 679 2221 ἓξ
710 2157 913 2223 γίνεται
941 2157 1046 2221 λς’.
1090 2159 1147 2210 ’0
1189 2159 1243 2209 δὲ
1294 2159 1545 2227 ἀρκτικὸς
1590 2159 1692 2211 ἀπὸ

145 2246 247 2299 τοῦ
270 2246 473 2318 Θερινοῦ
498 2248 754 2317 τροπικοῦ
782 2248 1040 2302 διίσταται
1071 2250 1260 2319 μοίρας
1283 2249 1323 2299 λ’
1342 2267 1356 2281 ·
1384 2250 1522 2319 ἆπερ
1550 2250 1691 2301 ἐστὶν

147 2337 417 2406 ὲξηκοστὰ
455 2345 512 2392 ε’.
560 2339 614 2391 ‘0
641 2339 694 2390 δὲ
739 2338 941 2407 Θερινὸς
971 2339 1220 2408 τροπικὸς
1246 2336 1350 2389 ἀπὸ
1380 2338 1470 2389 τοῦ
1505 2340 1690 2405 ἰσημε-

149 2425 305 2495 ρινοῦ
338 2424 579 2494 διέστηκε
621 2426 808 2495 μοίρας
844 2424 940 2489 κδ’,
970 2425 1110 2494 ἅπερ
1140 2426 1283 2477 ἐστὶν
1317 2424 1576 2495 ὲξηκοστὰ
1614 2427 1687 2477 δ”

146 2518 181 2568 ὁ
215 2516 278 2568 δὲ
320 2514 620 2585 ίσημερινὸς
672 2515 777 2567 ἀπὸ
838 2516 929 2568 τοῦ
970 2516 1271 2585 χειμερινοῦ
1330 2517 1583 2587 τροπικοῦ
1618 2517 1691 2568 δι-

148 2604 352 2674 έστηκε
379 2604 474 2667 τὰς
505 2605 623 2666 ἴσας
663 2605 851 2674 μοίρας
890 2605 964 2656 κδ’
984 2621 996 2634 ·
1032 2608 1058 2657 ὁ
1092 2606 1149 2656 δὲ
1180 2606 1475 2676 χειμερινὸς
1508 2622 1691 2675 τροπι-

150 2696 250 2755 κὸς
281 2691 372 2744 τοῦ
397 2693 746 2764 ἀνταρκτικοῦ
774 2694 1013 2763 διέστηκε
1046 2695 1231 2764 μοίρας
1259 2692 1328 2745 λ”
1356 2695 1383 2745 ὁ
1410 2694 1465 2746 δὲ
1499 2695 1692 2765 ἀνταρ-

76 2824 83 2827 .
152 2784 342 2847 κτικὸς
389 2785 493 2836 ἀπὸ
534 2783 625 2836 τοῦ
664 2785 832 2836 νοτίου
880 2785 1036 2836 πόλου
1072 2785 1313 2854 διέστηκε
1355 2788 1541 2859 μοίρας
1572 2788 1687 2851 λς’·

152 2875 303 2928 ὥστε
336 2875 489 2928 πάλιν
512 2875 617 2926 ἀπὸ
650 2875 739 2926 τοῦ
785 2874 942 2926 πόλου
992 2877 1083 2927 ἐπὶ
1129 2876 1219 2928 τὸν
1259 2878 1414 2930 πόλον
1468 2879 1689 2947 συνᾶγε-

151 2965 284 3018 σθαι
316 2966 413 3034 μὲν
445 2964 632 3035 μοίρας
662 2970 767 3032 ρπ¹,
800 2963 1058 3031 ἑξηκοστὰ
1083 2964 1137 3015 δὲ
1165 2965 1234 3016 λ’·
1260 2966 1392 3034 πρὸς
1414 2967 1519 3037 γὰρ
1540 2967 1693 3019 τοῦτο

149 3055 213 3106 τὸ
243 3053 303 3105 ἓν
335 3052 497 3122 κλίμα
528 3054 619 3104 καὶ
643 3054 696 3103 αἱ
733 3054 992 3121 κρικωταὶ
1021 3055 1236 3125 σφαῖραι
1266 3055 1689 3117 κατασκευάζον-

146 3161 265 3207 ται,
296 3143 388 3195 καὶ
431 3143 484 3194 αἱ
520 3142 771 3217 στερεαὶ,
794 3143 899 3194 τῶν
934 3141 1200 3213 ἀρκτικῶν
1240 3145 1413 3213 μόνων
1465 3162 1690 3213 μεταπι-

149 3235 393 3287 πτόντων
435 3232 489 3285 ἐν
530 3250 665 3286 τισιν
703 3235 940 3304 οἰκήσεσι
980 3235 1115 3289 κατὰ
1150 3235 1246 3297 τὰς
1271 3236 1587 3297 διαστάσει-ς.
1623 3236 1687 3287 Αἱ

150 3318 402 3395 μέντοιγε
429 3326 486 3377 ὲν
515 3328 579 3395 τῇ
601 3327 668 3394 γῇ
691 3323 853 3388 ζῶναι
883 3326 1013 3395 πρὸς
1044 3327 1101 3378 τὸ
1125 3328 1407 3396 εἰρημένον
1435 3325 1491 3378 ἓν
1524 3326 1688 3395 κλίμα

146 3414 480 3485 λαμϐάνουσι
525 3415 618 3483 τὴν
663 3415 915 3486 διαίρεσιν
950 3416 1054 3468 τῶν
1100 3417 1190 3468 ἐπὶ
1241 3417 1335 3485 τῆς
1370 3417 1469 3486 γῆς
1510 3432 1688 3469 κατοι-

148 3504 412 3557 κούντων.
440 3503 589 3555 Ὅσοι
622 3502 717 3571 μὲν
762 3499 850 3555 οὖν
888 3505 979 3556 ἐπὶ
1020 3504 1111 3555 τοῦ
1155 3502 1313 3557 αὐτοῦ
1354 3506 1687 3575 παραλλήλου

145 3581 481 3653 κατοικοῦσι,
528 3591 732 3653 τούτοις
778 3591 846 3644 τὰ
891 3591 1028 3644 αὐτὰ
1077 3594 1368 3662 φαινόμενα
1414 3596 1551 3646 κατὰ
1592 3592 1689 3652 τὰς

142 3686 389 3751 οἰκήσεις
418 3681 669 3747 γίνονται,
700 3681 790 3733 καὶ
835 3680 900 3733 τὰ
952 3682 1149 3752 μεγέθη
1188 3683 1291 3734 τῶν
1332 3683 1546 3751 ἡμερῶν
1578 3684 1685 3745 ἴσα,

144 3774 245 3827 καὶ
293 3772 361 3824 τὰ
412 3772 611 3841 μεγέθη
665 3772 770 3826 τῶν
821 3772 1102 3840 ἐκλείψεων
1147 3772 1256 3841 (46)
1305 3773 1545 3833 τοιαῦτα,
1596 3775 1688 3825 καὶ

139 3862 256 3917 τῶν
303 3860 675 3931 ὡροσκοπείων
717 3862 1057 3933 καταγραφαὶ
1093 3865 1147 3915 αἱ
1192 3863 1347 3914 αὐταί
1372 3880 1384 3891 ο
1429 3863 1520 3914 καὶ
1559 3863 1688 3915 καθ-

139 3951 270 4004 όλου
306 3951 478 4002 πάντα
512 3950 576 4001 τὰ
603 3951 727 4020 περ)¹
757 3950 853 4013 τὰς
896 3953 1129 4020 οἰκήσεις
1164 3953 1258 4014 τὰς
1285 3951 1374 4004 ἐπὶ
1404 3951 1495 4003 τοῦ
1524 3952 1685 4005 αὑτοῦ

138 4037 491 4109 παραλλήλου
517 4041 785 4109 κειμένας,
812 4040 878 4092 τὰ
906 4040 1040 4093 αὐτὰ
1066 4041 1312 4110 ὑπάρχει.
1358 4041 1429 4092 Τὸ
1460 4042 1564 4111 γὰρ
1601 4042 1688 4108 ἑγ-

138 4117 319 4197 κλιμά
345 4125 437 4178 τού
464 4128 659 4195 κόσμου
700 4127 845 4195 μένει
872 4128 930 4179 τὸ
966 4128 1109 4179 αὑτό.
1149 4129 1305 4198 Παρὰ
1340 4128 1445 4198 γὰρ
1488 4128 1549 4180 τὸ
1594 4129 1684 4195 ἔγ-

138 4218 322 4287 κλιμα
340 4217 430 4269 τοῦ
454 4219 652 4287 κόσμου
681 4218 904 4288 διάφορα
936 4220 1135 4285 γίνεται
1176 4220 1243 4270 τὰ
1273 4221 1582 4289 φαινόμενα.
1621 4223 1683 4272 Αἱ

140 4307 399 4376 μέντοιγε
438 4306 597 4376 ἁρχαὶ
641 4305 746 4357 τῶν
801 4304 1016 4374 ἡμερῶν
1072 4306 1161 4357 καὶ
1205 4307 1259 4356 αἱ
1310 4306 1549 4358 τελευταὶ
1589 4308 1683 4375 οὐχ

136 4396 262 4465 ἅμα
324 4397 453 4446 πᾶσι
492 4394 744 4461 γίνονται,
793 4394 903 4446 ἀλλ’
947 4391 1025 4456 οἷς
1066 4394 1161 4463 μὲν
1204 4395 1477 4465 πρότερον,
1514 4390 1593 4458 οἷς
1628 4397 1683 4447 δὲ

1789 1988 1890 2035 est.
1938 1980 2200 2034 Pal-antur
2225 1983 2389 2058 .enim.
2424 1984 2725 2036 armillares
2762 1986 2983 2052 sphaerae
3014 1986 3172 2038 sic.A
3214 1987 3337 2054 polo

1789 2071 2021 2124 arcticus
2053 2070 2216 2133 distat
2241 2070 2483 2137 partibus
2506 2070 2593 2133 56,
2620 2086 2737 2138 quae
2762 2080 2888 2124 sunt
2909 2075 3237 2141 sexagesima
3266 2075 3333 2140 6;

1790 2161 1964 2213 sexies
1987 2161 2128 2213 enim
2168 2176 2260 2213 sex
2283 2169 2409 2213 sunt
2446 2159 2532 2213 56.
2579 2160 2827 2214 Arcticus
2876 2162 2942 2215 ab
2997 2163 3180 2217 :cstivo
3228 2174 3337 2217 tro-

1790 2251 1910 2319 pico
1937 2250 2098 2302 distat
2120 2250 2375 2317 gradibus
2400 2250 2489 2313 50,
2522 2251 2613 2318 qui
2658 2250 2860 2304 faciunt
2890 2254 3220 2321 sexagesima
3265 2255 3331 2318 5;

1789 2340 2005 2404 aestivus
2032 2340 2272 2408 tropicus
2301 2339 2465 2392 distat
2493 2341 2559 2393 ab
2586 2342 2946 2409 aaquinoctiali
2967 2343 3223 2411 gradibus
3240 2344 3330 2406 24.

1789 2432 1881 2500 qui
1918 2438 2045 2484 sunt
2072 2432 2403 2499 sexagesima
2435 2429 2487 2483 4.
2521 2429 2937 2499 Αῑιιυίηοειίιιιὶς
2968 2433 3134 2487 distat
3164 2435 3230 2487 ab
3248 2434 3333 2487 bi-

1788 2522 1953 2574 berno
1988 2520 2193 2589 tropico
2215 2522 2430 2573 totidem
2458 2522 2712 2588 gradibus
2752 2521 2841 2575 24.
2896 2521 3107 2575 Rursus
3155 2522 3335 2576 hiber-

1789 2624 1889 2662 nus
1905 2610 2141 2676 tropicus
2163 2609 2230 2660 ab
2250 2609 2542 2661 antarctico
2561 2608 2724 2661 distat
2748 2609 3000 2677 gradibus
3025 2609 3121 2673 50;
3145 2617 3332 2663 antar-

1785 2703 1956 2753 cticus
1997 2701 2063 2752 ab
2110 2699 2331 2751 australi
2384 2699 2503 2766 polo
2564 2697 2726 2751 distat
2784 2697 3041 2767 gradibus
3105 2697 3210 2763 56;
3271 2708 3332 2751 ut

1788 2805 1978 2844 rursus
2019 2804 2049 2841 a
2100 2792 2223 2857 polo
2253 2802 2422 2856 usque
2460 2786 2525 2839 ad
2567 2788 2745 2856 polum
2779 2788 3099 2855 colligantur
3130 2788 3331 2855 gradus

1792 2881 1913 2944 180,
1946 2880 2277 2948 sexagesima
2309 2889 2434 2932 vero
2454 2878 2538 2931 '50.
2557 2879 2635 2929 Ad
2664 2878 2764 2929 hoc
2791 2878 2931 2929 enim
2959 2892 3122 2929 unum
3150 2877 3329 2939 clima,

1788 2980 1840 3024 et
1875 2971 2094 3040 sphaera:
2117 2970 2438 3033 armillares,
2463 2976 2516 3021 et
2552 2968 2737 3021 solidae
2770 2976 3045 3034 parantur,
3076 2981 3198 3019 cum
3228 2966 3330 3021 soli

1789 3060 1974 3112 arctici
2005 3061 2057 3113 in
2099 3060 2419 3127 quibusdam
2462 3058 2883 3111 habitationibus
2923 3057 3214 3111 secundum
3248 3058 3331 3110 di-

1790 3150 2014 3203 stantias
2061 3154 2354 3199 minentur.
2397 3148 2464 3199 At
2507 3161 2653 3199 zonm
2694 3153 2974 3198 terrestres
3019 3144 3084 3196 ad
3125 3145 3329 3197 dictum

1789 3252 1951 3291 unum
2002 3238 2163 3290 clima
2215 3236 2485 3303 accipiunt
2519 3236 2833 3287 divisionem
2876 3249 3086 3294 eorum,
3136 3234 3227 3301 qui
3274 3236 3329 3287 in

1787 3336 1929 3382 terra
1960 3327 2219 3380 habitant.
2253 3323 2415 3393 Igitur
2437 3323 2527 3393 qui
2569 3324 2753 3377 eodem
2786 3324 2841 3376 in
2886 3324 3140 3391 parallelo
3177 3324 3329 3377 habi-

1778 3425 1924 3481 tant,
1950 3417 2032 3471 bis
2057 3416 2250 3471 eaedem
2284 3422 2408 3468 sunt
2432 3414 2756 3483 apparentiae
2790 3414 3081 3466 secundum
3120 3413 3331 3467 habita-

1785 3508 1990 3572 tiones;
2015 3513 2067 3559 et
2094 3505 2485 3573 magnitudines
2515 3503 2723 3556 dierum
2751 3503 2983 3570 aequales
3006 3518 3021 3566 ;
3045 3510 3098 3553 et
3124 3501 3330 3568 magni-

1784 3593 1998 3649 tudines
2026 3593 2306 3661 eclipsium
2330 3591 2533 3644 similes
2560 3607 2575 3653 ;
2606 3597 2657 3643 et
2682 3588 3071 3657 descriptiones
3102 3589 3325 3641 horolo-

1785 3686 2024 3754 gicorum
2092 3683 2566 3736 instrumentorum
2620 3679 2850 3742 easdem;
2900 3686 2953 3731 et
3017 3678 3327 3731 summatim

1784 3771 1962 3825 omnia
1990 3784 2109 3838 quae
2133 3770 2451 3838 contingunt
2480 3771 2625 3820 circa
2656 3765 3014 3819 habitationes
3055 3766 3107 3818 in
3138 3766 3325 3820 eodem

1784 3860 2041 3928 parallelo
2062 3862 2284 3928 positas.
2305 3860 2647 3913 sunteadem.
2678 3856 2810 3910 Nam
2836 3858 3115 3911 inclinatio
3136 3858 3324 3911 mundi

1784 3957 1961 4002 manet
1988 3947 2192 4001 eadem.
2239 3947 2461 4015 Propter
2494 3947 2896 4000 inclinationem
2950 3944 3091 3997 enim
3140 3945 3326 3998 mundi

1783 4036 2003 4089 diversa!
2060 4046 2186 4090 sunt
2257 4037 2597 4104 apparentia.
2666 4034 2832 4103 Atqui
2894 4035 3047 4087 initia
3116 4034 3324 4086 dierum

1783 4134 1834 4180 et
1877 4126 2008 4180 fines
2052 4141 2157 4179 non
2191 4126 2349 4182 simul
2396 4125 2529 4177 ﬁunt
2575 4125 2844 4185 omnibus,
2880 4123 2972 4175 sed
3003 4120 3123 4174 aliis
3152 4122 3322 4189 prius,

1784 4218 1904 4271 aliis
1947 4217 2213 4285 posterius
2247 4222 2473 4281 :estque
2524 4214 2662 4282 apud
2713 4220 2898 4267 omnes
2941 4212 3113 4280 prima
3168 4212 3319 4273 liora.

1783 4321 1901 4359 cum
1943 4320 2005 4359 ea
2052 4305 2189 4373 apud
2239 4304 2373 4357 alios
2422 4306 2493 4358 sit
2532 4306 2761 4357 medium
2812 4301 2940 4367 diei,
3008 4301 3148 4370 apud
3190 4303 3326 4356 alios

1782 4409 2025 4447 occasus.
2070 4392 2186 4445 Jam
2225 4407 2355 4446 vero
2377 4392 2552 4461 quoad
2592 4406 2830 4453 sensum,
2873 4391 2983 4445 fere
3032 4391 3097 4443 ad
3148 4391 3324 4443 stadia

137 4485 373 4554 ὕστερον
397 4523 411 4536 .
455 4484 561 4535 Καί
599 4488 740 4535 ἐστιν
780 4486 813 4553 ἡ
863 4484 1007 4554 παρὰ
1041 4486 1200 4535 πᾶσιν
1235 4484 1278 4515 ⁸³
1314 4491 1363 4536 α’
1388 4484 1522 4553 ὥρα,
1561 4488 1685 4554 παρ’

1786 4484 1885 4538 400
1931 4486 1999 4537 ab
2047 4491 2167 4536 ortu
2222 4499 2411 4539 versus
2466 4497 2717 4535 occasum
2767 4482 2906 4535 idem
2957 4488 3133 4533 manet
3169 4479 3321 4531 hori-

134 4574 328 4634 ᾱλλοις
358 4574 516 4641 μέσον
559 4574 763 4642 ἡμέρας
816 4570 963 4633 οὖσα,
1003 4576 1128 4643 παρ’
1159 4572 1238 4635 οἷς
1264 4574 1319 4625 δὲ
1354 4574 1501 4637 δύσις
1527 4574 1676 4628 οὖσα.

140 4665 286 4735 Ἤδη
325 4659 565 4732 μέντοιγε
601 4664 732 4732 πρὸς
753 4663 848 4733 τὴν
864 4663 1106 4733 αἴσθησιν
1126 4665 1304 4733 σχεδὸν
1328 4668 1416 4717 ἐπὶ
1440 4668 1681 4728 σταδίους

138 4760 187 4805 υ⁹
218 4753 321 4805 ἀπ’
347 4749 601 4819 ἀνατολῆς
638 4751 729 4801 ἐπὶ
759 4749 905 4802 δύσιν
937 4752 964 4800 ό
996 4750 1152 4811 αὐτὸς
1187 4752 1378 4820 ὁρίζων
1406 4751 1674 4819 διαμένει·

130 4842 286 4894 ὥστε
347 4841 477 4911 πρὸς
521 4840 760 4909 αἴσθησιν
806 4838 918 4907 ἅμα
949 4838 1046 4908 τὴν
1086 4840 1342 4908 ἀνατολὴν
1383 4841 1557 4901 αὐτοῖς
1597 4839 1679 4906 γί-

133 4931 332 4984 νεσΘαι
377 4931 468 4981 καὶ
513 4930 609 5000 τήν
645 4930 811 4983 δύσιν.
840 4930 1003 4981 Ὅταν
1049 4928 1103 4980 δὲ
1150 4928 1325 4981 πλεῖον
1365 4929 1582 4996 γένηται
1625 4932 1683 4983 τὸ

131 5023 413 5088 διάστημα
439 5019 542 5070 τῶν
573 5026 615 5070 υ¹
650 5019 890 5081 σταδίων,
912 5018 1267 5089 προανατολαὶ
1288 5020 1378 5069 καὶ
1404 5020 1681 5087 προδύσεις

130 5113 401 5179 γίνονται.
434 5110 554 5171 Τοῖς
584 5109 640 5160 δὲ
671 5110 763 5160 ἐπὶ
797 5109 889 5161 τοῦ
921 5108 1080 5161 αὑτοῦ
1116 5098 1473 5178 μεσημϐρινοῦ
1506 5126 1681 5160 κατοι-

131 5200 296 5254 κοῦσι
326 5200 483 5270 μέχρι
529 5198 624 5268 μὲν
672 5197 890 5251 σταδίων
921 5205 963 5251 υ¹
989 5198 1373 5266 ἀνεπαίσθητος
1412 5197 1619 5263 γίνεται
1643 5200 1676 5267 ἡ

207 5354 256 5405 ιδ
364 5374 523 5425 τισίν.

208 5524 326 5596 (46)
354 5523 462 5577 Καὶ
500 5524 571 5596 τὰ
610 5525 823 5596 μεγέθη
868 5523 981 5577 τῶν
1032 5526 1371 5592 ἐκλείψεων.
1430 5524 1665 5579 Falsum.

136 5592 274 5646 Nam
314 5608 482 5658 neque
514 5592 929 5661 de_lunaribus.
982 5609 1150 5661 neque
1197 5596 1263 5648 de
1302 5596 1568 5647 solaribus
1613 5596 1665 5647 id

138 5672 292 5715 recte
326 5662 540 5713 dicitur.
591 5659 829 5715 Lunares
876 5659 1076 5729 quippe
1120 5677 1223 5714 non
1267 5663 1317 5713 in
1357 5664 1541 5714 iisdem
1574 5678 1664 5715 so-

140 5733 420 5784 lummodo
462 5729 728 5797 parallelis
778 5732 1009 5799 a‘quales
1068 5741 1358 5799 apparent,
1411 5731 1501 5783 sed
1548 5734 1663 5785 ubi-

1784 4591 1903 4628 zon.
1968 4575 2147 4642 itaque
2206 4575 2378 4642 quoad
2457 4587 2673 4627 sensum
2722 4573 2882 4624 simul
2954 4571 3085 4639 ipsis
3144 4572 3323 4622 evenit

1782 4674 1951 4727 Ortus,
1981 4671 2033 4716 et
2054 4678 2296 4717 occasus.
2326 4662 2391 4713 At
2418 4662 2506 4715 ubi
2538 4662 2793 4715 distantia
2830 4659 2989 4712 fuerit
3020 4657 3192 4725 major
3216 4658 3321 4711 400

1784 4752 1987 4815 stadiis,
2051 4752 2121 4804 ibi
2167 4750 2594 4818 antegressioncs
2644 4761 2855 4802 ortuum
2914 4756 2965 4800 et
3028 4761 3319 4801 occasuum

1783 4841 1930 4893 ﬁunt.
1960 4841 2026 4894 lis
2068 4855 2192 4892 vero
2228 4841 2319 4906 qui
2370 4840 2421 4890 in
2476 4840 2661 4893 eodem
2716 4838 3010 4890 meridiano
3052 4837 3317 4900 habitant,

1785 4947 1954 4999 usque
1990 4931 2054 4983 ad
2093 4930 2264 4984 stadia
2310 4930 2413 4982 400
2459 4929 2785 4984 insensibilis
2830 4926 2884 4978 ﬁt
2916 4927 3189 4979 climatum
3228 4944 3319 4978 va-

1784 5022 1948 5075 rietas
1981 5022 2155 5073 simul.
2190 5019 2568 5073 Verumtamen
2597 5022 2664 5072 ob
2689 5033 2803 5071 eam
2830 5010 3159 5080 distantiam,
3204 5033 3322 5085 qua:

1785 5112 1954 5178 magis
1985 5110 2315 5162 transcendit
2348 5124 2533 5161 versus
2578 5108 2989 5172 septentrionem
3027 5113 3118 5157 aut
3158 5107 3318 5155 meri-

1787 5198 1947 5261 diem,
1983 5198 2083 5250 alia
2113 5198 2170 5249 iit
2202 5199 2494 5251 inclinatio.
2522 5194 2725 5264 itaque
2767 5210 2953 5249 omnes
2996 5194 3320 5262 apparentia)
3380 5184 3383 5185 ν

1775 5538 1986 5591 cunque
2020 5523 2141 5574 luna
2175 5522 2517 5589 prospicitur.
2560 5522 2775 5574 Solares
2810 5533 2984 5573 autem
3019 5524 3177 5575 etiam
3214 5523 3316 5576 sub

1773 5595 1960 5646 eodem
1986 5592 2244 5657 parallelu
2273 5592 2561 5651 inaequales
2589 5592 2867 5650 videnlur;
2898 5603 2981 5640 au'
3008 5592 3163 5641 eti‘am
3190 5592 3315 5647 alibi

1775 5662 1990 5731 minime
2026 5661 2289 5712 videntur.
2319 5660 2495 5721 Quare
2537 5660 2677 5711 aliud
2729 5662 2901 5731 agenti
2949 5659 3049 5710 boc
3088 5657 3313 5714 Gemino

1772 5725 1988 5784 excidit.
