4042 6330
690 409 813 463 ’8⁸59

704 616 1010 685 gnitudines
1047 616 1354 684 eclipsium,
1404 622 1458 667 et
1497 611 1900 681 herologiorum
1939 609 2264 678 descriptio-

1694 401 2033 457 APPENDIX
2070 401 2163 456 ΔΙ)
2204 398 2470 457 EUSEBII
2512 396 2926 455 CHRONICON.

708 536 835 581 sunt
858 524 1102 581 diversae.
1129 523 1339 579 Etenim
1366 519 1766 591 magnitudines
1792 519 2027 583 dierum,
2069 527 2123 573 et
2148 534 2246 573 ma-

2361 517 2469 571 τῶν
2519 517 2791 588 κλιμάτων
3238 513 3395 583 ἅμα·
3460 511 3526 564 τὸ
3572 512 3620 543 ⁸⁸

3698 516 3905 583 psmn:

2358 610 2546 663 ’πλεῖον
2583 609 2851 678 διάστημα
2888 605 3185 677 ὑπερϐῆναι
3219 605 3265 636 ⁸⁸
3300 604 3439 675 πρὸς
3484 603 3690 674 ἄρκτον
3722 604 3753 674 ἢ

705 722 803 761 nes
831 707 1058 763 diversa!
1107 714 1329 777 propter
1379 706 1743 760 habitationes
1787 694 1924 757 ﬁunt
1952 703 2019 757 iis
2069 702 2161 771 qui
2208 701 2246 755 it

2368 699 2731 771 μεσημϐρίαν,
2762 698 2890 750 ἄλλο
2924 696 3129 765 γίνεται
3177 694 3413 765 ἐγκλιμα
3434 712 3448 724 ·
3486 694 3637 747 ὥστε
3668 696 3831 748 πάντα
3853 698 3903 747 τὰ

702 797 891 852 eodem
913 798 1212 852 meridiano
1239 798 1506 853 habitant.
1536 796 1669 850 Nam
1695 796 1979 850 inclinatio
2004 802 2263 856 mutatur,

702 904 825 941 cum
857 890 942 943 vel
976 888 1042 943 ad
1072 890 1311 952 boream,
1342 890 1427 944 vel
1465 888 1530 942 ad
1570 888 1848 942 meridiem
1886 885 1946 939 ﬁt
1979 886 2262 940 transitus.

701 979 862 1046 Atqui
896 978 1209 1033 medictates
1238 979 1448 1033 dierum
1492 985 1545 1032 et
1573 977 1887 1032 medietates
1914 978 2152 1030 noctium
2184 975 2261 1028 si-

702 1068 811 1121 mul
841 1069 1099 1122 eveniunt
1144 1071 1398 1124 omnibus
1447 1068 1513 1123 iis
1558 1068 1652 1139 qui
1685 1068 1741 1121 in
1786 1066 1975 1121 eodem
2017 1065 2263 1119 habitant

702 1161 1016 1214 meridiano.

2364 790 2658 859 φαινόμενα
2679 787 2909 858 διάφορα
2933 786 3191 855 γίνεσθαι.
3224 786 3335 838 Καὶ
3363 785 3475 855 γὰρ
3498 783 3572 838 τὰ
3604 784 3801 855 μεγέθη
3817 784 3904 838 τῶν

2363 875 2603 945 ἡμερῶν,
2634 874 2726 926 καὶ
2759 872 2827 925 τὰ
2861 872 3062 943 μεγέθη
3107 871 3214 924 τῶν
3246 873 3566 941 ἐκλείψεων,
3609 874 3705 926 καὶ
3743 875 3796 926 αἱ
3821 872 3905 924 τῶν

2363 966 2665 1037 ὡρολογίων
2709 964 3053 1035 καταγραφαὶ
3094 962 3338 1033 διάφοροι
3377 960 3529 1033 παρὰ
3565 964 3667 1025 τὰς
3696 965 3907 1032 οἰκήσεις

2367 1056 2597 1123 γίνονται
2624 1058 2734 1117 τοῖς
2760 1056 2851 1107 ἐπὶ
2878 1053 2971 1106 τοῦ
3013 1054 3172 1106 αὑτοῦ
3201 1053 3575 1124 μεσημϐρινοῦ
3600 1054 3903 1107 κατοικοῦσι.

2368 1150 2440 1202 Τὸ
2459 1151 2565 1219 γὰρ
2602 1148 2831 1217 ἐγκλιμα
2878 1146 3219 1216 μεταπίπτει,
3254 1145 3286 1215 ἢ
3323 1145 3457 1215 πρὸς
3490 1146 3696 1214 ἀρκτον
3732 1144 3761 1215 ἢ
3793 1145 3905 1216 πρὸς

703 1253 1039 1324 μεσημϐρίαν
1076 1254 1172 1323 τῆς
1216 1253 1559 1323 μεταϐάσεως
1602 1254 1909 1324 γινομένης.
1960 1252 2041 1305 τὰ
2076 1250 2323 1319 μέντοιγε
2381 1246 2520 1311 μέσα
2562 1245 2671 1296 τῶν
2727 1241 2947 1313 ἡμερῶν
2982 1242 3079 1295 καὶ
3128 1237 3196 1293 τὰ
3229 1240 3369 1310 μέσα
3402 1240 3510 1292 τιῖιν
3545 1239 3755 1292 νυκτῶν
3805 1239 3904 1329 ἀμ

698 1346 829 1397 πᾶσι
857 1346 1059 1414 γίνεται
1098 1350 1210 1411 τοῖς
1235 1350 1326 1401 ἐπὶ
1352 1348 1444 1402 τοῦ
1478 1348 1638 1401 αὑτοῦ
1672 1347 2042 1419 μεσημϐρινοῦ
2073 1342 2434 1397 κατοικοῦσιν.
2595 1346 2603 1357 '

764 1438 863 1508 31
898 1437 1029 1493 Cum
1056 1450 1235 1495 autem
1269 1442 1335 1496 de
1368 1444 1596 1496 australi
1627 1458 1765 1496 zona
1799 1442 2054 1503 dicimus,
2097 1451 2151 1496 et
2193 1441 2260 1493 de

699 1528 767 1581 iis
797 1531 887 1598 qui
920 1530 974 1584 in
1008 1546 1069 1585 ea
1105 1532 1368 1595 habitant,
1405 1532 1473 1586 ad
1513 1534 1627 1586 haec
1676 1535 1742 1588 de
1786 1533 2133 1603 antipodibus
2164 1530 2256 1601 qui

698 1625 750 1671 in
772 1622 959 1673 eadem
994 1628 1157 1685 sunt;
1191 1624 1440 1677 convenit
1466 1637 1528 1676 ea
1561 1637 1681 1693 qua:
1700 1625 1957 1679 dicuntur
1986 1625 2065 1679 sic
2100 1624 2258 1677 intel-

696 1711 880 1779 ligere,
917 1720 977 1764 ut
1012 1728 1112 1767 nos
1150 1714 1216 1767 de
1244 1716 1469 1768 australi
1500 1717 1715 1783 quidem
1748 1731 1882 1770 zona
1926 1718 2130 1771 nullam
2174 1715 2257 1769 lti-

2433 1433 2599 1487 Ὀταν
2639 1432 2697 1485 δὲ
2740 1433 2867 1503 περὶ
2911 1432 3013 1502 τῆς
3063 1430 3235 1505 νοτίου
3289 1430 3467 1501 ζώνης
3514 1431 3784 1502 λέγωμεν,
3824 1435 3903 1487 καὶ

2359 1523 2468 1577 τῶν
2516 1526 2573 1576 έν
2616 1524 2750 1595 αὑτῇ
2805 1521 3221 1585 κατοικούντων,
3257 1522 3393 1593 πρὸς
3438 1522 3495 1575 δὲ
3547 1523 3765 1586 τούτοις
3794 1526 3902 1593 api

2357 1617 2466 1668 τῶν
2522 1616 2580 1667 ὲν
2641 1616 2776 1685 αὑτῇ
2842 1613 3137 1667 ἀντιπόδων
3192 1613 3300 1665 τῶν
3353 1613 3697 1683 λεγομένων·
3754 1615 3903 1677 οὕτως

2357 1706 2573 1759 ἀκούειν
2636 1708 2933 1777 προσήκει,
2988 1707 3063 1769 ὡς
3137 1703 3404 1776 μηδεμίαν
3468 1706 3627 1777 ἡμῶν
3684 1710 3903 1779 ἱστορίαν

695 1800 915 1851 storiam
942 1802 1330 1869 acceperimus,
1362 1820 1536 1873 neque
1565 1820 1631 1859 an
1666 1806 1760 1860 ulli
1798 1809 1851 1860 in
1879 1821 1940 1861 ea
1971 1806 2246 1871 habitent;

2356 1799 2764 1879 παρειληφότων
2797 1800 2922 1869 περὶ
2959 1799 3057 1868 τῆς
3104 1800 3277 1851 νοτίου
3308 1799 3503 1870 ζώνης,
3538 1800 3676 1871 μηδὲ
3702 1802 3758 1855 et
3781 1817 3902 1862 τινες

697 1887 789 1939 sed
830 1888 972 1957 quod
1016 1891 1227 1945 ratione
1280 1895 1447 1947 totius
1488 1894 1731 1963 sphaerae.
1764 1906 1819 1951 et
1853 1896 2035 1966 figurae
2072 1906 2249 1959 teme,

696 1984 749 2028 tt
783 1991 1104 2046 progressus
1149 1982 1299 2045 solis.
1334 1984 1424 2053 qui
1472 1985 1529 2038 lit
1570 1987 1711 2041 inter
1739 1989 1999 2056 tropicos,
2034 1988 2105 2041 sit
2154 1989 2251 2041 ali-

693 2082 800 2133 qua
836 2069 1212 2125 etiam.altera
1254 2088 1411 2135 zona,
1446 2089 1539 2128 seu
1585 2076 1739 2145 plaga
1788 2091 1976 2129 versus
2005 2084 2265 2131 austrum.

696 2156 825 2217 sita,
858 2171 975 2225 quae
1007 2157 1200 2212 habeat
1234 2160 1372 2212 idem
1408 2171 1888 2231 temperamentum
1925 2178 2047 2217 cum
2088 2164 2249 2215 borea

692 2262 849 2309 zona.
893 2251 946 2301 in
973 2265 1078 2317 qua
1116 2267 1215 2303 nos
1251 2252 1589 2319 habitamus;
1624 2255 1873 2308 similiter
1912 2257 2073 2308 etiam
2116 2254 2259 2333 dici-ﬂ

694 2352 815 2388 mus
842 2337 908 2389 de
932 2338 1294 2406 antipodibus.
1320 2354 1427 2392 non
1455 2341 1611 2411 quasi
1639 2342 1858 2393 omnino
1882 2340 2130 2394 habitent
2156 2341 2250 2393 ali-

692 2430 785 2498 qui
836 2430 889 2483 in
936 2432 1121 2486 eadem
1149 2433 1417 2487 diametro
1454 2434 1734 2489 nobiscum
1772 2453 1785 2487 :
1839 2434 1932 2490 sed
1978 2433 2122 2503 quod
2175 2436 2259 2489 sit

693 2520 889 2588 aliquis
931 2522 1083 2576 locus
1124 2523 1434 2578 habitabilis
1478 2526 1531 2577 in
1580 2532 1723 2579 terra
1756 2524 2053 2578 secundum
2101 2538 2249 2578 cam-

692 2614 812 2664 dem
837 2612 1158 2668 diametrum
1183 2616 1484 2670 nobiscum.
2236 2600 2241 2605 ἡ

762 2787 875 2841 Sub
924 2791 1181 2844 torridam
1232 2798 1413 2845 autem
1466 2806 1653 2869 zonam
1692 2792 1935 2845 nonnulli
1982 2802 2244 2858 veterum,

691 2880 831 2935 inter
870 2898 1007 2950 quos
1046 2892 1130 2937 est
1179 2892 1233 2936 et
1274 2883 1568 2937 Cleanthes
1612 2882 1830 2937 Stoicus
1867 2882 2244 2952 philosophus,

690 2972 1042 3040 prodiderunt
1088 2974 1270 3027 fusum
1312 2989 1433 3028 esse
1466 2976 1604 3028 inter
1655 2977 1888 3044 tropicos
1921 2973 2192 3028 Oceanum
2231 2991 2243 3025 :

690 3062 890 3132 quibus
929 3077 1295 3133 congruenter
1341 3073 1395 3119 et
1438 3066 2054 3143 Crates|grammaticus
2094 3080 2246 3120 erro-

2352 1887 2409 1939 ὲν
2460 1887 2595 1957 αὐτῇ
2652 1887 2991 1940 κατοικοῦσιν
3014 1902 3031 1918 ⁸
3092 1888 3205 1941 ἀλλ’
3248 1888 3330 1940 ὅτι
3392 1889 3580 1942 ἕνεκεν
3635 1890 3742 1961 τῆς
3795 1887 3902 1961 ὅλης

2354 1975 2751 2045 σφαιροποιίας,
2788 1976 2879 2027 καὶ
2933 1976 3027 2029 τοῦ
3074 1978 3348 2047 σχήματος
3384 1979 3482 2047 τῆς
3522 1978 3650 2048 γῆς,
3700 1980 3795 2033 καὶ
3820 1980 3902 2049 τῆς

2351 2062 2582 2132 παρόδου
2622 2061 2715 2115 τοῦ
2749 2063 2900 2133 ἡλίου
2945 2066 3045 2134 τῆς
3075 2065 3277 2134 μεταξὺ
3301 2066 3408 2119 τῶν
3456 2070 3741 2139 τροπικῶν
3776 2086 3901 2138 τινι-

2352 2156 2536 2224 μένης,
2572 2153 2683 2207 ἐστι
2711 2172 2793 2216 τις
2816 2156 2910 2208 καὶ
2949 2156 3111 2226 ἑτέρα
3150 2156 3292 2226 ζώνη
3326 2158 3460 2228 πρὸς
3485 2160 3638 2213 νότον
3666 2163 3899 2233 κειμένη,

2347 2246 2445 2316 τὴν
2477 2246 2644 2317 αὐτὴν
2681 2248 2973 2318 εὐκρασίαν
3016 2247 3211 2317 ἔχουσα
3248 2252 3312 2318 τῇ
3358 2249 3555 2320 βορείῳ
3598 2251 3768 2325 ζώνῃ,
3794 2248 3898 2323 ιςνῇ

2350 2336 2702 2408 κατοικοῦμεν
2732 2338 2888 2409 ἡμεῖς
2909 2354 2923 2368 ·
2954 2338 3149 2408 ὁμοίως
3191 2338 3247 2391 δὲ
3274 2340 3367 2392 καὶ
3396 2340 3527 2411 περὶ
3560 2342 3670 2393 τῶν
3700 2344 3899 2397 ἀντιπό-

2346 2426 2449 2478 δων
2490 2426 2738 2497 λέγομεν,
2790 2429 2885 2497 οὑχ
2937 2428 3011 2490 ὡς
3058 2428 3197 2481 κατά
3244 2430 3351 2481 πᾶν
3408 2430 3707 2485 οἰκούντων
3757 2433 3897 2486 τινῶν

2348 2518 2485 2573 κατὰ
2533 2518 2629 2587 τὴν
2672 2519 2839 2589 αὐτὴν
2894 2520 3179 2590 διάμετρον
3224 2524 3376 2591 ημῖν,
3425 2522 3542 2575 ἀλλ’
3576 2524 3731 2588 ὄντος
3774 2526 3897 2586 τινὸς

2345 2611 2506 2663 τόπου
2570 2611 2853 2682 οίκησίμου
2927 2613 3018 2664 ἐπὶ
3082 2614 3180 2682 τῆς
3240 2614 3342 2683 γῆς
3405 2616 3549 2669 κατὰ
3622 2615 3897 2688 διάμετρον

2347 2703 2379 2770 ἡ
2388 2703 2495 2770 μῖν.
2602 2742 2605 2747 .

2431 2792 2564 2845 Ὑπὸ
2594 2793 2649 2845 δὲ
2678 2794 2775 2861 τὴν
2816 2792 3245 2863 διακεκαυμένην
3284 2792 3463 2864 ζώνην
3504 2796 3651 2859 τινὲς
3682 2796 3787 2847 τῶν
3809 2796 3897 2866 ἁρ-

2346 2881 2515 2949 χαίων
2540 2882 2905 2950 ἀπεφήναντο,
2932 2874 3006 2934 ὧν
3038 2883 3153 2933 ἐστι
3191 2883 3282 2934 καὶ
3311 2882 3596 2955 Κλεάνθης
3619 2887 3647 2937 ό
3675 2887 3894 2947 Στωῐκδς

2348 2971 2650 3039 φιλόσοφος,
2700 2972 3059 3043 ὑποκεχύσθαι
3110 2973 3310 3043 μεταξὺ
3355 2975 3462 3027 τῶν
3506 2977 3775 3046 τροπικιῖιν
3812 2978 3896 3028 τὸν

2360 3062 2637 3114 Ὠκεανόν·
2669 3057 2748 3125 οἷς
2792 3062 3095 3126 ἀκολούθως
3142 3064 3235 3116 καὶ
3265 3064 3491 3136 Κράτης
3529 3070 3559 3119 ό
3597 3082 3895 3137 γραμματι-

687 3170 802 3209 rem
844 3154 1055 3224 Ulyssis
1093 3156 1407 3225 disponens,
1467 3167 1521 3211 et
1567 3166 1731 3210 totam
1776 3157 2060 3235 spbzeram'
2090 3166 2246 3211 terra:

2348 3154 2459 3218 κὸς,
2489 3153 2586 3224 τὴν
2627 3154 2829 3225 πλάνην
2866 3153 2957 3206 τοῦ
2997 3154 3288 3217 Ὀδυσσέως
3314 3155 3639 3219 διατάσσων,
3672 3160 3761 3212 καὶ
3800 3159 3895 3229 τὴν

686 3246 1004 3303 describens
1036 3248 1204 3302 certis
1249 3248 1492 3314 circulis,
1518 3246 1969 3317 Quemadmodum
1993 3250 2247 3320 praedixi-

686 3357 828 3403 mus,
849 3341 1021 3411 ﬁngit
1058 3341 1199 3394 inter
1230 3343 1472 3409 tropicos
1514 3342 1791 3394 Oceanum
1830 3355 1953 3395 esse
1985 3344 2241 3409 positum,

681 3434 875 3488 dicens
917 3444 1282 3502 congruenter
1323 3434 1721 3487 mathematicis
1764 3432 1933 3485 totius
1980 3448 2039 3486 se
2088 3441 2246 3487 terra;

683 3524 1096 3593 dispositionem
1131 3524 1437 3578 instituere.
1560 3516 1563 3519 ⁴

752 3695 819 3747 At
879 3696 1002 3749 talis
1044 3696 1332 3765 dispmitio
1376 3696 1551 3750 aliena
1584 3702 1667 3751 est
1700 3702 1753 3749 et
1803 3711 1832 3748 a
1867 3695 2243 3750 mathematica

684 3794 736 3835 rt
770 3801 797 3838 a
823 3786 1047 3853 physica
1078 3786 1344 3849 doctrina,
1370 3795 1420 3839 et
1452 3785 1594 3853 apud
1624 3786 1828 3839 nullum
1857 3790 2098 3839 veterum
2127 3801 2243 3839 ma-

685 3876 1099 3928 thematicorum
1136 3877 1276 3928 inter
1308 3878 1567 3945 tropicos,
1600 3885 1658 3928 ut
1684 3876 1876 3930 Crates
1906 3876 2085 3941 docet,
2130 3876 2245 3930 col-

685 3968 882 4021 locata.
928 3964 1061 4019 Nam
1108 3970 1311 4022 nostris
1357 3969 1688 4037 temporibus
1738 3968 1849 4035 jam
1880 3976 1933 4023 et
1964 3976 2240 4036 perspecta

681 4070 736 4114 ct
784 4061 1000 4115 iuventa
1042 4067 1168 4114 sunt
1212 4061 1441 4130 plurima
1488 4061 1605 4125 loca
1651 4059 1984 4124 babitabilia,
2039 4068 2093 4113 et
2134 4075 2242 4113 non

686 4150 821 4201 mari
854 4150 1054 4217 ubique
1085 4150 1475 4219 comprehensa
1510 4168 1521 4203 :
1564 4160 1617 4204 et
1644 4166 1767 4204 cum
1802 4150 1947 4204 illius
1988 4147 2241 4203 interme-

682 4240 759 4291 dii
786 4240 1076 4308 intervalli,
1114 4242 1258 4310 quod
1292 4250 1375 4295 est
1402 4243 1470 4295 ab
1509 4242 1697 4296 aestivo
1732 4243 1939 4311 tropico
1976 4257 2146 4310 usque
2175 4241 2242 4295 ad

682 4331 1137 4399 aequinoctialem,
1177 4332 1409 4400 spatium
1454 4333 1525 4385 sit
1562 4334 1857 4387 stadiorum
1904 4334 2096 4397 16800,
2131 4334 2241 4388 fere

685 4424 749 4475 ad
788 4421 968 4477 20800
993 4423 1196 4486 stadia,
1237 4432 1505 4492 quatenus
1551 4425 1903 4495 investigandi
1932 4428 2084 4495 c0pia
2117 4428 2238 4489 fuit,

2345 3246 2471 3315 ὃλην
2502 3249 2730 3317 σφαῖραν
2762 3246 2860 3314 τῆς
2890 3246 2992 3315 γῆς
3031 3246 3397 3316 καταγράφων
3423 3251 3538 3311 τοῖς
3570 3249 3895 3320 ὁριζομένοις

2345 3336 2592 3400 κύκλοις,
2652 3333 2832 3399 καθὼς
2882 3336 3306 3407 προειρήκαμεν,
3346 3322 3505 3390 ’κτοιεῖΔ
3549 3340 3748 3409 μεταξὺ
3776 3342 3895 3405 ,τῶν

2323 3425 2616 3493 ,τροπικῶν
2674 3426 2765 3478 τὸν
2836 3426 3080 3480 Ὠκεανὸν
3127 3427 3409 3497 κείμενον,
3459 3430 3634 3499 λέγων
3683 3434 3893 3486 ἀκολού-

2346 3516 2452 3579 θως
2526 3521 2637 3580 τοῖς
2713 3517 3109 3588 μαθηματικοῖς
3176 3522 3274 3591 τὴν
3322 3520 3453 3592 ὅλης
3510 3523 3613 3593 γῆς
3664 3524 3893 3591 διάταξιν

2346 3608 2628 3661 ποιεῖσθαι.

2425 3699 2488 3751 Ἦ
2516 3699 2569 3753 δὲ
2608 3701 2828 3772 τοιαύτη
2863 3700 3099 3765 διάταξις
3129 3702 3383 3772 ἀλλοτρία
3409 3706 3527 3757 ἐστι
3557 3707 3766 3759 καὶτοῦ
3801 3726 3886 3777 μα-

2347 3789 2645 3859 θηματικοῦ
2693 3792 2784 3843 καὶ
2829 3790 2923 3842 τοῦ
2969 3789 3196 3858 φυσικοῦ
3228 3790 3409 3857 λόγου,
3441 3794 3537 3845 καὶ
3575 3796 3703 3863 παρ’
3732 3796 3893 3847 οὐδενὶ

2342 3880 2447 3932 τῶν
2493 3882 2731 3950 ἀρχαίων
2790 3881 3181 3952 μαθηματικῶν
3237 3887 3783 3957 κατακεχωρισμένη,
3824 3888 3893 3949 ὠς

2343 3974 2694 4041 ἀποφαίνεται
2752 3960 2992 4044 κράτης,
3043 3972 3242 4042 μεταξὺ
3295 3974 3404 4027 τῶν
3456 3978 3759 4047 τροπικῶν.
3814 3979 3892 4031 Ἐν

2346 4064 2447 4134 γὰρ
2480 4068 2589 4127 τοῖς
2623 4065 2743 4117 καθ’
2778 4066 2923 4135 ἡμᾶς
2955 4064 3165 4135 χρόνοις
3211 4065 3310 4137 ήδη
3359 4068 3453 4119 καὶ
3499 4068 3892 4136 κατώπτευται,

2342 4157 2433 4207 καὶ
2461 4156 2685 4225 εὓρηται
2731 4155 2798 4208 τὰ
2851 4155 3073 4209 πλεῖστα
3115 4158 3393 4228 οίκήσιμα,
3429 4161 3523 4212 καὶ
3566 4162 3628 4212 οὑ
3671 4163 3895 4231 πελάγει

2341 4247 2599 4329 πάντοθεν
2632 4247 2988 4317 περιεχόμενα
3011 4264 3024 4275 ⁸
3058 4249 3152 4300 καὶ
3177 4247 3269 4302 τοῦ
3304 4248 3505 4317 μεταξὺ
3538 4251 3896 4325 διαστήματος

2342 4339 2672 4409 ὑπάρχοντος
2700 4340 2807 4391 ἀπὸ
2834 4338 3042 4408 θερινοῦ
3071 4340 3327 4409 τροπικοῦ
3365 4342 3527 4411 μέχρι
3572 4344 3663 4396 τοῦ
3721 4347 3898 4418 ἰσημεο

2345 4430 2486 4499 ρινοῦ
2516 4437 2647 4505 ,ιςω
2671 4431 2737 4493 ⁵¹,
2770 4431 2863 4482 καὶ
2891 4430 2965 4492 ὡς
2990 4431 3170 4500 σχεδὸν
3194 4432 3285 4484 ἐπὶ
3320 4432 3559 4496 σταδίους
3590 4443 3698 4506 ,καί
3728 4438 3797 4502 ³³,
3828 4438 3899 4502 ὡ;

683 4516 875 4569 harum
924 4531 1106 4570 rerum
1131 4516 1359 4570 historia
1390 4518 1698 4585 conscripta
1727 4526 1834 4579 est,
1881 4532 2003 4571 cum
2032 4534 2093 4572 ea
2144 4534 2240 4589 per

2347 4521 2658 4591 εὐπόρηται,
2681 4520 2774 4573 καὶ
2802 4522 2835 4591 ἡ
2867 4523 2992 4592 περὶ
3017 4522 3218 4575 τούτων
3250 4523 3455 4592 ἱστορία
3486 4526 3896 4597 ἀναγέγραπται

683 4624 835 4679 reges
877 4608 1275 4663 Alexandrinos
1308 4609 1378 4662 sit
1420 4608 1720 4677 explorata.
1770 4608 1922 4663 Unde
1960 4610 2080 4664 falsi
2113 4622 2238 4665 sunt

682 4699 772 4766 qui
799 4700 1087 4769 Opinantur
1129 4698 1402 4753 Oceanum
1445 4697 1623 4775 fusum
1665 4714 1787 4753 esse
1811 4702 1951 4753 inter
1977 4702 2234 4769 tropicos.

684 4789 777 4842 Est
805 4799 984 4845 autem
1018 4796 1071 4843 et
1098 4806 1162 4844 ex
1205 4790 1301 4844 his'
1322 4790 1693 4853 manifestum,
1729 4789 1874 4860 quod
1905 4800 1959 4846 et
1989 4791 2077 4843 illa
2120 4794 2237 4859 opi-

626 4902 627 4905 η
683 4880 793 4943 nio,
824 4880 967 4948 quod
1011 4880 1382 4934 inhabitabilis
1412 4880 1481 4933 sit
1513 4881 1659 4949 regio
1699 4883 1842 4935 inter
1875 4883 2113 4951 tropicos
2142 4898 2236 4951 po.

682 4973 783 5023 sita
818 4979 1031 5039 propter
1062 4978 1230 5025 aestus
1272 4986 1578 5033 excessum,
1603 4956 1681 5025 ἐι
1711 4974 1943 5027 maxime
1974 4988 2037 5027 ea
2087 4975 2236 5043 regio

681 5078 801 5131 qua:
840 5072 923 5116 est
974 5065 1025 5115 in
1079 5063 1256 5117 medio
1301 5064 1519 5117 torrida:
1566 5077 1747 5125 zona,
1786 5066 1855 5116 sit
1890 5064 2043 5119 falsa.
2101 5063 2233 5118 Nam

679 5157 961 5225 Aithiopcs
982 5195 996 5219 ,
1040 5156 1129 5224 qui
1160 5157 1212 5207 in
1242 5154 1681 5210 extremitatibus
1714 5155 1933 5210 torrida:
1963 5172 2111 5210 zonae
2141 5158 2237 5209 ha-

682 5249 876 5317 bitant,
898 5248 974 5301 .in
1003 5246 1472 5313 conversionibus,
1508 5262 1604 5303 seu
1653 5247 1903 5303 solstitiis
1932 5249 2133 5303 habent
2182 5249 2236 5301 in

683 5340 882 5392 vertice
906 5339 1093 5391 solem.
1112 5336 1537 5392 Existimandum
1555 5347 1637 5393 est
1658 5340 1803 5393 enim
1830 5340 1965 5393 duas
1990 5355 2111 5393 esse
2141 5354 2238 5391 na-

680 5438 801 5481 tura
852 5428 1179 5495 Althiopias,
1211 5442 1362 5481 ~cum
1415 5439 1468 5481 et
1508 5432 1651 5483 circa
1680 5432 1928 5483 aestivum
1969 5430 2234 5497 tropicum

682 5519 965 5578 circulum,
991 5520 1091 5588 qui
1115 5520 1253 5587 apud
1278 5535 1377 5575 nos
1406 5528 1513 5583 est,
1554 5522 1799 5576 habitent
1832 5521 2150 5590 Aithiopes;
2183 5530 2236 5573 et

682 5613 824 5663 circa
880 5625 1000 5665 eum
1057 5612 1323 5679 tropicum
1390 5615 1483 5683 qui
1544 5616 1699 5669 nobis
1755 5614 1975 5685 quidem
2022 5623 2108 5669 est
2153 5614 2235 5665 hi-

788 5728 831 5758 “
864 5727 1027 5804 (:16).
1134 5730 1178 5804 ’.⁸
1217 5747 1299 5796 π).
1325 5732 1661 5801 ὑπερδαῖγον.
1744 5734 1793 5804 ,⁸⁸
1836 5751 1923 5801 τρ-
1972 5733 2196 5804 μυρίων-

683 5797 730 5827 ’τ
766 5814 848 5863 γρ.
877 5798 1325 5867 ὑπερδικούντων.

2340 4612 2429 4664 διὰ
2483 4614 2589 4663 τῶν
2644 4614 2701 4664 ὲν
2781 4611 3149 4685 Ἀλεξανδρεία
3213 4612 3472 4683 βασιλέων
3536 4616 3896 4694 ἐξητασμένη.

2344 4701 2504 4754 Ὅθεν
2534 4700 2954 4769 ,ψευδοδοξοῦσιν
3013 4705 3061 4755 οἱ
3119 4702 3429 4772 νομίζοντες
3494 4704 3586 4758 τὶν
3647 4708 3898 4765 Ὠκεανὸν

2342 4794 2703 4862 ὑποκεχύσθαι
2745 4793 2943 4864 μεταξὺ
2984 4793 3096 4846 τῶν
3138 4794 3451 4864 τροπικῶνγ
3478 4796 3571 4850 Ἐκ
3609 4798 3665 4852 δὲ
3692 4802 3899 4856 τούτων

2342 4886 2590 4955 φανερὸν,
2625 4887 2706 4938 δτι
2741 4885 2834 4938 καὶ
2865 4885 2925 4937 τὸ
2952 4882 3324 4954 δοξαζόμενον,
3352 4887 3435 4939 ὅτι
3464 4887 3717 4960 ἀοίκητός
3755 4896 3898 4946 ἔστιν

2341 4982 2373 5049 ἡ
2409 4979 2603 5048 μεταξὺ
2648 4978 2755 5032 τῶν
2788 4977 3060 5050 τροπῐκῶν
3094 4977 3317 5049 κειμένη
3349 4980 3502 5053 χώρα
3544 4983 3630 5037 διὰ
3660 4986 3767 5056 τὴν
3808 4984 3898 5040 τοῦ

2342 5069 2965 5141 καύματοςύπερϐολὴν
2989 5109 3005 5132 ,
3058 5070 3152 5124 καὶ
3186 5058 3432 5144 ’μάλιστα
3476 5076 3509 5144 ἠ
3549 5074 3673 5145 περὶ
3732 5077 3897 5148 μέσην

2342 5162 2437 5232 τὴν
2466 5162 2894 5233 διακεκαυμένην
2924 5159 3116 5232 ζώνην,
3145 5162 3335 5232 ψεῦδός
3366 5166 3532 5219 ἐστιν.
3562 5167 3624 5218 Οἱ
3659 5166 3764 5236 μὲν
3796 5170 3897 5241 γὰρ

2342 5256 2407 5305 τὰ
2448 5254 2658 5324 πέρατα
2701 5253 2799 5321 τῆς
2840 5250 3270 5325 διακεκαυμένης
3300 5253 3475 5325 ζώνης
3500 5253 3778 5320 οἰκοῦντες
3806 5260 3897 5321 At.

2343 5344 2523 5405 θὶοπές
2561 5345 2664 5395 εἱσι
2709 5340 2847 5394 κατά
2897 5343 3137 5413 κορυφὴν
3177 5343 3392 5412 ἔχοντες
3432 5347 3490 5396 ὲν
3521 5348 3641 5406 ταῖς
3669 5350 3896 5418 τροπάς

2341 5437 2427 5487 τὸν
2462 5436 2630 5505 ἥλιον.
2663 5433 2764 5486 Δύο
2801 5434 2909 5505 γὰρ
2951 5434 3232 5497 Αἰθιοπίας
3257 5436 3322 5505 τῇ
3362 5433 3520 5501 φύσει
3560 5435 3896 5508 ὑποληπτέον

2342 5527 2624 5597 ὑπάρχειν,
2675 5524 2799 5597 περί
2850 5540 2908 5577 τε
2952 5526 3045 5578 τὸν
3087 5524 3296 5595 θερινὸν
3332 5526 3587 5595 τροπικὸν
3633 5528 3728 5599 τὸν
3774 5529 3894 5599 παρ’

2342 5595 2472 5687 ἡμῖν
2494 5595 2706 5671 κύκλον
2750 5595 3163 5688 περιοικούντων
3207 5617 3252 5649 ⁶¹
3290 5618 3582 5684 Δίθιόπων,
3626 5595 3723 5676 καὶ

2314 5736 2357 5766 η
2387 5754 2477 5805 γρ,
2513 5736 2578 5807 ,β.
2610 5736 2680 5789 αι.
2716 5734 2843 5808 ,βωκ
2887 5733 2982 5791 His
3010 5716 3124 5790 non
3153 5736 3447 5793 concordat
3481 5738 3663 5796 versio
