  <div class='ocr_page' id='page_1' title='image "/cluster/home/n/w/nwhite01/storage/ocr_20150623/19/pst.000005712045/428.png"; bbox 0 0 4042 6330; ppageno 0'>
   <div class='ocr_carea' id='block_1_1' title="bbox 205 513 294 568">
    <p class='ocr_par' dir='ltr' id='par_1_1' title="bbox 205 513 294 568">
     <span class='ocr_line' id='line_1_1' title="bbox 205 513 294 568; baseline -0.034 0"><span class='ocrx_word' id='word_1_1' title='bbox 205 513 294 568; x_wconf 78' lang='grc'><strong>841</strong></span> 
     </span>
    </p>
   </div>
   <div class='ocr_carea' id='block_1_2' title="bbox 1164 505 2319 565">
    <p class='ocr_par' dir='ltr' id='par_1_2' title="bbox 1164 505 2319 565">
     <span class='ocr_line' id='line_1_2' title="bbox 1164 505 2319 565; baseline -0.002 0"><span class='ocrx_word' id='word_1_2' title='bbox 1164 508 1396 565; x_wconf 76' lang='lat' dir='ltr'><strong>GEMINI</strong></span> <span class='ocrx_word' id='word_1_3' title='bbox 1435 507 1800 564; x_wconf 75' lang='lat' dir='ltr'><strong>ELEMENTA</strong></span> <span class='ocrx_word' id='word_1_4' title='bbox 1836 505 2319 563; x_wconf 60' lang='lat' dir='ltr'><strong>ASTRONOMIIE.</strong></span> 
     </span>
    </p>
   </div>
   <div class='ocr_carea' id='block_1_3' title="bbox 3247 510 3352 566">
    <p class='ocr_par' dir='ltr' id='par_1_3' title="bbox 3247 510 3352 566">
     <span class='ocr_line' id='line_1_3' title="bbox 3247 510 3352 566; baseline -0.019 1"><span class='ocrx_word' id='word_1_5' title='bbox 3247 510 3352 566; x_wconf 71' lang='grc'><strong>842</strong></span> 
     </span>
    </p>
   </div>
   <div class='ocr_carea' id='block_1_4' title="bbox 202 621 1748 697">
    <p class='ocr_par' dir='ltr' id='par_1_4' title="bbox 202 624 1727 697">
     <span class='ocr_line' id='line_1_4' title="bbox 202 624 1727 697; baseline -0.003 -17"><span class='ocrx_word' id='word_1_6' title='bbox 202 630 288 681; x_wconf 78' lang='grc' dir='ltr'>τὸν</span> <span class='ocrx_word' id='word_1_7' title='bbox 320 628 445 697; x_wconf 80' lang='grc' dir='ltr'>ἡμῖν</span> <span class='ocrx_word' id='word_1_8' title='bbox 486 626 581 695; x_wconf 82' lang='grc' dir='ltr'>μὲν</span> <span class='ocrx_word' id='word_1_9' title='bbox 611 624 910 695; x_wconf 68' lang='grc' dir='ltr'>χειμερινὸν</span> <span class='ocrx_word' id='word_1_10' title='bbox 946 624 1216 693; x_wconf 74' lang='grc' dir='ltr'>τροπικὸν,</span> <span class='ocrx_word' id='word_1_11' title='bbox 1249 626 1360 686; x_wconf 83' lang='grc' dir='ltr'>τοῖς</span> <span class='ocrx_word' id='word_1_12' title='bbox 1399 626 1452 677; x_wconf 82' lang='grc' dir='ltr'><strong>δὲ</strong></span> <span class='ocrx_word' id='word_1_13' title='bbox 1484 625 1727 677; x_wconf 82' lang='grc' dir='ltr'>ἀντίποσι</span> 
     </span>
    </p>
   </div>
   <div class='ocr_carea' id='block_1_5' title="bbox 1846 621 3359 697">
    <p class='ocr_par' dir='ltr' id='par_1_5' title="bbox 1846 621 3359 692">
     <span class='ocr_line' id='line_1_5' title="bbox 1846 621 3359 692; baseline 0.002 -16"><span class='ocrx_word' id='word_1_14' title='bbox 1846 638 2063 685; x_wconf 78' lang='lat' dir='ltr'><strong>)ernus,</strong></span> <span class='ocrx_word' id='word_1_15' title='bbox 2125 622 2465 692; x_wconf 81' lang='lat' dir='ltr'><strong>antipodibus</strong></span> <span class='ocrx_word' id='word_1_16' title='bbox 2516 636 2642 675; x_wconf 84' lang='lat' dir='ltr'><strong>vero</strong></span> <span class='ocrx_word' id='word_1_17' title='bbox 2701 622 2954 677; x_wconf 62' lang='lat' dir='ltr'><strong>aestivus.</strong></span> <span class='ocrx_word' id='word_1_18' title='bbox 2988 621 3123 685; x_wconf 47' lang='lat' dir='ltr'><strong>,Hoc</strong></span> <span class='ocrx_word' id='word_1_19' title='bbox 3182 630 3359 679; x_wconf 82' lang='lat' dir='ltr'><strong>autem</strong></span> 
     </span>
    </p>
   </div>
   <div class='ocr_carea' id='block_1_6' title="bbox 204 713 1729 789">
    <p class='ocr_par' dir='ltr' id='par_1_6' title="bbox 204 713 1729 789">
     <span class='ocr_line' id='line_1_6' title="bbox 204 713 1729 789; baseline -0.005 -16"><span class='ocrx_word' id='word_1_20' title='bbox 204 720 425 789; x_wconf 81' lang='grc' dir='ltr'>θερινόν.</span> <span class='ocrx_word' id='word_1_21' title='bbox 454 717 615 770; x_wconf 79' lang='grc' dir='ltr'>Τοῦτο</span> <span class='ocrx_word' id='word_1_22' title='bbox 642 718 697 770; x_wconf 87' lang='grc' dir='ltr'><strong>δέ</strong></span> <span class='ocrx_word' id='word_1_23' title='bbox 727 732 855 786; x_wconf 83' lang='grc' dir='ltr'>φησι</span> <span class='ocrx_word' id='word_1_24' title='bbox 893 716 1111 787; x_wconf 84' lang='grc' dir='ltr'><strong>Κράτης</strong></span> <span class='ocrx_word' id='word_1_25' title='bbox 1144 717 1236 767; x_wconf 69' lang='grc' dir='ltr'><strong>καὶ</strong></span> <span class='ocrx_word' id='word_1_26' title='bbox 1264 716 1350 767; x_wconf 79' lang='grc' dir='ltr'><strong>τὸν</strong></span> <span class='ocrx_word' id='word_1_27' title='bbox 1376 717 1617 786; x_wconf 78' lang='grc' dir='ltr'>’Όμηρον</span> <span class='ocrx_word' id='word_1_28' title='bbox 1646 713 1729 765; x_wconf 83' lang='grc' dir='ltr'>λέ-</span> 
     </span>
    </p>
   </div>
   <div class='ocr_carea' id='block_1_7' title="bbox 202 802 729 876">
    <p class='ocr_par' dir='ltr' id='par_1_7' title="bbox 202 802 729 876">
     <span class='ocr_line' id='line_1_7' title="bbox 202 802 729 876; baseline -0.008 -17"><span class='ocrx_word' id='word_1_29' title='bbox 202 826 317 876; x_wconf 84' lang='grc' dir='ltr'>γειν</span> <span class='ocrx_word' id='word_1_30' title='bbox 354 808 409 858; x_wconf 82' lang='grc' dir='ltr'>ἐν</span> <span class='ocrx_word' id='word_1_31' title='bbox 434 802 513 868; x_wconf 74' lang='grc' dir='ltr'><strong>οἷς</strong></span> <span class='ocrx_word' id='word_1_32' title='bbox 539 822 696 875; x_wconf 78' lang='grc' dir='ltr'>φησιν</span> <span class='ocrx_word' id='word_1_33' title='bbox 718 821 729 833; x_wconf 91' lang='grc'>·</span> 
     </span>
    </p>
   </div>
   <div class='ocr_carea' id='block_1_8' title="bbox 201 909 1722 983">
    <p class='ocr_par' dir='ltr' id='par_1_8' title="bbox 201 909 1722 983">
     <span class='ocr_line' id='line_1_8' title="bbox 201 909 1722 983; baseline -0.006 -12"><span class='ocrx_word' id='word_1_34' title='bbox 201 920 486 982; x_wconf 79' lang='grc' dir='ltr'>Αἰθίοπες,</span> <span class='ocrx_word' id='word_1_35' title='bbox 528 917 613 969; x_wconf 80' lang='grc' dir='ltr'><strong>τοὶ</strong></span> <span class='ocrx_word' id='word_1_36' title='bbox 642 915 811 983; x_wconf 85' lang='grc' dir='ltr'>διχθὰ</span> <span class='ocrx_word' id='word_1_37' title='bbox 850 914 1162 979; x_wconf 79' lang='grc' dir='ltr'><strong>δεδαίαται,</strong></span> <span class='ocrx_word' id='word_1_38' title='bbox 1195 913 1433 981; x_wconf 81' lang='grc' dir='ltr'><em>ἔσχατοι</em></span> <span class='ocrx_word' id='word_1_39' title='bbox 1453 909 1684 978; x_wconf 77' lang='grc' dir='ltr'>ἀνδρῶν</span> <span class='ocrx_word' id='word_1_40' title='bbox 1709 926 1722 939; x_wconf 75' lang='grc'><strong>⁸</strong></span> 
     </span>
    </p>
   </div>
   <div class='ocr_carea' id='block_1_9' title="bbox 204 1046 1728 1122">
    <p class='ocr_par' dir='ltr' id='par_1_9' title="bbox 204 1046 1728 1122">
     <span class='ocr_line' id='line_1_9' title="bbox 204 1046 1728 1122; baseline -0.006 -17"><span class='ocrx_word' id='word_1_41' title='bbox 204 1057 269 1107; x_wconf 82' lang='grc' dir='ltr'><strong>Οἱ</strong></span> <span class='ocrx_word' id='word_1_42' title='bbox 300 1052 412 1122; x_wconf 77' lang='grc' dir='ltr'><strong>μὲν</strong></span> <span class='ocrx_word' id='word_1_43' title='bbox 452 1050 824 1121; x_wconf 70' lang='grc' dir='ltr'>δυσσομέννου</span> <span class='ocrx_word' id='word_1_44' title='bbox 868 1049 1219 1118; x_wconf 74' lang='grc' dir='ltr'><strong>Ὑπερίονος,</strong></span> <span class='ocrx_word' id='word_1_45' title='bbox 1265 1050 1318 1099; x_wconf 80' lang='grc' dir='ltr'><strong>οι</strong></span> <span class='ocrx_word' id='word_1_46' title='bbox 1345 1046 1396 1099; x_wconf 81' lang='grc' dir='ltr'>δ’</span> <span class='ocrx_word' id='word_1_47' title='bbox 1439 1046 1728 1107; x_wconf 74' lang='grc' dir='ltr'><strong>ἀνιόντος.</strong></span> 
     </span>
    </p>
   </div>
   <div class='ocr_carea' id='block_1_10' title="bbox 196 1223 1732 1306">
    <p class='ocr_par' dir='ltr' id='par_1_10' title="bbox 196 1223 1732 1306">
     <span class='ocr_line' id='line_1_10' title="bbox 196 1223 1732 1306; baseline -0.008 -19"><span class='ocrx_word' id='word_1_48' title='bbox 196 1233 419 1304; x_wconf 79' lang='grc' dir='ltr'><strong>Κράτης</strong></span> <span class='ocrx_word' id='word_1_49' title='bbox 470 1232 567 1302; x_wconf 79' lang='grc' dir='ltr'><strong>μὲν</strong></span> <span class='ocrx_word' id='word_1_50' title='bbox 616 1225 727 1292; x_wconf 77' lang='grc' dir='ltr'>οὖν,</span> <span class='ocrx_word' id='word_1_51' title='bbox 762 1225 1211 1306; x_wconf 65' lang='grc' dir='ltr'>παραδοξολογῶν,</span> <span class='ocrx_word' id='word_1_52' title='bbox 1248 1224 1314 1277; x_wconf 80' lang='grc' dir='ltr'>τὰ</span> <span class='ocrx_word' id='word_1_53' title='bbox 1357 1226 1441 1291; x_wconf 80' lang='grc' dir='ltr'><strong>ὑφ’</strong></span> <span class='ocrx_word' id='word_1_54' title='bbox 1499 1223 1732 1293; x_wconf 88' lang='grc' dir='ltr'>Ὀμήρου</span> 
     </span>
    </p>
   </div>
   <div class='ocr_carea' id='block_1_11' title="bbox 197 1315 1733 1397">
    <p class='ocr_par' dir='ltr' id='par_1_11' title="bbox 197 1315 1733 1397">
     <span class='ocr_line' id='line_1_11' title="bbox 197 1315 1733 1397; baseline -0.008 -18"><span class='ocrx_word' id='word_1_55' title='bbox 197 1324 473 1397; x_wconf 75' lang='grc' dir='ltr'><strong>ἀρχαϊκῶς</strong></span> <span class='ocrx_word' id='word_1_56' title='bbox 526 1323 618 1376; x_wconf 76' lang='grc' dir='ltr'>καὶ</span> <span class='ocrx_word' id='word_1_57' title='bbox 666 1320 847 1386; x_wconf 84' lang='grc' dir='ltr'>ίδικῶς</span> <span class='ocrx_word' id='word_1_58' title='bbox 883 1315 1141 1391; x_wconf 65' lang='grc' dir='ltr'>εἰρημένα</span> <span class='ocrx_word' id='word_1_59' title='bbox 1185 1317 1406 1387; x_wconf 78' lang='grc' dir='ltr'>μετάγει</span> <span class='ocrx_word' id='word_1_60' title='bbox 1450 1317 1581 1386; x_wconf 76' lang='grc' dir='ltr'>πρὸς</span> <span class='ocrx_word' id='word_1_61' title='bbox 1637 1315 1733 1385; x_wconf 83' lang='grc' dir='ltr'><strong>τὴν</strong></span> 
     </span>
    </p>
   </div>
   <div class='ocr_carea' id='block_1_12' title="bbox 148 1406 1735 1485">
    <p class='ocr_par' dir='ltr' id='par_1_12' title="bbox 148 1406 1735 1485">
     <span class='ocr_line' id='line_1_12' title="bbox 148 1406 1735 1485; baseline -0.01 -12"><span class='ocrx_word' id='word_1_62' title='bbox 148 1470 151 1473; x_wconf 72' lang='lat'><strong>,</strong></span> <span class='ocrx_word' id='word_1_63' title='bbox 198 1418 320 1470; x_wconf 86' lang='grc' dir='ltr'>κατ’</span> <span class='ocrx_word' id='word_1_64' title='bbox 367 1414 614 1485; x_wconf 83' lang='grc' dir='ltr'>ἀλήθειαν</span> <span class='ocrx_word' id='word_1_65' title='bbox 658 1410 1046 1483; x_wconf 77' lang='grc' dir='ltr'>σφαιροποιίαν.</span> <span class='ocrx_word' id='word_1_66' title='bbox 1084 1410 1323 1479; x_wconf 71' lang='grc' dir='ltr'>Ὅμηρος</span> <span class='ocrx_word' id='word_1_67' title='bbox 1365 1407 1459 1478; x_wconf 80' lang='grc' dir='ltr'><strong>μὲν</strong></span> <span class='ocrx_word' id='word_1_68' title='bbox 1491 1407 1597 1477; x_wconf 71' lang='grc' dir='ltr'>γὰρ</span> <span class='ocrx_word' id='word_1_69' title='bbox 1643 1406 1735 1459; x_wconf 77' lang='grc' dir='ltr'><strong>καὶ</strong></span> 
     </span>
    </p>
   </div>
   <div class='ocr_carea' id='block_1_13' title="bbox 197 1497 1735 1579">
    <p class='ocr_par' dir='ltr' id='par_1_13' title="bbox 197 1497 1735 1579">
     <span class='ocr_line' id='line_1_13' title="bbox 197 1497 1735 1579; baseline -0.008 -19"><span class='ocrx_word' id='word_1_70' title='bbox 197 1510 253 1560; x_wconf 88' lang='grc' dir='ltr'>οἱ</span> <span class='ocrx_word' id='word_1_71' title='bbox 298 1508 507 1579; x_wconf 85' lang='grc' dir='ltr'>ἀρχαῖοι</span> <span class='ocrx_word' id='word_1_72' title='bbox 539 1506 755 1575; x_wconf 72' lang='grc' dir='ltr'>ποιηταὶ</span> <span class='ocrx_word' id='word_1_73' title='bbox 793 1502 993 1572; x_wconf 81' lang='grc' dir='ltr'>σχεδὸν,</span> <span class='ocrx_word' id='word_1_74' title='bbox 1032 1502 1106 1563; x_wconf 81' lang='grc' dir='ltr'>ὡς</span> <span class='ocrx_word' id='word_1_75' title='bbox 1154 1502 1341 1563; x_wconf 84' lang='grc' dir='ltr'>εἰπεῖν,</span> <span class='ocrx_word' id='word_1_76' title='bbox 1379 1499 1571 1560; x_wconf 77' lang='grc' dir='ltr'>πάντες</span> <span class='ocrx_word' id='word_1_77' title='bbox 1616 1497 1735 1548; x_wconf 79' lang='grc' dir='ltr'>ἐπί-</span> 
     </span>
    </p>
   </div>
   <div class='ocr_carea' id='block_1_14' title="bbox 198 1588 1737 1665">
    <p class='ocr_par' dir='ltr' id='par_1_14' title="bbox 198 1588 1737 1665">
     <span class='ocr_line' id='line_1_14' title="bbox 198 1588 1737 1665; baseline -0.008 -13"><span class='ocrx_word' id='word_1_78' title='bbox 198 1599 359 1652; x_wconf 82' lang='grc' dir='ltr'>πεδον</span> <span class='ocrx_word' id='word_1_79' title='bbox 383 1597 695 1664; x_wconf 76' lang='grc' dir='ltr'><strong>ὑφίστανται</strong></span> <span class='ocrx_word' id='word_1_80' title='bbox 717 1594 811 1665; x_wconf 84' lang='grc' dir='ltr'><strong>τὴν</strong></span> <span class='ocrx_word' id='word_1_81' title='bbox 835 1595 955 1664; x_wconf 82' lang='grc' dir='ltr'>γῆν,</span> <span class='ocrx_word' id='word_1_82' title='bbox 981 1592 1072 1645; x_wconf 73' lang='grc' dir='ltr'><strong>καὶ</strong></span> <span class='ocrx_word' id='word_1_83' title='bbox 1099 1589 1416 1644; x_wconf 77' lang='grc' dir='ltr'>συνάπτουσι</span> <span class='ocrx_word' id='word_1_84' title='bbox 1447 1588 1524 1658; x_wconf 82' lang='grc' dir='ltr'>τῷ</span> <span class='ocrx_word' id='word_1_85' title='bbox 1554 1588 1737 1657; x_wconf 85' lang='grc' dir='ltr'>κόσμῳ</span> 
     </span>
    </p>
   </div>
   <div class='ocr_carea' id='block_1_15' title="bbox 196 1678 1738 1756">
    <p class='ocr_par' dir='ltr' id='par_1_15' title="bbox 196 1678 1738 1756">
     <span class='ocr_line' id='line_1_15' title="bbox 196 1678 1738 1756; baseline -0.009 -13"><span class='ocrx_word' id='word_1_86' title='bbox 196 1690 297 1744; x_wconf 78' lang='grc' dir='ltr'><strong>καὶ</strong></span> <span class='ocrx_word' id='word_1_87' title='bbox 326 1689 503 1756; x_wconf 81' lang='grc' dir='ltr'>κύκλῳ</span> <span class='ocrx_word' id='word_1_88' title='bbox 536 1686 624 1739; x_wconf 81' lang='grc' dir='ltr'><strong>τὸν</strong></span> <span class='ocrx_word' id='word_1_89' title='bbox 664 1685 907 1737; x_wconf 84' lang='grc' dir='ltr'>Ὠκεανὸν</span> <span class='ocrx_word' id='word_1_90' title='bbox 940 1684 1330 1753; x_wconf 81' lang='grc' dir='ltr'><strong>περικείμενον,</strong></span> <span class='ocrx_word' id='word_1_91' title='bbox 1364 1681 1458 1733; x_wconf 78' lang='grc' dir='ltr'><strong>καὶ</strong></span> <span class='ocrx_word' id='word_1_92' title='bbox 1503 1680 1599 1749; x_wconf 81' lang='grc' dir='ltr'><strong>τὴν</strong></span> <span class='ocrx_word' id='word_1_93' title='bbox 1644 1678 1738 1730; x_wconf 75' lang='grc' dir='ltr'>τοῦ</span> 
     </span>
    </p>
   </div>
   <div class='ocr_carea' id='block_1_16' title="bbox 195 1766 1737 1851">
    <p class='ocr_par' dir='ltr' id='par_1_16' title="bbox 195 1766 1737 1851">
     <span class='ocr_line' id='line_1_16' title="bbox 195 1766 1737 1851; baseline -0.008 -19"><span class='ocrx_word' id='word_1_94' title='bbox 195 1780 466 1851; x_wconf 73' lang='grc' dir='ltr'><strong>ὁρίζοντος</strong></span> <span class='ocrx_word' id='word_1_95' title='bbox 500 1777 756 1845; x_wconf 76' lang='grc' dir='ltr'>ἐπέχοντα</span> <span class='ocrx_word' id='word_1_96' title='bbox 797 1773 963 1837; x_wconf 80' lang='grc' dir='ltr'>τάξιν,</span> <span class='ocrx_word' id='word_1_97' title='bbox 1007 1774 1098 1825; x_wconf 71' lang='grc' dir='ltr'>καὶ</span> <span class='ocrx_word' id='word_1_98' title='bbox 1124 1772 1219 1834; x_wconf 79' lang='grc' dir='ltr'>τὰς</span> <span class='ocrx_word' id='word_1_99' title='bbox 1248 1769 1505 1832; x_wconf 70' lang='grc' dir='ltr'>ἀνατολὰς</span> <span class='ocrx_word' id='word_1_100' title='bbox 1537 1770 1601 1821; x_wconf 86' lang='grc' dir='ltr'>ὲκ</span> <span class='ocrx_word' id='word_1_101' title='bbox 1644 1766 1737 1819; x_wconf 79' lang='grc' dir='ltr'><strong>τοῦ</strong></span> 
     </span>
    </p>
   </div>
   <div class='ocr_carea' id='block_1_17' title="bbox 209 1858 1739 1934">
    <p class='ocr_par' dir='ltr' id='par_1_17' title="bbox 209 1858 1739 1934">
     <span class='ocr_line' id='line_1_17' title="bbox 209 1858 1739 1934; baseline -0.008 -11"><span class='ocrx_word' id='word_1_102' title='bbox 209 1868 484 1934; x_wconf 72' lang='grc' dir='ltr'>Ὠκεανοῦ,</span> <span class='ocrx_word' id='word_1_103' title='bbox 529 1869 619 1921; x_wconf 73' lang='grc' dir='ltr'><strong>καὶ</strong></span> <span class='ocrx_word' id='word_1_104' title='bbox 660 1867 756 1930; x_wconf 69' lang='grc' dir='ltr'>τὰς</span> <span class='ocrx_word' id='word_1_105' title='bbox 798 1864 971 1927; x_wconf 81' lang='grc' dir='ltr'>δύσεις</span> <span class='ocrx_word' id='word_1_106' title='bbox 1012 1867 1088 1927; x_wconf 74' lang='grc' dir='ltr'>εἰς</span> <span class='ocrx_word' id='word_1_107' title='bbox 1130 1863 1218 1916; x_wconf 79' lang='grc' dir='ltr'><strong>τὸν</strong></span> <span class='ocrx_word' id='word_1_108' title='bbox 1263 1860 1543 1914; x_wconf 74' lang='grc' dir='ltr'>Ὠκεανόνο</span> <span class='ocrx_word' id='word_1_109' title='bbox 1597 1858 1739 1911; x_wconf 83' lang='grc' dir='ltr'>ὥστε</span> 
     </span>
    </p>
   </div>
   <div class='ocr_carea' id='block_1_18' title="bbox 1829 711 3452 785">
    <p class='ocr_par' dir='ltr' id='par_1_18' title="bbox 1829 711 3452 785">
     <span class='ocr_line' id='line_1_18' title="bbox 1829 711 3452 785; baseline 0.001 -18"><span class='ocrx_word' id='word_1_110' title='bbox 1829 712 2014 767; x_wconf 78' lang='lat' dir='ltr'><strong>Crates</strong></span> <span class='ocrx_word' id='word_1_111' title='bbox 2051 713 2223 782; x_wconf 95' lang='lat' dir='ltr'><strong>inquit</strong></span> <span class='ocrx_word' id='word_1_112' title='bbox 2260 714 2418 767; x_wconf 87' lang='lat' dir='ltr'><strong>etiam</strong></span> <span class='ocrx_word' id='word_1_113' title='bbox 2450 711 2738 767; x_wconf 77' lang='lat' dir='ltr'><strong>Homerum</strong></span> <span class='ocrx_word' id='word_1_114' title='bbox 2786 713 2964 785; x_wconf 85' lang='lat' dir='ltr'><strong>dicere</strong></span> <span class='ocrx_word' id='word_1_115' title='bbox 3012 715 3066 768; x_wconf 91' lang='lat' dir='ltr'><strong>in</strong></span> <span class='ocrx_word' id='word_1_116' title='bbox 3108 714 3212 779; x_wconf 87' lang='lat' dir='ltr'><strong>his,</strong></span> <span class='ocrx_word' id='word_1_117' title='bbox 3245 716 3357 776; x_wconf 37' lang='lat' dir='ltr'><strong>,ubi</strong></span> <span class='ocrx_word' id='word_1_118' title='bbox 3449 735 3452 738; x_wconf 60' lang='grc'><strong>’</strong></span> 
     </span>
    </p>
   </div>
   <div class='ocr_carea' id='block_1_19' title="bbox 1830 804 1943 857">
    <p class='ocr_par' dir='ltr' id='par_1_19' title="bbox 1830 804 1943 857">
     <span class='ocr_line' id='line_1_19' title="bbox 1830 804 1943 857; baseline 0.018 -2"><span class='ocrx_word' id='word_1_119' title='bbox 1830 804 1901 855; x_wconf 88' lang='lat' dir='ltr'><strong>ait</strong></span> <span class='ocrx_word' id='word_1_120' title='bbox 1932 823 1943 857; x_wconf 91' lang='lat'><strong>:</strong></span> 
     </span>
    </p>
   </div>
   <div class='ocr_carea' id='block_1_20' title="bbox 1898 913 3363 984">
    <p class='ocr_par' dir='ltr' id='par_1_20' title="bbox 1898 913 3363 984">
     <span class='ocr_line' id='line_1_20' title="bbox 1898 913 3363 984; baseline 0.001 -17"><span class='ocrx_word' id='word_1_121' title='bbox 1898 913 2187 984; x_wconf 66' lang='lat' dir='ltr'><strong>Etltiopes,</strong></span> <span class='ocrx_word' id='word_1_122' title='bbox 2224 917 2311 983; x_wconf 80' lang='lat' dir='ltr'><strong>qui</strong></span> <span class='ocrx_word' id='word_1_123' title='bbox 2337 916 2584 984; x_wconf 78' lang='lat' dir='ltr'><strong>bifariam</strong></span> <span class='ocrx_word' id='word_1_124' title='bbox 2610 916 2763 970; x_wconf 79' lang='lat' dir='ltr'><strong>divisi</strong></span> <span class='ocrx_word' id='word_1_125' title='bbox 2797 925 2939 980; x_wconf 76' lang='lat' dir='ltr'><strong>sunt,</strong></span> <span class='ocrx_word' id='word_1_126' title='bbox 2975 916 3193 972; x_wconf 74' lang='lat' dir='ltr'><strong>extremi</strong></span> <span class='ocrx_word' id='word_1_127' title='bbox 3224 917 3363 970; x_wconf 82' lang='lat' dir='ltr'><strong>viro-</strong></span> 
     </span>
    </p>
   </div>
   <div class='ocr_carea' id='block_1_21' title="bbox 1899 1002 3363 1136">
    <p class='ocr_par' dir='ltr' id='par_1_21' title="bbox 1899 1002 3363 1136">
     <span class='ocr_line' id='line_1_21' title="bbox 1899 1002 3363 1136; baseline 0.001 -31"><span class='ocrx_word' id='word_1_128' title='bbox 1899 1052 2006 1106; x_wconf 79' lang='grc' dir='ltr'><strong>Αίὶἰ</strong></span> <span class='ocrx_word' id='word_1_129' title='bbox 2048 1054 2253 1123; x_wconf 82' lang='lat' dir='ltr'><strong>quidem</strong></span> <span class='ocrx_word' id='word_1_130' title='bbox 2286 1052 2353 1106; x_wconf 86' lang='lat' dir='ltr'><strong>ad</strong></span> <span class='ocrx_word' id='word_1_131' title='bbox 2400 1053 2710 1108; x_wconf 78' lang='lat' dir='ltr'><strong>occidentem</strong></span> <span class='ocrx_word' id='word_1_132' title='bbox 2757 1058 2954 1120; x_wconf 75' lang='lat' dir='ltr'><strong>solem,</strong></span> <span class='ocrx_word' id='word_1_133' title='bbox 2998 1053 3092 1108; x_wconf 78' lang='lat' dir='ltr'><strong>alii</strong></span> <span class='ocrx_word' id='word_1_134' title='bbox 3140 1002 3363 1136; x_wconf 53' lang='grc' dir='ltr'>υργδαΐᾶ</span> 
     </span>
    </p>
   </div>
   <div class='ocr_carea' id='block_1_22' title="bbox 2977 1134 3363 1179">
    <p class='ocr_par' dir='ltr' id='par_1_22' title="bbox 2977 1134 3363 1179">
     <span class='ocr_line' id='line_1_22' title="bbox 2977 1134 3363 1179; baseline -0.005 -1"><span class='ocrx_word' id='word_1_135' title='bbox 2977 1147 2983 1151; x_wconf 88' lang='grc'><strong><em>“</em></strong></span> <span class='ocrx_word' id='word_1_136' title='bbox 3097 1134 3363 1179; x_wconf 76' lang='lat' dir='ltr'><strong>orientem.</strong></span> 
     </span>
    </p>
   </div>
   <div class='ocr_carea' id='block_1_23' title="bbox 1831 1231 3367 1305">
    <p class='ocr_par' dir='ltr' id='par_1_23' title="bbox 1831 1231 3367 1305">
     <span class='ocr_line' id='line_1_23' title="bbox 1831 1231 3367 1305; baseline 0.003 -20"><span class='ocrx_word' id='word_1_137' title='bbox 1831 1231 2017 1287; x_wconf 78' lang='lat' dir='ltr'><strong>Crates</strong></span> <span class='ocrx_word' id='word_1_138' title='bbox 2076 1233 2256 1302; x_wconf 77' lang='lat' dir='ltr'><strong>igitur,</strong></span> <span class='ocrx_word' id='word_1_139' title='bbox 2290 1247 2413 1286; x_wconf 89' lang='lat' dir='ltr'><strong>cum</strong></span> <span class='ocrx_word' id='word_1_140' title='bbox 2457 1233 2691 1288; x_wconf 88' lang='lat' dir='ltr'><strong>absurda</strong></span> <span class='ocrx_word' id='word_1_141' title='bbox 2722 1234 2991 1304; x_wconf 89' lang='lat' dir='ltr'><strong>loquatur,</strong></span> <span class='ocrx_word' id='word_1_142' title='bbox 3050 1249 3112 1290; x_wconf 87' lang='lat' dir='ltr'><strong>ea</strong></span> <span class='ocrx_word' id='word_1_143' title='bbox 3146 1250 3266 1305; x_wconf 65' lang='lat' dir='ltr'><strong>quae</strong></span> <span class='ocrx_word' id='word_1_144' title='bbox 3298 1236 3367 1290; x_wconf 88' lang='lat' dir='ltr'><strong>ab</strong></span> 
     </span>
    </p>
   </div>
   <div class='ocr_carea' id='block_1_24' title="bbox 1835 1322 3367 1393">
    <p class='ocr_par' dir='ltr' id='par_1_24' title="bbox 1835 1322 3367 1393">
     <span class='ocr_line' id='line_1_24' title="bbox 1835 1322 3367 1393; baseline 0.004 -18"><span class='ocrx_word' id='word_1_145' title='bbox 1835 1322 2063 1376; x_wconf 79' lang='lat' dir='ltr'><strong>Ilomero</strong></span> <span class='ocrx_word' id='word_1_146' title='bbox 2097 1324 2263 1377; x_wconf 84' lang='lat' dir='ltr'><strong>veteri</strong></span> <span class='ocrx_word' id='word_1_147' title='bbox 2331 1330 2385 1378; x_wconf 85' lang='lat' dir='ltr'><strong>et</strong></span> <span class='ocrx_word' id='word_1_148' title='bbox 2423 1324 2640 1393; x_wconf 89' lang='lat' dir='ltr'><strong>pr0prio</strong></span> <span class='ocrx_word' id='word_1_149' title='bbox 2667 1339 2814 1379; x_wconf 91' lang='lat' dir='ltr'><strong>more</strong></span> <span class='ocrx_word' id='word_1_150' title='bbox 2835 1332 2961 1379; x_wconf 87' lang='lat' dir='ltr'><strong>sunt</strong></span> <span class='ocrx_word' id='word_1_151' title='bbox 2991 1324 3155 1390; x_wconf 88' lang='lat' dir='ltr'><strong>dicta,</strong></span> <span class='ocrx_word' id='word_1_152' title='bbox 3187 1334 3367 1381; x_wconf 84' lang='lat' dir='ltr'><strong>trans-</strong></span> 
     </span>
    </p>
   </div>
   <div class='ocr_carea' id='block_1_25' title="bbox 1836 1410 3363 1481">
    <p class='ocr_par' dir='ltr' id='par_1_25' title="bbox 1836 1410 3363 1481">
     <span class='ocr_line' id='line_1_25' title="bbox 1836 1410 3363 1481; baseline 0.002 -17"><span class='ocrx_word' id='word_1_153' title='bbox 1836 1410 1937 1465; x_wconf 83' lang='lat' dir='ltr'><strong>fert</strong></span> <span class='ocrx_word' id='word_1_154' title='bbox 1969 1412 2035 1465; x_wconf 90' lang='lat' dir='ltr'><strong>ad</strong></span> <span class='ocrx_word' id='word_1_155' title='bbox 2055 1427 2232 1465; x_wconf 82' lang='lat' dir='ltr'><strong>veram</strong></span> <span class='ocrx_word' id='word_1_156' title='bbox 2259 1412 2475 1481; x_wconf 62' lang='lat' dir='ltr'><strong>sphaerae</strong></span> <span class='ocrx_word' id='word_1_157' title='bbox 2491 1412 2881 1468; x_wconf 82' lang='lat' dir='ltr'><strong>formationem.</strong></span> <span class='ocrx_word' id='word_1_158' title='bbox 2906 1412 3168 1470; x_wconf 86' lang='lat' dir='ltr'><strong>Homerus</strong></span> <span class='ocrx_word' id='word_1_159' title='bbox 3198 1416 3363 1478; x_wconf 90' lang='lat' dir='ltr'><strong>enim,</strong></span> 
     </span>
    </p>
   </div>
   <div class='ocr_carea' id='block_1_26' title="bbox 1836 1502 3365 1572">
    <p class='ocr_par' dir='ltr' id='par_1_26' title="bbox 1836 1502 3365 1572">
     <span class='ocr_line' id='line_1_26' title="bbox 1836 1502 3365 1572; baseline 0.003 -16"><span class='ocrx_word' id='word_1_160' title='bbox 1836 1510 1889 1557; x_wconf 87' lang='lat' dir='ltr'><strong>et</strong></span> <span class='ocrx_word' id='word_1_161' title='bbox 1920 1511 2127 1557; x_wconf 82' lang='lat' dir='ltr'><strong>veteres</strong></span> <span class='ocrx_word' id='word_1_162' title='bbox 2152 1511 2322 1572; x_wconf 85' lang='lat' dir='ltr'><strong>poetae</strong></span> <span class='ocrx_word' id='word_1_163' title='bbox 2347 1502 2478 1567; x_wconf 82' lang='lat' dir='ltr'><strong>fere,</strong></span> <span class='ocrx_word' id='word_1_164' title='bbox 2506 1510 2565 1557; x_wconf 91' lang='lat' dir='ltr'><strong>ut</strong></span> <span class='ocrx_word' id='word_1_165' title='bbox 2594 1504 2903 1558; x_wconf 85' lang='lat' dir='ltr'><strong>summatim</strong></span> <span class='ocrx_word' id='word_1_166' title='bbox 2931 1504 3127 1570; x_wconf 87' lang='lat' dir='ltr'><strong>dicam,</strong></span> <span class='ocrx_word' id='word_1_167' title='bbox 3156 1520 3365 1570; x_wconf 90' lang='lat' dir='ltr'><strong>omnes,</strong></span> 
     </span>
    </p>
   </div>
   <div class='ocr_carea' id='block_1_27' title="bbox 1838 1594 3367 1663">
    <p class='ocr_par' dir='ltr' id='par_1_27' title="bbox 1838 1594 3367 1663">
     <span class='ocr_line' id='line_1_27' title="bbox 1838 1594 3367 1663; baseline 0.003 -18"><span class='ocrx_word' id='word_1_168' title='bbox 1838 1594 2048 1663; x_wconf 85' lang='lat' dir='ltr'><strong>planam</strong></span> <span class='ocrx_word' id='word_1_169' title='bbox 2104 1596 2441 1648; x_wconf 85' lang='lat' dir='ltr'><strong>constituunt</strong></span> <span class='ocrx_word' id='word_1_170' title='bbox 2502 1604 2737 1659; x_wconf 77' lang='lat' dir='ltr'><strong>terram,</strong></span> <span class='ocrx_word' id='word_1_171' title='bbox 2796 1607 2851 1651; x_wconf 80' lang='lat' dir='ltr'><strong>et</strong></span> <span class='ocrx_word' id='word_1_172' title='bbox 2879 1610 2994 1650; x_wconf 85' lang='lat' dir='ltr'><strong>eam</strong></span> <span class='ocrx_word' id='word_1_173' title='bbox 3046 1604 3367 1651; x_wconf 84' lang='lat' dir='ltr'><strong>convertunt</strong></span> 
     </span>
    </p>
   </div>
   <div class='ocr_carea' id='block_1_28' title="bbox 1838 1677 3365 1755">
    <p class='ocr_par' dir='ltr' id='par_1_28' title="bbox 1838 1677 3365 1755">
     <span class='ocr_line' id='line_1_28' title="bbox 1838 1677 3365 1755; baseline 0.003 -18"><span class='ocrx_word' id='word_1_174' title='bbox 1838 1684 2054 1738; x_wconf 87' lang='lat' dir='ltr'><strong>mundo.</strong></span> <span class='ocrx_word' id='word_1_175' title='bbox 2111 1677 2411 1749; x_wconf 77' lang='lat' dir='ltr'><strong>Quinetiam</strong></span> <span class='ocrx_word' id='word_1_176' title='bbox 2449 1685 2655 1755; x_wconf 81' lang='lat' dir='ltr'><strong>ﬁngunt</strong></span> <span class='ocrx_word' id='word_1_177' title='bbox 2712 1686 2767 1740; x_wconf 91' lang='lat' dir='ltr'><strong>in</strong></span> <span class='ocrx_word' id='word_1_178' title='bbox 2820 1687 3047 1740; x_wconf 88' lang='lat' dir='ltr'><strong>circuitu</strong></span> <span class='ocrx_word' id='word_1_179' title='bbox 3094 1685 3365 1741; x_wconf 84' lang='lat' dir='ltr'><strong>Oceanum</strong></span> 
     </span>
    </p>
   </div>
   <div class='ocr_carea' id='block_1_29' title="bbox 1838 1777 3363 1840">
    <p class='ocr_par' dir='ltr' id='par_1_29' title="bbox 1838 1777 3363 1840">
     <span class='ocr_line' id='line_1_29' title="bbox 1838 1777 3363 1840; baseline 0.003 -10"><span class='ocrx_word' id='word_1_180' title='bbox 1838 1777 2247 1840; x_wconf 80' lang='lat' dir='ltr'><strong>circumfusum,</strong></span> <span class='ocrx_word' id='word_1_181' title='bbox 2295 1786 2347 1833; x_wconf 89' lang='lat' dir='ltr'><strong>et</strong></span> <span class='ocrx_word' id='word_1_182' title='bbox 2386 1778 2668 1833; x_wconf 87' lang='lat' dir='ltr'><strong>habentem</strong></span> <span class='ocrx_word' id='word_1_183' title='bbox 2709 1780 2971 1833; x_wconf 85' lang='lat' dir='ltr'><strong>rationem</strong></span> <span class='ocrx_word' id='word_1_184' title='bbox 3021 1779 3314 1835; x_wconf 86' lang='lat' dir='ltr'><strong>horizontis</strong></span> <span class='ocrx_word' id='word_1_185' title='bbox 3350 1799 3363 1834; x_wconf 87' lang='lat'>:</span> 
     </span>
    </p>
   </div>
   <div class='ocr_carea' id='block_1_30' title="bbox 1840 1869 3367 1927">
    <p class='ocr_par' dir='ltr' id='par_1_30' title="bbox 1840 1869 3367 1927">
     <span class='ocr_line' id='line_1_30' title="bbox 1840 1869 3367 1927; baseline 0.005 -8"><span class='ocrx_word' id='word_1_186' title='bbox 1840 1869 1905 1921; x_wconf 89' lang='lat' dir='ltr'><strong>ad</strong></span> <span class='ocrx_word' id='word_1_187' title='bbox 1954 1869 2065 1925; x_wconf 66' lang='lat' dir='ltr'><strong>haec</strong></span> <span class='ocrx_word' id='word_1_188' title='bbox 2107 1878 2256 1923; x_wconf 87' lang='lat' dir='ltr'><strong>ortus</strong></span> <span class='ocrx_word' id='word_1_189' title='bbox 2300 1886 2367 1923; x_wconf 80' lang='lat' dir='ltr'><strong>ex</strong></span> <span class='ocrx_word' id='word_1_190' title='bbox 2398 1869 2612 1925; x_wconf 87' lang='lat' dir='ltr'><strong>Oceano</strong></span> <span class='ocrx_word' id='word_1_191' title='bbox 2666 1878 2721 1925; x_wconf 83' lang='lat' dir='ltr'><strong>et</strong></span> <span class='ocrx_word' id='word_1_192' title='bbox 2747 1886 2972 1927; x_wconf 82' lang='lat' dir='ltr'><strong>occasus</strong></span> <span class='ocrx_word' id='word_1_193' title='bbox 3014 1871 3077 1925; x_wconf 22' lang='lat' dir='ltr'><strong>in.</strong></span> <span class='ocrx_word' id='word_1_194' title='bbox 3096 1869 3367 1927; x_wconf 87' lang='lat' dir='ltr'><strong>Oceanum</strong></span> 
     </span>
    </p>
   </div>
   <div class='ocr_carea' id='block_1_31' title="bbox 194 1950 1748 2037">
    <p class='ocr_par' dir='ltr' id='par_1_31' title="bbox 194 1950 1738 2037">
     <span class='ocr_line' id='line_1_31' title="bbox 194 1950 1738 2037; baseline -0.008 -22"><span class='ocrx_word' id='word_1_195' title='bbox 194 1965 333 2025; x_wconf 69' lang='grc' dir='ltr'>τοὺς</span> <span class='ocrx_word' id='word_1_196' title='bbox 358 1959 738 2031; x_wconf 75' lang='grc' dir='ltr'><strong>πλησιάζοντας</strong></span> <span class='ocrx_word' id='word_1_197' title='bbox 767 1960 829 2029; x_wconf 80' lang='grc' dir='ltr'><strong>τῇ</strong></span> <span class='ocrx_word' id='word_1_198' title='bbox 856 1956 1081 2026; x_wconf 79' lang='grc' dir='ltr'>ἀνατολῇ</span> <span class='ocrx_word' id='word_1_199' title='bbox 1106 1955 1198 2008; x_wconf 72' lang='grc' dir='ltr'><strong>καὶ</strong></span> <span class='ocrx_word' id='word_1_200' title='bbox 1217 1957 1283 2024; x_wconf 81' lang='grc' dir='ltr'>τῇ</span> <span class='ocrx_word' id='word_1_201' title='bbox 1312 1953 1455 2037; x_wconf 84' lang='grc' dir='ltr'>δύσει</span> <span class='ocrx_word' id='word_1_202' title='bbox 1478 1950 1738 2013; x_wconf 82' lang='grc' dir='ltr'>Αἰθίοπας</span> 
     </span>
    </p>
   </div>
   <div class='ocr_carea' id='block_1_32' title="bbox 1846 1950 3370 2037">
    <p class='ocr_par' dir='ltr' id='par_1_32' title="bbox 1846 1958 3370 2037">
     <span class='ocr_line' id='line_1_32' title="bbox 1846 1958 3370 2037; baseline 0.005 -25"><span class='ocrx_word' id='word_1_203' title='bbox 1846 1958 1970 2015; x_wconf 85' lang='lat' dir='ltr'><strong>lieri.</strong></span> <span class='ocrx_word' id='word_1_204' title='bbox 2034 1962 2217 2035; x_wconf 86' lang='lat' dir='ltr'><strong>Itaque</strong></span> <span class='ocrx_word' id='word_1_205' title='bbox 2246 1963 2550 2034; x_wconf 65' lang='lat' dir='ltr'><strong>Ethiopas,</strong></span> <span class='ocrx_word' id='word_1_206' title='bbox 2592 1966 2682 2034; x_wconf 86' lang='lat' dir='ltr'><strong>qui</strong></span> <span class='ocrx_word' id='word_1_207' title='bbox 2727 1973 2881 2021; x_wconf 87' lang='lat' dir='ltr'><strong>erant</strong></span> <span class='ocrx_word' id='word_1_208' title='bbox 2909 1966 3196 2037; x_wconf 79' lang='lat' dir='ltr'><strong>propinqui</strong></span> <span class='ocrx_word' id='word_1_209' title='bbox 3224 1966 3370 2020; x_wconf 73' lang='lat' dir='ltr'><strong>ortui</strong></span> 
     </span>
    </p>
   </div>
   <div class='ocr_carea' id='block_1_33' title="bbox 201 2033 1735 2123">
    <p class='ocr_par' dir='ltr' id='par_1_33' title="bbox 201 2033 1735 2123">
     <span class='ocr_line' id='line_1_33' title="bbox 201 2033 1735 2123; baseline -0.01 -16"><span class='ocrx_word' id='word_1_210' title='bbox 201 2051 580 2123; x_wconf 78' lang='grc' dir='ltr'>ὑπελάμϐανον</span> <span class='ocrx_word' id='word_1_211' title='bbox 613 2049 848 2117; x_wconf 85' lang='grc' dir='ltr'>γίνεσθαι</span> <span class='ocrx_word' id='word_1_212' title='bbox 872 2045 1284 2113; x_wconf 82' lang='grc' dir='ltr'>καταιθομένους</span> <span class='ocrx_word' id='word_1_213' title='bbox 1316 2033 1427 2095; x_wconf 63' lang='grc' dir='ltr'><strong>ὑπο</strong></span> <span class='ocrx_word' id='word_1_214' title='bbox 1447 2040 1539 2094; x_wconf 76' lang='grc' dir='ltr'>τοῦ</span> <span class='ocrx_word' id='word_1_215' title='bbox 1567 2040 1735 2110; x_wconf 77' lang='grc' dir='ltr'>ἡλίου.</span> 
     </span>
    </p>
   </div>
   <div class='ocr_carea' id='block_1_34' title="bbox 200 2129 1740 2214">
    <p class='ocr_par' dir='ltr' id='par_1_34' title="bbox 200 2129 1740 2214">
     <span class='ocr_line' id='line_1_34' title="bbox 200 2129 1740 2214; baseline -0.011 -16"><span class='ocrx_word' id='word_1_216' title='bbox 200 2145 357 2214; x_wconf 75' lang='grc' dir='ltr'>Αὕτη</span> <span class='ocrx_word' id='word_1_217' title='bbox 407 2144 461 2195; x_wconf 78' lang='grc' dir='ltr'>δὲ</span> <span class='ocrx_word' id='word_1_218' title='bbox 506 2144 537 2210; x_wconf 82' lang='grc' dir='ltr'>ἡ</span> <span class='ocrx_word' id='word_1_219' title='bbox 578 2138 837 2211; x_wconf 73' lang='grc' dir='ltr'><strong>πρόληψις</strong></span> <span class='ocrx_word' id='word_1_220' title='bbox 879 2140 944 2207; x_wconf 82' lang='grc' dir='ltr'>τῇ</span> <span class='ocrx_word' id='word_1_221' title='bbox 999 2136 1094 2205; x_wconf 83' lang='grc' dir='ltr'><strong>μὲν</strong></span> <span class='ocrx_word' id='word_1_222' title='bbox 1146 2132 1470 2203; x_wconf 79' lang='grc' dir='ltr'>προκειμένῃ</span> <span class='ocrx_word' id='word_1_223' title='bbox 1509 2129 1740 2192; x_wconf 77' lang='grc' dir='ltr'>διατάξει</span> 
     </span>
    </p>
   </div>
   <div class='ocr_carea' id='block_1_35' title="bbox 202 2220 1741 2301">
    <p class='ocr_par' dir='ltr' id='par_1_35' title="bbox 202 2220 1741 2301">
     <span class='ocr_line' id='line_1_35' title="bbox 202 2220 1741 2301; baseline -0.012 -11"><span class='ocrx_word' id='word_1_224' title='bbox 202 2234 495 2297; x_wconf 79' lang='grc' dir='ltr'>ἀκόλουθός</span> <span class='ocrx_word' id='word_1_225' title='bbox 516 2236 648 2299; x_wconf 78' lang='grc' dir='ltr'>ἐστι,</span> <span class='ocrx_word' id='word_1_226' title='bbox 676 2231 772 2301; x_wconf 83' lang='grc' dir='ltr'>τῆς</span> <span class='ocrx_word' id='word_1_227' title='bbox 800 2230 855 2283; x_wconf 77' lang='grc' dir='ltr'>δὲ</span> <span class='ocrx_word' id='word_1_228' title='bbox 886 2228 1027 2280; x_wconf 82' lang='grc' dir='ltr'>κατὰ</span> <span class='ocrx_word' id='word_1_229' title='bbox 1054 2225 1209 2295; x_wconf 80' lang='grc' dir='ltr'>φύσιν</span> <span class='ocrx_word' id='word_1_230' title='bbox 1252 2221 1622 2293; x_wconf 74' lang='grc' dir='ltr'>σφαιροποιίας</span> <span class='ocrx_word' id='word_1_231' title='bbox 1648 2220 1741 2274; x_wconf 88' lang='grc' dir='ltr'>ἀλ-</span> 
     </span>
    </p>
   </div>
   <div class='ocr_carea' id='block_1_36' title="bbox 199 2310 1740 2397">
    <p class='ocr_par' dir='ltr' id='par_1_36' title="bbox 199 2310 1740 2397">
     <span class='ocr_line' id='line_1_36' title="bbox 199 2310 1740 2397; baseline -0.014 -15"><span class='ocrx_word' id='word_1_232' title='bbox 199 2327 410 2397; x_wconf 81' lang='grc' dir='ltr'>λοτρία.</span> <span class='ocrx_word' id='word_1_233' title='bbox 449 2326 511 2376; x_wconf 85' lang='grc' dir='ltr'><strong>Ἦ</strong></span> <span class='ocrx_word' id='word_1_234' title='bbox 544 2323 651 2394; x_wconf 80' lang='grc' dir='ltr'>γάρ</span> <span class='ocrx_word' id='word_1_235' title='bbox 692 2322 761 2390; x_wconf 80' lang='grc' dir='ltr'><strong>γῆ</strong></span> <span class='ocrx_word' id='word_1_236' title='bbox 798 2321 932 2390; x_wconf 78' lang='grc' dir='ltr'>μέση</span> <span class='ocrx_word' id='word_1_237' title='bbox 965 2321 1134 2370; x_wconf 89' lang='grc' dir='ltr'>κεῖται</span> <span class='ocrx_word' id='word_1_238' title='bbox 1176 2313 1267 2367; x_wconf 80' lang='grc' dir='ltr'>τοῦ</span> <span class='ocrx_word' id='word_1_239' title='bbox 1318 2315 1623 2381; x_wconf 82' lang='grc' dir='ltr'>σύμπαντος</span> <span class='ocrx_word' id='word_1_240' title='bbox 1650 2310 1740 2363; x_wconf 87' lang='grc' dir='ltr'><strong>κό-</strong></span> 
     </span>
    </p>
   </div>
   <div class='ocr_carea' id='block_1_37' title="bbox 204 2400 1781 2487">
    <p class='ocr_par' dir='ltr' id='par_1_37' title="bbox 204 2400 1781 2487">
     <span class='ocr_line' id='line_1_37' title="bbox 204 2400 1781 2487; baseline -0.013 -16"><span class='ocrx_word' id='word_1_241' title='bbox 204 2434 371 2487; x_wconf 88' lang='grc' dir='ltr'>σμου,</span> <span class='ocrx_word' id='word_1_242' title='bbox 402 2415 621 2485; x_wconf 80' lang='grc' dir='ltr'>σημείου</span> <span class='ocrx_word' id='word_1_243' title='bbox 652 2412 799 2478; x_wconf 83' lang='grc' dir='ltr'>τάξιν</span> <span class='ocrx_word' id='word_1_244' title='bbox 839 2410 1101 2478; x_wconf 76' lang='grc' dir='ltr'>ἐπέχουσα</span> <span class='ocrx_word' id='word_1_245' title='bbox 1123 2423 1135 2435; x_wconf 86' lang='grc'><strong>·</strong></span> <span class='ocrx_word' id='word_1_246' title='bbox 1164 2407 1218 2457; x_wconf 83' lang='grc' dir='ltr'>αἱ</span> <span class='ocrx_word' id='word_1_247' title='bbox 1263 2403 1317 2456; x_wconf 80' lang='grc' dir='ltr'>δὲ</span> <span class='ocrx_word' id='word_1_248' title='bbox 1355 2401 1604 2455; x_wconf 76' lang='grc' dir='ltr'>ἀνατολαὶ</span> <span class='ocrx_word' id='word_1_249' title='bbox 1647 2400 1741 2453; x_wconf 81' lang='grc' dir='ltr'>τοῦ</span> <span class='ocrx_word' id='word_1_250' title='bbox 1772 2426 1781 2440; x_wconf 69' lang='grc' dir='ltr'><strong>ι</strong></span> 
     </span>
    </p>
   </div>
   <div class='ocr_carea' id='block_1_38' title="bbox 202 2494 1743 2583">
    <p class='ocr_par' dir='ltr' id='par_1_38' title="bbox 202 2494 1743 2581">
     <span class='ocr_line' id='line_1_38' title="bbox 202 2494 1743 2581; baseline -0.012 -20"><span class='ocrx_word' id='word_1_251' title='bbox 202 2510 358 2581; x_wconf 77' lang='grc' dir='ltr'>ἡλίου</span> <span class='ocrx_word' id='word_1_252' title='bbox 385 2507 618 2574; x_wconf 84' lang='grc' dir='ltr'>γίνονται</span> <span class='ocrx_word' id='word_1_253' title='bbox 649 2505 739 2556; x_wconf 74' lang='grc' dir='ltr'><strong>καὶ</strong></span> <span class='ocrx_word' id='word_1_254' title='bbox 766 2504 819 2555; x_wconf 91' lang='grc' dir='ltr'>αἱ</span> <span class='ocrx_word' id='word_1_255' title='bbox 849 2500 1025 2561; x_wconf 78' lang='grc' dir='ltr'>δύσεις</span> <span class='ocrx_word' id='word_1_256' title='bbox 1059 2501 1120 2550; x_wconf 80' lang='grc' dir='ltr'>ὲκ</span> <span class='ocrx_word' id='word_1_257' title='bbox 1158 2494 1251 2548; x_wconf 78' lang='grc' dir='ltr'>τοῦ</span> <span class='ocrx_word' id='word_1_258' title='bbox 1278 2494 1489 2565; x_wconf 78' lang='grc' dir='ltr'>αἰθέρος</span> <span class='ocrx_word' id='word_1_259' title='bbox 1532 2495 1624 2545; x_wconf 79' lang='grc' dir='ltr'><strong>καὶ</strong></span> <span class='ocrx_word' id='word_1_260' title='bbox 1664 2496 1743 2555; x_wconf 85' lang='grc' dir='ltr'>εἰς</span> 
     </span>
    </p>
   </div>
   <div class='ocr_carea' id='block_1_39' title="bbox 206 2582 1743 2667">
    <p class='ocr_par' dir='ltr' id='par_1_39' title="bbox 206 2582 1743 2667">
     <span class='ocr_line' id='line_1_39' title="bbox 206 2582 1743 2667; baseline -0.014 -13"><span class='ocrx_word' id='word_1_261' title='bbox 206 2602 300 2654; x_wconf 74' lang='grc' dir='ltr'>τὸν</span> <span class='ocrx_word' id='word_1_262' title='bbox 327 2598 533 2667; x_wconf 73' lang='grc' dir='ltr'>αἰθέρα,</span> <span class='ocrx_word' id='word_1_263' title='bbox 555 2596 638 2649; x_wconf 75' lang='grc' dir='ltr'>διὰ</span> <span class='ocrx_word' id='word_1_264' title='bbox 666 2582 860 2654; x_wconf 80' lang='grc' dir='ltr'>παντὸς</span> <span class='ocrx_word' id='word_1_265' title='bbox 895 2589 984 2642; x_wconf 79' lang='grc' dir='ltr'><strong>τού</strong></span> <span class='ocrx_word' id='word_1_266' title='bbox 1012 2588 1158 2657; x_wconf 81' lang='grc' dir='ltr'>ἡλίου</span> <span class='ocrx_word' id='word_1_267' title='bbox 1195 2587 1307 2647; x_wconf 80' lang='grc' dir='ltr'>ἴσον</span> <span class='ocrx_word' id='word_1_268' title='bbox 1332 2583 1620 2653; x_wconf 78' lang='grc' dir='ltr'>ἀπέχοντος</span> <span class='ocrx_word' id='word_1_269' title='bbox 1648 2582 1743 2651; x_wconf 85' lang='grc' dir='ltr'>τῆς</span> 
     </span>
    </p>
   </div>
   <div class='ocr_carea' id='block_1_40' title="bbox 212 2672 1743 2762">
    <p class='ocr_par' dir='ltr' id='par_1_40' title="bbox 212 2672 1743 2762">
     <span class='ocr_line' id='line_1_40' title="bbox 212 2672 1743 2762; baseline -0.016 -16"><span class='ocrx_word' id='word_1_270' title='bbox 212 2696 331 2762; x_wconf 81' lang='grc' dir='ltr'>γῆς.</span> <span class='ocrx_word' id='word_1_271' title='bbox 360 2690 513 2743; x_wconf 85' lang='grc' dir='ltr'>Ὅθεν</span> <span class='ocrx_word' id='word_1_272' title='bbox 537 2688 592 2742; x_wconf 77' lang='grc' dir='ltr'>αἱ</span> <span class='ocrx_word' id='word_1_273' title='bbox 621 2688 713 2757; x_wconf 85' lang='grc' dir='ltr'><strong>μὲν</strong></span> <span class='ocrx_word' id='word_1_274' title='bbox 737 2680 1117 2759; x_wconf 82' lang='grc' dir='ltr'>προειρημέναι</span> <span class='ocrx_word' id='word_1_275' title='bbox 1156 2674 1423 2729; x_wconf 86' lang='grc' dir='ltr'>Αἰθιοπίαι</span> <span class='ocrx_word' id='word_1_276' title='bbox 1450 2672 1743 2741; x_wconf 82' lang='grc' dir='ltr'>ἁδιανόητοί</span> 
     </span>
    </p>
   </div>
   <div class='ocr_carea' id='block_1_41' title="bbox 216 2764 1745 2842">
    <p class='ocr_par' dir='ltr' id='par_1_41' title="bbox 216 2764 1745 2842">
     <span class='ocr_line' id='line_1_41' title="bbox 216 2764 1745 2842; baseline -0.012 -6"><span class='ocrx_word' id='word_1_277' title='bbox 216 2786 384 2836; x_wconf 67' lang='grc' dir='ltr'>εἰσιν·</span> <span class='ocrx_word' id='word_1_278' title='bbox 417 2783 469 2834; x_wconf 80' lang='grc' dir='ltr'>αἱ</span> <span class='ocrx_word' id='word_1_279' title='bbox 510 2780 567 2833; x_wconf 80' lang='grc' dir='ltr'>δὲ</span> <span class='ocrx_word' id='word_1_280' title='bbox 612 2778 713 2831; x_wconf 79' lang='grc' dir='ltr'>ὑπὸ</span> <span class='ocrx_word' id='word_1_281' title='bbox 738 2777 860 2838; x_wconf 79' lang='grc' dir='ltr'>τοὺς</span> <span class='ocrx_word' id='word_1_282' title='bbox 897 2777 953 2826; x_wconf 82' lang='grc' dir='ltr'>ὲν</span> <span class='ocrx_word' id='word_1_283' title='bbox 983 2771 1059 2842; x_wconf 81' lang='grc' dir='ltr'>τῷ</span> <span class='ocrx_word' id='word_1_284' title='bbox 1100 2772 1283 2840; x_wconf 83' lang='grc' dir='ltr'>κόσμῳ</span> <span class='ocrx_word' id='word_1_285' title='bbox 1316 2768 1601 2840; x_wconf 82' lang='grc' dir='ltr'>τροπικοὺς</span> <span class='ocrx_word' id='word_1_286' title='bbox 1634 2764 1745 2819; x_wconf 90' lang='grc' dir='ltr'>κεί-</span> 
     </span>
    </p>
   </div>
   <div class='ocr_carea' id='block_1_42' title="bbox 230 2858 1746 2944">
    <p class='ocr_par' dir='ltr' id='par_1_42' title="bbox 230 2858 1746 2944">
     <span class='ocr_line' id='line_1_42' title="bbox 230 2858 1746 2944; baseline -0.012 -17"><span class='ocrx_word' id='word_1_287' title='bbox 230 2889 402 2944; x_wconf 84' lang='grc' dir='ltr'>μεναι,</span> <span class='ocrx_word' id='word_1_288' title='bbox 428 2872 616 2932; x_wconf 79' lang='grc' dir='ltr'>αἵτινες</span> <span class='ocrx_word' id='word_1_289' title='bbox 657 2868 981 2939; x_wconf 78' lang='grc' dir='ltr'>ὑπάρχουσιν</span> <span class='ocrx_word' id='word_1_290' title='bbox 1020 2864 1108 2917; x_wconf 77' lang='grc' dir='ltr'>ἐπὶ</span> <span class='ocrx_word' id='word_1_291' title='bbox 1152 2862 1219 2915; x_wconf 82' lang='grc' dir='ltr'>τὰ</span> <span class='ocrx_word' id='word_1_292' title='bbox 1258 2860 1465 2933; x_wconf 86' lang='grc' dir='ltr'>πέρατα</span> <span class='ocrx_word' id='word_1_293' title='bbox 1491 2858 1596 2912; x_wconf 82' lang='grc' dir='ltr'><strong>τῶν</strong></span> <span class='ocrx_word' id='word_1_294' title='bbox 1632 2858 1746 2911; x_wconf 60' lang='grc' dir='ltr'>διαέ</span> 
     </span>
    </p>
   </div>
   <div class='ocr_carea' id='block_1_43' title="bbox 223 2951 1745 3035">
    <p class='ocr_par' dir='ltr' id='par_1_43' title="bbox 223 2951 1745 3035">
     <span class='ocr_line' id='line_1_43' title="bbox 223 2951 1745 3035; baseline -0.012 -15"><span class='ocrx_word' id='word_1_295' title='bbox 223 2963 558 3035; x_wconf 76' lang='grc' dir='ltr'>κεκαυμένων</span> <span class='ocrx_word' id='word_1_296' title='bbox 587 2960 786 3025; x_wconf 78' lang='grc' dir='ltr'>ζωνῶν,</span> <span class='ocrx_word' id='word_1_297' title='bbox 829 2957 963 3010; x_wconf 86' lang='grc' dir='ltr'>κατὰ</span> <span class='ocrx_word' id='word_1_298' title='bbox 1004 2956 1158 3024; x_wconf 78' lang='grc' dir='ltr'>φύσιν</span> <span class='ocrx_word' id='word_1_299' title='bbox 1190 2954 1415 3025; x_wconf 80' lang='grc' dir='ltr'>ἔχουσιν.</span> <span class='ocrx_word' id='word_1_300' title='bbox 1461 2953 1533 3005; x_wconf 82' lang='grc' dir='ltr'><strong>Οὐ</strong></span> <span class='ocrx_word' id='word_1_301' title='bbox 1569 2951 1745 3021; x_wconf 86' lang='grc' dir='ltr'>μέντοι</span> 
     </span>
    </p>
   </div>
   <div class='ocr_carea' id='block_1_44' title="bbox 218 3038 1745 3124">
    <p class='ocr_par' dir='ltr' id='par_1_44' title="bbox 218 3038 1745 3124">
     <span class='ocr_line' id='line_1_44' title="bbox 218 3038 1745 3124; baseline -0.011 -16"><span class='ocrx_word' id='word_1_302' title='bbox 218 3073 283 3124; x_wconf 82' lang='grc' dir='ltr'>γε</span> <span class='ocrx_word' id='word_1_303' title='bbox 327 3038 647 3123; x_wconf 83' lang='grc' dir='ltr'>ὑποληπτέον</span> <span class='ocrx_word' id='word_1_304' title='bbox 695 3049 941 3117; x_wconf 77' lang='grc' dir='ltr'>ἀοίκητον</span> <span class='ocrx_word' id='word_1_305' title='bbox 989 3041 1125 3097; x_wconf 78' lang='grc' dir='ltr'>εἶναι</span> <span class='ocrx_word' id='word_1_306' title='bbox 1174 3044 1271 3112; x_wconf 81' lang='grc' dir='ltr'>τὴν</span> <span class='ocrx_word' id='word_1_307' title='bbox 1324 3040 1745 3111; x_wconf 81' lang='grc' dir='ltr'>διακεκαυμένην</span> 
     </span>
    </p>
   </div>
   <div class='ocr_carea' id='block_1_45' title="bbox 212 3132 1749 3217">
    <p class='ocr_par' dir='ltr' id='par_1_45' title="bbox 212 3132 1749 3217">
     <span class='ocr_line' id='line_1_45' title="bbox 212 3132 1749 3217; baseline -0.012 -16"><span class='ocrx_word' id='word_1_308' title='bbox 212 3146 406 3217; x_wconf 83' lang='grc' dir='ltr'>ζώνην.</span> <span class='ocrx_word' id='word_1_309' title='bbox 441 3144 577 3214; x_wconf 81' lang='grc' dir='ltr'>Ἤδη</span> <span class='ocrx_word' id='word_1_310' title='bbox 604 3142 708 3212; x_wconf 85' lang='grc' dir='ltr'><strong>γάρ</strong></span> <span class='ocrx_word' id='word_1_311' title='bbox 736 3141 823 3193; x_wconf 78' lang='grc' dir='ltr'><strong>ἐπὶ</strong></span> <span class='ocrx_word' id='word_1_312' title='bbox 852 3138 1072 3199; x_wconf 81' lang='grc' dir='ltr'>πολλοὺς</span> <span class='ocrx_word' id='word_1_313' title='bbox 1101 3136 1291 3197; x_wconf 87' lang='grc' dir='ltr'>τόπους</span> <span class='ocrx_word' id='word_1_314' title='bbox 1321 3134 1418 3203; x_wconf 80' lang='grc' dir='ltr'>τῆς</span> <span class='ocrx_word' id='word_1_315' title='bbox 1450 3132 1620 3203; x_wconf 79' lang='grc' dir='ltr'>ζώνης</span> <span class='ocrx_word' id='word_1_316' title='bbox 1650 3132 1749 3201; x_wconf 81' lang='grc' dir='ltr'>τῆς</span> 
     </span>
    </p>
   </div>
   <div class='ocr_carea' id='block_1_46' title="bbox 205 3225 1737 3306">
    <p class='ocr_par' dir='ltr' id='par_1_46' title="bbox 205 3225 1737 3306">
     <span class='ocr_line' id='line_1_46' title="bbox 205 3225 1737 3306; baseline -0.009 -15"><span class='ocrx_word' id='word_1_317' title='bbox 205 3236 633 3306; x_wconf 77' lang='grc' dir='ltr'>διακεκαυμένης</span> <span class='ocrx_word' id='word_1_318' title='bbox 666 3229 945 3302; x_wconf 82' lang='grc' dir='ltr'>ὲληλύθασί</span> <span class='ocrx_word' id='word_1_319' title='bbox 975 3246 1136 3291; x_wconf 87' lang='grc' dir='ltr'>τινες,</span> <span class='ocrx_word' id='word_1_320' title='bbox 1183 3227 1271 3280; x_wconf 76' lang='grc' dir='ltr'><strong>καὶ</strong></span> <span class='ocrx_word' id='word_1_321' title='bbox 1315 3225 1379 3278; x_wconf 81' lang='grc' dir='ltr'>τὰ</span> <span class='ocrx_word' id='word_1_322' title='bbox 1423 3225 1639 3278; x_wconf 86' lang='grc' dir='ltr'>πλεῖστα</span> <span class='ocrx_word' id='word_1_323' title='bbox 1666 3226 1737 3277; x_wconf 79' lang='lat' dir='ltr'><strong>oi-</strong></span> 
     </span>
    </p>
   </div>
   <div class='ocr_carea' id='block_1_47' title="bbox 204 3322 697 3397">
    <p class='ocr_par' dir='ltr' id='par_1_47' title="bbox 204 3322 697 3397">
     <span class='ocr_line' id='line_1_47' title="bbox 204 3322 697 3397; baseline -0.01 -20"><span class='ocrx_word' id='word_1_324' title='bbox 204 3327 417 3397; x_wconf 81' lang='grc' dir='ltr'>κήσιμα</span> <span class='ocrx_word' id='word_1_325' title='bbox 456 3322 697 3394; x_wconf 79' lang='grc' dir='ltr'>εὓρηται.</span> 
     </span>
    </p>
   </div>
   <div class='ocr_carea' id='block_1_48' title="bbox 282 3404 1747 3483">
    <p class='ocr_par' dir='ltr' id='par_1_48' title="bbox 282 3404 1747 3483">
     <span class='ocr_line' id='line_1_48' title="bbox 282 3404 1747 3483; baseline -0.01 -13"><span class='ocrx_word' id='word_1_326' title='bbox 282 3416 444 3469; x_wconf 88' lang='grc' dir='ltr'>Ὅθεν</span> <span class='ocrx_word' id='word_1_327' title='bbox 485 3414 585 3468; x_wconf 58' lang='grc' dir='ltr'>καῖ</span> <span class='ocrx_word' id='word_1_328' title='bbox 608 3413 843 3483; x_wconf 78' lang='grc' dir='ltr'>ζητεῖται</span> <span class='ocrx_word' id='word_1_329' title='bbox 874 3411 1021 3483; x_wconf 88' lang='grc' dir='ltr'><strong>παρά</strong></span> <span class='ocrx_word' id='word_1_330' title='bbox 1050 3408 1278 3473; x_wconf 87' lang='grc' dir='ltr'>πολλοῖς,</span> <span class='ocrx_word' id='word_1_331' title='bbox 1314 3409 1360 3460; x_wconf 83' lang='grc' dir='ltr'><strong>εί</strong></span> <span class='ocrx_word' id='word_1_332' title='bbox 1391 3405 1457 3459; x_wconf 83' lang='grc' dir='ltr'><strong>τὰ</strong></span> <span class='ocrx_word' id='word_1_333' title='bbox 1501 3405 1625 3478; x_wconf 82' lang='grc' dir='ltr'>περὶ</span> <span class='ocrx_word' id='word_1_334' title='bbox 1654 3404 1747 3476; x_wconf 88' lang='grc' dir='ltr'>μέ-</span> 
     </span>
    </p>
   </div>
   <div class='ocr_carea' id='block_1_49' title="bbox 198 3497 1747 3579">
    <p class='ocr_par' dir='ltr' id='par_1_49' title="bbox 198 3497 1747 3579">
     <span class='ocr_line' id='line_1_49' title="bbox 198 3497 1747 3579; baseline -0.009 -17"><span class='ocrx_word' id='word_1_335' title='bbox 198 3525 315 3579; x_wconf 80' lang='grc' dir='ltr'>σην</span> <span class='ocrx_word' id='word_1_336' title='bbox 356 3506 452 3578; x_wconf 82' lang='grc' dir='ltr'>τὴν</span> <span class='ocrx_word' id='word_1_337' title='bbox 498 3502 919 3573; x_wconf 86' lang='grc' dir='ltr'>διακεκαυμένην</span> <span class='ocrx_word' id='word_1_338' title='bbox 965 3499 1361 3571; x_wconf 83' lang='grc' dir='ltr'>οἰκησιμώτερα</span> <span class='ocrx_word' id='word_1_339' title='bbox 1394 3497 1587 3569; x_wconf 82' lang='grc' dir='ltr'>μᾶλλόν</span> <span class='ocrx_word' id='word_1_340' title='bbox 1632 3498 1747 3549; x_wconf 83' lang='grc' dir='ltr'>ὲστι</span> 
     </span>
    </p>
   </div>
   <div class='ocr_carea' id='block_1_50' title="bbox 192 3588 1748 3667">
    <p class='ocr_par' dir='ltr' id='par_1_50' title="bbox 192 3588 1748 3667">
     <span class='ocr_line' id='line_1_50' title="bbox 192 3588 1748 3667; baseline -0.008 -14"><span class='ocrx_word' id='word_1_341' title='bbox 192 3599 321 3654; x_wconf 78' lang='grc' dir='ltr'>τῶν</span> <span class='ocrx_word' id='word_1_342' title='bbox 344 3597 470 3667; x_wconf 74' lang='grc' dir='ltr'>περὶ</span> <span class='ocrx_word' id='word_1_343' title='bbox 491 3597 557 3648; x_wconf 87' lang='grc' dir='ltr'>τὰ</span> <span class='ocrx_word' id='word_1_344' title='bbox 588 3595 792 3663; x_wconf 80' lang='grc' dir='ltr'>πέρατα</span> <span class='ocrx_word' id='word_1_345' title='bbox 817 3595 913 3662; x_wconf 84' lang='grc' dir='ltr'><strong>τῆς</strong></span> <span class='ocrx_word' id='word_1_346' title='bbox 939 3590 1361 3661; x_wconf 83' lang='grc' dir='ltr'>διακεκαυμένης</span> <span class='ocrx_word' id='word_1_347' title='bbox 1381 3588 1550 3659; x_wconf 85' lang='grc' dir='ltr'>ζώνης</span> <span class='ocrx_word' id='word_1_348' title='bbox 1575 3589 1748 3660; x_wconf 84' lang='grc' dir='ltr'>ὑπαρ-</span> 
     </span>
    </p>
   </div>
   <div class='ocr_carea' id='block_1_51' title="bbox 189 3677 1750 3764">
    <p class='ocr_par' dir='ltr' id='par_1_51' title="bbox 189 3677 1750 3764">
     <span class='ocr_line' id='line_1_51' title="bbox 189 3677 1750 3764; baseline -0.015 -20"><span class='ocrx_word' id='word_1_349' title='bbox 189 3689 418 3764; x_wconf 80' lang='grc' dir='ltr'>χουσῶν</span> <span class='ocrx_word' id='word_1_350' title='bbox 442 3687 718 3757; x_wconf 83' lang='grc' dir='ltr'>οἰκήσεων.</span> <span class='ocrx_word' id='word_1_351' title='bbox 746 3683 999 3745; x_wconf 79' lang='grc' dir='ltr'>Πολύϐιος</span> <span class='ocrx_word' id='word_1_352' title='bbox 1036 3677 1124 3734; x_wconf 71' lang='grc' dir='ltr'><strong>οὖν</strong></span> <span class='ocrx_word' id='word_1_353' title='bbox 1156 3684 1183 3733; x_wconf 87' lang='grc' dir='ltr'>ὁ</span> <span class='ocrx_word' id='word_1_354' title='bbox 1221 3681 1625 3750; x_wconf 77' lang='grc' dir='ltr'>ἱστοριογράφος</span> <span class='ocrx_word' id='word_1_355' title='bbox 1662 3698 1750 3732; x_wconf 85' lang='grc' dir='ltr'>πε.</span> 
     </span>
    </p>
   </div>
   <div class='ocr_carea' id='block_1_52' title="bbox 187 3772 1751 3856">
    <p class='ocr_par' dir='ltr' id='par_1_52' title="bbox 187 3772 1751 3856">
     <span class='ocr_line' id='line_1_52' title="bbox 187 3772 1751 3856; baseline -0.008 -19"><span class='ocrx_word' id='word_1_356' title='bbox 187 3781 624 3856; x_wconf 77' lang='grc' dir='ltr'>πραγματευται</span> <span class='ocrx_word' id='word_1_357' title='bbox 666 3778 897 3849; x_wconf 79' lang='grc' dir='ltr'>βιϐλίον,</span> <span class='ocrx_word' id='word_1_358' title='bbox 945 3775 972 3827; x_wconf 85' lang='grc' dir='ltr'>ὃ</span> <span class='ocrx_word' id='word_1_359' title='bbox 1017 3775 1318 3844; x_wconf 80' lang='grc' dir='ltr'>ἐπιγραφὴν</span> <span class='ocrx_word' id='word_1_360' title='bbox 1366 3773 1506 3842; x_wconf 73' lang='grc' dir='ltr'>ἔχει·</span> <span class='ocrx_word' id='word_1_361' title='bbox 1550 3790 1567 3823; x_wconf 79' lang='grc' dir='ltr'><strong>ι</strong></span> <span class='ocrx_word' id='word_1_362' title='bbox 1616 3772 1751 3843; x_wconf 73' lang='grc' dir='ltr'>Περὶ</span> 
     </span>
    </p>
   </div>
   <div class='ocr_carea' id='block_1_53' title="bbox 184 3864 1750 3949">
    <p class='ocr_par' dir='ltr' id='par_1_53' title="bbox 184 3864 1750 3949">
     <span class='ocr_line' id='line_1_53' title="bbox 184 3864 1750 3949; baseline -0.007 -21"><span class='ocrx_word' id='word_1_363' title='bbox 184 3878 307 3949; x_wconf 82' lang='grc' dir='ltr'>τῆς</span> <span class='ocrx_word' id='word_1_364' title='bbox 344 3873 469 3946; x_wconf 75' lang='grc' dir='ltr'>περὶ</span> <span class='ocrx_word' id='word_1_365' title='bbox 505 3872 590 3925; x_wconf 80' lang='grc' dir='ltr'><strong>τὸν</strong></span> <span class='ocrx_word' id='word_1_366' title='bbox 619 3868 920 3940; x_wconf 79' lang='grc' dir='ltr'>ἰσημερινὸν</span> <span class='ocrx_word' id='word_1_367' title='bbox 962 3867 1251 3937; x_wconf 75' lang='grc' dir='ltr'>οἰκήσεωςσ</span> <span class='ocrx_word' id='word_1_368' title='bbox 1298 3884 1315 3915; x_wconf 73' lang='grc' dir='ltr'><strong>ι</strong></span> <span class='ocrx_word' id='word_1_369' title='bbox 1350 3864 1482 3936; x_wconf 79' lang='grc' dir='ltr'>αὕτη</span> <span class='ocrx_word' id='word_1_370' title='bbox 1523 3864 1580 3917; x_wconf 86' lang='grc' dir='ltr'><strong>δέ</strong></span> <span class='ocrx_word' id='word_1_371' title='bbox 1608 3866 1750 3917; x_wconf 78' lang='grc' dir='ltr'>ἐστιν</span> 
     </span>
    </p>
   </div>
   <div class='ocr_carea' id='block_1_54' title="bbox 182 3957 1751 4039">
    <p class='ocr_par' dir='ltr' id='par_1_54' title="bbox 182 3957 1751 4039">
     <span class='ocr_line' id='line_1_54' title="bbox 182 3957 1751 4039; baseline -0.011 -15"><span class='ocrx_word' id='word_1_372' title='bbox 182 3972 255 4024; x_wconf 75' lang='grc' dir='ltr'>ἐν</span> <span class='ocrx_word' id='word_1_373' title='bbox 324 3965 465 4039; x_wconf 77' lang='grc' dir='ltr'>μέσῃ</span> <span class='ocrx_word' id='word_1_374' title='bbox 524 3968 588 4035; x_wconf 82' lang='grc' dir='ltr'>τῇ</span> <span class='ocrx_word' id='word_1_375' title='bbox 646 3962 1034 4032; x_wconf 75' lang='grc' dir='ltr'>διακεκαυμένη</span> <span class='ocrx_word' id='word_1_376' title='bbox 1087 3958 1262 4029; x_wconf 79' lang='grc' dir='ltr'><strong>ζώνῃ·</strong></span> <span class='ocrx_word' id='word_1_377' title='bbox 1316 3957 1407 4011; x_wconf 86' lang='grc' dir='ltr'><strong>καί</strong></span> <span class='ocrx_word' id='word_1_378' title='bbox 1460 3973 1620 4027; x_wconf 86' lang='grc' dir='ltr'>φησιν</span> <span class='ocrx_word' id='word_1_379' title='bbox 1675 3958 1751 4008; x_wconf 80' lang='lat' dir='ltr'><strong>oi-</strong></span> 
     </span>
    </p>
   </div>
   <div class='ocr_carea' id='block_1_55' title="bbox 180 4045 1752 4121">
    <p class='ocr_par' dir='ltr' id='par_1_55' title="bbox 180 4045 1752 4121">
     <span class='ocr_line' id='line_1_55' title="bbox 180 4045 1752 4121; baseline -0.01 -7"><span class='ocrx_word' id='word_1_380' title='bbox 180 4058 425 4116; x_wconf 72' lang='grc' dir='ltr'>κεῖαθαι</span> <span class='ocrx_word' id='word_1_381' title='bbox 471 4058 593 4119; x_wconf 79' lang='grc' dir='ltr'>τοὺς</span> <span class='ocrx_word' id='word_1_382' title='bbox 618 4056 809 4117; x_wconf 80' lang='grc' dir='ltr'>τόπους</span> <span class='ocrx_word' id='word_1_383' title='bbox 830 4093 844 4117; x_wconf 89' lang='grc'><strong>,</strong></span> <span class='ocrx_word' id='word_1_384' title='bbox 895 4052 988 4105; x_wconf 76' lang='grc' dir='ltr'>καὶ</span> <span class='ocrx_word' id='word_1_385' title='bbox 1020 4049 1409 4121; x_wconf 84' lang='grc' dir='ltr'>εύκρατοτέραν</span> <span class='ocrx_word' id='word_1_386' title='bbox 1443 4045 1599 4118; x_wconf 64' lang='grc' dir='ltr'>’ἔχειν</span> <span class='ocrx_word' id='word_1_387' title='bbox 1657 4045 1752 4118; x_wconf 81' lang='grc' dir='ltr'><strong>τὴν</strong></span> 
     </span>
    </p>
   </div>
   <div class='ocr_carea' id='block_1_56' title="bbox 178 4137 1753 4223">
    <p class='ocr_par' dir='ltr' id='par_1_56' title="bbox 178 4137 1753 4223">
     <span class='ocr_line' id='line_1_56' title="bbox 178 4137 1753 4223; baseline -0.011 -16"><span class='ocrx_word' id='word_1_388' title='bbox 178 4155 425 4223; x_wconf 74' lang='grc' dir='ltr'>οἴκησιν</span> <span class='ocrx_word' id='word_1_389' title='bbox 450 4149 554 4201; x_wconf 83' lang='grc' dir='ltr'><strong>τῶν</strong></span> <span class='ocrx_word' id='word_1_390' title='bbox 586 4148 713 4218; x_wconf 56' lang='grc' dir='ltr'><strong>περὶ⁴</strong></span> <span class='ocrx_word' id='word_1_391' title='bbox 752 4145 820 4198; x_wconf 85' lang='grc' dir='ltr'>τὰ</span> <span class='ocrx_word' id='word_1_392' title='bbox 852 4145 1057 4215; x_wconf 83' lang='grc' dir='ltr'>πέρατα</span> <span class='ocrx_word' id='word_1_393' title='bbox 1084 4144 1175 4213; x_wconf 79' lang='grc' dir='ltr'>τῆς</span> <span class='ocrx_word' id='word_1_394' title='bbox 1203 4141 1626 4210; x_wconf 80' lang='grc' dir='ltr'>διακεκαυμένης</span> <span class='ocrx_word' id='word_1_395' title='bbox 1651 4137 1753 4203; x_wconf 78' lang='grc' dir='ltr'><strong>ζώ-</strong></span> 
     </span>
    </p>
   </div>
   <div class='ocr_carea' id='block_1_57' title="bbox 178 4230 1755 4316">
    <p class='ocr_par' dir='ltr' id='par_1_57' title="bbox 178 4230 1755 4316">
     <span class='ocr_line' id='line_1_57' title="bbox 178 4230 1755 4316; baseline -0.007 -23"><span class='ocrx_word' id='word_1_396' title='bbox 178 4259 302 4316; x_wconf 80' lang='grc' dir='ltr'>νης</span> <span class='ocrx_word' id='word_1_397' title='bbox 340 4238 654 4292; x_wconf 70' lang='grc' dir='ltr'>οἰκούντωνο</span> <span class='ocrx_word' id='word_1_398' title='bbox 695 4238 785 4289; x_wconf 83' lang='grc' dir='ltr'><strong>καὶ</strong></span> <span class='ocrx_word' id='word_1_399' title='bbox 816 4235 851 4289; x_wconf 80' lang='grc' dir='ltr'><strong>ὃ.</strong></span> <span class='ocrx_word' id='word_1_400' title='bbox 897 4235 993 4306; x_wconf 82' lang='grc' dir='ltr'>μὲν</span> <span class='ocrx_word' id='word_1_401' title='bbox 1032 4234 1263 4305; x_wconf 79' lang='grc' dir='ltr'>ἱστορίας</span> <span class='ocrx_word' id='word_1_402' title='bbox 1289 4234 1438 4303; x_wconf 82' lang='grc' dir='ltr'>φέρει</span> <span class='ocrx_word' id='word_1_403' title='bbox 1480 4230 1587 4285; x_wconf 85' lang='grc' dir='ltr'>τῶν</span> <span class='ocrx_word' id='word_1_404' title='bbox 1624 4246 1755 4284; x_wconf 88' lang='grc' dir='ltr'>κατ-</span> 
     </span>
    </p>
   </div>
   <div class='ocr_carea' id='block_1_58' title="bbox 174 4321 1752 4398">
    <p class='ocr_par' dir='ltr' id='par_1_58' title="bbox 174 4321 1752 4398">
     <span class='ocr_line' id='line_1_58' title="bbox 174 4321 1752 4398; baseline -0.008 -12"><span class='ocrx_word' id='word_1_405' title='bbox 174 4331 567 4392; x_wconf 75' lang='grc' dir='ltr'>ωπτευκότων</span> <span class='ocrx_word' id='word_1_406' title='bbox 638 4328 735 4391; x_wconf 79' lang='grc' dir='ltr'>τὰς</span> <span class='ocrx_word' id='word_1_407' title='bbox 785 4328 1050 4398; x_wconf 76' lang='grc' dir='ltr'>οἰκήσεις,</span> <span class='ocrx_word' id='word_1_408' title='bbox 1099 4326 1194 4378; x_wconf 74' lang='grc' dir='ltr'><strong>καὶ</strong></span> <span class='ocrx_word' id='word_1_409' title='bbox 1246 4321 1752 4395; x_wconf 81' lang='grc' dir='ltr'>ἐπιμαρτυρούντων</span> 
     </span>
    </p>
   </div>
   <div class='ocr_carea' id='block_1_59' title="bbox 174 4410 1754 4491">
    <p class='ocr_par' dir='ltr' id='par_1_59' title="bbox 174 4410 1754 4491">
     <span class='ocr_line' id='line_1_59' title="bbox 174 4410 1754 4491; baseline -0.009 -11"><span class='ocrx_word' id='word_1_410' title='bbox 174 4428 317 4488; x_wconf 79' lang='grc' dir='ltr'>τοῖς</span> <span class='ocrx_word' id='word_1_411' title='bbox 356 4410 690 4491; x_wconf 81' lang='grc' dir='ltr'>φαινομένοις</span> <span class='ocrx_word' id='word_1_412' title='bbox 708 4436 722 4451; x_wconf 79' lang='grc' dir='ltr'><strong>ο</strong></span> <span class='ocrx_word' id='word_1_413' title='bbox 752 4418 786 4472; x_wconf 80' lang='grc' dir='ltr'><strong>ἆ</strong></span> <span class='ocrx_word' id='word_1_414' title='bbox 813 4418 868 4471; x_wconf 80' lang='grc' dir='ltr'><strong>δὲ</strong></span> <span class='ocrx_word' id='word_1_415' title='bbox 897 4417 1254 4484; x_wconf 76' lang='grc' dir='ltr'>ὲπιλογίζεται</span> <span class='ocrx_word' id='word_1_416' title='bbox 1284 4416 1375 4468; x_wconf 75' lang='grc' dir='ltr'>ὲπὶ</span> <span class='ocrx_word' id='word_1_417' title='bbox 1401 4417 1497 4485; x_wconf 83' lang='grc' dir='ltr'><strong>τῆς</strong></span> <span class='ocrx_word' id='word_1_418' title='bbox 1522 4414 1754 4484; x_wconf 83' lang='grc' dir='ltr'>φυσικῆς</span> 
     </span>
    </p>
   </div>
   <div class='ocr_carea' id='block_1_60' title="bbox 174 4504 1755 4590">
    <p class='ocr_par' dir='ltr' id='par_1_60' title="bbox 174 4504 1755 4590">
     <span class='ocr_line' id='line_1_60' title="bbox 174 4504 1755 4590; baseline -0.009 -20"><span class='ocrx_word' id='word_1_419' title='bbox 174 4518 341 4590; x_wconf 76' lang='grc' dir='ltr'>περὶ</span> <span class='ocrx_word' id='word_1_420' title='bbox 376 4515 464 4567; x_wconf 84' lang='grc' dir='ltr'><strong>τὸν</strong></span> <span class='ocrx_word' id='word_1_421' title='bbox 489 4515 635 4586; x_wconf 76' lang='grc' dir='ltr'>ἥλιον</span> <span class='ocrx_word' id='word_1_422' title='bbox 673 4510 1011 4582; x_wconf 83' lang='grc' dir='ltr'>ὑπαρχούσης</span> <span class='ocrx_word' id='word_1_423' title='bbox 1050 4508 1328 4578; x_wconf 85' lang='grc' dir='ltr'>κινήσεως.</span> <span class='ocrx_word' id='word_1_424' title='bbox 1385 4506 1442 4558; x_wconf 81' lang='lat'><strong>&#39;0</strong></span> <span class='ocrx_word' id='word_1_425' title='bbox 1468 4505 1575 4576; x_wconf 79' lang='grc' dir='ltr'><strong>γὰρ</strong></span> <span class='ocrx_word' id='word_1_426' title='bbox 1607 4504 1755 4575; x_wconf 77' lang='grc' dir='ltr'>ἥλιος</span> 
     </span>
    </p>
   </div>
   <div class='ocr_carea' id='block_1_61' title="bbox 172 4596 1825 4687">
    <p class='ocr_par' dir='ltr' id='par_1_61' title="bbox 172 4596 1825 4687">
     <span class='ocr_line' id='line_1_61' title="bbox 172 4596 1825 4687; baseline -0.008 -28"><span class='ocrx_word' id='word_1_427' title='bbox 172 4608 341 4678; x_wconf 70' lang='grc' dir='ltr'>περὶ</span> <span class='ocrx_word' id='word_1_428' title='bbox 380 4604 475 4674; x_wconf 75' lang='grc' dir='ltr'>μὲν</span> <span class='ocrx_word' id='word_1_429' title='bbox 521 4604 647 4666; x_wconf 81' lang='grc' dir='ltr'>τοὺς</span> <span class='ocrx_word' id='word_1_430' title='bbox 687 4601 972 4673; x_wconf 79' lang='grc' dir='ltr'>τροπικοὺς</span> <span class='ocrx_word' id='word_1_431' title='bbox 1019 4598 1246 4661; x_wconf 87' lang='grc' dir='ltr'>κύκλους</span> <span class='ocrx_word' id='word_1_432' title='bbox 1294 4597 1456 4649; x_wconf 85' lang='grc' dir='ltr'>πολὺν</span> <span class='ocrx_word' id='word_1_433' title='bbox 1506 4596 1750 4665; x_wconf 71' lang='grc' dir='ltr'>ἐπιμένει</span> <span class='ocrx_word' id='word_1_434' title='bbox 1784 4633 1825 4687; x_wconf 82' lang='lat' dir='ltr'><strong>D</strong></span> 
     </span>
    </p>
   </div>
   <div class='ocr_carea' id='block_1_62' title="bbox 170 4686 1750 4774">
    <p class='ocr_par' dir='ltr' id='par_1_62' title="bbox 170 4686 1750 4774">
     <span class='ocr_line' id='line_1_62' title="bbox 170 4686 1750 4774; baseline -0.008 -24"><span class='ocrx_word' id='word_1_435' title='bbox 170 4698 406 4774; x_wconf 83' lang='grc' dir='ltr'>χρόνον</span> <span class='ocrx_word' id='word_1_436' title='bbox 450 4693 589 4747; x_wconf 85' lang='grc' dir='ltr'><strong>κατά</strong></span> <span class='ocrx_word' id='word_1_437' title='bbox 634 4693 732 4763; x_wconf 77' lang='grc' dir='ltr'>τὴν</span> <span class='ocrx_word' id='word_1_438' title='bbox 774 4690 999 4762; x_wconf 87' lang='grc' dir='ltr'>πάροδον</span> <span class='ocrx_word' id='word_1_439' title='bbox 1041 4690 1086 4721; x_wconf 66' lang='grc'>⁸⁸</span> <span class='ocrx_word' id='word_1_440' title='bbox 1117 4688 1213 4759; x_wconf 84' lang='grc' dir='ltr'><strong>τὴν</strong></span> <span class='ocrx_word' id='word_1_441' title='bbox 1245 4688 1378 4758; x_wconf 82' lang='grc' dir='ltr'>πρὸς</span> <span class='ocrx_word' id='word_1_442' title='bbox 1407 4688 1619 4750; x_wconf 77' lang='grc' dir='ltr'>αὐτοὺς,</span> <span class='ocrx_word' id='word_1_443' title='bbox 1659 4686 1750 4739; x_wconf 84' lang='grc' dir='ltr'><strong>καὶ</strong></span> 
     </span>
    </p>
   </div>
   <div class='ocr_carea' id='block_1_63' title="bbox 169 4777 1754 4863">
    <p class='ocr_par' dir='ltr' id='par_1_63' title="bbox 169 4777 1754 4863">
     <span class='ocr_line' id='line_1_63' title="bbox 169 4777 1754 4863; baseline -0.004 -27"><span class='ocrx_word' id='word_1_444' title='bbox 169 4793 298 4863; x_wconf 76' lang='grc' dir='ltr'><strong>τὴν</strong></span> <span class='ocrx_word' id='word_1_445' title='bbox 346 4783 693 4856; x_wconf 83' lang='grc' dir='ltr'>ἀποχώρησιν</span> <span class='ocrx_word' id='word_1_446' title='bbox 718 4802 731 4815; x_wconf 89' lang='grc'><strong>·</strong></span> <span class='ocrx_word' id='word_1_447' title='bbox 766 4783 902 4837; x_wconf 82' lang='grc' dir='ltr'>ὥστε</span> <span class='ocrx_word' id='word_1_448' title='bbox 948 4781 1127 4852; x_wconf 77' lang='grc' dir='ltr'>σχεδὸν</span> <span class='ocrx_word' id='word_1_449' title='bbox 1171 4780 1253 4848; x_wconf 76' lang='grc' dir='ltr'><strong>ἐφ’</strong></span> <span class='ocrx_word' id='word_1_450' title='bbox 1277 4779 1481 4849; x_wconf 85' lang='grc' dir='ltr'>ἡμέρας</span> <span class='ocrx_word' id='word_1_451' title='bbox 1514 4786 1565 4849; x_wconf 84' lang='grc' dir='ltr'>μ’</span> <span class='ocrx_word' id='word_1_452' title='bbox 1604 4777 1754 4847; x_wconf 88' lang='grc' dir='ltr'>μένει</span> 
     </span>
    </p>
   </div>
   <div class='ocr_carea' id='block_1_64' title="bbox 168 4867 1752 4955">
    <p class='ocr_par' dir='ltr' id='par_1_64' title="bbox 168 4867 1752 4955">
     <span class='ocr_line' id='line_1_64' title="bbox 168 4867 1752 4955; baseline -0.007 -24"><span class='ocrx_word' id='word_1_453' title='bbox 168 4881 352 4955; x_wconf 83' lang='grc' dir='ltr'>πρὸς</span> <span class='ocrx_word' id='word_1_454' title='bbox 389 4874 631 4945; x_wconf 71' lang='grc' dir='ltr'>αἴσθησιν</span> <span class='ocrx_word' id='word_1_455' title='bbox 678 4875 769 4928; x_wconf 73' lang='grc' dir='ltr'><strong>ἐπὶ</strong></span> <span class='ocrx_word' id='word_1_456' title='bbox 798 4871 1066 4943; x_wconf 84' lang='grc' dir='ltr'>τροπικῶν</span> <span class='ocrx_word' id='word_1_457' title='bbox 1107 4869 1346 4923; x_wconf 89' lang='grc' dir='ltr'>κύκλων·</span> <span class='ocrx_word' id='word_1_458' title='bbox 1380 4868 1445 4920; x_wconf 84' lang='grc' dir='ltr'>δι’</span> <span class='ocrx_word' id='word_1_459' title='bbox 1475 4870 1538 4939; x_wconf 81' lang='grc' dir='ltr'>ἢν</span> <span class='ocrx_word' id='word_1_460' title='bbox 1578 4867 1752 4921; x_wconf 73' lang='grc' dir='ltr'>αἰτίαν</span> 
     </span>
    </p>
   </div>
   <div class='ocr_carea' id='block_1_65' title="bbox 165 4956 1774 5040">
    <p class='ocr_par' dir='ltr' id='par_1_65' title="bbox 165 4956 1774 5040">
     <span class='ocr_line' id='line_1_65' title="bbox 165 4956 1774 5040; baseline -0.007 -20"><span class='ocrx_word' id='word_1_461' title='bbox 165 4975 258 5029; x_wconf 77' lang='grc' dir='ltr'><strong>τὰ</strong></span> <span class='ocrx_word' id='word_1_462' title='bbox 314 4965 527 5040; x_wconf 79' lang='grc' dir='ltr'>μεγέθη</span> <span class='ocrx_word' id='word_1_463' title='bbox 559 4964 664 5020; x_wconf 82' lang='grc' dir='ltr'>τῶν</span> <span class='ocrx_word' id='word_1_464' title='bbox 692 4963 908 5035; x_wconf 78' lang='grc' dir='ltr'>ἡμερῶν</span> <span class='ocrx_word' id='word_1_465' title='bbox 936 4962 1116 5033; x_wconf 65' lang='grc' dir='ltr'>σχεδον</span> <span class='ocrx_word' id='word_1_466' title='bbox 1147 4961 1229 5029; x_wconf 74' lang='grc' dir='ltr'><strong>ἐφ’</strong></span> <span class='ocrx_word' id='word_1_467' title='bbox 1253 4958 1462 5029; x_wconf 75' lang='grc' dir='ltr'>ἡμέρας</span> <span class='ocrx_word' id='word_1_468' title='bbox 1498 4964 1547 5027; x_wconf 88' lang='grc' dir='ltr'>μ’</span> <span class='ocrx_word' id='word_1_469' title='bbox 1579 4956 1774 5010; x_wconf 69' lang='grc' dir='ltr'><strong>ταυτιᾶι⁸</strong></span> 
     </span>
    </p>
   </div>
   <div class='ocr_carea' id='block_1_66' title="bbox 166 5046 1752 5134">
    <p class='ocr_par' dir='ltr' id='par_1_66' title="bbox 166 5046 1752 5134">
     <span class='ocr_line' id='line_1_66' title="bbox 166 5046 1752 5134; baseline -0.013 -15"><span class='ocrx_word' id='word_1_470' title='bbox 166 5059 453 5134; x_wconf 69' lang='grc' dir='ltr'>διαμένει</span> <span class='ocrx_word' id='word_1_471' title='bbox 480 5075 493 5087; x_wconf 89' lang='grc'><strong>·</strong></span> <span class='ocrx_word' id='word_1_472' title='bbox 527 5055 665 5117; x_wconf 82' lang='grc' dir='ltr'>ὅθεν,</span> <span class='ocrx_word' id='word_1_473' title='bbox 715 5054 971 5125; x_wconf 73' lang='grc' dir='ltr'>ἐπιμονῆς</span> <span class='ocrx_word' id='word_1_474' title='bbox 995 5051 1274 5122; x_wconf 86' lang='grc' dir='ltr'>γινομένης</span> <span class='ocrx_word' id='word_1_475' title='bbox 1316 5048 1448 5119; x_wconf 83' lang='grc' dir='ltr'>πρὸς</span> <span class='ocrx_word' id='word_1_476' title='bbox 1478 5046 1575 5110; x_wconf 82' lang='grc' dir='ltr'>τὰς</span> <span class='ocrx_word' id='word_1_477' title='bbox 1601 5048 1752 5117; x_wconf 83' lang='grc' dir='ltr'>οἰκή-</span> 
     </span>
    </p>
   </div>
   <div class='ocr_carea' id='block_1_67' title="bbox 167 5139 1752 5217">
    <p class='ocr_par' dir='ltr' id='par_1_67' title="bbox 167 5139 1752 5217">
     <span class='ocr_line' id='line_1_67' title="bbox 167 5139 1752 5217; baseline -0.012 -9"><span class='ocrx_word' id='word_1_478' title='bbox 167 5172 317 5217; x_wconf 78' lang='grc' dir='ltr'>σεις</span> <span class='ocrx_word' id='word_1_479' title='bbox 379 5148 476 5212; x_wconf 83' lang='grc' dir='ltr'><strong>τὰς</strong></span> <span class='ocrx_word' id='word_1_480' title='bbox 518 5147 777 5216; x_wconf 82' lang='grc' dir='ltr'>κειμένας</span> <span class='ocrx_word' id='word_1_481' title='bbox 797 5146 898 5198; x_wconf 77' lang='grc' dir='ltr'>ὑπὸ</span> <span class='ocrx_word' id='word_1_482' title='bbox 922 5146 1045 5207; x_wconf 74' lang='grc' dir='ltr'>τοὺς</span> <span class='ocrx_word' id='word_1_483' title='bbox 1069 5141 1374 5215; x_wconf 76' lang='grc' dir='ltr'>τροπικοὺς,</span> <span class='ocrx_word' id='word_1_484' title='bbox 1402 5139 1609 5209; x_wconf 84' lang='grc' dir='ltr'>ἀνάγκη</span> <span class='ocrx_word' id='word_1_485' title='bbox 1652 5140 1752 5190; x_wconf 85' lang='grc' dir='ltr'><strong>ὲκ-</strong></span> 
     </span>
    </p>
   </div>
   <div class='ocr_carea' id='block_1_68' title="bbox 166 5229 1752 5317">
    <p class='ocr_par' dir='ltr' id='par_1_68' title="bbox 166 5229 1752 5317">
     <span class='ocr_line' id='line_1_68' title="bbox 166 5229 1752 5317; baseline -0.007 -23"><span class='ocrx_word' id='word_1_486' title='bbox 166 5238 521 5317; x_wconf 81' lang='grc' dir='ltr'>πυροῦσθαι</span> <span class='ocrx_word' id='word_1_487' title='bbox 566 5237 661 5308; x_wconf 82' lang='grc' dir='ltr'>τὴν</span> <span class='ocrx_word' id='word_1_488' title='bbox 702 5234 929 5305; x_wconf 80' lang='grc' dir='ltr'>οἴκησιν,</span> <span class='ocrx_word' id='word_1_489' title='bbox 964 5236 1055 5287; x_wconf 65' lang='grc' dir='ltr'>καὶ</span> <span class='ocrx_word' id='word_1_490' title='bbox 1087 5235 1333 5303; x_wconf 84' lang='grc' dir='ltr'>ἀοίκητον</span> <span class='ocrx_word' id='word_1_491' title='bbox 1379 5230 1617 5298; x_wconf 87' lang='grc' dir='ltr'>γίνεσθαι</span> <span class='ocrx_word' id='word_1_492' title='bbox 1664 5229 1752 5285; x_wconf 86' lang='grc' dir='ltr'>διὰ</span> 
     </span>
    </p>
   </div>
   <div class='ocr_carea' id='block_1_69' title="bbox 163 5324 1754 5410">
    <p class='ocr_par' dir='ltr' id='par_1_69' title="bbox 163 5324 1754 5410">
     <span class='ocr_line' id='line_1_69' title="bbox 163 5324 1754 5410; baseline -0.017 -18"><span class='ocrx_word' id='word_1_493' title='bbox 163 5340 292 5410; x_wconf 79' lang='grc' dir='ltr'><strong>τὴν</strong></span> <span class='ocrx_word' id='word_1_494' title='bbox 332 5331 441 5385; x_wconf 77' lang='grc' dir='ltr'>τοῦ</span> <span class='ocrx_word' id='word_1_495' title='bbox 464 5331 737 5401; x_wconf 84' lang='grc' dir='ltr'>καύματος</span> <span class='ocrx_word' id='word_1_496' title='bbox 765 5326 1083 5398; x_wconf 74' lang='grc' dir='ltr'>ὑπερϐολήν.</span> <span class='ocrx_word' id='word_1_497' title='bbox 1144 5327 1272 5380; x_wconf 82' lang='grc' dir='ltr'><strong>Ἀπὸ</strong></span> <span class='ocrx_word' id='word_1_498' title='bbox 1298 5326 1354 5380; x_wconf 83' lang='grc' dir='ltr'>δὲ</span> <span class='ocrx_word' id='word_1_499' title='bbox 1380 5324 1469 5378; x_wconf 79' lang='grc' dir='ltr'>τοῦ</span> <span class='ocrx_word' id='word_1_500' title='bbox 1510 5328 1754 5396; x_wconf 75' lang='grc' dir='ltr'>ἰσημερι-</span> 
     </span>
    </p>
   </div>
   <div class='ocr_carea' id='block_1_70' title="bbox 164 5414 1757 5491">
    <p class='ocr_par' dir='ltr' id='par_1_70' title="bbox 164 5414 1757 5491">
     <span class='ocr_line' id='line_1_70' title="bbox 164 5414 1757 5491; baseline -0.01 -10"><span class='ocrx_word' id='word_1_501' title='bbox 164 5426 287 5485; x_wconf 69' lang='grc' dir='ltr'>νοῦ</span> <span class='ocrx_word' id='word_1_502' title='bbox 334 5418 546 5476; x_wconf 68' lang='grc' dir='ltr'>κύκλου</span> <span class='ocrx_word' id='word_1_503' title='bbox 586 5417 798 5491; x_wconf 88' lang='grc' dir='ltr'>ταχείας</span> <span class='ocrx_word' id='word_1_504' title='bbox 838 5416 1113 5487; x_wconf 83' lang='grc' dir='ltr'>συμϐαίνει</span> <span class='ocrx_word' id='word_1_505' title='bbox 1148 5418 1241 5480; x_wconf 80' lang='grc' dir='ltr'><strong>τὰς</strong></span> <span class='ocrx_word' id='word_1_506' title='bbox 1274 5416 1645 5486; x_wconf 83' lang='grc' dir='ltr'>ἀποχωρήσεις</span> <span class='ocrx_word' id='word_1_507' title='bbox 1674 5414 1757 5481; x_wconf 87' lang='grc' dir='ltr'><strong>γί-</strong></span> 
     </span>
    </p>
   </div>
   <div class='ocr_carea' id='block_1_71' title="bbox 163 5504 1757 5580">
    <p class='ocr_par' dir='ltr' id='par_1_71' title="bbox 163 5504 1757 5580">
     <span class='ocr_line' id='line_1_71' title="bbox 163 5504 1757 5580; baseline -0.013 -4"><span class='ocrx_word' id='word_1_508' title='bbox 163 5516 436 5578; x_wconf 81' lang='grc' dir='ltr'>νεσθαι’</span> <span class='ocrx_word' id='word_1_509' title='bbox 478 5512 596 5565; x_wconf 84' lang='grc' dir='ltr'>ὅθεν</span> <span class='ocrx_word' id='word_1_510' title='bbox 639 5513 730 5566; x_wconf 75' lang='grc' dir='ltr'>καὶ</span> <span class='ocrx_word' id='word_1_511' title='bbox 762 5509 828 5562; x_wconf 83' lang='grc' dir='ltr'>τὰ</span> <span class='ocrx_word' id='word_1_512' title='bbox 864 5509 1059 5580; x_wconf 74' lang='grc' dir='ltr'>μεγέθη</span> <span class='ocrx_word' id='word_1_513' title='bbox 1086 5509 1189 5561; x_wconf 85' lang='grc' dir='ltr'><strong>τῶν</strong></span> <span class='ocrx_word' id='word_1_514' title='bbox 1227 5506 1445 5579; x_wconf 81' lang='grc' dir='ltr'>ἡμερῶν</span> <span class='ocrx_word' id='word_1_515' title='bbox 1493 5506 1618 5574; x_wconf 68' lang='grc' dir='ltr'>περὶ</span> <span class='ocrx_word' id='word_1_516' title='bbox 1660 5504 1757 5565; x_wconf 84' lang='grc' dir='ltr'>τὰς</span> 
     </span>
    </p>
   </div>
   <div class='ocr_carea' id='block_1_72' title="bbox 166 5594 1755 5681">
    <p class='ocr_par' dir='ltr' id='par_1_72' title="bbox 166 5594 1755 5681">
     <span class='ocr_line' id='line_1_72' title="bbox 166 5594 1755 5681; baseline -0.008 -23"><span class='ocrx_word' id='word_1_517' title='bbox 166 5603 508 5681; x_wconf 72' lang='grc' dir='ltr'>εσημερίας</span> <span class='ocrx_word' id='word_1_518' title='bbox 542 5602 777 5674; x_wconf 67' lang='grc' dir='ltr'>μεγάλας</span> <span class='ocrx_word' id='word_1_519' title='bbox 809 5601 1064 5671; x_wconf 75' lang='grc' dir='ltr'>λαμϐάνει</span> <span class='ocrx_word' id='word_1_520' title='bbox 1098 5600 1195 5661; x_wconf 86' lang='grc' dir='ltr'>τὰς</span> <span class='ocrx_word' id='word_1_521' title='bbox 1226 5596 1608 5669; x_wconf 78' lang='grc' dir='ltr'>παραυξήσεις.</span> <span class='ocrx_word' id='word_1_522' title='bbox 1654 5594 1755 5647; x_wconf 77' lang='grc' dir='ltr'><strong>Εὕ-</strong></span> 
     </span>
    </p>
   </div>
   <div class='ocr_carea' id='block_1_73' title="bbox 159 5689 1760 5774">
    <p class='ocr_par' dir='ltr' id='par_1_73' title="bbox 159 5689 1760 5774">
     <span class='ocr_line' id='line_1_73' title="bbox 159 5689 1760 5774; baseline -0.016 -19"><span class='ocrx_word' id='word_1_523' title='bbox 159 5709 368 5774; x_wconf 81' lang='grc' dir='ltr'>λογον</span> <span class='ocrx_word' id='word_1_524' title='bbox 408 5691 498 5749; x_wconf 79' lang='grc' dir='ltr'>οὖν</span> <span class='ocrx_word' id='word_1_525' title='bbox 534 5694 632 5749; x_wconf 79' lang='grc' dir='ltr'>’καὶ</span> <span class='ocrx_word' id='word_1_526' title='bbox 661 5697 758 5759; x_wconf 82' lang='grc' dir='ltr'>τὰς</span> <span class='ocrx_word' id='word_1_527' title='bbox 795 5694 894 5748; x_wconf 85' lang='grc' dir='ltr'><strong>ὑπὸ</strong></span> <span class='ocrx_word' id='word_1_528' title='bbox 920 5694 1007 5747; x_wconf 88' lang='grc' dir='ltr'><strong>τὸν</strong></span> <span class='ocrx_word' id='word_1_529' title='bbox 1052 5691 1353 5762; x_wconf 70' lang='grc' dir='ltr'>ἰσημερινὸν</span> <span class='ocrx_word' id='word_1_530' title='bbox 1392 5690 1641 5762; x_wconf 80' lang='grc' dir='ltr'>κειμένας</span> <span class='ocrx_word' id='word_1_531' title='bbox 1684 5689 1760 5741; x_wconf 76' lang='grc' dir='ltr'>οι-</span> 
     </span>
    </p>
   </div>
   <div class='ocr_carea' id='block_1_74' title="bbox 258 5846 765 5922">
    <p class='ocr_par' dir='ltr' id='par_1_74' title="bbox 258 5846 765 5922">
     <span class='ocr_line' id='line_1_74' title="bbox 258 5846 765 5922; baseline -0.004 -19"><span class='ocrx_word' id='word_1_532' title='bbox 258 5857 322 5891; x_wconf 69' lang='grc' dir='ltr'>ιδ</span> <span class='ocrx_word' id='word_1_533' title='bbox 354 5866 456 5922; x_wconf 53' lang='lat' dir='ltr'><strong>ne.</strong></span> <span class='ocrx_word' id='word_1_534' title='bbox 486 5846 765 5919; x_wconf 74' lang='grc' dir='ltr'>πρόσοδον.</span> 
     </span>
    </p>
   </div>
   <div class='ocr_carea' id='block_1_75' title="bbox 541 5943 1188 6029">
    <p class='ocr_par' dir='ltr' id='par_1_75' title="bbox 541 5943 1188 6029">
     <span class='ocr_line' id='line_1_75' title="bbox 541 5943 1188 6029; baseline 0.002 -25"><span class='ocrx_word' id='word_1_535' title='bbox 541 5944 806 6004; x_wconf 68' lang='lat' dir='ltr'><strong>Parnm.</strong></span> <span class='ocrx_word' id='word_1_536' title='bbox 838 5943 964 6029; x_wconf 64' lang='grc' dir='ltr'>(ὲκ.</span> <span class='ocrx_word' id='word_1_537' title='bbox 1020 5944 1188 6005; x_wconf 67' lang='lat' dir='ltr'><strong>XIX;</strong></span> 
     </span>
    </p>
   </div>
   <div class='ocr_carea' id='block_1_76' title="bbox 1837 2055 3367 2126">
    <p class='ocr_par' dir='ltr' id='par_1_76' title="bbox 1837 2055 3367 2126">
     <span class='ocr_line' id='line_1_76' title="bbox 1837 2055 3367 2126; baseline 0.004 -20"><span class='ocrx_word' id='word_1_538' title='bbox 1837 2060 1889 2106; x_wconf 89' lang='lat' dir='ltr'><strong>et</strong></span> <span class='ocrx_word' id='word_1_539' title='bbox 1929 2055 2167 2121; x_wconf 87' lang='lat' dir='ltr'><strong>occasui,</strong></span> <span class='ocrx_word' id='word_1_540' title='bbox 2212 2057 2474 2126; x_wconf 86' lang='lat' dir='ltr'><strong>putabant</strong></span> <span class='ocrx_word' id='word_1_541' title='bbox 2514 2058 2754 2113; x_wconf 84' lang='lat' dir='ltr'><strong>comburi</strong></span> <span class='ocrx_word' id='word_1_542' title='bbox 2788 2073 2815 2111; x_wconf 90' lang='lat' dir='ltr'><strong>a</strong></span> <span class='ocrx_word' id='word_1_543' title='bbox 2853 2060 2984 2114; x_wconf 90' lang='lat' dir='ltr'><strong>sole.</strong></span> <span class='ocrx_word' id='word_1_544' title='bbox 3040 2056 3164 2113; x_wconf 75' lang='lat' dir='ltr'><strong>Haec</strong></span> <span class='ocrx_word' id='word_1_545' title='bbox 3190 2066 3367 2114; x_wconf 84' lang='lat' dir='ltr'><strong>autem</strong></span> 
     </span>
    </p>
   </div>
   <div class='ocr_carea' id='block_1_77' title="bbox 1837 2145 3369 2222">
    <p class='ocr_par' dir='ltr' id='par_1_77' title="bbox 1837 2145 3369 2222">
     <span class='ocr_line' id='line_1_77' title="bbox 1837 2145 3369 2222; baseline 0.004 -25"><span class='ocrx_word' id='word_1_546' title='bbox 1837 2145 2016 2213; x_wconf 82' lang='lat' dir='ltr'><strong>Opinio</strong></span> <span class='ocrx_word' id='word_1_547' title='bbox 2044 2151 2331 2217; x_wconf 76' lang='lat' dir='ltr'><strong>propositae</strong></span> <span class='ocrx_word' id='word_1_548' title='bbox 2359 2150 2574 2216; x_wconf 86' lang='lat' dir='ltr'><strong>quidem</strong></span> <span class='ocrx_word' id='word_1_549' title='bbox 2604 2150 2944 2219; x_wconf 79' lang='lat' dir='ltr'><strong>dispositioni</strong></span> <span class='ocrx_word' id='word_1_550' title='bbox 2972 2164 3209 2222; x_wconf 76' lang='lat' dir='ltr'><strong>congrua</strong></span> <span class='ocrx_word' id='word_1_551' title='bbox 3243 2157 3369 2217; x_wconf 83' lang='lat' dir='ltr'><strong>est;</strong></span> 
     </span>
    </p>
   </div>
   <div class='ocr_carea' id='block_1_78' title="bbox 1838 2238 3369 2310">
    <p class='ocr_par' dir='ltr' id='par_1_78' title="bbox 1838 2238 3369 2310">
     <span class='ocr_line' id='line_1_78' title="bbox 1838 2238 3369 2310; baseline 0.001 -17"><span class='ocrx_word' id='word_1_552' title='bbox 1838 2238 1931 2293; x_wconf 87' lang='lat' dir='ltr'><strong>sed</strong></span> <span class='ocrx_word' id='word_1_553' title='bbox 1965 2254 1992 2290; x_wconf 90' lang='lat' dir='ltr'><strong>a</strong></span> <span class='ocrx_word' id='word_1_554' title='bbox 2021 2254 2144 2294; x_wconf 85' lang='lat' dir='ltr'><strong>vera</strong></span> <span class='ocrx_word' id='word_1_555' title='bbox 2177 2242 2512 2310; x_wconf 88' lang='lat' dir='ltr'><strong>naturalique</strong></span> <span class='ocrx_word' id='word_1_556' title='bbox 2552 2241 2771 2309; x_wconf 71' lang='lat' dir='ltr'><strong>sphaerae</strong></span> <span class='ocrx_word' id='word_1_557' title='bbox 2797 2240 3118 2296; x_wconf 79' lang='lat' dir='ltr'><strong>formatione</strong></span> <span class='ocrx_word' id='word_1_558' title='bbox 3144 2246 3224 2295; x_wconf 89' lang='lat' dir='ltr'><strong>est</strong></span> <span class='ocrx_word' id='word_1_559' title='bbox 3242 2240 3369 2295; x_wconf 87' lang='lat' dir='ltr'><strong>alie-</strong></span> 
     </span>
    </p>
   </div>
   <div class='ocr_carea' id='block_1_79' title="bbox 1839 2327 3366 2399">
    <p class='ocr_par' dir='ltr' id='par_1_79' title="bbox 1839 2327 3366 2399">
     <span class='ocr_line' id='line_1_79' title="bbox 1839 2327 3366 2399; baseline 0.003 -19"><span class='ocrx_word' id='word_1_560' title='bbox 1839 2343 1925 2381; x_wconf 90' lang='lat' dir='ltr'><strong>na.</strong></span> <span class='ocrx_word' id='word_1_561' title='bbox 1988 2327 2153 2383; x_wconf 86' lang='lat' dir='ltr'><strong>Terra</strong></span> <span class='ocrx_word' id='word_1_562' title='bbox 2192 2330 2332 2383; x_wconf 87' lang='lat' dir='ltr'><strong>enim</strong></span> <span class='ocrx_word' id='word_1_563' title='bbox 2360 2330 2415 2385; x_wconf 91' lang='lat' dir='ltr'><strong>in</strong></span> <span class='ocrx_word' id='word_1_564' title='bbox 2441 2330 2615 2385; x_wconf 89' lang='lat' dir='ltr'><strong>medio</strong></span> <span class='ocrx_word' id='word_1_565' title='bbox 2654 2332 2871 2399; x_wconf 84' lang='lat' dir='ltr'><strong>ponitur</strong></span> <span class='ocrx_word' id='word_1_566' title='bbox 2903 2331 3138 2386; x_wconf 86' lang='lat' dir='ltr'><strong>universi</strong></span> <span class='ocrx_word' id='word_1_567' title='bbox 3159 2331 3366 2396; x_wconf 91' lang='lat' dir='ltr'><strong>mundi,</strong></span> 
     </span>
    </p>
   </div>
   <div class='ocr_carea' id='block_1_80' title="bbox 1839 2414 3373 2493">
    <p class='ocr_par' dir='ltr' id='par_1_80' title="bbox 1839 2414 3373 2493">
     <span class='ocr_line' id='line_1_80' title="bbox 1839 2414 3373 2493; baseline 0.003 -18"><span class='ocrx_word' id='word_1_568' title='bbox 1839 2423 2105 2491; x_wconf 84' lang='lat' dir='ltr'><strong>habetque</strong></span> <span class='ocrx_word' id='word_1_569' title='bbox 2130 2424 2310 2492; x_wconf 88' lang='lat' dir='ltr'><strong>puncti</strong></span> <span class='ocrx_word' id='word_1_570' title='bbox 2338 2414 2616 2493; x_wconf 83' lang='lat' dir='ltr'><strong>rationem.</strong></span> <span class='ocrx_word' id='word_1_571' title='bbox 2652 2420 2816 2477; x_wconf 83' lang='lat' dir='ltr'><strong>Ortus</strong></span> <span class='ocrx_word' id='word_1_572' title='bbox 2842 2437 2971 2477; x_wconf 89' lang='lat' dir='ltr'><strong>vero</strong></span> <span class='ocrx_word' id='word_1_573' title='bbox 3006 2421 3137 2478; x_wconf 87' lang='lat' dir='ltr'><strong>solis</strong></span> <span class='ocrx_word' id='word_1_574' title='bbox 3186 2431 3238 2477; x_wconf 88' lang='lat' dir='ltr'><strong>et</strong></span> <span class='ocrx_word' id='word_1_575' title='bbox 3285 2438 3373 2479; x_wconf 85' lang='lat' dir='ltr'><strong>oc-</strong></span> 
     </span>
    </p>
   </div>
   <div class='ocr_carea' id='block_1_81' title="bbox 1840 2506 3372 2582">
    <p class='ocr_par' dir='ltr' id='par_1_81' title="bbox 1840 2506 3372 2582">
     <span class='ocr_line' id='line_1_81' title="bbox 1840 2506 3372 2582; baseline 0 -14"><span class='ocrx_word' id='word_1_576' title='bbox 1840 2530 2000 2571; x_wconf 89' lang='lat' dir='ltr'><strong>casus</strong></span> <span class='ocrx_word' id='word_1_577' title='bbox 2017 2515 2149 2569; x_wconf 84' lang='lat' dir='ltr'><strong>ﬁunt</strong></span> <span class='ocrx_word' id='word_1_578' title='bbox 2175 2531 2241 2570; x_wconf 79' lang='lat' dir='ltr'><strong>ex</strong></span> <span class='ocrx_word' id='word_1_579' title='bbox 2266 2517 2482 2580; x_wconf 60' lang='lat' dir='ltr'><strong>attinere,</strong></span> <span class='ocrx_word' id='word_1_580' title='bbox 2526 2524 2579 2571; x_wconf 82' lang='lat' dir='ltr'><strong>et</strong></span> <span class='ocrx_word' id='word_1_581' title='bbox 2626 2516 2680 2569; x_wconf 91' lang='lat' dir='ltr'><strong>in</strong></span> <span class='ocrx_word' id='word_1_582' title='bbox 2726 2517 2940 2582; x_wconf 75' lang='lat' dir='ltr'><strong>aethere,</strong></span> <span class='ocrx_word' id='word_1_583' title='bbox 2967 2506 3090 2569; x_wconf 57' lang='lat' dir='ltr'><strong>«im</strong></span> <span class='ocrx_word' id='word_1_584' title='bbox 3121 2514 3203 2570; x_wconf 92' lang='lat' dir='ltr'><strong>sol</strong></span> <span class='ocrx_word' id='word_1_585' title='bbox 3228 2530 3372 2570; x_wconf 88' lang='lat' dir='ltr'><strong>sem-</strong></span> 
     </span>
    </p>
   </div>
   <div class='ocr_carea' id='block_1_82' title="bbox 1840 2605 3372 2678">
    <p class='ocr_par' dir='ltr' id='par_1_82' title="bbox 1840 2605 3372 2678">
     <span class='ocr_line' id='line_1_82' title="bbox 1840 2605 3372 2678; baseline 0.003 -20"><span class='ocrx_word' id='word_1_586' title='bbox 1840 2620 1936 2673; x_wconf 91' lang='lat' dir='ltr'><strong>per</strong></span> <span class='ocrx_word' id='word_1_587' title='bbox 1958 2605 2232 2673; x_wconf 87' lang='lat' dir='ltr'><strong>aequaliter</strong></span> <span class='ocrx_word' id='word_1_588' title='bbox 2259 2607 2419 2660; x_wconf 88' lang='lat' dir='ltr'><strong>distet</strong></span> <span class='ocrx_word' id='word_1_589' title='bbox 2446 2622 2475 2659; x_wconf 89' lang='lat' dir='ltr'><strong>a</strong></span> <span class='ocrx_word' id='word_1_590' title='bbox 2508 2616 2667 2661; x_wconf 88' lang='lat' dir='ltr'><strong>terra.</strong></span> <span class='ocrx_word' id='word_1_591' title='bbox 2696 2606 2848 2663; x_wconf 88' lang='lat' dir='ltr'><strong>Unde</strong></span> <span class='ocrx_word' id='word_1_592' title='bbox 2875 2608 3141 2678; x_wconf 62' lang='lat' dir='ltr'><strong>praedictae</strong></span> <span class='ocrx_word' id='word_1_593' title='bbox 3168 2606 3372 2663; x_wconf 72' lang='lat' dir='ltr'><strong>Ethio-</strong></span> 
     </span>
    </p>
   </div>
   <div class='ocr_carea' id='block_1_83' title="bbox 1841 2686 3371 2769">
    <p class='ocr_par' dir='ltr' id='par_1_83' title="bbox 1841 2686 3371 2769">
     <span class='ocr_line' id='line_1_83' title="bbox 1841 2686 3371 2769; baseline 0.004 -22"><span class='ocrx_word' id='word_1_594' title='bbox 1841 2696 1940 2764; x_wconf 66' lang='lat' dir='ltr'><strong>pian</strong></span> <span class='ocrx_word' id='word_1_595' title='bbox 1964 2710 2071 2749; x_wconf 93' lang='lat' dir='ltr'><strong>non</strong></span> <span class='ocrx_word' id='word_1_596' title='bbox 2102 2704 2227 2749; x_wconf 90' lang='lat' dir='ltr'><strong>sunt</strong></span> <span class='ocrx_word' id='word_1_597' title='bbox 2256 2686 2550 2762; x_wconf 67' lang='lat' dir='ltr'><strong>cogitanda:</strong></span> <span class='ocrx_word' id='word_1_598' title='bbox 2573 2717 2586 2751; x_wconf 89' lang='lat'><strong>:</strong></span> <span class='ocrx_word' id='word_1_599' title='bbox 2614 2714 2731 2768; x_wconf 71' lang='lat' dir='ltr'><strong>quae</strong></span> <span class='ocrx_word' id='word_1_600' title='bbox 2752 2714 2877 2754; x_wconf 88' lang='lat' dir='ltr'><strong>vero</strong></span> <span class='ocrx_word' id='word_1_601' title='bbox 2908 2696 3094 2769; x_wconf 55' lang='lat' dir='ltr'><strong>posite</strong></span> <span class='ocrx_word' id='word_1_602' title='bbox 3124 2706 3249 2755; x_wconf 87' lang='lat' dir='ltr'><strong>sunt</strong></span> <span class='ocrx_word' id='word_1_603' title='bbox 3269 2700 3371 2755; x_wconf 87' lang='lat' dir='ltr'><strong>sub</strong></span> 
     </span>
    </p>
   </div>
   <div class='ocr_carea' id='block_1_84' title="bbox 1842 2787 3375 2858">
    <p class='ocr_par' dir='ltr' id='par_1_84' title="bbox 1842 2787 3375 2858">
     <span class='ocr_line' id='line_1_84' title="bbox 1842 2787 3375 2858; baseline 0.005 -18"><span class='ocrx_word' id='word_1_604' title='bbox 1842 2787 2066 2856; x_wconf 87' lang='lat' dir='ltr'><strong>trepicis</strong></span> <span class='ocrx_word' id='word_1_605' title='bbox 2092 2788 2295 2852; x_wconf 90' lang='lat' dir='ltr'><strong>mundi,</strong></span> <span class='ocrx_word' id='word_1_606' title='bbox 2326 2803 2551 2858; x_wconf 83' lang='lat' dir='ltr'><strong>quaeque</strong></span> <span class='ocrx_word' id='word_1_607' title='bbox 2577 2797 2699 2845; x_wconf 88' lang='lat' dir='ltr'><strong>sunt</strong></span> <span class='ocrx_word' id='word_1_608' title='bbox 2726 2791 2779 2844; x_wconf 91' lang='lat' dir='ltr'><strong>in</strong></span> <span class='ocrx_word' id='word_1_609' title='bbox 2808 2792 3240 2848; x_wconf 74' lang='lat' dir='ltr'><strong>extremitatibus</strong></span> <span class='ocrx_word' id='word_1_610' title='bbox 3267 2800 3375 2847; x_wconf 81' lang='lat' dir='ltr'><strong>tor-</strong></span> 
     </span>
    </p>
   </div>
   <div class='ocr_carea' id='block_1_85' title="bbox 1842 2878 3376 2945">
    <p class='ocr_par' dir='ltr' id='par_1_85' title="bbox 1842 2878 3376 2945">
     <span class='ocr_line' id='line_1_85' title="bbox 1842 2878 3376 2945; baseline 0.004 -14"><span class='ocrx_word' id='word_1_611' title='bbox 1842 2878 2079 2931; x_wconf 87' lang='lat' dir='ltr'><strong>ridarum</strong></span> <span class='ocrx_word' id='word_1_612' title='bbox 2113 2892 2392 2945; x_wconf 85' lang='lat' dir='ltr'><strong>zonarum,</strong></span> <span class='ocrx_word' id='word_1_613' title='bbox 2435 2885 2558 2933; x_wconf 87' lang='lat' dir='ltr'><strong>sunt</strong></span> <span class='ocrx_word' id='word_1_614' title='bbox 2604 2878 2896 2933; x_wconf 84' lang='lat' dir='ltr'><strong>secundum</strong></span> <span class='ocrx_word' id='word_1_615' title='bbox 2942 2888 3215 2937; x_wconf 86' lang='lat' dir='ltr'><strong>naturam.</strong></span> <span class='ocrx_word' id='word_1_616' title='bbox 3270 2880 3376 2937; x_wconf 74' lang='lat' dir='ltr'><strong>Ve-</strong></span> 
     </span>
    </p>
   </div>
   <div class='ocr_carea' id='block_1_86' title="bbox 1844 2968 3374 3039">
    <p class='ocr_par' dir='ltr' id='par_1_86' title="bbox 1844 2968 3374 3039">
     <span class='ocr_line' id='line_1_86' title="bbox 1844 2968 3374 3039; baseline 0.001 -17"><span class='ocrx_word' id='word_1_617' title='bbox 1844 2975 2146 3022; x_wconf 88' lang='lat' dir='ltr'><strong>rumtamen</strong></span> <span class='ocrx_word' id='word_1_618' title='bbox 2175 2983 2285 3023; x_wconf 87' lang='lat' dir='ltr'><strong>non</strong></span> <span class='ocrx_word' id='word_1_619' title='bbox 2323 2975 2405 3024; x_wconf 89' lang='lat' dir='ltr'><strong>est</strong></span> <span class='ocrx_word' id='word_1_620' title='bbox 2442 2968 2780 3039; x_wconf 80' lang='lat' dir='ltr'><strong>cogitandum</strong></span> <span class='ocrx_word' id='word_1_621' title='bbox 2826 2968 3221 3024; x_wconf 84' lang='lat' dir='ltr'><strong>inhabitabilem</strong></span> <span class='ocrx_word' id='word_1_622' title='bbox 3253 2985 3374 3025; x_wconf 84' lang='lat' dir='ltr'><strong>esse</strong></span> 
     </span>
    </p>
   </div>
   <div class='ocr_carea' id='block_1_87' title="bbox 1845 3059 3373 3115">
    <p class='ocr_par' dir='ltr' id='par_1_87' title="bbox 1845 3059 3373 3115">
     <span class='ocr_line' id='line_1_87' title="bbox 1845 3059 3373 3115; baseline -0.001 -1"><span class='ocrx_word' id='word_1_623' title='bbox 1845 3076 2036 3115; x_wconf 90' lang='lat' dir='ltr'><strong>zonam</strong></span> <span class='ocrx_word' id='word_1_624' title='bbox 2086 3060 2366 3115; x_wconf 61' lang='lat' dir='ltr'><strong>torridam.</strong></span> <span class='ocrx_word' id='word_1_625' title='bbox 2413 3060 2530 3114; x_wconf 81' lang='lat' dir='ltr'><strong>Jam</strong></span> <span class='ocrx_word' id='word_1_626' title='bbox 2578 3060 2719 3115; x_wconf 89' lang='lat' dir='ltr'><strong>enim</strong></span> <span class='ocrx_word' id='word_1_627' title='bbox 2767 3060 2833 3114; x_wconf 87' lang='lat' dir='ltr'><strong>ad</strong></span> <span class='ocrx_word' id='word_1_628' title='bbox 2884 3059 3051 3115; x_wconf 83' lang='lat' dir='ltr'><strong>multa</strong></span> <span class='ocrx_word' id='word_1_629' title='bbox 3081 3059 3197 3114; x_wconf 89' lang='lat' dir='ltr'><strong>loca</strong></span> <span class='ocrx_word' id='word_1_630' title='bbox 3227 3074 3373 3114; x_wconf 66' lang='lat' dir='ltr'><strong>zona:</strong></span> 
     </span>
    </p>
   </div>
   <div class='ocr_carea' id='block_1_88' title="bbox 1846 3148 3381 3221">
    <p class='ocr_par' dir='ltr' id='par_1_88' title="bbox 1846 3148 3381 3221">
     <span class='ocr_line' id='line_1_88' title="bbox 1846 3148 3381 3221; baseline -0.001 -17"><span class='ocrx_word' id='word_1_631' title='bbox 1846 3152 2062 3206; x_wconf 69' lang='lat' dir='ltr'><strong>torridze</strong></span> <span class='ocrx_word' id='word_1_632' title='bbox 2099 3159 2359 3205; x_wconf 87' lang='lat' dir='ltr'><strong>venerunt</strong></span> <span class='ocrx_word' id='word_1_633' title='bbox 2398 3150 2582 3221; x_wconf 87' lang='lat' dir='ltr'><strong>aliqui,</strong></span> <span class='ocrx_word' id='word_1_634' title='bbox 2638 3158 2691 3206; x_wconf 84' lang='lat' dir='ltr'><strong>et</strong></span> <span class='ocrx_word' id='word_1_635' title='bbox 2716 3150 2968 3221; x_wconf 85' lang='lat' dir='ltr'><strong>plurima</strong></span> <span class='ocrx_word' id='word_1_636' title='bbox 2996 3150 3115 3206; x_wconf 90' lang='lat' dir='ltr'><strong>loca</strong></span> <span class='ocrx_word' id='word_1_637' title='bbox 3159 3148 3381 3205; x_wconf 83' lang='lat' dir='ltr'><strong>inventa</strong></span> 
     </span>
    </p>
   </div>
   <div class='ocr_carea' id='block_1_89' title="bbox 1846 3239 2360 3295">
    <p class='ocr_par' dir='ltr' id='par_1_89' title="bbox 1846 3239 2360 3295">
     <span class='ocr_line' id='line_1_89' title="bbox 1846 3239 2360 3295; baseline -0.002 0"><span class='ocrx_word' id='word_1_638' title='bbox 1846 3247 1970 3295; x_wconf 90' lang='lat' dir='ltr'><strong>sunt</strong></span> <span class='ocrx_word' id='word_1_639' title='bbox 2007 3239 2335 3294; x_wconf 85' lang='lat' dir='ltr'><strong>habitabilia.</strong></span> <span class='ocrx_word' id='word_1_640' title='bbox 2354 3241 2360 3248; x_wconf 85' lang='grc'><strong>’</strong></span> 
     </span>
    </p>
   </div>
   <div class='ocr_carea' id='block_1_90' title="bbox 1920 3415 3379 3488">
    <p class='ocr_par' dir='ltr' id='par_1_90' title="bbox 1920 3415 3379 3488">
     <span class='ocr_line' id='line_1_90' title="bbox 1920 3415 3379 3488; baseline -0.003 -14"><span class='ocrx_word' id='word_1_641' title='bbox 1920 3418 2068 3474; x_wconf 85' lang='lat' dir='ltr'><strong>Unde</strong></span> <span class='ocrx_word' id='word_1_642' title='bbox 2098 3418 2257 3473; x_wconf 86' lang='lat' dir='ltr'><strong>etiam</strong></span> <span class='ocrx_word' id='word_1_643' title='bbox 2284 3417 2539 3488; x_wconf 87' lang='lat' dir='ltr'><strong>quaeritur</strong></span> <span class='ocrx_word' id='word_1_644' title='bbox 2563 3430 2592 3469; x_wconf 94' lang='lat' dir='ltr'><strong>a</strong></span> <span class='ocrx_word' id='word_1_645' title='bbox 2615 3415 2817 3480; x_wconf 89' lang='lat' dir='ltr'><strong>multis,</strong></span> <span class='ocrx_word' id='word_1_646' title='bbox 2855 3430 2921 3470; x_wconf 88' lang='lat' dir='ltr'><strong>an</strong></span> <span class='ocrx_word' id='word_1_647' title='bbox 2945 3417 3060 3473; x_wconf 89' lang='lat' dir='ltr'><strong>loca</strong></span> <span class='ocrx_word' id='word_1_648' title='bbox 3097 3416 3240 3471; x_wconf 88' lang='lat' dir='ltr'><strong>circa</strong></span> <span class='ocrx_word' id='word_1_649' title='bbox 3266 3429 3379 3470; x_wconf 86' lang='lat' dir='ltr'><strong>me-</strong></span> 
     </span>
    </p>
   </div>
   <div class='ocr_carea' id='block_1_91' title="bbox 1848 3506 3376 3581">
    <p class='ocr_par' dir='ltr' id='par_1_91' title="bbox 1848 3506 3376 3581">
     <span class='ocr_line' id='line_1_91' title="bbox 1848 3506 3376 3581; baseline -0.002 -19"><span class='ocrx_word' id='word_1_650' title='bbox 1848 3508 1988 3581; x_wconf 84' lang='lat' dir='ltr'><strong>diam</strong></span> <span class='ocrx_word' id='word_1_651' title='bbox 2015 3507 2269 3562; x_wconf 87' lang='lat' dir='ltr'><strong>torridam</strong></span> <span class='ocrx_word' id='word_1_652' title='bbox 2298 3520 2484 3561; x_wconf 80' lang='lat' dir='ltr'><strong>zonam</strong></span> <span class='ocrx_word' id='word_1_653' title='bbox 2526 3507 2634 3561; x_wconf 89' lang='lat' dir='ltr'><strong>sint</strong></span> <span class='ocrx_word' id='word_1_654' title='bbox 2672 3506 3191 3577; x_wconf 81' lang='lat' dir='ltr'><strong>magishabitabilia,</strong></span> <span class='ocrx_word' id='word_1_655' title='bbox 3216 3520 3376 3575; x_wconf 90' lang='lat' dir='ltr'><strong>quam</strong></span> 
     </span>
    </p>
   </div>
   <div class='ocr_carea' id='block_1_92' title="bbox 1850 3597 3379 3668">
    <p class='ocr_par' dir='ltr' id='par_1_92' title="bbox 1850 3597 3379 3668">
     <span class='ocr_line' id='line_1_92' title="bbox 1850 3597 3379 3668; baseline -0.002 -16"><span class='ocrx_word' id='word_1_656' title='bbox 1850 3599 2208 3653; x_wconf 75' lang='lat' dir='ltr'><strong>habitationes</strong></span> <span class='ocrx_word' id='word_1_657' title='bbox 2248 3612 2367 3668; x_wconf 64' lang='lat' dir='ltr'><strong>quae</strong></span> <span class='ocrx_word' id='word_1_658' title='bbox 2404 3598 2668 3652; x_wconf 82' lang='lat' dir='ltr'><strong>exsistunt</strong></span> <span class='ocrx_word' id='word_1_659' title='bbox 2704 3599 2846 3651; x_wconf 85' lang='lat' dir='ltr'><strong>circa</strong></span> <span class='ocrx_word' id='word_1_660' title='bbox 2878 3597 3243 3651; x_wconf 85' lang='lat' dir='ltr'><strong>extremitates</strong></span> <span class='ocrx_word' id='word_1_661' title='bbox 3273 3605 3379 3649; x_wconf 92' lang='lat' dir='ltr'><strong>tor-</strong></span> 
     </span>
    </p>
   </div>
   <div class='ocr_carea' id='block_1_93' title="bbox 1850 3673 3379 3759">
    <p class='ocr_par' dir='ltr' id='par_1_93' title="bbox 1850 3673 3379 3759">
     <span class='ocr_line' id='line_1_93' title="bbox 1850 3673 3379 3759; baseline -0.005 -16"><span class='ocrx_word' id='word_1_662' title='bbox 1850 3690 1977 3744; x_wconf 81' lang='lat' dir='ltr'><strong>ridae</strong></span> <span class='ocrx_word' id='word_1_663' title='bbox 2002 3705 2167 3744; x_wconf 71' lang='lat' dir='ltr'><strong>zonaa.</strong></span> <span class='ocrx_word' id='word_1_664' title='bbox 2192 3688 2445 3759; x_wconf 87' lang='lat' dir='ltr'><strong>Polybius</strong></span> <span class='ocrx_word' id='word_1_665' title='bbox 2466 3689 2625 3758; x_wconf 73' lang='lat' dir='ltr'><strong>igitur</strong></span> <span class='ocrx_word' id='word_1_666' title='bbox 2653 3687 2939 3743; x_wconf 87' lang='lat' dir='ltr'><strong>historicus</strong></span> <span class='ocrx_word' id='word_1_667' title='bbox 2970 3673 3290 3753; x_wconf 74' lang='lat' dir='ltr'><strong>conscripsit</strong></span> <span class='ocrx_word' id='word_1_668' title='bbox 3313 3685 3379 3737; x_wconf 81' lang='lat' dir='ltr'><strong>li-</strong></span> 
     </span>
    </p>
   </div>
   <div class='ocr_carea' id='block_1_94' title="bbox 1848 3769 3383 3853">
    <p class='ocr_par' dir='ltr' id='par_1_94' title="bbox 1848 3769 3383 3853">
     <span class='ocr_line' id='line_1_94' title="bbox 1848 3769 3383 3853; baseline -0.003 -20"><span class='ocrx_word' id='word_1_669' title='bbox 1848 3781 2001 3834; x_wconf 88' lang='lat' dir='ltr'><strong>brum</strong></span> <span class='ocrx_word' id='word_1_670' title='bbox 2045 3781 2152 3853; x_wconf 84' lang='lat' dir='ltr'><strong>qui</strong></span> <span class='ocrx_word' id='word_1_671' title='bbox 2178 3779 2511 3843; x_wconf 89' lang='lat' dir='ltr'><strong>inscribitur,</strong></span> <span class='ocrx_word' id='word_1_672' title='bbox 2575 3769 2649 3831; x_wconf 70' lang='lat' dir='ltr'><strong>De</strong></span> <span class='ocrx_word' id='word_1_673' title='bbox 2702 3777 3017 3831; x_wconf 79' lang='lat' dir='ltr'><strong>habitatione</strong></span> <span class='ocrx_word' id='word_1_674' title='bbox 3048 3778 3187 3829; x_wconf 82' lang='lat' dir='ltr'><strong>circa</strong></span> <span class='ocrx_word' id='word_1_675' title='bbox 3222 3776 3383 3841; x_wconf 67' lang='lat' dir='ltr'><strong>(squi-</strong></span> 
     </span>
    </p>
   </div>
   <div class='ocr_carea' id='block_1_95' title="bbox 1849 3865 3378 3946">
    <p class='ocr_par' dir='ltr' id='par_1_95' title="bbox 1849 3865 3378 3946">
     <span class='ocr_line' id='line_1_95' title="bbox 1849 3865 3378 3946; baseline 0 -26"><span class='ocrx_word' id='word_1_676' title='bbox 1849 3866 2143 3921; x_wconf 83' lang='lat' dir='ltr'><strong>noctialem.</strong></span> <span class='ocrx_word' id='word_1_677' title='bbox 2199 3865 2325 3921; x_wconf 85' lang='lat' dir='ltr'><strong>Haec</strong></span> <span class='ocrx_word' id='word_1_678' title='bbox 2370 3875 2545 3923; x_wconf 87' lang='lat' dir='ltr'><strong>autem</strong></span> <span class='ocrx_word' id='word_1_679' title='bbox 2593 3874 2676 3923; x_wconf 87' lang='lat' dir='ltr'><strong>est</strong></span> <span class='ocrx_word' id='word_1_680' title='bbox 2709 3867 2764 3921; x_wconf 90' lang='lat' dir='ltr'><strong>in</strong></span> <span class='ocrx_word' id='word_1_681' title='bbox 2795 3867 2967 3922; x_wconf 87' lang='lat' dir='ltr'><strong>media</strong></span> <span class='ocrx_word' id='word_1_682' title='bbox 2993 3868 3193 3922; x_wconf 89' lang='lat' dir='ltr'><strong>torrida</strong></span> <span class='ocrx_word' id='word_1_683' title='bbox 3222 3881 3378 3946; x_wconf 77' lang='lat' dir='ltr'><strong>zona;</strong></span> 
     </span>
    </p>
   </div>
   <div class='ocr_carea' id='block_1_96' title="bbox 1850 3957 3382 4031">
    <p class='ocr_par' dir='ltr' id='par_1_96' title="bbox 1850 3957 3382 4031">
     <span class='ocr_line' id='line_1_96' title="bbox 1850 3957 3382 4031; baseline -0.001 -19"><span class='ocrx_word' id='word_1_684' title='bbox 1850 3966 2009 4028; x_wconf 89' lang='lat' dir='ltr'><strong>atque</strong></span> <span class='ocrx_word' id='word_1_685' title='bbox 2055 3957 2230 4028; x_wconf 88' lang='lat' dir='ltr'><strong>inquit</strong></span> <span class='ocrx_word' id='word_1_686' title='bbox 2274 3958 2502 4013; x_wconf 88' lang='lat' dir='ltr'><strong>habitari</strong></span> <span class='ocrx_word' id='word_1_687' title='bbox 2547 3957 2659 4013; x_wconf 66' lang='lat' dir='ltr'><strong>haec</strong></span> <span class='ocrx_word' id='word_1_688' title='bbox 2693 3958 2832 4021; x_wconf 88' lang='lat' dir='ltr'><strong>loca,</strong></span> <span class='ocrx_word' id='word_1_689' title='bbox 2888 3965 2940 4013; x_wconf 89' lang='lat' dir='ltr'><strong>et</strong></span> <span class='ocrx_word' id='word_1_690' title='bbox 2968 3958 3164 4021; x_wconf 85' lang='lat' dir='ltr'><strong>habere</strong></span> <span class='ocrx_word' id='word_1_691' title='bbox 3210 3958 3382 4031; x_wconf 69' lang='lat' dir='ltr'><strong>magis</strong></span> 
     </span>
    </p>
   </div>
   <div class='ocr_carea' id='block_1_97' title="bbox 1849 4044 3384 4121">
    <p class='ocr_par' dir='ltr' id='par_1_97' title="bbox 1849 4044 3384 4121">
     <span class='ocr_line' id='line_1_97' title="bbox 1849 4044 3384 4121; baseline 0.001 -18"><span class='ocrx_word' id='word_1_692' title='bbox 1849 4057 2197 4121; x_wconf 86' lang='lat' dir='ltr'><strong>temperatam</strong></span> <span class='ocrx_word' id='word_1_693' title='bbox 2224 4044 2628 4115; x_wconf 86' lang='lat' dir='ltr'><strong>habitationem,</strong></span> <span class='ocrx_word' id='word_1_694' title='bbox 2649 4066 2809 4121; x_wconf 90' lang='lat' dir='ltr'><strong>quam</strong></span> <span class='ocrx_word' id='word_1_695' title='bbox 2839 4051 3036 4106; x_wconf 86' lang='lat' dir='ltr'><strong>habent</strong></span> <span class='ocrx_word' id='word_1_696' title='bbox 3056 4051 3091 4105; x_wconf 87' lang='lat' dir='ltr'><strong>ii</strong></span> <span class='ocrx_word' id='word_1_697' title='bbox 3122 4050 3211 4120; x_wconf 87' lang='lat' dir='ltr'><strong>qui</strong></span> <span class='ocrx_word' id='word_1_698' title='bbox 3240 4052 3384 4117; x_wconf 83' lang='lat' dir='ltr'><strong>circa</strong></span> 
     </span>
    </p>
   </div>
   <div class='ocr_carea' id='block_1_98' title="bbox 1850 4140 3386 4212">
    <p class='ocr_par' dir='ltr' id='par_1_98' title="bbox 1850 4140 3386 4212">
     <span class='ocr_line' id='line_1_98' title="bbox 1850 4140 3386 4212; baseline -0.001 -15"><span class='ocrx_word' id='word_1_699' title='bbox 1850 4145 2214 4200; x_wconf 79' lang='lat' dir='ltr'><strong>extremitates</strong></span> <span class='ocrx_word' id='word_1_700' title='bbox 2247 4142 2462 4197; x_wconf 60' lang='lat' dir='ltr'><strong>torrida?</strong></span> <span class='ocrx_word' id='word_1_701' title='bbox 2489 4157 2635 4197; x_wconf 66' lang='lat' dir='ltr'><strong>zona:</strong></span> <span class='ocrx_word' id='word_1_702' title='bbox 2674 4143 2919 4196; x_wconf 89' lang='lat' dir='ltr'><strong>habitant</strong></span> <span class='ocrx_word' id='word_1_703' title='bbox 2950 4157 2962 4192; x_wconf 88' lang='lat'><strong>:</strong></span> <span class='ocrx_word' id='word_1_704' title='bbox 2994 4157 3055 4196; x_wconf 89' lang='lat' dir='ltr'><strong>ac</strong></span> <span class='ocrx_word' id='word_1_705' title='bbox 3084 4142 3274 4212; x_wconf 81' lang='lat' dir='ltr'><strong>partim</strong></span> <span class='ocrx_word' id='word_1_706' title='bbox 3306 4140 3386 4196; x_wconf 85' lang='lat' dir='ltr'><strong>hi-</strong></span> 
     </span>
    </p>
   </div>
   <div class='ocr_carea' id='block_1_99' title="bbox 1851 4230 3382 4305">
    <p class='ocr_par' dir='ltr' id='par_1_99' title="bbox 1851 4230 3382 4305">
     <span class='ocr_line' id='line_1_99' title="bbox 1851 4230 3382 4305; baseline -0.001 -17"><span class='ocrx_word' id='word_1_707' title='bbox 1851 4235 2048 4289; x_wconf 88' lang='lat' dir='ltr'><strong>storias</strong></span> <span class='ocrx_word' id='word_1_708' title='bbox 2080 4232 2231 4288; x_wconf 73' lang='lat' dir='ltr'><strong>aﬂ‘ert</strong></span> <span class='ocrx_word' id='word_1_709' title='bbox 2258 4249 2442 4287; x_wconf 88' lang='lat' dir='ltr'><strong>eorum</strong></span> <span class='ocrx_word' id='word_1_710' title='bbox 2498 4234 2590 4305; x_wconf 91' lang='lat' dir='ltr'><strong>qui</strong></span> <span class='ocrx_word' id='word_1_711' title='bbox 2617 4233 2857 4287; x_wconf 83' lang='lat' dir='ltr'><strong>viderant</strong></span> <span class='ocrx_word' id='word_1_712' title='bbox 2879 4232 2977 4288; x_wconf 89' lang='lat' dir='ltr'><strong>bas</strong></span> <span class='ocrx_word' id='word_1_713' title='bbox 3004 4230 3382 4299; x_wconf 86' lang='lat' dir='ltr'><strong>habitationes,</strong></span> 
     </span>
    </p>
   </div>
   <div class='ocr_carea' id='block_1_100' title="bbox 1851 4324 3443 4395">
    <p class='ocr_par' dir='ltr' id='par_1_100' title="bbox 1851 4324 3443 4395">
     <span class='ocr_line' id='line_1_100' title="bbox 1851 4324 3443 4395; baseline 0.002 -15"><span class='ocrx_word' id='word_1_714' title='bbox 1851 4334 1904 4382; x_wconf 84' lang='lat' dir='ltr'><strong>et</strong></span> <span class='ocrx_word' id='word_1_715' title='bbox 1923 4326 2140 4394; x_wconf 89' lang='lat' dir='ltr'><strong>insuper</strong></span> <span class='ocrx_word' id='word_1_716' title='bbox 2168 4325 2529 4379; x_wconf 87' lang='lat' dir='ltr'><strong>testimonium</strong></span> <span class='ocrx_word' id='word_1_717' title='bbox 2556 4324 2860 4394; x_wconf 63' lang='lat' dir='ltr'><strong>praebebant</strong></span> <span class='ocrx_word' id='word_1_718' title='bbox 2883 4326 3228 4395; x_wconf 89' lang='lat' dir='ltr'><strong>apparentiis;</strong></span> <span class='ocrx_word' id='word_1_719' title='bbox 3260 4339 3387 4395; x_wconf 81' lang='lat' dir='ltr'><strong>par~</strong></span> <span class='ocrx_word' id='word_1_720' title='bbox 3440 4380 3443 4383; x_wconf 72' lang='grc'><strong>,</strong></span> 
     </span>
    </p>
   </div>
   <div class='ocr_carea' id='block_1_101' title="bbox 1852 4412 3385 4472">
    <p class='ocr_par' dir='ltr' id='par_1_101' title="bbox 1852 4412 3385 4472">
     <span class='ocr_line' id='line_1_101' title="bbox 1852 4412 3385 4472; baseline 0 -3"><span class='ocrx_word' id='word_1_721' title='bbox 1852 4417 1944 4469; x_wconf 90' lang='lat' dir='ltr'><strong>tim</strong></span> <span class='ocrx_word' id='word_1_722' title='bbox 1978 4415 2328 4469; x_wconf 88' lang='lat' dir='ltr'><strong>ratiocinatur</strong></span> <span class='ocrx_word' id='word_1_723' title='bbox 2362 4430 2427 4469; x_wconf 82' lang='lat' dir='ltr'><strong>ex</strong></span> <span class='ocrx_word' id='word_1_724' title='bbox 2458 4414 2688 4469; x_wconf 86' lang='lat' dir='ltr'><strong>naturali</strong></span> <span class='ocrx_word' id='word_1_725' title='bbox 2718 4415 2846 4470; x_wconf 91' lang='lat' dir='ltr'><strong>solis</strong></span> <span class='ocrx_word' id='word_1_726' title='bbox 2876 4424 3043 4472; x_wconf 91' lang='lat' dir='ltr'><strong>motu.</strong></span> <span class='ocrx_word' id='word_1_727' title='bbox 3097 4412 3189 4469; x_wconf 88' lang='lat' dir='ltr'><strong>Sol</strong></span> <span class='ocrx_word' id='word_1_728' title='bbox 3240 4415 3385 4470; x_wconf 84' lang='lat' dir='ltr'><strong>enim</strong></span> 
     </span>
    </p>
   </div>
   <div class='ocr_carea' id='block_1_102' title="bbox 1853 4504 3383 4575">
    <p class='ocr_par' dir='ltr' id='par_1_102' title="bbox 1853 4504 3383 4575">
     <span class='ocr_line' id='line_1_102' title="bbox 1853 4504 3383 4575; baseline -0.002 -15"><span class='ocrx_word' id='word_1_729' title='bbox 1853 4506 1995 4560; x_wconf 86' lang='lat' dir='ltr'><strong>circa</strong></span> <span class='ocrx_word' id='word_1_730' title='bbox 2024 4505 2258 4573; x_wconf 78' lang='lat' dir='ltr'><strong>trepicos</strong></span> <span class='ocrx_word' id='word_1_731' title='bbox 2286 4504 2518 4560; x_wconf 88' lang='lat' dir='ltr'><strong>circulos</strong></span> <span class='ocrx_word' id='word_1_732' title='bbox 2542 4504 2699 4575; x_wconf 83' lang='lat' dir='ltr'><strong>longo</strong></span> <span class='ocrx_word' id='word_1_733' title='bbox 2732 4513 3101 4558; x_wconf 88' lang='lat' dir='ltr'><strong>commoratur</strong></span> <span class='ocrx_word' id='word_1_734' title='bbox 3124 4511 3383 4573; x_wconf 87' lang='lat' dir='ltr'><strong>tempore,</strong></span> 
     </span>
    </p>
   </div>
   <div class='ocr_carea' id='block_1_103' title="bbox 1854 4590 3389 4658">
    <p class='ocr_par' dir='ltr' id='par_1_103' title="bbox 1854 4590 3389 4658">
     <span class='ocr_line' id='line_1_103' title="bbox 1854 4590 3389 4658; baseline -0.001 -7"><span class='ocrx_word' id='word_1_735' title='bbox 1854 4594 2147 4651; x_wconf 86' lang='lat' dir='ltr'><strong>secundum</strong></span> <span class='ocrx_word' id='word_1_736' title='bbox 2191 4610 2467 4650; x_wconf 88' lang='lat' dir='ltr'><strong>accessum</strong></span> <span class='ocrx_word' id='word_1_737' title='bbox 2502 4590 2711 4658; x_wconf 47' lang='lat' dir='ltr'><strong>ad&#39;eos,</strong></span> <span class='ocrx_word' id='word_1_738' title='bbox 2745 4601 2796 4648; x_wconf 89' lang='lat' dir='ltr'><strong>et</strong></span> <span class='ocrx_word' id='word_1_739' title='bbox 2823 4594 3142 4658; x_wconf 89' lang='lat' dir='ltr'><strong>discessum,</strong></span> <span class='ocrx_word' id='word_1_740' title='bbox 3181 4600 3239 4647; x_wconf 91' lang='lat' dir='ltr'><strong>ut</strong></span> <span class='ocrx_word' id='word_1_741' title='bbox 3278 4593 3389 4649; x_wconf 79' lang='lat' dir='ltr'><strong>fere</strong></span> 
     </span>
    </p>
   </div>
   <div class='ocr_carea' id='block_1_104' title="bbox 1857 4684 3384 4757">
    <p class='ocr_par' dir='ltr' id='par_1_104' title="bbox 1857 4684 3384 4757">
     <span class='ocr_line' id='line_1_104' title="bbox 1857 4684 3384 4757; baseline 0 -19"><span class='ocrx_word' id='word_1_742' title='bbox 1857 4684 1921 4738; x_wconf 91' lang='lat' dir='ltr'><strong>ad</strong></span> <span class='ocrx_word' id='word_1_743' title='bbox 1979 4686 2095 4741; x_wconf 89' lang='lat' dir='ltr'><strong>dies</strong></span> <span class='ocrx_word' id='word_1_744' title='bbox 2146 4687 2494 4756; x_wconf 79' lang='lat' dir='ltr'><strong>quadraginta</strong></span> <span class='ocrx_word' id='word_1_745' title='bbox 2524 4686 2628 4754; x_wconf 74' lang='lat'><strong>32</strong></span> <span class='ocrx_word' id='word_1_746' title='bbox 2659 4692 2892 4749; x_wconf 89' lang='lat' dir='ltr'><strong>maneat,</strong></span> <span class='ocrx_word' id='word_1_747' title='bbox 2936 4686 3113 4757; x_wconf 82' lang='lat' dir='ltr'><strong>quoad</strong></span> <span class='ocrx_word' id='word_1_748' title='bbox 3144 4699 3384 4749; x_wconf 87' lang='lat' dir='ltr'><strong>sensum,</strong></span> 
     </span>
    </p>
   </div>
   <div class='ocr_carea' id='block_1_105' title="bbox 1857 4772 3390 4843">
    <p class='ocr_par' dir='ltr' id='par_1_105' title="bbox 1857 4772 3390 4843">
     <span class='ocr_line' id='line_1_105' title="bbox 1857 4772 3390 4843; baseline -0.001 -17"><span class='ocrx_word' id='word_1_749' title='bbox 1857 4774 1910 4826; x_wconf 89' lang='lat' dir='ltr'><strong>in</strong></span> <span class='ocrx_word' id='word_1_750' title='bbox 1955 4774 2177 4842; x_wconf 81' lang='lat' dir='ltr'><strong>trapicis</strong></span> <span class='ocrx_word' id='word_1_751' title='bbox 2222 4774 2456 4828; x_wconf 85' lang='lat' dir='ltr'><strong>circulis.</strong></span> <span class='ocrx_word' id='word_1_752' title='bbox 2505 4772 2674 4838; x_wconf 85' lang='lat' dir='ltr'><strong>Quam</strong></span> <span class='ocrx_word' id='word_1_753' title='bbox 2714 4773 2783 4827; x_wconf 89' lang='lat' dir='ltr'><strong>ob</strong></span> <span class='ocrx_word' id='word_1_754' title='bbox 2820 4787 3037 4828; x_wconf 88' lang='lat' dir='ltr'><strong>causam</strong></span> <span class='ocrx_word' id='word_1_755' title='bbox 3070 4772 3390 4843; x_wconf 65' lang='lat' dir='ltr'><strong>magnitudio</strong></span> 
     </span>
    </p>
   </div>
   <div class='ocr_carea' id='block_1_106' title="bbox 1856 4861 3390 4923">
    <p class='ocr_par' dir='ltr' id='par_1_106' title="bbox 1856 4861 3390 4923">
     <span class='ocr_line' id='line_1_106' title="bbox 1856 4861 3390 4923; baseline 0.001 -6"><span class='ocrx_word' id='word_1_756' title='bbox 1856 4878 1951 4917; x_wconf 87' lang='lat' dir='ltr'><strong>nes</strong></span> <span class='ocrx_word' id='word_1_757' title='bbox 1980 4864 2186 4918; x_wconf 89' lang='lat' dir='ltr'><strong>dierum</strong></span> <span class='ocrx_word' id='word_1_758' title='bbox 2229 4863 2339 4918; x_wconf 84' lang='lat' dir='ltr'><strong>fere</strong></span> <span class='ocrx_word' id='word_1_759' title='bbox 2368 4863 2431 4917; x_wconf 91' lang='lat' dir='ltr'><strong>ad</strong></span> <span class='ocrx_word' id='word_1_760' title='bbox 2458 4863 2574 4923; x_wconf 89' lang='lat' dir='ltr'><strong>dies</strong></span> <span class='ocrx_word' id='word_1_761' title='bbox 2606 4864 2673 4919; x_wconf 79' lang='grc'><strong>40</strong></span> <span class='ocrx_word' id='word_1_762' title='bbox 2711 4872 2929 4919; x_wconf 88' lang='lat' dir='ltr'><strong>manent.</strong></span> <span class='ocrx_word' id='word_1_763' title='bbox 2961 4864 3177 4919; x_wconf 56' lang='lat' dir='ltr'><strong>eaedem.</strong></span> <span class='ocrx_word' id='word_1_764' title='bbox 3236 4861 3390 4919; x_wconf 74' lang='lat' dir='ltr'><strong>Unde</strong></span> 
     </span>
    </p>
   </div>
   <div class='ocr_carea' id='block_1_107' title="bbox 1858 4954 3391 5025">
    <p class='ocr_par' dir='ltr' id='par_1_107' title="bbox 1858 4954 3391 5025">
     <span class='ocr_line' id='line_1_107' title="bbox 1858 4954 3391 5025; baseline -0.003 -15"><span class='ocrx_word' id='word_1_765' title='bbox 1858 4970 1979 5010; x_wconf 89' lang='lat' dir='ltr'><strong>cum</strong></span> <span class='ocrx_word' id='word_1_766' title='bbox 2025 4972 2171 5012; x_wconf 91' lang='lat' dir='ltr'><strong>mora</strong></span> <span class='ocrx_word' id='word_1_767' title='bbox 2200 4956 2288 5009; x_wconf 85' lang='lat' dir='ltr'><strong>ﬁat</strong></span> <span class='ocrx_word' id='word_1_768' title='bbox 2318 4954 2383 5009; x_wconf 88' lang='lat' dir='ltr'><strong>ad</strong></span> <span class='ocrx_word' id='word_1_769' title='bbox 2424 4954 2543 5011; x_wconf 91' lang='lat' dir='ltr'><strong>illas</strong></span> <span class='ocrx_word' id='word_1_770' title='bbox 2594 4956 2948 5011; x_wconf 82' lang='lat' dir='ltr'><strong>habitationes</strong></span> <span class='ocrx_word' id='word_1_771' title='bbox 2978 4968 3095 5025; x_wconf 67' lang='lat' dir='ltr'><strong>quae</strong></span> <span class='ocrx_word' id='word_1_772' title='bbox 3117 4954 3235 5008; x_wconf 65' lang='lat' dir='ltr'><strong>sitas</strong></span> <span class='ocrx_word' id='word_1_773' title='bbox 3262 4961 3391 5009; x_wconf 89' lang='lat' dir='ltr'><strong>sunt</strong></span> 
     </span>
    </p>
   </div>
   <div class='ocr_carea' id='block_1_108' title="bbox 1861 5043 3391 5119">
    <p class='ocr_par' dir='ltr' id='par_1_108' title="bbox 1861 5043 3391 5119">
     <span class='ocr_line' id='line_1_108' title="bbox 1861 5043 3391 5119; baseline -0.003 -17"><span class='ocrx_word' id='word_1_774' title='bbox 1861 5048 1961 5102; x_wconf 87' lang='lat' dir='ltr'><strong>sub</strong></span> <span class='ocrx_word' id='word_1_775' title='bbox 2003 5047 2244 5119; x_wconf 88' lang='lat' dir='ltr'><strong>tropicis,</strong></span> <span class='ocrx_word' id='word_1_776' title='bbox 2288 5061 2509 5101; x_wconf 89' lang='lat' dir='ltr'><strong>necesse</strong></span> <span class='ocrx_word' id='word_1_777' title='bbox 2550 5056 2632 5101; x_wconf 86' lang='lat' dir='ltr'><strong>est</strong></span> <span class='ocrx_word' id='word_1_778' title='bbox 2683 5055 2741 5099; x_wconf 85' lang='lat' dir='ltr'><strong>ut</strong></span> <span class='ocrx_word' id='word_1_779' title='bbox 2769 5047 2961 5113; x_wconf 81' lang='lat' dir='ltr'><strong>ardpre</strong></span> <span class='ocrx_word' id='word_1_780' title='bbox 2980 5051 3249 5098; x_wconf 88' lang='lat' dir='ltr'><strong>torreatur</strong></span> <span class='ocrx_word' id='word_1_781' title='bbox 3276 5043 3391 5097; x_wconf 85' lang='lat' dir='ltr'><strong>haec</strong></span> 
     </span>
    </p>
   </div>
   <div class='ocr_carea' id='block_1_109' title="bbox 1860 5136 3435 5210">
    <p class='ocr_par' dir='ltr' id='par_1_109' title="bbox 1860 5136 3435 5210">
     <span class='ocr_line' id='line_1_109' title="bbox 1860 5136 3435 5210; baseline -0.004 -17"><span class='ocrx_word' id='word_1_782' title='bbox 1860 5138 2135 5201; x_wconf 87' lang='lat' dir='ltr'><strong>habitatio,</strong></span> <span class='ocrx_word' id='word_1_783' title='bbox 2170 5147 2327 5205; x_wconf 89' lang='lat' dir='ltr'><strong>atque</strong></span> <span class='ocrx_word' id='word_1_784' title='bbox 2360 5136 2725 5210; x_wconf 79' lang='lat' dir='ltr'><strong>inhabitabilis</strong></span> <span class='ocrx_word' id='word_1_785' title='bbox 2755 5136 2845 5191; x_wconf 85' lang='lat' dir='ltr'><strong>ﬁat</strong></span> <span class='ocrx_word' id='word_1_786' title='bbox 2882 5141 3097 5205; x_wconf 87' lang='lat' dir='ltr'><strong>propter</strong></span> <span class='ocrx_word' id='word_1_787' title='bbox 3125 5142 3289 5190; x_wconf 63' lang='lat' dir='ltr'><strong>aestus</strong></span> <span class='ocrx_word' id='word_1_788' title='bbox 3307 5150 3391 5188; x_wconf 73' lang='grc' dir='ltr'>ει·</span> <span class='ocrx_word' id='word_1_789' title='bbox 3424 5154 3435 5163; x_wconf 65' lang='grc' dir='ltr'><strong>ι</strong></span> 
     </span>
    </p>
   </div>
   <div class='ocr_carea' id='block_1_110' title="bbox 1861 5226 3391 5299">
    <p class='ocr_par' dir='ltr' id='par_1_110' title="bbox 1861 5226 3391 5299">
     <span class='ocr_line' id='line_1_110' title="bbox 1861 5226 3391 5299; baseline -0.005 -15"><span class='ocrx_word' id='word_1_790' title='bbox 1861 5245 2090 5286; x_wconf 85' lang='lat' dir='ltr'><strong>cessum.</strong></span> <span class='ocrx_word' id='word_1_791' title='bbox 2142 5229 2211 5281; x_wconf 81' lang='lat' dir='ltr'><strong>At</strong></span> <span class='ocrx_word' id='word_1_792' title='bbox 2248 5228 2315 5281; x_wconf 91' lang='lat' dir='ltr'><strong>ab</strong></span> <span class='ocrx_word' id='word_1_793' title='bbox 2345 5229 2700 5299; x_wconf 86' lang='lat' dir='ltr'><strong>aequinoctiali</strong></span> <span class='ocrx_word' id='word_1_794' title='bbox 2734 5228 2936 5299; x_wconf 90' lang='lat' dir='ltr'><strong>circqu</strong></span> <span class='ocrx_word' id='word_1_795' title='bbox 2961 5227 3224 5297; x_wconf 76' lang='lat' dir='ltr'><strong>contingit</strong></span> <span class='ocrx_word' id='word_1_796' title='bbox 3248 5226 3391 5281; x_wconf 88' lang='lat' dir='ltr'><strong>velo-</strong></span> 
     </span>
    </p>
   </div>
   <div class='ocr_carea' id='block_1_111' title="bbox 1860 5303 3391 5386">
    <p class='ocr_par' dir='ltr' id='par_1_111' title="bbox 1860 5303 3391 5386">
     <span class='ocr_line' id='line_1_111' title="bbox 1860 5303 3391 5386; baseline -0.005 -11"><span class='ocrx_word' id='word_1_797' title='bbox 1860 5334 1950 5375; x_wconf 89' lang='lat' dir='ltr'><strong>ces</strong></span> <span class='ocrx_word' id='word_1_798' title='bbox 1978 5321 2088 5374; x_wconf 81' lang='lat' dir='ltr'><strong>ﬁeri</strong></span> <span class='ocrx_word' id='word_1_799' title='bbox 2116 5303 2427 5374; x_wconf 41' lang='lat' dir='ltr'><strong>discessus}</strong></span> <span class='ocrx_word' id='word_1_800' title='bbox 2472 5319 2613 5373; x_wconf 91' lang='lat' dir='ltr'><strong>unde</strong></span> <span class='ocrx_word' id='word_1_801' title='bbox 2637 5318 2798 5370; x_wconf 88' lang='lat' dir='ltr'><strong>etiam</strong></span> <span class='ocrx_word' id='word_1_802' title='bbox 2827 5315 3225 5386; x_wconf 77' lang='lat' dir='ltr'><strong>magnitudines</strong></span> <span class='ocrx_word' id='word_1_803' title='bbox 3272 5312 3391 5367; x_wconf 91' lang='lat' dir='ltr'><strong>die-</strong></span> 
     </span>
    </p>
   </div>
   <div class='ocr_carea' id='block_1_112' title="bbox 1854 5406 3385 5481">
    <p class='ocr_par' dir='ltr' id='par_1_112' title="bbox 1854 5406 3385 5481">
     <span class='ocr_line' id='line_1_112' title="bbox 1854 5406 3385 5481; baseline -0.008 -13"><span class='ocrx_word' id='word_1_804' title='bbox 1854 5427 1975 5468; x_wconf 89' lang='lat' dir='ltr'><strong>rum</strong></span> <span class='ocrx_word' id='word_1_805' title='bbox 2024 5412 2167 5464; x_wconf 89' lang='lat' dir='ltr'><strong>circa</strong></span> <span class='ocrx_word' id='word_1_806' title='bbox 2216 5410 2533 5481; x_wconf 67' lang='lat' dir='ltr'><strong>aequinoctia</strong></span> <span class='ocrx_word' id='word_1_807' title='bbox 2566 5423 2754 5477; x_wconf 82' lang='lat' dir='ltr'><strong>magna</strong></span> <span class='ocrx_word' id='word_1_808' title='bbox 2776 5407 2994 5477; x_wconf 88' lang='lat' dir='ltr'><strong>capiunt</strong></span> <span class='ocrx_word' id='word_1_809' title='bbox 3035 5406 3385 5461; x_wconf 83' lang='lat' dir='ltr'><strong>incrementa.</strong></span> 
     </span>
    </p>
   </div>
   <div class='ocr_carea' id='block_1_113' title="bbox 1854 5496 3385 5571">
    <p class='ocr_par' dir='ltr' id='par_1_113' title="bbox 1854 5496 3385 5571">
     <span class='ocr_line' id='line_1_113' title="bbox 1854 5496 3385 5571; baseline -0.008 -12"><span class='ocrx_word' id='word_1_810' title='bbox 1854 5504 2288 5559; x_wconf 87' lang='lat' dir='ltr'><strong>Consentaneum</strong></span> <span class='ocrx_word' id='word_1_811' title='bbox 2335 5501 2606 5571; x_wconf 73' lang='lat' dir='ltr'><strong>estigitur</strong></span> <span class='ocrx_word' id='word_1_812' title='bbox 2654 5514 2746 5554; x_wconf 90' lang='lat' dir='ltr'><strong>eas</strong></span> <span class='ocrx_word' id='word_1_813' title='bbox 2792 5501 2949 5554; x_wconf 88' lang='lat' dir='ltr'><strong>etiam</strong></span> <span class='ocrx_word' id='word_1_814' title='bbox 3008 5496 3385 5554; x_wconf 89' lang='lat' dir='ltr'><strong>habitationes,</strong></span> 
     </span>
    </p>
   </div>
   <div class='ocr_carea' id='block_1_114' title="bbox 1856 5589 3381 5666">
    <p class='ocr_par' dir='ltr' id='par_1_114' title="bbox 1856 5589 3381 5666">
     <span class='ocr_line' id='line_1_114' title="bbox 1856 5589 3381 5666; baseline -0.009 -16"><span class='ocrx_word' id='word_1_815' title='bbox 1856 5609 1975 5666; x_wconf 60' lang='lat' dir='ltr'><strong>quae</strong></span> <span class='ocrx_word' id='word_1_816' title='bbox 2006 5600 2130 5648; x_wconf 88' lang='lat' dir='ltr'><strong>sunt</strong></span> <span class='ocrx_word' id='word_1_817' title='bbox 2158 5593 2274 5648; x_wconf 74' lang='lat' dir='ltr'><strong>sita:</strong></span> <span class='ocrx_word' id='word_1_818' title='bbox 2298 5592 2398 5647; x_wconf 87' lang='lat' dir='ltr'><strong>sub</strong></span> <span class='ocrx_word' id='word_1_819' title='bbox 2424 5589 2807 5659; x_wconf 79' lang='lat' dir='ltr'><strong>aequinoctiali,</strong></span> <span class='ocrx_word' id='word_1_820' title='bbox 2836 5590 3007 5660; x_wconf 65' lang='lat' dir='ltr'><strong>magis</strong></span> <span class='ocrx_word' id='word_1_821' title='bbox 3037 5601 3155 5644; x_wconf 88' lang='lat' dir='ltr'><strong>esse</strong></span> <span class='ocrx_word' id='word_1_822' title='bbox 3180 5592 3381 5651; x_wconf 82' lang='lat' dir='ltr'><strong>tempe-</strong></span> 
     </span>
    </p>
   </div>
   <div class='ocr_carea' id='block_1_115' title="bbox 1858 5681 3393 5755">
    <p class='ocr_par' dir='ltr' id='par_1_115' title="bbox 1858 5681 3393 5755">
     <span class='ocr_line' id='line_1_115' title="bbox 1858 5681 3393 5755; baseline -0.011 -12"><span class='ocrx_word' id='word_1_823' title='bbox 1858 5696 2039 5755; x_wconf 83' lang='lat' dir='ltr'><strong>ratas;</strong></span> <span class='ocrx_word' id='word_1_824' title='bbox 2064 5700 2187 5742; x_wconf 87' lang='lat' dir='ltr'><strong>cum</strong></span> <span class='ocrx_word' id='word_1_825' title='bbox 2215 5684 2462 5743; x_wconf 83' lang='lat' dir='ltr'><strong>ascensio</strong></span> <span class='ocrx_word' id='word_1_826' title='bbox 2491 5682 2704 5753; x_wconf 89' lang='lat' dir='ltr'><strong>quidem</strong></span> <span class='ocrx_word' id='word_1_827' title='bbox 2738 5681 2827 5739; x_wconf 81' lang='lat' dir='ltr'><strong>ﬁat</strong></span> <span class='ocrx_word' id='word_1_828' title='bbox 2861 5696 3023 5737; x_wconf 77' lang='lat' dir='ltr'><strong>super</strong></span> <span class='ocrx_word' id='word_1_829' title='bbox 3054 5683 3248 5733; x_wconf 88' lang='lat' dir='ltr'><strong>nuncto</strong></span> <span class='ocrx_word' id='word_1_830' title='bbox 3276 5690 3393 5729; x_wconf 55' lang='lat' dir='ltr'><strong>ver.</strong></span> 
     </span>
    </p>
   </div>
   <div class='ocr_carea' id='block_1_116' title="bbox 3050 5928 3128 5991">
    <p class='ocr_par' dir='ltr' id='par_1_116' title="bbox 3050 5928 3128 5991">
     <span class='ocr_line' id='line_1_116' title="bbox 3050 5928 3128 5991; baseline 0 0"><span class='ocrx_word' id='word_1_831' title='bbox 3050 5928 3128 5991; x_wconf 77' lang='lat'><strong>27</strong></span> 
     </span>
    </p>
   </div>
  </div>
