4100 6316
832 404 936 457 865

1800 390 1886 443 AD
1930 386 2187 442 EUSEBII
2224 383 2613 439 CHRONICON
2654 385 3015 441 APPENDIX.
3846 395 3923 460 844

830 517 998 579 ticali,
1026 516 1275 570 velociter
1296 523 1471 567 tamen
1500 512 1577 567 sol
1611 509 1844 564 recedat.
1884 506 2081 561 Omnes
2102 504 2239 558 enim
2268 501 2359 570 qui
2392 508 2431 561 Α

2307 501 2359 553 ui
2392 508 2431 561 Α
2463 506 2645 570 διήσεις
2688 503 3074 574 εὑκρατοτέρας
3124 506 3401 575 ὑπάρχειν,
3430 506 3663 576 emam
3705 508 3788 577 μὲν
3815 527 3921 577 γινο-

831 613 971 667 inter
998 607 1233 676 tropicos
1273 606 1502 659 circulos
1535 584 1811 661 habitant,’
1834 599 1898 653 ad
1928 609 2203 651 accessum
2232 592 2362 646 solis

830 709 1079 765 similiter
1107 712 1231 761 sunt
1257 700 1501 756 colloCati
1538 717 1552 751 :
1595 699 1639 751 is
1666 705 1841 749 tamen
1872 690 2201 760 longioribus
2230 695 2361 739 tem-

831 798 1054 868 poribus
1100 793 1240 863 apud
1281 807 1373 846 eos
1406 795 1788 849 commoratur,
1828 784 1917 852 qui
1950 783 2092 835 circa
2124 778 2361 845 tropicos

834 890 1112 952 habitant;
1139 901 1295 956 quam
1326 884 1396 937 ob
1423 895 1637 935 causam
1665 875 2068 946 temperatiores
2094 883 2214 924 esse
2238 882 2360 921 con-

834 982 993 1049 tingit
1051 992 1143 1033 eas
1189 974 1543 1029 habitationes
1588 984 1704 1039 quae
1748 976 1875 1021 sunt
1932 964 2077 1017 circa
2122 959 2360 1029 aequino-

834 1047 1043 1125 ctialem
1068 1109 1081 1132 ,
1108 1082 1329 1138 quaeque
1362 1065 1476 1118 site
1508 1069 1632 1117 sunt
1665 1061 1717 1114 in
1755 1056 1929 1112 media
1968 1068 2102 1108 zona
2133 1047 2357 1110 torrida,

834 1178 993 1231 quam
1024 1168 1165 1217 sunt
1186 1159 1249 1212 iis
1282 1157 1369 1226 qui
1398 1156 1541 1208 circa
1568 1150 1935 1207 extremitates
1968 1158 2116 1198 zona:
2143 1139 2359 1194 torrida:

834 1234 1095 1316 habitant,
1125 1234 1320 1319 quique
1348 1254 1472 1301 sunt
1510 1243 1669 1315 positi
1709 1240 1808 1297 sub
1842 1237 2084 1307 tropicis.

1375 1526 1597 1585 CAPUT
1637 1522 1770 1579 XIV.

1138 1645 1212 1701 De
1244 1643 1707 1714 significationibus
1752 1649 2036 1697 astrorum.

898 1760 1084 1815 Sermo
1130 1756 1198 1817 de
1246 1757 1722 1828 signiﬁcationibus
1770 1756 1909 1826 apud
1954 1755 2146 1809 idiotas
2182 1751 2358 1807 diver-

2468 592 2630 659 μένης
2672 595 2762 647 ἐπὶ
2809 597 2896 649 τοῦ
2935 601 3071 652 κατὰ
3120 599 3355 669 κορυφὴν
3405 600 3635 669 σημείου,
3676 601 3847 668 ταχέως
3882 601 3922 654 δὲ

2464 680 2863 751 ἀποχωροῦντος
2913 688 3005 740 τοῦ
3048 688 3214 758 ἡλίου.
3258 690 3452 751 Πάντες
3504 690 3603 761 γάρ
3649 690 3922 759 perc-15516»

2462 773 2730 839 τροπικῶν
2798 776 3002 829 κύκλων
3067 779 3333 841 οἰκοῦντες
3390 780 3531 849 παρὰ
3590 781 3680 849 τὴν
3739 779 3921 850 πάροδον

2460 859 2654 926 ὁμοίως
2692 865 2892 916 κεῖνται
2921 865 3013 917 τοῦ
3049 867 3194 934 ἡλίου
3216 884 3228 895 ·
3262 866 3500 929 πλείονας
3530 869 3583 920 δὲ
3616 868 3807 939 χρόνους
3831 871 3919 921 ὲπι-

2463 951 2608 1018 μένει
2632 957 2740 1017 ταῖς
2786 958 2906 1026 περὶ
2948 958 3070 1021 τοὺς
3101 961 3386 1030 τροπικοὺς
3420 960 3645 1013 οἰκοῦσι·
3685 961 3741 1012 δι’
3769 964 3824 1031 ἣν
3859 963 3918 1011 αἱ-

2458 1041 2577 1094 τίαν
2623 1046 3007 1117 εὑκρατοτέρας
3053 1046 3186 1102 εἶναι
3242 1050 3542 1119 συμϐέϐηκε
3592 1051 3680 1113 τὰς
3713 1053 3819 1119 περὶ
3853 1053 3918 1103 τὸν

2463 1129 2766 1201 ἰσημερινὸν
2819 1138 3087 1204 οἰκήσεις,
3135 1139 3333 1200 αἵτινες
3381 1141 3576 1190 κεῖνται
3632 1141 3683 1189 ὲν
3721 1141 3836 1211 μέση
3872 1143 3916 1208 τῇ

2456 1219 2846 1294 διακεκαυμένη
2891 1223 3051 1296 ζώνῃ,
3077 1228 3180 1279 τῶν
3204 1229 3328 1298 περὶ
3355 1229 3421 1281 τά
3464 1230 3657 1298 πέρατα
3682 1231 3763 1299 τῆς
3785 1231 3920 1283 διακε-

2460 1310 2730 1380 καυμένης
2753 1313 3053 1379 οἰκούντων,
3081 1318 3272 1381 οἵτινες
3305 1320 3405 1371 ὑπὸ
3432 1320 3549 1381 τοὺς
3574 1322 3825 1389 τροπικοὺς
3849 1322 3915 1374 κὺ-

2462 1399 2613 1463 κλους
2651 1405 2870 1457 κεῖνται.

2868 1502 2873 1509 ’
2966 1520 3350 1574 ΚΕΦΑΛΛΙΟΝ
3376 1523 3466 1574 ιΔν.

2675 1630 2810 1699 Περὶ
2839 1633 3245 1702 ἐπισημασιῶν
3282 1634 3397 1688 τῶν
3429 1635 3653 1703 ἄστρων
3690 1636 3747 1689 ⁸⁵.

2535 1742 2590 1794 Ὁ
2628 1743 2750 1815 περὶ
2787 1747 3156 1816 ἐπισημασιῶν
3201 1747 3354 1815 λόγος
3392 1750 3538 1819 παρά
3566 1750 3653 1820 μὲν
3687 1753 3782 1811 τοῖς
3808 1748 3911 1801 ἰδιώ·

828 1868 943 1909 sam
970 1853 1107 1922 parit
1152 1825 1479 1920 Opinionem,
1521 1849 1676 1917 quasi
1713 1825 1926 1916 propter
1955 1852 2219 1901 astrorum
2252 1857 2357 1897 or—
2383 1825 2425 1878 Β

2291 1857 2357 1895 ιι-
2383 1825 2567 1896 Βταις
2610 1835 2821 1890 ἀλλοίαν
2864 1836 2975 1906 ἔχει
3025 1838 3299 1907 διάληψιν,
3341 1841 3414 1901 ὡς
3475 1839 3565 1892 ἐπὶ
3618 1838 3713 1890 τῶν
3752 1839 3910 1907 ἄστρων

828 1954 918 2000 tus
953 1950 1006 1998 et
1048 1956 1273 1997 occasus
1305 1939 1432 1994 ﬁant
1477 1940 1617 1993 aeris
1671 1937 2013 1992 mutationes.
2066 1933 2355 2001 Mathema-

828 2033 967 2088 ticus
992 2046 1118 2103 vero
1142 2038 1196 2085 et
1231 2029 1485 2100 physicus
1516 2028 1675 2081 aliam
1706 2027 1865 2081 habet
1894 2025 2225 2095 opinionem.
2275 2021 2353 2075 Ac

827 2122 1001 2191 primo
1024 2119 1236 2189 quidem
1263 2117 1605 2174 statuendum
1647 2106 1928 2187 est,"quod
1966 2116 2049 2172 ha:
2085 2111 2377 2186 signiﬁca-il

830 2216 1003 2270 tiones
1029 2213 1277 2269 imbrium
1300 2222 1355 2268 et
1392 2221 1693 2275 ventorum,
1731 2228 1850 2282 qua:
1881 2209 2208 2274 ﬁuntﬁcirca
2243 2215 2355 2261 ter-

827 2324 942 2364 ram
973 2308 1120 2373 ﬁant,
1149 2316 1201 2365 et
1227 2309 1292 2363 ad
1325 2308 1581 2377 majorem
1612 2306 1946 2361 altitudinem
1974 2319 2081 2359 non
2108 2302 2348 2358 tendant:

827 2386 1185 2456 exhalationes
1233 2399 1375 2453 enim
1401 2388 1579 2452 sunte
1616 2401 1760 2451 terra
1813 2395 1969 2448 variae
2013 2401 2066 2447 et
2110 2400 2351 2462 expertes

826 2482 1254 2568 ordinisﬂutsit
1300 2485 1626 2556 impossibile
1660 2493 1752 2538 e'as
1782 2498 1951 2553 usque
2000 2480 2066 2535 ad
2108 2482 2351 2535 inerrana

826 2583 959 2636 tium
1002 2580 1278 2634 stellarum
1312 2577 1572 2649 sphaeram
1607 2575 1823 2631 tendere
1856 2592 1869 2628 :
1902 2573 1996 2628 sed
2037 2587 2207 2641 neque
2233 2573 2347 2629 sino

825 2671 963 2742 gulae
1007 2669 1177 2723 nubes
1216 2674 1433 2738 propter
1477 2666 1811 2721 altitudinem
1841 2674 1906 2720 eo
1942 2664 2184 2718 tendunt.
2245 2660 2349 2726 Qui

825 2762 989 2831 igitur
1019 2759 1311 2814 ascendunt
1339 2758 1611 2828 Cyllenen,
1643 2756 1964 2810 altissimum
1991 2755 2046 2806 in
2089 2751 2351 2818 Pelopon-

720 2846 725 2852 ’
826 2862 957 2905 neso
983 2855 1236 2913 montem,
1267 2854 1319 2901 et
1347 2843 1610 2900 Mercurio
1639 2844 1693 2897 in
1718 2844 1915 2897 vertice
1944 2843 2142 2895 montis
2173 2839 2349 2893 dicato

825 2938 1147 3001 sacriﬁcant,
1180 2936 1253 2993 lii.
1286 2948 1413 2996 cum
1450 2947 1637 2987 rursus
1672 2938 1791 3000 post
1817 2944 2014 2983 annum
2058 2929 2348 2982 ascenden-

824 3037 907 3089 tes
943 3025 1205 3097 sacriﬁcia
1261 3021 1559 3091 perﬁciunt,
1622 3019 1903 3074 inveniunt
1929 3027 1981 3072 et
2021 3016 2221 3071 femora
2294 3023 2348 3070 et

826 3120 1057 3173 cinerem
1076 3117 1143 3171 ab
1165 3117 1285 3184 igne
1312 3114 1554 3168 relictum
1582 3113 1637 3166 in
1670 3111 1853 3167 eodem
1882 3112 2011 3183 loco
2053 3108 2342 3174 manentia,
2370 3134 2413 3192 α

827 3214 883 3264 in
926 3223 1034 3277 quo
1084 3207 1443 3275 reliquerant;
1486 3210 1540 3259 et
1584 3218 1757 3272 neque
1785 3217 1814 3254 a
1842 3202 2034 3264 ventis,
2081 3215 2253 3269 neque
2280 3201 2347 3254 ab

734 3322 737 3323 ν
826 3296 1085 3353 imbribus
1110 3296 1408 3359 immutata,
1438 3309 1503 3351 eo
1530 3294 1671 3364 quod
1701 3307 1887 3347 omnes
1917 3293 2090 3346 nubes
2143 3300 2196 3347 et
2224 3306 2348 3345 ven-

823 3393 1001 3443 torum
1052 3386 1458 3441 constitutiones
1506 3384 1645 3438 infra
1687 3382 1937 3437 verticem
1977 3381 2173 3435 montis
2221 3394 2351 3434 con-

826 3480 1136 3535 stituantur.
1167 3474 1316 3545 Saepe
1340 3476 1497 3529 etiam
1543 3474 1621 3527 illi
1670 3472 1763 3542 qui
1791 3472 1847 3525 in
1907 3469 2245 3541 Satabyrium
2291 3486 2352 3525 a-

826 3569 1106 3631 scendunt,
1125 3581 1220 3663 per
1246 3565 1416 3619 nubes
1447 3565 1645 3618 faciunt
1675 3577 1977 3626 ascensum,
2001 3573 2052 3617 et
2081 3561 2221 3617 infra
2238 3576 2349 3617 vero

798 3656 984 3725 pticem
1039 3649 1238 3708 moritis
1298 3659 1537 3721 spectant
1588 3652 1808 3706 nubium
1874 3651 2233 3706 collectiones.
2286 3649 2351 3704 Et

826 3744 1069 3814 Cyllenes
1101 3743 1312 3813 quidem
1343 3742 1565 3797 altitudo
1591 3753 1675 3797 est
1704 3743 1878 3796 minor
1918 3741 2106 3797 stadiis
2153 3742 2237 3804 15,
2292 3750 2350 3796 ιιι

827 3833 1163 3888 Dicaearchus
1188 3834 1503 3901 geometrica
1526 3833 1889 3895 demonstrat;
1933 3829 2197 3900 Satabyrii
2219 3847 2348 3886 vero

826 3925 1260 3995 perpendiculum
1295 3925 1471 3979 minus
1506 3931 1588 3978 est
1619 3923 1807 3978 stadiis
1839 3923 1924 3975 M.
1978 3920 2175 3978 Omnes
2206 3924 2346 3977 enim

827 4016 1014 4081 nubes,
1053 4024 1112 4069 ut
1138 4014 1389 4073 diximus.
1422 4029 1544 4068 cum
1585 4028 1649 4068 ex
1686 4023 1824 4067 terra
1866 4012 2095 4067 habeant
2135 4012 2342 4067 exhala-

743 4172 747 4176 .
827 4104 1047 4168 tionem,
1100 4105 1243 4158 circa
1286 4112 1481 4158 terram
1510 4102 1681 4169 .ﬁunt.
1740 4100 2121 4157 Praedictiones
2171 4112 2347 4156 autem

828 4194 1290 4263 signiﬁcationum,
1329 4209 1446 4262 quae
1472 4195 1527 4248 in
1548 4194 2010 4263 parapegmatibus
2038 4194 2189 4257 ﬁunt,
2242 4210 2348 4249 non

830 4290 1077 4337 constant
1113 4282 1433 4350 quibusdam
1472 4285 1633 4338 certis
1672 4286 1975 4353 praeceptis,
2016 4300 2188 4354 neque
2236 4294 2350 4341 arte

830 4372 1056 4441 quadam
1100 4371 1413 4435 traduntur,
1447 4379 1503 4425 ut
1537 4371 1767 4425 habeant
1794 4374 2171 4428 necessarium
2222 4373 2351 4429 elic-

2452 1923 2718 1988 ὲπιτολαῖς
2763 1927 2856 1979 καὶ
2883 1926 3060 1979 δύσεσι
3105 1928 3210 1981 τῶν
3242 1931 3367 1998 περὶ
3392 1931 3482 1983 τὸν
3509 1928 3641 1998 ἀέρα
3670 1929 3911 1998 μεταϐολῶν

2450 2017 2772 2085 γινομένων·
2806 2019 2833 2069 ὁ
2866 2018 2922 2070 δὲ
2968 2017 3340 2088 μαθηματικὸς
3388 2021 3482 2074 καὶ
3531 2022 3735 2089 φυσικὸς
3772 2022 3909 2091 ἑτέραν

2450 2105 2561 2174 ἔχει
2604 2107 2775 2172 δόξαν.
2817 2109 2924 2161 Καὶ
2968 2110 3175 2180 πρῶτον
3207 2113 3302 2181 μὲν
3339 2112 3667 2181 διαληπτέον,
3695 2114 3761 2165 ὅτι
3792 2116 3832 2164 αἱ
3854 2130 3907 2178 γιε

2451 2197 2668 2267 νόμεναι
2714 2200 3063 2269 ἐπισημασίαι
3108 2201 3323 2273 ὄμϐρων
3368 2206 3461 2256 καὶ
3492 2206 3778 2275 πνευμάτων
3815 2207 3903 2273 περὶ

2448 2287 2543 2358 τὴν
2588 2290 2687 2357 γῆν
2726 2290 2980 2357 γίνονται,
3013 2294 3089 2355 εἰς
3121 2293 3177 2345 δὲ
3207 2294 3383 2347 πλεῖον
3430 2294 3561 2362 ὕψος
3602 2296 3656 2347 οὑ
3685 2295 3900 2351 διατείνον-

2450 2397 2561 2433 σιν·
2590 2381 2971 2451 ἀναθυμιάσεις
3011 2385 3115 2453 γάρ
3151 2387 3284 2443 εἰσιν
3315 2386 3376 2439 ἐκ
3400 2388 3507 2455 γῆς
3532 2386 3812 2439 παντοδαπαὶ
3832 2385 3896 2435 καὶ

2447 2469 2696 2524 ἄτακτοι·
2745 2471 2885 2525 ὥστε
2943 2476 3015 2543 μὴ
3059 2470 3165 2527 οἷον
3214 2491 3272 2527 τε
3317 2470 3453 2528 εἶναι
3515 2475 3669 2546 μέχρι
3711 2478 3782 2543 τῆς
3814 2472 3892 2523 τῶν

2446 2561 2693 2614 ἀπλανῶν
2747 2563 2985 2634 ἀστέρων
3038 2565 3268 2634 σφαίρας
3319 2565 3628 2619 διατείνειν·
3671 2564 3766 2618 ἀλλὰ
3799 2561 3883 2631 μηδ’

2446 2653 2642 2713 ἕκαστα
2692 2654 2777 2707 διὰ
2820 2655 2880 2707 τὸ
2929 2656 3057 2723 ὕψος
3096 2657 3387 2709 ἀνατείνειν
3434 2659 3503 2710 τά
3551 2658 3692 2727 νέφη.
3724 2656 3768 2708 0i
3794 2651 3883 2718 γοῦν

2445 2744 2535 2795 ἐπὶ
2588 2743 2679 2815 τὴν
2716 2744 2993 2815 Κυλλήνην
3045 2746 3153 2815 (47)
3204 2747 3597 2812 ἀναϐαίνοντες,
3641 2749 3742 2817 ὄρος
3776 2747 3815 2797 ὲν
3842 2746 3891 2811 τῇ

2446 2833 2826 2905 Πελοποννήσῳ
2858 2836 3200 2907 ὑψηλότατον,
3230 2839 3320 2889 καὶ
3355 2838 3570 2901 θύοντες
3601 2838 3667 2908 τῷ
3691 2836 3897 2889 καθωσιω-

2449 2924 2592 2994 μένῳ
2622 2926 2711 2977 ἐπὶ
2736 2926 2833 2995 τῆς
2878 2927 3116 2997 κορυφῆς
3157 2928 3249 2980 τοῦ
3280 2928 3433 2998 ὅρους
3478 2931 3660 3003 Ἐρμῇ,
3694 2930 3791 2982 ὅταν
3822 2912 3897 2981 πά-

2444 3014 2525 3067 λιν
2553 3014 2617 3067 δι’
2647 3016 2884 3070 ἐνιαυτοῦ
2934 3018 3304 3082 ἀναϐαίνοντες
3347 3020 3443 3084 τὰς
3496 3021 3670 3086 Θυσίας
3708 3018 3900 3073 ἐπιτελῶ-

2446 3121 2548 3167 σιν,
2578 3105 3017 3174 εὑρίσκουσινκαὶ
3053 3107 3120 3161 τὰ
3164 3108 3348 3179 μηρία,
3383 3112 3479 3161 καὶ
3521 3111 3613 3181 τὴν
3640 3111 3805 3180 τέφραν
3832 3107 3899 3175 τὴν

2447 3195 2668 3248 ἀπὸτοῦ
2715 3198 2881 3265 πυρὸς
2930 3198 2985 3248 ὲν
3032 3200 3096 3266 τῇ
3143 3199 3275 3268 αὑτῇ
3314 3200 3461 3261 τάξει
3498 3202 3751 3268 μένουσαν,
3798 3202 3839 3251 ὲν

2446 3287 2536 3337 καὶ
2569 3286 2849 3339 κατέλιπον
2869 3303 2880 3316 ο
2921 3287 3012 3340 καὶ
3046 3286 3170 3358 μήθ’
3198 3289 3311 3341 ὑπὸ
3338 3292 3670 3360 πνευμάτων,
3703 3288 3901 3359 μήθ”ὑπὺ

2445 3375 2659 3445 ὄμϐρων
2688 3376 3017 3446 ὴλλοιωμένα
3039 3393 3052 3407 ·
3083 3377 3167 3431 διὰ
3195 3380 3255 3431 τὸ
3284 3373 3457 3434 πάντα
3490 3382 3557 3434 τὰ
3589 3383 3708 3451 νέφη
3740 3382 3815 3433 καὶ
3834 3380 3899 3439 τὰς

2444 3465 2549 3518 τῶν
2586 3468 2795 3537 ἀνέμων
2839 3471 3114 3534 συστάσεις
3151 3472 3399 3526 ὑποκάτω
3440 3474 3540 3545 τῆς
3566 3473 3649 3527 τοῦ
3679 3473 3808 3544 ὅρους
3838 3488 3899 3522 κο-

2449 3558 2620 3628 ρυφῆς
2665 3560 3020 3613 συνίστασθαι.
3068 3562 3327 3626 Πολλάκις
3365 3565 3419 3617 δὲ
3474 3567 3566 3618 καὶ
3602 3567 3647 3617 οἱ
3684 3566 3750 3627 είς
3772 3563 3820 3614 τὸ
3837 3562 3897 3612 Σα-

2444 3648 2693 3719 ταϐύριον
2728 3651 2835 3720 (48)
2880 3652 3249 3716 ἀναϐαίνοντες
3277 3655 3362 3708 διὰ
3393 3656 3500 3709 τῶν
3548 3657 3709 3725 νεφῶν
3746 3653 3897 3707 ποιοῦν⁴

2446 3760 2531 3794 ται
2560 3743 2654 3813 τὴν
2682 3744 2956 3807 ἀνάϐασιν,
2987 3748 3078 3797 καὶ
3108 3747 3358 3799 ὑποκάτω
3385 3749 3483 3817 τῆς
3510 3748 3599 3801 τοῦ
3625 3750 3761 3819 ὅρους
3785 3762 3897 3812 κορυ-

2447 3833 2551 3902 φῆς
2583 3834 2837 3905 θεωροῦσι
2884 3835 2980 3906 τὴν
3022 3836 3128 3888 τῶν
3174 3839 3348 3905 νεφῶν
3396 3840 3665 3893 σύστασιν.
3697 3839 3784 3890 Καὶ
3814 3835 3889 3886 ἔστι

2452 3924 2547 3993 μὲν
2577 3926 2671 3994 τῆς
2712 3926 2987 3996 Κυλλήνης
3014 3928 3071 3979 τὸ
3100 3926 3229 3996 ὕψος
3258 3928 3478 3981 ἔλασσον
3523 3929 3731 3982 σταδίων
3752 3933 3805 3986 ιε’,
3836 3924 3887 3983 ὡς

2449 4017 2760 4086 Δικαίαρχος
2809 4017 3176 4086 ἀναμετρικῶς
3227 4020 3272 4051 ⁵⁸
3328 4021 3671 4087 ἀποφαίνεται
3699 4039 3712 4052 ⁸
3754 4016 3819 4071 τοῦ
3852 4014 3890 4065 δὲ

2449 4107 2772 4178 Σαταϐυρίου
2800 4100 3033 4161 ἐλάσσων
3067 4109 3209 4161 ἐστὶν
3241 4112 3273 4179 ή
3305 4110 3523 4174 κάθετος
3569 4111 3767 4164 σταδίων
3789 4108 3831 4160 ιδ’
3848 4106 3891 4157 ³τ.

2448 4198 2625 4251 Πάντα
2678 4198 2782 4271 γὰρ
2827 4199 2893 4252 τὰ
2940 4200 3092 4269 νέφη,
3146 4200 3388 4270 καθάπερ
3443 4202 3688 4272 εἴπομεν,
3737 4201 3787 4251 ἐκ
3826 4194 3897 4264 γῆς

2449 4287 2632 4357 ἔχοντα
2661 4289 2757 4359 τὴν
2798 4289 3169 4358 ἀναθυμίασιν,
3223 4291 3349 4361 περὶ
3374 4292 3472 4361 τὴν
3500 4292 3600 4361 γῆν
3640 4291 3824 4359 γίνεται.
3852 4285 3897 4336 Αἱ

2447 4379 2502 4430 δὲ
2547 4381 2816 4451 γινόμεναι
2852 4382 3169 4451 προρρήσεις
3204 4380 3309 4433 τῶν
3351 4380 3711 4451 ἐπισημασιῶν
3741 4381 3787 4432 ὲν
3821 4374 3901 4433 τοῖς

826 4470 988 4515 ctum.
1016 4460 1117 4517 Sed
1145 4462 1236 4531 qui
1264 4476 1330 4516 ex
1359 4476 1443 4524 eo,
1479 4462 1620 4532 quod
1650 4462 1957 4531 plerumque
1989 4465 2066 4526 ﬁt,
2104 4479 2196 4533 per
2219 4479 2351 4534 quo-
2379 4486 2424 4541 ι)

2282 4480 2351 4519 lo-
2379 4486 2424 4541 D
2452 4470 2890 4539 παραπήγμασιν,
2925 4470 3020 4522 οὑκ
3052 4469 3155 4522 ἀπό
3182 4486 3337 4522 τινων
3362 4470 3790 4540 παραγγελμάτων
3810 4465 3901 4533 ὡρι-

828 4553 1079 4607 tidianam
1120 4553 1543 4608 observationem
1567 4553 1967 4623 congruentiam
2008 4546 2257 4622 capiunt,
2289 4556 2345 4609 bi

827 4643 882 4696 in
915 4640 1119 4695 tabulas
1173 4640 1472 4696 conferunt.
1509 4640 1671 4705 Facta
1708 4650 1787 4696 est
1826 4651 2002 4695 autem
2042 4642 2143 4696 ista
2185 4643 2345 4696 colle-

828 4733 936 4788 ctio
981 4740 1035 4788 et
1058 4732 1359 4786 observatio
1388 4733 1487 4786 hoc
1528 4734 1705 4787 modo.
1725 4732 2004 4802 Capientes
2030 4732 2169 4784 enim
2200 4734 2347 4802 prin-

811 4822 1023 4890 .cipium
1053 4821 1201 4886 anni,
1242 4827 1293 4874 et
1333 4821 1675 4876 observantes
1726 4822 1781 4876 in
1819 4838 1923 4891 quo
1965 4826 2117 4891 signo
2150 4822 2219 4877 sit
2268 4825 2347 4876 sol

827 4912 883 4965 in
921 4913 1180 4983 principio
1201 4910 1346 4974 anni,
1376 4918 1428 4966 et
1455 4911 1673 4981 gradum
1705 4915 2053 4976 ascribentes,
2098 4928 2192 4981 per
2238 4914 2349 4967 sine

831 5003 983 5071 gulos
1025 5004 1139 5057 dies
1183 5010 1236 5057 et
1263 5019 1357 5072 per
1393 5003 1633 5073 singulos
1671 5018 1881 5057 menses
1912 5004 2081 5059 factas
2112 5004 2346 5073 integras

832 5092 1152 5149 mutationes
1203 5095 1362 5158 aeris,
1420 5103 1721 5155 ventorum,
1752 5093 2000 5147 imbrium
2055 5102 2109 5149 et
2138 5095 2352 5162 grandi-

829 5184 933 5245 nis,
986 5184 1349 5251 ascripserunt
1378 5184 1444 5237 ad
1476 5184 1604 5239 solis
1643 5184 1756 5237 loca
1784 5198 1876 5251 per
1914 5186 2122 5255 signum
2180 5187 2350 5255 quod—

830 5272 955 5336 libet
973 5279 1025 5326 et
1053 5271 1292 5341 gradum.
1323 5271 1472 5336 Quod
1493 5289 1587 5341 per
1602 5273 1779 5344 plures
1800 5288 1967 5327 annos
1987 5275 2349 5340 observantes,

2445 4560 2649 4628 σμένων
2681 4559 2929 4627 γίνονται,
2960 4562 3074 4613 οὐδὲ
3121 4561 3278 4632 τέχνῃ
3308 4562 3410 4614 τινὶ
3445 4561 3779 4631 μεθοδεύονται
3809 4568 3903 4606 κατα

2443 4652 2839 4721 ηναγκασμένον
2879 4651 3089 4720 ἔχουσαι
3135 4651 3193 4703 τὸ
3235 4652 3599 4723 ἀποτέλεσμαο
3644 4650 3742 4703 ἀλλ’
3777 4647 3815 4699 al
3857 4644 3901 4693 ὲκ

2443 4738 2535 4791 τοῦ
2557 4739 2629 4802 ὠς
2660 4739 2859 4793 ἐπίπαν
2883 4740 3156 4808 γινομένου
3190 4739 3275 4792 διὰ
3292 4741 3387 4809 τῆς
3422 4740 3535 4794 καθ’
3558 4739 3746 4809 ἡμέραν
3769 4746 3901 4800 παρα·

2443 4831 2714 4900 τηρήσεως
2756 4830 2817 4880 τὸ
2861 4828 3139 4897 σύμφωνον
3177 4829 3531 4897 λαμϐάνοντες
3576 4830 3650 4890 είς
3686 4826 3743 4878 τὰ
3769 4834 3901 4888 παραο

2449 4921 2704 4989 πήγματα
2762 4917 3145 4987 κατεχώρισαν.
3208 4919 3447 4985 Ἐγένετο
3499 4918 3553 4971 δὲ
3617 4918 3647 4985 ή
3705 4912 3901 4965 σύστασις

2449 5008 2539 5061 καὶ
2564 5009 2596 5077 ἡ
2622 5010 2990 5078 παρατήρησις
3030 5008 3122 5060 τοῦ
3151 5008 3346 5079 τρόπον
3369 5008 3570 5061 τούτου.
3595 5002 3901 5075 Λαμϐάνσντες

2448 5099 2553 5166 γὰρ
2599 5098 2764 5168 ἀρχὴν
2808 5098 3075 5161 ἐνιαυτοῦ,
3124 5101 3214 5151 καὶ
3253 5101 3729 5169 παρατηρήσαντες,
3758 5093 3804 5143 ὲν
3827 5086 3902 5139 τίνι

2450 5183 2618 5255 ζωδίῳ
2660 5188 2687 5238 ὁ
2731 5185 2876 5255 ἣλιος
2932 5186 3136 5257 ὑπῆρχε
3174 5187 3314 5241 κατὰ
3356 5187 3451 5257 τὴν
3492 5187 3653 5257 ἀρχὴν
3695 5173 3901 5233 ἐνιαυτοῦ.

2452 5279 2541 5329 καὶ
2584 5278 2716 5347 πρὸς
2767 5278 2861 5346 τὴν
2913 5281 3098 5347 μοῖραν
3144 5278 3533 5348 ἀναγράφοντες
3573 5272 3684 5327 καθ’
3722 5267 3903 5330 ἑκάστην

894 5424 936 5454 ⁸³
969 5440 1055 5491 γρ.
1074 5422 1185 5485 τῶν
1212 5423 1427 5495 χρόνων.
1514 5424 1557 5454 ⁸⁸
1591 5423 1632 5491 Ῑ.
1667 5424 2142 5494 ἀναμεμετρηκώς.
2218 5427 2262 5458 ⁵⁷
2292 5445 2383 5495 γρ.
2415 5429 2633 5481 σταδίων
2665 5429 2706 5478 δ’
2736 5386 2737 5391 1

902 5575 1005 5645 (47)
1040 5579 1101 5629 Ol
1125 5576 1269 5643 γοῦν
1293 5574 1535 5645 autem
1563 5578 1900 5645 Κυλλήνην.
1934 5575 2098 5643 Cujus
2126 5578 2346 5630 κάθετον

833 5645 918 5695 alii
949 5643 1154 5707 “(alii
1186 5662 1250 5698 xv
1277 5643 1464 5700 stadiis
1489 5645 1761 5701 deﬁniunt.
1796 5644 1984 5697 Strabo
2013 5647 2147 5699 libro
2172 5662 2282 5698 Vlil.

898 5714 1005 5781 (48)
1032 5715 1129 5780 Εἰς
1152 5714 1214 5768 τὸ
1236 5714 1603 5781 Σαταϐύριοσν.
1636 5711 1759 5783 Leg.
1797 5713 2118 5784 Ἀταϐύριον.
2150 5714 2221 5768 De
2242 5727 2347 5783 quo

2449 5578 2640 5703 ita}?
2671 5580 2760 5636 lib.
2792 5596 2898 5647 xxv,
2934 5580 3344 5686 etStcplianus.
3380 5580 3523 5637 Mons
3559 5587 3639 5636 est
3677 5576 3727 5632 in
3754 5563 3902 5626 Rhodo
