4100 6316
209 426 308 481 845

1192 422 1422 479 GEMINI
1460 421 1825 479 ELEIENTA
1848 419 2333 479 ASTRONOMIIE.

3258 410 3363 484 846

207 540 409 611 ἡμέραν
453 538 545 593 καὶ
571 538 709 609 μῆνα
736 538 827 601 τὰς
870 537 1153 607 γενομένας
1179 538 1479 608 ὁλοσχερεῖς
1513 535 1732 606 μεταδο.

1834 550 1924 591 eas
1968 534 2312 600 mutationes,
2348 549 2473 605 qua
2519 533 2750 590 maxime
2779 533 2923 589 circa
2942 533 3126 590 eadem
3156 535 3361 591 zodiaci

208 632 302 694 λάς
325 630 621 702 τοῦιάέρος,
649 631 981 701 πνευμάτων,
1016 628 1269 699 ὄμϐρων,
1310 627 1566 699 χαλάζης,
1600 644 1736 697 παρ·

208 724 443 775 ετίθεσαν
494 724 611 785 ταῖς
656 724 748 775 τοῦ
794 722 942 791 ἡλίου
990 722 1204 789 ὲποχαῖς
1231 720 1367 773 κατὰ
1417 718 1602 783 ζώδιον
1642 718 1735 773 καὶ

134 852 135 855 η
208 811 342 865 κατὰ
365 813 574 880 μοῖραν.
619 810 782 867 Τοῦτο
818 812 908 863 ἐπὶ
946 809 1158 862 πλείονα
1184 808 1275 879 ἔτη
1314 812 1734 880 παρατηρήσαν-

204 918 307 963 τες,
338 900 433 963 τὰς
466 900 691 970 μάλιστα
734 901 861 971 περὶ
889 902 1011 963 τοὺς
1051 900 1242 962 αὐτοὺς
1280 898 1473 962 τόπους
1514 898 1604 951 τοῦ
1634 899 1736 963 ζω-

204 990 382 1044 διακοῦ
425 990 705 1061 γινομένας
746 990 1040 1061 μεταϐολὰς
1068 991 1124 1042 ὲν
1160 991 1269 1051 τοῖς
1309 990 1735 1059 παραπήγμασιν

206 1082 602 1152 ἁνεγρὰψαντο,
652 1083 750 1134 οὐκ
794 1082 899 1134 ἀπό
942 1097 1081 1142 τινος
1125 1080 1319 1150 τέχνης
1355 1079 1473 1132 οὐδὲ
1517 1079 1733 1150 μεθόδου

201 1171 501 1242 ὡρισμένης
554 1172 800 1235 λαϐόντες
849 1172 944 1241 τὴν
986 1170 1323 1241 ἀναγραφὴν,
1370 1168 1482 1222 ἀλλ’
1528 1170 1590 1221 ἐκ
1636 1169 1736 1239 τῆς
1780 1193 1785 1201 ‘

204 1262 390 1331 πείρας
415 1263 477 1315 τὸ
501 1264 798 1333 σύμφωνον,
832 1262 905 1323 ὡς
932 1261 1174 1329 ἔγγιστα,
1205 1260 1473 1323 λαϐόντες.
1523 1260 1734 1339 Ἐπειδὴ

203 1349 244 1380 ⁸³
269 1351 367 1401 οὐκ
389 1350 635 1403 ἐδύναντο
662 1350 772 1403 οὐθ’
806 1351 1036 1421 ἡμέραν,
1063 1348 1183 1402 οὔτε
1215 1350 1373 1420 μῆνα,
1418 1347 1538 1401 οὔτε
1563 1350 1736 1402 ἐνιαυ-

203 1440 285 1492 τὸν
310 1441 609 1509 ὡρισμένον
639 1440 961 1511 ἀναγράψαι,
1002 1442 1057 1492 ὲν
1085 1433 1128 1505 ᾧ
1162 1455 1213 1491 τι
1239 1436 1441 1492 τούτων
1482 1438 1737 1491 ἐπιτελεῖ-

204 1546 304 1594 ται,
354 1531 444 1583 διά
477 1532 535 1583 τὸ
572 1531 668 1593 τὰς
700 1532 869 1601 ἀρχάς
901 1531 1007 1582 τῶν
1042 1529 1297 1582 ἐνιαυτῶν
1344 1529 1417 1600 μὴ
1446 1529 1593 1600 παρὰ
1634 1531 1736 1584 πᾶ-

207 1634 282 1669 σιν
319 1615 577 1680 εἷναιτᾶις
609 1618 792 1681 αὐτὰς,
822 1620 951 1687 μηδὲ
999 1619 1118 1679 τοὺς
1161 1619 1329 1687 μῆνας
1375 1619 1498 1683 τοὺς
1543 1620 1736 1683 αὐτοὺς

208 1700 334 1757 εἶναι
361 1706 508 1775 παρὰ
547 1707 675 1758 πᾶσι
717 1710 833 1768 ταῖς
863 1706 1191 1776 ὀνομασίαις,
1226 1706 1357 1776 μηδὲ
1399 1706 1493 1770 τὰς
1533 1709 1738 1779 ἡμέρας

206 1795 396 1865 ὁμοίιος
436 1796 689 1865 ἄγεσθαι·
727 1798 1027 1867 ἱσταμένοις
1056 1798 1164 1850 τισὶ
1209 1798 1446 1868 σημείοις
1474 1798 1736 1867 ἠθέλησαν

1832 626 1947 680 loca
1976 626 2314 697 contingunt,
2340 625 2395 681 in
2434 625 2632 682 tabulis
2660 626 3119 695 conscripserunt,
3164 640 3273 682 non
3294 642 3361 684 ex

1830 726 1944 794 arte
1972 718 2171 789 aliqua,
2206 732 2378 789 neque
2413 733 2476 773 ex
2505 724 2651 773 certa
2680 717 2931 773 methodo
2959 725 3234 775 sumentes
3268 720 3381 795 de—V

1832 809 2196 877 scriptionem,
2228 809 2322 863 sed
2353 809 2422 863 ab
2449 809 2797 879 experientia,
2838 808 2891 862 id
2916 809 3059 878 quod
3091 807 3202 864 fere
3229 823 3364 865 con-

1830 899 1992 967 gruit,
2043 885 2336 954 sumentes.
2396 898 2531 953 Cum
2564 913 2691 954 vero
2726 903 2834 953 nim
2867 906 3086 969 possent
3124 900 3362 968 singulos

1831 989 1964 1053 dies,
1993 1003 2165 1058 neque
2184 1003 2416 1053 menses,
2444 991 2615 1058 neque
2641 1003 2812 1045 annos
2844 997 3020 1045 certos
3047 989 3361 1055 inscribere,

1830 1082 1885 1136 in
1911 1080 2107 1151 quibus
2126 1079 2319 1133 horum
2346 1077 2548 1150 aliquid
2574 1072 2979 1148 perﬁciebatur:
3006 1072 3073 1137 eo.
3093 1080 3237 1150 quod
3266 1082 3366 1135 ini-

1833 1173 1906 1225 tia
1945 1184 2204 1225 annorum
2243 1169 2383 1240 apud
2416 1184 2604 1225 omnes
2650 1185 2755 1224 non
2815 1171 2922 1226 sint
2952 1171 3159 1238 eadem,
3192 1187 3365 1242 neque

1832 1276 2045 1317 menses
2067 1262 2175 1317 sint
2201 1262 2341 1332 apud
2362 1275 2548 1315 omnes
2574 1261 2764 1317 iisdem
2789 1262 3252 1332 appellationibus,
3276 1279 3364 1317 ne-

1830 1370 1935 1423 que
1969 1355 2086 1410 dies
2122 1354 2368 1411 similiter
2416 1361 2694 1425 agantur;
2744 1354 2979 1410 immotis
3045 1356 3362 1426 quibusdam

1832 1445 2000 1513 signis
2061 1446 2345 1501 voluerunt
2405 1446 2761 1505 determinare
2811 1445 3135 1499 mutationes
3200 1447 3362 1502 aeris.

1796 1596 1799 1599 λ
1834 1533 1986 1596 Unde
2012 1546 2279 1590 astron
2312 1536 2544 1602 ortibus,
2577 1550 2698 1591 cum
2731 1536 2786 1590 hi
2813 1536 2869 1590 in
2897 1536 3228 1606 temporibus
3256 1537 3364 1591 sint

1833 1608 2191 1689 determinati,
2223 1626 2548 1680 mutationes
2573 1626 2715 1681 aeris
2737 1624 2899 1692 ﬁunt;
2923 1640 3030 1680 non
3058 1625 3200 1696 quod
3216 1633 3387 1680 nstra,

1837 1716 1939 1769 vim
1965 1715 2194 1770 habeant
2221 1715 2289 1770 ad
2317 1716 2664 1771 mutationem
2688 1725 2966 1772 ventorum
2998 1723 3052 1771 et
3091 1716 3362 1775 imbrium.

1837 1805 1932 1859 sed
1958 1805 2102 1875 quod
2130 1805 2265 1876 signi
2293 1805 2462 1875 gratia
2487 1815 2759 1876 assumpta
2781 1807 2888 1861 sint
2916 1806 2982 1861 ad
3004 1808 3125 1871 hoc,
3154 1813 3212 1860 ut
3237 1820 3367 1875 pras-

208 1885 449 1954 ἁφορίσαι
480 1884 575 1947 τὰς
607 1885 898 1954 μεταϐολὰς
934 1886 1025 1939 τοῦ
1058 1887 1236 1956 ἀέρος.
1264 1886 1423 1955 ⁴Ὅθεν
1468 1892 1586 1951 ταῖς
1628 1889 1735 1943 τῶν

1835 1867 2222 1963 cognoscamus
2260 1867 2400 1949 aeris
2431 1867 2758 1948 an‘ectiones.
2821 1892 2887 1947 Et
2915 1902 2972 1949 ut
3016 1867 3254 1964 lampas;
3270 1910 3364 1950 seu

210 1974 412 2046 ἄστρων
440 1977 710 2039 ἐπιτολαῖς
750 1978 886 2030 κατὰ
929 1978 1053 2041 τοὺς
1092 1980 1309 2049 καιροὺς
1340 1979 1736 2050 ἀφωρισμέναις

211 2066 263 2116 αἱ
321 2066 604 2133 μεταϐολαὶ
650 2067 741 2119 τοῦ
788 2067 953 2137 ’ἀέρος
1017 2068 1279 2135 γίνονται,
1332 2070 1427 2139 οὐχ
1487 2070 1563 2132 ὡς
1629 2069 1735 2122 τῶν

212 2155 412 2225 ἄστρων
452 2155 674 2225 δύναμιν
724 2158 949 2226 ἐχόντων
988 2160 1122 2229 πρὸς
1158 2158 1253 2229 τὴν
1302 2160 1594 2230 μεταϐολὴν
1632 2159 1737 2212 τῶν

214 2246 519 2313 πνευμάτων
549 2246 640 2296 καὶ
680 2245 786 2299 τῶν
815 2247 1053 2318 ὄμϐρων,
1087 2248 1198 2300 ἀλλ’
1225 2248 1299 2311 ὡς
1336 2250 1555 2319 σημείου
1584 2250 1738 2319 χάριν

215 2334 649 2405 παρειλημμένων
673 2337 807 2406 πρὸς
823 2338 884 2389 τὸ
904 2338 1289 2408 προγινώσκειν
1314 2340 1457 2408 ἡμᾶς
1474 2338 1571 2401 τὰς
1613 2342 1740 2412 περὶ

216 2428 296 2478 τὸν
317 2426 451 2496 άὲρα
478 2429 837 2498 περιστάσεις.
869 2431 975 2481 Καὶ
1003 2428 1189 2498 ὥσπερ
1225 2431 1253 2481 ὁ
1286 2429 1484 2499 πυρσὸς
1507 2430 1604 2491 οὐκ
1640 2433 1737 2484 αὐ-

220 2517 299 2576 τός
355 2518 465 2568 ἐστι
513 2517 795 2586 παραίτιος
846 2517 940 2587 τῆς
993 2516 1291 2586 πολεμικῆς
1353 2518 1737 2588 περιστάσεως,

224 2605 342 2660 ἀλλὰ
386 2607 604 2675 σημεῖόν
657 2609 769 2659 ἐστι
818 2607 1103 2677 πολεμικοῦ
1160 2607 1384 2677 καιροῦο
1428 2607 1520 2660 τὸν
1579 2609 1739 2664 αὐτὸν

228 2696 401 2763 τρόπον
428 2697 519 2749 καὶ
548 2700 603 2748 αἰ
641 2697 745 2750 τῶν
780 2697 988 2767 ἄστρων
1019 2697 1255 2751 ὲπιτολαλ⁵
1291 2699 1389 2750 οὐκ
1420 2698 1576 2751 αὐταὶ
1599 2716 1739 2770 παρέ

236 2786 374 2838 αἰτιοί
405 2790 499 2840 είσι
544 2788 651 2841 τῶν
684 2791 809 2859 περὶ
848 2790 936 2841 τὸν
965 2790 1102 2860 ἀέρα.
1134 2789 1458 2860 μεταϐολῶν,
1488 2790 1619 2844 ἀλλὰ
1650 2807 1743 2861 ση-

241 2880 348 2944 μεῖα
375 2878 629 2933 ἔκκεινται
674 2880 779 2932 τῶν
826 2880 1075 2933 τοιούτων
1107 2882 1488 2952 περιστάσεων.
1532 2884 1594 2936 υἱ
1637 2884 1743 2954 γὰρ

234 2968 315 3019 ἀπ’
353 2970 516 3039 ἀρχῆς
572 2971 1047 3040 παρατηρήσαντες
1105 2973 1196 3024 καὶ
1254 2972 1634 3042 συνταξάμενοι
1676 2974 1743 3028 τὰ

231 3062 637 3129 παραπήγματα,
671 3059 1011 3124 ἐξετάσαντες
1038 3062 1161 3123 τοὺς
1186 3061 1382 3125 τόπους
1420 3063 1512 3115 τοῦ
1555 3062 1743 3127 ζωδια-

225 3147 309 3200 κοῦ
338 3149 550 3212 κύκλου,
582 3151 638 3201 ὲν
668 3143 746 3211 οἷς
778 3148 866 3212 ὡς
894 3148 1091 3202 ἐπίπαν
1124 3150 1180 3202 αἱ
1221 3150 1509 3220 μεταϐολαὶ
1534 3150 1624 3203 τοῦ
1651 3151 1742 3204 άέι

223 3254 306 3307 ρος
342 3238 590 3308 γίνονται,
623 3240 982 3310 ὲπεσκέψαντο
1014 3241 1149 3294 κατὰ
1186 3241 1308 3305 τοὺς
1355 3241 1571 3313 χρόνους
1617 3241 1739 3294 τού-

218 3343 330 3389 τους
370 3329 488 3381 τίνα
516 3327 621 3381 τῶν
672 3329 878 3401 ἄστρων
920 3330 1211 3393 ἀνατέλλει,
1250 3331 1283 3402 ἢ
1335 3331 1737 3400 συγκαταδύνει,

220 3418 303 3467 καὶ
331 3421 449 3480 ταῖς
472 3418 563 3470 τού
574 3434 669 3473 των
697 3419 963 3482 ὲπιτολαῖς
990 3421 1080 3472 καὶ
1108 3420 1288 3473 δύσεσι
1321 3421 1561 3491 σημείοις
1588 3422 1742 3493 ἐχρή-

1833 1979 1943 2055 fax,
1976 1996 2084 2035 non
2114 1983 2231 2051 ipsa
2261 1990 2345 2039 est
2381 1997 2544 2038 causa
2590 1983 2767 2038 bellici
2794 1990 2989 2049 motus,
3020 1982 3115 2038 sed
3151 1985 3364 2054 signum

1832 2072 1916 2120 est
1940 2065 2114 2120 bellici
2142 2065 2247 2136 33
2273 2067 2524 2137 temporis
2560 2085 2574 2121 :
2606 2067 2679 2121 ita
2705 2073 2758 2123 et
2783 2074 3045 2123 astrorum
3078 2074 3229 2123 ortus
3258 2083 3366 2123 non

1836 2156 1936 2227 ipsi
1970 2162 2096 2209 sunt
2145 2170 2309 2210 causa
2356 2158 2708 2212 mutationum
2746 2159 2903 2225 aeris,
2955 2159 3047 2214 sed
3094 2161 3364 2230 proposita

1836 2255 1961 2302 sunt
1992 2248 2141 2317 signa
2170 2246 2363 2301 talium
2389 2246 2748 2303 aﬂ‘ectionum.
2797 2249 2929 2303 Nam
2954 2250 3046 2319 qui
3088 2264 3117 2303 a
3168 2249 3370 2321 princi-

1835 2336 1924 2404 pio
1968 2335 2387 2388 observaverunt
2435 2340 2489 2387 et
2528 2342 2942 2403 composuerunt
2968 2338 3177 2392 tabulas
3225 2337 3366 2400 illas.

1835 2427 2127 2495 exploratis
2162 2426 2297 2483 locis
2332 2425 2537 2480 zodiaci
2568 2424 2777 2488 circuli,
2812 2426 2866 2480 in
2895 2428 3090 2497 quibus
3115 2438 3175 2482 ut
3202 2430 3370 2499 pluri-

1838 2531 1981 2569 mum
2014 2517 2339 2571 mutationes
2376 2517 2516 2571 aeris
2547 2516 2705 2581 ﬁunt,
2742 2517 3220 2573 consideraverunt
3247 2533 3367 2589 qua

1837 2612 1982 2659 astra
2017 2594 2346 2674 temporib'us
2373 2607 2479 2662 illis
2497 2609 2761 2673 oriantur,
2786 2616 2878 2662 aut
2913 2610 3073 2664 snmul
3099 2608 3367 2673 occidant,

1836 2703 1996 2766 atque
2042 2698 2253 2764 horum,
2275 2697 2481 2751 ortibus
2508 2705 2562 2752 et
2606 2699 2891 2753 occasibus
2923 2713 3019 2768 pro
3050 2699 3216 2769 signis
3244 2708 3371 2755 sunt

1837 2782 1923 2842 uSi
1967 2786 2033 2841 ad
2060 2787 2523 2856 prtecognitionem
2551 2788 2960 2856 praedictorum.
3020 2789 3185 2847 Ortus
3226 2791 3370 2846 enim

1836 2892 1995 2934 veros
2035 2885 2089 2934 et
2136 2886 2361 2933 oceasus
2404 2879 2664 2950 contingit
2714 2888 2835 2934 esse
2882 2879 3179 2936 invisibiles
3220 2900 3234 2936 :
3277 2896 3372 2937 eos

1838 2984 1986 3034 vero,
2034 2969 2127 3040 qui
2156 2972 2502 3041 apparebant,
2559 2980 2711 3026 ortus
2747 2977 2800 3026 et
2846 2984 3091 3036 occasus,
3126 2980 3373 3041 poterant

1839 3058 2040 3121 videre,
2070 3067 2124 3113 et
2144 3048 2296 3114 'circa
2326 3068 2565 3130 tempora
2608 3059 2747 3115 dicta
2778 3061 3103 3125 discernere,
3135 3074 3200 3115 eo
3228 3061 3369 3130 quod
3428 3080 3437 3090 ε

1842 3145 2084 3202 Pleiades
2105 3149 2412 3204 occidentes
2434 3150 2660 3205 habeant
2688 3152 2849 3205 talem
2879 3150 3007 3218 vim,
3041 3158 3101 3206 ut
3138 3140 3385 3205 humidi;

1841 3247 2001 3293 tatem
2038 3240 2322 3309 quamdam
2363 3239 2507 3295 circa
2542 3255 2718 3296 aerem
2751 3250 3038 3311 generent;
3070 3251 3163 3296 aut
3182 3258 3372 3298 rursus

1840 3331 2074 3415 o'rientes
2102 3334 2303 3387 aestatis
2341 3331 2552 3386 initium
2578 3332 2894 3403 signiﬁcent.
2931 3321 3081 3389 Unde
3102 3342 3156 3389 et
3184 3333 3371 3390 Hesio-

1841 3420 1944 3476 dus
1968 3421 2160 3492 inquit:

214 3525 367 3566 σανσο
412 3514 490 3573 εἰς
530 3512 627 3581 τὴν
673 3513 974 3580 πρόγνωσιν
1012 3513 1118 3566 τῶν
1154 3515 1573 3585 προειρημένων.
1625 3514 1733 3579 Τὰς
1771 3516 1866 3586 μὲν
1897 3514 2003 3586 γὰρ
2053 3514 2311 3578 ἀνατολὰς
2342 3514 2439 3578 τὰς
2480 3515 2732 3587 ἀληθινὰς
2767 3519 2857 3570 καὶ
2911 3515 3087 3578 δύσεις
3134 3516 3372 3589 ἀθεωρη-

214 3620 332 3665 τους
369 3600 503 3656 εἶναι
532 3605 834 3673 συμϐέϐηκε
854 3623 869 3637 ·
900 3605 994 3687 “ad;
1024 3607 1077 3658 δὲ
1120 3610 1442 3678 φαινομένας
1480 3609 1735 3679 ἠδύναντο
1764 3611 1912 3681 ὀρᾷν,
1941 3610 2032 3662 καὶ
2062 3610 2186 3679 περὶ
2238 3608 2360 3671 τοὺς
2393 3608 2647 3678 ῥηθέντας
2702 3610 2921 3681 καιροὺς
2975 3610 3373 3681 διαλαμϐάνειν,

212 3697 289 3749 ὃτι
315 3698 368 3750 αί
401 3698 650 3768 Πλειάδες
679 3698 922 3753 δύνουσαι
956 3699 1133 3787 ἔχουσί
1166 3718 1286 3754 τινα
1338 3702 1585 3772 τοιαύτην
1635 3702 1876 3773 δύναμιν,
1913 3701 2049 3755 ὥστε
2082 3700 2343 3771 ὑγρασίαν
2396 3700 2515 3755 τινὰ
2544 3703 2669 3772 περὶ
2705 3702 2795 3755 τὸν
2850 3702 2986 3773 ἀέρα
3038 3705 3368 3777 άπογεννᾷν·

212 3789 245 3860 ἢ
277 3790 433 3844 πάλιν
458 3792 816 3846 ὲπιτέλλουσαι
845 3792 1028 3864 θέρους
1072 3794 1239 3865 ἀρχὴν
1273 3795 1723 3866 διασημαίνουσιν.
1751 3794 1908 3849 Ὅθεν
1938 3797 2029 3848 καὶ
2072 3794 2306 3857 Ἡσίοδός
2331 3810 2491 3864 φησι·

213 3905 519 3978 Πληῒὰὃων
562 3908 950 3978 Ἀτλαγενέων
997 3909 1500 3978 ἐπιτελλομενάων

406 3907 519 3973 δων
562 3908 950 3977 Ἀτλαγενέων
997 3909 1519 3977 ἐπιτελλομενάων,
1852 3909 2149 3965 Pleiadibus
2176 3909 2405 3963 Atlantis
2436 3907 2645 3977 ﬁliabus
2678 3876 2959 3962 orientibus

218 3976 479 4043 Ἀρχεσθ’
506 3976 751 4044 ἁμήτου⁴
772 3979 999 4046 ἀρότοιο
1024 3979 1108 4042 δὲ,
1132 3976 1565 4048 δυσάομενέων.

1790 4030 1791 4043 1
1848 3980 2020 4049 Incipe
2040 3995 2282 4034 messem:
2316 3976 2603 4033 arationem
2632 3992 2746 4031 vero
2777 3976 3122 4032 occidentibus

214 4085 283 4138 Οὐ
333 4086 418 4139 διά
468 4086 560 4155 τὴν
616 4087 707 4139 τοῦ
754 4087 946 4158 ἄστρου
1007 4089 1259 4159 δύναμιν·
1312 4088 1581 4152 παντελῶς
1610 4089 1742 4161 Δγάρ

1844 4091 1960 4146 Non
2006 4097 2222 4161 propter
2252 4090 2384 4143 astri
2416 4088 2522 4142 vim
2558 4088 2815 4142 :omnino
2860 4086 3001 4140 enim
3042 4085 3100 4141 id
3137 4093 3221 4141 est
3261 4097 3377 4143 stu-

212 4176 355 4227 ἐστιν
405 4174 743 4243 ἀπόπληκτον
762 4193 775 4204 ·
812 4178 921 4229 εἴτε
946 4178 1052 4249 γὰρ
1091 4179 1287 4249 πύρινά
1313 4182 1426 4232 ἐστι
1452 4179 1520 4233 τὰ
1549 4181 1738 4251 ἄστρα,

214 4263 320 4316 εἴτε
358 4264 588 4333 αἰθέρια,
614 4265 689 4327 ὡς
732 4266 953 4336 ἀρέσκει
978 4271 1104 4343 tto),
1147 4271 1317 4323 πάντα
1344 4271 1439 4341 τῆς
1466 4270 1629 4340 αὐτῆς
1656 4272 1746 4323 οὐ·

216 4354 333 4416 σίας
365 4356 459 4408 καὶ
490 4356 764 4428 δυνάμεως
794 4358 1167 4430 κεκοινώνηκε,
1209 4362 1298 4413 καὶ
1333 4361 1580 4431 οὐδεμίαν
1613 4378 1744 4430 συμ-

1845 4180 2027 4249 pidum
2054 4194 2073 4250 ε
2111 4180 2223 4233 sive
2265 4177 2408 4230 enim
2457 4177 2610 4246 ignea
2634 4182 2761 4231 sunt
2792 4184 2958 4240 astra,
2980 4175 3094 4231 sive
3121 4177 3372 4246 tetherea,
3452 4230 3455 4233 .

1846 4278 1906 4323 ut
1940 4271 2111 4339 placet
2161 4268 2429 4338 aliquibus
2452 4308 2468 4333 ,
2490 4268 2679 4321 omnia
2713 4267 2953 4325 eamdem
2993 4268 3282 4325 essentiam
3320 4277 3376 4325 et

1846 4360 1952 4413 vim
1987 4352 2175 4412 so‘rtita
2215 4365 2362 4423 sunt,
2389 4365 2443 4413 et
2480 4359 2681 4412 nullam
2709 4358 2909 4414 habent
2949 4368 3185 4413 mutuam
3229 4373 3377 4414 com-

214 4442 439 4498 πάθειαν
470 4446 579 4516 ἔχει
613 4446 745 4518 πρὸς
778 4448 956 4501 τὰὲπὶ
986 4450 1083 4519 τῆς
1109 4451 1211 4519 γῆς
1242 4450 1509 4520 γινόμενα.
1549 4452 1612 4504 Ἦ
1642 4450 1747 4521 γὰρ

1849 4450 2153 4517 passionem
2199 4460 2325 4519 erga
2374 4462 2438 4502 ea
2491 4464 2610 4519 quae
2654 4444 2711 4502 in
2752 4456 2893 4503 terra
2928 4448 3080 4502 ﬁunt.
3114 4446 3378 4505 Universa

189 4533 473 4603 ⁵σύμπασα
493 4537 811 4609 γῆ.κέντρου
842 4538 994 4606 λόγον
1025 4539 1133 4608 ἔχει
1166 4542 1299 4611 πρὸς
1326 4542 1423 4611 τὴν
1455 4540 1559 4594 τῶν
1581 4541 1749 4593 ἀπλα-

214 4622 316 4677 νῶν
349 4618 604 4696 σφαῖραν,
635 4629 727 4680 καὶ
768 4629 986 4694 οὐδεμία
1021 4631 1284 4698 ἀποφορὰ,
1318 4632 1437 4683 οὐδὲ
1481 4633 1747 4701 ἀπόρῤοια

213 4712 490 4769 διικνεῖται
543 4718 648 4770 άπὸ
691 4719 813 4771 τῶν
840 4720 1083 4775 ἀπλανῶν
1112 4721 1347 4789 ἀστέρων
1380 4720 1470 4772 ἐπὶ
1493 4720 1586 4791 τὴν
1623 4720 1744 4789 γῆν.

215 4798 338 4865 Πῶς
369 4804 699 4875 ὑποληπτέον
722 4807 939 4871 τούτους
970 4809 1181 4879 ὖμϐρων
1206 4810 1298 4859 καὶ
1321 4810 1636 4877 πνευμάτων
1657 4809 1750 4863 καὶ

214 4893 453 4963 χαλάζης
482 4896 791 4969 παραιτίους
822 4899 1075 4966 γίνεσθαι,
1105 4899 1197 4965 ἀφ’
1229 4891 1303 4951 ὧν
1343 4898 1562 4968 οὐδεμία
1595 4896 1751 4950 δύνα-

218 5001 305 5051 μις
341 4983 524 5037 πίπτει
556 4988 689 5057 πρὸς
716 4989 886 5058 ἡμᾶς
930 4989 1058 5040 Ἀπὸ
1092 4990 1186 5058 μὲν
1214 4988 1319 5058 γὰρ
1348 4988 1495 5058 ὴλίου
1532 4988 1623 5039 καὶ
1660 5005 1749 5039 σε-

213 5071 379 5143 λήνης
406 5074 677 5129 διικνεῖται
699 5080 731 5147 ὴ
752 5076 972 5147 δύναμις
998 5078 1091 5139 ἐπὶ,
1117 5078 1210 5148 τὴν
1233 5078 1332 5146 γῆν
1367 5076 1502 5130 κατὰ
1523 5074 1750 5147 τᾶς“με-

212 5162 467 5227 ταϐάσεις
491 5165 665 5219 αὐτῶν
703 5169 792 5220 καὶ
834 5166 1085 5238 μειζόνων
1134 5170 1226 5222 καὶ
1272 5168 1591 5221 ἐλαττόνων·
1625 5167 1749 5220 ὅθεν

213 5250 443 5322 εὔλογον
478 5254 611 5324 πρὸς
647 5258 877 5322 τούτους
913 5258 1245 5327 συμπάθειαν
1285 5255 1419 5311 εἶναι
1464 5259 1602 5311 κατὰ
1650 5257 1751 5328 τὴν

214 5341 443 5395 ἑκάστου
480 5344 701 5416 δύναμιν
744 5342 949 5400 αὐτῶνο
992 5350 1048 5403 αἱ
1088 5350 1143 5402 δὲ
1173 5351 1279 5403 τῶν
1308 5350 1555 5403 ἀπλανῶν
1590 5351 1753 5403 ἀστε-

219 5445 324 5500 ρων
366 5433 603 5488 ὲπιτολαὶ
654 5436 744 5490 καὶ
792 5438 966 5502 δύσεις
1018 5440 1238 5509 σημείου
1280 5441 1427 5504 τάξιν
1474 5440 1749 5511 ἐπέχουσι,

217 5517 463 5589 καθάπερ
507 5524 847 5596 προείπομεν.
901 5527 1058 5584 Ὅθεν
1105 5527 1219 5580 οὐδὲ
1275 5530 1606 5599 προληπτέω
1654 5528 1753 5592 τὰς

216 5608 385 5672 αὐτὰς
399 5611 755 5682 ἐπισημασίας
769 5615 1116 5671 ἐπιτελεῖσθαι
1128 5619 1189 5671 ὲκ
1204 5617 1309 5673 τῶν
1324 5618 1498 5673 αὐτῶν
1514 5618 1723 5688 ἄστρων
1736 5636 1749 5651 ·
1770 5692 1773 5693 ν

280 5740 328 5773 ⁸⁸
359 5741 403 5809 ί.
433 5744 549 5796 ἐπεὶ
575 5742 648 5798 δέ.
680 5772 682 5775 -
774 5792 775 5797 η

1845 4540 1986 4592 enim
2017 4546 2161 4593 terra
2194 4540 2363 4594 centri
2393 4528 2651 4595 rationem
2689 4538 2849 4593 habet
2895 4538 2963 4593 ad
3022 4539 3376 4595 inerrantium

1847 4629 2140 4699 sphaeram;
2206 4644 2307 4683 nec
2344 4629 2450 4682 ulla
2497 4628 2578 4684 vis
2628 4636 2885 4684 ‘emanans
2923 4636 3015 4682 aut
3042 4620 3377 4699 proﬂuvium
3490 4680 3497 4681 ,

1846 4720 2087 4789 pervenit
2125 4718 2194 4773 ab
2235 4718 2598 4773 inerrantibus
2644 4718 2813 4773 stellis
2856 4718 2920 4772 ad
2970 4728 3189 4774 terram.
3227 4716 3375 4782 Quo-

1847 4813 2005 4865 modo
2033 4810 2346 4881 'putandum
2374 4817 2457 4864 est
2502 4808 2602 4865 has
2624 4808 2890 4885 imbrium
2917 4816 2972 4863 et
3021 4815 3300 4862 ventorum
3324 4814 3379 4860 et

1847 4902 2166 4974 grandinum
2213 4914 2406 4957 causas
2457 4914 2599 4964 esse,
2627 4915 2659 4954 a
2691 4901 2886 4971 quibus
2921 4899 3064 4953 nulla
3101 4898 3180 4952 vis
3228 4897 3377 4951 cadit

1849 4980 1919 5046 ad
1963 4991 2095 5047 nos?
2134 4990 2268 5045 Nam
2299 5005 2331 5044 a
2361 4992 2473 5047 sole
2513 4990 2729 5061 quidem
2774 5000 2829 5045 et
2855 4990 2983 5043 luna
3021 4988 3264 5058 pervenit
3294 4988 3377 5043 vis

1851 5080 1915 5133 ad
1949 5089 2145 5134 terram
2174 5081 2467 5134 secundum
2501 5080 2762 5133 transitus
2787 5091 2973 5131 eorum
3028 5084 3083 5131 et
3112 5076 3376 5147 majorum

1849 5177 1901 5224 et
1937 5170 2224 5223 minorum.
2266 5168 2417 5224 Unde
2466 5175 2879 5223 consentaneum
2915 5172 3001 5221 est
3051 5173 3208 5220 terra
3252 5178 3375 5219 cum

1850 5261 1934 5315 his
1958 5275 2078 5317 esse
2112 5266 2350 5313 mutuam
2394 5258 2801 5313 consensionem
2832 5256 3123 5312 secundum
3151 5255 3257 5309 vim
3281 5269 3381 5309 cu-

1847 5353 2043 5421 jusque
2094 5366 2298 5415 eorum.
2331 5349 2692 5406 lnerrantium
2736 5364 2865 5405 vero
2908 5347 3181 5403 stellarum
3226 5352 3381 5400 ortus
3450 5346 3456 5351 ’

1850 5451 1903 5498 et
1929 5458 2157 5498 occasus
2188 5443 2329 5513 signi
2364 5441 2627 5497 rationem
2658 5441 2922 5503 obtinent,
2954 5440 3096 5495 sicut
3125 5435 3379 5508 praedixi-

1851 5545 1993 5584 mus.
2042 5528 2195 5585 Unde
2244 5546 2313 5586 nc
2364 5530 2705 5586 statuendum
2756 5527 2973 5599 quidem
3022 5534 3107 5581 est
3163 5523 3381 5580 easdem

1854 5616 2478 5692 signiﬁcationesneriici
2507 5633 2572 5675 ex
2603 5616 2791 5675 iisdem
2818 5617 3015 5683 astris;
3071 5613 3168 5670 sed
3190 5627 3383 5677 secun-
