4100 6316
781 379 884 436 ειτ

1737 375 1826 429 AD
1855 356 2123 431 Eusenu
2155 372 2549 433 CHRONICON
2590 373 2946 431 APPENDIX.

3793 386 3872 442 διε

712 505 718 509 ’
777 499 903 551 dum
953 493 1261 551 eorumdem
1310 495 1584 549 climatum
1632 493 1937 559 varietates,
1970 495 2211 550 diversos
2257 503 2310 549 et

2257 503 2310 549 et
2339 501 2383 558 Α
2410 493 2541 548 ἁλλά
2582 495 2718 548 κατά
2755 479 2872 558 ’τάς
2923 494 3027 548 τῶν
3081 494 3254 549 αὐτῶν
3287 495 3546 566 κλιμάτων
3585 499 3875 571 παραλλαγὰς

776 599 928 644 ortus
959 596 1011 644 et
1039 602 1266 642 occasus
1297 595 1564 642 astrorum
1594 586 1726 652 fieri,
1770 595 1821 642 et
1853 587 2066 657 quidem
2093 588 2146 641 in
2177 602 2304 657 quo-
2356 635 2368 651 ,

775 665 904 735 iith
952 680 1230 734 horizonte
1289 678 1504 749 propria
1552 679 1703 748 signa
1751 678 1948 733 habere
1999 679 2309 733 mutationis

772 772 935 825 aeris.
967 770 1108 823 idem
1135 769 1278 822 enim
1318 784 1639 839 parapegma
1667 783 1770 822 non
1804 775 1978 838 potest
2011 784 2309 839 congruere

774 862 828 915 in
880 861 1011 916 urbe
1050 859 1240 923 Roma,
1279 869 1332 914 et
1380 862 1433 914 in
1485 859 1675 923 Ponto,
1703 867 1756 914 et
1797 859 1850 914 in
1900 844 2111 923 Rhedo,
2147 869 2199 914 et
2254 863 2309 914 in

774 957 906 1009 urbe
934 954 1307 1018 Alexandriae;
1339 952 1432 1007 sed
1472 967 1689 1007 necesse
1725 959 1806 1006 est
1848 959 1905 1005 ut
1945 952 2172 1006 diversae
2201 951 2309 1006 sint

773 1047 1174 1100 observationes
1219 1045 1272 1098 in
1308 1044 1534 1100 diversis
1563 1043 1936 1099 horizontibus
1956 1083 1971 1106 ,
2002 1051 2056 1096 et
2088 1044 2145 1098 in
2177 1059 2307 1114 qua-

772 1137 900 1191 libet
929 1137 1060 1191 urbe
1088 1137 1190 1190 alia
1233 1141 1514 1192 sumantur
1547 1142 1693 1189 astra
1749 1133 2304 1204 significationesefli-

770 1229 985 1284 cientia.

844 1314 992 1368 Unde
1017 1315 1354 1370 manifestum
1388 1314 1626 1384 estquod
1660 1330 1766 1368 non
1792 1314 2107 1368 naturaliter
2130 1321 2304 1369 astro-

708 1431 713 1437 ·
767 1419 888 1458 rum
921 1413 1072 1459 ortus
1115 1413 1167 1460 et
1196 1420 1422 1460 occasus
1461 1404 1769 1459 affectiones
1823 1405 1961 1459 aeris
2010 1414 2300 1474 generem;

769 1495 860 1550 sed
888 1497 1027 1566 quod
1059 1497 1111 1550 in
1143 1498 1381 1566 quolibet
1409 1496 1688 1550 horizonte
1713 1495 1936 1550 diversae
1969 1481 2304 1551 fiant'obser-

765 1589 1009 1644 rationes
1041 1595 1093 1641 et
1151 1603 1333 1642 aerum
1365 1588 1702 1642 mutationes.
1741 1585 2097 1654 Quamobrem
2130 1603 2301 1657 neque

763 1693 952 1732 omnes
976 1676 1393 1746 significationes
1423 1677 1476 1729 in
1501 1677 1709 1731 tabulas
1736 1678 1915 1730 relatae
1939 1690 2149 1744 semper
2170 1689 2300 1729 con-

762 1777 992 1838 gruunt;
1031 1768 1124 1822 sed
1156 1768 1422 1821 interdum
1461 1770 1833 1823 universaliter
1864 1783 1972 1821 non
2006 1766 2137 1822 fiunt
2166 1783 2179 1819 :
2205 1767 2297 1822 sed

2409 585 2691 657 διαφόρους
2745 588 2837 639 καὶ
2889 586 2987 649 τὰς
3035 585 3279 649 ἐπιτολάς
3330 589 3419 641 καὶ
3458 588 3551 652 τὰς
3599 589 3752 654 δύσεις
3791 592 3875 645 τῶν

2408 678 2616 748 ἄστρων
2645 677 2899 744 γίνεσθαι.
2936 678 3043 730 Καὶ
3068 677 3130 748 δὴ
3157 677 3276 729 καθ’
3313 677 3528 732 ἕκαστον
3559 680 3773 752 ὁρίζοντα
3795 682 3876 735 ἴδια

2411 770 2604 838 σημεῖα
2651 768 2790 838 ἔχειν
2816 768 2912 838 τῆς
2940 768 3064 838 περὶ
3098 769 3186 820 τὸν
3212 769 3344 838 ἀέρα
3387 759 3679 839 μεταϐολῆς.
3714 773 3773 824 Τὸ
3794 772 3875 843 γὰρ

2407 851 2535 911 αὑτό
2567 859 2901 930 παράπηγμα
2919 861 2976 911 οὐ
2997 859 3211 912 δύναται
3261 864 3551 928 συμφωνεῖν
3572 863 3622 912 ἐν
3645 865 3701 932 τῇ
3729 863 3876 936 Ῥώμῃ

2406 953 2497 1004 καὶ
2516 953 2570 1005 ὲν
2588 951 2662 1021 τῷ
2693 952 2894 1022 Πόντῳ,
2925 953 3015 1004 καὶ
3046 953 3102 1004 ἐν
3136 951 3314 1021 Ῥόδῳ,
3341 951 3426 1004 καὶ
3454 953 3508 1005 ἐν
3538 953 3865 1024 Ἀλεξανδρείᾳ·

2405 1042 2538 1095 ἀλλά
2583 1043 2790 1111 ἀνάγκη
2836 1043 3118 1114 διαφόρους
3156 1043 3252 1106 τὰς
3281 1045 3663 1113 παρατηρήσεις
3698 1041 3810 1098 εἶναι
3835 1048 3874 1098 ἐν

2403 1132 2669 1204 διαφόροις
2717 1133 2969 1202 ὁρίζουσι,
3011 1135 3101 1187 καί
3140 1133 3257 1187 καθ’
3295 1135 3524 1205 ἑκάστην
3576 1137 3711 1187 πόλιν
3750 1137 3872 1206 ἐτερσ

2403 1225 2763 1296 λαμϐάνεσθαι
2792 1225 2963 1296 ἄστρα
2995 1225 3352 1302 ἐπισημασίας
3381 1225 3720 1280 ἐπιτελοῦντα.

2430 1302 2452 1317 λ
2486 1315 2571 1381 Ἐξ
2601 1310 2660 1370 οὗ
2691 1317 2938 1386 φανερὸν,
2968 1317 3047 1368 ὅτι
3083 1317 3142 1369 οὐ
3194 1318 3431 1386 φυσικῶς
3472 1319 3523 1369 αἱ
3561 1318 3659 1369 τῶν
3707 1317 3871 1388 ἄστρων

2402 1405 2639 1460 ἐπιτολαὶ
2674 1407 2767 1460 καὶ
2797 1407 2974 1470 δύσεις
2996 1407 3062 1460 τὰ
3088 1409 3211 1478 περὶ
3248 1409 3336 1460 τὸν
3368 1409 3501 1478 ἀέρα
3541 1409 3674 1478 πάθη
3692 1410 3862 1478 ἀπογεν-

2403 1500 2578 1554 νῶσιν·
2612 1497 2744 1551 ἀλλὰ
2768 1498 2884 1550 καθ’
2907 1499 3128 1552 ἕκαστον
3159 1498 3400 1570 ὁρίζοντα
3427 1499 3655 1571 διάφοροι
3685 1518 3868 1570 παρατηο

2405 1591 2585 1661 ρήσεις
2611 1589 2878 1656 γεγόνασι,
2899 1590 2991 1643 καὶ⁵
3035 1590 3142 1643 τῶν
3176 1591 3348 1662 ἀέρων
3395 1591 3687 1660 μεταϐολαί.
3723 1593 3870 1662 Διόπερ

2398 1681 2516 1733 οὐδὲ
2551 1681 2715 1733 πᾶσαι
2744 1679 3115 1750 ἐπισημασίαι,
3134 1681 3191 1732 ἐν
3222 1683 3331 1742 τοῖς
3353 1682 3756 1752 παραπήγμασιν
3782 1683 3858 1748 ἀγό

2402 1790 2573 1842 μεναι,
2603 1771 2686 1826 ἀεὶ
2730 1772 3121 1840 συμφωνοῦσιν*
3168 1773 3277 1824 ἀλλ’
3309 1773 3424 1825 ἔστι
3457 1773 3549 1842 μὲν
3591 1774 3669 1825 ὅτε
3695 1773 3874 1825 καθόλου

759 1861 853 1929 qui
888 1861 1150 1915 maximas
1175 1866 1524 1932 tempestates
1555 1859 2018 1929 comprehendunt
2047 1867 2198 1914 ortus
2245 1868 2297 1913 et
2328 1843 2368 1897 Β

2251 1868 2297 1913 ει
2328 1843 2368 1897 Β
2396 1865 2455 1917 οὐ
2490 1862 2741 1937 γίνονται,
2775 1863 2909 1915 ἀλλά
2944 1862 3067 1924 τοὺς
3112 1863 3396 1931 μεγίστους
3441 1863 3756 1933 περιέχουσαι
3788 1880 3870 1932 χει-

765 1965 1032 2017 occasus,
1091 1953 1144 2006 hi
1209 1953 1443 2008 efﬁciunt
1503 1952 1818 2006 serenitates
1860 1970 1872 2005 :
1914 1950 2179 2006 interdum
2241 1950 2296 2004 in

766 2045 894 2099 urbe
921 2045 1182 2100 serenitas
1214 2043 1495 2112 contingit,
1523 2043 1577 2094 in
1607 2042 1750 2112 agris
1782 2041 1969 2095 imber.
1998 2039 2145 2111 Saepe
2176 2050 2296 2111 post

759 2135 874 2191 dies
925 2145 1036 2190 tres
1081 2142 1170 2188 aut
1200 2143 1430 2204 quatuor
1488 2134 1682 2203 aliquis
1713 2133 2031 2204 significavit
2062 2149 2154 2202 per
2203 2147 2294 2186 or-

757 2234 872 2280 tum
925 2235 1015 2280 aut
1040 2240 1289 2280 occasum
1340 2227 1470 2280 astri
1507 2230 1856 2278 mutationem
1908 2227 2045 2276 aeris
2081 2239 2094 2275 ξ
2131 2227 2298 2275 inter-

756 2319 884 2372 dum
935 2319 1223 2372 antevertit
1283 2317 1730 2387 significationem
1793 2315 1982 2369 diebus
2035 2322 2287 2383 quatuor.

757 2411 910 2466 Unde
939 2411 1029 2481 qui
1065 2411 1317 2466 aberrant
1361 2411 1413 2461 in
1458 2407 1894 2476 prazdictionibus
1945 2405 2292 2476 significatio-

757 2515 888 2554 num
920 2539 934 2563 ,
989 2500 1188 2553 habent
1238 2502 1672 2560 excusationem,
1735 2497 1875 2566 quod
1930 2496 2293 2566 anticiparunt

753 2590 1221 2661 significationem,
1251 2605 1314 2643 eo
1340 2587 1480 2658 quod
1506 2588 1772 2658 posterius
1795 2596 1877 2643 est
1906 2587 2069 2642 facta.

821 2681 896 2735 Ex
926 2682 1122 2751 quibus
1165 2682 1414 2737 omnibus
1464 2680 1807 2736 manifestum
1861 2689 1944 2736 est
1989 2683 2129 2752 quod
2173 2699 2290 2753 quae

751 2775 818 2829 ad
850 2775 1270 2845 significationes
1309 2783 1571 2845 spectant,
1625 2790 1688 2830 ea
1719 2776 1774 2828 in
1806 2775 2006 2830 tabulis
2036 2776 2155 2830 rudi
2187 2776 2288 2829 Mi-

749 2883 909 2922 nerva
932 2867 1040 2925 sint
1065 2867 1342 2936 inscripta,
1388 2881 1509 2920 eum
1547 2882 1652 2920 non
1685 2873 1800 2919 arte
1840 2867 2290 2943 quadam,_neque

749 2960 1071 3015 necessitate
1123 2960 1232 3013 sint
1255 2958 1447 3014 tradita
1472 2997 1486 3018 ,
1518 2956 1608 3011 sed
1643 2972 1704 3010 ex
1741 2958 1996 3011 continua
2031 2957 2288 3013 observa-

746 3051 895 3104 tione
937 3050 1218 3118 inscripta.
1257 3046 1382 3100 Eam
1410 3048 1478 3100 ob
1507 3062 1724 3102 causam
1754 3065 1895 3118 saepe
1928 3049 2040 3103 haec
2071 3051 2282 3105 fallunt.

746 3139 899 3196 Unde
928 3143 1184 3212 astrologi
1206 3156 1312 3196 non
1345 3143 1798 3213 suntaccusandi,
1839 3143 1885 3198 si
1918 3145 2286 3202 aberravcrint
2310 3177 2353 3234 ρ

743 3236 800 3295 in
834 3234 1334 3307 significationibus.
1370 3234 1423 3289 Si
1452 3251 1578 3290 vero
1608 3235 1832 3305 eclipsin
1857 3237 2155 3307 praedicens
2185 3240 2283 3293 ali-

743 3329 886 3397 quis,
922 3337 1013 3382 aut
1049 3336 1224 3381 ortum
1263 3327 1416 3390 astri,
1450 3328 1801 3391 aberraverit,
1839 3331 2030 3383 merito
2074 3341 2126 3383 et
2169 3339 2289 3384 stu-'

739 3419 980 3481 dium,et
1009 3419 1098 3488 qui
1148 3418 1276 3471 illud
1302 3425 1517 3480 tractat,
1552 3425 1895 3472 accusantur.
1921 3418 2110 3473 Omnia
2138 3422 2281 3476 enim

738 3527 858 3582 quae
884 3519 997 3566 arte
1032 3510 1316 3564 traduntur
1335 3511 1528 3564 debent
1572 3509 1902 3567 infallibilem
1926 3511 2122 3570 habere
2145 3528 2281 3584 prae—

735 3604 1046 3665 dictionem,
1071 3617 1163 3656 seu
1193 3586 1724 3656 enuntiationem.At
1751 3617 1812 3658 ea
1859 3618 1977 3673 qua:
2010 3604 2076 3657 ad
2113 3606 2279 3676 signi-

738 3692 1016 3750 ﬁcationes
1047 3702 1310 3763 spectant,
1341 3710 1511 3764 neque
1533 3710 1654 3748 cum
1685 3710 1747 3750 ea
1779 3697 2137 3767 asscquimur,
2157 3713 2279 3770 per-

739 3784 936 3840 fectam
966 3787 1174 3841 laudem
1202 3826 1215 3849 ,
1247 3803 1420 3857 neque
1457 3803 1578 3841 cum
1609 3789 1677 3843 ab
1719 3789 1784 3844 iis
1821 3771 2154 3856 aberram'us,
2188 3807 2278 3847 ac-

737 3877 1074 3932 cusationem
1145 3889 1436 3932 merentur.
1487 3879 1802 3948 Astrologiae
1837 3881 1980 3934 enim
2031 3883 2142 3936 haec
2195 3894 2277 3938 est

735 3969 978 4038 quredam
1001 3982 1126 4038 pars
1149 3984 1339 4038 expers
1366 3970 1498 4023 artis
1517 4009 1530 4032 ,
1561 3978 1614 4024 et
1645 3970 1864 4040 indigna
1897 3985 2016 4040 quae
2041 3971 2278 4041 profera-

735 4067 827 4115 tur
867 4061 919 4114 in
975 4060 1228 4115 medium.
1264 4062 1403 4118 Idem
1450 4061 1777 4132 opinandum
1826 4071 1910 4117 est
1945 4063 2059 4118 fieri
2116 4067 2276 4120 etiam

732 4155 879 4209 circa
901 4153 1065 4209 Canis
1095 4165 1293 4210 ortum.
1327 4153 1522 4210 Omnes
1553 4156 1694 4210 enim
1729 4163 1938 4225 putant,
1968 4157 2110 4213 hanc
2146 4157 2276 4224 stela-

733 4244 840 4300 Iam
871 4247 1140 4314 prepriam
1167 4246 1271 4298 vim
1309 4245 1523 4307 habere,
1550 4255 1600 4300 et
1629 4261 1846 4302 causam
1873 4262 1993 4302 esse
2022 4248 2275 4303 intensio-

731 4334 823 4390 nis
851 4342 1114 4398 aestuum,
1150 4349 1272 4388 cum
1319 4335 1478 4388 simul
1533 4335 1707 4389 oritur
1742 4351 1863 4391 eum
1904 4336 2035 4392 sole.
2071 4336 2138 4390 At
2172 4337 2274 4391 hoc

730 4440 841 4480 non
869 4425 943 4479 ita
966 4441 1024 4480 se
1067 4425 1259 4479 habet:
1293 4424 1386 4478 sed
1416 4425 1670 4494 quoniam
1697 4425 1849 4495 juxta
1879 4426 2270 4482 calidissimum

733 4526 948 4589 tempus
980 4516 1105 4569 anni
1141 4515 1253 4569 haec
1281 4514 1435 4569 stella
1473 4523 1651 4570 ortum
1703 4513 1952 4579 faciebat,
1987 4516 2147 4585 hujus
2175 4530 2271 4585 ap-
2303 4534 2350 4592 ι)

730 4608 996 4681 {mitione
1019 4609 1159 4663 aeris
1188 4609 1242 4662 in
1270 4618 1459 4662 aestum
1487 4607 1837 4662 mutationem
1876 4597 2154 4662 notarunt.
2177 4605 2273 4664 Est

729 4713 910 4758 autem
936 4704 1016 4756 sol
1038 4716 1200 4756 causa
1224 4700 1546 4756 intensionis
1577 4710 1824 4756 aestuum.
1857 4697 2098 4753 Primum
2128 4700 2273 4754 enim

729 4809 855 4849 cum
891 4809 954 4848 ex
1004 4793 1178 4846 hieme
1220 4793 1392 4846 simus
1420 4784 1709 4861 frigefacti,
1741 4791 2036 4846 secundum
2080 4803 2272 4860 appro-

731 4885 1135 4960 pinquationem
1173 4900 1292 4956 quae
1323 4883 1377 4937 fit
1413 4885 1478 4938 ad
1513 4898 1610 4937 nos
1633 4923 1646 4947 ,
1675 4883 1862 4954 incipit
1891 4897 1991 4938 nos
2019 4883 2100 4937 sol
2129 4882 2272 4936 cale-

730 4973 906 5037 facere
939 4967 1214 5036 :no'ndurn
1271 4985 1447 5032 tamen
1496 4975 1834 5032 manifestam
1869 4976 2028 5032 efﬁcit
2071 4974 2270 5030 calefa-

729 5075 983 5135 ctionem,
1018 5088 1139 5125 cum
1174 5071 1346 5124 adhuc
1377 5068 1696 5138 f‘rigefactio,
1725 5083 1843 5138 qua:
1870 5077 1952 5123 est
1974 5067 2040 5122 ab
2074 5067 2267 5130 hieme,

729 5167 1072 5237 permaneat;
1120 5180 1238 5218 cum
1269 5178 1395 5218 vero
1448 5161 1506 5215 tit
1554 5162 1930 5227 commoratio,
1973 5169 2026 5216 et
2059 5175 2269 5230 semper

730 5256 901 5327 magis
916 5253 1022 5326 35
1035 5247 1309 5323 magisque
1337 5254 1729 5323 appropinquat
1755 5252 1854 5317 sol,
1874 5253 2135 5324 contingit
2154 5250 2267 5306 fieri

728 5362 949 5403 sensum
975 5343 1375 5408 calefactionis;
1409 5345 1602 5400 deinde
1624 5345 1886 5414 contingit
1913 5345 1993 5400 bis
2022 5345 2087 5399 ad
2121 5360 2269 5398 eam-

726 5438 848 5493 dem
880 5437 1262 5491 habitationem
1291 5437 1546 5490 continuo
1569 5438 1734 5492 solem
1759 5435 2030 5492 accedere.
2059 5435 2268 5491 Etenim

726 5530 782 5586 in
807 5544 1094 5600 progressu
1127 5526 1193 5580 ad
1227 5529 1466 5581 aestivum
1504 5530 1767 5598 tropicum
1805 5527 2090 5587 circulum.
2126 5539 2179 5583 et
2209 5529 2268 5590 in

728 5638 970 5686 recessu,
1003 5638 1096 5692 per
1127 5620 1340 5676 easdem
1366 5621 1725 5676 habitationes
1757 5621 1947 5674 transit
1978 5622 2075 5675 sol.
2108 5617 2264 5676 Unde

726 5713 904 5766 evenit
950 5703 1166 5783 propter
1207 5728 1424 5767 causam
1467 5712 1608 5767 hanc
1658 5712 1991 5768 intensiones
2035 5723 2265 5768 aestuum

729 5802 861 5857 ﬁeri.
894 5800 1153 5858 Praeterea
1193 5817 1446 5859 accessus
1488 5803 1552 5857 ad
1593 5806 1834 5859 zestivum
1879 5805 2145 5874 tropicum
2209 5810 2262 5860 et

2399 1954 2579 2024 μῶνας
2610 1953 2848 2006 ἐπιτολαὶ
2876 1953 2964 2004 καὶ
2989 1952 3181 2016 δύσεις,
3211 1953 3382 2016 εὐδίας
3417 1954 3765 2008 ἀποτελοῦσιν·
3789 1955 3872 2006 ἐστι

2393 2047 2436 2099 δ’
2463 2049 2548 2100 ὅτε
2586 2046 2723 2099 κατά
2754 2046 2850 2116 μὲν
2890 2045 2983 2116 τὴν
3014 2046 3162 2098 πόλιν
3192 2046 3338 2098 εὐδία
3371 2047 3597 2114 ἐγένετο,
3625 2049 3705 2100 ἐπὶ
3734 2047 3868 2118 χώρας

2393 2140 2447 2192 δὲ
2496 2139 2725 2212 ὄμϐρος·
2781 2138 3031 2202 πολλάκις
3069 2139 3124 2193 δέ
3175 2157 3256 2201 τις
3304 2139 3420 2208 μεθ’
3452 2141 3651 2210 ἡμέρας
3691 2143 3805 2210 τρεῖς
3841 2140 3865 2208 ἢ

2396 2232 2662 2304 τέσσαρας
2720 2233 3026 2304 ἐπεσήμηνε
3075 2236 3140 2303 τῇ
3182 2232 3396 2304 ἐπιτολῇ
3443 2234 3475 2303 ἢ
3519 2235 3581 2302 τῇ
3627 2232 3750 2284 δύσει
3797 2230 3862 2283 τοῦ

2354 2389 2361 2398 νη
2394 2321 2592 2392 ἄστρου
2615 2339 2627 2352 ·
2657 2323 2768 2376 ἔστι
2804 2323 2858 2375 δὲ
2893 2325 2977 2376 ὅτε
3021 2323 3282 2395 προέλαϐε
3311 2325 3404 2393 τὴν
3445 2323 3768 2392 ἐπισημασίαν
3787 2318 3860 2389 πρὸ

2393 2413 2605 2484 ἡμερῶν
2653 2415 2941 2486 τεσσάρων.
2979 2415 3136 2470 Ὅθεν
3169 2416 3259 2469 καὶ
3291 2416 3338 2467 οἱ
3372 2416 3785 2485 ἀποτυγχάνοντες
3810 2413 3852 2463 ἐν

2390 2509 2504 2568 ταῖς
2525 2507 2854 2577 προρρήσεσι
2871 2507 2975 2559 τῶν
2998 2506 3370 2578 ἐπισημασιῶν
3390 2507 3600 2576 ἔχουσιν
3620 2504 3844 2570 ἀπολογίαν,

2391 2597 2784 2668 ὃτιιπροέλαϐον
2821 2598 2916 2668 τὴν
2947 2599 3328 2669 ἐπισημασίαν,
3352 2599 3436 2650 ὅτι
3466 2597 3656 2666 ὑστέρα
3685 2595 3842 2661 ἐγένετο.

2467 2689 2555 2752 Ἐξ
2583 2682 2654 2743 ὧν
2685 2691 2896 2743 πάντων
2936 2691 3180 2760 φανερὸν,
3216 2691 3295 2742 ὅτι
3331 2690 3397 2742 τὰ
3439 2689 3577 2744 κατά
3605 2690 3689 2750 τὰς
3718 2689 3848 2754 ἐπιση-

2392 2781 2586 2849 μασίας
2607 2783 2662 2832 ἐν
2685 2784 2793 2844 τοῖς
2827 2782 3254 2852 παραπήγμασιν
3278 2782 3702 2854 ὁλοσχερέστεροι)
3723 2777 3857 2844 ἀναγέ-

2388 2882 2645 2938 γραπται,
2673 2870 2731 2920 οὐ
2782 2868 2940 2941 τέχνῃ
2985 2871 3088 2921 τινὶ
3116 2869 3232 2923 οὐδὲ
3275 2870 3490 2944 ἀνάγκῃ
3526 2868 3858 2942 μεθοδευόμενα,

2387 2960 2495 3012 ἀλλ’
2527 2962 2590 3013 ἐκ
2609 2961 2704 3032 τῆς
2726 2960 2973 3032 συνεχοῦς
3003 2964 3430 3033 παρατηρήσεως
3459 2959 3860 3034 ἀναγεγραμμένα.

2386 3053 2474 3105 Διὸ
2520 3052 2772 3115 πολλάκις
2808 3053 3160 3123 διαψεύδεται.
3196 3054 3352 3108 Ὅθεν
3387 3055 3508 3108 οὐδὲ
3540 3048 3864 3126 κατηγορητέον

2386 3143 2498 3196 ἐστὶ
2520 3142 2624 3194 τῶν
2646 3143 3000 3214 ἀστρολόγων,
3018 3143 3109 3196 ἐὰν
3138 3145 3577 3214 ἀποτυγχάνωσιν
3599 3149 3650 3199 ἐν
3666 3147 3761 3205 ταῖς
3779 3144 3865 3193 ἐπι-

2389 3234 2695 3303 σημασίαις.
2744 3235 2864 3288 Ἐὰν
2915 3236 2958 3286 δ’
3001 3234 3234 3304 ἔκλειψιν
3267 3235 3541 3306 προειπών
3580 3234 3866 3305 τιςῆἐπιτο-

2384 3326 2479 3397 λὴν
2520 3325 2722 3398 ἄστρου
2766 3327 3054 3399 διαμάρτῃ,
3105 3327 3335 3396 εὐλόγως
3375 3330 3472 3382 καὶ
3502 3329 3563 3382 τὸ
3597 3326 3865 3397 ἐπιτήδευμα

2383 3419 2477 3470 καὶ
2533 3419 2560 3470 ὁ
2616 3417 3107 3490 μεταχειριζόμενος
3167 3418 3496 3492 κατηγορίας
3555 3419 3863 3490 ἀξιωθήσεται.

2385 3509 2562 3562 Πάντα
2615 3509 2721 3580 γὰρ
2761 3510 2918 3582 τέχνῃ
2954 3512 3337 3582 μεθοδευόμενα
3364 3513 3742 3585 άδιαμάρτητον
3762 3509 3866 3579 ἔχειν

2383 3601 2580 3668 ὀφείλει
2613 3602 2708 3674 τὴν
2734 3604 3017 3672 ἀπόφασιν.
3048 3605 3127 3656 Τὰ
3172 3605 3226 3658 δὲ
3274 3606 3399 3675 περὶ
3440 3606 3537 3669 τὰς
3566 3600 3864 3676 ἐπισημασίας

2383 3690 2489 3743 οὔτ’
2518 3693 2975 3764 ἐπιτυγχανόμενα
3002 3694 3258 3766 ὁλοσχερῆ
3290 3696 3378 3749 τὸν
3408 3697 3625 3751 ἔπαινον
3653 3696 3763 3765 ἔχει,
3784 3690 3864 3744 οὔτ’

2382 3776 2856 3852 ἀποτυγχανόμενα
2887 3784 3230 3854 κατηγορίαν.
3266 3786 3522 3856 Ἀτεχνον
3545 3786 3648 3855 γάρ
3669 3802 3714 3836 τι
3745 3781 3859 3852 μέρος

2381 3873 2496 3926 ἐστὶ
2522 3872 2674 3926 τοῦτο
2702 3873 2798 3942 τῆς
2830 3873 3196 3943 ἀστρολογίας,
3217 3877 3308 3928 καὶ
3327 3876 3427 3928 οὐκ
3460 3876 3607 3939 ἄξιον
3628 3873 3856 3945 προφορᾶςί

2381 3968 2452 4020 Τὸ
2478 3969 2534 4021 δὲ
2561 3955 2694 4020 αὑτὸ
2724 3967 3051 4038 ὑποληπτέον
3075 3968 3166 4020 και
3192 3967 3316 4038 περι
3348 3968 3444 4038 τὴν
3475 3969 3647 4032 Κυνὸς
3673 3963 3851 4032 ἐπιτολὴν

2381 4058 2637 4126 γίνεσθαι.
2661 4059 2864 4121 Πάντες
2887 4058 2993 4130 γάρ
3025 4058 3490 4128 ὑπολαμϐάνουσιν
3530 4062 3660 4116 ίδίαν
3693 4061 3855 4128 δύναμιν

2378 4149 2518 4220 ἔχειν
2566 4150 2652 4203 τὸν
2694 4151 2912 4220 ἀστέρα,
2950 4151 3042 4202 καὶ
3071 4151 3349 4222 παραίτιον
3388 4153 3632 4222 γίνεσθαι
3670 4152 3755 4222 τῆς
3786 4145 3860 4200 τῶν

2379 4243 2664 4313 καυμάτων
2715 4243 3006 4305 ἐπιτάσεως
3043 4244 3156 4312 ἅμα
3188 4245 3627 4300 συνεπιτέλλοντα
3648 4243 3718 4314 τῷ
3748 4241 3862 4314 ἡλίῳ.

2379 4333 2545 4386 Τοῦτο
2586 4334 2628 4386 δ’
2672 4334 2768 4386 οὐκ
2797 4333 2940 4386 ἐστιν
2965 4333 3133 4399 οὕτως
3172 4335 3288 4407 ἕχον
3308 4353 3321 4367 ο
3349 4337 3484 4390 άλλά
3517 4339 3645 4390 ἐπεὶ.
3665 4334 3782 4389 κατὰ
3802 4331 3866 4383 τὸν

2376 4423 2810 4494 πυροειδέστατον
2855 4425 3042 4494 καιρὸν
3083 4425 3174 4478 τοῦ
3226 4426 3466 4479 ἐνιαυτοῦ
3494 4422 3640 4488 οὗτος
3675 4427 3700 4477 ὁ
3735 4421 3868 4490 ἀστὴρ

2376 4510 2641 4575 ἐπέτελλε,
2668 4515 2731 4582 τῇ
2752 4512 2937 4566 τούτου
2967 4513 3122 4582 φάσει
3152 4513 3553 4584 ἐσημειώσαντο
3576 4515 3669 4585 τὴν
3696 4511 3807 4583 πρὸς
3825 4508 3869 4559 τὸ

2373 4607 2558 4678 καῦμα
2587 4607 2880 4680 μεταϐολὴν
2927 4608 3018 4661 τοῦ
3066 4609 3238 4680 ἀέρος.
3271 4609 3423 4662 Ἐστι
3451 4609 3508 4662 δέ
3535 4611 3564 4662 ὁ
3597 4610 3732 4679 ἥλιος
3759 4621 3868 4675 παρ-

2372 4700 2538 4762 αίτιος
2572 4703 2669 4771 τῆς
2711 4702 3004 4765 ἐπιτάσεως
3053 4703 3159 4755 τῶν
3199 4702 3509 4772 καυμάτων.
3547 4702 3751 4774 Πρῶτον
3793 4697 3869 4769 μὲν

2370 4792 2496 4863 γὰρ,
2524 4794 2587 4845 ἐκ
2611 4791 2702 4846 τοῦ
2725 4794 2986 4865 χειμῶνος
3012 4793 3427 4863 κατεψυγμένων
3458 4796 3490 4865 ἡ
3499 4794 3633 4864 μῶν,
3661 4791 3783 4846 κατά
3800 4788 3871 4841 τὸν

2373 4885 2726 4956 συνεγγισμὸν
2773 4885 2860 4939 τὸν
2901 4885 3034 4956 πρὸς
3075 4886 3222 4955 ἡμᾶς
3269 4886 3488 4957 ἄρχεται
3521 4889 3662 4958 ἡμᾶς
3687 4879 3871 4957 θερμαί·

2369 4994 2508 5030 νειν’
2547 4977 2697 5031 οΰπω
2739 4977 2794 5030 δὲ
2833 4976 3048 5048 ἔκδηλον
3080 4979 3221 5029 ποιεῖ
3243 4975 3339 5049 τὴν
3366 4977 3680 5050 θερμασίαν,
3703 4977 3772 5029 ἔτι
3793 4971 3872 5040 τῆς

2369 5069 2711 5139 καταψύξεως
2749 5069 2856 5124 ἀπὸ
2890 5067 2982 5122 τοῦ
3011 5060 3269 5139 χειμῶνος
3294 5070 3685 5140 διαμενούσης·
3716 5069 3870 5134 ἐπιμο-

2368 5160 2462 5230 νῆς
2489 5162 2544 5214 δὲ
2576 5162 2878 5231 γινομένης.
2913 5159 3006 5212 καὶ
3034 5159 3234 5230 μᾶλλον
3266 5162 3350 5213 ἀεὶ
3375 5162 3463 5214 καὶ
3492 5149 3870 5232 μᾶλλονσυνεγ·

2367 5251 2602 5318 γίζοντος
2644 5252 2736 5306 τοῦ
2767 5251 2934 5322 ἡλίου,
2976 5252 3291 5324 ἐπαίσθησιν
3333 5252 3610 5323 συμϐαίνει
3649 5250 3738 5319 τῆς
3767 5247 3868 5316 θερ-

2371 5347 2566 5413 μασίας
2596 5343 2853 5412 γίνεσθαι’
2874 5341 3058 5396 ἔπειτα
3093 5343 3371 5414 συμϐαίνει
3400 5345 3477 5406 δἰς
3499 5343 3590 5395 ἐπὶ
3620 5340 3710 5411 τὴν
3733 5338 3870 5406 αὐτὴν

2367 5434 2572 5505 οἴκησιν
2607 5435 2743 5489 κατά
2787 5434 2847 5486 τὸ
2889 5437 3099 5506 συνεχὲς
3149 5424 3451 5487 ἐπιϐάλλειν
3485 5433 3574 5485 τὸν
3604 5432 3760 5502 ἥλιον.
3783 5426 3870 5481 Καὶ

2367 5528 2471 5598 γάρ
2488 5531 2542 5580 ἐν
2553 5531 2618 5597 τῇ
2639 5527 2852 5597 παρόδῳ
2866 5529 2928 5597 τῇ
2949 5527 3079 5597 πρὸς
3095 5527 3182 5578 τὸν
3200 5526 3406 5597 θερινὸν
3425 5525 3672 5594 τροπικόν
3687 5518 3867 5576 κύκλον,

2366 5618 2456 5669 καὶ
2476 5618 2532 5670 ἐν
2548 5620 2611 5687 τῇ
2635 5618 2975 5688 ἀποχωρήσει
3010 5615 3103 5680 τὰς
3129 5613 3293 5677 αὑτάς
3316 5615 3549 5682 οἰκήσεις
3574 5605 3871 5684 παροδεύειὸ

2365 5709 2528 5779 ἣλιος.
2565 5709 2722 5762 Ὅθεν
2769 5711 3046 5782 συμϐαίνει
3091 5709 3176 5762 διά
3233 5707 3329 5776 τὴν
3380 5706 3550 5760 αἰτίαν
3576 5705 3764 5773 ταύτην
3790 5696 3869 5758 τὰς

2367 5805 2640 5867 ἐπιτάσεις
2679 5803 2786 5858 τῶν
2838 5804 3124 5874 καυμάτων
3157 5800 3414 5870 γίνεσθαι.
3451 5799 3650 5854 Ἔτιδέ
3681 5794 3763 5850 καὶ
3790 5788 3870 5851 τὰς
