4100 6316
178 482 283 539 849

1189 486 1421 545 GEMINI
1456 488 1817 545 ELEMENTA
1852 489 2333 547 ASTRONOMIE.

3256 494 3368 549 850

181 593 470 666 προσόδους
512 594 612 669 τάς
648 594 779 666 πρὸς
821 594 911 648 τὸν
958 594 1163 668 θερινὸν
1215 601 1464 671 τροπικὸν
1507 602 1597 653 καὶ
1636 602 1723 664 τάς

1836 618 2090 659 recessus
2140 619 2356 658 omnino
2395 613 2448 657 et
2499 604 2706 673 parvos‘
2756 609 2809 659 et
2853 585 3188 660 insensibiles
3239 620 3360 661 esse

179 686 554 755 ἀποχωρήσεις
587 686 784 757 μικράς
812 703 873 740 τε
896 689 1167 756 παντελῶς
1192 693 1283 744 καὶ
1305 691 1723 764 ἀνεπαισθήτους

180 771 314 842 ςῖναι
343 775 652 849 συμϐέϐηκε
671 794 684 806 ·
726 778 906 847 σχεδὸν
932 781 1040 851 γὰρ
1074 782 1156 849 ἐφ’
1188 784 1393 852 ἡμέρας
1435 792 1485 852 μ’
1514 785 1605 837 ἐπὶ
1632 785 1721 838 τοῦ

179 862 389 932 θερινοῦ
405 864 659 934 τροπικοῦ
678 866 874 919 κύκλου
896 867 991 938 τὴν
1019 869 1278 939 ἐπιμονὴν
1301 874 1548 926 ποιεῖται.
1568 874 1723 928 Ὅθεν

177 955 266 1005 καὶ
316 954 387 1008 τά
435 955 632 1027 μεγέθη
678 958 783 1010 τῶν
825 960 1040 1031 ἡμερῶν
1088 963 1212 1032 περὶ
1259 964 1356 1026 τὰς
1395 964 1595 1035 τροπάς
1632 967 1722 1018 άν-

177 1043 503 1114 επαίσθητον
524 1046 632 1116 ἔχει
652 1046 748 1117 τὴν
783 1048 1131 1121 παραύξησιν.
1152 1052 1297 1105 Ἐπεί
1314 1053 1367 1106 δὲ
1390 1054 1515 1125 περὶ
1536 1053 1720 1109 τοῦτον

176 1137 261 1189 τὸν
290 1138 481 1209 καιρὸν
505 1140 840 1195 ἐπέτελλενπ
869 1144 897 1195 ὀ
928 1144 1106 1208 Κύων,
1135 1149 1198 1217 τῇ
1233 1146 1416 1199 τούτου
1451 1148 1606 1215 φάσει
1629 1148 1720 1201 τὸν

176 1228 362 1297 καιρὸν
398 1229 795 1299 ἐσημειώσαντο
829 1234 926 1303 τῆς
958 1235 1063 1288 τῶν
1090 1237 1376 1307 καυμάτων
1404 1238 1716 1305 ἐπιτάσεωζ,

174 1320 263 1387 οὺχ
292 1318 370 1382 ὡς
400 1322 562 1376 αὐτοῦ
588 1322 678 1375 τοῦ
705 1325 901 1395 άστρου
947 1329 1228 1398 παραιτίου
1276 1330 1573 1399 γινομένου,
1606 1331 1716 1383 ἀλλ’

172 1407 242 1471 ὡς
271 1409 367 1461 τοῦ
403 1412 551 1481 ἡλίου
579 1413 673 1483 τὴν
703 1415 879 1468 αἰτίαν
906 1414 1139 1485 ἔχοντος,

241 1495 303 1547 Et
353 1496 455 1565 μὲν
500 1495 590 1551 οὖν
646 1500 721 1564 ὡς
758 1504 976 1571 σημεῖόν
1004 1522 1085 1569 τις
1112 1507 1368 1577 λαμϐάνει
1404 1514 1494 1567 τοῦ
1528 1516 1716 1585 καιροῦ

184 1601 275 1656 την
325 1585 423 1639 τοῦ
463 1588 631 1652 Κυνὸς
665 1593 929 1665 ἐπιτολὴν,
957 1597 1127 1667 ὀρθῶς
1168 1600 1442 1671 λαμϐάνει,
1474 1605 1716 1676 καθάπερ

176 1676 426 1749 Ὅμηρός
457 1696 614 1747 φησιν
638 1683 728 1735 ἐπὶ
756 1684 844 1737 τοῦ
871 1687 1041 1750 Κυνὸς
1071 1689 1235 1753 οὕτως
1253 1707 1266 1721 ·

449 1793 646 1846 Κακόν
669 1794 735 1848 δέ
761 1813 822 1849 τε
848 1795 1009 1867 σῆμα
1034 1801 1317 1857 τέτυκται.

1845 694 2120 764 contingit.
2178 692 2308 749 Fere
2336 695 2476 748 enim
2508 694 2573 748 ad
2603 693 2719 748 dies
2744 693 2812 748 40
2842 693 2895 747 in
2940 695 3121 749 aestivo
3152 694 3359 763 tropico

1838 787 2048 841 circulo.
2069 801 2273 840 moram
2306 786 2450 842 facit.
2470 784 2621 841 Unde
2648 794 2702 840 et
2723 786 3116 856 magnitudines
3154 786 3357 840 dierum

1827 878 1969 932 circa
1987 878 2217 934 solstitia
2247 879 2558 933 insensibile
2582 878 2776 933 habent
2802 878 3205 932 incrementum.
3224 876 3356 930 Cum

1837 984 1963 1024 vero
2008 970 2153 1023 circa
2204 970 2304 1024 hoc
2358 977 2572 1038 tempus
2610 979 2785 1022 ortum
2820 968 3018 1023 faceret
3043 967 3224 1030 Canis,
3262 966 3360 1019 hu-
3404 988 3411 1008 κ

1837 1059 1927 1128 jus
1957 1060 2291 1130 apparitione
2344 1059 2776 1129 signiﬁcaverunt
2810 1066 3017 1129 tempus
3043 1056 3357 1111 iutensionis

1833 1159 2102 1219 aestuum;
2148 1167 2255 1205 non
2278 1152 2420 1223 quod
2457 1153 2630 1221 ipsum
2679 1160 2880 1206 astrum
2915 1152 2985 1204 sit
3032 1148 3223 1215 causa,
3264 1144 3355 1202 sed

1827 1248 1969 1316 quod
2000 1248 2079 1302 so‘l
2112 1246 2251 1301 hanc
2278 1261 2495 1304 causam
2524 1245 2732 1300 haheat.

1911 1510 1964 1564 Si
1995 1510 2156 1582 igitur
2187 1511 2379 1581 aliquis
2415 1526 2512 1579 pro
2540 1511 2693 1581 signo
2717 1512 2969 1580 temporis
2999 1509 3226 1578 accipiat
3241 1508 3348 1562 Ca-

1820 1601 1904 1657 nis
1933 1612 2135 1667 ortum,
2163 1612 2310 1658 recte
2336 1604 2564 1673 accipit;
2600 1605 2737 1658 sicut
2761 1602 3025 1657 Homerus
3072 1601 3244 1670 inquit
3283 1600 3350 1655 de

1815 1693 1959 1747 Cane
1989 1693 2067 1747 sic
2084 1709 2097 1743 :

1919 1812 1929 1823 '
1956 1812 2157 1867 Malum
2185 1822 2356 1867 autem
2382 1815 2584 1884 signum
2611 1814 2807 1883 factum
2841 1821 2934 1866 est.

174 1900 241 1951 οὐ
272 1896 377 1969 Ϋὰρ
498 1902 629 1956 ἰδίαν
653 1905 873 1977 δύναμιν
898 1908 1106 1981 ἔχοντος
1133 1913 1291 1965 αὑτοῦ
1322 1915 1452 1984 πρὸς
1480 1917 1573 1986 τὴν
1595 1918 1711 1969 ἐπί-

1818 1922 1934 1976 Non
1969 1925 2109 1978 enim
2133 1925 2472 1995 cogitandum
2502 1936 2602 1989 est,
2632 1927 2785 1995 quasi
2818 1926 3083 1995 propriam
3108 1926 3213 1977 vim
3252 1925 3347 1979 ha-

173 2009 317 2048 ταπτ
355 1992 467 2048 τῶν
512 1995 827 2083 καυμάτων,
857 2000 967 2056 ἀλλ’
993 2004 1071 2068 ὡς
1108 2005 1327 2077 σημείου
1350 2008 1507 2083 χάριν
1526 2026 1711 2080 παρει-

175 2084 234 2153 λη
241 2086 459 2154 μμένου.
790 2080 797 2091 ⁸

241 2175 388 2229 Ὅσοι
448 2178 692 2246 μέντοιγε
747 2182 852 2234 τῶν
893 2186 1123 2255 ποιητῶν
1156 2190 1246 2241 καὶ
1282 2190 1577 2261 φιλοσόφων
1616 2194 1711 2264 τὴν

178 2262 388 2334 δύναμιν
445 2270 540 2336 τῆς
578 2272 870 2336 ὲπιτάσεως
920 2275 1025 2327 τῶν
1083 2280 1371 2348 καυμάτων
1436 2284 1511 2354 τῷ
1575 2287 1710 2339 Κυνὶ

182 2356 554 2423 προσάπτουσι,
592 2361 721 2412 πολὺ
766 2361 862 2431 τῆς
903 2363 1155 2435 ἀληθείας
1200 2373 1289 2421 καὶ
1338 2370 1432 2423 τοῦ
1484 2376 1708 2441 φυσικοῦ

182 2442 323 2512 λόγου
350 2449 746 2521 πεπλανημένοι
779 2453 929 2506 εἰσίν.
978 2455 1033 2508 Ὀ
1070 2457 1175 2528 γὰρ
1217 2460 1385 2533 ἀστὴρ
1421 2460 1571 2527 οὗτος
1612 2466 1709 2535 τῆς

185 2536 331 2605 αὐτῆς
378 2540 562 2603 οὐσίας
613 2542 969 2613 κεκοινώνηκε
1030 2550 1160 2601 πᾶσι
1187 2554 1297 2614 τοῖς
1327 2554 1558 2624 ἄστροις.
1588 2556 1708 2609 Εἴτε

188 2623 289 2717 γάρ,
324 2628 519 2698 πύρινά
567 2634 728 2698 ἐστιν,
775 2632 1016 2689 εἴτεῆκαὶ
1054 2640 1263 2711 αἰθέρια
1292 2644 1355 2696 τὰ
1386 2623 1576 2715 ἄστρα,
1612 2648 1707 2717 τὴν

194 2713 333 2784 αὐτὴν
370 2718 480 2788 ἔχει
526 2719 747 2791 δύναμιν
780 2726 972 2792 πάντα,
1000 2730 1089 2782 καὶ
1126 2732 1321 2799 ὀφείλει
1357 2713 1707 2806 κατακρατεί-

201 2803 303 2857 σθαι
331 2808 421 2860 ὑπὸ
452 2810 544 2862 τοῦ
578 2812 806 2883 πλήθους
840 2817 946 2870 τῶν
974 2821 1181 2893 ἄστρων
1217 2824 1248 2893 ἡ
1281 2825 1386 2877 ἀπὸ
1410 2824 1500 2877 τοῦ
1533 2803 1707 2891 Κυνὸς

205 2895 437 2967 ἀποφορὰ.
478 2902 587 2954 Καὶ
629 2903 733 2975 γὰρ
763 2906 838 2975 τῷ
872 2910 1084 2978 μεγέθει
1120 2914 1357 2981 μείζονες
1393 2917 1549 2971 αὐτοῦ
1576 2920 1707 2973 εἰσιν

194 2984 358 3054 ἕτεροι,
395 2991 487 3041 καὶ
517 2991 593 3061 τῷ
630 2994 819 3063 πλήθει
848 2997 1076 3070 ἄπειροι.
1107 3003 1167 3053 El
1209 3001 1297 3057 οὖν
1348 3007 1405 3070 ἐξ
1461 3010 1706 3063 ἁπάντων

188 3073 336 3166 αυτῶν
358 3078 389 3146 η
413 3078 635 3150 δύναμις
660 3083 717 3134 οὺ
744 3084 1012 3141 διικνεῖται
1044 3091 1198 3162 μέχρι
1231 3093 1327 3163 τῆς
1350 3097 1467 3166 γῆς,
1489 3099 1604 3152 οὐδὲ
1630 3104 1706 3163 είς

182 3165 265 3234 τὴν
278 3167 358 3219 τοῦ
382 3169 531 3239 ήλίου
552 3172 775 3244 δύναμιν
793 3178 939 3231 οὐδὲν
963 3182 1334 3251 συμϐάλλεται,
1360 3188 1471 3251 πῶς
1490 3189 1706 3243 πιθανὸν

1820 2014 1941 2068 heat
1978 2014 2138 2070 Canis
2160 2016 2225 2070 ad
2257 2017 2607 2071 intensionem
2636 2027 2887 2082 aestuum,
2920 2018 3011 2073 sed
3039 2018 3179 2085 quod
3206 2017 3345 2088 signi

1812 2107 1985 2175 gratia
2017 2114 2326 2176 assumptus
2358 2109 2426 2161 sit
2448 2108 2625 2161 Canis.

1809 2232 1813 2237 -
1896 2198 2272 2254 Verumtamen
2312 2200 2401 2266 qui
2457 2216 2518 2252 ex
2560 2199 2728 2269 poetis
2772 2207 2823 2253 et
2860 2197 3189 2268 philosOphis
3234 2200 3337 2252 vim

1815 2292 2136 2347 intensionis
2181 2299 2405 2347 mstuum
2435 2290 2563 2345 Cani
2614 2293 2909 2352 ascribunt,
2948 2289 3001 2342 1ιί
3048 2290 3267 2342 multum
3307 2305 3338 2341 a

1810 2382 2031 2435 veritate
2084 2389 2137 2435 et
2200 2382 2434 2436 naturali
2479 2383 2722 2437 doctrina
2776 2382 3174 2435 aherraverunt.
3218 2378 3341 2433 Haec

1809 2473 1949 2526 enim
1976 2473 2127 2527 stella
2159 2474 2397 2528 eamdem
2426 2483 2667 2527 naturam
2708 2473 2893 2528 sortita
2917 2480 2997 2527 est
3020 2487 3137 2525 cum
3169 2472 3339 2525 omni-

1809 2560 1910 2614 bus
1968 2562 2146 2615 astris.
2208 2562 2329 2616 Sive
2356 2564 2497 2616 enim
2553 2567 2707 2632 ignea
2761 2570 2907 2626 sunt,
2952 2562 3063 2616 sive
3111 2561 3338 2615 aztherea

1807 2659 1973 2713 astra,
2005 2650 2245 2703 eamdem
2275 2652 2452 2703 omnia
2479 2651 2673 2704 habent
2709 2654 2833 2713 vim,
2866 2659 2917 2705 et
2955 2652 3107 2705 debet
3129 2648 3273 2702 vinci
3306 2664 3336 2701 a

1806 2736 2148 2792 multitudine
2177 2748 2443 2792 astrorum
2484 2738 2727 2793 deﬂuxus
2763 2756 2791 2791 a
2836 2739 3003 2795 Cane.
3048 2739 3176 2794 Nam
3224 2754 3336 2793 ma-

1806 2829 2083 2899 gnitudine
2114 2830 2275 2884 etiam
2311 2831 2516 2885 stellam
2549 2829 2708 2884 Canis
2738 2832 3125 2898 superantaliee
3148 2832 3332 2895 stellae,

1805 2930 1858 2977 et
1892 2920 2229 2976 multitudine
2276 2931 2399 2976 sunt
2431 2921 2667 2975 inﬁnitm.
2701 2921 2755 2974 Si
2787 2923 2945 2991 igitur
2990 2938 3053 2975 ex
3085 2924 3334 2977 omnibus

1807 3013 1938 3081 ipsis
1965 3014 2178 3087 visnon
2210 3017 2448 3082 pervenit
2482 3030 2651 3082 usque
2690 3014 2753 3067 ad
2800 3024 3013 3075 terram,
3056 3029 3227 3083 neque
3267 3015 3334 3067 ad

1806 3101 1936 3154 solis
1960 3102 2065 3154 vim
2094 3103 2384 3171 quidquam
2419 3104 2647 3168 confert,
2680 3106 2945 3174 quomodo
2972 3104 3223 3159 credibile
3251 3113 3333 3159 est

1804 3190 2069 3246 deﬂuxum
2109 3193 2174 3246 ab
2200 3207 2308 3246 uno
2336 3202 2485 3248 astro
2512 3202 2712 3249 tantam
2738 3203 2961 3250 aestuum
2984 3184 3332 3251 intensionem

180 3259 263 3328 τὴν
289 3262 509 3366 ἀπὸ..τοῦ
542 3268 653 3331 ἑνὸς
682 3271 875 3346 ἄστρου
909 3277 1178 3349 ἀποφοράν
1216 3282 1539 3357 τηλικαύτην
1582 3288 1699 3341 ἐπί-

1818 3281 2018 3338 'a'cere?
2079 3281 2280 3349 Quodsi
2346 3299 2452 3338 non
2511 3284 2765 3352 adjuvant
2816 3286 3103 3356 quidquam
3146 3304 3333 3343 omnes

175 3367 314 3406 τασιν
341 3356 450 3411 τῶν
493 3364 783 3434 καυμάτων
811 3371 1012 3435 ποιεῖν;
1042 3371 1101 3423 Εἰ
1130 3371 1184 3424 δὲ
1210 3374 1280 3444 μὴ
1320 3356 1628 3448 συνεργοῦσί
1648 3397 1699 3433 τι

175 3444 352 3509 πάντες
395 3449 446 3501 oi
502 3451 751 3517 ἀπλανεῖς
792 3457 1031 3527 ἀστέρες,
1084 3462 1181 3531 τῆς
1227 3467 1391 3536 αὐτῆς
1423 3444 1696 3540 δυνάμεως

172 3540 638 3624 κεκοινωνηκότες,
676 3544 771 3596 οὐκ
825 3545 1090 3616 ἐνδέχεται
1143 3553 1240 3624 τὴν
1290 3557 1395 3610 ἀπὸ
1439 3559 1531 3612 τοῦ
1582 3562 1698 3624 ἐνὸς

169 3621 351 3693 ἄστρου
385 3626 681 3698 θερμασίαν
726 3635 982 3708 αἰσθητὴν
1023 3621 1279 3713 διαφορὰν
1302 3646 1611 3715 ἀποφαίνειν
1640 3621 1696 3705 ἐν

167 3716 274 3777 ταῖς
302 3720 673 3785 συνανατολαῖς
699 3724 788 3777 τοῦ
821 3728 986 3797 ἡλίου.

234 3806 383 3900 ᾜστι
441 3811 485 3863 δ’
538 3814 694 3878 αὐτὸς
726 3819 752 3869 ὁ
778 3818 922 3888 ἥλιος
950 3824 1225 3892 παραίτιος
1254 3828 1359 3880 τῶν
1385 3833 1691 3900 καυμάτων,

168 3896 295 3950 κατὰ
329 3900 391 3954 τὸ
423 3904 639 3974 συνεχὲς
681 3907 768 3961 τὸν
802 3911 958 3965 αὑτὸν
990 3915 1146 3968 τόπον
1178 3918 1274 3986 τῆς
1301 3896 1555 3990 οἰκήσεως
1582 3925 1697 3976 ἑπι-

166 3992 527 4080 πυρευόμενος.
556 3998 630 4049 Οὐ
662 3997 937 4070 δυνάμενοι
969 4003 1023 4057 δὲ
1056 4008 1236 4077 κοινὴν
1267 4011 1470 4080 ἡμέραν
1499 4013 1694 4068 ἆπασιν

162 4076 425 4173 άφορίσαι,
460 4085 518 4137 ἐν
597 4089 827 4154 γίνονται
868 4097 921 4147 αἱ
948 4097 1217 4162 ἐπιτάσεις
1247 4100 1351 4153 τῶν
1384 4104 1691 4173 καυμάτων,

163 4168 274 4265 ἐπεὶ
294 4173 432 4265 κατὰ
446 4174 628 4231 τοῦτον
652 4180 739 4233 τὸν
768 4183 952 4253 καιρὸν
980 4188 1253 4241 ἐπέτελλεν
1275 4183 1425 4254 οὗτος
1446 4194 1473 4244 ὁ
1492 4168 1689 4265 άστὴρ,

166 4258 217 4325 τῇ
243 4261 428 4317 τούτου
466 4267 623 4335 φάσει
660 4270 749 4323 τὸν
781 4275 970 4345 καιρὸν
996 4280 1411 4349 ἐσημειώσαντο.

196 4349 341 4449 ’Ὅτι
361 4354 416 4406 δὲ
436 4356 532 4407 οὐκ
557 4357 699 4410 ἔστιν
727 4362 754 4411 ὁ
786 4362 954 4434 ἀστὴρ
980 4367 1256 4435 παραίτιος
1279 4371 1376 4439 τῆς
1401 4373 1692 4437 ἐπιτάσεως

160 4445 270 4533 τεὸν-
280 4445 589 4517 καυμάτων,
612 4450 675 4501 ὲκ
700 4449 803 4503 τῶν
828 4451 1073 4520 λέγεσθαι
1116 4457 1409 4526 μελλόντων
1443 4479 1571 4530 φανε
1581 4462 1688 4533 ρόν.

160 4526 368 4623 Πρῶτον
421 4536 515 4603 μὲν
551 4538 661 4608 ,γὰρ
698 4541 951 4605 πολλάκις
984 4549 1420 4602 συνανατέλλουσι
1559 4526 1690 4623 ηλίῳ

156 4618 244 4713 καὶ
270 4622 509 4689 πλείονες
542 4629 632 4681 καὶ
664 4631 900 4699 μείζονες
929 4636 1148 4706 ἀστέρες
1168 4680 1181 4703 ,
1212 4640 1304 4692 καὶ
1328 4618 1687 4713 οὐδεμίαν-αίλ⁵
1718 4628 1761 4683 Ῑ)

160 4709 349 4784 ὠητὴν
384 4717 589 4771 ποιοῦσι
623 4723 987 4795 παραλλαγὴν,
1017 4727 1127 4779 ἀλλ’
1185 4728 1326 4782 ἐστιν
1359 4709 1541 4787 ὅτε-ἐκ
1583 4737 1689 4787 τῶν

159 4800 401 4858 ἐναντίων
430 4809 632 4894 ὲνταίς
664 4812 929 4877 ἐπιτολαῖς
956 4818 1128 4871 αὐτῶν
1154 4822 1243 4872 καὶ
1272 4820 1450 4874 δύσεσι
1488 4826 1687 4894 χειμῶο

156 4906 238 4986 νες
259 4894 529 4986 -γίνονται,
566 4903 655 4955 καὶ⁵
683 4904 865 4973 ἄνεμοι
892 4906 1083 4979 ψυχροὶ
1120 4912 1382 4977 πνέουσιν,
1413 4913 1487 4977 ὡς
1529 4916 1686 4986 μηδὲν

156 4982 321 5037 αὐτῶν
350 4989 790 5076 συμβαλλομένων
816 4996 949 5067 πρὸς
968 4998 1062 5068 τὴν
1088 5000 1328 5059 ἐπίτασιν
1352 5003 1457 5055 τῶν
1488 4982 1688 5076 καυμά-

155 5082 287 5119 των·
322 5071 574 5139 πολλάκις
606 5078 659 5131 δὲ
690 5081 781 5132 καὶ
818 5083 873 5133 ἐν
926 5082 1000 5152 τῷ
1037 5086 1181 5154 αὑτῷ
1230 5085 1398 5159 ζωδίῳ
1444 5089 1518 5161 τῷ
1555 5071 1685 5163 ἡλίῳ

154 5157 377 5250 Ϊίνονται
414 5164 636 5233 ἀστέρες
668 5171 772 5225 τῶν
800 5172 840 5224 ε’
870 5175 1146 5247 πλανητῶν
1178 5181 1225 5231 οἱ
1261 5157 1517 5250 μέγιστοι,
1554 5157 1686 5237 (llas-

156 5244 272 5338 θων,
311 5252 612 5338 φωσφόρος,
653 5259 896 5329 Πυρόεις,
932 5244 1121 5331 ἀφ’γῶν
1165 5244 1273 5319 καὶ*
1299 5244 1547 5338 δυνάμεις
1592 5274 1684 5324 ἐπὶ

154 5335 244 5427 ¹γὴν
269 5336 369 5410 γῆν
396 5344 671 5409 πίπτουσι,
703 5351 794 5402 καὶ
818 5352 968 5405 οὐδὲν
997 5354 1143 5427 παρὰ
1180 5356 1274 5426 τὴν
1306 5359 1478 5411 αὐτῶν
1508 5362 1681 5415 αἰτίαν

154 5424 530 5521 διαφορώτερον
562 5439 688 5507 περὶ
712 5442 800 5509 τὸν
826 5442 958 5511 ἀέρα
988 5424 1209 5511 γίνεται.
1228 5424 1316 5511 Ἓξ
1346 5444 1404 5500 οὗ
1435 5453 1679 5521 φανερὸν,

153 5516 230 5569 ὅτι
260 5521 403 5575 οὐδὲν
431 5527 816 5594 συμόάλλονται
842 5534 974 5601 πρὸς
1006 5537 1101 5606 τὴν
1134 5538 1375 5591 ἐπίτασιν
1414 5541 1517 5591 τῶν
1549 5559 1679 5595 καυ-

158 5609 469 5703 μάτωνοΰθ’
491 5619 538 5697 οἱ
566 5619 813 5686 ἀπλανεῖς
841 5623 951 5676 οὗθ’
994 5629 1040 5678 οἱ
1068 5628 1324 5699 πλανῆται
1356 5632 1603 5703 ἁστέρες’
1633 5637 1680 5687 εἰ

157 5697 258 5769 γὰρ
295 5701 513 5775 δύναμίν
561 5723 677 5760 τινα
719 5714 1072 5785 προσεφέρετο
1114 5719 1140 5769 ὁ
1177 5697 1365 5783 Κῦων,
1399 5697 1501 5774 ἔδει
1541 5724 1678 5776 κατὰ

217 5835 259 5867 ’θ
286 5854 367 5905 rp.
399 5841 678 5896 ἐπιτέλλει.

1805 3376 2102 3441 inerrantes
2151 3375 2335 3440 stellae,
2385 3390 2507 3429 cum
2556 3376 2795 3430 eamdem
2826 3378 2930 3431 vim
2972 3378 3329 3442 sintsortitaz,

1805 3483 1913 3522 non
1946 3468 2202 3538 possibile
2228 3476 2312 3522 est
2362 3467 2759 3524 calefactionem
2788 3444 2991 3523 ah‘una
3030 3470 3180 3524 stella
3210 3484 3332 3540 pro-

1804 3560 2130 3629 gredientem
2166 3558 2377 3615 eﬂicere
2407 3559 2712 3617 sensibilem
2755 3560 3061 3616 varietatem
3094 3562 3146 3614 in
3183 3575 3332 3615 coor-

1804 3651 1948 3705 tihus
1971 3666 2091 3728 eum
2132 3651 2265 3705 sole.
2326 3694 2331 3707 .

1868 3828 1962 3882 Est
1996 3837 2170 3882 autem
2202 3829 2318 3898 ipse
2359 3828 2439 3881 sol
2470 3841 2634 3882 causa
2667 3834 2912 3891 aestuum,
2964 3826 3221 3881 continuo
3260 3829 3324 3881 ad

1797 3923 2040 3977 eumdem
2084 3924 2258 3978 locum
2289 3922 2632 3977 habitationis
2662 3919 2938 3978 accedens.
2965 3921 3098 3976 Cum
3150 3930 3326 3977 autem

1799 4032 1906 4070 non
1935 4023 2152 4084 possent
2185 4015 2431 4070 omnibus
2464 4014 2768 4070 hominibus
2814 4030 3149 4069 communem
3184 4015 3325 4069 diem
3402 3996 3408 4004 ’

1798 4099 2178 4179 ἀοιεηῐιίηυιέε,
2210 4106 2264 4159 in
2294 4121 2399 4176 qua
2431 4106 2511 4159 hae
2556 4106 2887 4160 intensioncs
2913 4117 3135 4159 aestuum
3169 4105 3322 4171 ﬁunt,

1798 4213 2025 4268 cumque
2054 4199 2199 4251 circa
2229 4197 2331 4253 hoc
2374 4206 2582 4268 tempus
2613 4197 2724 4250 haec
2764 4197 2915 4252 stella
2944 4198 3193 4261 oriretur,
3227 4197 3333 4263 hu—,

1793 4290 1884 4359 jus
1923 4290 2253 4358 apparitione
2286 4290 2387 4343 hoc
2422 4298 2631 4358 tempus
2666 4278 3114 4358 significaverunt.

1868 4380 2019 4447 Quod
2056 4391 2232 4436 autem
2262 4382 2375 4436 haec
2402 4380 2553 4436 stella
2586 4396 2689 4435 non
2720 4380 2790 4435 sit
2817 4394 2979 4433 causa
3005 4378 3323 4434 intensionis

1796 4481 2044 4536 aestuum,
2096 4489 2160 4527 ex
2216 4474 2282 4528 iis
2327 4488 2446 4543 qua:
2506 4472 2753 4527 dicentur
2804 4472 2905 4525 erit
2958 4468 3320 4525 manifestum.

1796 4562 2033 4617 Primum
2063 4564 2204 4617 enim
2235 4578 2374 4632 saepe
2400 4562 2714 4616 cooriuntur
2744 4575 2864 4614 cum
2899 4560 3010 4614 sole
3062 4567 3114 4612 et
3141 4560 3322 4626 plures

1793 4661 1847 4707 et
1898 4654 2129 4723 majores
2163 4653 2355 4718 stellae,
2387 4660 2439 4706 et
2483 4653 2681 4705 nullam
2735 4650 3040 4705 sensibilem
3088 4648 3323 4703 eﬂicnunt

1790 4734 2126 4809 varietatem,
2180 4744 2272 4799 sed
2330 4742 2593 4798 interdum
2632 4743 2934 4796 coontrario
2965 4743 3017 4795 in
3041 4741 3245 4795 ortibus
3267 4749 3321 4795 et

1789 4836 2074 4891 occasibus
2097 4849 2278 4889 earum
2309 4840 2651 4903 tempestates
2697 4833 2849 4898 ﬁunt,
2884 4841 2937 4887 et
2963 4834 3103 4887 venti
3141 4832 3319 4900 frigidi

1790 4929 2018 4997 spirant,
2056 4936 2304 4995 tanquam
2340 4926 2392 4979 hi
2428 4936 2578 4980 ortus
2607 4933 2658 4979 et
2699 4930 2923 4978 occasus
2963 4925 3096 4977 nihil
3137 4922 3322 4977 confe-

1789 5017 1913 5071 rau't
1936 5017 2003 5071 ad
2033 5018 2387 5071 intensionem
2414 5026 2661 5071 mstuum.
2699 5013 2848 5084 Saepe
2875 5014 3035 5068 etiam
3060 5015 3110 5067 in
3132 5012 3318 5069 eodem

1788 5109 1942 5180 signo
1966 5124 2085 5163 cum
2118 5108 2230 5161 sole
2252 5116 2378 5162 sunt
2406 5123 2435 5162 e
2452 5108 2687 5176 quinque
2706 5106 2931 5177 planetis
2960 5104 3127 5159 stellae
3148 5106 3321 5159 mali-

1793 5216 1909 5263 mae,
1936 5199 2163 5269 Jupiter,
2194 5199 2407 5253 Lucifer
2448 5206 2500 5251 et
2527 5198 2700 5262 Mars;
2738 5212 2765 5248 a
2800 5196 2997 5266 quibus
3023 5204 3077 5250 et
3098 5197 3239 5250 vires
3260 5196 3317 5250 in

1787 5300 1984 5345 terram
2013 5293 2245 5351 cadunt,
2278 5297 2330 5342 et
2376 5298 2551 5343 tamen
2604 5295 2821 5356 propter
2861 5289 3051 5341 horum
3099 5300 3314 5339 causam

1782 5380 1915 5431 nihil
1947 5380 2091 5432 circa
2115 5393 2289 5435 aerem
2316 5377 2487 5448 magis
2509 5376 2564 5430 fit
2594 5377 2880 5429 diversum.
2908 5373 2985 5429 Ex
3008 5388 3114 5443 quo
3144 5375 3316 5426 mani-

1790 5466 1985 5520 festum
2025 5472 2108 5521 est
2149 5466 2289 5536 quod
2329 5467 2461 5520 nihil
2508 5463 2790 5519 conferant
2842 5465 2908 5519 ad
2957 5464 3312 5519 intensionem

1788 5567 2012 5611 aestuum
2044 5572 2216 5625 neque
2244 5557 2544 5611 inerrantes
2575 5570 2745 5624 neque
2770 5561 3011 5609 errantes
3047 5553 3229 5609 stellae.
3254 5552 3312 5609 Si

1781 5647 1921 5711 enim
1976 5646 2082 5698 vim
2134 5647 2417 5715 quamdam
2457 5644 2668 5701 alferret
2716 5644 2895 5705 Canis,
2941 5641 3217 5713 oportebat
3254 5644 3311 5697 in

1791 5751 1916 5791 vero
1962 5746 2083 5790 ortu
2130 5737 2486 5791 intensionem
2542 5746 2768 5809 aestuum
2818 5734 2951 5789 ﬁeri.
2986 5732 3135 5788 Tunc
3168 5734 3311 5788 enim
