4100 6316
798 418 1018 493 ,ιμ’

1788 418 1880 476 AD
1913 417 2175 477 EUSEBII
2213 416 2601 497 CllRONlCON
2643 415 3036 501 APPPEIN'DIX.

3876 416 3960 476 85!

758 516 763 520 I
838 542 1001 598 simul
1024 555 1132 597 una
1166 540 1340 596 oritur
1369 554 1490 595 cum
1522 539 1652 596 sole.
1673 538 1790 596 Non
1820 539 1876 594 tlt
1905 549 2091 596 autem
2117 540 2240 606 hoc,
2275 554 2341 594 se

2405 544 2441 602 Α
2469 539 2566 610 τὴν
2597 537 2850 610 ἀνατολὴν
2877 537 2982 591 τῶν
3010 538 3296 608 καυμάτων
3319 536 3554 605 γίνεσθαι
3583 537 3838 593 ἐπίτασιν·
3862 542 3954 594 τότε

835 632 894 689 in
939 633 1216 703 apparenti
1246 639 1369 687 ortu
1406 632 1628 688 maximi
1664 631 1797 685 fiunt
1843 641 2028 688 aestus.
2057 629 2220 704 Circa
2263 630 2366 685 hoc

750 723 753 725 ’
833 724 974 780 enim
1014 733 1222 793 tempus
1247 723 1328 778 sol
1374 731 1591 793 propter
1626 721 1798 779 dictas
1850 737 2055 779 causas
2089 721 2249 778 elicit
2287 722 2365 776 iu-

831 814 1132 870 tensionem
1163 821 1409 870 aestuum.
1440 815 1496 869 ln
1547 813 1734 868 Rhodo
1759 813 1900 870 enim
1944 821 2064 886 post
2089 813 2159 868 30
2186 812 2302 868 dies
2330 827 2362 866 a

828 903 1062 962 solstitio
1099 906 1271 960 oritur
1312 905 1426 960 haec
1475 905 1669 971 stella;
1707 903 1761 959 in
1790 904 1912 958 aliis
1971 905 2103 958 locis
2144 911 2266 973 post
2291 903 2361 956 40

826 993 942 1049 dies
966 994 1138 1049 aestivi
1166 992 1412 1059 solstitii;
1443 993 1563 1048 aliis
1595 1000 1712 1062 post
1733 992 1830 1046 50:
1870 992 1943 1045 ita
1975 999 2034 1068 ut
2061 990 2180 1060 ejus
2205 999 2362 1045 ortus

825 1097 935 1137 non
967 1083 1195 1152 amplius
1229 1083 1388 1138 faciat
1413 1082 1769 1139 intensionem
1805 1090 2031 1136 aestuum
2065 1081 2244 1151 :quod
2273 1096 2390 1135 ne-_

824 1170 958 1226 mini
985 1187 1092 1227 non
1115 1171 1458 1227 manifestum
1483 1181 1586 1237 est,
1615 1171 1760 1242 quod
1790 1186 1910 1226 cum
1945 1186 2108 1244 unum
2135 1171 2208 1225 sit
2227 1169 2386 1238 illud,

824 1272 1055 1334 tempus,
1085 1263 1230 1335 quod
1261 1264 1619 1318 intensionem
1669 1271 1896 1317 aestuum
1929 1261 2352 1334 comprehendit,
2391 1265 2394 1269 ’

804 1353 968 1427 ,συοᾱ
997 1361 1081 1409 est
1126 1363 1248 1425 post
1279 1354 1396 1409 dies
1429 1354 1498 1408 50
1527 1353 1743 1409 solstitii
1783 1353 1983 1419 aestivi;
2011 1353 2065 1406 in
2089 1352 2190 1406 hoc
2237 1351 2356 1422 ipso

822 1455 1061 1515 tempore
1091 1445 1230 1514 apua'
1266 1443 1400 1500 alios
1430 1443 1592 1500 Canis
1635 1437 1840 1508 oritur,
1873 1453 1926 1497 et
1963 1452 2172 1512 tempus
2217 1441 2356 1495 indi-

819 1539 927 1597 cat,
963 1532 1105 1604 apud
1133 1534 1266 1597 alios
1306 1549 1434 1589 vero
1467 1534 1613 1592 aliud
1647 1533 1919 1603 quoddam
1942 1547 2008 1586 ex
2034 1533 2196 1587 astris
2223 1548 2353 1586 con-

818 1621 1210 1687 stellationum;
1235 1637 1342 1704 non
1369 1623 1510 1676 enim
1535 1623 1694 1677 simul
1716 1621 1966 1677 omnibus
2007 1622 2170 1676 astris
2199 1631 2352 1679 ortus

816 1719 869 1766 ct
889 1725 1114 1768 occasus
1143 1713 1405 1782 contingit
1430 1713 1564 1767 ﬁeri.
1621 1730 1624 1732 ‘

870 1951 1020 2019 Quod
1037 1967 1165 2008 vero
1180 1968 1208 2008 a
1225 1955 1466 2025 plurimis
1481 1954 1700 2023 dicitur,
1712 1956 1853 2028 quod
1869 1955 2010 2013 circa
2020 1965 2230 2030 tempus
2243 1959 2346 2015 hoc

811 2045 918 2118 35
939 2045 1099 2102 Canis
1125 2047 1330 2102 oriatur
1355 2063 1476 2104 cum
1512 2051 1644 2113 sole,
1668 2051 1886 2105 omnino
1910 2059 1993 2108 est
2019 2051 2342 2130 imperitum.
2364 2091 2368 2097 .

811 2134 872 2192 ln
897 2138 998 2194 hoc
1025 2139 1166 2194 enim
1208 2147 1446 2211 tempore
1493 2143 1778 2211 plurimum
1808 2157 1839 2198 a
1878 2143 1990 2204 sole
2030 2144 2194 2198 distat
2232 2143 2346 2199 hac

738 2296 743 2301 ς
812 2229 984 2286 stella.
1015 2228 1106 2284 Sol
1155 2232 1297 2285 enim
1345 2234 1567 2286 omnino
1598 2233 1651 2288 in
1675 2233 1862 2290 mstivo
1903 2233 2113 2303 tropico
2142 2234 2346 2289 circulo

809 2321 916 2376 iter
957 2319 1126 2376 facit:
1160 2321 1324 2378 Canis
1352 2338 1484 2378 vero
1531 2324 1585 2377 in
1621 2323 1847 2378 hiberno
1886 2323 2094 2394 tropico
2137 2323 2345 2380 circqu

808 2413 945 2470 situs
969 2420 1088 2480 est;
1115 2413 1191 2467 ita
1213 2423 1271 2467 ut
1293 2413 1347 2466 hi
1378 2413 1664 2467 manimam
1705 2428 1735 2466 a
1763 2429 1822 2469 se
1862 2413 2096 2469 invicem
2138 2414 2344 2471 distan-

805 2504 935 2558 tiam
962 2503 1216 2558 habeant.
1243 2500 1526 2568 Quomodo
1552 2501 1717 2572 igitur
1747 2513 1931 2573 posset
1972 2503 2136 2558 Cattis
2175 2518 2340 2560 causa

804 2608 926 2650 esse
964 2593 1290 2648 intensionis
1334 2593 1828 2650 aestuumifaceret
1872 2600 2051 2651 autem
2080 2595 2341 2652 intcasio-

802 2699 949 2746 nem,
983 2685 1028 2739 si
1057 2698 1214 2754 quam
1266 2683 1371 2738 vim
1415 2685 1636 2740 haberet
1675 2684 1788 2740 haec
1838 2687 2016 2752 stella,
2047 2695 2161 2742 tum
2213 2696 2338 2743 cum

801 2781 947 2831 esset
973 2774 1262 2843 conjuncta
1295 2775 1396 2832 soli
1423 2774 1718 2830 secundum
1749 2775 2003 2830 hibernas
2040 2778 2342 2833 conversio-

800 2879 920 2930 nes,
962 2879 1192 2936 cumque
1237 2865 1467 2921 ferretur
1497 2862 1553 2918 in
1586 2864 1772 2919 eodem
1798 2865 2004 2920 circulo
2037 2865 2152 2920 haec
2183 2867 2336 2922 stella

799 2969 923 3011 cum
943 2955 1091 3022 sole;
1119 2964 1250 3010 tunc
1277 2955 1418 3010 enim
1453 2955 1732 3025 oportebat
1771 2955 2004 3025 aliquam
2047 2956 2160 3011 ﬁeri
2177 2997 2192 3022 ,
2215 2972 2340 3036 con-

797 3056 883 3101 tra
912 3044 965 3099 id
1004 3043 1147 3114 quod
1195 3051 1434 3114 apparet,
1459 3043 1764 3098 sensibilem
1795 3045 1936 3100 aeris
1964 3045 2334 3102 mutationem.

798 3137 916 3192 Non
948 3137 1005 3193 (lt
1040 3144 1218 3192 autem
1255 3137 1375 3200 hoc,
1403 3135 1494 3192 sed
1531 3150 1562 3191 e
1588 3137 1859 3193 contrario
1903 3138 2085 3207 potius
2131 3137 2324 3196 hiems.
2393 3203 2397 3208 ,

797 3226 952 3286 Unde
977 3228 1179 3284 tabulis
1215 3241 1313 3299 pro
1342 3227 1495 3299 signo
1519 3227 1807 3282 ascribitur
1830 3238 1987 3284 ortus
2005 3227 2191 3286 Canis.
2221 3230 2328 3286 lta-
2357 3211 2402 3270 Α

771 3337 904 3391 —que
929 3321 1276 3378 manifestum
1317 3329 1399 3377 est
1427 3337 1492 3377 ex
1516 3319 1793 3384 omnibus,
1832 3336 2007 3391 neque
2045 3323 2182 3378 hanc
2209 3326 2332 3380 stel-

793 3415 924 3478 lam,
975 3427 1149 3483 neque
1189 3415 1346 3469 aliam
1387 3414 1549 3468 ullam
1600 3422 1805 3469 tantam
1859 3415 2058 3470 habere
2105 3417 2234 3482 vim,
2271 3426 2329 3471 ut

793 3503 941 3558 circa
983 3518 1163 3557 aerem
1202 3505 1524 3559 mutationes
1562 3505 1788 3569 clliciat;
1835 3505 1931 3560 sed
1979 3507 2326 3578 principalem

792 3609 914 3650 esse
940 3608 1161 3650 causam
1192 3594 1357 3650 solem
1393 3614 1406 3651 :
1436 3595 1626 3650 harum
1657 3611 1787 3651 vero
1815 3607 1966 3652 ortus
2010 3607 2066 3653 et
2101 3613 2328 3656 occasus

792 3686 848 3740 in
903 3685 1265 3757 cognitionem
1307 3688 1664 3743 mutationum
1719 3691 1861 3744 aeris
1905 3685 2325 3760 apponi.'Quam

790 3779 863 3833 ob
881 3792 1100 3833 causam
1129 3793 1302 3848 neque
1329 3795 1542 3850 semper
1591 3792 1908 3851 congruunt.
1955 3781 2103 3838 Unde
2139 3786 2326 3840 melio-

793 3871 944 3926 ribus
965 3869 1162 3940 aliquis
1189 3879 1430 3926 utcretur
1457 3872 1523 3926 iis
1541 3873 1711 3942 signis
1739 3889 1858 3943 quae
1890 3889 1920 3926 a
1946 3883 2140 3931 natura
2165 3879 2324 3934 nobis

791 3962 1010 4023 dantur,
1034 3958 1231 4032 quibus
1263 3967 1318 4015 et
1341 3961 1536 4018 Aratus
1577 3971 1660 4018 est
1694 3978 1845 4019 usus.
1886 3961 2017 4018 Nam
2062 3981 2156 4022 cas
2187 3968 2326 4022 acris

789 4053 1131 4117 mutationes,
1147 4068 1266 4123 qua!
1292 4050 1425 4108 lluut
1440 4069 1503 4107 ex
1531 4055 1736 4110 ortibus
1769 4063 1822 4110 et
1847 4057 2127 4113 occasibus
2151 4066 2326 4114 astro-

788 4159 928 4207 rum,
956 4145 1162 4215 putavit
1192 4160 1314 4201 esse
1355 4144 1516 4201 falsas
1547 4165 1560 4200 :
1588 4128 1678 4202 eas
1700 4163 1826 4202 vero
1855 4165 1976 4219 quae
2021 4151 2155 4203 [lunt
2177 4158 2324 4205 natu-

787 4237 989 4300 raliter,
1013 4245 1068 4292 et
1090 4237 1319 4308 quadam
1344 4254 1410 4294 ex
1441 4253 1626 4302 causa,
1667 4241 1890 4296 seorsim
1932 4243 2113 4312 posuit
2135 4246 2189 4298 in
2216 4245 2323 4315 Ap-

790 4327 1158 4395 parentiarum
1185 4333 1434 4388 tractatu,
1455 4328 1512 4381 in
1530 4336 1766 4384 extrema
1801 4332 1921 4384 libri
1950 4333 2118 4388 totius
2148 4343 2316 4404 parte.

787 4416 963 4470 Sumit
990 4417 1133 4471 cnim
1157 4417 1522 4487 prazscientias
1539 4434 1568 4472 a
1589 4420 1718 4474 solis
1751 4429 1872 4475 ortu
1893 4428 1946 4476 et
1968 4437 2185 4490 occasu,
2211 4434 2264 4480 et
2288 4442 2317 4480 a

784 4508 926 4562 lunae
943 4508 1150 4564 ortibus
1173 4519 1225 4564 et
1251 4509 1549 4586 occasibus,
1573 4510 1643 4566 ab
1665 4525 1810 4574 area,
1825 4513 1936 4567 sive
1961 4528 2180 4578 corona,
2202 4531 2319 4586 qua:

783 4597 844 4650 lit
883 4598 1029 4652 circa
1071 4599 1270 4660 lunam,
1334 4581 1569 4654 a'slellis
1616 4600 1933 4658 cadentibus
1968 4610 2019 4657 et
2058 4619 2087 4656 a
2131 4581 2302 4662 brutis

783 4687 1132 4742 animalibus.
1157 4689 1287 4742 Nam
1317 4705 1436 4759 qua:
1451 4692 1799 4761 prmscientite
1822 4707 1943 4748 cum
1974 4691 2204 4764 quadam
2227 4711 2323 4750 na-

783 4779 942 4832 turali
972 4793 1138 4835 causa
1163 4795 1227 4833 cx
1250 4779 1335 4835 his
1359 4781 1510 4846 ﬁunt,
1554 4784 1862 4839 necessaria
1888 4785 2084 4841 habent
2112 4786 2317 4842 eﬂ'ecta.

783 4859 936 4924 Unde
957 4879 1010 4924 et
1031 4868 1665 4942 Boethusphilosophus,
1693 4875 1746 4928 in
1775 4883 1968 4945 quarto
1989 4877 2127 4932 libro
2153 4895 2321 4950 expo-

783 4959 994 5026 sitionis
1019 4961 1188 5028 Arati,
1217 4961 1466 5035 piiysicas
1507 4979 1701 5020 causas
1730 4960 2183 5042 cum'ventorum,
2208 4982 2318 5028 tum

850 5075 963 5154 (69)
1003 5077 1073 5140 Τὸ
1112 5076 1179 5154 ᾷὲ
1209 5081 1576 5154 λεγοίιιενρν.Δ
1594 5079 1784 5154 Mirum
1819 5082 2086 5154 insignem
2116 5089 2320 5146 mathe-

780 5148 1210 5218 maticumadeo
1247 5152 1526 5218 pueriliter
1563 5148 1954 5206 hallucin‘atum
2000 5171 2138 5210 csse.
2187 5157 2318 5214 Nam

780 5216 1086 5284 cujusmodi
1137 5216 1536 5282 esu—obsecro,
1593 5222 1738 5275 illius
1787 5224 1960 5276 ratio?
2005 5227 2317 5282 Caniculam

779 5301 901 5340 cum
938 5288 1053 5342 sole
1072 5287 1425 5354 ‘conjunctam
1459 5290 1592 5344 nihil
1632 5290 1699 5344 ad
1730 5293 1943 5348 aestivos
1988 5298 2194 5351 calores
2223 5313 2320 5352 au-

779 5357 982 5438 gendos
1013 5356 1281 5438 conferre.
1305 5375 1412 5426 quo
1430 5369 1666 5438 tempore
1691 5370 1933 5438 esortum
1956 5363 2129 5438 [acere
2158 5369 2318 5438 vulgo

776 5425 1094 5500 dici_tur,_ex
1118 5443 1193 5500 eo
1222 5425 1576 5497 demonstrat,
1611 5432 1752 5500 quod
1788 5441 1898 5484 tum
1933 5435 1999 5486 ab
2023 5450 2082 5486 ea
2116 5438 2196 5490 sol
2226 5425 2319 5490 οἷ»-

779 5502 861 5546 est
880 5495 1117 5574 longius.
1150 5495 1262 5574 Hoc
1288 5513 1414 5551 vero
1440 5495 1883 5574 indcfoncludit,
1911 5505 2052 5570 quod
2084 5514 2212 5561 tunc
2234 5508 2316 5562 sol

777 5568 1021 5645 aestivum
1055 5568 1317 5645 tropicum
1347 5575 1488 5621 tcnct
1517 5588 1527 5621 :
1565 5569 1820 5645 Canicula
1852 5568 1979 5645 vero
2009 5574 2060 5626 in
2095 5577 2318 5631 hiberno

775 5641 987 5710 tropico
1026 5641 1128 5710 sila
1172 5645 1251 5689 cst
1288 5652 1503 5710 square
1545 5643 1589 5695 si
1630 5657 1790 5709 quam
1821 5641 1928 5695 vim
1964 5644 2314 5701 inccndendis

773 5703 996 5786 restibus
1033 5705 1251 5758 haberet
1285 5703 1428 5786 illius
1457 5723 1577 5786 cum
1612 5703 1724 5786 sole
1747 5711 2091 5786 coniunctio.
2122 5731 2183 5769 ca
2213 5732 2311 5786 po-

773 5769 1043 5853 tissimum
1071 5785 1353 5853 appareret
1383 5782 1598 5853 quando
1633 5781 1712 5833 sol
1747 5769 2056 5853 inllibcrno
2083 5769 2308 5853 tropico

771 5847 1039 5904 versatur,
1085 5844 1184 5898 hoc
1217 5854 1299 5900 est
1341 5844 1608 5904 iniectis-tn
1643 5866 1762 5904 cum
1802 5851 2054 5906 Canicula
2082 5844 2309 5911 circulo.

2451 629 2578 699 ’γὰρ
2607 627 2721 698 ἅμα
2747 627 3112 682 συνανατέλλει
3139 627 3216 698 τῷ
3240 627 3389 698 ἡλίῳ.
3407 629 3479 681 Οὐ
3506 629 3702 696 γίνεται
3729 630 3780 682 δὲ
3801 630 3952 682 τοῦτο’

2461 717 2594 772 ἀλλά
2627 717 2765 772 κατά
2802 718 2898 788 τὴν
2937 716 3351 787 ὲπιφαινομένην
3388 717 3628 788 ἐπιτολὴν
3661 718 3728 771 τὰ
3766 721 3954 788 μέγιστα

2461 810 2712 880 καύματα
2765 809 2985 878 γίνεται.
3041 809 3174 880 Περὶ
3218 807 3324 877 γὰρ
3371 807 3460 860 τὸν
3513 807 3694 876 καιρὸν
3733 807 3891 860 τοῦτον
3931 812 3952 861 6

2458 903 2604 972 ἥλιος
2625 903 2712 956 διὰ
2738 901 2837 966 τὰς
2863 901 3256 974 προειρημένας
3279 901 3450 964 αἰτίας
3471 900 3742 970 παραίτιος
3759 903 3854 952 ἐστι
3877 903 3951 968 τῆς

2459 992 2756 1057 ὲπιτάσεως
2781 991 2888 1046 τῶν
2916 992 3228 1062 καυμάτων.
3280 991 3364 1044 Ἐν
3403 991 3562 1060 Ῥόδῳ
3591 991 3683 1060 μὲν
3715 989 3812 1061 γὰρ
3844 992 3949 1058 μετὰ

2458 1083 2501 1136 λ’
2535 1085 2740 1157 ἡμέρας
2773 1087 2870 1154 τῆς
2913 1084 3119 1156 τροπῆς
3149 1082 3412 1136 ἐπιτέλλει
3455 1082 3484 1132 6
3525 1081 3709 1152 ἀστὴρ,
3735 1083 3788 1134 ὲν
3809 1081 3946 1144 ἄλλοις

2455 1175 2512 1229 δὲ
2541 1176 2721 1238 τόποις
2745 1174 2880 1246 μετά
2903 1181 2953 1246 μ’
2980 1173 3189 1244 ἡμέρας
3217 1174 3311 1244 τῆς
3341 1171 3553 1244 θερινῆς
3579 1161 3788 1242 τροπῆς,
3815 1167 3880 1234 οἷς
3899 1173 3940 1224 δὲ

2459 1266 2596 1336 μελά
2639 1272 2680 1318 ν
2701 1282 2714 1296 °
2761 1263 2900 1318 ὥστε
2950 1265 3140 1335 μηκέτι
3167 1264 3266 1333 τὴν
3298 1263 3535 1315 ἐπίτασιν
3569 1262 3674 1315 τῶν
3704 1263 3943 1331 καυμάτων

2453 1355 2550 1424 τὴν
2587 1353 2837 1425 ἐπιτολὴν
2878 1354 3040 1406 αὐτοῦ
3071 1351 3329 1406 ποιεῖσθαι
3375 1352 3583 1422 ἑκάστῳ
3611 1353 3839 1420 φανερὸν,
3883 1354 3940 1404 ὅτι

2452 1447 2480 1498 6
2517 1446 2613 1516 μὲν
2639 1445 2736 1517 τὴν
2768 1446 3012 1499 ἐπίτασιν
3043 1445 3148 1498 τῶν
3175 1444 3464 1514 καυμάτων
3509 1445 3761 1513 περιέχων
3797 1446 3940 1514 καιρὸς

2414 1525 2431 1538 ⁸
2451 1531 2528 1600 εἷς
2558 1539 2702 1590 ἐστιν
2730 1539 2758 1590 6
2797 1537 2934 1606 μετὰ
2978 1535 3075 1598 τὰς
3108 1535 3322 1604 θερινὰς
3359 1533 3561 1605 τροπὰς
3593 1533 3786 1604 ἡμέρας
3898 1536 3937 1584 ὲν

2448 1626 2503 1678 δὲ
2527 1625 2604 1695 τῷ
2636 1627 2809 1698 χρόνῳ
2851 1626 3019 1695 τούτῳ
3063 1627 3188 1697 παρ’
3225 1621 3303 1690 οἷς
3334 1627 3428 1695 μὲν
3454 1629 3481 1678 6
3511 1626 3666 1678 Κύων
3705 1625 3932 1688 ἐπιτέλλει,

2455 1717 2550 1769 καὶ
2575 1717 2663 1769 τὸν
2693 1716 2879 1787 καιρὸν
2916 1714 3122 1784 μηνύει,
3145 1715 3270 1786 παρ’
3295 1709 3373 1778 οἷς
3395 1715 3448 1768 δὲ
3481 1714 3604 1768 ἄλλο
3642 1732 3692 1766 τι
3732 1714 3824 1765 τῶν
3844 1731 3934 1765 κατε

2449 1807 2851 1878 ηστερισμένων
2883 1806 3109 1876 ἄστρων·
3129 1808 3188 1858 οὐ
3215 1805 3320 1876 γὰρ
3351 1806 3462 1875 ἅμα
3483 1807 3614 1857 πᾶσι
3639 1807 3740 1866 τοῖς
3765 1803 3934 1874 ἄστροις

2445 1896 2541 1960 τὰς
2566 1897 2812 1959 ἐπιτολὰς
2842 1896 2933 1948 καὶ
2962 1895 3060 1954 τὰς
3085 1893 3262 1958 δύσεις
3297 1894 3576 1964 συμϐαίνει
3604 1891 3836 1962 γίνεσθαι.

2517 1987 2588 2039 Τὸ
2630 1987 2687 2039 δὲ
2717 1985 3000 2054 λεγόμενον
3032 1984 3140 2053 (49)
3171 1984 3274 2036 ὑπὸ
3309 1983 3416 2035 τῶν
3445 1983 3720 2046 πλείστων,
3745 1983 3810 2034 ὅτι
3839 1982 3930 2049 περὶ

2440 2079 2530 2129 τὸν
2560 2075 2746 2146 καιρὸν
2773 2075 2955 2128 τοῦτον
3002 2075 3274 2128 ἀνατέλλει
3306 2075 3398 2128 σὺν
3427 2075 3502 2143 τῷ
3535 2075 3689 2144 ἡλίων
3713 2073 3927 2130 παντελῶς

2442 2168 2587 2219 ἐστιν
2636 2166 2916 2219 ἰδιωτικόν.
2961 2167 3046 2219 Ἐν
3072 2164 3179 2236 γάρ
3216 2165 3383 2234 τούτῳ
3427 2164 3504 2234 τῷ
3547 2165 3710 2234 χρόνῳ
3740 2162 3924 2216 πλεῖστον

2442 2256 2548 2310 ἀπὸ
2581 2256 2678 2310 τοῦ
2707 2255 2852 2328 ἡλίου
2880 2257 3153 2327 διέστηκεν
3199 2258 3226 2308 6
3267 2257 3455 2326 ἀστήρ.
3493 2257 3554 2308 '0
3595 2257 3686 2327 μὲν
3709 2257 3795 2324 γὰρ
3815 2255 3922 2323 illo;

2442 2348 2654 2412 πάντως
2699 2349 2789 2401 ἐπὶ
2826 2348 2917 2402 τοῦ
2961 2348 3169 2419 θερινοῢ
3205 2347 3460 2416 τροπικοῦ
3499 2347 3694 2401 κύκλου
3723 2347 3798 2415 τὴν
3817 2346 3915 2414 πάρ-

2439 2439 2554 2503 οδον
2586 2444 2842 2493 ποιεῖται·
2872 2443 2900 2492 ὁ
2928 2440 2983 2494 δὲ
3021 2441 3112 2492 ἐπὶ
3158 2440 3248 2492 τοῦ
3291 2441 3597 2510 χειμερινοῦ
3620 2439 3822 2511 τροπικοῦ
3843 2437 3910 2490 κύ-

2439 2531 2566 2584 κλου
2611 2535 2781 2585 κεῖται
2803 2551 2815 2562 ’
2858 2530 2992 2584 ὥστε
3029 2531 3268 2583 πλεῖστον
3307 2532 3406 2596 ,ἀπ’
3441 2530 3679 2601 ἀλλήλων
3710 2531 3903 2596 διάστημα

2439 2608 2660 2692 ἀπέῐειν
2693 2622 2903 2685 αὐτούς.
2934 2622 3052 2684 Πῶς
3081 2623 3144 2674 ἂν
3173 2617 3263 2674 οὖν
3293 2622 3500 2674 δύναιτο
3541 2622 3779 2692 παραίτιος
3797 2620 3899 2685 γίνε-

2440 2711 2559 2764 σθαι
2583 2712 2678 2782 τῆς
2698 2713 2992 2776 ὲπιτάσεως
3014 2712 3118 2764 τῶν
3140 2713 3428 2782 καυμάτων
3446 2730 3459 2776 ;
3482 2714 3716 2766 ἐπίτασιν
3727 2712 3768 2764 δὲ
3784 2710 3905 2761 ἐποίει

2438 2801 2523 2865 ἂν,
2553 2803 2603 2854 εί
2625 2819 2745 2856 τινα
2773 2802 2996 2874 δύναμιν
3032 2797 3174 2873 εἶχεν
3202 2806 3229 2855 ὁ
3251 2803 3441 2875 ἀστὴρ.
3470 2804 3589 2874 ἅμα
3615 2804 3841 2873 γινόμενος
3855 2800 3910 2868 τῷ

2437 2895 2572 2966 ἡλίῳ
2627 2895 2765 2949 κατὰ
2809 2895 3117 2968 χειμερινὰς
3160 2897 3396 2968 τροπὰς,
3425 2899 3555 2950 ὅταν
3581 2899 3665 2952 ἐπὶ
3691 2897 3768 2950 τοῦ
3793 2892 3913 2949 αὑτοῦ

2440 2985 2632 3040 κύκλου
2664 2986 2888 3058 φέρηται
2921 2989 2950 3041 6
2990 2987 3162 3058 ἀστὴρ
3190 2987 3263 3057 τῷ
3292 2987 3440 3058 ἡλίῳ.
3468 2989 3603 3040 Τότε
3629 2989 3723 3058 γὰρ
3747 2986 3829 3038 ἔδει
3849 3001 3915 3050 γε·

2438 3077 2618 3132 νέσθαι
2650 3078 2770 3132 τινὰ
2798 3079 2931 3150 πρὸς
2965 3079 3022 3132 τὸ
3064 3080 3378 3148 φαινόμενον
3408 3079 3663 3147 αἰσθητὴν
3712 3077 3812 3146 περὶ
3849 3073 3915 3125 τὸν

2437 3167 2572 3236 ἀέρα
2602 3167 2961 3238 παραλλαγήν.
2990 3169 3062 3221 Οὐ
3091 3169 3294 3234 γίνεται
3321 3168 3376 3220 δὲ
3409 3165 3584 3229 τοῦτο,
3626 3166 3724 3218 ἀλλ’
3753 3167 3803 3216 ὲκ
3835 3162 3914 3214 τῶν

2435 3259 2684 3312 ἐναντίων
2719 3259 2940 3329 χειμών.
2976 3259 3133 3312 Ὅθεν
3161 3263 3270 3322 τοῖς
3293 3259 3686 3330 περαπήγμασι
3712 3253 3912 3325 παράπι-

2432 3366 2520 3401 ται
2552 3352 2797 3419 σημεῖον·
2825 3349 2964 3401 ὥστε
2996 3343 3128 3400 εἶναι
3163 3349 3388 3420 φανερὸν
3413 3351 3476 3402 ἐκ
3502 3350 3724 3409 πάντων,
3745 3346 3810 3396 ὅτι
3831 3341 3910 3395 οὔδ’

2432 3431 2580 3499 οὗτος
2606 3440 2634 3489 6
2661 3437 2853 3507 ἀστὴρ,
2877 3435 2984 3500 οὔτ’
3014 3437 3166 3500 ἄλλος
3200 3438 3371 3501 οὐδεὶς
3396 3438 3710 3508 τηλικαύτην
3732 3433 3827 3486 τινὰ
3848 3428 3909 3482 δύ-

2431 3543 2588 3595 ναμιν
2617 3526 2745 3596 ἔχει,
2767 3525 2902 3578 ὥστε
2930 3526 3222 3596 μεταϐολὰς
3245 3531 3369 3600 περὶ
3393 3527 3478 3580 τὸν
3499 3528 3634 3598 ἀέρα
3654 3519 3908 3578 κατασκευά-

2433 3617 2566 3682 ζειν·
2621 3617 2731 3671 ἁλλ’
2775 3618 2970 3671 ἔστιτὸ
3004 3619 3318 3689 ἡγεμονικὸν
3344 3617 3508 3672 αἴτιον
3541 3619 3661 3689 περὶ
3682 3617 3758 3669 τὸν
3783 3613 3903 3682 ἥλιον

2431 3711 2485 3761 al
2520 3708 2574 3761 δὲ
2603 3709 3068 3763 τούτωνὲπιτολαὶ
3102 3711 3194 3763 καὶ
3221 3709 3396 3774 δύσεις
3425 3711 3516 3761 ἐπὶ
3567 3712 3657 3778 τὴν
3684 3707 3904 3772 ἐπίγνωσιν

2428 3799 2534 3852 τῶν
2560 3801 2686 3872 περὶ
2725 3802 2817 3855 τὸν
2849 3801 2984 3872 ἀέρα
3022 3801 3326 3872 μεταϐολῶν
3361 3802 3726 3872 παράκεινται.
3769 3794 3826 3848 Δι’
3855 3792 3899 3858 ἦν

2429 3891 2604 3944 αἰτίαν
2638 3891 2757 3944 οὐδὲ
2783 3891 2868 3945 διὰ
2891 3893 3085 3954 παντὸς
3120 3892 3672 3963 συμφωνοῦσιν.“0οεν
3711 3885 3894 3961 βελτίοσιν

2428 3983 2491 4038 ἄν
2532 4001 2611 4049 τις
2651 3983 2890 4054 σημείοις
2918 3985 3172 4056 χρήσαιτο
3205 3988 3311 4048 τοῖς
3341 3985 3451 4038 ὑπὸ
3470 3989 3568 4054 τῆς
3595 3985 3780 4054 φύσεως
3806 3978 3890 4045 ἡμῖν

2427 4073 2711 4144 διδομένοις
2729 4092 2741 4104 ·
2768 4070 2848 4138 οἷς
2862 4075 2954 4127 καὶ
2977 4077 3204 4146 ’Ἄρατος
3229 4077 3502 4148 κέχρηται.
3526 4078 3632 4140 Τὰς
3657 4077 3743 4146 μὲν
3768 4069 3894 4141 γὰρέκ

2425 4167 2531 4219 τῶν
2558 4167 2811 4220 ὲπιτθλῶν
2837 4169 2928 4221 καὶ
2948 4168 3146 4222 δύσεων
3160 4170 3263 4222 τῶν
3274 4171 3482 4242 ἄστρων
3501 4171 3765 4240 γινομένας
3783 4175 3897 4233 μετα·

2426 4255 2582 4319 ϐολὰς
2601 4255 2691 4309 τοῦ
2712 4257 2867 4327 ἀέρος
2891 4255 3040 4327 ᾠήθη
3067 4251 3199 4310 εἶναι
3213 4258 3605 4329 διειικευιιτμένας⁸
3627 4257 3713 4318 τὰς
3731 4255 3775 4306 δὲ
3791 4265 3901 4319 συσίν

2425 4346 2534 4409 κῶς
2568 4347 2852 4415 γινομένας
2872 4348 2962 4399 καὶ
2991 4347 3124 4416 μετά
3156 4365 3294 4411 τινος
3342 4350 3518 4412 αίτίας
3534 4344 3848 4416 κατεχώρισεν
3863 4340 3901 4388 ἐν
3995 4365 4002 4414 j

2421 4439 2484 4506 τῇ
2530 4437 2634 4489 τῶν
2675 4437 3004 4508 Φαινομένων
3048 4438 3388 4510 πραγματείᾳ
3429 4440 3517 4492 ἐπὶ
3538 4441 3666 4492 πᾶσι
3688 4437 3770 4506 τῆς
3811 4432 3902 4499 ὅλης

2353 4568 2396 4624 υ
2424 4527 2738 4592 συντάξεως.
2775 4527 3046 4599 Λαμϐἀνει
3075 4530 3178 4600 γὰρ
3221 4531 3316 4593 τὰς
3355 4529 3678 4600 προγνώσεις
3709 4526 3798 4580 ἀπὸ
3831 4522 3902 4587 τῆς

2421 4621 2513 4672 τοῦ
2544 4621 2694 4690 ἡλίου
2732 4622 2990 4693 ἀνατολῆς
3011 4624 3104 4678 καὶ
3124 4623 3342 4686 δύσεως,
3358 4625 3451 4676 καὶ
3477 4625 3582 4677 ἀπὸ
3612 4625 3702 4693 τῆς
3729 4618 3902 4686 σελήνης

2419 4711 2686 4764 ἀνατολῶν
2722 4716 2814 4766 καὶ
2843 4715 3061 4778 δύσεων,
3090 4716 3182 4770 καὶ
3213 4715 3321 4790 ἀπὸ
3348 4715 3446 4785 τῆς
3480 4716 3589 4770 ἅλω
3617 4714 3707 4783 τῆς
3731 4705 3899 4778 γινομέ-

2422 4817 2516 4870 νης
2543 4803 2668 4872 περὶ
2687 4803 2782 4874 τὴν
2814 4805 3056 4876 σελήνην,
3082 4807 3174 4859 καὶ
3203 4806 3308 4859 ἀπὸ
3329 4805 3431 4858 τῶν
3449 4803 3766 4860 διαῖσσόντων
3785 4795 3900 4852 ἀστέ-

2425 4909 2551 4962 ρων,
2592 4895 2683 4945 καὶ
2719 4895 2824 4947 ἀπὸ
2853 4896 2958 4947 τῶν
2985 4896 3189 4963 ἀλόγων
3217 4894 3395 4960 ζώωνο
3429 4897 3482 4948 αί
3506 4895 3610 4967 γὰρ
3631 4893 3726 4948 ἀπὸ
3743 4888 3898 4942 τούτων

2423 4982 2770 5052 προγνώσεις,
2819 4986 2954 5055 μετά
3003 5002 3151 5049 τινος
3194 4985 3424 5055 φυσικῆς
3457 4987 3624 5048 αἰτίας
3657 4981 3899 5052 γινόμεναι,

2420 5094 2562 5169 Nihil
2591 5099 2692 5153 hac
2726 5101 3187 5169 argumentatione
3211 5099 3426 5158 falsius.
3469 5101 3596 5168 Quae
3621 5108 3723 5152 tum
3753 5106 3896 5169 ρτοεεο

2421 5166 2590 5241 deret,
2626 5171 2671 5223 si
2704 5166 2876 5224 hiems
2897 5183 3068 5241 πεδιειεᾷ
3083 5179 3226 5225 esset
3246 5210 3260 5234 ,
3288 5181 3379 5224 aut
3409 5174 3460 5224 in
3486 5166 3599 5241 ipso
3625 5166 3894 5238 Capricorno

2419 5238 2519 5289 sita
2560 5248 2701 5293 esset
2721 5241 2996 5294 Canicula.
3033 5239 3151 5294 llzcc
3191 5241 3329 5294 cuitu
3379 5238 3584 5296 Gemini
3627 5245 3893 5302 tempmeln

2420 5307 2584 5384 gradu
2607 5309 2950 5384 Geminorum
2980 5311 3192 5384 circiter
3213 5327 3277 5384 xv
3301 5311 3671 5365 coll0cabatur.
3703 5301 3894 5384 llistabal

2419 5377 2491 5448 ab
2533 5380 2891 5447 mquinoctiali
2930 5380 3184 5448 gradibus
3229 5381 3337 5434 fere
3386 5391 3501 5444 x'vl,
3533 5393 3562 5431 a
3604 5377 3788 5448 tropico
3808 5377 3890 5447 et:

2420 5447 2530 5499 sole
2556 5446 2715 5516 prope
2745 5465 2830 5504 ιιι..
2854 5446 2985 5502 Cum
3021 5457 3199 5503 autem
3223 5451 3300 5503 sol
3332 5451 3385 5504 in
3408 5446 3703 5515 Capricorni
3730 5446 3892 5509 tropico

2427 5519 2619 5580 stalsat,
2654 5520 2991 5571 intervallum
3034 5519 3173 5572 inter
3215 5521 3356 5572 hunc
3401 5526 3452 5573 et
3481 5516 3777 5582 Caniculam
3803 5521 3890 5582 anl-

2426 5586 2566 5652 plius
2593 5597 2707 5642 erat
2737 5588 3094 5642 semicirculo.
3121 5589 3259 5652 Quid
3282 5587 3444 5658 igitur
3471 5588 3721 5658 cogitabat
3747 5581 3888 5658 Genui

2423 5669 2545 5728 nus,
2611 5672 2733 5710 cum
2791 5658 3228 5728 propinquioretn
3302 5655 3400 5728 Soli
3464 5655 3752 5711 Caniculam
3799 5656 3890 5728 esse

2421 5727 2702 5788 si-riberct,
2739 5719 2957 5794 quando
2986 5719 3268 5781 liibernum
3303 5727 3668 5798 illetropicum
3708 5719 3887 5783 ocul?“
3967 5756 3974 5790 ε

2419 5810 2578 5862 quam
2619 5812 2740 5848 cum
2792 5797 2843 5850 in
2901 5798 3088 5852 aestivo
3131 5797 3407 5851 moratur?

4015 4051 4019 4144 gi
