  <div class='ocr_page' id='page_1' title='image "/cluster/home/n/w/nwhite01/storage/ocr_20150623/19/pst.000005712045/434.png"; bbox 0 0 4100 6316; ppageno 0'>
   <div class='ocr_carea' id='block_1_1' title="bbox 181 439 280 495">
    <p class='ocr_par' dir='ltr' id='par_1_1' title="bbox 181 439 280 495">
     <span class='ocr_line' id='line_1_1' title="bbox 181 439 280 495; baseline -0.02 0"><span class='ocrx_word' id='word_1_1' title='bbox 181 439 280 495; x_wconf 78' lang='lat'><strong>855</strong></span> 
     </span>
    </p>
   </div>
   <div class='ocr_carea' id='block_1_2' title="bbox 1186 445 2345 508">
    <p class='ocr_par' dir='ltr' id='par_1_2' title="bbox 1186 445 2345 508">
     <span class='ocr_line' id='line_1_2' title="bbox 1186 445 2345 508; baseline 0.002 -6"><span class='ocrx_word' id='word_1_2' title='bbox 1186 445 1417 502; x_wconf 81' lang='lat' dir='ltr'><strong>GEMINI</strong></span> <span class='ocrx_word' id='word_1_3' title='bbox 1454 447 1824 505; x_wconf 79' lang='lat' dir='ltr'><strong>ELEMENTA</strong></span> <span class='ocrx_word' id='word_1_4' title='bbox 1864 449 2345 508; x_wconf 65' lang='lat' dir='ltr'><strong>ASTBONOMIE.</strong></span> 
     </span>
    </p>
   </div>
   <div class='ocr_carea' id='block_1_3' title="bbox 3241 449 3336 503">
    <p class='ocr_par' dir='ltr' id='par_1_3' title="bbox 3241 449 3336 503">
     <span class='ocr_line' id='line_1_3' title="bbox 3241 449 3336 503; baseline 0 -1"><span class='ocrx_word' id='word_1_5' title='bbox 3241 449 3336 503; x_wconf 66' lang='grc' dir='ltr'><strong>εει</strong></span> 
     </span>
    </p>
   </div>
   <div class='ocr_carea' id='block_1_4' title="bbox 181 555 1786 636">
    <p class='ocr_par' dir='ltr' id='par_1_4' title="bbox 181 555 1786 636">
     <span class='ocr_line' id='line_1_4' title="bbox 181 555 1786 636; baseline 0.009 -30"><span class='ocrx_word' id='word_1_6' title='bbox 181 555 665 628; x_wconf 68' lang='grc' dir='ltr'><strong>κατηναγκασμένα</strong></span> <span class='ocrx_word' id='word_1_7' title='bbox 690 557 864 629; x_wconf 78' lang='grc' dir='ltr'>έχουσι</span> <span class='ocrx_word' id='word_1_8' title='bbox 899 557 964 613; x_wconf 79' lang='grc' dir='ltr'>τὰ</span> <span class='ocrx_word' id='word_1_9' title='bbox 991 560 1413 634; x_wconf 74' lang='grc' dir='ltr'>ἀποτελέσματα.</span> <span class='ocrx_word' id='word_1_10' title='bbox 1445 567 1602 620; x_wconf 80' lang='grc' dir='ltr'>Ὅθεν</span> <span class='ocrx_word' id='word_1_11' title='bbox 1631 569 1721 621; x_wconf 69' lang='grc' dir='ltr'><strong>καὶ</strong></span> <span class='ocrx_word' id='word_1_12' title='bbox 1750 583 1786 636; x_wconf 72' lang='grc' dir='ltr'>Α</span> 
     </span>
    </p>
   </div>
   <div class='ocr_carea' id='block_1_5' title="bbox 1830 555 3340 636">
    <p class='ocr_par' dir='ltr' id='par_1_5' title="bbox 1830 563 3340 636">
     <span class='ocr_line' id='line_1_5' title="bbox 1830 563 3340 636; baseline -0.005 -16"><span class='ocrx_word' id='word_1_13' title='bbox 1830 568 2072 622; x_wconf 83' lang='lat' dir='ltr'><strong>imbrium</strong></span> <span class='ocrx_word' id='word_1_14' title='bbox 2112 567 2380 636; x_wconf 74' lang='lat' dir='ltr'><strong>exposuit,</strong></span> <span class='ocrx_word' id='word_1_15' title='bbox 2407 581 2472 620; x_wconf 79' lang='lat' dir='ltr'><strong>ex</strong></span> <span class='ocrx_word' id='word_1_16' title='bbox 2511 564 2779 635; x_wconf 68' lang='lat' dir='ltr'><strong>praedictis</strong></span> <span class='ocrx_word' id='word_1_17' title='bbox 2829 563 3107 635; x_wconf 76' lang='lat' dir='ltr'><strong>generibus</strong></span> <span class='ocrx_word' id='word_1_18' title='bbox 3149 576 3340 630; x_wconf 63' lang='lat' dir='ltr'><strong>praeco-</strong></span> 
     </span>
    </p>
   </div>
   <div class='ocr_carea' id='block_1_6' title="bbox 182 644 1712 728">
    <p class='ocr_par' dir='ltr' id='par_1_6' title="bbox 182 644 1712 728">
     <span class='ocr_line' id='line_1_6' title="bbox 182 644 1712 728; baseline 0.009 -31"><span class='ocrx_word' id='word_1_19' title='bbox 182 644 377 716; x_wconf 83' lang='grc' dir='ltr'>Βόηθος</span> <span class='ocrx_word' id='word_1_20' title='bbox 408 651 438 700; x_wconf 99' lang='lat'><strong>6</strong></span> <span class='ocrx_word' id='word_1_21' title='bbox 473 649 743 717; x_wconf 82' lang='grc' dir='ltr'>φιλόσοφος</span> <span class='ocrx_word' id='word_1_22' title='bbox 769 653 824 703; x_wconf 82' lang='grc' dir='ltr'>ὲν</span> <span class='ocrx_word' id='word_1_23' title='bbox 852 651 926 722; x_wconf 81' lang='grc' dir='ltr'>τῷ</span> <span class='ocrx_word' id='word_1_24' title='bbox 957 652 1192 724; x_wconf 85' lang='grc' dir='ltr'><strong>τετάρτῳ</strong></span> <span class='ocrx_word' id='word_1_25' title='bbox 1214 654 1397 725; x_wconf 80' lang='grc' dir='ltr'>βιϐλίῳ</span> <span class='ocrx_word' id='word_1_26' title='bbox 1419 659 1512 727; x_wconf 80' lang='grc' dir='ltr'><strong>τῆς</strong></span> <span class='ocrx_word' id='word_1_27' title='bbox 1558 659 1712 728; x_wconf 73' lang='grc' dir='ltr'>’Δρά-</span> 
     </span>
    </p>
   </div>
   <div class='ocr_carea' id='block_1_7' title="bbox 180 738 1711 809">
    <p class='ocr_par' dir='ltr' id='par_1_7' title="bbox 180 738 1711 809">
     <span class='ocr_line' id='line_1_7' title="bbox 180 738 1711 809; baseline 0.008 -21"><span class='ocrx_word' id='word_1_28' title='bbox 180 755 266 788; x_wconf 82' lang='grc' dir='ltr'><strong>του</strong></span> <span class='ocrx_word' id='word_1_29' title='bbox 317 738 642 809; x_wconf 78' lang='grc' dir='ltr'><strong>ἐξηγήσεως,</strong></span> <span class='ocrx_word' id='word_1_30' title='bbox 684 741 912 808; x_wconf 77' lang='grc' dir='ltr'>φυσικὰς</span> <span class='ocrx_word' id='word_1_31' title='bbox 953 742 1049 805; x_wconf 87' lang='grc' dir='ltr'>τὰς</span> <span class='ocrx_word' id='word_1_32' title='bbox 1087 745 1256 809; x_wconf 79' lang='grc' dir='ltr'><strong>αἰτίας</strong></span> <span class='ocrx_word' id='word_1_33' title='bbox 1286 746 1582 800; x_wconf 74' lang='grc' dir='ltr'>ἀποδέδωκε</span> <span class='ocrx_word' id='word_1_34' title='bbox 1607 747 1711 800; x_wconf 77' lang='grc' dir='ltr'>τῶν</span> 
     </span>
    </p>
   </div>
   <div class='ocr_carea' id='block_1_8' title="bbox 179 830 1710 908">
    <p class='ocr_par' dir='ltr' id='par_1_8' title="bbox 179 830 1710 908">
     <span class='ocr_line' id='line_1_8' title="bbox 179 830 1710 908; baseline 0.007 -30"><span class='ocrx_word' id='word_1_35' title='bbox 179 843 234 879; x_wconf 87' lang='grc' dir='ltr'><strong>τε</strong></span> <span class='ocrx_word' id='word_1_36' title='bbox 259 830 580 898; x_wconf 81' lang='grc' dir='ltr'><strong>πνευμάτων</strong></span> <span class='ocrx_word' id='word_1_37' title='bbox 635 832 723 884; x_wconf 65' lang='grc' dir='ltr'><strong>καλ⁸</strong></span> <span class='ocrx_word' id='word_1_38' title='bbox 781 831 1014 902; x_wconf 76' lang='grc' dir='ltr'>δμϐρων,</span> <span class='ocrx_word' id='word_1_39' title='bbox 1047 835 1107 886; x_wconf 82' lang='grc' dir='ltr'><strong>ὲκ</strong></span> <span class='ocrx_word' id='word_1_40' title='bbox 1161 836 1262 887; x_wconf 79' lang='grc' dir='ltr'><strong>τῶν</strong></span> <span class='ocrx_word' id='word_1_41' title='bbox 1309 836 1710 908; x_wconf 72' lang='grc' dir='ltr'><strong>προειρημένων</strong></span> 
     </span>
    </p>
   </div>
   <div class='ocr_carea' id='block_1_9' title="bbox 1815 651 3340 727">
    <p class='ocr_par' dir='ltr' id='par_1_9' title="bbox 1815 651 3340 727">
     <span class='ocr_line' id='line_1_9' title="bbox 1815 651 3340 727; baseline -0.005 -18"><span class='ocrx_word' id='word_1_42' title='bbox 1815 658 2089 727; x_wconf 89' lang='lat' dir='ltr'><strong>gnitiones</strong></span> <span class='ocrx_word' id='word_1_43' title='bbox 2125 658 2436 713; x_wconf 90' lang='lat' dir='ltr'><strong>ostendens.</strong></span> <span class='ocrx_word' id='word_1_44' title='bbox 2471 656 2566 712; x_wconf 82' lang='lat' dir='ltr'><strong>His</strong></span> <span class='ocrx_word' id='word_1_45' title='bbox 2599 658 2765 724; x_wconf 84' lang='lat' dir='ltr'><strong>signis</strong></span> <span class='ocrx_word' id='word_1_46' title='bbox 2796 663 2848 711; x_wconf 90' lang='lat' dir='ltr'><strong>et</strong></span> <span class='ocrx_word' id='word_1_47' title='bbox 2883 654 3194 708; x_wconf 84' lang='lat' dir='ltr'><strong>Aristoteles</strong></span> <span class='ocrx_word' id='word_1_48' title='bbox 3219 651 3340 720; x_wconf 72' lang='lat' dir='ltr'><strong>plri-</strong></span> 
     </span>
    </p>
   </div>
   <div class='ocr_carea' id='block_1_10' title="bbox 1815 743 3342 818">
    <p class='ocr_par' dir='ltr' id='par_1_10' title="bbox 1815 743 3342 818">
     <span class='ocr_line' id='line_1_10' title="bbox 1815 743 3342 818; baseline -0.006 -18"><span class='ocrx_word' id='word_1_49' title='bbox 1815 748 2071 818; x_wconf 81' lang='lat' dir='ltr'><strong>losOpbus</strong></span> <span class='ocrx_word' id='word_1_50' title='bbox 2103 766 2234 804; x_wconf 91' lang='lat' dir='ltr'><strong>usus</strong></span> <span class='ocrx_word' id='word_1_51' title='bbox 2268 759 2367 813; x_wconf 86' lang='lat' dir='ltr'><strong>est,</strong></span> <span class='ocrx_word' id='word_1_52' title='bbox 2402 757 2456 803; x_wconf 88' lang='lat' dir='ltr'><strong>et</strong></span> <span class='ocrx_word' id='word_1_53' title='bbox 2484 747 2760 811; x_wconf 80' lang='lat' dir='ltr'><strong>Eudoxus,</strong></span> <span class='ocrx_word' id='word_1_54' title='bbox 2780 755 2832 802; x_wconf 90' lang='lat' dir='ltr'><strong>et</strong></span> <span class='ocrx_word' id='word_1_55' title='bbox 2860 748 3038 817; x_wconf 81' lang='lat' dir='ltr'><strong>plures</strong></span> <span class='ocrx_word' id='word_1_56' title='bbox 3067 743 3155 796; x_wconf 83' lang='lat' dir='ltr'><strong>alii</strong></span> <span class='ocrx_word' id='word_1_57' title='bbox 3175 749 3342 796; x_wconf 89' lang='lat' dir='ltr'><strong>astro-</strong></span> 
     </span>
    </p>
   </div>
   <div class='ocr_carea' id='block_1_11' title="bbox 1812 839 1939 910">
    <p class='ocr_par' dir='ltr' id='par_1_11' title="bbox 1812 839 1939 910">
     <span class='ocr_line' id='line_1_11' title="bbox 1812 839 1939 910; baseline 0.016 -18"><span class='ocrx_word' id='word_1_58' title='bbox 1812 839 1939 910; x_wconf 83' lang='lat' dir='ltr'><strong>logi.</strong></span> 
     </span>
    </p>
   </div>
   <div class='ocr_carea' id='block_1_12' title="bbox 181 921 3341 1012">
    <p class='ocr_par' dir='ltr' id='par_1_12' title="bbox 181 921 3341 1012">
     <span class='ocr_line' id='line_1_12' title="bbox 181 921 3341 1012; baseline 0.006 -41"><span class='ocrx_word' id='word_1_59' title='bbox 181 921 329 973; x_wconf 78' lang='grc' dir='ltr'>είδων</span> <span class='ocrx_word' id='word_1_60' title='bbox 353 923 455 988; x_wconf 81' lang='grc' dir='ltr'>τὰς</span> <span class='ocrx_word' id='word_1_61' title='bbox 491 926 816 995; x_wconf 83' lang='grc' dir='ltr'>προγνώσεις</span> <span class='ocrx_word' id='word_1_62' title='bbox 844 928 1281 997; x_wconf 77' lang='grc' dir='ltr'>ἀποφαινόμενος.</span> <span class='ocrx_word' id='word_1_63' title='bbox 1301 930 1516 994; x_wconf 75' lang='grc' dir='ltr'><strong>Τούτοις</strong></span> <span class='ocrx_word' id='word_1_64' title='bbox 1533 930 1588 984; x_wconf 82' lang='grc' dir='ltr'><strong>δὲ</strong></span> <span class='ocrx_word' id='word_1_65' title='bbox 1613 934 1720 993; x_wconf 81' lang='grc' dir='ltr'>τοῖς</span> <span class='ocrx_word' id='word_1_66' title='bbox 1760 933 1998 1001; x_wconf 79' lang='grc' dir='ltr'>σημείοις</span> <span class='ocrx_word' id='word_1_67' title='bbox 2033 935 2120 1012; x_wconf 75' lang='grc' dir='ltr'><strong>καί</strong></span> <span class='ocrx_word' id='word_1_68' title='bbox 2162 933 2524 1004; x_wconf 72' lang='grc' dir='ltr'><strong>Ἀριστοτέλης</strong></span> <span class='ocrx_word' id='word_1_69' title='bbox 2551 933 2804 1004; x_wconf 84' lang='grc' dir='ltr'>κέχρηται</span> <span class='ocrx_word' id='word_1_70' title='bbox 2852 933 2880 984; x_wconf 89' lang='grc' dir='ltr'>ὁ</span> <span class='ocrx_word' id='word_1_71' title='bbox 2907 928 3182 998; x_wconf 73' lang='grc' dir='ltr'>φιλόσοφος</span> <span class='ocrx_word' id='word_1_72' title='bbox 3191 965 3202 989; x_wconf 75' lang='grc' dir='ltr'><strong>ι</strong></span> <span class='ocrx_word' id='word_1_73' title='bbox 3253 923 3341 976; x_wconf 63' lang='grc' dir='ltr'>καὶ</span> 
     </span>
    </p>
   </div>
   <div class='ocr_carea' id='block_1_13' title="bbox 181 1013 1519 1095">
    <p class='ocr_par' dir='ltr' id='par_1_13' title="bbox 181 1013 1519 1095">
     <span class='ocr_line' id='line_1_13' title="bbox 181 1013 1519 1095; baseline 0.01 -29"><span class='ocrx_word' id='word_1_74' title='bbox 181 1013 424 1080; x_wconf 75' lang='grc' dir='ltr'>Εὔδοξος,</span> <span class='ocrx_word' id='word_1_75' title='bbox 455 1020 542 1070; x_wconf 74' lang='grc' dir='ltr'><strong>καὶ</strong></span> <span class='ocrx_word' id='word_1_76' title='bbox 570 1021 738 1092; x_wconf 78' lang='grc' dir='ltr'>ἕτεροι</span> <span class='ocrx_word' id='word_1_77' title='bbox 773 1024 1010 1087; x_wconf 83' lang='grc' dir='ltr'>πλείονες</span> <span class='ocrx_word' id='word_1_78' title='bbox 1035 1025 1141 1077; x_wconf 75' lang='grc' dir='ltr'>τῶν</span> <span class='ocrx_word' id='word_1_79' title='bbox 1167 1025 1519 1095; x_wconf 56' lang='grc' dir='ltr'>ἀστρολόγων.</span> 
     </span>
    </p>
   </div>
   <div class='ocr_carea' id='block_1_14' title="bbox 699 1133 1222 1192">
    <p class='ocr_par' dir='ltr' id='par_1_14' title="bbox 699 1133 1222 1192">
     <span class='ocr_line' id='line_1_14' title="bbox 699 1133 1222 1192; baseline 0.006 -4"><span class='ocrx_word' id='word_1_80' title='bbox 699 1138 1081 1191; x_wconf 79' lang='grc' dir='ltr'><strong>ΚΕΦΑΛΑῙΟΝ</strong></span> <span class='ocrx_word' id='word_1_81' title='bbox 1129 1133 1222 1192; x_wconf 63' lang='lat'><strong>&quot;3&#39;.</strong></span> 
     </span>
    </p>
   </div>
   <div class='ocr_carea' id='block_1_15' title="bbox 631 1241 1270 1324">
    <p class='ocr_par' dir='ltr' id='par_1_15' title="bbox 631 1241 1270 1324">
     <span class='ocr_line' id='line_1_15' title="bbox 631 1241 1270 1324; baseline 0.005 -23"><span class='ocrx_word' id='word_1_82' title='bbox 631 1250 763 1317; x_wconf 80' lang='grc' dir='ltr'>Περὶ</span> <span class='ocrx_word' id='word_1_83' title='bbox 793 1250 1102 1321; x_wconf 64' lang='grc' dir='ltr'>ἐξελιῖγιοῦ</span> <span class='ocrx_word' id='word_1_84' title='bbox 1142 1241 1270 1324; x_wconf 76' lang='grc'><strong>(50).</strong></span> 
     </span>
    </p>
   </div>
   <div class='ocr_carea' id='block_1_16' title="bbox 262 1363 1717 1441">
    <p class='ocr_par' dir='ltr' id='par_1_16' title="bbox 262 1363 1717 1441">
     <span class='ocr_line' id='line_1_16' title="bbox 262 1363 1717 1441; baseline 0.005 -26"><span class='ocrx_word' id='word_1_85' title='bbox 262 1363 572 1434; x_wconf 82' lang='grc' dir='ltr'>Ἐξελιγμὸς</span> <span class='ocrx_word' id='word_1_86' title='bbox 607 1367 716 1418; x_wconf 76' lang='grc' dir='ltr'>ἐστι</span> <span class='ocrx_word' id='word_1_87' title='bbox 746 1368 930 1436; x_wconf 77' lang='grc' dir='ltr'><strong>χρόνος</strong></span> <span class='ocrx_word' id='word_1_88' title='bbox 967 1368 1236 1439; x_wconf 78' lang='grc' dir='ltr'>ἐλάχιστος</span> <span class='ocrx_word' id='word_1_89' title='bbox 1273 1371 1533 1441; x_wconf 79' lang='grc' dir='ltr'><strong>περιέχων</strong></span> <span class='ocrx_word' id='word_1_90' title='bbox 1571 1371 1717 1433; x_wconf 81' lang='grc' dir='ltr'>ὅλους</span> 
     </span>
    </p>
   </div>
   <div class='ocr_carea' id='block_1_17' title="bbox 190 1456 1718 1531">
    <p class='ocr_par' dir='ltr' id='par_1_17' title="bbox 190 1456 1718 1531">
     <span class='ocr_line' id='line_1_17' title="bbox 190 1456 1718 1531; baseline 0.003 -23"><span class='ocrx_word' id='word_1_91' title='bbox 190 1456 360 1526; x_wconf 85' lang='grc' dir='ltr'>μῆνας</span> <span class='ocrx_word' id='word_1_92' title='bbox 386 1497 401 1519; x_wconf 91' lang='grc'><strong>,</strong></span> <span class='ocrx_word' id='word_1_93' title='bbox 433 1459 521 1510; x_wconf 80' lang='grc' dir='ltr'><strong>καὶ</strong></span> <span class='ocrx_word' id='word_1_94' title='bbox 549 1459 672 1520; x_wconf 74' lang='grc' dir='ltr'>ὅλας</span> <span class='ocrx_word' id='word_1_95' title='bbox 701 1459 933 1531; x_wconf 75' lang='grc' dir='ltr'>ἡμέρας,</span> <span class='ocrx_word' id='word_1_96' title='bbox 965 1463 1058 1514; x_wconf 70' lang='grc' dir='ltr'><strong>καὶ</strong></span> <span class='ocrx_word' id='word_1_97' title='bbox 1101 1461 1224 1523; x_wconf 74' lang='grc' dir='ltr'>ὅλας</span> <span class='ocrx_word' id='word_1_98' title='bbox 1260 1463 1718 1521; x_wconf 75' lang='grc' dir='ltr'><strong>ἀποκαταστάσεις</strong></span> 
     </span>
    </p>
   </div>
   <div class='ocr_carea' id='block_1_18' title="bbox 186 1542 1719 1621">
    <p class='ocr_par' dir='ltr' id='par_1_18' title="bbox 186 1542 1719 1621">
     <span class='ocr_line' id='line_1_18' title="bbox 186 1542 1719 1621; baseline 0.003 -24"><span class='ocrx_word' id='word_1_99' title='bbox 186 1542 279 1614; x_wconf 79' lang='grc' dir='ltr'>τῆς</span> <span class='ocrx_word' id='word_1_100' title='bbox 321 1547 568 1616; x_wconf 74' lang='grc' dir='ltr'>σελήνης.</span> <span class='ocrx_word' id='word_1_101' title='bbox 618 1548 761 1599; x_wconf 75' lang='grc' dir='ltr'>Ἐπεὶ</span> <span class='ocrx_word' id='word_1_102' title='bbox 803 1550 907 1616; x_wconf 76' lang='grc' dir='ltr'>γὰρ</span> <span class='ocrx_word' id='word_1_103' title='bbox 939 1551 966 1599; x_wconf 87' lang='grc' dir='ltr'><strong>ό</strong></span> <span class='ocrx_word' id='word_1_104' title='bbox 1002 1553 1240 1619; x_wconf 84' lang='grc' dir='ltr'>μηνιαῖος</span> <span class='ocrx_word' id='word_1_105' title='bbox 1277 1552 1460 1620; x_wconf 78' lang='grc' dir='ltr'>χρόνος</span> <span class='ocrx_word' id='word_1_106' title='bbox 1486 1568 1719 1621; x_wconf 80' lang='grc' dir='ltr'>παρετη-</span> 
     </span>
    </p>
   </div>
   <div class='ocr_carea' id='block_1_19' title="bbox 193 1637 1722 1709">
    <p class='ocr_par' dir='ltr' id='par_1_19' title="bbox 193 1637 1722 1709">
     <span class='ocr_line' id='line_1_19' title="bbox 193 1637 1722 1709; baseline 0.002 -20"><span class='ocrx_word' id='word_1_107' title='bbox 193 1637 319 1707; x_wconf 74' lang='grc' dir='ltr'><strong>ρήθη</strong></span> <span class='ocrx_word' id='word_1_108' title='bbox 340 1638 598 1708; x_wconf 75' lang='grc' dir='ltr'><strong>ὑπάρχων</strong></span> <span class='ocrx_word' id='word_1_109' title='bbox 627 1640 840 1708; x_wconf 74' lang='grc' dir='ltr'>ἡμερῶν</span> <span class='ocrx_word' id='word_1_110' title='bbox 861 1640 1054 1692; x_wconf 77' lang='grc' dir='ltr'>εἴκοσιν</span> <span class='ocrx_word' id='word_1_111' title='bbox 1075 1641 1222 1694; x_wconf 78' lang='grc' dir='ltr'>ἐννέα</span> <span class='ocrx_word' id='word_1_112' title='bbox 1239 1644 1388 1708; x_wconf 59' lang='lat' dir='ltr'><strong>CII/&#39;6&#39;,</strong></span> <span class='ocrx_word' id='word_1_113' title='bbox 1405 1642 1476 1704; x_wconf 82' lang='grc' dir='ltr'>ὡς</span> <span class='ocrx_word' id='word_1_114' title='bbox 1500 1644 1722 1709; x_wconf 71' lang='grc' dir='ltr'>ἔγγιστα</span> 
     </span>
    </p>
   </div>
   <div class='ocr_carea' id='block_1_20' title="bbox 195 1727 1719 1801">
    <p class='ocr_par' dir='ltr' id='par_1_20' title="bbox 195 1727 1719 1801">
     <span class='ocr_line' id='line_1_20' title="bbox 195 1727 1719 1801; baseline 0.005 -23"><span class='ocrx_word' id='word_1_115' title='bbox 195 1727 282 1779; x_wconf 70' lang='grc' dir='ltr'>καὶ</span> <span class='ocrx_word' id='word_1_116' title='bbox 309 1729 632 1798; x_wconf 78' lang='grc' dir='ltr'>τριακοστοῦ</span> <span class='ocrx_word' id='word_1_117' title='bbox 660 1731 859 1800; x_wconf 79' lang='grc' dir='ltr'>τρίτου,</span> <span class='ocrx_word' id='word_1_118' title='bbox 895 1733 925 1799; x_wconf 78' lang='grc' dir='ltr'>ἡ</span> <span class='ocrx_word' id='word_1_119' title='bbox 959 1731 1014 1782; x_wconf 81' lang='grc' dir='ltr'><strong>δὲ</strong></span> <span class='ocrx_word' id='word_1_120' title='bbox 1044 1733 1476 1794; x_wconf 76' lang='grc' dir='ltr'>ἀποκατάστασις</span> <span class='ocrx_word' id='word_1_121' title='bbox 1501 1733 1597 1801; x_wconf 70' lang='grc' dir='ltr'>τῆς</span> <span class='ocrx_word' id='word_1_122' title='bbox 1631 1750 1719 1785; x_wconf 84' lang='grc' dir='ltr'>σε·</span> 
     </span>
    </p>
   </div>
   <div class='ocr_carea' id='block_1_21' title="bbox 191 1813 1716 1890">
    <p class='ocr_par' dir='ltr' id='par_1_21' title="bbox 191 1813 1716 1890">
     <span class='ocr_line' id='line_1_21' title="bbox 191 1813 1716 1890; baseline 0.003 -22"><span class='ocrx_word' id='word_1_123' title='bbox 191 1818 347 1888; x_wconf 83' lang='grc' dir='ltr'>λήνης</span> <span class='ocrx_word' id='word_1_124' title='bbox 387 1813 610 1890; x_wconf 77' lang='grc' dir='ltr'>’ἡμερῶν</span> <span class='ocrx_word' id='word_1_125' title='bbox 640 1820 718 1884; x_wconf 72' lang='grc' dir='ltr'>κζ</span> <span class='ocrx_word' id='word_1_126' title='bbox 750 1821 840 1872; x_wconf 75' lang='grc' dir='ltr'><strong>καὶ</strong></span> <span class='ocrx_word' id='word_1_127' title='bbox 871 1821 1320 1883; x_wconf 68' lang='grc' dir='ltr'>ὀκτωκαιδεκάτου</span> <span class='ocrx_word' id='word_1_128' title='bbox 1361 1820 1432 1884; x_wconf 83' lang='grc' dir='ltr'><strong>ὡς</strong></span> <span class='ocrx_word' id='word_1_129' title='bbox 1461 1822 1680 1889; x_wconf 71' lang='grc' dir='ltr'>ἔγγιστα</span> <span class='ocrx_word' id='word_1_130' title='bbox 1703 1837 1716 1850; x_wconf 87' lang='grc'>⁶</span> 
     </span>
    </p>
   </div>
   <div class='ocr_carea' id='block_1_22' title="bbox 2396 1136 2758 1192">
    <p class='ocr_par' dir='ltr' id='par_1_22' title="bbox 2396 1136 2758 1192">
     <span class='ocr_line' id='line_1_22' title="bbox 2396 1136 2758 1192; baseline -0.006 0"><span class='ocrx_word' id='word_1_131' title='bbox 2396 1136 2619 1192; x_wconf 80' lang='lat' dir='ltr'><strong>CAPUT</strong></span> <span class='ocrx_word' id='word_1_132' title='bbox 2646 1137 2758 1190; x_wconf 69' lang='lat' dir='ltr'><strong>XV.</strong></span> 
     </span>
    </p>
   </div>
   <div class='ocr_carea' id='block_1_23' title="bbox 2383 1223 2786 1304">
    <p class='ocr_par' dir='ltr' id='par_1_23' title="bbox 2383 1250 2786 1304">
     <span class='ocr_line' id='line_1_23' title="bbox 2383 1250 2786 1304; baseline 0.005 -2"><span class='ocrx_word' id='word_1_133' title='bbox 2383 1250 2458 1304; x_wconf 88' lang='lat' dir='ltr'><strong>De</strong></span> <span class='ocrx_word' id='word_1_134' title='bbox 2485 1250 2786 1304; x_wconf 81' lang='lat' dir='ltr'><strong>evolutione.</strong></span> 
     </span>
    </p>
   </div>
   <div class='ocr_carea' id='block_1_24' title="bbox 1884 1325 3345 1451">
    <p class='ocr_par' dir='ltr' id='par_1_24' title="bbox 1884 1325 3345 1451">
     <span class='ocr_line' id='line_1_24' title="bbox 1884 1325 3345 1451; baseline -0.001 -27"><span class='ocrx_word' id='word_1_135' title='bbox 1884 1369 2126 1451; x_wconf 74' lang='lat' dir='ltr'><strong>Evolutio</strong></span> <span class='ocrx_word' id='word_1_136' title='bbox 2154 1374 2235 1422; x_wconf 90' lang='lat' dir='ltr'><strong>est</strong></span> <span class='ocrx_word' id='word_1_137' title='bbox 2253 1374 2463 1434; x_wconf 79' lang='lat' dir='ltr'><strong>tempus</strong></span> <span class='ocrx_word' id='word_1_138' title='bbox 2493 1365 2792 1429; x_wconf 88' lang='lat' dir='ltr'><strong>minimum,</strong></span> <span class='ocrx_word' id='word_1_139' title='bbox 2813 1365 3090 1420; x_wconf 88' lang='lat' dir='ltr'><strong>continens</strong></span> <span class='ocrx_word' id='word_1_140' title='bbox 3111 1325 3345 1434; x_wconf 69' lang='lat' dir='ltr'><strong>integros</strong></span> 
     </span>
    </p>
   </div>
   <div class='ocr_carea' id='block_1_25' title="bbox 1813 1456 3341 1528">
    <p class='ocr_par' dir='ltr' id='par_1_25' title="bbox 1813 1456 3341 1528">
     <span class='ocr_line' id='line_1_25' title="bbox 1813 1456 3341 1528; baseline -0.003 -11"><span class='ocrx_word' id='word_1_141' title='bbox 1813 1468 2103 1527; x_wconf 86' lang='lat' dir='ltr'><strong>menses,et</strong></span> <span class='ocrx_word' id='word_1_142' title='bbox 2120 1463 2352 1528; x_wconf 85' lang='lat' dir='ltr'><strong>integros</strong></span> <span class='ocrx_word' id='word_1_143' title='bbox 2364 1458 2556 1517; x_wconf 86' lang='lat' dir='ltr'><strong>dies,et</strong></span> <span class='ocrx_word' id='word_1_144' title='bbox 2568 1457 2799 1525; x_wconf 86' lang='lat' dir='ltr'><strong>integras</strong></span> <span class='ocrx_word' id='word_1_145' title='bbox 2816 1456 3173 1511; x_wconf 88' lang='lat' dir='ltr'><strong>restitutiones</strong></span> <span class='ocrx_word' id='word_1_146' title='bbox 3187 1457 3341 1513; x_wconf 73' lang='lat' dir='ltr'><strong>lunac.</strong></span> 
     </span>
    </p>
   </div>
   <div class='ocr_carea' id='block_1_26' title="bbox 1821 1544 3345 1613">
    <p class='ocr_par' dir='ltr' id='par_1_26' title="bbox 1821 1544 3345 1613">
     <span class='ocr_line' id='line_1_26' title="bbox 1821 1544 3345 1613; baseline -0.005 -7"><span class='ocrx_word' id='word_1_147' title='bbox 1821 1552 1952 1606; x_wconf 87' lang='lat' dir='ltr'><strong>Cum</strong></span> <span class='ocrx_word' id='word_1_148' title='bbox 1985 1551 2124 1604; x_wconf 89' lang='lat' dir='ltr'><strong>enim</strong></span> <span class='ocrx_word' id='word_1_149' title='bbox 2161 1556 2492 1602; x_wconf 82' lang='lat' dir='ltr'><strong>InenStruum</strong></span> <span class='ocrx_word' id='word_1_150' title='bbox 2529 1553 2737 1613; x_wconf 79' lang='lat' dir='ltr'><strong>tempus</strong></span> <span class='ocrx_word' id='word_1_151' title='bbox 2770 1545 3105 1597; x_wconf 83' lang='lat' dir='ltr'><strong>observatum</strong></span> <span class='ocrx_word' id='word_1_152' title='bbox 3130 1544 3199 1600; x_wconf 82' lang='lat' dir='ltr'><strong>sit</strong></span> <span class='ocrx_word' id='word_1_153' title='bbox 3227 1561 3345 1599; x_wconf 86' lang='lat' dir='ltr'><strong>esse</strong></span> 
     </span>
    </p>
   </div>
   <div class='ocr_carea' id='block_1_27' title="bbox 1818 1633 3346 1708">
    <p class='ocr_par' dir='ltr' id='par_1_27' title="bbox 1818 1633 3346 1708">
     <span class='ocr_line' id='line_1_27' title="bbox 1818 1633 3346 1708; baseline -0.005 -14"><span class='ocrx_word' id='word_1_154' title='bbox 1818 1641 2023 1696; x_wconf 85' lang='lat' dir='ltr'><strong>dierum</strong></span> <span class='ocrx_word' id='word_1_155' title='bbox 2037 1640 2104 1693; x_wconf 67' lang='lat'><strong>‘39</strong></span> <span class='ocrx_word' id='word_1_156' title='bbox 2128 1639 2245 1708; x_wconf 71' lang='lat'><strong>1/2,</strong></span> <span class='ocrx_word' id='word_1_157' title='bbox 2263 1638 2414 1706; x_wconf 68' lang='lat'><strong>1/53,</strong></span> <span class='ocrx_word' id='word_1_158' title='bbox 2430 1636 2536 1690; x_wconf 82' lang='lat' dir='ltr'><strong>fere</strong></span> <span class='ocrx_word' id='word_1_159' title='bbox 2553 1653 2564 1687; x_wconf 92' lang='lat'><strong>:</strong></span> <span class='ocrx_word' id='word_1_160' title='bbox 2583 1636 2845 1688; x_wconf 87' lang='lat' dir='ltr'><strong>restitutio</strong></span> <span class='ocrx_word' id='word_1_161' title='bbox 2857 1649 2978 1688; x_wconf 76' lang='lat' dir='ltr'><strong>vero</strong></span> <span class='ocrx_word' id='word_1_162' title='bbox 2996 1633 3346 1689; x_wconf 69' lang='lat' dir='ltr'><strong>lunaedierum</strong></span> 
     </span>
    </p>
   </div>
   <div class='ocr_carea' id='block_1_28' title="bbox 1818 1725 3345 1799">
    <p class='ocr_par' dir='ltr' id='par_1_28' title="bbox 1818 1725 3345 1799">
     <span class='ocr_line' id='line_1_28' title="bbox 1818 1725 3345 1799; baseline -0.006 -14"><span class='ocrx_word' id='word_1_163' title='bbox 1818 1733 1881 1785; x_wconf 77' lang='lat'><strong>‘27</strong></span> <span class='ocrx_word' id='word_1_164' title='bbox 1911 1730 2045 1799; x_wconf 74' lang='lat' dir='ltr'><strong>i/l8</strong></span> <span class='ocrx_word' id='word_1_165' title='bbox 2069 1729 2194 1785; x_wconf 78' lang='lat' dir='ltr'><strong>fere.</strong></span> <span class='ocrx_word' id='word_1_166' title='bbox 2219 1728 2498 1795; x_wconf 75' lang='lat' dir='ltr'><strong>quaesitum</strong></span> <span class='ocrx_word' id='word_1_167' title='bbox 2522 1734 2604 1781; x_wconf 89' lang='lat' dir='ltr'><strong>est</strong></span> <span class='ocrx_word' id='word_1_168' title='bbox 2633 1737 2837 1793; x_wconf 89' lang='lat' dir='ltr'><strong>tempus</strong></span> <span class='ocrx_word' id='word_1_169' title='bbox 2871 1725 3174 1787; x_wconf 88' lang='lat' dir='ltr'><strong>minimum,</strong></span> <span class='ocrx_word' id='word_1_170' title='bbox 3203 1725 3345 1794; x_wconf 87' lang='lat' dir='ltr'><strong>quod</strong></span> 
     </span>
    </p>
   </div>
   <div class='ocr_carea' id='block_1_29' title="bbox 1819 1816 3346 1889">
    <p class='ocr_par' dir='ltr' id='par_1_29' title="bbox 1819 1816 3346 1889">
     <span class='ocr_line' id='line_1_29' title="bbox 1819 1816 3346 1889; baseline -0.004 -14"><span class='ocrx_word' id='word_1_171' title='bbox 1819 1822 2054 1877; x_wconf 91' lang='lat' dir='ltr'><strong>continet</strong></span> <span class='ocrx_word' id='word_1_172' title='bbox 2073 1822 2304 1889; x_wconf 83' lang='lat' dir='ltr'><strong>integros</strong></span> <span class='ocrx_word' id='word_1_173' title='bbox 2321 1819 2455 1877; x_wconf 88' lang='lat' dir='ltr'><strong>dies,</strong></span> <span class='ocrx_word' id='word_1_174' title='bbox 2475 1826 2526 1871; x_wconf 92' lang='lat' dir='ltr'><strong>et</strong></span> <span class='ocrx_word' id='word_1_175' title='bbox 2543 1819 2775 1887; x_wconf 85' lang='lat' dir='ltr'><strong>integros</strong></span> <span class='ocrx_word' id='word_1_176' title='bbox 2801 1831 3029 1882; x_wconf 87' lang='lat' dir='ltr'><strong>menses,</strong></span> <span class='ocrx_word' id='word_1_177' title='bbox 3049 1823 3100 1869; x_wconf 90' lang='grc' dir='ltr'><strong>ει</strong></span> <span class='ocrx_word' id='word_1_178' title='bbox 3115 1816 3346 1884; x_wconf 82' lang='lat' dir='ltr'><strong>integras</strong></span> 
     </span>
    </p>
   </div>
   <div class='ocr_carea' id='block_1_30' title="bbox 193 1905 1786 2001">
    <p class='ocr_par' dir='ltr' id='par_1_30' title="bbox 193 1909 1786 2001">
     <span class='ocr_line' id='line_1_30' title="bbox 193 1909 1786 2001; baseline 0.003 -42"><span class='ocrx_word' id='word_1_179' title='bbox 193 1909 424 1977; x_wconf 75' lang='grc' dir='ltr'>ὲζητείτο</span> <span class='ocrx_word' id='word_1_180' title='bbox 471 1911 656 1980; x_wconf 82' lang='grc' dir='ltr'>χρόνος</span> <span class='ocrx_word' id='word_1_181' title='bbox 698 1914 725 1963; x_wconf 83' lang='lat'><strong>6</strong></span> <span class='ocrx_word' id='word_1_182' title='bbox 771 1911 1073 1980; x_wconf 75' lang='grc' dir='ltr'>ἐλάχιστος,</span> <span class='ocrx_word' id='word_1_183' title='bbox 1113 1913 1256 1974; x_wconf 83' lang='grc' dir='ltr'>ὅστις</span> <span class='ocrx_word' id='word_1_184' title='bbox 1314 1911 1549 1983; x_wconf 79' lang='grc' dir='ltr'>περιέχει</span> <span class='ocrx_word' id='word_1_185' title='bbox 1598 1912 1720 1974; x_wconf 79' lang='grc' dir='ltr'>ὅλας</span> <span class='ocrx_word' id='word_1_186' title='bbox 1755 1943 1786 2001; x_wconf 59' lang='grc' dir='ltr'>Β</span> 
     </span>
    </p>
   </div>
   <div class='ocr_carea' id='block_1_31' title="bbox 1830 1905 3395 2001">
    <p class='ocr_par' dir='ltr' id='par_1_31' title="bbox 1830 1905 3395 1976">
     <span class='ocr_line' id='line_1_31' title="bbox 1830 1905 3395 1976; baseline -0.005 -11"><span class='ocrx_word' id='word_1_187' title='bbox 1830 1910 2190 1968; x_wconf 88' lang='lat' dir='ltr'><strong>restitutiones</strong></span> <span class='ocrx_word' id='word_1_188' title='bbox 2216 1929 2227 1962; x_wconf 91' lang='lat'>:</span> <span class='ocrx_word' id='word_1_189' title='bbox 2253 1909 2487 1963; x_wconf 86' lang='lat' dir='ltr'><strong>inventio</strong></span> <span class='ocrx_word' id='word_1_190' title='bbox 2509 1915 2683 1960; x_wconf 89' lang='lat' dir='ltr'><strong>autem</strong></span> <span class='ocrx_word' id='word_1_191' title='bbox 2704 1913 2785 1960; x_wconf 89' lang='lat' dir='ltr'><strong>est</strong></span> <span class='ocrx_word' id='word_1_192' title='bbox 2805 1907 2924 1960; x_wconf 90' lang='lat' dir='ltr'><strong>talis</strong></span> <span class='ocrx_word' id='word_1_193' title='bbox 2945 1925 2956 1959; x_wconf 89' lang='lat'>:</span> <span class='ocrx_word' id='word_1_194' title='bbox 2976 1905 3122 1960; x_wconf 85' lang='lat' dir='ltr'><strong>Luna</strong></span> <span class='ocrx_word' id='word_1_195' title='bbox 3143 1907 3348 1976; x_wconf 78' lang='lat' dir='ltr'><strong>irregu-</strong></span> <span class='ocrx_word' id='word_1_196' title='bbox 3389 1921 3395 1924; x_wconf 58' lang='grc' dir='ltr'><strong>ί</strong></span> 
     </span>
    </p>
   </div>
   <div class='ocr_carea' id='block_1_32' title="bbox 193 1997 1719 2070">
    <p class='ocr_par' dir='ltr' id='par_1_32' title="bbox 193 1997 1719 2070">
     <span class='ocr_line' id='line_1_32' title="bbox 193 1997 1719 2070; baseline 0.003 -21"><span class='ocrx_word' id='word_1_197' title='bbox 193 1997 415 2068; x_wconf 84' lang='grc' dir='ltr'>ἡμέρας,</span> <span class='ocrx_word' id='word_1_198' title='bbox 447 2001 538 2052; x_wconf 73' lang='grc' dir='ltr'><strong>καὶ</strong></span> <span class='ocrx_word' id='word_1_199' title='bbox 567 2001 715 2062; x_wconf 82' lang='grc' dir='ltr'>ὅλους</span> <span class='ocrx_word' id='word_1_200' title='bbox 748 2002 934 2070; x_wconf 73' lang='grc' dir='ltr'>μῆνας,</span> <span class='ocrx_word' id='word_1_201' title='bbox 961 2002 1050 2053; x_wconf 74' lang='grc' dir='ltr'><strong>καὶ</strong></span> <span class='ocrx_word' id='word_1_202' title='bbox 1079 2002 1201 2063; x_wconf 79' lang='grc' dir='ltr'>ὅλας</span> <span class='ocrx_word' id='word_1_203' title='bbox 1229 2002 1686 2064; x_wconf 78' lang='grc' dir='ltr'>ἀποκαταστάσεις</span> <span class='ocrx_word' id='word_1_204' title='bbox 1708 2020 1719 2032; x_wconf 91' lang='grc'><strong>·</strong></span> 
     </span>
    </p>
   </div>
   <div class='ocr_carea' id='block_1_33' title="bbox 198 2088 1724 2161">
    <p class='ocr_par' dir='ltr' id='par_1_33' title="bbox 198 2088 1724 2161">
     <span class='ocr_line' id='line_1_33' title="bbox 198 2088 1724 2161; baseline 0.004 -22"><span class='ocrx_word' id='word_1_205' title='bbox 198 2088 303 2140; x_wconf 77' lang='grc' dir='ltr'>ἔστι</span> <span class='ocrx_word' id='word_1_206' title='bbox 332 2089 386 2140; x_wconf 77' lang='grc' dir='ltr'><strong>δὲ</strong></span> <span class='ocrx_word' id='word_1_207' title='bbox 415 2090 635 2158; x_wconf 79' lang='grc' dir='ltr'>τοιαύτη</span> <span class='ocrx_word' id='word_1_208' title='bbox 681 2091 910 2160; x_wconf 68' lang='grc' dir='ltr'>εὕρεσις·</span> <span class='ocrx_word' id='word_1_209' title='bbox 962 2093 1025 2145; x_wconf 83' lang='grc' dir='ltr'><strong>Ἦ</strong></span> <span class='ocrx_word' id='word_1_210' title='bbox 1055 2088 1244 2161; x_wconf 79' lang='grc' dir='ltr'>σέλήνη</span> <span class='ocrx_word' id='word_1_211' title='bbox 1282 2091 1574 2161; x_wconf 77' lang='grc' dir='ltr'><strong>ἀνωμάλως</strong></span> <span class='ocrx_word' id='word_1_212' title='bbox 1606 2093 1724 2160; x_wconf 70' lang='grc' dir='ltr'>φαί-</span> 
     </span>
    </p>
   </div>
   <div class='ocr_carea' id='block_1_34' title="bbox 198 2177 1728 2252">
    <p class='ocr_par' dir='ltr' id='par_1_34' title="bbox 198 2177 1728 2252">
     <span class='ocr_line' id='line_1_34' title="bbox 198 2177 1728 2252; baseline 0.005 -26"><span class='ocrx_word' id='word_1_213' title='bbox 198 2193 336 2230; x_wconf 86' lang='grc' dir='ltr'>νεται</span> <span class='ocrx_word' id='word_1_214' title='bbox 357 2177 778 2248; x_wconf 80' lang='grc' dir='ltr'>διαπορευομένη</span> <span class='ocrx_word' id='word_1_215' title='bbox 801 2182 888 2231; x_wconf 72' lang='grc' dir='ltr'>τὸν</span> <span class='ocrx_word' id='word_1_216' title='bbox 927 2181 1181 2244; x_wconf 82' lang='grc' dir='ltr'>ζωδιακὸν</span> <span class='ocrx_word' id='word_1_217' title='bbox 1216 2180 1427 2244; x_wconf 78' lang='grc' dir='ltr'>κύκλον,</span> <span class='ocrx_word' id='word_1_218' title='bbox 1463 2183 1553 2234; x_wconf 77' lang='grc' dir='ltr'><strong>καὶ</strong></span> <span class='ocrx_word' id='word_1_219' title='bbox 1584 2199 1728 2252; x_wconf 59' lang='grc' dir='ltr'>περι.</span> 
     </span>
    </p>
   </div>
   <div class='ocr_carea' id='block_1_35' title="bbox 201 2267 1737 2344">
    <p class='ocr_par' dir='ltr' id='par_1_35' title="bbox 201 2267 1737 2344">
     <span class='ocr_line' id='line_1_35' title="bbox 201 2267 1737 2344; baseline 0.001 -24"><span class='ocrx_word' id='word_1_220' title='bbox 201 2267 410 2338; x_wconf 79' lang='grc' dir='ltr'>φέρειάν</span> <span class='ocrx_word' id='word_1_221' title='bbox 448 2285 573 2322; x_wconf 84' lang='grc' dir='ltr'>τινα</span> <span class='ocrx_word' id='word_1_222' title='bbox 605 2271 875 2339; x_wconf 74' lang='grc' dir='ltr'>ἐνεχθεῖσα</span> <span class='ocrx_word' id='word_1_223' title='bbox 896 2310 909 2333; x_wconf 95' lang='grc'><strong>,</strong></span> <span class='ocrx_word' id='word_1_224' title='bbox 937 2272 992 2323; x_wconf 82' lang='grc' dir='ltr'>ἐν</span> <span class='ocrx_word' id='word_1_225' title='bbox 1023 2274 1087 2341; x_wconf 83' lang='grc' dir='ltr'>τῇ</span> <span class='ocrx_word' id='word_1_226' title='bbox 1132 2273 1358 2342; x_wconf 76' lang='grc' dir='ltr'>ἐχομένῃ</span> <span class='ocrx_word' id='word_1_227' title='bbox 1398 2273 1577 2344; x_wconf 66' lang='grc' dir='ltr'>ἡμέρᾳ</span> <span class='ocrx_word' id='word_1_228' title='bbox 1613 2273 1737 2343; x_wconf 51' lang='grc' dir='ltr'>μείω</span> 
     </span>
    </p>
   </div>
   <div class='ocr_carea' id='block_1_36' title="bbox 203 2356 1726 2432">
    <p class='ocr_par' dir='ltr' id='par_1_36' title="bbox 203 2356 1726 2432">
     <span class='ocr_line' id='line_1_36' title="bbox 203 2356 1726 2432; baseline 0.002 -22"><span class='ocrx_word' id='word_1_229' title='bbox 203 2356 320 2422; x_wconf 84' lang='grc' dir='ltr'>ζονα</span> <span class='ocrx_word' id='word_1_230' title='bbox 361 2358 562 2429; x_wconf 79' lang='grc' dir='ltr'>ταύτης</span> <span class='ocrx_word' id='word_1_231' title='bbox 611 2363 854 2421; x_wconf 82' lang='grc' dir='ltr'>κινεῖται,</span> <span class='ocrx_word' id='word_1_232' title='bbox 901 2360 991 2414; x_wconf 70' lang='grc' dir='ltr'><strong>καὶ</strong></span> <span class='ocrx_word' id='word_1_233' title='bbox 1036 2361 1120 2412; x_wconf 73' lang='grc' dir='ltr'>ἀεὶ</span> <span class='ocrx_word' id='word_1_234' title='bbox 1175 2361 1389 2430; x_wconf 75' lang='grc' dir='ltr'>μείζονα</span> <span class='ocrx_word' id='word_1_235' title='bbox 1439 2365 1555 2423; x_wconf 82' lang='grc' dir='ltr'>ταῖς</span> <span class='ocrx_word' id='word_1_236' title='bbox 1605 2361 1726 2432; x_wconf 76' lang='grc' dir='ltr'>ἑξῆς</span> 
     </span>
    </p>
   </div>
   <div class='ocr_carea' id='block_1_37' title="bbox 203 2449 1726 2524">
    <p class='ocr_par' dir='ltr' id='par_1_37' title="bbox 203 2449 1726 2524">
     <span class='ocr_line' id='line_1_37' title="bbox 203 2449 1726 2524; baseline 0.001 -21"><span class='ocrx_word' id='word_1_237' title='bbox 203 2451 440 2520; x_wconf 75' lang='grc' dir='ltr'>ἡμέραις,</span> <span class='ocrx_word' id='word_1_238' title='bbox 469 2451 575 2514; x_wconf 72' lang='grc' dir='ltr'><strong>ἕως</strong></span> <span class='ocrx_word' id='word_1_239' title='bbox 604 2452 669 2506; x_wconf 87' lang='grc' dir='ltr'>ἂν</span> <span class='ocrx_word' id='word_1_240' title='bbox 705 2452 958 2521; x_wconf 77' lang='grc' dir='ltr'>μεγίστην</span> <span class='ocrx_word' id='word_1_241' title='bbox 1001 2453 1344 2523; x_wconf 65' lang='grc' dir='ltr'>περιφέρειαν</span> <span class='ocrx_word' id='word_1_242' title='bbox 1371 2452 1591 2524; x_wconf 80' lang='grc' dir='ltr'>κινηθῇ·</span> <span class='ocrx_word' id='word_1_243' title='bbox 1631 2449 1726 2505; x_wconf 83' lang='grc' dir='ltr'>εἴτ’</span> 
     </span>
    </p>
   </div>
   <div class='ocr_carea' id='block_1_38' title="bbox 208 2537 1728 2615">
    <p class='ocr_par' dir='ltr' id='par_1_38' title="bbox 208 2537 1728 2615">
     <span class='ocr_line' id='line_1_38' title="bbox 208 2537 1728 2615; baseline 0.001 -21"><span class='ocrx_word' id='word_1_244' title='bbox 208 2537 345 2604; x_wconf 75' lang='grc' dir='ltr'>αὖθις</span> <span class='ocrx_word' id='word_1_245' title='bbox 369 2544 445 2606; x_wconf 85' lang='grc' dir='ltr'><strong>είς</strong></span> <span class='ocrx_word' id='word_1_246' title='bbox 473 2543 573 2614; x_wconf 81' lang='grc' dir='ltr'>τὴν</span> <span class='ocrx_word' id='word_1_247' title='bbox 619 2543 871 2595; x_wconf 81' lang='grc' dir='ltr'>ἐλάττονα</span> <span class='ocrx_word' id='word_1_248' title='bbox 916 2545 1012 2614; x_wconf 84' lang='grc' dir='ltr'>τῆς</span> <span class='ocrx_word' id='word_1_249' title='bbox 1053 2543 1476 2615; x_wconf 76' lang='grc' dir='ltr'>προηγουμένης,</span> <span class='ocrx_word' id='word_1_250' title='bbox 1516 2544 1616 2604; x_wconf 74' lang='grc' dir='ltr'><strong>ἕως</strong></span> <span class='ocrx_word' id='word_1_251' title='bbox 1663 2543 1728 2596; x_wconf 83' lang='grc' dir='ltr'><strong>ἂν</strong></span> 
     </span>
    </p>
   </div>
   <div class='ocr_carea' id='block_1_39' title="bbox 211 2633 1730 2705">
    <p class='ocr_par' dir='ltr' id='par_1_39' title="bbox 211 2633 1730 2705">
     <span class='ocr_line' id='line_1_39' title="bbox 211 2633 1730 2705; baseline -0.001 -20"><span class='ocrx_word' id='word_1_252' title='bbox 211 2633 292 2686; x_wconf 73' lang='grc' dir='ltr'><strong>ἐπὶ</strong></span> <span class='ocrx_word' id='word_1_253' title='bbox 323 2633 414 2704; x_wconf 79' lang='grc' dir='ltr'><strong>τὴν</strong></span> <span class='ocrx_word' id='word_1_254' title='bbox 456 2634 518 2698; x_wconf 81' lang='grc' dir='ltr'><strong>ἐξ</strong></span> <span class='ocrx_word' id='word_1_255' title='bbox 562 2635 729 2705; x_wconf 82' lang='grc' dir='ltr'>ἀρχῆς</span> <span class='ocrx_word' id='word_1_256' title='bbox 769 2634 1047 2704; x_wconf 75' lang='grc' dir='ltr'>ἐλαχίστην</span> <span class='ocrx_word' id='word_1_257' title='bbox 1087 2635 1426 2704; x_wconf 75' lang='grc' dir='ltr'>περιφέρειαν</span> <span class='ocrx_word' id='word_1_258' title='bbox 1462 2634 1730 2686; x_wconf 86' lang='grc' dir='ltr'>ἀποκατα-</span> 
     </span>
    </p>
   </div>
   <div class='ocr_carea' id='block_1_40' title="bbox 221 2722 1730 2795">
    <p class='ocr_par' dir='ltr' id='par_1_40' title="bbox 221 2722 1730 2795">
     <span class='ocr_line' id='line_1_40' title="bbox 221 2722 1730 2795; baseline 0 -21"><span class='ocrx_word' id='word_1_259' title='bbox 221 2723 382 2794; x_wconf 73' lang='grc' dir='ltr'>σταθῇ.</span> <span class='ocrx_word' id='word_1_260' title='bbox 415 2724 471 2778; x_wconf 84' lang='grc' dir='ltr'><strong>Ὀ</strong></span> <span class='ocrx_word' id='word_1_261' title='bbox 500 2725 557 2776; x_wconf 84' lang='grc' dir='ltr'><strong>δὲ</strong></span> <span class='ocrx_word' id='word_1_262' title='bbox 598 2724 782 2793; x_wconf 80' lang='grc' dir='ltr'>χρόνος</span> <span class='ocrx_word' id='word_1_263' title='bbox 815 2727 842 2776; x_wconf 92' lang='lat'><strong>6</strong></span> <span class='ocrx_word' id='word_1_264' title='bbox 883 2725 986 2777; x_wconf 81' lang='grc' dir='ltr'>ἀπὸ</span> <span class='ocrx_word' id='word_1_265' title='bbox 1017 2724 1111 2795; x_wconf 86' lang='grc' dir='ltr'><strong>τῆς</strong></span> <span class='ocrx_word' id='word_1_266' title='bbox 1149 2723 1429 2793; x_wconf 72' lang='grc' dir='ltr'>ἐλαχίστης</span> <span class='ocrx_word' id='word_1_267' title='bbox 1470 2722 1730 2792; x_wconf 83' lang='grc' dir='ltr'>κινήσεως</span> 
     </span>
    </p>
   </div>
   <div class='ocr_carea' id='block_1_41' title="bbox 226 2812 1727 2898">
    <p class='ocr_par' dir='ltr' id='par_1_41' title="bbox 226 2812 1727 2898">
     <span class='ocr_line' id='line_1_41' title="bbox 226 2812 1727 2898; baseline 0 -34"><span class='ocrx_word' id='word_1_268' title='bbox 226 2814 401 2886; x_wconf 70' lang='grc' dir='ltr'>ὲπὶτὴν</span> <span class='ocrx_word' id='word_1_269' title='bbox 431 2815 715 2898; x_wconf 60' lang='grc' dir='ltr'>ἐλαχίστην</span> <span class='ocrx_word' id='word_1_270' title='bbox 758 2815 966 2885; x_wconf 89' lang='grc' dir='ltr'>κίνησιν</span> <span class='ocrx_word' id='word_1_271' title='bbox 1009 2815 1436 2875; x_wconf 82' lang='grc' dir='ltr'>ἀποκατάστασις</span> <span class='ocrx_word' id='word_1_272' title='bbox 1470 2812 1727 2866; x_wconf 84' lang='grc' dir='ltr'>καλεῖται.</span> 
     </span>
    </p>
   </div>
   <div class='ocr_carea' id='block_1_42' title="bbox 228 2904 1732 2976">
    <p class='ocr_par' dir='ltr' id='par_1_42' title="bbox 228 2904 1732 2976">
     <span class='ocr_line' id='line_1_42' title="bbox 228 2904 1732 2976; baseline 0.002 -20"><span class='ocrx_word' id='word_1_273' title='bbox 228 2904 639 2976; x_wconf 80' lang='grc' dir='ltr'>Παρατετήρηται</span> <span class='ocrx_word' id='word_1_274' title='bbox 670 2906 725 2957; x_wconf 82' lang='grc' dir='ltr'><strong>δὲ</strong></span> <span class='ocrx_word' id='word_1_275' title='bbox 747 2908 773 2958; x_wconf 84' lang='grc' dir='ltr'><em>ὀ</em></span> <span class='ocrx_word' id='word_1_276' title='bbox 797 2905 1070 2974; x_wconf 77' lang='grc' dir='ltr'>ἐξελιγμὸς</span> <span class='ocrx_word' id='word_1_277' title='bbox 1099 2905 1358 2975; x_wconf 83' lang='grc' dir='ltr'>περιέχων</span> <span class='ocrx_word' id='word_1_278' title='bbox 1389 2906 1538 2970; x_wconf 80' lang='grc' dir='ltr'>ὅλους</span> <span class='ocrx_word' id='word_1_279' title='bbox 1564 2907 1732 2976; x_wconf 76' lang='grc' dir='ltr'>μῆνας</span> 
     </span>
    </p>
   </div>
   <div class='ocr_carea' id='block_1_43' title="bbox 223 2995 1734 3072">
    <p class='ocr_par' dir='ltr' id='par_1_43' title="bbox 223 2995 1734 3072">
     <span class='ocr_line' id='line_1_43' title="bbox 223 2995 1734 3072; baseline 0.001 -23"><span class='ocrx_word' id='word_1_280' title='bbox 223 2996 332 3064; x_wconf 79' lang='grc' dir='ltr'>χξθ¹,</span> <span class='ocrx_word' id='word_1_281' title='bbox 368 2997 578 3072; x_wconf 75' lang='grc' dir='ltr'>ἡμέρας</span> <span class='ocrx_word' id='word_1_282' title='bbox 616 2996 671 3048; x_wconf 85' lang='grc' dir='ltr'><strong>δὲ</strong></span> <span class='ocrx_word' id='word_1_283' title='bbox 717 2995 944 3066; x_wconf 41' lang='grc' dir='ltr'>,ιβψνςη</span> <span class='ocrx_word' id='word_1_284' title='bbox 1001 2997 1086 3048; x_wconf 87' lang='grc' dir='ltr'><strong>Ἐν</strong></span> <span class='ocrx_word' id='word_1_285' title='bbox 1132 2996 1187 3048; x_wconf 80' lang='grc' dir='ltr'><strong>δὲ</strong></span> <span class='ocrx_word' id='word_1_286' title='bbox 1232 2995 1308 3066; x_wconf 79' lang='grc' dir='ltr'><strong>τῷ</strong></span> <span class='ocrx_word' id='word_1_287' title='bbox 1353 2997 1525 3067; x_wconf 84' lang='grc' dir='ltr'>χρόνῳ</span> <span class='ocrx_word' id='word_1_288' title='bbox 1563 2997 1734 3068; x_wconf 88' lang='grc' dir='ltr'>τούτῳ</span> 
     </span>
    </p>
   </div>
   <div class='ocr_carea' id='block_1_44' title="bbox 220 3087 1733 3159">
    <p class='ocr_par' dir='ltr' id='par_1_44' title="bbox 220 3087 1733 3159">
     <span class='ocr_line' id='line_1_44' title="bbox 220 3087 1733 3159; baseline 0 -19"><span class='ocrx_word' id='word_1_289' title='bbox 220 3090 422 3142; x_wconf 82' lang='grc' dir='ltr'>ποιεῖται</span> <span class='ocrx_word' id='word_1_290' title='bbox 447 3091 550 3158; x_wconf 82' lang='grc' dir='ltr'>τῆς</span> <span class='ocrx_word' id='word_1_291' title='bbox 576 3090 714 3142; x_wconf 74' lang='grc' dir='ltr'>κατὰ</span> <span class='ocrx_word' id='word_1_292' title='bbox 739 3089 906 3159; x_wconf 75' lang='grc' dir='ltr'>μῆκος</span> <span class='ocrx_word' id='word_1_293' title='bbox 930 3087 1285 3158; x_wconf 86' lang='grc' dir='ltr'>ἁνωμαλίαςή</span> <span class='ocrx_word' id='word_1_294' title='bbox 1314 3088 1505 3158; x_wconf 79' lang='grc' dir='ltr'>σελήνη</span> <span class='ocrx_word' id='word_1_295' title='bbox 1529 3089 1733 3141; x_wconf 84' lang='grc' dir='ltr'>ἀποκα-</span> 
     </span>
    </p>
   </div>
   <div class='ocr_carea' id='block_1_45' title="bbox 217 3180 1732 3251">
    <p class='ocr_par' dir='ltr' id='par_1_45' title="bbox 217 3180 1732 3251">
     <span class='ocr_line' id='line_1_45' title="bbox 217 3180 1732 3251; baseline 0 -19"><span class='ocrx_word' id='word_1_296' title='bbox 217 3182 480 3245; x_wconf 80' lang='grc' dir='ltr'>ταστάσεις</span> <span class='ocrx_word' id='word_1_297' title='bbox 515 3181 641 3251; x_wconf 63' lang='grc' dir='ltr'>ψιζ,</span> <span class='ocrx_word' id='word_1_298' title='bbox 666 3181 891 3244; x_wconf 78' lang='grc' dir='ltr'>κύκλους</span> <span class='ocrx_word' id='word_1_299' title='bbox 920 3180 975 3234; x_wconf 65' lang='grc' dir='ltr'><strong>δὲ</strong></span> <span class='ocrx_word' id='word_1_300' title='bbox 999 3180 1288 3245; x_wconf 78' lang='grc' dir='ltr'>ζωδιακοὺς</span> <span class='ocrx_word' id='word_1_301' title='bbox 1317 3180 1732 3251; x_wconf 86' lang='grc' dir='ltr'>διαπορευομένη</span> 
     </span>
    </p>
   </div>
   <div class='ocr_carea' id='block_1_46' title="bbox 1821 1996 3349 2070">
    <p class='ocr_par' dir='ltr' id='par_1_46' title="bbox 1821 1996 3349 2070">
     <span class='ocr_line' id='line_1_46' title="bbox 1821 1996 3349 2070; baseline -0.005 -13"><span class='ocrx_word' id='word_1_302' title='bbox 1821 2003 2004 2057; x_wconf 88' lang='lat' dir='ltr'><strong>lariter</strong></span> <span class='ocrx_word' id='word_1_303' title='bbox 2026 2015 2311 2070; x_wconf 83' lang='lat' dir='ltr'><strong>peragrare</strong></span> <span class='ocrx_word' id='word_1_304' title='bbox 2341 1999 2615 2053; x_wconf 79' lang='lat' dir='ltr'><strong>zodiacum</strong></span> <span class='ocrx_word' id='word_1_305' title='bbox 2641 1996 2920 2066; x_wconf 82' lang='lat' dir='ltr'><strong>circulum,</strong></span> <span class='ocrx_word' id='word_1_306' title='bbox 2939 2003 2991 2049; x_wconf 89' lang='lat' dir='ltr'><strong>et</strong></span> <span class='ocrx_word' id='word_1_307' title='bbox 3015 1996 3125 2050; x_wconf 84' lang='lat' dir='ltr'><strong>ﬁeri</strong></span> <span class='ocrx_word' id='word_1_308' title='bbox 3149 2013 3240 2066; x_wconf 89' lang='lat' dir='ltr'><strong>per</strong></span> <span class='ocrx_word' id='word_1_309' title='bbox 3267 2012 3349 2049; x_wconf 85' lang='lat' dir='ltr'><strong>ar-</strong></span> 
     </span>
    </p>
   </div>
   <div class='ocr_carea' id='block_1_47' title="bbox 1822 2087 3349 2164">
    <p class='ocr_par' dir='ltr' id='par_1_47' title="bbox 1822 2087 3349 2164">
     <span class='ocr_line' id='line_1_47' title="bbox 1822 2087 3349 2164; baseline -0.007 -12"><span class='ocrx_word' id='word_1_310' title='bbox 1822 2111 1939 2152; x_wconf 90' lang='lat' dir='ltr'><strong>cum</strong></span> <span class='ocrx_word' id='word_1_311' title='bbox 1971 2093 2251 2164; x_wconf 79' lang='lat' dir='ltr'><strong>quemdam</strong></span> <span class='ocrx_word' id='word_1_312' title='bbox 2281 2091 2624 2160; x_wconf 74' lang='lat' dir='ltr'><strong>conspicitur.</strong></span> <span class='ocrx_word' id='word_1_313' title='bbox 2665 2087 2762 2142; x_wconf 89' lang='lat' dir='ltr'><strong>Die</strong></span> <span class='ocrx_word' id='word_1_314' title='bbox 2786 2087 3027 2157; x_wconf 87' lang='lat' dir='ltr'><strong>sequenti</strong></span> <span class='ocrx_word' id='word_1_315' title='bbox 3047 2087 3164 2142; x_wconf 88' lang='lat' dir='ltr'><strong>.hoc</strong></span> <span class='ocrx_word' id='word_1_316' title='bbox 3220 2104 3349 2142; x_wconf 90' lang='lat' dir='ltr'><strong>arcu</strong></span> 
     </span>
    </p>
   </div>
   <div class='ocr_carea' id='block_1_48' title="bbox 1779 2178 3348 2256">
    <p class='ocr_par' dir='ltr' id='par_1_48' title="bbox 1779 2178 3348 2256">
     <span class='ocr_line' id='line_1_48' title="bbox 1779 2178 3348 2256; baseline -0.006 -15"><span class='ocrx_word' id='word_1_317' title='bbox 1779 2241 1785 2248; x_wconf 72' lang='grc'><strong>,</strong></span> <span class='ocrx_word' id='word_1_318' title='bbox 1821 2188 2076 2256; x_wconf 80' lang='lat' dir='ltr'><strong>majorem</strong></span> <span class='ocrx_word' id='word_1_319' title='bbox 2093 2183 2302 2239; x_wconf 84' lang='lat' dir='ltr'><strong>conﬁcit</strong></span> <span class='ocrx_word' id='word_1_320' title='bbox 2316 2224 2330 2246; x_wconf 90' lang='lat'><strong>,</strong></span> <span class='ocrx_word' id='word_1_321' title='bbox 2351 2191 2402 2236; x_wconf 91' lang='lat' dir='ltr'><strong>et</strong></span> <span class='ocrx_word' id='word_1_322' title='bbox 2414 2189 2622 2250; x_wconf 87' lang='lat' dir='ltr'><strong>semper</strong></span> <span class='ocrx_word' id='word_1_323' title='bbox 2637 2180 2888 2250; x_wconf 82' lang='lat' dir='ltr'><strong>majorem</strong></span> <span class='ocrx_word' id='word_1_324' title='bbox 2901 2178 3086 2233; x_wconf 89' lang='lat' dir='ltr'><strong>diebus</strong></span> <span class='ocrx_word' id='word_1_325' title='bbox 3097 2179 3348 2232; x_wconf 91' lang='lat' dir='ltr'><strong>continuo</strong></span> 
     </span>
    </p>
   </div>
   <div class='ocr_carea' id='block_1_49' title="bbox 1824 2267 3348 2348">
    <p class='ocr_par' dir='ltr' id='par_1_49' title="bbox 1824 2267 3348 2348">
     <span class='ocr_line' id='line_1_49' title="bbox 1824 2267 3348 2348; baseline -0.008 -14"><span class='ocrx_word' id='word_1_326' title='bbox 1824 2277 2165 2348; x_wconf 90' lang='lat' dir='ltr'><strong>sequentibus</strong></span> <span class='ocrx_word' id='word_1_327' title='bbox 2186 2315 2201 2340; x_wconf 88' lang='lat'><strong>,</strong></span> <span class='ocrx_word' id='word_1_328' title='bbox 2230 2275 2397 2330; x_wconf 91' lang='lat' dir='ltr'><strong>donec</strong></span> <span class='ocrx_word' id='word_1_329' title='bbox 2410 2288 2499 2343; x_wconf 90' lang='lat' dir='ltr'><strong>per</strong></span> <span class='ocrx_word' id='word_1_330' title='bbox 2514 2272 2800 2326; x_wconf 85' lang='lat' dir='ltr'><strong>maximum</strong></span> <span class='ocrx_word' id='word_1_331' title='bbox 2815 2284 2998 2324; x_wconf 88' lang='lat' dir='ltr'><strong>arcum</strong></span> <span class='ocrx_word' id='word_1_332' title='bbox 3015 2277 3156 2324; x_wconf 92' lang='lat' dir='ltr'><strong>mota</strong></span> <span class='ocrx_word' id='word_1_333' title='bbox 3171 2267 3348 2324; x_wconf 84' lang='lat' dir='ltr'><strong>fuerit.</strong></span> 
     </span>
    </p>
   </div>
   <div class='ocr_carea' id='block_1_50' title="bbox 1826 2358 3390 2430">
    <p class='ocr_par' dir='ltr' id='par_1_50' title="bbox 1826 2358 3390 2430">
     <span class='ocr_line' id='line_1_50' title="bbox 1826 2358 3390 2430; baseline -0.005 -8"><span class='ocrx_word' id='word_1_334' title='bbox 1826 2369 2024 2424; x_wconf 86' lang='lat' dir='ltr'><strong>Deinde</strong></span> <span class='ocrx_word' id='word_1_335' title='bbox 2051 2383 2239 2422; x_wconf 85' lang='lat' dir='ltr'><strong>rursus</strong></span> <span class='ocrx_word' id='word_1_336' title='bbox 2289 2367 2342 2418; x_wconf 90' lang='lat' dir='ltr'><strong>in</strong></span> <span class='ocrx_word' id='word_1_337' title='bbox 2387 2379 2567 2419; x_wconf 90' lang='lat' dir='ltr'><strong>arcum</strong></span> <span class='ocrx_word' id='word_1_338' title='bbox 2597 2362 2854 2416; x_wconf 88' lang='lat' dir='ltr'><strong>minorem</strong></span> <span class='ocrx_word' id='word_1_339' title='bbox 2877 2358 3193 2430; x_wconf 66' lang='lat' dir='ltr'><strong>praecedenti</strong></span> <span class='ocrx_word' id='word_1_340' title='bbox 3226 2359 3311 2414; x_wconf 88' lang='lat' dir='ltr'><strong>die</strong></span> <span class='ocrx_word' id='word_1_341' title='bbox 3332 2397 3349 2423; x_wconf 88' lang='lat'><strong>,</strong></span> <span class='ocrx_word' id='word_1_342' title='bbox 3378 2366 3390 2376; x_wconf 83' lang='lat'><em>‘</em></span> 
     </span>
    </p>
   </div>
   <div class='ocr_carea' id='block_1_51' title="bbox 1823 2451 3353 2525">
    <p class='ocr_par' dir='ltr' id='par_1_51' title="bbox 1823 2451 3353 2525">
     <span class='ocr_line' id='line_1_51' title="bbox 1823 2451 3353 2525; baseline -0.007 -10"><span class='ocrx_word' id='word_1_343' title='bbox 1823 2462 1991 2515; x_wconf 91' lang='lat' dir='ltr'><strong>donec</strong></span> <span class='ocrx_word' id='word_1_344' title='bbox 2015 2461 2067 2512; x_wconf 91' lang='lat' dir='ltr'><strong>in</strong></span> <span class='ocrx_word' id='word_1_345' title='bbox 2086 2459 2383 2519; x_wconf 88' lang='lat' dir='ltr'><strong>minimum,</strong></span> <span class='ocrx_word' id='word_1_346' title='bbox 2404 2456 2493 2525; x_wconf 87' lang='lat' dir='ltr'><strong>qui</strong></span> <span class='ocrx_word' id='word_1_347' title='bbox 2512 2453 2873 2524; x_wconf 81' lang='lat' dir='ltr'><strong>fuitabinitio,</strong></span> <span class='ocrx_word' id='word_1_348' title='bbox 2906 2467 3086 2506; x_wconf 90' lang='lat' dir='ltr'><strong>arcum</strong></span> <span class='ocrx_word' id='word_1_349' title='bbox 3110 2451 3353 2506; x_wconf 87' lang='lat' dir='ltr'><strong>restituta</strong></span> 
     </span>
    </p>
   </div>
   <div class='ocr_carea' id='block_1_52' title="bbox 1826 2540 3356 2618">
    <p class='ocr_par' dir='ltr' id='par_1_52' title="bbox 1826 2540 3356 2618">
     <span class='ocr_line' id='line_1_52' title="bbox 1826 2540 3356 2618; baseline -0.007 -14"><span class='ocrx_word' id='word_1_350' title='bbox 1826 2551 2005 2606; x_wconf 81' lang='lat' dir='ltr'><strong>fuerit.</strong></span> <span class='ocrx_word' id='word_1_351' title='bbox 2031 2549 2262 2618; x_wconf 86' lang='lat' dir='ltr'><strong>Tempus</strong></span> <span class='ocrx_word' id='word_1_352' title='bbox 2283 2561 2428 2608; x_wconf 82' lang='lat' dir='ltr'><strong>vero,</strong></span> <span class='ocrx_word' id='word_1_353' title='bbox 2453 2545 2591 2614; x_wconf 91' lang='lat' dir='ltr'><strong>quod</strong></span> <span class='ocrx_word' id='word_1_354' title='bbox 2608 2552 2691 2599; x_wconf 89' lang='lat' dir='ltr'><strong>est</strong></span> <span class='ocrx_word' id='word_1_355' title='bbox 2715 2560 2746 2598; x_wconf 84' lang='lat' dir='ltr'><strong>a</strong></span> <span class='ocrx_word' id='word_1_356' title='bbox 2767 2544 2989 2597; x_wconf 90' lang='lat' dir='ltr'><strong>minimo</strong></span> <span class='ocrx_word' id='word_1_357' title='bbox 3008 2549 3151 2596; x_wconf 90' lang='lat' dir='ltr'><strong>motu</strong></span> <span class='ocrx_word' id='word_1_358' title='bbox 3174 2540 3238 2595; x_wconf 88' lang='lat' dir='ltr'><strong>ad</strong></span> <span class='ocrx_word' id='word_1_359' title='bbox 3261 2540 3356 2594; x_wconf 90' lang='lat' dir='ltr'><strong>mi-</strong></span> 
     </span>
    </p>
   </div>
   <div class='ocr_carea' id='block_1_53' title="bbox 1827 2632 3374 2703">
    <p class='ocr_par' dir='ltr' id='par_1_53' title="bbox 1827 2632 3374 2703">
     <span class='ocr_line' id='line_1_53' title="bbox 1827 2632 3374 2703; baseline -0.008 -6"><span class='ocrx_word' id='word_1_360' title='bbox 1827 2643 2027 2698; x_wconf 90' lang='lat' dir='ltr'><strong>nimum</strong></span> <span class='ocrx_word' id='word_1_361' title='bbox 2052 2648 2273 2703; x_wconf 91' lang='lat' dir='ltr'><strong>motum,</strong></span> <span class='ocrx_word' id='word_1_362' title='bbox 2306 2636 2570 2692; x_wconf 82' lang='lat' dir='ltr'><strong>restitutio</strong></span> <span class='ocrx_word' id='word_1_363' title='bbox 2585 2641 2824 2689; x_wconf 85' lang='lat' dir='ltr'><strong>vocatur.</strong></span> <span class='ocrx_word' id='word_1_364' title='bbox 2857 2632 3150 2688; x_wconf 88' lang='lat' dir='ltr'><strong>Observata</strong></span> <span class='ocrx_word' id='word_1_365' title='bbox 3177 2639 3374 2686; x_wconf 81' lang='lat' dir='ltr'><strong>autem</strong></span> 
     </span>
    </p>
   </div>
   <div class='ocr_carea' id='block_1_54' title="bbox 1827 2721 3359 2795">
    <p class='ocr_par' dir='ltr' id='par_1_54' title="bbox 1827 2721 3359 2795">
     <span class='ocr_line' id='line_1_54' title="bbox 1827 2721 3359 2795; baseline -0.008 -6"><span class='ocrx_word' id='word_1_366' title='bbox 1827 2741 1909 2789; x_wconf 90' lang='lat' dir='ltr'><strong>est</strong></span> <span class='ocrx_word' id='word_1_367' title='bbox 1940 2732 2173 2787; x_wconf 86' lang='lat' dir='ltr'><strong>evolutio</strong></span> <span class='ocrx_word' id='word_1_368' title='bbox 2219 2729 2497 2784; x_wconf 89' lang='lat' dir='ltr'><strong>continens</strong></span> <span class='ocrx_word' id='word_1_369' title='bbox 2536 2727 2770 2795; x_wconf 87' lang='lat' dir='ltr'><strong>integros</strong></span> <span class='ocrx_word' id='word_1_370' title='bbox 2803 2739 3013 2779; x_wconf 87' lang='lat' dir='ltr'><strong>menses</strong></span> <span class='ocrx_word' id='word_1_371' title='bbox 3059 2722 3196 2788; x_wconf 79' lang='lat'><strong>669,</strong></span> <span class='ocrx_word' id='word_1_372' title='bbox 3242 2721 3359 2777; x_wconf 75' lang='lat' dir='ltr'><strong>dies</strong></span> 
     </span>
    </p>
   </div>
   <div class='ocr_carea' id='block_1_55' title="bbox 1831 2811 3357 2882">
    <p class='ocr_par' dir='ltr' id='par_1_55' title="bbox 1831 2811 3357 2882">
     <span class='ocr_line' id='line_1_55' title="bbox 1831 2811 3357 2882; baseline -0.006 -10"><span class='ocrx_word' id='word_1_373' title='bbox 1831 2833 1955 2873; x_wconf 85' lang='lat' dir='ltr'><strong>vero</strong></span> <span class='ocrx_word' id='word_1_374' title='bbox 1985 2815 2174 2872; x_wconf 77' lang='grc'><strong>19756.</strong></span> <span class='ocrx_word' id='word_1_375' title='bbox 2204 2813 2261 2869; x_wconf 92' lang='lat' dir='ltr'><strong>In</strong></span> <span class='ocrx_word' id='word_1_376' title='bbox 2288 2815 2388 2869; x_wconf 92' lang='lat' dir='ltr'><strong>hoc</strong></span> <span class='ocrx_word' id='word_1_377' title='bbox 2426 2823 2598 2868; x_wconf 92' lang='lat' dir='ltr'><strong>autem</strong></span> <span class='ocrx_word' id='word_1_378' title='bbox 2637 2820 2876 2882; x_wconf 87' lang='lat' dir='ltr'><strong>tempore</strong></span> <span class='ocrx_word' id='word_1_379' title='bbox 2909 2813 3034 2865; x_wconf 82' lang='lat' dir='ltr'><strong>luna</strong></span> <span class='ocrx_word' id='word_1_380' title='bbox 3079 2811 3357 2865; x_wconf 75' lang='lat' dir='ltr'><strong>anomaliae</strong></span> 
     </span>
    </p>
   </div>
   <div class='ocr_carea' id='block_1_56' title="bbox 1832 2893 3360 2974">
    <p class='ocr_par' dir='ltr' id='par_1_56' title="bbox 1832 2893 3360 2974">
     <span class='ocr_line' id='line_1_56' title="bbox 1832 2893 3360 2974; baseline -0.01 -13"><span class='ocrx_word' id='word_1_381' title='bbox 1832 2905 2124 2962; x_wconf 88' lang='lat' dir='ltr'><strong>secundum</strong></span> <span class='ocrx_word' id='word_1_382' title='bbox 2163 2901 2543 2974; x_wconf 77' lang='lat' dir='ltr'><strong>longitudinem</strong></span> <span class='ocrx_word' id='word_1_383' title='bbox 2566 2897 2693 2953; x_wconf 80' lang='lat' dir='ltr'><strong>facit</strong></span> <span class='ocrx_word' id='word_1_384' title='bbox 2718 2897 3079 2953; x_wconf 89' lang='lat' dir='ltr'><strong>restitutiones</strong></span> <span class='ocrx_word' id='word_1_385' title='bbox 3103 2893 3222 2957; x_wconf 72' lang='lat'><strong>717,</strong></span> <span class='ocrx_word' id='word_1_386' title='bbox 3253 2895 3360 2946; x_wconf 87' lang='lat' dir='ltr'><strong>cir-</strong></span> 
     </span>
    </p>
   </div>
   <div class='ocr_carea' id='block_1_57' title="bbox 1831 2966 3382 3062">
    <p class='ocr_par' dir='ltr' id='par_1_57' title="bbox 1831 2966 3382 3062">
     <span class='ocr_line' id='line_1_57' title="bbox 1831 2966 3382 3062; baseline -0.012 -10"><span class='ocrx_word' id='word_1_387' title='bbox 1831 2999 1983 3052; x_wconf 89' lang='lat' dir='ltr'><strong>culos</strong></span> <span class='ocrx_word' id='word_1_388' title='bbox 2005 2966 2576 3062; x_wconf 41' lang='lat' dir='ltr'><strong>zodiacos&#39;peragrans</strong></span> <span class='ocrx_word' id='word_1_389' title='bbox 2597 2990 2650 3043; x_wconf 94' lang='lat' dir='ltr'><strong>in</strong></span> <span class='ocrx_word' id='word_1_390' title='bbox 2675 2989 2784 3060; x_wconf 80' lang='lat' dir='ltr'><strong>jam</strong></span> <span class='ocrx_word' id='word_1_391' title='bbox 2810 2987 2952 3040; x_wconf 87' lang='lat' dir='ltr'><strong>dicto</strong></span> <span class='ocrx_word' id='word_1_392' title='bbox 2970 2994 3204 3054; x_wconf 88' lang='lat' dir='ltr'><strong>tempore</strong></span> <span class='ocrx_word' id='word_1_393' title='bbox 3222 2982 3320 3035; x_wconf 67' lang='lat'><strong>725</strong></span> <span class='ocrx_word' id='word_1_394' title='bbox 3337 3020 3356 3046; x_wconf 88' lang='lat'><strong>,</strong></span> <span class='ocrx_word' id='word_1_395' title='bbox 3379 2966 3382 2970; x_wconf 58' lang='grc'><em>’</em></span> 
     </span>
    </p>
   </div>
   <div class='ocr_carea' id='block_1_58' title="bbox 1832 3077 3354 3157">
    <p class='ocr_par' dir='ltr' id='par_1_58' title="bbox 1832 3077 3354 3157">
     <span class='ocr_line' id='line_1_58' title="bbox 1832 3077 3354 3157; baseline -0.012 -13"><span class='ocrx_word' id='word_1_396' title='bbox 1832 3097 1885 3145; x_wconf 89' lang='grc' dir='ltr'><strong>ει</strong></span> <span class='ocrx_word' id='word_1_397' title='bbox 1933 3088 2153 3157; x_wconf 90' lang='lat' dir='ltr'><strong>insuper</strong></span> <span class='ocrx_word' id='word_1_398' title='bbox 2184 3094 2462 3140; x_wconf 87' lang='lat' dir='ltr'><strong>assumens</strong></span> <span class='ocrx_word' id='word_1_399' title='bbox 2505 3080 2701 3151; x_wconf 85' lang='lat' dir='ltr'><strong>gradus</strong></span> <span class='ocrx_word' id='word_1_400' title='bbox 2750 3078 2836 3134; x_wconf 75' lang='lat'><strong>32.</strong></span> <span class='ocrx_word' id='word_1_401' title='bbox 2877 3077 3140 3131; x_wconf 84' lang='lat' dir='ltr'><strong>Habentes</strong></span> <span class='ocrx_word' id='word_1_402' title='bbox 3181 3083 3354 3128; x_wconf 89' lang='lat' dir='ltr'><strong>autem</strong></span> 
     </span>
    </p>
   </div>
   <div class='ocr_carea' id='block_1_59' title="bbox 1834 3166 3358 3250">
    <p class='ocr_par' dir='ltr' id='par_1_59' title="bbox 1834 3166 3358 3250">
     <span class='ocr_line' id='line_1_59' title="bbox 1834 3166 3358 3250; baseline -0.011 -14"><span class='ocrx_word' id='word_1_403' title='bbox 1834 3181 1932 3236; x_wconf 90' lang='lat' dir='ltr'><strong>has</strong></span> <span class='ocrx_word' id='word_1_404' title='bbox 1958 3179 2293 3250; x_wconf 80' lang='lat' dir='ltr'><strong>apparentias</strong></span> <span class='ocrx_word' id='word_1_405' title='bbox 2321 3189 2385 3228; x_wconf 88' lang='lat' dir='ltr'><strong>ex</strong></span> <span class='ocrx_word' id='word_1_406' title='bbox 2411 3173 2679 3246; x_wconf 84' lang='lat' dir='ltr'><strong>veteribus</strong></span> <span class='ocrx_word' id='word_1_407' title='bbox 2717 3169 3045 3239; x_wconf 88' lang='lat' dir='ltr'><strong>temporibus</strong></span> <span class='ocrx_word' id='word_1_408' title='bbox 3073 3166 3323 3248; x_wconf 60' lang='lat' dir='ltr'><strong>quasitas</strong></span> <span class='ocrx_word' id='word_1_409' title='bbox 3341 3203 3358 3230; x_wconf 92' lang='lat'><strong>,</strong></span> 
     </span>
    </p>
   </div>
   <div class='ocr_carea' id='block_1_60' title="bbox 217 3258 1786 3361">
    <p class='ocr_par' dir='ltr' id='par_1_60' title="bbox 217 3267 1786 3361">
     <span class='ocr_line' id='line_1_60' title="bbox 217 3267 1786 3361; baseline 0.001 -41"><span class='ocrx_word' id='word_1_410' title='bbox 217 3270 266 3322; x_wconf 79' lang='grc' dir='ltr'><strong>ἐν</strong></span> <span class='ocrx_word' id='word_1_411' title='bbox 287 3269 357 3340; x_wconf 86' lang='grc' dir='ltr'>τῷ</span> <span class='ocrx_word' id='word_1_412' title='bbox 388 3271 762 3342; x_wconf 80' lang='grc' dir='ltr'>προειρημένῳ</span> <span class='ocrx_word' id='word_1_413' title='bbox 790 3272 962 3341; x_wconf 82' lang='grc' dir='ltr'>χρόνῳ</span> <span class='ocrx_word' id='word_1_414' title='bbox 986 3269 1129 3340; x_wconf 80' lang='grc' dir='ltr'>ψκγ’,</span> <span class='ocrx_word' id='word_1_415' title='bbox 1172 3270 1260 3323; x_wconf 70' lang='grc' dir='ltr'><strong>καὶ</strong></span> <span class='ocrx_word' id='word_1_416' title='bbox 1299 3267 1734 3341; x_wconf 74' lang='grc' dir='ltr'>προσεπιλαμϐἀ-</span> <span class='ocrx_word' id='word_1_417' title='bbox 1762 3302 1786 3361; x_wconf 65' lang='grc' dir='ltr'><strong>ί</strong></span> 
     </span>
    </p>
   </div>
   <div class='ocr_carea' id='block_1_61' title="bbox 1830 3258 3361 3361">
    <p class='ocr_par' dir='ltr' id='par_1_61' title="bbox 1833 3258 3361 3344">
     <span class='ocr_line' id='line_1_61' title="bbox 1833 3258 3361 3344; baseline -0.012 -16"><span class='ocrx_word' id='word_1_418' title='bbox 1833 3272 2047 3344; x_wconf 86' lang='lat' dir='ltr'><strong>quando</strong></span> <span class='ocrx_word' id='word_1_419' title='bbox 2074 3266 2398 3324; x_wconf 89' lang='lat' dir='ltr'><strong>constituere</strong></span> <span class='ocrx_word' id='word_1_420' title='bbox 2421 3269 2628 3332; x_wconf 91' lang='lat' dir='ltr'><strong>oportet</strong></span> <span class='ocrx_word' id='word_1_421' title='bbox 2643 3275 2759 3316; x_wconf 89' lang='lat' dir='ltr'><strong>eam</strong></span> <span class='ocrx_word' id='word_1_422' title='bbox 2789 3259 3033 3313; x_wconf 90' lang='lat' dir='ltr'><strong>diurnam</strong></span> <span class='ocrx_word' id='word_1_423' title='bbox 3065 3258 3201 3311; x_wconf 65' lang='lat' dir='ltr'><strong>lunae</strong></span> <span class='ocrx_word' id='word_1_424' title='bbox 3230 3271 3361 3309; x_wconf 84' lang='lat' dir='ltr'><strong>auo-</strong></span> 
     </span>
    </p>
   </div>
   <div class='ocr_carea' id='block_1_62' title="bbox 214 3361 1737 3434">
    <p class='ocr_par' dir='ltr' id='par_1_62' title="bbox 214 3361 1737 3434">
     <span class='ocr_line' id='line_1_62' title="bbox 214 3361 1737 3434; baseline -0.001 -20"><span class='ocrx_word' id='word_1_425' title='bbox 214 3378 362 3415; x_wconf 82' lang='grc' dir='ltr'>νουσα</span> <span class='ocrx_word' id='word_1_426' title='bbox 405 3363 598 3434; x_wconf 86' lang='grc' dir='ltr'>μοίρας</span> <span class='ocrx_word' id='word_1_427' title='bbox 625 3361 724 3432; x_wconf 79' lang='grc' dir='ltr'><strong>λβ’.</strong></span> <span class='ocrx_word' id='word_1_428' title='bbox 757 3363 1005 3432; x_wconf 84' lang='grc' dir='ltr'>Ἔχοντες</span> <span class='ocrx_word' id='word_1_429' title='bbox 1045 3362 1100 3415; x_wconf 75' lang='grc' dir='ltr'><strong>δὲ</strong></span> <span class='ocrx_word' id='word_1_430' title='bbox 1134 3361 1298 3415; x_wconf 80' lang='grc' dir='ltr'>ταῦτα</span> <span class='ocrx_word' id='word_1_431' title='bbox 1339 3363 1405 3413; x_wconf 73' lang='grc' dir='ltr'><strong>τὰ</strong></span> <span class='ocrx_word' id='word_1_432' title='bbox 1445 3361 1737 3430; x_wconf 70' lang='grc' dir='ltr'>φαινόμενα</span> 
     </span>
    </p>
   </div>
   <div class='ocr_carea' id='block_1_63' title="bbox 213 3449 1738 3525">
    <p class='ocr_par' dir='ltr' id='par_1_63' title="bbox 213 3449 1738 3525">
     <span class='ocr_line' id='line_1_63' title="bbox 213 3449 1738 3525; baseline -0.003 -19"><span class='ocrx_word' id='word_1_433' title='bbox 213 3457 271 3506; x_wconf 80' lang='grc' dir='ltr'>ἐκ</span> <span class='ocrx_word' id='word_1_434' title='bbox 300 3455 536 3508; x_wconf 82' lang='grc' dir='ltr'>παλαιῶν</span> <span class='ocrx_word' id='word_1_435' title='bbox 559 3454 757 3525; x_wconf 89' lang='grc' dir='ltr'>χρόνων</span> <span class='ocrx_word' id='word_1_436' title='bbox 779 3452 1098 3523; x_wconf 73' lang='grc' dir='ltr'>ἐζητημένα,</span> <span class='ocrx_word' id='word_1_437' title='bbox 1125 3453 1240 3504; x_wconf 86' lang='grc' dir='ltr'>δέον</span> <span class='ocrx_word' id='word_1_438' title='bbox 1266 3450 1624 3521; x_wconf 80' lang='grc' dir='ltr'>συστήσασθαι</span> <span class='ocrx_word' id='word_1_439' title='bbox 1643 3449 1738 3521; x_wconf 78' lang='grc' dir='ltr'><strong>τὴν</strong></span> 
     </span>
    </p>
   </div>
   <div class='ocr_carea' id='block_1_64' title="bbox 213 3543 1740 3616">
    <p class='ocr_par' dir='ltr' id='par_1_64' title="bbox 213 3543 1740 3616">
     <span class='ocr_line' id='line_1_64' title="bbox 213 3543 1740 3616; baseline -0.003 -17"><span class='ocrx_word' id='word_1_440' title='bbox 213 3548 342 3600; x_wconf 73' lang='grc' dir='ltr'>κατὰ</span> <span class='ocrx_word' id='word_1_441' title='bbox 375 3547 548 3616; x_wconf 72' lang='grc' dir='ltr'>μῆκος</span> <span class='ocrx_word' id='word_1_442' title='bbox 583 3545 890 3614; x_wconf 82' lang='grc' dir='ltr'>ἀνωμαλίαν</span> <span class='ocrx_word' id='word_1_443' title='bbox 920 3545 1212 3615; x_wconf 77' lang='grc' dir='ltr'>ἡμερήσιον</span> <span class='ocrx_word' id='word_1_444' title='bbox 1239 3543 1336 3612; x_wconf 80' lang='grc' dir='ltr'>τῆς</span> <span class='ocrx_word' id='word_1_445' title='bbox 1370 3543 1623 3616; x_wconf 78' lang='grc' dir='ltr'>σελήνης,</span> <span class='ocrx_word' id='word_1_446' title='bbox 1658 3543 1740 3606; x_wconf 86' lang='grc' dir='ltr'><strong>τίς</strong></span> 
     </span>
    </p>
   </div>
   <div class='ocr_carea' id='block_1_65' title="bbox 214 3633 1741 3708">
    <p class='ocr_par' dir='ltr' id='par_1_65' title="bbox 214 3633 1741 3708">
     <span class='ocr_line' id='line_1_65' title="bbox 214 3633 1741 3708; baseline -0.003 -17"><span class='ocrx_word' id='word_1_447' title='bbox 214 3641 348 3691; x_wconf 78' lang='grc' dir='ltr'>ἐστιν</span> <span class='ocrx_word' id='word_1_448' title='bbox 370 3637 625 3708; x_wconf 77' lang='grc' dir='ltr'>ἐλαχίστη</span> <span class='ocrx_word' id='word_1_449' title='bbox 658 3637 865 3708; x_wconf 84' lang='grc' dir='ltr'>κίνησις</span> <span class='ocrx_word' id='word_1_450' title='bbox 891 3636 1071 3705; x_wconf 84' lang='grc' dir='ltr'>αὐτῆς,</span> <span class='ocrx_word' id='word_1_451' title='bbox 1099 3635 1188 3687; x_wconf 81' lang='grc' dir='ltr'><strong>καὶ</strong></span> <span class='ocrx_word' id='word_1_452' title='bbox 1210 3633 1287 3698; x_wconf 87' lang='grc' dir='ltr'><strong>τίς</strong></span> <span class='ocrx_word' id='word_1_453' title='bbox 1313 3636 1346 3704; x_wconf 88' lang='grc' dir='ltr'><strong>ή</strong></span> <span class='ocrx_word' id='word_1_454' title='bbox 1379 3635 1622 3704; x_wconf 82' lang='grc' dir='ltr'>μεγίστη,</span> <span class='ocrx_word' id='word_1_455' title='bbox 1652 3634 1741 3687; x_wconf 77' lang='grc' dir='ltr'><strong>καὶ</strong></span> 
     </span>
    </p>
   </div>
   <div class='ocr_carea' id='block_1_66' title="bbox 213 3718 1742 3802">
    <p class='ocr_par' dir='ltr' id='par_1_66' title="bbox 213 3718 1742 3802">
     <span class='ocr_line' id='line_1_66' title="bbox 213 3718 1742 3802; baseline -0.003 -19"><span class='ocrx_word' id='word_1_456' title='bbox 213 3730 290 3792; x_wconf 86' lang='grc' dir='ltr'><strong>τίς</strong></span> <span class='ocrx_word' id='word_1_457' title='bbox 319 3732 351 3802; x_wconf 82' lang='grc' dir='ltr'><strong>ή</strong></span> <span class='ocrx_word' id='word_1_458' title='bbox 381 3730 519 3801; x_wconf 84' lang='grc' dir='ltr'>μέση</span> <span class='ocrx_word' id='word_1_459' title='bbox 539 3718 568 3793; x_wconf 48' lang='grc'>,’</span> <span class='ocrx_word' id='word_1_460' title='bbox 593 3730 684 3783; x_wconf 77' lang='grc' dir='ltr'><strong>καὶ</strong></span> <span class='ocrx_word' id='word_1_461' title='bbox 720 3729 802 3792; x_wconf 87' lang='grc' dir='ltr'><strong>τίς</strong></span> <span class='ocrx_word' id='word_1_462' title='bbox 828 3731 859 3797; x_wconf 89' lang='grc' dir='ltr'><strong>ή</strong></span> <span class='ocrx_word' id='word_1_463' title='bbox 888 3727 1007 3780; x_wconf 73' lang='grc' dir='ltr'>καθ’</span> <span class='ocrx_word' id='word_1_464' title='bbox 1040 3728 1243 3797; x_wconf 82' lang='grc' dir='ltr'>ἡμέραν</span> <span class='ocrx_word' id='word_1_465' title='bbox 1283 3725 1614 3797; x_wconf 85' lang='grc' dir='ltr'>παραύξησις</span> <span class='ocrx_word' id='word_1_466' title='bbox 1648 3725 1742 3801; x_wconf 76' lang='grc' dir='ltr'>καὶ</span> 
     </span>
    </p>
   </div>
   <div class='ocr_carea' id='block_1_67' title="bbox 217 3798 1742 3893">
    <p class='ocr_par' dir='ltr' id='par_1_67' title="bbox 217 3798 1742 3893">
     <span class='ocr_line' id='line_1_67' title="bbox 217 3798 1742 3893; baseline -0.005 -17"><span class='ocrx_word' id='word_1_467' title='bbox 217 3798 429 3893; x_wconf 71' lang='grc' dir='ltr'>μείωσίς</span> <span class='ocrx_word' id='word_1_468' title='bbox 475 3798 639 3893; x_wconf 83' lang='grc' dir='ltr'>αὐτῆς</span> <span class='ocrx_word' id='word_1_469' title='bbox 659 3839 673 3852; x_wconf 89' lang='grc'><strong>·</strong></span> <span class='ocrx_word' id='word_1_470' title='bbox 707 3821 1154 3892; x_wconf 74' lang='grc' dir='ltr'>έπιλαμϐἀνοντες</span> <span class='ocrx_word' id='word_1_471' title='bbox 1194 3820 1256 3871; x_wconf 81' lang='grc' dir='ltr'>ὲκ</span> <span class='ocrx_word' id='word_1_472' title='bbox 1293 3817 1383 3870; x_wconf 79' lang='grc' dir='ltr'>τοῦ</span> <span class='ocrx_word' id='word_1_473' title='bbox 1426 3798 1742 3887; x_wconf 85' lang='grc' dir='ltr'>φαινομένου</span> 
     </span>
    </p>
   </div>
   <div class='ocr_carea' id='block_1_68' title="bbox 214 3898 1741 3984">
    <p class='ocr_par' dir='ltr' id='par_1_68' title="bbox 214 3898 1741 3984">
     <span class='ocr_line' id='line_1_68' title="bbox 214 3898 1741 3984; baseline -0.006 -15"><span class='ocrx_word' id='word_1_474' title='bbox 214 3915 300 3970; x_wconf 73' lang='grc' dir='ltr'><strong>καὶ</strong></span> <span class='ocrx_word' id='word_1_475' title='bbox 326 3915 481 3968; x_wconf 82' lang='grc' dir='ltr'>τοῦτο</span> <span class='ocrx_word' id='word_1_476' title='bbox 501 3955 517 3979; x_wconf 91' lang='grc'><strong>,</strong></span> <span class='ocrx_word' id='word_1_477' title='bbox 547 3914 626 3968; x_wconf 81' lang='grc' dir='ltr'><strong>ὅτι</strong></span> <span class='ocrx_word' id='word_1_478' title='bbox 661 3898 753 3967; x_wconf 66' lang='grc' dir='ltr'><strong>ἐὰν</strong></span> <span class='ocrx_word' id='word_1_479' title='bbox 791 3913 885 3984; x_wconf 87' lang='grc' dir='ltr'>μὲν</span> <span class='ocrx_word' id='word_1_480' title='bbox 916 3913 1006 3965; x_wconf 58' lang='grc' dir='ltr'><strong>καλ¹</strong></span> <span class='ocrx_word' id='word_1_481' title='bbox 1045 3912 1140 3974; x_wconf 81' lang='grc' dir='ltr'>τὰς</span> <span class='ocrx_word' id='word_1_482' title='bbox 1177 3909 1454 3980; x_wconf 80' lang='grc' dir='ltr'>ἐλαχίστας</span> <span class='ocrx_word' id='word_1_483' title='bbox 1492 3909 1702 3978; x_wconf 79' lang='grc' dir='ltr'>κινῆται</span> <span class='ocrx_word' id='word_1_484' title='bbox 1727 3944 1741 3971; x_wconf 88' lang='grc'><strong>,</strong></span> 
     </span>
    </p>
   </div>
   <div class='ocr_carea' id='block_1_69' title="bbox 215 3999 1745 4076">
    <p class='ocr_par' dir='ltr' id='par_1_69' title="bbox 215 3999 1745 4076">
     <span class='ocr_line' id='line_1_69' title="bbox 215 3999 1745 4076; baseline -0.004 -18"><span class='ocrx_word' id='word_1_485' title='bbox 215 4008 423 4060; x_wconf 81' lang='grc' dir='ltr'>πλείονα</span> <span class='ocrx_word' id='word_1_486' title='bbox 454 4007 551 4076; x_wconf 81' lang='grc' dir='ltr'><strong>μὲν</strong></span> <span class='ocrx_word' id='word_1_487' title='bbox 577 4005 686 4058; x_wconf 86' lang='grc' dir='ltr'>τῶν</span> <span class='ocrx_word' id='word_1_488' title='bbox 711 4005 777 4058; x_wconf 82' lang='grc' dir='ltr'>ια’</span> <span class='ocrx_word' id='word_1_489' title='bbox 810 4003 1006 4076; x_wconf 83' lang='grc' dir='ltr'>μοιρῶν</span> <span class='ocrx_word' id='word_1_490' title='bbox 1027 4005 1267 4065; x_wconf 89' lang='grc' dir='ltr'>κινεῖται,</span> <span class='ocrx_word' id='word_1_491' title='bbox 1297 4001 1543 4053; x_wconf 72' lang='grc' dir='ltr'>ἐλάττονα</span> <span class='ocrx_word' id='word_1_492' title='bbox 1567 3999 1620 4051; x_wconf 83' lang='grc' dir='ltr'>δὲ</span> <span class='ocrx_word' id='word_1_493' title='bbox 1640 3999 1745 4052; x_wconf 80' lang='grc' dir='ltr'><strong>τῶν</strong></span> 
     </span>
    </p>
   </div>
   <div class='ocr_carea' id='block_1_70' title="bbox 216 4090 1746 4168">
    <p class='ocr_par' dir='ltr' id='par_1_70' title="bbox 216 4090 1746 4168">
     <span class='ocr_line' id='line_1_70' title="bbox 216 4090 1746 4168; baseline -0.006 -17"><span class='ocrx_word' id='word_1_494' title='bbox 216 4097 310 4168; x_wconf 82' lang='grc' dir='ltr'><strong>ιβ’·</strong></span> <span class='ocrx_word' id='word_1_495' title='bbox 339 4099 466 4151; x_wconf 74' lang='grc' dir='ltr'>ὅταν</span> <span class='ocrx_word' id='word_1_496' title='bbox 498 4096 553 4149; x_wconf 81' lang='grc' dir='ltr'><strong>δὲ</strong></span> <span class='ocrx_word' id='word_1_497' title='bbox 580 4098 676 4160; x_wconf 79' lang='grc' dir='ltr'>τὰς</span> <span class='ocrx_word' id='word_1_498' title='bbox 708 4096 963 4166; x_wconf 85' lang='grc' dir='ltr'>μεγίστας</span> <span class='ocrx_word' id='word_1_499' title='bbox 995 4097 1237 4165; x_wconf 82' lang='grc' dir='ltr'>κινῆται,</span> <span class='ocrx_word' id='word_1_500' title='bbox 1266 4093 1478 4147; x_wconf 88' lang='grc' dir='ltr'>πλείονα</span> <span class='ocrx_word' id='word_1_501' title='bbox 1516 4090 1610 4162; x_wconf 82' lang='grc' dir='ltr'><strong>μὲν</strong></span> <span class='ocrx_word' id='word_1_502' title='bbox 1641 4091 1746 4144; x_wconf 82' lang='grc' dir='ltr'><strong>τῶν</strong></span> 
     </span>
    </p>
   </div>
   <div class='ocr_carea' id='block_1_71' title="bbox 217 4181 1748 4259">
    <p class='ocr_par' dir='ltr' id='par_1_71' title="bbox 217 4181 1748 4259">
     <span class='ocr_line' id='line_1_71' title="bbox 217 4181 1748 4259; baseline -0.005 -17"><span class='ocrx_word' id='word_1_503' title='bbox 217 4196 274 4243; x_wconf 86' lang='grc' dir='ltr'>ιε’</span> <span class='ocrx_word' id='word_1_504' title='bbox 307 4187 506 4259; x_wconf 83' lang='grc' dir='ltr'>μοιρῶν</span> <span class='ocrx_word' id='word_1_505' title='bbox 531 4190 775 4248; x_wconf 77' lang='grc' dir='ltr'>κινειίται,</span> <span class='ocrx_word' id='word_1_506' title='bbox 809 4187 1058 4239; x_wconf 77' lang='grc' dir='ltr'>ἐλάττονα</span> <span class='ocrx_word' id='word_1_507' title='bbox 1081 4185 1137 4237; x_wconf 78' lang='grc' dir='ltr'><strong>δὲ</strong></span> <span class='ocrx_word' id='word_1_508' title='bbox 1162 4184 1268 4258; x_wconf 77' lang='grc' dir='ltr'>τῶν</span> <span class='ocrx_word' id='word_1_509' title='bbox 1294 4191 1366 4248; x_wconf 78' lang='grc' dir='ltr'>ις’</span> <span class='ocrx_word' id='word_1_510' title='bbox 1383 4202 1396 4214; x_wconf 94' lang='grc'><strong>·</strong></span> <span class='ocrx_word' id='word_1_511' title='bbox 1425 4181 1748 4236; x_wconf 72' lang='grc' dir='ltr'>ἐπεὶ-τοίνυν</span> 
     </span>
    </p>
   </div>
   <div class='ocr_carea' id='block_1_72' title="bbox 216 4269 1748 4352">
    <p class='ocr_par' dir='ltr' id='par_1_72' title="bbox 216 4269 1748 4352">
     <span class='ocr_line' id='line_1_72' title="bbox 216 4269 1748 4352; baseline -0.005 -21"><span class='ocrx_word' id='word_1_512' title='bbox 216 4280 648 4352; x_wconf 82' lang='grc' dir='ltr'>παρατετήρηται</span> <span class='ocrx_word' id='word_1_513' title='bbox 679 4278 712 4348; x_wconf 86' lang='grc' dir='ltr'>ἡ</span> <span class='ocrx_word' id='word_1_514' title='bbox 743 4276 930 4347; x_wconf 80' lang='grc' dir='ltr'>σελήνη</span> <span class='ocrx_word' id='word_1_515' title='bbox 971 4276 1028 4327; x_wconf 87' lang='grc' dir='ltr'><strong>ὲν</strong></span> <span class='ocrx_word' id='word_1_516' title='bbox 1067 4275 1298 4345; x_wconf 78' lang='grc' dir='ltr'>ἡμέραις</span> <span class='ocrx_word' id='word_1_517' title='bbox 1325 4273 1529 4344; x_wconf 72' lang='grc' dir='ltr'>,ι,θψνς’</span> <span class='ocrx_word' id='word_1_518' title='bbox 1559 4269 1748 4325; x_wconf 76' lang='grc' dir='ltr'>διαπο-</span> 
     </span>
    </p>
   </div>
   <div class='ocr_carea' id='block_1_73' title="bbox 220 4363 1749 4443">
    <p class='ocr_par' dir='ltr' id='par_1_73' title="bbox 220 4363 1749 4443">
     <span class='ocr_line' id='line_1_73' title="bbox 220 4363 1749 4443; baseline -0.006 -20"><span class='ocrx_word' id='word_1_519' title='bbox 220 4372 478 4443; x_wconf 81' lang='grc' dir='ltr'>ρευομένη</span> <span class='ocrx_word' id='word_1_520' title='bbox 521 4368 809 4434; x_wconf 75' lang='grc' dir='ltr'>ζωδιακοὺς</span> <span class='ocrx_word' id='word_1_521' title='bbox 852 4365 1076 4429; x_wconf 83' lang='grc' dir='ltr'>κύκλους</span> <span class='ocrx_word' id='word_1_522' title='bbox 1119 4365 1242 4434; x_wconf 77' lang='grc' dir='ltr'>ψκγ¹</span> <span class='ocrx_word' id='word_1_523' title='bbox 1267 4404 1282 4428; x_wconf 92' lang='grc'><strong>,</strong></span> <span class='ocrx_word' id='word_1_524' title='bbox 1312 4366 1402 4418; x_wconf 75' lang='grc' dir='ltr'>καὶ</span> <span class='ocrx_word' id='word_1_525' title='bbox 1443 4363 1522 4422; x_wconf 77' lang='grc' dir='ltr'>ἔτι</span> <span class='ocrx_word' id='word_1_526' title='bbox 1558 4363 1749 4434; x_wconf 86' lang='grc' dir='ltr'>μοίρας</span> 
     </span>
    </p>
   </div>
   <div class='ocr_carea' id='block_1_74' title="bbox 216 4451 1752 4533">
    <p class='ocr_par' dir='ltr' id='par_1_74' title="bbox 216 4451 1752 4533">
     <span class='ocr_line' id='line_1_74' title="bbox 216 4451 1752 4533; baseline -0.007 -18"><span class='ocrx_word' id='word_1_527' title='bbox 216 4461 312 4533; x_wconf 87' lang='grc' dir='ltr'>λβ’,</span> <span class='ocrx_word' id='word_1_528' title='bbox 353 4461 579 4524; x_wconf 70' lang='grc' dir='ltr'>ἕκαστος</span> <span class='ocrx_word' id='word_1_529' title='bbox 605 4459 661 4512; x_wconf 84' lang='grc' dir='ltr'><strong>δὲ</strong></span> <span class='ocrx_word' id='word_1_530' title='bbox 691 4458 797 4512; x_wconf 84' lang='grc' dir='ltr'>τῶν</span> <span class='ocrx_word' id='word_1_531' title='bbox 827 4456 1035 4510; x_wconf 80' lang='grc' dir='ltr'>κύκλων</span> <span class='ocrx_word' id='word_1_532' title='bbox 1068 4454 1178 4524; x_wconf 78' lang='grc' dir='ltr'>ἕχει</span> <span class='ocrx_word' id='word_1_533' title='bbox 1214 4455 1404 4526; x_wconf 88' lang='grc' dir='ltr'>μοίρας</span> <span class='ocrx_word' id='word_1_534' title='bbox 1429 4453 1501 4518; x_wconf 79' lang='grc' dir='ltr'><strong>τξ¹</strong></span> <span class='ocrx_word' id='word_1_535' title='bbox 1519 4471 1531 4484; x_wconf 92' lang='grc'><strong>·</strong></span> <span class='ocrx_word' id='word_1_536' title='bbox 1564 4451 1752 4506; x_wconf 86' lang='grc' dir='ltr'>ἀνελύ-</span> 
     </span>
    </p>
   </div>
   <div class='ocr_carea' id='block_1_75' title="bbox 221 4546 1751 4620">
    <p class='ocr_par' dir='ltr' id='par_1_75' title="bbox 221 4546 1751 4620">
     <span class='ocr_line' id='line_1_75' title="bbox 221 4546 1751 4620; baseline -0.007 -12"><span class='ocrx_word' id='word_1_537' title='bbox 221 4572 346 4608; x_wconf 87' lang='grc' dir='ltr'>σατο</span> <span class='ocrx_word' id='word_1_538' title='bbox 371 4553 480 4607; x_wconf 88' lang='grc' dir='ltr'>τῶν</span> <span class='ocrx_word' id='word_1_539' title='bbox 508 4552 719 4607; x_wconf 89' lang='grc' dir='ltr'>κύκλων</span> <span class='ocrx_word' id='word_1_540' title='bbox 748 4549 944 4620; x_wconf 79' lang='grc' dir='ltr'>πλῆθος</span> <span class='ocrx_word' id='word_1_541' title='bbox 980 4550 1058 4612; x_wconf 88' lang='grc' dir='ltr'><strong>είς</strong></span> <span class='ocrx_word' id='word_1_542' title='bbox 1097 4548 1304 4620; x_wconf 88' lang='grc' dir='ltr'>μοίρας,</span> <span class='ocrx_word' id='word_1_543' title='bbox 1329 4547 1421 4601; x_wconf 73' lang='grc' dir='ltr'><strong>καὶ</strong></span> <span class='ocrx_word' id='word_1_544' title='bbox 1454 4546 1751 4619; x_wconf 85' lang='grc' dir='ltr'>προσέθηκε</span> 
     </span>
    </p>
   </div>
   <div class='ocr_carea' id='block_1_76' title="bbox 1840 3341 3360 3422">
    <p class='ocr_par' dir='ltr' id='par_1_76' title="bbox 1840 3341 3360 3422">
     <span class='ocr_line' id='line_1_76' title="bbox 1840 3341 3360 3422; baseline -0.013 -11"><span class='ocrx_word' id='word_1_545' title='bbox 1840 3341 2072 3417; x_wconf 80' lang='lat' dir='ltr'><strong>maliam,</strong></span> <span class='ocrx_word' id='word_1_546' title='bbox 2101 3366 2217 3422; x_wconf 76' lang='lat' dir='ltr'><strong>quae</strong></span> <span class='ocrx_word' id='word_1_547' title='bbox 2245 3355 2327 3404; x_wconf 83' lang='lat' dir='ltr'><strong>est</strong></span> <span class='ocrx_word' id='word_1_548' title='bbox 2359 3345 2647 3404; x_wconf 82' lang='lat' dir='ltr'><strong>secundum</strong></span> <span class='ocrx_word' id='word_1_549' title='bbox 2689 3342 3067 3413; x_wconf 79' lang='lat' dir='ltr'><strong>longitudinem</strong></span> <span class='ocrx_word' id='word_1_550' title='bbox 3097 3380 3112 3405; x_wconf 94' lang='lat'><strong>,</strong></span> <span class='ocrx_word' id='word_1_551' title='bbox 3143 3341 3262 3410; x_wconf 88' lang='lat' dir='ltr'><strong>quis</strong></span> <span class='ocrx_word' id='word_1_552' title='bbox 3290 3341 3360 3393; x_wconf 81' lang='lat' dir='ltr'><strong>sit</strong></span> 
     </span>
    </p>
   </div>
   <div class='ocr_carea' id='block_1_77' title="bbox 1841 3429 3359 3509">
    <p class='ocr_par' dir='ltr' id='par_1_77' title="bbox 1841 3429 3359 3509">
     <span class='ocr_line' id='line_1_77' title="bbox 1841 3429 3359 3509; baseline -0.014 -7"><span class='ocrx_word' id='word_1_553' title='bbox 1841 3447 2093 3502; x_wconf 90' lang='lat' dir='ltr'><strong>minimus</strong></span> <span class='ocrx_word' id='word_1_554' title='bbox 2117 3449 2294 3497; x_wconf 88' lang='lat' dir='ltr'><strong>motus</strong></span> <span class='ocrx_word' id='word_1_555' title='bbox 2322 3441 2457 3509; x_wconf 86' lang='lat' dir='ltr'><strong>ejus,</strong></span> <span class='ocrx_word' id='word_1_556' title='bbox 2476 3445 2528 3492; x_wconf 87' lang='lat' dir='ltr'><strong>et</strong></span> <span class='ocrx_word' id='word_1_557' title='bbox 2549 3437 2670 3507; x_wconf 90' lang='lat' dir='ltr'><strong>quis</strong></span> <span class='ocrx_word' id='word_1_558' title='bbox 2689 3434 2969 3500; x_wconf 85' lang='lat' dir='ltr'><strong>maximus,</strong></span> <span class='ocrx_word' id='word_1_559' title='bbox 2986 3431 3106 3502; x_wconf 91' lang='lat' dir='ltr'><strong>quis</strong></span> <span class='ocrx_word' id='word_1_560' title='bbox 3134 3429 3359 3493; x_wconf 87' lang='lat' dir='ltr'><strong>medius,</strong></span> 
     </span>
    </p>
   </div>
   <div class='ocr_carea' id='block_1_78' title="bbox 1841 3520 3366 3604">
    <p class='ocr_par' dir='ltr' id='par_1_78' title="bbox 1841 3520 3366 3604">
     <span class='ocr_line' id='line_1_78' title="bbox 1841 3520 3366 3604; baseline -0.012 -13"><span class='ocrx_word' id='word_1_561' title='bbox 1841 3546 1894 3592; x_wconf 93' lang='lat' dir='ltr'><strong>et</strong></span> <span class='ocrx_word' id='word_1_562' title='bbox 1941 3533 2081 3604; x_wconf 90' lang='lat' dir='ltr'><strong>quod</strong></span> <span class='ocrx_word' id='word_1_563' title='bbox 2124 3530 2490 3603; x_wconf 82' lang='lat' dir='ltr'><strong>quotidianum</strong></span> <span class='ocrx_word' id='word_1_564' title='bbox 2531 3523 2926 3592; x_wconf 76' lang='lat' dir='ltr'><strong>incrementum,l</strong></span> <span class='ocrx_word' id='word_1_565' title='bbox 2972 3531 3026 3577; x_wconf 89' lang='lat' dir='ltr'><strong>et</strong></span> <span class='ocrx_word' id='word_1_566' title='bbox 3059 3520 3366 3576; x_wconf 87' lang='lat' dir='ltr'><strong>decremen-</strong></span> 
     </span>
    </p>
   </div>
   <div class='ocr_carea' id='block_1_79' title="bbox 1842 3609 3365 3693">
    <p class='ocr_par' dir='ltr' id='par_1_79' title="bbox 1842 3609 3365 3693">
     <span class='ocr_line' id='line_1_79' title="bbox 1842 3609 3365 3693; baseline -0.013 -12"><span class='ocrx_word' id='word_1_567' title='bbox 1842 3635 1952 3681; x_wconf 91' lang='lat' dir='ltr'><strong>tum</strong></span> <span class='ocrx_word' id='word_1_568' title='bbox 1983 3624 2100 3693; x_wconf 91' lang='lat' dir='ltr'><strong>ejus</strong></span> <span class='ocrx_word' id='word_1_569' title='bbox 2126 3642 2138 3676; x_wconf 78' lang='grc' dir='ltr'><strong>ι</strong></span> <span class='ocrx_word' id='word_1_570' title='bbox 2169 3621 2462 3690; x_wconf 88' lang='lat' dir='ltr'><strong>accipimus</strong></span> <span class='ocrx_word' id='word_1_571' title='bbox 2492 3615 2711 3684; x_wconf 84' lang='lat' dir='ltr'><strong>insuper</strong></span> <span class='ocrx_word' id='word_1_572' title='bbox 2734 3629 2799 3668; x_wconf 85' lang='lat' dir='ltr'><strong>ex</strong></span> <span class='ocrx_word' id='word_1_573' title='bbox 2831 3610 3137 3682; x_wconf 85' lang='lat' dir='ltr'><strong>apparentia</strong></span> <span class='ocrx_word' id='word_1_574' title='bbox 3167 3615 3220 3663; x_wconf 87' lang='lat' dir='ltr'><strong>et</strong></span> <span class='ocrx_word' id='word_1_575' title='bbox 3242 3609 3365 3672; x_wconf 88' lang='lat' dir='ltr'><strong>hoc,</strong></span> 
     </span>
    </p>
   </div>
   <div class='ocr_carea' id='block_1_80' title="bbox 1843 3699 3370 3774">
    <p class='ocr_par' dir='ltr' id='par_1_80' title="bbox 1843 3699 3370 3774">
     <span class='ocr_line' id='line_1_80' title="bbox 1843 3699 3370 3774; baseline -0.014 0"><span class='ocrx_word' id='word_1_576' title='bbox 1843 3734 1964 3774; x_wconf 89' lang='lat' dir='ltr'><strong>cum</strong></span> <span class='ocrx_word' id='word_1_577' title='bbox 1997 3717 2124 3770; x_wconf 92' lang='lat' dir='ltr'><strong>luna</strong></span> <span class='ocrx_word' id='word_1_578' title='bbox 2152 3719 2327 3767; x_wconf 88' lang='lat' dir='ltr'><strong>motus</strong></span> <span class='ocrx_word' id='word_1_579' title='bbox 2358 3708 2608 3763; x_wconf 88' lang='lat' dir='ltr'><strong>minimos</strong></span> <span class='ocrx_word' id='word_1_580' title='bbox 2656 3705 2810 3770; x_wconf 75' lang='lat' dir='ltr'><strong>facit,</strong></span> <span class='ocrx_word' id='word_1_581' title='bbox 2858 3704 2978 3773; x_wconf 91' lang='lat' dir='ltr'><strong>plus</strong></span> <span class='ocrx_word' id='word_1_582' title='bbox 3021 3715 3136 3756; x_wconf 90' lang='lat' dir='ltr'><strong>eam</strong></span> <span class='ocrx_word' id='word_1_583' title='bbox 3167 3699 3370 3753; x_wconf 81' lang='lat' dir='ltr'><strong>moveri</strong></span> 
     </span>
    </p>
   </div>
   <div class='ocr_carea' id='block_1_81' title="bbox 1843 3795 3372 3876">
    <p class='ocr_par' dir='ltr' id='par_1_81' title="bbox 1843 3795 3372 3876">
     <span class='ocr_line' id='line_1_81' title="bbox 1843 3795 3372 3876; baseline -0.011 -13"><span class='ocrx_word' id='word_1_584' title='bbox 1843 3808 2092 3863; x_wconf 91' lang='lat' dir='ltr'><strong>undecim</strong></span> <span class='ocrx_word' id='word_1_585' title='bbox 2137 3802 2419 3876; x_wconf 76' lang='lat' dir='ltr'><strong>gradibus,</strong></span> <span class='ocrx_word' id='word_1_586' title='bbox 2470 3799 2650 3855; x_wconf 89' lang='lat' dir='ltr'><strong>minus</strong></span> <span class='ocrx_word' id='word_1_587' title='bbox 2701 3795 3026 3851; x_wconf 87' lang='lat' dir='ltr'><strong>duodecim:</strong></span> <span class='ocrx_word' id='word_1_588' title='bbox 3071 3807 3191 3848; x_wconf 91' lang='lat' dir='ltr'><strong>cum</strong></span> <span class='ocrx_word' id='word_1_589' title='bbox 3243 3805 3372 3846; x_wconf 83' lang='lat' dir='ltr'><strong>vero</strong></span> 
     </span>
    </p>
   </div>
   <div class='ocr_carea' id='block_1_82' title="bbox 1845 3879 3374 3957">
    <p class='ocr_par' dir='ltr' id='par_1_82' title="bbox 1845 3879 3374 3957">
     <span class='ocr_line' id='line_1_82' title="bbox 1845 3879 3374 3957; baseline -0.011 -5"><span class='ocrx_word' id='word_1_590' title='bbox 1845 3897 2108 3952; x_wconf 81' lang='lat' dir='ltr'><strong>maximos</strong></span> <span class='ocrx_word' id='word_1_591' title='bbox 2155 3893 2369 3949; x_wconf 81' lang='lat' dir='ltr'><strong>conﬁcit</strong></span> <span class='ocrx_word' id='word_1_592' title='bbox 2419 3893 2614 3954; x_wconf 78' lang='lat' dir='ltr'><strong>motus,</strong></span> <span class='ocrx_word' id='word_1_593' title='bbox 2642 3886 2872 3957; x_wconf 89' lang='lat' dir='ltr'><strong>amplius</strong></span> <span class='ocrx_word' id='word_1_594' title='bbox 2905 3898 3020 3939; x_wconf 88' lang='lat' dir='ltr'><strong>eam</strong></span> <span class='ocrx_word' id='word_1_595' title='bbox 3069 3880 3266 3937; x_wconf 84' lang='lat' dir='ltr'><strong>moveri</strong></span> <span class='ocrx_word' id='word_1_596' title='bbox 3309 3879 3374 3935; x_wconf 77' lang='grc'><strong>15</strong></span> 
     </span>
    </p>
   </div>
   <div class='ocr_carea' id='block_1_83' title="bbox 1847 3969 3375 4060">
    <p class='ocr_par' dir='ltr' id='par_1_83' title="bbox 1847 3969 3375 4060">
     <span class='ocr_line' id='line_1_83' title="bbox 1847 3969 3375 4060; baseline -0.013 -18"><span class='ocrx_word' id='word_1_597' title='bbox 1847 3989 2126 4060; x_wconf 77' lang='lat' dir='ltr'><strong>gradibus,</strong></span> <span class='ocrx_word' id='word_1_598' title='bbox 2159 3985 2336 4040; x_wconf 91' lang='lat' dir='ltr'><strong>minus</strong></span> <span class='ocrx_word' id='word_1_599' title='bbox 2364 3997 2489 4039; x_wconf 89' lang='lat' dir='ltr'><strong>vero</strong></span> <span class='ocrx_word' id='word_1_600' title='bbox 2516 3979 2579 4034; x_wconf 75' lang='grc'>16</span> <span class='ocrx_word' id='word_1_601' title='bbox 2608 3977 2891 4049; x_wconf 79' lang='lat' dir='ltr'><strong>gradibus;</strong></span> <span class='ocrx_word' id='word_1_602' title='bbox 2929 3986 3050 4028; x_wconf 89' lang='lat' dir='ltr'><strong>cum</strong></span> <span class='ocrx_word' id='word_1_603' title='bbox 3083 3973 3245 4041; x_wconf 78' lang='lat' dir='ltr'><strong>igitur</strong></span> <span class='ocrx_word' id='word_1_604' title='bbox 3277 3969 3375 4023; x_wconf 82' lang='lat' dir='ltr'><strong>ob-</strong></span> 
     </span>
    </p>
   </div>
   <div class='ocr_carea' id='block_1_84' title="bbox 1850 4064 3375 4140">
    <p class='ocr_par' dir='ltr' id='par_1_84' title="bbox 1850 4064 3375 4140">
     <span class='ocr_line' id='line_1_84' title="bbox 1850 4064 3375 4140; baseline -0.014 -4"><span class='ocrx_word' id='word_1_605' title='bbox 1850 4086 2118 4136; x_wconf 88' lang='lat' dir='ltr'><strong>servatum</strong></span> <span class='ocrx_word' id='word_1_606' title='bbox 2150 4077 2240 4140; x_wconf 88' lang='lat' dir='ltr'><strong>sit,</strong></span> <span class='ocrx_word' id='word_1_607' title='bbox 2271 4076 2450 4128; x_wconf 87' lang='lat' dir='ltr'><strong>lunam</strong></span> <span class='ocrx_word' id='word_1_608' title='bbox 2484 4071 2538 4126; x_wconf 91' lang='lat' dir='ltr'><strong>in</strong></span> <span class='ocrx_word' id='word_1_609' title='bbox 2570 4069 2758 4123; x_wconf 90' lang='lat' dir='ltr'><strong>diebus</strong></span> <span class='ocrx_word' id='word_1_610' title='bbox 2782 4064 2950 4120; x_wconf 76' lang='grc'>19756</span> <span class='ocrx_word' id='word_1_611' title='bbox 2975 4076 3257 4134; x_wconf 77' lang='lat' dir='ltr'><strong>peragrare</strong></span> <span class='ocrx_word' id='word_1_612' title='bbox 3283 4076 3375 4114; x_wconf 82' lang='lat' dir='ltr'><strong>zo-</strong></span> 
     </span>
    </p>
   </div>
   <div class='ocr_carea' id='block_1_85' title="bbox 1849 4150 3371 4230">
    <p class='ocr_par' dir='ltr' id='par_1_85' title="bbox 1849 4150 3371 4230">
     <span class='ocr_line' id='line_1_85' title="bbox 1849 4150 3371 4230; baseline -0.014 -5"><span class='ocrx_word' id='word_1_613' title='bbox 1849 4171 2032 4225; x_wconf 91' lang='lat' dir='ltr'><strong>diacos</strong></span> <span class='ocrx_word' id='word_1_614' title='bbox 2051 4166 2283 4221; x_wconf 90' lang='lat' dir='ltr'><strong>circulos</strong></span> <span class='ocrx_word' id='word_1_615' title='bbox 2314 4163 2440 4225; x_wconf 77' lang='lat'><strong>725,</strong></span> <span class='ocrx_word' id='word_1_616' title='bbox 2475 4170 2526 4215; x_wconf 90' lang='lat' dir='ltr'><strong>et</strong></span> <span class='ocrx_word' id='word_1_617' title='bbox 2555 4169 2806 4230; x_wconf 61' lang='lat' dir='ltr'><strong>praeterea</strong></span> <span class='ocrx_word' id='word_1_618' title='bbox 2845 4154 3018 4209; x_wconf 86' lang='lat' dir='ltr'><strong>adhuc</strong></span> <span class='ocrx_word' id='word_1_619' title='bbox 3052 4151 3248 4223; x_wconf 83' lang='lat' dir='ltr'><strong>gradus</strong></span> <span class='ocrx_word' id='word_1_620' title='bbox 3265 4150 3371 4204; x_wconf 73' lang='lat'><strong>52:</strong></span> 
     </span>
    </p>
   </div>
   <div class='ocr_carea' id='block_1_86' title="bbox 1851 4240 3376 4329">
    <p class='ocr_par' dir='ltr' id='par_1_86' title="bbox 1851 4240 3376 4329">
     <span class='ocr_line' id='line_1_86' title="bbox 1851 4240 3376 4329; baseline -0.011 -15"><span class='ocrx_word' id='word_1_621' title='bbox 1851 4258 2218 4329; x_wconf 91' lang='lat' dir='ltr'><strong>unusquisque</strong></span> <span class='ocrx_word' id='word_1_622' title='bbox 2247 4261 2424 4309; x_wconf 91' lang='lat' dir='ltr'><strong>autem</strong></span> <span class='ocrx_word' id='word_1_623' title='bbox 2454 4251 2774 4306; x_wconf 88' lang='lat' dir='ltr'><strong>circulorum</strong></span> <span class='ocrx_word' id='word_1_624' title='bbox 2813 4245 3004 4301; x_wconf 88' lang='lat' dir='ltr'><strong>habeat</strong></span> <span class='ocrx_word' id='word_1_625' title='bbox 3028 4242 3224 4314; x_wconf 89' lang='lat' dir='ltr'><strong>gradus</strong></span> <span class='ocrx_word' id='word_1_626' title='bbox 3254 4240 3376 4308; x_wconf 80' lang='lat'><strong>360,</strong></span> 
     </span>
    </p>
   </div>
   <div class='ocr_carea' id='block_1_87' title="bbox 1851 4333 3375 4408">
    <p class='ocr_par' dir='ltr' id='par_1_87' title="bbox 1851 4333 3375 4408">
     <span class='ocr_line' id='line_1_87' title="bbox 1851 4333 3375 4408; baseline -0.011 -2"><span class='ocrx_word' id='word_1_627' title='bbox 1851 4351 2084 4408; x_wconf 82' lang='lat' dir='ltr'><strong>refundit</strong></span> <span class='ocrx_word' id='word_1_628' title='bbox 2126 4350 2253 4403; x_wconf 88' lang='lat' dir='ltr'><strong>luna</strong></span> <span class='ocrx_word' id='word_1_629' title='bbox 2283 4345 2606 4401; x_wconf 89' lang='lat' dir='ltr'><strong>circulorum</strong></span> <span class='ocrx_word' id='word_1_630' title='bbox 2631 4336 3032 4394; x_wconf 87' lang='lat' dir='ltr'><strong>multitudinem</strong></span> <span class='ocrx_word' id='word_1_631' title='bbox 3063 4336 3119 4390; x_wconf 89' lang='lat' dir='ltr'><strong>in</strong></span> <span class='ocrx_word' id='word_1_632' title='bbox 3150 4333 3375 4405; x_wconf 87' lang='lat' dir='ltr'><strong>gradus,</strong></span> 
     </span>
    </p>
   </div>
   <div class='ocr_carea' id='block_1_88' title="bbox 1851 4432 3381 4510">
    <p class='ocr_par' dir='ltr' id='par_1_88' title="bbox 1851 4432 3381 4510">
     <span class='ocr_line' id='line_1_88' title="bbox 1851 4432 3381 4510; baseline -0.015 -12"><span class='ocrx_word' id='word_1_633' title='bbox 1851 4449 1906 4498; x_wconf 89' lang='lat' dir='ltr'><strong>et</strong></span> <span class='ocrx_word' id='word_1_634' title='bbox 1927 4441 2072 4496; x_wconf 89' lang='lat' dir='ltr'><strong>addit</strong></span> <span class='ocrx_word' id='word_1_635' title='bbox 2100 4439 2297 4510; x_wconf 90' lang='lat' dir='ltr'><strong>gradus</strong></span> <span class='ocrx_word' id='word_1_636' title='bbox 2337 4435 2422 4491; x_wconf 72' lang='lat'><strong>52.</strong></span> <span class='ocrx_word' id='word_1_637' title='bbox 2459 4433 2542 4488; x_wconf 89' lang='lat' dir='ltr'><strong>Fit</strong></span> <span class='ocrx_word' id='word_1_638' title='bbox 2572 4432 2734 4503; x_wconf 85' lang='lat' dir='ltr'><strong>igitur</strong></span> <span class='ocrx_word' id='word_1_639' title='bbox 2782 4437 2922 4483; x_wconf 91' lang='lat' dir='ltr'><strong>totus</strong></span> <span class='ocrx_word' id='word_1_640' title='bbox 2967 4439 3220 4480; x_wconf 91' lang='lat' dir='ltr'><strong>numerus</strong></span> <span class='ocrx_word' id='word_1_641' title='bbox 3259 4437 3381 4493; x_wconf 88' lang='lat' dir='ltr'><strong>gra-</strong></span> 
     </span>
    </p>
   </div>
   <div class='ocr_carea' id='block_1_89' title="bbox 1854 4510 3382 4589">
    <p class='ocr_par' dir='ltr' id='par_1_89' title="bbox 1854 4510 3382 4589">
     <span class='ocr_line' id='line_1_89' title="bbox 1854 4510 3382 4589; baseline -0.015 -3"><span class='ocrx_word' id='word_1_642' title='bbox 1854 4532 2017 4586; x_wconf 89' lang='lat' dir='ltr'><strong>duum</strong></span> <span class='ocrx_word' id='word_1_643' title='bbox 2052 4526 2275 4582; x_wconf 68' lang='lat'><strong>260512.</strong></span> <span class='ocrx_word' id='word_1_644' title='bbox 2308 4524 2364 4578; x_wconf 88' lang='lat' dir='ltr'><strong>In</strong></span> <span class='ocrx_word' id='word_1_645' title='bbox 2398 4522 2585 4577; x_wconf 89' lang='lat' dir='ltr'><strong>diebus</strong></span> <span class='ocrx_word' id='word_1_646' title='bbox 2612 4519 2773 4589; x_wconf 87' lang='lat' dir='ltr'><strong>igitur</strong></span> <span class='ocrx_word' id='word_1_647' title='bbox 2803 4515 3033 4569; x_wconf 78' lang='lat' dir='ltr'><strong>maxime</strong></span> <span class='ocrx_word' id='word_1_648' title='bbox 3062 4510 3230 4566; x_wconf 77' lang='grc'>19756</span> <span class='ocrx_word' id='word_1_649' title='bbox 3262 4525 3382 4579; x_wconf 88' lang='lat' dir='ltr'><strong>per-</strong></span> 
     </span>
    </p>
   </div>
   <div class='ocr_carea' id='block_1_90' title="bbox 219 4604 1786 4716">
    <p class='ocr_par' dir='ltr' id='par_1_90' title="bbox 219 4604 1786 4716">
     <span class='ocr_line' id='line_1_90' title="bbox 219 4604 1786 4716; baseline -0.006 -17"><span class='ocrx_word' id='word_1_650' title='bbox 219 4646 313 4710; x_wconf 82' lang='grc' dir='ltr'><strong>τὰς</strong></span> <span class='ocrx_word' id='word_1_651' title='bbox 779 4604 884 4707; x_wconf 65' lang='grc' dir='ltr'>πάς</span> <span class='ocrx_word' id='word_1_652' title='bbox 913 4604 1138 4716; x_wconf 52' lang='grc' dir='ltr'>ἀριθμός</span> <span class='ocrx_word' id='word_1_653' title='bbox 1181 4604 1379 4710; x_wconf 44' lang='grc' dir='ltr'>μοι-ρῶν</span> <span class='ocrx_word' id='word_1_654' title='bbox 1409 4604 1617 4711; x_wconf 47' lang='grc' dir='ltr'>,σιξτιβκ</span> <span class='ocrx_word' id='word_1_655' title='bbox 1667 4604 1753 4690; x_wconf 45' lang='grc' dir='ltr'>ίΕν</span> <span class='ocrx_word' id='word_1_656' title='bbox 1785 4692 1786 4697; x_wconf 34' lang='grc' dir='ltr'><strong>η</strong></span> 
     </span>
    </p>
   </div>
   <div class='ocr_carea' id='block_1_91' title="bbox 1830 4604 3381 4716">
    <p class='ocr_par' dir='ltr' id='par_1_91' title="bbox 1855 4604 3381 4716">
     <span class='ocr_line' id='line_1_91' title="bbox 1855 4604 3381 4687; baseline -0.015 -10"><span class='ocrx_word' id='word_1_657' title='bbox 1855 4624 2023 4678; x_wconf 88' lang='lat' dir='ltr'><strong>currit</strong></span> <span class='ocrx_word' id='word_1_658' title='bbox 2072 4621 2199 4673; x_wconf 89' lang='lat' dir='ltr'><strong>luna</strong></span> <span class='ocrx_word' id='word_1_659' title='bbox 2242 4613 2550 4687; x_wconf 68' lang='lat' dir='ltr'><strong>praedictum</strong></span> <span class='ocrx_word' id='word_1_660' title='bbox 2582 4611 2857 4663; x_wconf 74' lang='lat' dir='ltr'><strong>numerum</strong></span> <span class='ocrx_word' id='word_1_661' title='bbox 2887 4604 3145 4676; x_wconf 87' lang='lat' dir='ltr'><strong>graduum</strong></span> <span class='ocrx_word' id='word_1_662' title='bbox 3173 4621 3186 4657; x_wconf 90' lang='lat'><strong>:</strong></span> <span class='ocrx_word' id='word_1_663' title='bbox 3222 4617 3381 4672; x_wconf 89' lang='lat' dir='ltr'><strong>quam</strong></span> 
     </span>
     <span class='ocr_line' id='line_1_92' title="bbox 1951 4694 3381 4716; baseline -0.005 0"><span class='ocrx_word' id='word_1_664' title='bbox 1951 4714 1963 4716; x_wconf 67' lang='grc'><em>,</em></span> <span class='ocrx_word' id='word_1_665' title='bbox 1996 4713 2006 4716; x_wconf 78' lang='lat'><strong>-</strong></span> <span class='ocrx_word' id='word_1_666' title='bbox 2089 4711 2122 4716; x_wconf 82' lang='lat'><strong>_-</strong></span> <span class='ocrx_word' id='word_1_667' title='bbox 2297 4707 2308 4716; x_wconf 93' lang='lat'><em>.</em></span> <span class='ocrx_word' id='word_1_668' title='bbox 2419 4705 2452 4716; x_wconf 88' lang='lat'><strong>..</strong></span> <span class='ocrx_word' id='word_1_669' title='bbox 2945 4713 3040 4716; x_wconf 23' lang='grc' dir='ltr'><strong>Α,</strong></span> <span class='ocrx_word' id='word_1_670' title='bbox 3102 4694 3381 4716; x_wconf 38' lang='grc' dir='ltr'>,μμ-,η</span> 
     </span>
    </p>
   </div>
   <div class='ocr_carea' id='block_1_92' title="bbox 220 4694 1786 4808">
    <p class='ocr_par' dir='ltr' id='par_1_92' title="bbox 220 4694 1786 4808">
     <span class='ocr_line' id='line_1_93' title="bbox 220 4694 1786 4808; baseline -0.006 -17"><span class='ocrx_word' id='word_1_671' title='bbox 220 4694 322 4808; x_wconf 61' lang='grc' dir='ltr'>ἄρα</span> <span class='ocrx_word' id='word_1_672' title='bbox 343 4694 595 4808; x_wconf 39' lang='grc' dir='ltr'><strong>⁷ήτμέςίαις</strong></span> <span class='ocrx_word' id='word_1_673' title='bbox 606 4694 1069 4808; x_wconf 51' lang='grc' dir='ltr'>μαλίσταῖιβᾷνξ</span> <span class='ocrx_word' id='word_1_674' title='bbox 1088 4694 1526 4802; x_wconf 52' lang='grc' dir='ltr'>δίαπορεύεταιμή</span> <span class='ocrx_word' id='word_1_675' title='bbox 1555 4694 1755 4799; x_wconf 43' lang='grc' dir='ltr'>,σελήνη</span> <span class='ocrx_word' id='word_1_676' title='bbox 1785 4694 1786 4697; x_wconf 8' lang='grc' dir='ltr'>Ἴ</span> 
     </span>
    </p>
   </div>
   <div class='ocr_carea' id='block_1_93' title="bbox 1830 4694 3386 4808">
    <p class='ocr_par' dir='ltr' id='par_1_93' title="bbox 1856 4694 3386 4808">
     <span class='ocr_line' id='line_1_94' title="bbox 1856 4694 3386 4770; baseline -0.014 0"><span class='ocrx_word' id='word_1_677' title='bbox 1856 4711 2249 4770; x_wconf 90' lang='lat' dir='ltr'><strong>multitudinem</strong></span> <span class='ocrx_word' id='word_1_678' title='bbox 2296 4707 2350 4760; x_wconf 89' lang='lat' dir='ltr'><strong>in</strong></span> <span class='ocrx_word' id='word_1_679' title='bbox 2404 4705 2608 4758; x_wconf 88' lang='lat' dir='ltr'><strong>dierum</strong></span> <span class='ocrx_word' id='word_1_680' title='bbox 2655 4698 3046 4755; x_wconf 90' lang='lat' dir='ltr'><strong>multitudinem</strong></span> <span class='ocrx_word' id='word_1_681' title='bbox 3094 4694 3386 4750; x_wconf 80' lang='lat' dir='ltr'><strong>dividentes</strong></span> 
     </span>
     <span class='ocr_line' id='line_1_95' title="bbox 1860 4783 3380 4808; baseline 0 0"><span class='ocrx_word' id='word_1_682' title='bbox 1860 4806 1869 4808; x_wconf 70' lang='lat'><strong>-</strong></span> <span class='ocrx_word' id='word_1_683' title='bbox 2022 4804 2031 4808; x_wconf 83' lang='lat'><strong>-</strong></span> <span class='ocrx_word' id='word_1_684' title='bbox 2327 4796 2361 4808; x_wconf 80' lang='grc' dir='ltr'><strong>ιι</strong></span> <span class='ocrx_word' id='word_1_685' title='bbox 2516 4794 2550 4808; x_wconf 76' lang='grc' dir='ltr'><strong>υ</strong></span> <span class='ocrx_word' id='word_1_686' title='bbox 2732 4807 2739 4808; x_wconf 59' lang='lat'><strong><em>,</em></strong></span> <span class='ocrx_word' id='word_1_687' title='bbox 2799 4797 2992 4808; x_wconf 39' lang='lat'><strong>____.__4_</strong></span> <span class='ocrx_word' id='word_1_688' title='bbox 3045 4786 3182 4808; x_wconf 70' lang='grc' dir='ltr'><strong>¹Ι.....Δ</strong></span> <span class='ocrx_word' id='word_1_689' title='bbox 3250 4783 3380 4808; x_wconf 62' lang='lat' dir='ltr'>nu...</span> 
     </span>
    </p>
   </div>
   <div class='ocr_carea' id='block_1_94' title="bbox 131 4783 1786 4900">
    <p class='ocr_par' dir='ltr' id='par_1_94' title="bbox 131 4783 1759 4900">
     <span class='ocr_line' id='line_1_96' title="bbox 131 4783 1759 4900; baseline -0.009 -17"><span class='ocrx_word' id='word_1_690' title='bbox 131 4847 134 4850; x_wconf 53' lang='grc' dir='ltr'><strong>ν</strong></span> <span class='ocrx_word' id='word_1_691' title='bbox 221 4783 284 4883; x_wconf 61' lang='grc' dir='ltr'><strong>τί</strong></span> <span class='ocrx_word' id='word_1_692' title='bbox 302 4783 688 4900; x_wconf 55' lang='grc' dir='ltr'>πρᾏέιεῖηιίέπῖξν</span> <span class='ocrx_word' id='word_1_693' title='bbox 713 4783 1045 4895; x_wconf 38' lang='lat' dir='ltr'><strong>“gigas;</strong></span> <span class='ocrx_word' id='word_1_694' title='bbox 1067 4783 1262 4894; x_wconf 41' lang='lat' dir='ltr'><strong>sane;</strong></span> <span class='ocrx_word' id='word_1_695' title='bbox 1284 4838 1296 4850; x_wconf 89' lang='lat'><strong>-</strong></span> <span class='ocrx_word' id='word_1_696' title='bbox 1321 4820 1424 4891; x_wconf 84' lang='grc' dir='ltr'><strong>ὃδὴ</strong></span> <span class='ocrx_word' id='word_1_697' title='bbox 1450 4783 1759 4888; x_wconf 64' lang='grc' dir='ltr'>πλ’ῆθος,ὲιξ</span> 
     </span>
    </p>
   </div>
   <div class='ocr_carea' id='block_1_95' title="bbox 1830 4783 3385 4900">
    <p class='ocr_par' dir='ltr' id='par_1_95' title="bbox 1858 4783 3385 4860">
     <span class='ocr_line' id='line_1_97' title="bbox 1858 4783 3385 4860; baseline -0.014 0"><span class='ocrx_word' id='word_1_698' title='bbox 1858 4804 2189 4860; x_wconf 87' lang='lat' dir='ltr'><strong>inveniemus</strong></span> <span class='ocrx_word' id='word_1_699' title='bbox 2224 4796 2458 4852; x_wconf 89' lang='lat' dir='ltr'><strong>medium</strong></span> <span class='ocrx_word' id='word_1_700' title='bbox 2500 4794 2750 4849; x_wconf 90' lang='lat' dir='ltr'><strong>diurnum</strong></span> <span class='ocrx_word' id='word_1_701' title='bbox 2798 4797 2998 4844; x_wconf 89' lang='lat' dir='ltr'><strong>motum</strong></span> <span class='ocrx_word' id='word_1_702' title='bbox 3045 4786 3204 4840; x_wconf 66' lang='lat' dir='ltr'><strong>lunae.</strong></span> <span class='ocrx_word' id='word_1_703' title='bbox 3250 4783 3385 4840; x_wconf 89' lang='lat' dir='ltr'><strong>Cum</strong></span> 
     </span>
    </p>
   </div>
   <div class='ocr_carea' id='block_1_96' title="bbox 222 4875 1786 4987">
    <p class='ocr_par' dir='ltr' id='par_1_96' title="bbox 222 4875 1758 4987">
     <span class='ocr_line' id='line_1_98' title="bbox 222 4875 1758 4987; baseline -0.007 -18"><span class='ocrx_word' id='word_1_704' title='bbox 222 4913 294 4970; x_wconf 71' lang='grc' dir='ltr'><strong>ἰδ’</strong></span> <span class='ocrx_word' id='word_1_705' title='bbox 948 4875 1258 4983; x_wconf 72' lang='grc' dir='ltr'>μερίσαντες</span> <span class='ocrx_word' id='word_1_706' title='bbox 1279 4949 1293 4973; x_wconf 93' lang='grc'><strong>,</strong></span> <span class='ocrx_word' id='word_1_707' title='bbox 1327 4875 1758 4978; x_wconf 46' lang='grc' dir='ltr'>εὑρήσομεν-</span> 
     </span>
    </p>
   </div>
   <div class='ocr_carea' id='block_1_97' title="bbox 1830 4875 3387 4987">
    <p class='ocr_par' dir='ltr' id='par_1_97' title="bbox 1857 4875 3387 4987">
     <span class='ocr_line' id='line_1_99' title="bbox 1857 4875 3387 4961; baseline -0.014 -11"><span class='ocrx_word' id='word_1_708' title='bbox 1857 4895 1998 4956; x_wconf 91' lang='lat' dir='ltr'><strong>enim</strong></span> <span class='ocrx_word' id='word_1_709' title='bbox 2023 4905 2196 4961; x_wconf 88' lang='lat' dir='ltr'><strong>neque</strong></span> <span class='ocrx_word' id='word_1_710' title='bbox 2217 4886 2580 4942; x_wconf 72' lang='lat' dir='ltr'><strong>intentionem</strong></span> <span class='ocrx_word' id='word_1_711' title='bbox 2596 4891 2793 4944; x_wconf 86' lang='lat' dir='ltr'><strong>motus,</strong></span> <span class='ocrx_word' id='word_1_712' title='bbox 2821 4893 2991 4949; x_wconf 88' lang='lat' dir='ltr'><strong>neque</strong></span> <span class='ocrx_word' id='word_1_713' title='bbox 3016 4875 3387 4931; x_wconf 90' lang='lat' dir='ltr'><strong>remissionem</strong></span> 
     </span>
     <span class='ocr_line' id='line_1_100' title="bbox 2460 4967 3357 4987; baseline -0.002 0"><span class='ocrx_word' id='word_1_714' title='bbox 2460 4978 2494 4987; x_wconf 92' lang='lat'><strong>..</strong></span> <span class='ocrx_word' id='word_1_715' title='bbox 2637 4975 2647 4986; x_wconf 93' lang='lat'><strong>.</strong></span> <span class='ocrx_word' id='word_1_716' title='bbox 2745 4975 2756 4985; x_wconf 92' lang='lat'>.</span> <span class='ocrx_word' id='word_1_717' title='bbox 2927 4967 3174 4987; x_wconf 17' lang='lat' dir='ltr'><strong>suam“</strong></span> <span class='ocrx_word' id='word_1_718' title='bbox 3207 4967 3357 4987; x_wconf 37' lang='grc' dir='ltr'><strong>*φης</strong></span> 
     </span>
    </p>
   </div>
   <div class='ocr_carea' id='block_1_98' title="bbox 228 4996 1756 5082">
    <p class='ocr_par' dir='ltr' id='par_1_98' title="bbox 228 4996 1756 5082">
     <span class='ocr_line' id='line_1_101' title="bbox 228 4996 1756 5082; baseline -0.01 -19"><span class='ocrx_word' id='word_1_719' title='bbox 228 5010 393 5082; x_wconf 82' lang='grc' dir='ltr'>μέσην</span> <span class='ocrx_word' id='word_1_720' title='bbox 433 5008 727 5080; x_wconf 77' lang='grc' dir='ltr'>ἡμερήσιον</span> <span class='ocrx_word' id='word_1_721' title='bbox 771 5006 978 5074; x_wconf 84' lang='grc' dir='ltr'>κίνησιν</span> <span class='ocrx_word' id='word_1_722' title='bbox 1023 5003 1119 5073; x_wconf 78' lang='grc' dir='ltr'>τῆς</span> <span class='ocrx_word' id='word_1_723' title='bbox 1161 5001 1403 5072; x_wconf 85' lang='grc' dir='ltr'>σελήνης.</span> <span class='ocrx_word' id='word_1_724' title='bbox 1448 4999 1609 5050; x_wconf 88' lang='grc' dir='ltr'>Ὅταν</span> <span class='ocrx_word' id='word_1_725' title='bbox 1649 4996 1756 5068; x_wconf 80' lang='grc' dir='ltr'>γὰρ</span> 
     </span>
    </p>
   </div>
   <div class='ocr_carea' id='block_1_99' title="bbox 229 5087 1758 5172">
    <p class='ocr_par' dir='ltr' id='par_1_99' title="bbox 229 5087 1758 5172">
     <span class='ocr_line' id='line_1_102' title="bbox 229 5087 1758 5172; baseline -0.01 -17"><span class='ocrx_word' id='word_1_726' title='bbox 229 5102 362 5171; x_wconf 81' lang='grc' dir='ltr'>μήτε</span> <span class='ocrx_word' id='word_1_727' title='bbox 396 5099 492 5172; x_wconf 80' lang='grc' dir='ltr'>τὴν</span> <span class='ocrx_word' id='word_1_728' title='bbox 531 5098 772 5151; x_wconf 77' lang='grc' dir='ltr'>ἐπίτασιν</span> <span class='ocrx_word' id='word_1_729' title='bbox 806 5096 905 5166; x_wconf 80' lang='grc' dir='ltr'>τῆς</span> <span class='ocrx_word' id='word_1_730' title='bbox 941 5096 1219 5166; x_wconf 87' lang='grc' dir='ltr'>κινήσεως,</span> <span class='ocrx_word' id='word_1_731' title='bbox 1266 5093 1401 5163; x_wconf 87' lang='grc' dir='ltr'>μήτε</span> <span class='ocrx_word' id='word_1_732' title='bbox 1444 5089 1537 5160; x_wconf 82' lang='grc' dir='ltr'>τὴν</span> <span class='ocrx_word' id='word_1_733' title='bbox 1579 5087 1758 5142; x_wconf 78' lang='grc' dir='ltr'>ἄνεσιν</span> 
     </span>
    </p>
   </div>
   <div class='ocr_carea' id='block_1_100' title="bbox 227 5179 1759 5261">
    <p class='ocr_par' dir='ltr' id='par_1_100' title="bbox 227 5179 1759 5261">
     <span class='ocr_line' id='line_1_103' title="bbox 227 5179 1759 5261; baseline -0.009 -17"><span class='ocrx_word' id='word_1_734' title='bbox 227 5190 703 5261; x_wconf 81' lang='grc' dir='ltr'>ὑπολογισάμενοι,</span> <span class='ocrx_word' id='word_1_735' title='bbox 736 5186 796 5250; x_wconf 73' lang='grc' dir='ltr'>ἐξ</span> <span class='ocrx_word' id='word_1_736' title='bbox 834 5185 1032 5256; x_wconf 82' lang='grc' dir='ltr'>ὁμαλοῦ</span> <span class='ocrx_word' id='word_1_737' title='bbox 1067 5184 1368 5257; x_wconf 83' lang='grc' dir='ltr'>μερίσωμεν</span> <span class='ocrx_word' id='word_1_738' title='bbox 1396 5179 1456 5233; x_wconf 81' lang='grc' dir='ltr'><strong>τὸ</strong></span> <span class='ocrx_word' id='word_1_739' title='bbox 1497 5179 1600 5232; x_wconf 85' lang='grc' dir='ltr'>τῶν</span> <span class='ocrx_word' id='word_1_740' title='bbox 1643 5195 1759 5249; x_wconf 89' lang='grc' dir='ltr'>μοι-</span> 
     </span>
    </p>
   </div>
   <div class='ocr_carea' id='block_1_101' title="bbox 231 5269 1806 5353">
    <p class='ocr_par' dir='ltr' id='par_1_101' title="bbox 231 5269 1806 5353">
     <span class='ocr_line' id='line_1_104' title="bbox 231 5269 1806 5353; baseline -0.008 -17"><span class='ocrx_word' id='word_1_741' title='bbox 231 5281 578 5353; x_wconf 61' lang='grc' dir='ltr'>ρῶνπλῆθος,</span> <span class='ocrx_word' id='word_1_742' title='bbox 615 5279 732 5333; x_wconf 86' lang='grc' dir='ltr'>τότε</span> <span class='ocrx_word' id='word_1_743' title='bbox 762 5279 796 5347; x_wconf 88' lang='grc' dir='ltr'><strong>ή</strong></span> <span class='ocrx_word' id='word_1_744' title='bbox 821 5277 1097 5346; x_wconf 85' lang='grc' dir='ltr'>εὑρεθεῖσα</span> <span class='ocrx_word' id='word_1_745' title='bbox 1115 5274 1322 5343; x_wconf 89' lang='grc' dir='ltr'>κίνησις</span> <span class='ocrx_word' id='word_1_746' title='bbox 1346 5270 1480 5342; x_wconf 82' lang='grc' dir='ltr'>μέση</span> <span class='ocrx_word' id='word_1_747' title='bbox 1501 5269 1757 5324; x_wconf 86' lang='grc' dir='ltr'>καλεῖται.</span> <span class='ocrx_word' id='word_1_748' title='bbox 1804 5310 1806 5312; x_wconf 54' lang='grc' dir='ltr'><strong>τ</strong></span> 
     </span>
    </p>
   </div>
   <div class='ocr_carea' id='block_1_102' title="bbox 229 5359 1766 5442">
    <p class='ocr_par' dir='ltr' id='par_1_102' title="bbox 229 5359 1766 5442">
     <span class='ocr_line' id='line_1_105' title="bbox 229 5359 1766 5442; baseline -0.008 -17"><span class='ocrx_word' id='word_1_749' title='bbox 229 5371 545 5442; x_wconf 80' lang='grc' dir='ltr'>Εὑρίσκεται</span> <span class='ocrx_word' id='word_1_750' title='bbox 591 5371 648 5424; x_wconf 85' lang='grc' dir='ltr'><strong>δὲ</strong></span> <span class='ocrx_word' id='word_1_751' title='bbox 688 5368 823 5439; x_wconf 72' lang='grc' dir='ltr'>αὕτη</span> <span class='ocrx_word' id='word_1_752' title='bbox 855 5367 1109 5437; x_wconf 84' lang='grc' dir='ltr'>γινομένη</span> <span class='ocrx_word' id='word_1_753' title='bbox 1154 5363 1359 5436; x_wconf 51' lang='grc' dir='ltr'>μοιρῶν,</span> <span class='ocrx_word' id='word_1_754' title='bbox 1415 5368 1478 5429; x_wconf 85' lang='grc' dir='ltr'>ιγ’</span> <span class='ocrx_word' id='word_1_755' title='bbox 1541 5359 1766 5430; x_wconf 86' lang='grc' dir='ltr'>πρώτων</span> 
     </span>
    </p>
   </div>
   <div class='ocr_carea' id='block_1_103' title="bbox 234 5451 1767 5532">
    <p class='ocr_par' dir='ltr' id='par_1_103' title="bbox 234 5451 1767 5532">
     <span class='ocr_line' id='line_1_106' title="bbox 234 5451 1767 5532; baseline -0.008 -17"><span class='ocrx_word' id='word_1_756' title='bbox 234 5461 550 5532; x_wconf 78' lang='grc' dir='ltr'>ὲξηκοστῶν,</span> <span class='ocrx_word' id='word_1_757' title='bbox 578 5460 671 5514; x_wconf 71' lang='grc' dir='ltr'>καὶ</span> <span class='ocrx_word' id='word_1_758' title='bbox 692 5458 952 5529; x_wconf 87' lang='grc' dir='ltr'>δευτέρων</span> <span class='ocrx_word' id='word_1_759' title='bbox 966 5457 1057 5509; x_wconf 84' lang='grc' dir='ltr'>λε’.</span> <span class='ocrx_word' id='word_1_760' title='bbox 1077 5457 1328 5510; x_wconf 82' lang='grc' dir='ltr'>Καλεῖται</span> <span class='ocrx_word' id='word_1_761' title='bbox 1353 5453 1408 5506; x_wconf 85' lang='grc' dir='ltr'><strong>δὲ</strong></span> <span class='ocrx_word' id='word_1_762' title='bbox 1431 5451 1490 5503; x_wconf 82' lang='grc' dir='ltr'><strong>τὸ</strong></span> <span class='ocrx_word' id='word_1_763' title='bbox 1515 5452 1611 5521; x_wconf 82' lang='grc' dir='ltr'>τῆς</span> <span class='ocrx_word' id='word_1_764' title='bbox 1643 5452 1767 5521; x_wconf 77' lang='grc' dir='ltr'>μιᾶς</span> 
     </span>
    </p>
   </div>
   <div class='ocr_carea' id='block_1_104' title="bbox 239 5541 1768 5624">
    <p class='ocr_par' dir='ltr' id='par_1_104' title="bbox 239 5541 1768 5624">
     <span class='ocr_line' id='line_1_107' title="bbox 239 5541 1768 5624; baseline -0.008 -19"><span class='ocrx_word' id='word_1_765' title='bbox 239 5551 423 5624; x_wconf 80' lang='grc' dir='ltr'>μοίρας</span> <span class='ocrx_word' id='word_1_766' title='bbox 442 5551 723 5624; x_wconf 75' lang='grc' dir='ltr'>ἑξηκοστὸν</span> <span class='ocrx_word' id='word_1_767' title='bbox 743 5549 948 5623; x_wconf 80' lang='grc' dir='ltr'>πρῶτον</span> <span class='ocrx_word' id='word_1_768' title='bbox 965 5547 1269 5618; x_wconf 79' lang='grc' dir='ltr'>ἑξηκοστὸν,</span> <span class='ocrx_word' id='word_1_769' title='bbox 1287 5546 1345 5599; x_wconf 83' lang='grc' dir='ltr'><strong>τὸ</strong></span> <span class='ocrx_word' id='word_1_770' title='bbox 1372 5544 1426 5597; x_wconf 86' lang='grc' dir='ltr'><strong>δὲ</strong></span> <span class='ocrx_word' id='word_1_771' title='bbox 1451 5542 1540 5609; x_wconf 80' lang='grc' dir='ltr'>τοῦ</span> <span class='ocrx_word' id='word_1_772' title='bbox 1559 5541 1768 5613; x_wconf 79' lang='grc' dir='ltr'>πρώτου</span> 
     </span>
    </p>
   </div>
   <div class='ocr_carea' id='block_1_105' title="bbox 1858 4966 3431 5056">
    <p class='ocr_par' dir='ltr' id='par_1_105' title="bbox 1858 4966 3431 5056">
     <span class='ocr_line' id='line_1_108' title="bbox 1858 4966 3431 5056; baseline -0.015 -15"><span class='ocrx_word' id='word_1_773' title='bbox 1858 4993 2187 5056; x_wconf 87' lang='lat' dir='ltr'><strong>reputantes,</strong></span> <span class='ocrx_word' id='word_1_774' title='bbox 2217 4995 2282 5034; x_wconf 86' lang='lat' dir='ltr'><strong>ex</strong></span> <span class='ocrx_word' id='word_1_775' title='bbox 2306 4978 2496 5049; x_wconf 72' lang='lat' dir='ltr'><strong>aequali</strong></span> <span class='ocrx_word' id='word_1_776' title='bbox 2534 4971 2880 5030; x_wconf 77' lang='lat' dir='ltr'><strong>diviserimus</strong></span> <span class='ocrx_word' id='word_1_777' title='bbox 2919 4967 3179 5040; x_wconf 86' lang='lat' dir='ltr'><strong>graduum</strong></span> <span class='ocrx_word' id='word_1_778' title='bbox 3207 4967 3390 5020; x_wconf 81' lang='lat' dir='ltr'><strong>niulti-</strong></span> <span class='ocrx_word' id='word_1_779' title='bbox 3423 4966 3431 4978; x_wconf 88' lang='lat'>&#39;</span> 
     </span>
    </p>
   </div>
   <div class='ocr_carea' id='block_1_106' title="bbox 1862 5059 3466 5137">
    <p class='ocr_par' dir='ltr' id='par_1_106' title="bbox 1862 5059 3466 5137">
     <span class='ocr_line' id='line_1_109' title="bbox 1862 5059 3466 5137; baseline -0.014 -5"><span class='ocrx_word' id='word_1_780' title='bbox 1862 5075 2119 5137; x_wconf 85' lang='lat' dir='ltr'><strong>tudinem,</strong></span> <span class='ocrx_word' id='word_1_781' title='bbox 2155 5082 2280 5127; x_wconf 90' lang='lat' dir='ltr'><strong>tunc</strong></span> <span class='ocrx_word' id='word_1_782' title='bbox 2312 5071 2560 5124; x_wconf 81' lang='lat' dir='ltr'><strong>inventus</strong></span> <span class='ocrx_word' id='word_1_783' title='bbox 2588 5077 2763 5121; x_wconf 90' lang='lat' dir='ltr'><strong>motus</strong></span> <span class='ocrx_word' id='word_1_784' title='bbox 2788 5063 3140 5134; x_wconf 74' lang='lat' dir='ltr'><strong>36vocatur</strong></span> <span class='ocrx_word' id='word_1_785' title='bbox 3161 5059 3387 5115; x_wconf 84' lang='lat' dir='ltr'><strong>medius.</strong></span> <span class='ocrx_word' id='word_1_786' title='bbox 3457 5128 3466 5137; x_wconf 30' lang='grc' dir='ltr'><strong>ν</strong></span> 
     </span>
    </p>
   </div>
   <div class='ocr_carea' id='block_1_107' title="bbox 1862 5150 3392 5225">
    <p class='ocr_par' dir='ltr' id='par_1_107' title="bbox 1862 5150 3392 5225">
     <span class='ocr_line' id='line_1_110' title="bbox 1862 5150 3392 5225; baseline -0.014 0"><span class='ocrx_word' id='word_1_787' title='bbox 1862 5168 2137 5225; x_wconf 83' lang='lat' dir='ltr'><strong>ln‘venitur</strong></span> <span class='ocrx_word' id='word_1_788' title='bbox 2191 5170 2369 5219; x_wconf 89' lang='lat' dir='ltr'><strong>autem</strong></span> <span class='ocrx_word' id='word_1_789' title='bbox 2423 5162 2511 5216; x_wconf 87' lang='lat' dir='ltr'><strong>hic</strong></span> <span class='ocrx_word' id='word_1_790' title='bbox 2557 5159 2765 5214; x_wconf 81' lang='lat' dir='ltr'><strong>medius</strong></span> <span class='ocrx_word' id='word_1_791' title='bbox 2809 5162 2982 5210; x_wconf 91' lang='lat' dir='ltr'><strong>motus</strong></span> <span class='ocrx_word' id='word_1_792' title='bbox 3034 5152 3293 5225; x_wconf 87' lang='lat' dir='ltr'><strong>graduum</strong></span> <span class='ocrx_word' id='word_1_793' title='bbox 3327 5150 3392 5204; x_wconf 77' lang='grc'><strong>15</strong></span> 
     </span>
    </p>
   </div>
   <div class='ocr_carea' id='block_1_108' title="bbox 1865 5241 3391 5331">
    <p class='ocr_par' dir='ltr' id='par_1_108' title="bbox 1865 5241 3391 5331">
     <span class='ocr_line' id='line_1_111' title="bbox 1865 5241 3391 5331; baseline -0.014 -17"><span class='ocrx_word' id='word_1_794' title='bbox 1865 5263 2154 5331; x_wconf 88' lang='lat' dir='ltr'><strong>primorum</strong></span> <span class='ocrx_word' id='word_1_795' title='bbox 2224 5253 2674 5325; x_wconf 85' lang='lat' dir='ltr'><strong>sexagesimorum</strong></span> <span class='ocrx_word' id='word_1_796' title='bbox 2723 5246 2802 5302; x_wconf 69' lang='grc' dir='ltr'><strong>ια</strong></span> <span class='ocrx_word' id='word_1_797' title='bbox 2837 5286 2851 5311; x_wconf 95' lang='grc'><strong>,</strong></span> <span class='ocrx_word' id='word_1_798' title='bbox 2919 5241 2988 5301; x_wconf 62' lang='lat' dir='ltr'><strong>et“</strong></span> <span class='ocrx_word' id='word_1_799' title='bbox 3037 5243 3391 5300; x_wconf 86' lang='lat' dir='ltr'><strong>secundorum</strong></span> 
     </span>
    </p>
   </div>
   <div class='ocr_carea' id='block_1_109' title="bbox 1868 5331 3392 5409">
    <p class='ocr_par' dir='ltr' id='par_1_109' title="bbox 1868 5331 3392 5409">
     <span class='ocr_line' id='line_1_112' title="bbox 1868 5331 3392 5409; baseline -0.016 -3"><span class='ocrx_word' id='word_1_800' title='bbox 1868 5349 1984 5406; x_wconf 78' lang='lat'><strong>55&quot;.</strong></span> <span class='ocrx_word' id='word_1_801' title='bbox 2043 5347 2276 5403; x_wconf 83' lang='lat' dir='ltr'><strong>Vocatur</strong></span> <span class='ocrx_word' id='word_1_802' title='bbox 2317 5354 2490 5400; x_wconf 89' lang='lat' dir='ltr'><strong>autem</strong></span> <span class='ocrx_word' id='word_1_803' title='bbox 2543 5341 2703 5397; x_wconf 89' lang='lat' dir='ltr'><strong>unius</strong></span> <span class='ocrx_word' id='word_1_804' title='bbox 2742 5338 2938 5409; x_wconf 86' lang='lat' dir='ltr'><strong>gradus</strong></span> <span class='ocrx_word' id='word_1_805' title='bbox 2981 5331 3392 5402; x_wconf 80' lang='lat' dir='ltr'><strong>sexagesimum,</strong></span> 
     </span>
    </p>
   </div>
   <div class='ocr_carea' id='block_1_110' title="bbox 1870 5422 3392 5513">
    <p class='ocr_par' dir='ltr' id='par_1_110' title="bbox 1870 5422 3392 5513">
     <span class='ocr_line' id='line_1_113' title="bbox 1870 5422 3392 5513; baseline -0.016 -16"><span class='ocrx_word' id='word_1_806' title='bbox 1870 5439 2540 5513; x_wconf 82' lang='lat' dir='ltr'><strong>primum-sexagesimum;</strong></span> <span class='ocrx_word' id='word_1_807' title='bbox 2591 5443 2642 5489; x_wconf 89' lang='lat' dir='ltr'><strong>et</strong></span> <span class='ocrx_word' id='word_1_808' title='bbox 2686 5431 2848 5486; x_wconf 88' lang='lat' dir='ltr'><strong>unius</strong></span> <span class='ocrx_word' id='word_1_809' title='bbox 2873 5429 3030 5500; x_wconf 82' lang='lat' dir='ltr'><strong>primi</strong></span> <span class='ocrx_word' id='word_1_810' title='bbox 3077 5422 3392 5494; x_wconf 83' lang='lat' dir='ltr'><strong>sexagesimi</strong></span> 
     </span>
    </p>
   </div>
   <div class='ocr_carea' id='block_1_111' title="bbox 1872 5515 3399 5605">
    <p class='ocr_par' dir='ltr' id='par_1_111' title="bbox 1872 5515 3399 5605">
     <span class='ocr_line' id='line_1_114' title="bbox 1872 5515 3399 5605; baseline -0.016 -14"><span class='ocrx_word' id='word_1_811' title='bbox 1872 5529 2259 5605; x_wconf 82' lang='lat' dir='ltr'><strong>sexagesimum</strong></span> <span class='ocrx_word' id='word_1_812' title='bbox 2305 5539 2524 5586; x_wconf 80' lang='lat' dir='ltr'><strong>vocatur</strong></span> <span class='ocrx_word' id='word_1_813' title='bbox 2553 5525 2844 5583; x_wconf 90' lang='lat' dir='ltr'><strong>secundum</strong></span> <span class='ocrx_word' id='word_1_814' title='bbox 2878 5519 3296 5592; x_wconf 81' lang='lat' dir='ltr'><strong>sexagesimum;</strong></span> <span class='ocrx_word' id='word_1_815' title='bbox 3323 5515 3399 5569; x_wconf 89' lang='lat' dir='ltr'><strong>si-</strong></span> 
     </span>
    </p>
   </div>
   <div class='ocr_carea' id='block_1_112' title="bbox 237 5611 1786 5713">
    <p class='ocr_par' dir='ltr' id='par_1_112' title="bbox 237 5611 1773 5713">
     <span class='ocr_line' id='line_1_115' title="bbox 237 5611 1773 5713; baseline -0.01 -15"><span class='ocrx_word' id='word_1_816' title='bbox 237 5611 533 5713; x_wconf 51' lang='grc' dir='ltr'>ἑξηκοστοξ</span> <span class='ocrx_word' id='word_1_817' title='bbox 545 5611 828 5713; x_wconf 65' lang='grc' dir='ltr'>ἑξηκοστόν</span> <span class='ocrx_word' id='word_1_818' title='bbox 851 5611 1093 5711; x_wconf 78' lang='grc' dir='ltr'>δεύτερον</span> <span class='ocrx_word' id='word_1_819' title='bbox 1121 5611 1421 5708; x_wconf 76' lang='grc' dir='ltr'>ἑξηκοστόν·</span> <span class='ocrx_word' id='word_1_820' title='bbox 1440 5611 1633 5704; x_wconf 82' lang='grc' dir='ltr'>ὁμοίως</span> <span class='ocrx_word' id='word_1_821' title='bbox 1645 5631 1773 5684; x_wconf 79' lang='grc' dir='ltr'>δὲτὸ</span> 
     </span>
    </p>
   </div>
   <div class='ocr_carea' id='block_1_113' title="bbox 1830 5611 3400 5713">
    <p class='ocr_par' dir='ltr' id='par_1_113' title="bbox 1874 5611 3400 5684">
     <span class='ocr_line' id='line_1_116' title="bbox 1874 5611 3400 5684; baseline -0.016 -2"><span class='ocrx_word' id='word_1_822' title='bbox 1874 5628 2071 5682; x_wconf 89' lang='lat' dir='ltr'><strong>militer</strong></span> <span class='ocrx_word' id='word_1_823' title='bbox 2098 5626 2257 5683; x_wconf 87' lang='lat' dir='ltr'><strong>etiam</strong></span> <span class='ocrx_word' id='word_1_824' title='bbox 2289 5637 2450 5679; x_wconf 84' lang='lat' dir='ltr'><strong>unum</strong></span> <span class='ocrx_word' id='word_1_825' title='bbox 2482 5619 2774 5677; x_wconf 88' lang='lat' dir='ltr'><strong>secundum</strong></span> <span class='ocrx_word' id='word_1_826' title='bbox 2816 5611 3202 5684; x_wconf 84' lang='lat' dir='ltr'><strong>sexagesimum</strong></span> <span class='ocrx_word' id='word_1_827' title='bbox 3222 5648 3240 5672; x_wconf 86' lang='lat'><strong>,</strong></span> <span class='ocrx_word' id='word_1_828' title='bbox 3277 5618 3400 5662; x_wconf 85' lang='lat' dir='ltr'><strong>eum</strong></span> 
     </span>
    </p>
   </div>
   <div class='ocr_carea' id='block_1_114' title="bbox 298 5778 2011 5870">
    <p class='ocr_par' dir='ltr' id='par_1_114' title="bbox 298 5778 2011 5870">
     <span class='ocr_line' id='line_1_117' title="bbox 298 5778 2011 5870; baseline -0.011 -14"><span class='ocrx_word' id='word_1_829' title='bbox 298 5797 407 5870; x_wconf 76' lang='lat'><strong>(50)</strong></span> <span class='ocrx_word' id='word_1_830' title='bbox 435 5796 569 5867; x_wconf 71' lang='grc' dir='ltr'>Περὶ</span> <span class='ocrx_word' id='word_1_831' title='bbox 613 5795 942 5867; x_wconf 73' lang='grc' dir='ltr'>ἐξελιγμοῦ.</span> <span class='ocrx_word' id='word_1_832' title='bbox 1001 5792 1135 5848; x_wconf 70' lang='lat' dir='ltr'><strong>Vide</strong></span> <span class='ocrx_word' id='word_1_833' title='bbox 1186 5789 1527 5846; x_wconf 82' lang='lat' dir='ltr'><strong>Ptolemaeum</strong></span> <span class='ocrx_word' id='word_1_834' title='bbox 1574 5786 1661 5841; x_wconf 85' lang='lat' dir='ltr'><strong>lib.</strong></span> <span class='ocrx_word' id='word_1_835' title='bbox 1693 5801 1763 5849; x_wconf 80' lang='lat' dir='ltr'><strong>iv,</strong></span> <span class='ocrx_word' id='word_1_836' title='bbox 1811 5797 1928 5852; x_wconf 85' lang='lat' dir='ltr'><strong>cap.</strong></span> <span class='ocrx_word' id='word_1_837' title='bbox 1959 5778 2011 5837; x_wconf 66' lang='grc' dir='ltr'><strong>ἓ.</strong></span> 
     </span>
    </p>
   </div>
  </div>
