4100 6316
773 337 881 396 855

1751 341 1844 396 AD
1878 341 2144 400 EUSEBII
2179 341 2562 402 CHBONICON
2599 341 2949 399 APPENDIX.

3826 345 3911 402 856

774 453 1002 510 divisum
1031 464 1114 511 est
1141 455 1197 511 in
1221 464 1404 528 partes
1454 453 1560 519 60,
1617 463 1838 511 vocatur
1894 474 1998 513 una
2049 461 2307 530 particula
2336 468 2380 523 Α

2288 477 2307 514 a
2336 468 2380 523 Α
2413 461 2656 532 δεύτερον
2694 453 2993 530 ἑξηκοστὸν,
3021 459 3277 532 διαιρεθὲν
3312 462 3389 524 είς
3431 461 3576 534 μέρη.
3607 461 3672 527 ξ’,
3703 461 3907 516 καλεῖται

773 549 990 602 tertium
1038 547 1448 620 sexagesimum.
1487 543 1682 602 Eadem
1737 555 1820 604 est
1863 551 2000 604 ratio
2042 552 2202 605 etiam
2254 552 2308 607 in

2288 571 2308 607 ἰ
2409 551 2468 604 τὸ
2499 551 2554 603 ἓν
2583 551 2742 622 μέρος
2769 551 2944 622 τρίτον
2975 551 3273 621 ἑξηκοστόν.
3313 551 3370 605 '0
3397 551 3452 604 δὲ
3489 551 3651 615 αὖτὸς
3675 551 3816 618 λόγος
3835 553 3907 606 καὶ

775 636 998 706 reliquis
1027 637 1392 707 sexagesimis.

843 723 978 780 Cum
1011 739 1356 780 numerorum
1383 726 1470 780 hic
1501 727 1573 782 sit
1595 728 1746 792 ordo,
1777 743 1806 782 a
1829 729 2092 786 Chaldaeis
2121 732 2308 788 inven—

775 823 864 871 tus
893 822 976 872 est
1001 815 1212 871 medius
1237 825 1414 873 motus
1451 819 1587 872 luna:
1629 820 1889 893 graduum
1945 823 2030 888 15,
2057 823 2156 886 10’,
2187 823 2302 892 35",

775 921 1005 978 cumque
1041 907 1096 962 in
1125 907 1311 963 diebus
1351 909 1518 965 49756
1557 911 1680 965 luna
1727 912 1885 966 faciat
1939 913 2305 972 resti'tutiones

778 997 901 1062 717,
934 999 979 1053 si
1010 999 1337 1056 veluerimus
1363 1016 1685 1071 cognoscere
1723 1017 1883 1058 unam
1911 1005 2303 1064 restitutionem

777 1087 834 1140 in
861 1094 989 1156 quot
1019 1086 1205 1144 diebus
1243 1087 1402 1144 faciat
1429 1091 1586 1153 luna,
1617 1091 1913 1146 dividemus
1933 1093 2135 1148 dierum
2162 1093 2302 1146 mul-

777 1179 1059 1236 titudinem
1098 1179 1154 1234 in
1177 1181 1575 1252 restitutionum
1631 1183 2054 1248 multitudinem;
2087 1193 2139 1238 et
2171 1183 2304 1238 ﬁunt

671 1277 676 1282 '
778 1269 892 1324 dies
921 1271 1272 1326 restitutionis
1296 1273 1384 1336 27,
1420 1281 1474 1328 et
1501 1273 1660 1329 unius
1703 1273 1808 1328 diei
1837 1273 2166 1344 sexagesima
2194 1275 2303 1341 pri-

777 1372 862 1410 ma
895 1357 981 1428 35,
1014 1367 1068 1416 et
1094 1361 1328 1415 secunda
1355 1361 1442 1416 20.
1480 1361 1538 1416 In
1566 1371 1644 1416 tot
1693 1363 1854 1432 igitur
1883 1363 2070 1416 diebus
2120 1361 2244 1415 luna
2275 1377 2306 1414 ιι

776 1447 1000 1503 minimo
1029 1457 1176 1506 motu
1210 1451 1272 1506 ad
1319 1453 1595 1506 minimum
1627 1463 1828 1505 motum
1858 1453 2233 1520 proficiscitur.

2408 643 2496 695 ἐπὶ
2529 641 2634 694 τῶν
2656 641 2851 694 λοιπῶν
2879 639 3193 710 ἑξηκοστῶν.

2473 733 2736 802 Τοιαύτης
2768 733 2822 784 δὲ
2864 735 2959 802 τῆς
2989 732 3275 797 διατάξεως
3311 733 3654 804 ὑπαρχούσης
3684 734 3784 786 τῶν
3811 735 3908 805 ἀρι-

2405 825 2576 894 θμῶν,
2609 825 2714 878 ὑπὸ
2758 823 2861 878 τῶν
2899 825 3188 886 Χαλδαίων,
3213 811 3433 896 εὓρηται
3473 827 3504 896 ἡ
3551 825 3690 896 μέση
3733 826 3906 894 κίνησις

2403 919 2501 988 τῆς
2536 917 2759 988 σελήνης
2795 916 2990 987 μοιρῶν
3020 923 3104 984 ιγ’,
3137 923 3186 979 ι’,
3223 909 3294 968 λε’
3318 932 3330 943 ⁸
3361 917 3451 968 καὶ
3487 917 3609 968 ἐπεὶ
3629 919 3686 968 ὲν
3715 917 3906 986 ἡμέραις

2403 1007 2607 1079 ,ιβψνς-Ι
2640 1007 3100 1070 ἀποκαταστάσεις
3133 1009 3360 1061 ποιεῖται
3392 1009 3422 1076 ἡ
3465 1008 3662 1078 σελήνη
3693 1007 3809 1076 ψιξ,
3834 1009 3904 1060 ἐὰν

2405 1097 2714 1166 βουλώμεθα
2757 1097 3044 1163 ἐπιγνῶναι
3087 1095 3182 1166 τὴν
3233 1097 3358 1167 μίαν
3405 1097 3827 1151 ἀποκατάστασιν
3862 1097 3904 1146 ἐν

2405 1187 2595 1248 πόσαις
2620 1187 2848 1256 ἡμέραις
2869 1188 3093 1238 ποιεῖται
3120 1187 3152 1256 ή
3185 1185 3394 1256 σελήνη,
3430 1185 3724 1256 μεριοῦμεν
3751 1183 3803 1237 τὸ
3825 1182 3905 1234 τῶν

2405 1275 2620 1344 ἡμερῶν
2650 1275 2844 1345 πλῆθος
2876 1277 2951 1337 εἰς
2973 1276 3032 1327 τὸ
3063 1274 3168 1328 τῶν
3195 1277 3678 1330 ἀποκαταστάσεων
3713 1273 3900 1342 πλῆθος·

2408 1367 2639 1434 γίνονται
2699 1367 2753 1420 δὲ
2807 1367 3000 1439 ἡμέραι
3051 1369 3148 1438 τῆς
3205 1368 3696 1428 ἀποκαταστάσεως
3743 1363 3904 1418 εἴκοσιν

2410 1457 2543 1509 ἑπτὰ
2569 1496 2582 1520 ,
2617 1459 2704 1510 καὶ
2751 1461 2875 1528 μιᾶς
2927 1462 3133 1531 ἡμέρας
3177 1459 3437 1530 ἐξηκοστὰ
3477 1458 3670 1532 πρῶτα
3711 1455 3804 1523 λγ’,
3834 1455 3902 1506 καὶ

776 1539 995 1610 δεύτερα
1017 1545 1086 1592 κ’.
1129 1539 1213 1620 Ἐν
1236 1541 1340 1611 ἄρα
1363 1541 1593 1610 ἡμέραις
1622 1540 1956 1611 τοσαύταιςὴ
1995 1541 2182 1613 σελήνη
2209 1543 2314 1596 ἀπὸ
2375 1545 2476 1616 τῆς
2517 1545 2796 1617 ἐλαχίστης
2830 1551 3088 1619 κινήσεως
3137 1550 3226 1601 ἐπὶ
3249 1551 3344 1619 τὴν
3387 1547 3673 1617 ἐλαχίστην
3709 1545 3902 1615 παραγί-

775 1645 898 1682 νετα
906 1649 920 1681 ι
928 1669 941 1684 ο

847 1724 912 1777 Et
939 1741 1059 1778 cum
1085 1725 1136 1778 in
1159 1712 1305 1780 omni
1331 1717 1670 1782 restitutione
1692 1729 1725 1782 4
1746 1729 1848 1784 sint
1873 1735 2112 1800 tempora
2130 1745 2302 1799 aeqna-
2331 1739 2371 1792 Β

2278 1759 2302 1786 ,-
2331 1739 2371 1792 Β
2471 1729 2581 1782 Καὶ
2629 1729 2746 1780 ἐπεὶ
2789 1730 2843 1780 ὲν
2883 1728 3028 1798 πάσῃ
3072 1725 3496 1779 ἀποκαταστάσει
3539 1725 3585 1777 δ’
3622 1727 3726 1778 εἰσι
3763 1728 3897 1796 χρόνοι

775 1814 870 1878 lia,
905 1813 1220 1884 acceperunt
1247 1809 1491 1886 quartam
1539 1828 1742 1888 partem
1771 1820 1976 1875 dierum
2005 1821 2092 1886 27,
2123 1821 2222 1884 55',
2253 1830 2304 1876 et

778 1905 896 1969 20",
922 1915 974 1960 et
997 1907 1133 1962 fiunt
1180 1908 1294 1961 dies
1327 1899 1378 1971 (ἶ,
1425 1909 1526 1976 55',
1555 1917 1609 1964 et
1633 1910 1752 1966 20".
1792 1909 1850 1964 1n
1878 1918 1954 1964 tot
2003 1911 2165 1980 igitur
2193 1911 2304 1966 die-

781 1995 882 2051 bus
911 1996 1036 2051 luna
1066 2011 1096 2051 a
1127 1999 1349 2052 minimo
1385 2009 1530 2054 motu
1561 2001 1624 2054 ad
1649 2001 1878 2056 medidm
1911 2001 2268 2072 proﬁciscitur
2288 2041 2303 2064 ,

779 2097 832 2142 et
863 2103 892 2140 a
914 2087 1089 2144 medio
1121 2089 1184 2144 ad
1208 2093 1494 2144 maximum
1520 2110 1534 2158 ;
1563 2099 1614 2158 et
1643 2109 1828 2148 rursus
1861 2093 2107 2148 similiter
2135 2108 2164 2144 a
2189 2106 2304 2143 ma-

780 2177 926 2231 ximo
952 2177 1020 2231 ad
1053 2179 1281 2234 medium
1309 2220 1324 2244 ,
1373 2189 1426 2234 et
1452 2196 1480 2234 a
1503 2175 1506 2178 ’
1527 2183 1702 2237 medio
1730 2182 1797 2236 ad
1843 2181 2141 2234 minimum.
2173 2180 2304 2234 Nam

780 2267 895 2322 haec
921 2275 1152 2338 quatuor
1183 2279 1422 2339 tempora
1451 2271 1588 2324 inter
1619 2286 1674 2324 se
1704 2278 1828 2324 sunt
1854 2273 2096 2342 aequalia.

849 2528 1074 2595 Etcum,
1099 2531 1142 2584 si
1169 2529 1362 2585 fuerint
1385 2539 1491 2587 tres
1529 2533 1732 2588 numeri
1765 2549 1826 2588 ex
1855 2547 2006 2604 atquo
2046 2549 2102 2589 sc
2149 2549 2304 2603 supe-

780 2629 1002 2686 rantes,
1049 2623 1270 2677 extremi
1305 2625 1462 2679 simul
1503 2625 1700 2694 sumpti
1740 2626 1846 2680 sint
1872 2625 2034 2694 duplo
2075 2625 2304 2692 majores

783 2714 974 2780 medio,
1004 2714 1058 2768 in
1087 2723 1232 2770 motu
1263 2723 1438 2771 autem
1493 2717 1628 2770 luna:
1679 2725 1786 2771 tres
1836 2717 1943 2770 sint
1987 2715 2193 2786 numeri
2241 2730 2306 2768 ex

782 2819 1016 2876 teqiiose
1045 2806 1271 2860 invicem
1321 2813 1668 2874 superantes,
1717 2820 1904 2873 nempe
1936 2813 2110 2859 motus
2151 2805 2304 2858 mini-

780 2909 918 2952 mus.
950 2903 1002 2949 et
1029 2896 1260 2958 medius,
1285 2903 1337 2953 et
1362 2896 1627 2950 maximus
1655 2914 1666 2948 :
1701 2897 1746 2950 si
1777 2895 1936 2965 igitur
1963 2903 2163 2948 motum
2193 2909 2306 2948 ma-

783 2983 983 3038 ximum
1027 2992 1080 3039 et
1109 2975 1382 3039 minimum
1435 2995 1846 3054 componamus,
1891 2993 2046 3040 erunt
2075 2986 2126 3039 hi
2164 3001 2308 3040 com-

2405 1820 2541 1884 ἵσοι,
2593 1818 2778 1872 ἔλαϐον
2832 1819 3078 1886 τέταρτον
3121 1817 3276 1887 μέρος
3321 1816 3426 1869 τῶν
3467 1815 3546 1880 κζ
3586 1817 3813 1886 ἡμερῶν,
3843 1819 3896 1884 ιτ

2401 1908 2607 1961 λεπτῶν
2636 1907 2880 1978 πρώτων,
2918 1908 3008 1960 καὶ
3043 1913 3089 1960 κ’
3110 1907 3366 1976 δευτέρων
3396 1907 3625 1972 λεπτῶν,
3655 1907 3744 1958 καὶ
3763 1908 3896 1974 γίνον-

2403 2017 2488 2051 ται
2526 1997 2722 2068 ἡμέραι
2750 2004 2821 2060 ς’,
2851 2003 2947 2063 νγ¹,
2979 1998 3067 2048 καὶ
3107 2003 3173 2049 κ’.
3217 1996 3302 2048 Ἐν
3335 1996 3438 2066 ἄρα
3463 1996 3747 2060 τοσαύταις
3781 2000 3894 2068 ήσε-

2405 2088 2535 2157 λήνη
2567 2087 2792 2158 ἡμέραις
2827 2087 2930 2139 ἀπὸ
2969 2087 3063 2155 τῆς
3098 2087 3375 2159 ἐλαχίστης
3407 2089 3674 2158 κινήσεως
3709 2087 3790 2139 ἐπὶ

2405 2180 2572 2248 μέσην
2603 2179 2971 2248 παραγίνεται,
2998 2179 3085 2230 καὶ
3109 2179 3214 2230 ἀπὸ
3235 2179 3329 2247 τῆς
3357 2179 3524 2250 μέσης
3557 2181 3650 2232 ἐπὶ
3671 2180 3760 2250 τὴν
3781 2179 3890 2249 μετέ-

2405 2285 2551 2338 στην,
2593 2269 2684 2320 καὶ
2711 2267 2865 2320 πάλιν
2901 2267 3095 2336 ὁμοίως
3136 2267 3239 2320 ἀπὸ
3275 2269 3368 2338 τῆς
3413 2269 3672 2338 μεγίστης
3707 2271 3788 2320 ἐπὶ
3821 2267 3892 2336 τήν

2405 2359 2592 2428 μέσην,
2616 2361 2705 2412 καὶ
2741 2359 2844 2411 ἀπὸ
2873 2359 2965 2429 τῆς
2994 2359 3158 2428 μέσης
3183 2360 3270 2412 ἐπὶ
3292 2360 3385 2429 τὴν
3407 2359 3707 2429 ἐλαχίστην.
3735 2359 3790 2411 Οἱ
3813 2357 3888 2426 γὰρ

2402 2452 2441 2502 δ’
2471 2446 2607 2504 οὗτοι
2631 2449 2804 2520 χρόνοι
2831 2449 2962 2500 εἰσὶν
2991 2449 3234 2518 ἀλλήλοις
3268 2448 3383 2500 ἴσοι.

2471 2544 2578 2595 Καὶ
2609 2542 2728 2594 ἐπεὶ
2755 2541 2817 2593 ἂν
2845 2535 2942 2592 ὦσι
2970 2543 3111 2608 τρεῖς
3137 2539 3351 2608 ἀριθμοὶ
3380 2539 3476 2607 ἴσῳ
3503 2537 3738 2606 ἀλλήλων
3762 2537 3888 2604 {mp-

2405 2631 2630 2700 έχοντες,
2661 2629 2892 2698 γίνονται
2940 2629 2988 2678 οἱ
3031 2629 3184 2698 ἄκροι
3229 2625 3318 2677 τοῦ
3358 2627 3520 2696 μέσου
3565 2624 3886 2682 διπλασίονεςο

2404 2721 2459 2772 ἐν
2488 2719 2542 2771 δὲ
2571 2723 2634 2789 τῇ
2673 2721 2873 2788 κινήσει
2903 2717 2999 2786 τῆς
3027 2716 3258 2785 σελήνης
3287 2717 3430 2786 τρεῖς
3456 2718 3591 2768 ειίσιν
3621 2708 3889 2786 ἀριθμοὶ

2406 2812 2502 2879 ἴσῳ
2527 2809 2762 2880 ἀλλήλων
2791 2809 3154 2878 ὑπερέχοντες,
3244 2825 3300 2860 τε
3319 2801 3568 2876 ἓλαχίιίη
3597 2807 3804 2874 κίνησις,
3823 2801 3890 2852 καὶ

2403 2905 2434 2972 ἡ
2467 2902 2621 2970 μέση,
2669 2901 2758 2953 καὶ
2792 2899 3068 2969 ήμεγίστη
3094 2916 3105 2927 ·
3143 2898 3233 2950 ἐὰν
3264 2899 3368 2967 ἄρα
3411 2898 3508 2966 τὴν
3545 2897 3786 2966 μεγίστην
3821 2890 3889 2944 καὶ

2402 2988 2498 3058 τὴν
2540 2989 2818 3058 ἐλαχίστην
2865 2987 3168 3056 συνθῶμεν,
3215 2987 3418 3038 ἔσονται
3459 2985 3778 3046 διπλασίονες
3817 2981 3890 3050 τῆς

781 3073 943 3142 positi
993 3075 1156 3144 duplo
1206 3076 1435 3146 majores
1467 3076 1659 3131 medio.
1699 3075 1826 3130 Erat
1881 3084 2054 3130 autem
2108 3074 2381 3131 mediusC

2264 3094 2312 3131 ιε
2339 3074 2381 3130 C
2417 3069 2581 3148 μέσης
2611 3081 2882 3148 κινήσεως.
2908 3074 3011 3129 τΗν
3038 3077 3147 3146 δὲή
3191 3077 3326 3146 μέση
3363 3076 3572 3146 κίνησις
3611 3075 3788 3144 μοιρῶν
3820 3077 3883 3136 ιγ’.

780 3171 962 3218 motus
986 3164 1244 3234 graduum
1291 3165 1378 3230 15,
1417 3165 1514 3228 10’,
1539 3165 1652 3219 55”.
1687 3164 2168 3234 Multiplicavernnt
2196 3165 2306 3218 haec

779 3254 864 3309 bis
886 3294 900 3319 ,
928 3261 981 3308 et
1007 3255 1323 3329 proveniunt
1377 3263 1441 3310 ex
1494 3256 1938 3326 multiplicatione
1964 3255 2161 3325 gradus
2203 3255 2304 3322 26,

778 3345 883 3408 ΞΥ,
919 3345 1036 3399 10”.
1087 3345 1345 3400 Maximus
1373 3346 1531 3416 igitur
1557 3355 1737 3401 motus
1766 3347 1925 3410 lunae,
1953 3353 2008 3400 et
2057 3345 2306 3400 minimus

780 3435 1003 3502 praecise
1029 3433 1310 3506 compositi
1339 3441 1462 3487 sunt
1486 3433 1602 3490 dies
1627 3436 1715 3499 26,
1738 3435 1838 3500 ειν,
1863 3435 1973 3490 1οη.
2009 3434 2167 3506 Atqui
2189 3451 2308 3511 graf

783 3529 883 3584 dus
909 3541 971 3582 ex
1004 3527 1373 3583 observatione
1398 3526 1596 3596 sumpti
1626 3541 1731 3581 non
1767 3535 1953 3580 exacte
2009 3527 2226 3579 maximi
2253 3536 2306 3580 et

782 3615 988 3670 minimi
1023 3623 1198 3670 motus
1231 3621 1356 3669 sunt
1383 3615 1578 3686 gradus
1601 3615 1688 3670 26.
1737 3613 1964 3686 Reliqua
1993 3615 2156 3685 igitur
2182 3623 2308 3669 sunt

781 3704 1221 3773 ea'sexagesima,
1263 3719 1381 3773 quae
1429 3703 1725 3773 eﬂugerunt
1749 3705 2170 3775 observationem
2213 3721 2308 3773 per

783 3795 1120 3863 apparentias
1140 3802 1194 3848 et
1220 3808 1416 3863 organa
1449 3793 1664 3858 factam,
1705 3795 1949 3850 videlicet
1999 3795 2158 3851 unius
2187 3811 2308 3864 gra-

784 3886 886 3940 dus
914 3885 1081 3954 prima
1115 3886 1440 3955 sexagesima
1467 3884 1549 3939 21'
1578 3924 1592 3948 ,
1645 3893 1696 3939 et
1745 3885 1974 3939 secunda
2017 3885 2126 3938 10".
2185 3884 2307 3939 Haec

785 3978 944 4047 igitur
985 3985 1194 4047 oportet
1267 3977 1488 4048 insuper
1537 3975 1828 4032 attribue‘re
1882 3985 1934 4031 et
1977 3977 2198 4030 minimo
2255 3984 2307 4031 et

783 4067 1018 4120 maximo
1047 4067 1250 4122 motui:
1277 4074 1333 4119 ut
1363 4066 1468 4120 duo
1485 4065 1538 4119 bi
1568 4074 1742 4120 motus
1773 4065 2052 4134 compositi
2081 4065 2308 4120 eﬂiciant

785 4155 982 4223 gradus
1012 4154 1230 4218 26,.21',
1263 4154 1375 4208 40".
1397 4153 1603 4209 Addere
1620 4165 1794 4208 autem
1828 4163 2035 4222 oportet
2073 4155 2149 4210 sic
2172 4155 2308 4208 hanc

783 4244 1142 4297 necessariam
1174 4243 1536 4312 appendicem,
1569 4251 1628 4296 ut
1651 4258 1823 4312 neque
1841 4241 2095 4298 minimus
2131 4251 2307 4298 motus

785 4341 974 4402 agatur
1001 4333 1170 4401 major
1202 4333 1452 4403 gradibus
1483 4333 1582 4400 12,
1637 4349 1811 4403 neque
1840 4335 2102 4387 maximus
2139 4335 2309 4407 major

2403 3169 2607 3222 λεπτῶν
2638 3175 2688 3228 ι’,
2717 3169 2806 3220 λε’.
2848 3165 3362 3218 Ἐπολλαπλασίασαν
3392 3164 3560 3218 ταῦτα
3603 3165 3702 3228 δίς·
3725 3163 3802 3236 καὶ
3822 3157 3886 3226 γί-

2404 3277 2578 3311 νονται
2625 3261 2800 3329 μοῖραι
2845 3263 3065 3320 κς¹,κι’,
3111 3261 3159 3308 ι’.
3207 3255 3268 3307 Ἡ
3316 3256 3419 3326 ἄρα
3459 3253 3683 3324 μεγίστη
3722 3252 3888 3319 κίνησις

2406 3349 2500 3418 τῆς
2522 3348 2740 3418 σελήνης
2766 3348 2854 3400 καὶ
2878 3349 2908 3416 ή
2935 3346 3204 3418 ἐλαχίστη,
3222 3347 3305 3397 ἐπ’
3335 3345 3551 3416 ἀκριϐὲς
3585 3342 3886 3398 συντεθεῖσαι,

2404 3440 2636 3506 γίνονται
2679 3437 2874 3507 ⁴ήμέραι
2906 3437 2962 3468 ⁸⁸
2991 3443 3100 3501 κς’,
3139 3443 3243 3502 κα’,
3285 3441 3336 3489 ι’.
3394 3433 3548 3488 Ἀλλὰ
3598 3436 3652 3488 αἱ
3695 3431 3810 3485 κατὰ
3839 3427 3882 3480 τὸ

2403 3529 2677 3599 ὁλοσχερὲς
2701 3533 2763 3582 ὲκ
2792 3529 3062 3598 τηρήσεως
3086 3525 3422 3596 είλημμέναι,
3443 3525 3477 3593 ἦ
3507 3541 3564 3576 τε
3601 3523 3796 3594 μεγίστη
3815 3517 3878 3570 καὶ

2404 3620 2671 3690 ἐλαχίστη,
2713 3621 2890 3690 μοῖραι
2922 3625 3029 3682 xg’.
3069 3617 3243 3670 Λοιπὰ
3275 3617 3378 3686 ἄρα
3397 3617 3512 3668 ἐστὶ
3541 3616 3614 3670 τὰ
3638 3612 3880 3682 ἐκφυγόντα

2401 3711 2495 3782 τὴν
2517 3711 2603 3764 διὰ
2631 3711 2735 3764 τῶν
2769 3711 3096 3781 φαινομένων
3117 3710 3209 3770 καὶ
3235 3707 3329 3776 τὴν
3352 3705 3457 3759 τῶν
3487 3707 3724 3777 ὁργάνων
3750 3716 3874 3770 παρα-

2401 3805 2642 3874 τήρησιν,
2679 3805 2803 3871 μιᾶς
2831 3803 3017 3871 μοίρας
3046 3800 3230 3870 πρῶτα
3259 3797 3515 3867 tenuem
3549 3785 3768 3860 καν,’και
3791 3789 3868 3844 at»

2403 3909 2528 3962 τερα
2556 3898 2604 3945 ι’.
2640 3890 2819 3943 Ταῦτα
2843 3891 2946 3958 ἄρα
2987 3889 3064 3940 δεῖ
3091 3887 3533 3958 πῳσεπιμερίσαι
3572 3889 3639 3958 τῇ
3677 3902 3731 3938 τε
3752 3879 3860 3949 ἔλαχέν

2405 3999 2500 4052 στῃ
2526 3983 2617 4034 καὶ
2645 3984 2709 4051 τῇ
2759 3979 3002 4050 μεγίστῃ,
3032 3980 3174 4041 ὅπως
3215 3979 3270 4030 αἱ
3309 3977 3401 4030 δύο
3427 3978 3747 4030 συντεθεῖσαι
3767 3971 3862 4038 1M;-

2406 4087 2514 4133 σεις
2562 4067 2855 4144 ἀποτελῶσι
2899 4066 3085 4138 μοίρας
3129 4073 3238 4130 κς¹,
3285 4072 3388 4130 κα’,
3431 4072 3480 4118 ι’.
3527 4054 3866 4134 Προσθεῖναιᾶ

2359 4197 2364 4202 -
2402 4163 2498 4233 τὴν
2532 4161 2779 4214 ὲπουσίαν
2815 4157 3001 4222 οὕτως,
3032 4156 3168 4210 ὥστε
3203 4159 3333 4228 μήτε
3359 4157 3457 4227 τὴν
3491 4155 3761 4227 ἐλαχίστην
3791 4147 3870 4220 μεί-

2404 4251 2528 4316 ζονα
2563 4251 2784 4319 ἄγεσθαι
2827 4249 2932 4302 τῶν
2978 4249 3042 4318 ιβ’
3089 4247 3302 4318 μοιρῶν,
3358 4248 3491 4318 μήτε
3533 4245 3632 4317 τὴν
3674 4243 3872 4316 μεγίστην

2408 4338 2620 4409 μείζονα
2657 4335 2854 4407 μοιρῶν
2897 4343 2986 4400 ις’.
3031 4333 3438 4405 Ἐπιμεριοῦμεν
3468 4333 3524 4386 δὲ
3547 4333 3733 4397 οὕτως·
3767 4325 3876 4382 Ἐπεὶ

785 4421 1037 4492 gradibus
1066 4421 1150 4477 16.
1177 4417 1265 4474 Sic
1293 4431 1466 4478 autem
1492 4421 1842 4476 attribuemus
1867 4439 1880 4474 :
1932 4419 2060 4474 Cum
2097 4405 2218 4474 luna
2249 4422 2302 4476 in
2333 4405 2380 4463 Π

2255 4422 2302 4476 in
2333 4405 2438 4498 Πῆ
2474 4405 2668 4496 σελήνη
2713 4405 2768 4478 ὲν
2819 4426 3048 4496 ἡμέραις
3080 4431 3130 4489 ς’
3169 4440 3227 4476 τε
3273 4423 3366 4475 καὶ
3405 4429 3480 4491 νγ¹
3521 4423 3768 4495 πρώτοις,
3809 4413 3874 4468 καὶ

784 4511 969 4566 diebus
991 4511 1042 4575 θ,
1070 4513 1170 4574 55’.
1198 4511 1293 4566 20¹¹
1321 4512 1689 4582 proficiscatur
1731 4525 1758 4564 a
1799 4510 2019 4566 minimo
2069 4519 2213 4564 motu
2240 4511 2306 4565 ad

783 4601 1111 4666 medium,‘et
1136 4617 1167 4655 a
1201 4602 1372 4658 medio
1395 4603 1460 4657 ad
1475 4603 1786 4668 maximum,
1815 4611 1866 4657 et
1890 4615 2098 4670 semper
2117 4601 2305 4670 aequali

785 4694 1116 4762 incremento
1146 4703 1198 4746 et
1226 4691 1564 4746 decrementa
1595 4699 1776 4745 utatur
1804 4711 1818 4746 :
1854 4691 2199 4745 inveniendus
2225 4699 2306 4745 est

785 4797 1038 4838 numerus
1058 4783 1169 4853 qui,
1193 4781 1556 4852 multiplicans
1581 4789 1822 4850 quartam
1851 4789 2054 4852 partem
2085 4783 2305 4836 restitu-

780 4873 880 4946 _tivi
909 4875 1182 4944 temporis,
1211 4871 1404 4928 efﬁciat
1434 4887 1710 4928 numerum
1741 4873 1852 4940 qui,
1893 4871 2105 4926 additus
2132 4857 2306 4926 medio

783 4965 974 5028 motui,
989 4967 1199 5036 colligat
1218 4961 1497 5035 quemdam
1516 4977 1792 5018 numerum
1816 4964 2069 5033 majorem
2095 4963 2302 5032 quidem

784 5055 851 5109 15
895 5055 1166 5124 gradibus,
1201 5057 1457 5110 minorem
1485 5069 1614 5108 vero
1665 5053 1762 5120 16;
1807 5054 2046 5108 sublatus
2075 5062 2248 5107 autem
2274 5055 2331 5106 a‘

785 5146 956 5200 medio
977 5153 1142 5206 motu,
1158 5145 1422 5215 relinquat
1443 5161 1722 5200 numerum
1745 5146 2022 5214 quemdam
2051 5146 2305 5214 majorem

783 5237 992 5305 quidem
1025 5236 1084 5289 H
1122 5235 1394 5304 gradibus,
1423 5237 1679 5290 minorem
1711 5250 1833 5288 vero
1861 5233 1942 5286 12.
1977 5235 2044 5287 At
2076 5250 2193 5303 quae
2212 5234 2306 5287 ad-

784 5327 981 5380 duntur
1007 5327 1202 5395 gradus
1231 5325 1316 5384 15.
1348 5333 1400 5380 et
1428 5327 1677 5395 gradibus
1711 5326 1795 5386 Η,
1830 5338 1892 5378 ea
1919 5333 2074 5378 erunt
2097 5339 2306 5393 quoque

681 5473 684 5476 ,
732 5485 734 5488 _
783 5417 952 5482 prima
973 5419 1302 5486 sexagesima
1321 5415 1494 5478 2-l’,ct
1524 5417 1756 5472 secunda
1788 5417 1897 5470 10".
1917 5413 2184 5469 Invenitur
2205 5431 2306 5468 au-

782 5516 887 5560 tem
913 5507 1012 5560 hoc
1035 5505 1204 5562 facere
1233 5521 1488 5568 numerus
1519 5509 1582 5560 18
1625 5509 2071 5577 sexagesimorum
2103 5507 2302 5576 primo-

884 5659 928 5692 "
958 5659 1000 5715 ί.
1030 5663 1223 5723 μοῖραι.
1303 5661 1339 5690 ⁶¹
1371 5677 1459 5727 γρ.
1503 5662 1724 5728 ποιήσει.

2402 4515 2665 4584 δευτέροις
2685 4519 2730 4566 κ’
2750 4513 3096 4584 παραγίνεται
3117 4509 3222 4564 ἀπὸ
3247 4509 3344 4579 τῆς
3365 4509 3642 4580 ἐλαχίστης
3669 4505 3875 4575 κινήσεως

2403 4607 2492 4659 ἐπὶ
2519 4605 2615 4676 τὴν
2651 4604 2836 4674 μέσην,
2865 4603 2954 4655 καὶ
2981 4600 3086 4654 ἀπὸ
3102 4600 3196 4670 τῆς
3225 4598 3389 4669 μέσης
3413 4600 3501 4652 ἐπὶ
3531 4598 3625 4669 τὴν
3653 4593 3873 4666 μεγίστην.

2402 4696 2494 4750 καὶ
2524 4695 2609 4748 διὰ
2630 4695 2824 4756 παντὸς
2851 4697 2916 4762 τῇ
2951 4691 3037 4761 ἴσῃ
3069 4687 3395 4761 παραυξήσει
3431 4689 3522 4741 καὶ
3558 4685 3754 4758 μειώσει
3774 4679 3876 4751 χρῆ·

2401 4805 2507 4842 ται·
2533 4788 2611 4840 δεῖ
2631 4788 2803 4857 εὑρεῖν
2827 4783 3072 4856 ἀριθμὸν,
3104 4781 3160 4845 ὃς
3187 4778 3647 4840 πολλαπλασιάσας
3667 4773 3874 4838 τὸτέταρ·

2401 4897 2489 4932 τον
2530 4879 2689 4948 μέρος
2717 4876 2813 4929 τοῦ
2849 4871 3342 4928 ἀποκαταστατικοῦ
3379 4869 3591 4940 χρόνου,
3621 4861 3873 4920 ἀποτελέσει

2401 4970 2520 5023 τινὰ
2565 4970 2808 5039 ἀριθμὸν,
2847 4967 2923 5030 ὃς,
2953 4965 3255 5037 προστιθεὶς
3286 4962 3380 5034 μὲν
3411 4963 3475 5032 τῇ
3521 4961 3653 5031 μέσῃ
3691 4953 3869 5020 κινήσει.

2405 5059 2612 5123 συνάξει
2637 5060 2680 5090 ⁸³
2713 5058 2830 5111 τινὰ
2859 5057 3082 5127 ἀριθμὸν
3110 5051 3322 5126 μείζονα
3341 5051 3591 5122 ,μὲν-τῶν
3619 5053 3672 5102 ιε’
3697 5039 3870 5122 μριριῖινι

2403 5151 2651 5204 ἐλάττονα
2687 5150 2742 5202 δὲ
2775 5148 2876 5200 τῶν
2915 5153 2986 5211 ις’
3014 5164 3023 5173 ·
3057 5144 3362 5214 ἀφαιρεθεὶς
3402 5143 3457 5196 δὲ
3483 5140 3588 5194 ἀπὸ
3625 5138 3712 5206 τῆς
3742 5131 3872 5202 μέσης

2403 5245 2679 5311 κινήσεως,
2713 5239 2986 5307 ἀπολείψει
3011 5237 3138 5290 τινὰΓ
3171 5235 3416 5305 ἀριθμὸν,
3447 5231 3653 5302 μείζονα
3683 5227 3764 5298 μὲν
3789 5217 3870 5273 τῶν

2405 5340 2470 5386 ια’
2507 5333 2724 5403 μοιρῶν,
2755 5330 3002 5384 ἐλάττονα
3020 5328 3075 5380 δὲ
3097 5327 3200 5380 τῶν
3235 5326 3317 5396 ιβ’.
3350 5324 3428 5377 Τὰ
3454 5325 3508 5376 δὲ
3536 5315 3870 5392 προστιθέμενα

2403 5429 2520 5485 ταῖς
2547 5432 2604 5477 ιε’
2633 5423 2841 5493 μοίραις
2865 5421 2957 5474 καὶ
2987 5421 3102 5482 ταῖς
3127 5425 3213 5481 ια’,
3241 5417 3387 5469 ἔσται
3413 5414 3571 5467 ὲπὶτδ
3591 5409 3706 5466 αὐτὸ
3723 5403 3868 5500 πρετςτα

2404 5511 2660 5581 ὲξηκοστὰ
2694 5515 2802 5572 κα’,
2839 5509 2928 5560 καὶ
2967 5507 3185 5578 δεύτερα
3225 5513 3275 5559 ι’.
3321 5503 3640 5577 Εὕρίσκεται
3667 5499 3715 5554 δὲ
3747 5499 3869 5546 τοῦτο
