4100 6316
141 430 239 489 861
1155 435 1387 493 GEMINI
1437 434 1802 495 ELEMENTA
1839 441 2321 500 ASTRONOMIE.
3208 437 3313 493 86‘!

224 542 317 594 'Ev
349 540 403 594 δι
438 543 502 612 τῇ
542 539 581 595 ι’
606 541 903 614 Εὐκτήμονι
945 546 1262 621 Ἀρκτοῦρος
1306 552 1550 622 ἑσπέριος
1579 550 1687 603 δύε-
1714 568 1758 615 Α

1714 568 1758 615 Α
1856 556 1947 613 Die
1977 560 2010 614 5
2035 557 2346 613 Euctemoni
2383 557 2645 613 Arcturus
2695 556 2903 628 vesperi
2936 554 3161 618 occidit,
3198 570 3311 608 ma-

140 649 251 694 ται,
288 633 384 685 καὶ
418 632 601 703 ἄνεμοι
638 634 854 702 μεγάλοι
877 636 1138 692 πνέουσιν.

793 649 854 687 ιοι
877 636 1138 692 πνέουσιν.
1788 650 1912 720 gniq
1921 666 1986 705 ue
2016 649 2224 719 spirant
2252 648 2412 703 venti.

227 722 320 774 'Ev
349 722 401 775 δέ
424 725 486 792 τῇ
511 730 557 794 η’
578 723 785 794 Εὐδόξῳ
819 727 1132 799 Ἀρκτοῦρος
1161 731 1450 801 ἀκρόνυχος
1483 731 1686 799 πρωῖας

1858 739 1950 795 Die
2004 742 2035 795 8
2088 740 2311 797 Eudoxo
2360 743 2625 795 Arcturus
2667 744 2719 794 in
2759 740 3094 793 extremitate
3141 738 3312 792 noctis

140 812 312 873 δύνει,
347 814 436 865 καὶ
474 815 837 883 ἐπισημαίνει,
866 819 957 869 καὶ
984 819 1176 889 ἄνεμος
1204 824 1340 875 πνεῖ.

1790 847 1943 885 mane
1972 832 2169 885 occidit
2194 871 2207 893 ,
2237 839 2291 885 ct
2318 831 2615 901 signiﬁcat;
2647 840 2837 885 ventus
2863 832 3049 899 spirat.

222 899 313 953 Ἐν
343 900 397 952 δὲ
424 903 487 969 τῇ
523 900 567 953 θ’
595 903 861 975 Καλίππῳ
895 905 1005 958 ,τοῦ
1036 906 1243 978 Ταύρου
1296 908 1435 963 δύνει
1486 908 1685 978 κεφαλὴ

143 990 282 1043 ἐώα·
322 992 467 1043 ὐετοί
496 993 584 1043 ⁸⁷.’

1868 923 1959 977 Die
1987 922 2018 976 9
2047 922 2269 993 Calippo
2295 899 2455 975 Tauri
2488 921 2868 991 caputoccidit
2893 936 3081 985 mane;
3112 918 3314 988 pluviae.
3384 910 3388 915 ’

224 1082 316 1134 Ἐν
342 1082 398 1133 δὲ
430 1084 494 1153 τῇ
526 1088 557 1135 ι’
594 1083 893 1155 Εὐκτήμονι
922 1085 1072 1157 Λύρα
1115 1088 1242 1156 seio;
1285 1088 1567 1152 ἐπιτέλλει,
1600 1087 1692 1140 καὶ

1861 1100 1954 1155 Die
1980 1102 2046 1155 10
2075 1084 2387 1156 Euctemoni
2415 1100 2551 1172 Lyra
2581 1118 2735 1156 mane
2760 1104 2950 1167 oritur,
2982 1109 3141 1171 atque
3169 1104 3316 1155 insu-

143 1172 560 1243 ἐπιχειμάζεται
591 1175 748 1245 ὐετῷ.

1795 1207 1887 1261 per
1918 1192 2086 1247 hiems
2110 1199 2195 1246 .est
2228 1208 2347 1245 cum
2378 1170 2570 1261 pluvia.

227 1267 320 1318 Ἐν
352 1267 407 1320 δὲ
452 1270 515 1339 τῇ
559 1268 622 1338 ιβ’
664 1268 871 1339 Εὐδόξῳ
911 1269 1095 1339 Ὠρίων
1140 1272 1431 1342 ἀκρόνυχος
1472 1271 1689 1342 ἄρχεται

148 1356 473 1409 ἐπιτέλλειν.
1298 1380 1304 1388 ·

1511 1287 1689 1342 ρχεται
1862 1281 1955 1338 Die
1992 1284 2055 1337 12
2083 1283 2303 1339 Eudoxo
2336 1284 2498 1339 Orion
2533 1285 2736 1353 vesperi
2764 1283 2947 1353 incipit
2974 1282 3125 1338 oriri.

227 1448 321 1501 Ἐν
347 1448 402 1501 δὲ
428 1451 492 1519 τῇ
522 1448 588 1517 ιγ’
613 1450 928 1521 Δημοκρίτῳ
949 1452 1097 1521 Λύρα
1128 1453 1395 1505 ἐπιϐάλλει
1424 1454 1535 1523 ἅμα
1561 1453 1691 1522 ήλίῳ

1864 1472 1958 1529 Dic
1991 1474 2055 1527 15
2086 1473 2394 1545 Democrito
2445 1473 2575 1544 Lyra
2624 1471 2862 1526 ascendit
2904 1486 3007 1525 una
3048 1486 3166 1522 cum
3210 1471 3321 1523 sole

150 1538 461 1607 ἀνίσχοντι·
494 1540 586 1592 καὶ
615 1541 643 1593 6
682 1540 785 1612 ἀὴρ
824 1542 1125 1621 χειμερινὸς
1161 1542 1362 1609 γίνεται
1394 1543 1466 1605 ὼς
1507 1544 1595 1594 ἐπὶ
1626 1541 1692 1595 τὰ

152 1629 341 1682 πολλά.

1628 1541 1692 1595 τὰ
1792 1564 1899 1635 38
1918 1566 2155 1630 oriente,
2196 1575 2249 1620 et
2282 1540 2372 1621 aer
2407 1567 2463 1620 ﬁt
2492 1574 2883 1634 tempestuosus
2919 1565 3247 1633 plerumque.

234 1721 326 1774 Ἔν
360 1721 417 1773 δέ
448 1724 512 1791 τῇ
540 1722 596 1774 ιδ’
634 1722 840 1792 Εὐδόξῳ
878 1723 1045 1777 ὐετία.

1017 1740 1045 1777 ιο
1080 1813 1126 1827 μ
1215 1813 1265 1827 ν
1536 1813 1547 1827 ὶ
1587 1816 1598 1827 ,
1862 1746 1956 1802 Die
1989 1748 2051 1802 14
2082 1747 2301 1801 Eudoxo
2331 1757 2411 1803 est
2443 1750 2636 1816 pluvia.

235 1812 325 1864 Ἐν
346 1813 402 1864 δὲ
431 1817 496 1883 τῇ
528 1820 583 1864 ιε’
610 1814 909 1883 Εὐκτήμονι
936 1813 1185 1877 Πλειάδες
1210 1813 1439 1875 δύνουσι,
1468 1813 1558 1865 καὶ⁵
1586 1816 1694 1866 ἐπι-

1730 1900 1774 1913 “
1868 1837 1961 1891 Die
1990 1838 2055 1892 15
2096 1839 2411 1893 Euctemoni
2442 1812 2683 1893 Eleiades
2713 1842 2965 1895 occidunt
2991 1882 3004 1906 ,
3032 1849 3085 1895 et
3118 1843 3322 1912 signiﬁ-

160 1906 434 1975 σημαίνει,
485 1907 577 1957 καὶ
619 1905 806 1974 Ὠρίων
838 1906 1058 1975 ἄρχεται
1102 1906 1191 1957 καὶ
1224 1904 1465 1975 μεσοῦντι
1496 1906 1587 1958 καὶ
1618 1905 1700 1975 λή-
1730 1900 1774 1957 Β

1730 1900 1774 1957 Β
1800 1934 1943 1980 rant.
1987 1926 2151 1980 Orion
2186 1926 2372 1995 incipit
2407 1942 2525 1979 cum
2562 1928 2737 1979 medio
2768 1944 2979 1989 mense,
3026 1936 3137 1981 tum
3178 1928 3320 1982 desi-

160 2014 304 2065 τοντι
342 1996 731 2066 ἐπιχειμάζειν.
1109 2066 1117 2075 .

1109 2066 1117 2075 ,
1798 2024 1955 2070 nente
1978 2055 1991 2077 ,
2026 2023 2393 2083 tempestatem
2424 2017 2674 2069 excitare.

242 2088 329 2139 'Ev
354 2089 411 2140 δὲ
444 2091 509 2157 τῇ
543 2095 615 2151 ις’
642 2087 907 2156 Καλίππῳ
937 2088 964 2139 6
997 2088 1051 2140 ἐν
1079 2088 1155 2157 τῷ
1188 2088 1433 2159 Σκορπίῳ
1462 2087 1703 2157 λαμπρὸς

1868 2104 1961 2158 Die
1996 2104 2060 2156 16
2086 2091 2313 2173 Calippo’
2341 2104 2615 2172 splendida
2642 2086 2937 2173 iuScorpio
2961 2104 3111 2158 stella
3134 2102 3324 2169 oritur,

164 2178 333 2248 ἀστὴρ
357 2178 650 2240 ἀνατέλλει,
684 2177 1052 2246 ἐπισημαίνεν
1096 2181 1188 2231 καὶ
1224 2178 1473 2240 Ιισλειάδες
1496 2178 1701 2232 δύνουσι

168 2266 411 2319 φανεραί.

1595 2196 1701 2232 ουσι
1788 2196 2069 2265 signiﬁcat
2100 2212 2113 2259 ;
2145 2203 2197 2250 et
2222 2195 2471 2250 Pleiades
2500 2196 2751 2249 occidunt
2782 2202 3117 2264 apparenter.

168 2284 411 2336 φανεραι.

245 2360 329 2411 Ἐν
360 2360 419 2411 δὲ
452 2363 518 2430 τῇ
554 2367 618 2429 ιη’
653 2360 861 2430 Εὐδόξῳ
888 2360 1145 2431 Σκορπίος
1167 2360 1387 2430 ἄρχεται
1416 2362 1704 2415 ἐπιτέλλειν

1573 2363 1704 2415 λλειν
1870 2369 1963 2425 llic
1997 2372 2061 2425 18
2094 2369 2317 2423 Eudoxo
2348 2368 2607 2439 Scorpius
2637 2367 2826 2437 incipit
2858 2365 2985 2421 oriri
3020 2379 3192 2419 mane.

173 2452 313 2521 ἑῷος.
2662 2482 2667 2511 ί
2692 2456 2695 2457 ⁷

249 2544 332 2597 Ἑν
357 2544 415 2597 δὲ
436 2546 503 2612 τῇ
535 2544 595 2595 ιϐ’
642 2540 849 2611 Εὐδόξῳ
892 2542 1142 2606 Πλειάδες
1177 2543 1304 2614 ἐῷαι
1334 2542 1577 2596 δύνουσι·
1615 2546 1705 2597 κα)⁵

1871 2550 1963 2605 Die
1990 2551 2055 2605 19
2084 2549 2305 2603 Eudoxo
2334 2550 2573 2603 Pleiades
2599 2564 2750 2601 mane
2776 2546 3027 2601 occidunt
3052 2565 3067 2613 ;
3093 2540 3151 2601 et
3169 2544 3334 2601 Orion

191 2632 362 2702 Ὠρίων
393 2632 613 2703 ἄρχεται
640 2634 831 2695 δύνειν,
860 2634 952 2685 καὶ
983 2634 1252 2703 χειμάζει.
1802 2642 1810 2695 i

1802 2642 1986 2710 incipit
2017 2641 2289 2700 occidere.
2320 2646 2374 2694 et
2404 2647 2767 2708 tempestatem
2800 2638 3013 2692 excitat.

258 2724 339 2775 Ἐν
366 2724 421 2776 δὲ
446 2728 511 2795 τῇ
545 2729 628 2776 κα¹
650 2725 858 2795 Εὐδόξῳ
884 2725 1033 2795 Λύρα
1062 2726 1191 2795 ἐῷος
1218 2724 1500 2780 ἐπιτέλλει.
1644 2730 1647 2733 ’
1871 2733 1877 2785 1

1253 2724 1500 2780 πιτέλλει.
1644 2730 1647 2733 ’
1871 2732 1964 2788 Die
1989 2733 2047 2785 21
2082 2732 2301 2786 Eudoxo
2333 2732 2469 2801 Lyra
2504 2747 2657 2785 mane
2684 2730 2872 2784 oritur.

266 2814 342 2865 Ἐν
368 2814 421 2866 δὲ
445 2819 509 2885 τῇ
536 2814 615 2880 κζ’
656 2817 953 2887 Εὐκτήμονι
987 2817 1168 2880 Ὑάδες
1194 2816 1432 2871 δύνονται
1458 2834 1470 2848 °
1505 2816 1599 2870 καὶ
1626 2816 1705 2869 ἔτι
1873 2822 1885 2875 1

1873 2822 1966 2877 Die
1994 2823 2062 2876 27
2095 2821 2408 2877 Euctemoni
2458 2821 2670 2891 Hyades
2721 2820 3009 2883 occidunt,
3053 2826 3212 2887 atque
3254 2817 3337 2870 in-

196 2902 286 2957 ὖει.
1806 2928 1815 2965 t

1806 2926 1966 2979 super
1996 2910 2150 2980 pluit.

265 2994 338 3046 Ἐν
355 2994 411 3049 δὲ
440 2998 505 3067 τῇ
533 2995 616 3065 κη’
644 2996 911 3067 Καλίππῳ
933 2996 1023 3050 τοῦ
1050 2997 1257 3067 Ταύρου
1281 2998 1346 3050 τὰ
1375 2998 1575 3069 κέρατα
1599 2997 1712 3050 δύε-
1876 3001 1884 3053 J

1876 3000 1971 3055 Die
2015 3002 2085 3055 98
2134 3002 2367 3071 Calippo.
2409 2999 2571 3054 Tauri
2625 3016 2826 3055 cornua
2874 2997 3248 3064 occiduut;et
3282 2995 3339 3047 ﬁt

80 3112 81 3115 η
186 3099 291 3136 ται·
318 3084 486 3137 ὐετία.

381 3084 486 3137 τία.
1806 3093 2000 3167 pluvia.

256 3175 335 3228 ’Ev
369 3175 428 3228 δὲ
456 3178 523 3247 τῇ
554 3174 632 3228 κθ¹
658 3174 866 3247 Εὐδόξῳ
908 3176 1093 3239 Ὑάδες
1116 3175 1345 3238 δύνουσι,
1373 3173 1464 3227 καὶ
1498 3174 1705 3245 χειμαί-
1737 3235 1775 3254 Π

1737 3235 1775 3254 η
1879 3184 1973 3239 Die
1998 3185 2067 3239 29
2101 3183 2321 3239 Eudoxo
2354 3181 2566 3254 Hyades
2596 3182 2846 3236 occidunt
2874 3200 2888 3247 ;
2924 3189 2975 3235 et
3024 3193 3213 3249 magna
3258 3184 3341 3231 est

181 3282 250 3319 νει
275 3235 523 3337 σφόδρα...
803 3235 819 3240 ⁷
838 3235 849 3247 ⁸
1074 3235 1089 3239 ⁷
1329 3235 1335 3238 ﬁ
1499 3235 1530 3244 η
1586 3235 1598 3245 υ
1735 3235 1776 3292 C

1735 3235 1776 3292 Ο
1810 3284 2119 3346 tempestas.

244 3361 342 3412 Τὸν
391 3359 448 3412 δὲ
503 3359 731 3429 Τοξότην
780 3360 808 3411 6
852 3359 1000 3428 ἥλιος
1051 3357 1420 3428 διαπορεύεται
1466 3359 1523 3410 ἐν
1581 3356 1712 3428 ἠμέ-

1351 3376 1420 3412 εαι
1466 3359 1523 3410 ἐν
1581 3356 1712 3428 ἡμέ·
1880 3368 2227 3440 Sagittarium
2259 3366 2339 3422 sol
2371 3366 2636 3436 percurrit
2667 3363 2855 3419 diebus
2883 3362 2970 3415 29.

182 3466 292 3518 ραις
324 3450 432 3503 κδ’.

254 3542 338 3594 'Ev
375 3540 474 3610 μὲν
504 3535 594 3593 οὖν
628 3541 692 3610 τῇ
732 3537 925 3608 ἐϐδόμῃ
973 3539 1278 3608 Εὐκτήμονι
1320 3539 1480 3591 Κύων
1511 3537 1709 3602 δύεται,
1815 3546 1821 3551 ’

1880 3541 1974 3597 Die
2020 3542 2049 3594 7
2098 3542 2406 3595 Euctemoni
2450 3542 2610 3595 Canis
2652 3540 2882 3605 occidit,
2914 3547 3075 3607 atque
3120 3537 3340 3605 insuper
3452 3592 3454 3601 ι

177 3634 263 3685 καὶ
302 3630 660 3700 ἐπιχειμάξει.
706 3630 973 3701 Καλίππῳ
1004 3633 1031 3683 6
1062 3630 1291 3699 Τοξότης
1329 3629 1550 3700 ἄρχεται
1593 3631 1714 3683 ἀνα-

1814 3634 1869 3687 ίίι
1900 3641 2214 3703 tempestas.
2259 3633 2481 3702 tgalippo
2518 3630 2839 3701 Sagittarius
2874 3630 3061 3697 incipit
3092 3627 3255 3694 oriri,
3290 3634 3341 3679 et

176 3723 373 3778 τέλλειν
397 3741 413 3756 ⁸
440 3724 532 3776 καὶ
565 3724 750 3794 Ὠρίων
779 3722 952 3775 δύνειν
977 3721 1237 3792 φανερῶς.
1274 3719 1572 3792 Χειμαίνει.

1560 3759 1572 3774 ι
1812 3725 1977 3781 Orion
2007 3725 2254 3781 occidere
2284 3730 2619 3794 apparenter.
2656 3722 2839 3776 Oritur
2868 3728 3179 3790 tempestas.

254 3814 340 3867 ’Ev
373 3812 432 3865 δὲ
463 3816 527 3883 τῇ
555 3820 603 3883 η’
632 3813 841 3883 Εὐδόξῳ
878 3812 1063 3884 Ὠρίων
1088 3811 1218 3881 ἑῷος
1243 3811 1403 3863 δύνει.

1279 3812 1403 3863 ύνει.
1880 3815 1975 3870 Die
2004 3818 2034 3869 8
2060 3815 2280 3869 Eudoxo
2309 3814 2471 3869 Orion
2499 3828 2654 3868 mane
2684 3811 2898 3865 occidit.

190 3982 191 3985 η
256 3902 342 3955 Ἐν
373 3902 431 3954 δὲ
461 3904 523 3971 τῇ
560 3908 588 3954 ι’
616 3903 916 3973 Εὐκτήμονι
968 3900 1059 3953 τοῦ
1090 3900 1349 3971 Σκορπίου
1394 3901 1454 3952 τὸ
1497 3900 1715 3970 κέντρον

1497 3900 1715 3970 κέντρον
1883 3906 1977 3962 Die
2007 3907 2073 3961 10
2100 3906 2408 3990 Euctemoni
2439 3904 2645 3973 Scorpii
2678 3902 2895 3956 aculeus
2920 3900 3108 3954 oritur.

179 3990 463 4045 ἐπιτέλλει.

253 4082 341 4135 Ἐν
382 4082 439 4133 δὲ
469 4083 535 4153 τῇ
586 4080 647 4151 ιβ’
674 4082 881 4152 Εὐδόξῳ
916 4082 1073 4135 Κύων
1114 4081 1244 4150 ἐῷος
1288 4081 1453 4145 δύνει,
1504 4083 1715 4151 χειμαί-

1884 4066 1979 4135 Die
2002 4083 2068 4135 12
2090 4080 2310 4134 Eudoxo
2331 4079 2491 4135 Canis
2514 4092 2671 4133 mane
2694 4075 2921 4141 occidit,
2951 4075 3008 4129 ﬁt
3033 4080 3329 4137 tempestas

176 4189 274 4227 νει.

224 4247 341 4320 ’Ἐν
378 4265 435 4317 δὲ
459 4266 524 4335 τῇ
556 4263 614 4316 ιδ’
648 4263 855 4333 Εὐδόξῳ
886 4264 1057 4325 ὐετός.

1045 4303 1057 4315 .
1884 4258 1978 4313 Die
2008 4257 2073 4311 14
2104 4257 2324 4312 Eudoxo
2350 4265 2431 4311 est
2461 4255 2659 4317 pluvia.

252 4357 340 4411 ’Ev
383 4355 441 4409 δὲ
479 4359 545 4427 τῇ
588 4363 645 4409 ιε’
688 4357 987 4427 Εὐκτήμονι
1023 4354 1197 4417 Ἀετὸς
1241 4353 1523 4417 ἐπιτέλλει,
1572 4353 1719 4417 νότος

1592 4353 1719 4417 νότος
1885 4348 1982 4414 Die
2012 4349 2077 4403 15
2106 4346 2418 4402 Euctemoni
2451 4347 2642 4417 Aquila
2670 4345 2861 4411 oritur,
2895 4343 2985 4398 ﬂat
3014 4352 3211 4399 auster.

179 4449 317 4501 πνεῖ.
2076 4482 2089 4495 ·

112 4612 115 4615 ἦ
255 4536 343 4591 Ἐν
394 4538 449 4590 δὲ
491 4542 557 4609 τῇ
603 4546 675 4603 ις’
720 4537 1038 4609 Δημοκρίτῳ
1088 4536 1263 4597 Ἀετὸς
1305 4534 1563 4588 ἐπιτέλλει
1608 4534 1720 4604 ἅμα

1751 4571 1798 4628 D
1890 4540 1985 4597 Die
2014 4541 2078 4596 16
2102 4540 2411 4597 Democrito
2437 4539 2625 4609 Aquila
2658 4539 2832 4605 oritur
2860 4538 3019 4593 simul
3047 4550 3168 4589 cum
3200 4534 3309 4589 sole
3333 4575 3351 4598 ,

177 4629 327 4700 ήλίῳ,
364 4628 458 4681 καὶ
501 4628 873 4699 ἐπισημαίνειν
923 4626 1064 4695 φιλεῖ
1106 4624 1343 4696 βροντὴν,
1390 4626 1479 4678 καὶ
1520 4626 1719 4694 ἀστρα-
1751 4624 1785 4628 ⁷

1751 4624 1785 4628 ﬁ
1820 4643 1872 4691 et
1909 4636 2130 4705 insuper
2160 4635 2459 4703 signiﬁcare
2504 4632 2633 4687 solet
2677 4631 2879 4685 tonitru
2910 4636 2965 4683 et
3000 4628 3197 4696 fulgur,
3227 4642 3346 4678 cum

180 4722 304 4792 πὴν,
356 4720 450 4773 καὶ
490 4719 639 4772 ὕδατι
680 4720 712 4789 ἢ
762 4720 967 4788 ἀνέμῳ,
1008 4718 1039 4789 ἢ
1084 4715 1359 4787 ἀμφότερα
1401 4715 1474 4777 ὡς
1515 4716 1604 4767 ἐπὶ
1649 4714 1719 4768 τά

1820 4740 1957 4795 aqua
2000 4733 2093 4778 aut
2129 4732 2319 4785 vento,
2353 4730 2443 4776 aut
2485 4729 2711 4790 utraque
2754 4721 3082 4789 plerumque.
3130 4715 3348 4789 Eudoxo

181 4812 368 4866 πολλά.
417 4810 624 4881 Εὐδόξῳ
670 4812 829 4863 Κύων
872 4810 1161 4879 ἀκρόνυχος
1206 4808 1248 4838 ⁸⁸
1294 4805 1574 4868 ἐπιτέλλει,
1626 4806 1717 4857 καὶ

1816 4816 1980 4871 Canis
2006 4815 2213 4885 vesperi
2241 4815 2431 4876 oritur,
2459 4828 2523 4868 eo
2542 4812 2683 4883 quod
2708 4808 3149 4882 Calippo'Gemini
3176 4816 3347 4860 trans-

180 4905 260 4957 ὃν.
289 4902 556 4972 Κάλίππῳ
594 4904 642 4954 οἱ
684 4902 897 4971 Δίδυμοι
937 4901 1144 4972 μετίασι
1178 4900 1435 4968 δυόμενοι,
1474 4897 1619 4949 νοτία
1647 4900 1711 4951 ⁶⁹.

1019 4901 1144 4953 τίασι
1178 4900 1435 4968 δυόμενον’,
1474 4897 1619 4949 νοτία
1647 4900 1711 4951 ⁸’σ
1818 4916 1947 4964 eunt
1980 4888 2303 4969 occidentes,
2352 4903 2408 4957 ﬁt
2439 4904 2638 4975 pluvia.

166 5044 181 5059 ,,
262 4994 349 5047 Ἐν
370 4992 425 5046 δὲ
449 4994 513 5062 τῇ
544 4990 608 5047 ιϐ’
634 4993 953 5063 Εὐκτήμονι,
985 4991 1189 5061 Εὐδόξῳ
1215 4989 1373 5041 δύνει.

1887 4999 1979 5054 Die
2008 5000 2069 5054 19
2104 4997 2418 5051 Euctemoni
2451 5002 2503 5050 et
2537 4993 2755 5048 Eudoxo
2783 4988 2998 5070 occidit.

263 5085 350 5152 Ἐν
374 5082 431 5138 δὲ
450 5086 515 5154 τῇ
540 5087 623 5136 καθ
656 5083 863 5153 Εὐδόξῳ
886 5083 1145 5154 Σκορπίος
1168 5081 1298 5152 ἑῷος
1322 5078 1599 5140 ἐπιτέλλει,
1628 5076 1719 5131 καὶ

1888 5090 1981 5145 Die
2022 5091 2085 5143 21
2141 5088 2367 5142 Eudoxo
2415 5086 2672 5157 Scorpius
2727 5080 3114 5145 mane'oritur,
3164 5084 3352 5146 estque

182 5175 467 5245 χειμαίνει.

1818 5190 2125 5251 tempestas.

263 5269 351 5321 Ἑν
372 5269 428 5321 δὲ
449 5272 514 5342 τῇ
545 5267 627 5337 κγ’
654 5267 863 5337 Εὐδόξῳ
886 5266 984 5331 Αἲξ
1015 5267 1123 5338 ἑῴα
1147 5266 1309 5319 δύνει.

1892 5274 1985 5327 Die
2011 5272 2081 5325 9.5
2109 5270 2332 5325 Eudoxo
2360 5270 2529 5339 Capra
2562 5282 2718 5320 mane
2743 5263 2956 5319 occidit.

265 5361 352 5414 Ἐν
375 5361 431 5413 δὲ
452 5366 518 5433 τῇ
551 5368 638 5426 κς¹
661 5358 869 5430 Εὐδόξῳ
906 5359 1081 5421 Ἀετὸς
1108 5358 1237 5429 ἐῷος
1267 5355 1547 5411 ἐπιτέλλει.

1379 5355 1547 5411 τέλλει.
1893 5364 1987 5418 Die
2010 5362 2078 5416 ‘26
2110 5363 2329 5416 Eudoxo
2356 5360 2546 5430 Aquila
2576 5373 2730 5412 mane
2759 5358 2947 5410 oritur.
2996 5344 2998 5347 ’

255 5453 355 5506 Τὸν
383 5454 439 5507 δὲ
474 5455 777 5524 Δίγόκερων
818 5456 845 5507 6
887 5450 1034 5523 ἣλιος
1076 5449 1446 5521 διαπορεύεται
1492 5452 1547 5502 ἐν
1593 5450 1725 5520 ήμέ-

1383 5467 1446 5503 ται
1492 5452 1547 5502 ἐν
1593 5450 1725 5520 ήμέ-
1895 5454 2281 5525 Capricornum
2318 5453 2403 5507 sol-
2427 5458 2671 5521 peragral.
2698 5447 2887 5503 diebus
2918 5446 3002 5501 29.

374 5544 436 5599 θ’.
757 5576 769 5580 ~

261 5562 276 5597 t
337 5560 436 5599 κον.
757 5576 769 5580 ~

189 5560 356 5687 ραἘν
386 5634 481 5705 μὲν
508 5628 597 5687 οὖν
619 5638 684 5705 τῇ
721 5641 768 5687 α’
792 5635 972 5704 ἡμέρᾳ
1000 5629 1301 5699 Εὐκτήμονι
1334 5631 1525 5701 τροπαὶ
1554 5647 1727 5701 χειμε-

1854 5686 1859 5691 .
1899 5630 1991 5687 Die
2031 5631 2050 5685 1
2086 5628 2401 5686 Euctemoni
2442 5626 2731 5683 solstitium
2765 5622 3041 5677 hibernum
3071 5612 3353 5686 signiﬁcat.

259 5787 299 5819 "
334 5805 420 5857 γρ.
454 5788 697 5844 ὐετοσίαι.
776 5791 818 5822 ⁸⁸
856 5808 941 5859 ῃ).
976 5789 1220 5862 ἀκρόνυξ.
1298 5788 1339 5821 ⁸⁸
1372 5805 1455 5857 no.
1492 5800 1657 5840 νοτια.
