4042 6330
115 406 227 462 865
1113 404 1342 461 GEMINI
1380 405 1742 481 ELEMENTA
1783 407 2259 464 ASTRONOMIJE.
3182 409 3284 465 866

206 521 293 572 Ἐν
325 521 379 572 δέ
408 519 471 588 τῇ
506 515 581 570 κθ³
614 516 916 587 Εὐκτήμονι
944 517 1036 570 τοῦ
1070 503 1329 590 Σκορπίου
1375 523 1421 574 οἱ
1454 522 1655 591 πρῶτοι
1685 529 1729 582 Α

1687 529 1729 582 Α
1825 520 1919 578 Die
1947 525 2016 580 29
2040 524 2351 580 Euctemoni
2378 523 2584 594 Scorpii
2607 525 2789 595 primae
2821 524 2984 579 stellae
3010 521 3283 608 occidunt,

99 608 346 682 ἀστέρες
375 609 632 673 δύνουσιν,
666 610 878 662 ἐπιπνεῖ
909 610 1096 680 βορέας
1122 612 1341 683 ψυχρός.

749 613 878 662 ιπνεί
909 610 1096 680 βορέας
1122 612 1341 683 ψυχρός.
1757 612 1847 668 ﬂat
1878 615 2102 685 frigidus
2132 617 2345 672 boreas.

207 703 294 754 Ἐν
315 701 370 754 δὲ
400 704 464 771 τῇ
493 700 534 751 λ’
561 700 829 770 Καλίππῳ
855 701 960 753 τῶν
999 701 1210 772 Ἰχθύων
1239 707 1266 757 ὁ
1307 705 1508 775 βόρειος
1541 706 1657 756 ἑπι-

1825 705 1919 761 Die
1968 709 2036 762 '50
2084 707 2305 778 Calippo
2350 706 2583 763 Piscium
2635 706 2862 762 borealis
2916 704 3110 763 desinit
3147 704 3285 759 occi-

109 792 319 845 τέλλων
356 792 526 861 λήγει,
569 793 762 854 ἰκτῖνος
793 792 1052 860 φαίνεται,
1083 793 1269 863 βορέας
1297 799 1431 849 πνεῖ.

1172 795 1269 857 ιέας
1297 799 1431 849 πνεῖ.
1756 797 1880 852 dere
1905 815 1918 861 ;
1949 806 2166 868 apparet
2194 800 2406 862 milvus,
2435 797 2524 852 ﬂat
2556 798 2768 854 boreas.

193 883 300 936 Τὸν
333 883 387 935 δέ
416 884 578 952 Κριὸν
607 883 972 953 διαπορεύεται
1001 888 1028 938 ὁ
1055 886 1200 955 ήλιος
1218 890 1276 940 ἐν
1304 881 1531 959 ἡμέραις
1557 890 1652 944 λα’.

1232 892 1276 940 ὲν
1304 881 1531 959 ἡμέραις
1557 890 1652 944 λα’.
1825 887 2054 942 Arietem
2088 888 2380 964 pertransit
2409 889 2490 942 sol
2522 888 2714 944 diebus
2745 888 2828 942 3i.

203 973 292 1023 Ἐν
317 972 411 1041 μὲν
425 975 488 1042 τῇ
517 971 703 1046 πρώτῃ
723 973 988 1044 Καλίππῳ
1011 975 1295 1046 σύνδεσμος
1317 979 1422 1030 τῶν
1446 980 1658 1050 Ἰχθύων

1826 978 1916 1032 Die
1947 978 1972 1031 1
1999 977 2218 1048 Calippo
2242 979 2519 1033 vinculum
2543 977 2784 1034 Piscium
2809 978 2998 1033 oritur.
3021 976 3107 1034 Fit
3128 978 3289 1049 aqui-

107 1063 417 1114 ἀνατὲλλει.
465 1064 972 1134 Ἰσημερίαὲαρινὴ,
1006 1067 1097 1118 καὶ
1125 1066 1294 1135 ψεκάς
1321 1067 1486 1141 λεπτή
1508 1087 1519 1099 ·
1549 1087 1659 1139 χει-

1759 1067 1993 1122 noctium
2033 1084 2280 1132 vernum,
2322 1078 2375 1123 et
2428 1068 2609 1138 pluvia
2652 1070 2918 1123 minutula
2951 1086 2966 1138 ;
3006 1084 3195 1142 magna
3231 1055 3289 1124 ﬁt

112 1154 304 1223 μαίνει
338 1153 555 1225 σφόδρα,
587 1155 944 1224 ἐπισημαίνει.
1439 1159 1446 1168 ’

785 1155 944 1209 .αίνει.
1439 1159 1446 1168 ’
1758 1164 2067 1226 tempestas,
2099 1157 2381 1227 signiﬁcat.

202 1248 294 1299 Ἐν
327 1246 380 1298 δὲ
412 1251 475 1318 τῇ
506 1247 554 1316 γ’
584 1248 848 1330 Καλίππῳ
878 1252 1040 1321 Κριὸς
1084 1255 1304 1325 ἄρχεται
1336 1257 1655 1311 ἐπιτέλλειν·

1829 1243 1922 1298 Die
1949 1244 1981 1298 5
2008 1244 2226 1315 Calippo
2255 1244 2410 1300 Aries
2446 1244 2632 1315 incipit
2663 1245 2798 1299 oriri
2826 1264 2839 1312 ;
2871 1246 3084 1302 exsistit
3113 1245 3291 1318 pluvia

111 1338 294 1401 ὑετὸς,
331 1339 362 1410 ἦ
386 1341 611 1408 νιφετός.
1183 1405 1189 1414 ι

396 1341 611 1408 νιφετός.
1183 1405 1189 1414 ι
1760 1344 1853 1388 aut
1881 1335 1992 1390 nix.

204 1431 292 1482 Ἐν
318 1431 375 1483 δὲ
403 1435 468 1502 τῇ
502 1439 552 1496 ς’
581 1432 784 1503 Εὐδόξῳ
816 1436 1087 1506 ίσημερία,
1120 1439 1268 1503 ὑετὸς
1301 1441 1519 1508 γίνεται.
1674 1459 1677 1464 ·

1486 1462 1519 1496 ι,
1674 1459 1677 1464 -
1827 1427 1922 1482 Die
1951 1427 1982 1482 6
2008 1427 2228 1484 Eudoxo
2261 1435 2340 1484 est
2368 1430 2764 1498 aequinoctium,
2806 1429 2859 1483 ﬁt
2888 1430 3082 1501 pluvia.

202 1523 296 1574 Ἐν
341 1523 395 1574 δὲ
445 1525 508 1593 τῇ
537 1530 566 1576 ι’
604 1525 904 1595 Εὐκτήμονι
951 1528 1197 1594 Πλειάδες
1250 1532 1484 1602 ἑσπέριοι
1530 1534 1661 1605 κρύ-

1819 1517 1925 1591 Die
1964 1518 2029 1572 10
2063 1519 2373 1576 Euctemoni
2403 1511 2643 1576 Pleiades
2689 1522 2897 1592 vesperi
2935 1523 3289 1578 occultantur.

116 1628 368 1666 πτονται.

205 1702 296 1754 Ἐν
331 1702 385 1754 δὲ
409 1706 470 1775 τῇ
502 1711 565 1772 ιγ’
598 1703 806 1781 Εὐδόξῳ
833 1705 1081 1772 Πλειάδες
1108 1710 1388 1782 ἀκρόνυχοι
1420 1712 1658 1767 δύνουσι·

1835 1696 1929 1752 Die
1977 1698 2061 1752 15
2092 1697 2316 1756 Eudoxo
2365 1699 2611 1756 Pleiades
2661 1701 2867 1771 vesperi
2922 1700 3205 1765 occidunt,
3243 1710 3295 1756 et

116 1793 219 1844 καὶ
262 1793 448 1863 Ὠρίων
477 1795 694 1866 ἄρχεται
723 1798 893 1851 δύνειν
921 1803 1024 1853 ἀπὸ
1057 1802 1346 1873 ἀκρονύχου
1366 1822 1378 1833 ·
1411 1805 1560 1869 ὑετὸς
1584 1806 1663 1873 γί-
1705 1871 1712 1873 _

1705 1871 1714 1873 _
1763 1789 1926 1846 Orion
1960 1791 2147 1861 incipit
2191 1793 2437 1849 occidere
2481 1796 2788 1865 vespertino
2841 1793 3057 1850 occasu.
3110 1793 3295 1849 Pluvia

117 1899 297 1938 νεται.
337 1885 648 1956 Δημοκρίτῳ
692 1887 941 1952 Πλειάδες
985 1892 1307 1963 κρύπτονται
1365 1895 1477 1965 ἅμα
1535 1871 1713 1966 ἡλίῳΙ

1699 1871 1736 1930 Β
1762 1881 1993 1936 exsistit.
2024 1880 2328 1938 Democrito
2354 1881 2595 1939 Pleiades
2624 1883 2960 1939 occultantur
2994 1883 3151 1938 simul
3173 1897 3295 1937 cum

119 1973 421 2042 ἀνίσχοντι,
446 1975 538 2028 καὶ
569 1977 784 2045 ἀφανεῖς
810 1981 1041 2046 γίνονται
1074 1983 1268 2048 νύκτας
1302 1991 1375 2055 μ’.

1765 1972 1877 2026 sole
1909 1973 2248 2039 ascendente,
2272 1981 2324 2028 et
2352 1985 2744 2055 nonapparent
2771 1991 2865 2044 per
2889 1983 3073 2030 noctes
3101 1974 3187 2029 40.

208 2066 298 2117 Ἐν
325 2066 380 2120 δὲ
410 2071 472 2139 τῇ
515 2076 597 2123 κα¹
633 2071 840 2144 Εὐδόξῳ
875 2075 1060 2138 Ὑάδες
1093 2078 1373 2149 ἀκρόνυχοι
1405 2080 1664 2138 δύνουσιν.

1444 2080 1664 2138 δνουσιν,
1834 2061 1928 2119 Die
1951 2064 2014 2117 21
2050 2063 2273 2121 Eudoxo
2298 2054 2506 2133 Hyades
2535 2068 2743 2137 vesperi
2774 2066 3040 2122 occidunt.

209 2159 376 2210 Ἐνδέ
401 2163 464 2231 τῇ
515 2169 596 2229 κγ’
623 2163 921 2235 Εὐκτήμονι
961 2169 1140 2231 Ὑάδες
1187 2171 1527 2241 κρύπτονται.
1577 2179 1668 2229 καὶ

1835 2153 1929 2210 Die
1965 2155 2034 2210 25
2069 2155 2377 2212 Euctemoni
2411 2156 2621 2226 Hyades
2645 2161 2998 2225 occultantur,
3019 2170 3072 2217 et
3094 2163 3297 2233 grando

125 2246 338 2315 χάλαζα
365 2250 676 2317 ἐπιγίνεται,
699 2257 790 2306 καὶ
813 2255 1036 2326 ζέφυρος
1059 2263 1194 2312 πνεῖ.
1219 2261 1483 2333 Καλίππῳ
1503 2253 1682 2334 Ζυγὸςχ
1733 2314 1736 2317 .
1769 2256 1890 2318 Ροει
1917 2248 2146 2311 ειείειίιν
2171 2255 2225 2303 ει
2249 2243 2338 2302 Πεί
2362 2248 2648 2319 ῑθΡδΥΓυεο
2677 2248 2896 2319 (ὶδιίρρο
2929 2249 3087 2305 Libra
3116 2252 3299 2322 ίηείρίι

124 2339 354 2410 ἄρχεται
383 2341 576 2405 δύνειν,
622 2345 852 2416 πολλαχῆ
884 2347 937 2400 δὲ
968 2350 1058 2401 καὶ
1085 2350 1306 2419 χάλαζα.

1226 2350 1306 2414 ζα,
1766 2340 2032 2404 occidere,
2057 2341 2254 2409 passim
2287 2341 2495 2396 exsistit
2522 2347 2587 2421 et.
2604 2340 2822 2412 grando.

214 2434 300 2486 Ἐν
325 2435 381 2486 δὲ
410 2439 472 2505 τῇ
510 2435 588 2500 κζ’
626 2435 834 2507 Εὐδόξῳ
882 2439 1030 2510 Λύρα
1064 2443 1350 2512 ἀκρόνυχος
1388 2447 1664 2502 ἐπιτέλλει.

1294 2462 1350 2506 ος
1388 2447 1664 2502 ἐπιτέλλει.
1837 2433 1930 2488 Die
1954 2433 2022 2486 27
2048 2432 2266 2488 Eudoxo
2292 2433 2428 2504 Lyra
2460 2435 2665 2504 vesperi
2699 2435 2889 2490 oritur.

205 2521 304 2575 Τὸν
328 2524 383 2576 δὲ
407 2523 613 2593 Ταῦρον
635 2526 1005 2600 διαπορεύεται
1035 2532 1062 2583 ὁ
1078 2531 1222 2602 ἥλιος
1242 2535 1295 2585 ἑν
1317 2536 1542 2605 ἡμέραις
1569 2539 1667 2609 λβ¹.

1184 2551 1222 2595 ,ς
1242 2535 1295 2585 ἐν
1317 2536 1542 2605 ἡμέραις
1569 2539 1667 2609 λβι,
1837 2523 2069 2578 Taurum
2104 2526 2184 2580 sol
2207 2536 2455 2595 peragrat
2481 2525 2669 2580 diebus
2693 2527 2780 2581 52.

217 2613 307 2665 Ἐν
338 2615 432 2684 μὲν
465 2611 556 2668 οὖν
584 2619 650 2688 τῇ
691 2625 736 2670 α’
767 2621 945 2692 ἡμέρα
970 2621 1177 2692 Εὐδόξῳ
1221 2626 1404 2695 Ὠρίων
1451 2631 1671 2701 ἀκρόνυ-

1834 2615 1928 2670 Die
1959 2616 1981 2668 1
2025 2615 2247 2670 Eudoxo
2278 2615 2439 2670 Orion
2469 2618 2678 2698 vesperi
2705 2617 2909 2672 occidit
2931 2661 2945 2685 ,
2979 2617 3036 2672 ﬁt
3069 2618 3293 2688 pluvia:

141 2723 231 2774 χος
253 2706 390 2760 δύνει
413 2725 424 2736 ·
457 2708 629 2764 ὑετία.
653 2710 918 2782 Καλίππῳ
941 2716 978 2766 ὀὶ
997 2715 1160 2786 Κριὸς
1181 2717 1331 2788 λήγει
1363 2723 1666 2778 ἑπιτέλλων·

1767 2709 1986 2780 Calippo
2024 2708 2177 2763 Aries
2218 2708 2415 2764 desinit
2456 2708 2588 2764 oriri
2621 2725 2636 2773 ;
2674 2707 2730 2762 ﬁt
2773 2710 2969 2779 pluvia,
3009 2718 3060 2764 et
3098 2712 3298 2780 passim

147 2795 297 2848 ὑετία
315 2813 327 2826 ν
362 2797 589 2869 πολλαχῆ
614 2799 668 2854 δέ
690 2803 779 2854 καὶ
817 2802 1038 2871 χάλαζα.

395 2797 589 2869 ολλαχῆ
614 2799 668 2854 δέ
690 2803 779 2854 καὶ
817 2802 1038 2871 χάλαζα.
1769 2803 1991 2874 grando.

232 2887 315 2938 Ἐν
341 2887 392 2940 δὲ
418 2892 478 2960 τῇ
514 2890 556 2958 β’
584 2891 886 2963 Εὐκτήμονι
918 2895 1075 2949 Κύων
1115 2886 1423 2970 κρύπτεται,
1461 2907 1552 2958 καὶ
1581 2909 1674 2978 χά-

1843 2897 1935 2953 Die
1977 2897 2011 2951 2
2058 2893 2374 2952 Euctemoni
2425 2896 2587 2951 Canis
2632 2896 2954 2963 occultatur,”
2996 2905 3048 2952 et
3099 2895 3302 2966 grando

144 2974 280 3041 λαζα
304 2979 521 3046 γίνεται.
553 2982 628 3052 Τῇ
655 2982 695 3034 δ’
723 2985 854 3054 αὐτῇ
901 2985 1050 3056 Λύρα
1083 2989 1126 3020 ’⁷³
1160 2990 1418 3044 ἐπιτέλλει
1445 2974 1670 3069 Εὐδόξῳ.

1772 2988 1986 3045 exsistit
2027 3008 2040 3044 :
2087 2989 2271 3043 eodem
2313 2987 2400 3043 die
2447 2986 2584 3059 Lyra
2630 2986 2805 3040 oritur
2852 2985 3090 3041 Eudoxo.
3139 2985 3302 3041 Canis

142 3067 302 3122 Κύων
321 3071 612 3142 ἀκρόνυχος
649 3072 810 3138 δύνει,
853 3077 944 3129 καὶ
973 3076 1121 3140 ὑετὸς
1153 3079 1374 3146 γίνεται.
1409 3067 1676 3158 Καλίππῳ

1775 3082 1983 3150 vesperi
2016 3076 2321 3144 occidit,'et
2353 3079 2412 3134 ﬁt
2438 3080 2637 3150 pluvia.
2674 3077 2897 3149 Calippo
2927 3078 3090 3135 Tauri
3132 3079 3303 3134 cauda

133 3162 229 3214 τοῦ
251 3163 512 3239 Ταύρουή
537 3165 728 3237 κέρκος
760 3168 1020 3222 ἐπιτέλλει
1040 3187 1053 3200 ⁸
1080 3172 1245 3226 νοτία.
1703 3226 1729 3239 ,.

948 3170 1020 3222 λει
1040 3187 1053 3200 ο
1080 3172 1245 3226 νοτία.
1703 3226 1742 3239 ,-
1773 3171 1962 3235 oritur,
1994 3172 2205 3225 exsistit
2235 3171 2544 3228 humidilas.

217 3259 306 3310 Ἐν
412 3235 476 3330 τῇ
502 3226 558 3324 ¹ζ’
586 3226 792 3332 Εὐδόξῳ
825 3263 975 3327 ὑετὸς
1006 3264 1226 3332 γίνεται.
1699 3226 1743 3285 c

1699 3226 1743 3285 Ο
1840 3226 1994 3318 Die'7
2030 3261 2250 3317 Eudoxo
2281 3226 2718 3334 exsistitﬁpluvia.
2847 3319 2849 3322 .

157 3349 168 3364 ”
217 3351 308 3402 Ἐν
338 3350 392 3402 δέ
420 3354 485 3421 τῇ
508 3357 554 3422 η’
587 3353 888 3424 Εὐκτήμονι
913 3355 1009 3421 Αἲξ
1035 3354 1142 3426 ἑῴα
1167 3355 1468 3409 ἀνατέλλειο
1503 3356 1669 3411 εὐδία’
1713 3399 1736 3432 ξ

1713 3399 1736 3432 ,κ
1840 3352 1935 3409 Die
1962 3352 1997 3408 8
2027 3354 2339 3410 Euctemoni
2368 3353 2541 3424 Capra
2573 3362 2971 3421 maneontur‘;
3003 3353 3297 3419 serenitas;

130 3441 215 3494 ὕει
243 3441 382 3513 νότῳ
409 3441 578 3495 ὕδατι.

548 3461 578 3495 ι.
1772 3446 1906 3517 pluit
1943 3453 2144 3503 austro.

213 3534 306 3585 Ἐν
329 3533 383 3586 δὲ
413 3535 478 3604 τῇ
514 3533 555 3585 θ’
584 3533 790 3604 Εὐδόξῳ
813 3533 910 3599 Αἲξ
933 3535 1040 3605 ἑῴα
1068 3539 1349 3593 ἐπιτέλλει.

1251 3540 1349 3593 λει.
1844 3536 1936 3593 Die
1966 3537 1999 3593 9
2023 3536 2244 3592 Eudoxo
2270 3534 2438 3606 Capra
2469 3529 2625 3591 mane
2652 3535 2843 3590 oritur.

215 3622 309 3674 Ἐν
348 3621 404 3674 δὲ
429 3625 496 3692 τῇ
521 3629 584 3675 ια’
626 3624 834 3695 Εὐδόξῳ
863 3625 1123 3696 Σκορπίος
1163 3629 1293 3699 ἑῷος
1322 3631 1493 3685 δύνειν
1514 3633 1673 3705 ἄρχε-

1843 3627 1937 3682 Die
1973 3627 2033 3681 11
2069 3627 2325 3698 Scorpius
2368 3628 2688 3681 matutinum
2720 3639 2972 3680 occasum
3009 3623 3184 3680 facere
3223 3623 3304 3678 in-

117 3713 243 3777 ταιζ
282 3714 374 3766 καὶ
399 3713 546 3777 ὑετὸς
568 3715 789 3783 γίνεται.

1773 3721 1924 3791 cipit,
1956 3727 2008 3775 et
2032 3719 2211 3789 pluvia
2241 3719 2471 3774 exsistit.

212 3805 310 3858 Ἐν
335 3805 391 3859 δὲ
417 3809 491 3888 τῇ.
520 3813 587 3874 ιγ’
615 3809 914 3881 Εὐκτήμονι
943 3810 1137 3876 Πλειὰς
1174 3814 1464 3870 ἐπιτέλλει·
1490 3819 1674 3889 Θέρους

1844 3813 1938 3867 Die
1992 3812 2056 3867 15
2107 3811 2422 3865 Euctemoni
2475 3809 2652 3867 Pleias
2705 3810 2920 3876 oritur;
2973 3808 3175 3865 astatis
3222 3817 3305 3877 est

118 3898 303 3970 ἀρχὴ,
327 3900 417 3952 καὶ
465 3901 825 3972 ἐπισημαίνει.
852 3904 1118 3976 Καλίππῳ
1145 3908 1176 3977 ή
1207 3907 1300 3962 τοῦ
1338 3909 1546 3982 Ταύρου
1588 3929 1676 3965 κε-

1773 3903 2004 3969 initium,
2036 3914 2090 3976 et
2126 3904 2409 3976 significat.
2449 3903 2672 3974 Calippo
2723 3901 2884 3957 Tauri
2921 3911 3081 3972 caput
3113 3902 3302 3964 oritur,

128 3993 284 4061 φκλὴ
321 3992 580 4047 ἐπιτέλλει
605 4011 618 4024 ⁸
651 3997 1011 4067 ἐπισημαίνει.
1602 4037 1610 4039 ~

463 3992 580 4047 Ξλλει
605 4011 618 4024 ⁸
651 3997 1011 4067 ἐπισημαίνει.
1602 4037 1610 4039 »
1773 3994 2059 4066 signiﬁcat.

216 4085 313 4136 Ἐν
339 4085 393 4137 δὲ
433 4089 495 4157 τῇ
535 4089 629 4158 μιᾷ
662 4090 753 4141 καὶ
789 4091 958 4144 εἰκάδι
997 4092 1205 4166 Εὐδόξῳ
1248 4096 1508 4169 Σκορπίος
1545 4100 1676 4169 ἑῷος

1573 4101 1676 4169 ᾦος
1845 4090 1938 4145 Die
1959 4089 2024 4143 2t
2057 4087 2278 4145 Eudoxo
2304 4088 2560 4158 Scorpius
2583 4094 2730 4142 totus
2767 4099 2922 4141 mane
2948 4084 3167 4139 occidit.

123 4177 253 4239 δλος
282 4175 449 4229 δύνει.
584 4210 593 4220 -
2755 4181 2761 4185 ’

213 4270 312 4321 Ἐν
335 4268 390 4320 δὲ
405 4269 467 4338 τῆ
485 4268 564 4338 κβ¹
590 4269 795 4342 Εὐδόξῳ
810 4273 1060 4338 Πλειάδες
1083 4277 1429 4344 ἐπιτέλλουσι,
1446 4281 1537 4334 καὶ
1559 4282 1675 4333 ἐπι-

1843 4268 1934 4345 Die
1965 4269 2034 4326 22
2065 4268 2285 4324 Eudoxo
2315 4267 2557 4324 Pleiades
2590 4268 2860 4333 oriuntur,
2888 4273 2942 4322 et
2979 4263 3300 4338 signiﬁcant.

123 4361 510 4433 σημαίνουσιν.
618 4358 628 4396 ί
2755 4438 2757 4440 η

210 4457 311 4508 Ἐν
336 4454 392 4524 δὲ
422 4458 486 4526 τῇ
518 4462 593 4508 κε’
623 4456 922 4527 Εὐκτήμονι
963 4459 1138 4524 Ἀετὸς
1164 4464 1405 4534 ἑσπέριος
1430 4465 1590 4521 δύνει.

1484 4468 1590 4521 nm.
1842 4452 1937 4508 Die
1979 4453 2048 4509 25
2083 4451 2390 4508 Euctemoni
2419 4450 2608 4521 Aquila
2639 4449 2844 4520 vesperi
2868 4446 3080 4505 occidit.

210 4548 312 4599 Ἐν
341 4547 396 4598 δὲ
425 4551 490 4617 τῇ
519 4547 561 4600 λ’
585 4549 884 4619 Εὐκτήμονι
921 4552 1161 4620 ἑσπέριος
1194 4557 1472 4610 ἐπιτέλλει.
1702 4567 1745 4620 D
1838 4544 1935 4600 Die
1965 4546 2032 4599 30
2062 4544 2369 4599 Ευοῑθωοηί
2400 4544 2605 4612 vesperi
2633 4545 2822 4626 οτῖιιπ·
2871 4596 2877 4601 ς

209 4636 309 4686 Ἐν
329 4634 385 4686 δὲ
409 4637 471 4706 τῇ
493 4636 568 4689 λα’
589 4637 892 4708 Εὐκτήμονι
921 4639 1094 4702 Ἀετὸς
1131 4642 1375 4712 ἑσπέριος
1395 4644 1669 4699 ἐπιτέλλει.

1451 4644 1669 4699 τιτέλλει,
1845 4635 1936 4691 Die
1963 4636 2022 4690 51
2055 4633 2365 4690 Euctemoni
2392 4633 2581 4703 Aquila
2617 4631 2823 4702 vesperi
2854 4629 3047 4685 oritur.

210 4729 307 4780 Ἐν
334 4727 389 4780 δὲ
414 4731 477 4798 τῇ
525 4728 600 4799 λβ¹
630 4730 934 4802 Εὐκτήμονι
976 4733 1289 4804 ’Δρκτοῦρος
1334 4736 1464 4804 ἑῷος
1498 4737 1638 4790 δύνει
1659 4754 1670 4767 ’

1844 4728 1934 4782 Die
1967 4728 2032 4782 52
2073 4726 2383 4806 Euctemoni
2415 4725 2678 4780 Arcturus
2708 4738 2864 4778 mane
2890 4722 3107 4786 occidit,
3138 4719 3305 4792 signi-

123 4820 500 4890 ἐπισημαίνει.
546 4823 811 4894 Καλίππῳ
861 4815 1139 4896 δ’Ταῦρος
1164 4825 1312 4896 λήγει
1353 4829 1672 4884 ἀνατέλλων.

1777 4820 1916 4874 ﬁcat.
1943 4819 2162 4888 Calippo
2200 4817 2410 4872 Taurus
2434 4818 2630 4872 desinit
2652 4817 2804 4872 oriri.
2827 4812 3138 4869 Euctemoni
3164 4810 3303 4882 Hya-

120 4903 446 4980 Εὑκτήμονι
490 4911 672 4975 Ὑάδες
700 4913 944 4984 ἑσπέριαι
980 4914 1356 4979 ἐπιτέλλουσιν,
1389 4919 1676 4989 ἐπισημαί-

1157 4914 1356 4979 λουσιν,
1389 4919 1676 4989 ἑπισημαί-
1773 4914 1868 4966 dcs
1901 4912 2106 4980 vesperi
2137 4910 2404 4976 oriuntur,
2434 4908 2753 4981 signiﬁcant.

120 5018 310 5057 νουσι.
2422 5051 2424 5054 -

199 5093 351 5154 Τοὺς
364 5089 419 5142 δὲ
434 5090 880 5161 Διδύμουςόἦλιος
891 5093 1253 5166 διαπορεύεται
1266 5097 1320 5146 ἐν
1337 5096 1560 5166 ήμεραις
1576 5097 1671 5167 λβ’.

1221 5096 1560 5166 ιιὲνήμεραις
1576 5097 1671 5167 λβν.
1843 5094 2097 5150 Geminos
2125 5094 2207 5149 sol
2245 5102 2482 5164 permeat
2511 5090 2699 5147 diebus
2731 5089 2817 5145 52.

209 5185 308 5255 Ἑν
342 5182 436 5253 μὲν
477 5178 567 5236 οὖν
593 5185 656 5252 τῇ
701 5184 744 5251 β’
770 5184 1034 5254 Καλίππῳ
1082 5189 1129 5238 οἱ
1175 5187 1387 5256 Δίδυμοι
1426 5189 1674 5259 ἄρχονται

1844 5189 1938 5246 Die
1982 5189 2016 5243 2
2052 5189 2275 5259 Calippo
2325 5188 2535 5244 Gemini
2581 5187 2843 5258 incipiunt
2891 5181 3063 5248 oriri;
3094 5176 3302 5236 exsistit

121 5275 437 5330 ἐπιτέλλειν
455 5293 466 5305 ·
502 5275 666 5329 νοτία.

502 5275 666 5329 νοτία.
1778 5282 2085 5336 humidilas.

209 5368 309 5418 Ἐν
338 5367 394 5420 δὲ
420 5370 482 5437 τῇ
513 5373 553 5420 ε’
585 5366 794 5437 Εὐδόξῳ
814 5369 1021 5432 -Ὑάδες
1049 5370 1175 5440 ἑῷαι
1209 5369 1582 5426 ἐπιτέλλουσιν.

1365 5370 1582 5426 unum.
1843 5377 1936 5430 Die
1964 5376 1996 5430 5
2027 5374 2248 5430 Eudoxo
2276 5373 2485 5445 Hyades
2515 5386 2670 5426 mane
2699 5370 2961 5425 oriuntur.

209 5459 309 5510 Ἐν
337 5456 396 5508 δὲ
425 5462 489 5530 τῇ
521 5458 561 5523 ζ’
593 5459 800 5529 Εὐδόξῳ
843 5460 1016 5524 Ἀετὸς
1062 5463 1351 5533 ἀκρόνυχος
1393 5466 1672 5520 ἐπιτέλλει.

1335 5481 1351 5526 ;
1393 5466 1672 5520 ἐπιτέλλει.
1839 5468 1936 5522 Die
1975 5468 2004 5519 7
2036 5467 2257 5522 Eudoxo
2282 5466 2472 5536 Aquila
2497 5463 2703 5532 νει-,ρετὶ
2739 5460 2931 5516 oritur.

206 5550 308 5602 Ἐν
339 5546 394 5600 δὲ
423 5553 485 5620 τῇ
521 5559 548 5603 ι’
569 5552 885 5624 Δημοκρίτῳ
911 5551 1048 5621 ὕδωρ
1081 5553 1304 5620 γίνεται.

1192 5572 1304 5609 ται.
1841 5558 1936 5612 Die
1965 5558 2030 5611 10
2057 5558 2361 5613 Democrito
2391 5570 2526 5626 aqua
2557 5555 2788 5610 exsistit.

205 5640 304 5694 Ἐν
350 5636 405 5688 δὲ
435 5641 498 5707 τῇ
534 5639 600 5706 ιγ’
624 5638 832 5709 Εὐδόξῳ
869 5639 1184 5712 Ἀρκτοῦρος
1212 5644 1342 5710 ἑῷος
1377 5645 1514 5699 δύνει

1393 5645 1514 5699 ῑύνει
1846 5650 1938 5705 Die
1967 5649 2030 5705 15
2051 5649 2271 5708 Eudoxo
2301 5650 2561 5706 Arcturus
2593 5661 2748 5703 mane
2776 5642 2989 5704 occidit.

229 5814 286 5849 τι
327 5829 417 5881 πρ.
443 5813 533 5865 καὶ
562 5813 690 5867 αὐτὸ
724 5814 918 5885 Λύραν
