4100 6316
107 506 217 562 881

970 517 1332 578 Ρτυιιειιλιῖι
1366 524 1453 581 DE
1491 528 1939 592 APPARENTHS
1976 535 2471 595 lNERHANTlUM..

3199 541 3302 599 882

186 625 298 690 κζ’.
331 628 479 699 ’Ὦρα
505 636 569 697 ιγ’
595 632 621 683 ό
638 631 877 704 λαμπρὸς
898 635 987 689 τοῦ
1004 636 1184 693 Ἀετοῦ
1211 641 1520 713 κρύπτεται·
1542 646 1678 717 Προ-

186 734 267 767 ων
313 719 570 775 ἑσπέριος
592 721 880 775 ἀνατέλλει.

1848 651 1934 705 27.
1971 652 2110 707 liora
2148 670 2244 709 xm
2275 656 2451 710 lucida
2475 652 2679 724 Aquilae
2711 659 3024 775 occuht‘atur.
3061 652 3301 733 Procyon

107 716 267 767 κύων
313 719 570 789 ἑσπέριος
592 721 880 776 ἀνατέλλει.

180 814 300 877 κη’.
355 809 420 862 ’0
438 812 492 862 ἐν
517 811 590 881 τῷ
620 813 859 885 ἑπομένῳ
874 814 1005 887 ὤμῳ
1018 818 1107 871 τοῦ
1122 821 1356 891 Ἡνιόχου
1373 824 1502 895 ἑῷος
1514 824 1673 880 δύνει.

113 896 181 950 ’0
232 898 502 968 λαμπρὸς
546 902 636 954 τοῦ
689 904 855 959 νοτίου
912 908 1105 977 Ἰχθύος
1153 912 1465 983 κρύπτεται.
1511 918 1674 984 Δίγυ-

104 986 295 1048 ςττίοις
328 990 622 1057 χειμαίνει.
660 993 867 1050 Μέτωνι
894 997 1252 1069 ἐπισημαίνει.
1289 1004 1545 1075 Ὄμϐρος.

175 1075 289 1127 xl)’.
357 1079 620 1148 Προκύων
651 1086 896 1157 ἑσπέριος
929 1090 1219 1148 ἀνατέλλει.
1247 1095 1557 1162 Αἰγυπτίοις
1584 1098 1675 1151 καὶ

105 1166 337 1219 Μέτωνι
371 1172 737 1242 ἐπισημαίνει.
783 1178 1055 1251 Ἀκρασία.

172 1257 242 1309 λ’.
285 1260 444 1332 "Op;
479 1264 537 1315 ιδ’
566 1267 593 1318 6
633 1266 878 1341 λαμπρὸς
908 1272 999 1325 τοῦ
1040 1274 1218 1335 Ἃετοῦ
1242 1278 1488 1352 ἑσπέριος
1508 1281 1669 1338 δύνει.

110 1350 449 1415 Αἰγυπτίοις
471 1353 579 1423 λίψ,
610 1358 704 1409 καὶ
735 1361 969 1431 ἀκρασία
993 1363 1163 1434 ἀέρος.

510 1488 647 1557 Μὴν
683 1492 1047 1562 Ἰανουὰριος,
1080 1497 1117 1565 ἢ
1153 1499 1304 1552 Τυὸί.

180 1626 253 1706 α’.
285 1620 441 1692 Ὦρα
482 1623 539 1674 ιδ’
591 1624 748 1680 Κύων
807 1627 1049 1699 ἑσπέριος
1075 1631 1364 1689 ἀνατέλλει.
1417 1636 1674 1706 Προκύων

117 1704 378 1785 ἑσπέριος
410 1718 705 1775 ἀνατέλλει.
732 1722 1048 1795 Δημοκρίτῳ
1087 1726 1285 1796 χειμὼν
1308 1730 1669 1801 ἐπισημαίνει.

192 1899 255 1969 β’.
293 1898 355 1950 Ὀ
410 1899 504 1950 ἑπὶ
561 1898 657 1968 τῆς
706 1899 942 1971 κεφαλῆς
982 1901 1073 1955 τοῦ
1118 1904 1413 1976 ἡγουμένου
1444 1909 1668 1983 Διδύμου

125 1990 255 2060 ἑῷος
279 1990 455 2043 δύνει.
497 1989 724 2060 Δοσιθέῳ
741 1991 1021 2061 χειμαίνει.
1443 2048 1449 2057 ,

189 2090 260 2151 γ’.
301 2084 361 2135 '0
416 2081 662 2154 λαμπρδς
721 2084 811 2136 τοῦ
889 2085 1374 2152 ’Δετούὲπιτέλλεμ
1420 2091 1673 2164 Προκύων

124 2176 375 2247 ἑσπέριος
407 2176 701 2229 ἀνατέλλει.
726 2178 978 2248 Φιλήμονι
1003 2181 1361 2252 ἐπισημαίνει.

192 2266 251 2318 δ’.
280 2268 423 2337 Ὥρα
453 2274 519 2334 ιγ’
546 2268 572 2318 ὁ
596 2268 836 2344 λαμπρὸς
850 2269 941 2322 τοῦ
968 2272 1208 2342 Ὄρνιθος
1235 2274 1362 2344 ἑῷος
1380 2274 1670 2331 ἀνατέλλει.
1751 2300 1759 2317 κ

141 2354 194 2406 '0
215 2355 303 2406 ἐπὶ
329 2356 430 2426 τῆς
461 2356 699 2427 κεφαλῆς
740 2358 830 2411 τοῦ
875 2361 1133 2429 ἑπομένου
1163 2362 1388 2434 Διδύμου
1429 2365 1559 2435 ἑῷος
1585 2368 1672 2419 δύ-

132 2462 227 2499 νει.
268 2446 323 2500 ’0
352 2448 603 2519 λαμπρὸς
620 2448 709 2502 τοῦ
748 2449 927 2503 Ἀετοῦ
964 2452 1211 2525 ἑσπέριος
1248 2454 1410 2509 δύνει.
1457 2457 1512 2510 'O
1536 2458 1671 2529 λαμ-

134 2535 260 2605 πρὸς
290 2535 380 2589 τοῦ
414 2536 591 2589 νοτῐου
632 2536 827 2619 Ἰχθύος
858 2540 1169 2609 κρύπτεται.
1219 2544 1529 2612 Αἰγυπτίοις
1555 2566 1666 2619 χει-

146 2625 289 2693 μάζει
315 2626 456 2682 κατὰ
488 2618 773 2683 θάλασσαν.
817 2630 1117 2703 Εὐκτήμονι
1152 2635 1503 2707 ἑπιχειμάξει.

217 2810 273 2859 ε’.
302 2806 427 2879 Ὦρα
462 2808 521 2861 ιδ’
551 2808 679 2862 όὲπὶ
698 2810 794 2881 τῆς
826 2812 1062 2884 κεφαλῆς
1076 2812 1167 2867 τοῦ
1192 2816 1486 2886 ἡγουμένου
1513 2819 1663 2874 Διδύ-

154 2912 245 2964 μου
265 2896 381 2967 ἑῷος
396 2900 562 2955 δύνει.

213 2992 276 3048 ς·¹.
308 2987 438 3060 ’Ὧρᾳ
468 2997 533 3058 ιγ’
562 2994 589 3044 ό
618 2992 754 3046 κατά
783 2996 842 3047 τὸ
861 2996 984 3064 γόνυ
1009 2997 1098 3051 τοῦ
1129 2998 1351 3066 Τοξότου
1382 3003 1659 3058 ἐπιτέλλει.

145 3074 285 3129 Κύων
315 3079 564 3153 ἑσπέριος
593 3083 754 3138 δύνει.
872 3140 873 3143 η

204 3166 260 3232 ζ’.
291 3171 420 3243 Ὦρα
449 3179 511 3225 ιε’
543 3175 571 3227 6
603 3175 845 3247 λαμπρὸς
873 3175 963 3230 τοῦ
991 3179 1167 3233 Ἀετοῦ
1210 3183 1458 3256 ἑσπέριος
1497 3188 1657 3242 δύνει.

148 3258 510 3333 Ἐπισημαίνει
543 3266 615 3329 ὡς
653 3268 899 3342 Δοσιθέῳ.

196 3360 260 3425 η’.
292 3358 427 3430 Ὥρα
468 3359 523 3412 ιδ’
550 3362 578 3413 6
601 3362 690 3414 ἐπὶ
708 3362 805 3432 τῆς
845 3363 1082 3435 κεφαλῆς
1112 3367 1205 3420 τοῦ
1246 3369 1540 3440 ἡγουμένου
1576 3372 1662 3422 Δι-

133 3442 284 3513 δύμου
317 3449 454 3518 ἑῷος
502 3450 661 3515 δύνει,
694 3453 785 3505 καὶ
815 3456 841 3507 6
870 3450 1115 3527 λαμπρὸς
1144 3457 1236 3512 τοῦ
1258 3461 1427 3513 νοτίου
1468 3460 1663 3531 Ἰχθύος

136 3536 434 3606 κρύπτεται.
467 3543 776 3610 Αἰγυπτίοις
802 3547 976 3617 πυκνὴ
1000 3550 1342 3616 κατάστασις.

195 3625 253 3679 θ’.
284 3629 420 3701 Ὥρα
455 3631 513 3683 ιδ’
561 3634 588 3686 6
619 3632 858 3705 λαμπρὸς
882 3636 979 3707 τῆς
1008 3639 1187 3710 Δύρας
1220 3643 1468 3715 ἑσπέριος
1497 3644 1659 3700 δύνειο

129 3715 155 3765 ὁ
182 3716 415 3791 λαμπρὸς
436 3723 535 3776 τοῦ
573 3724 751 3778 Ἀετοῢ
779 3728 1018 3799 ἑσπέριος
1037 3730 1196 3785 δύνει.
1226 3733 1533 3801 Αἰγυπτίοις
1546 3739 1663 3797 ἑπι-

136 3808 387 3875 σημαίνει.
447 3815 765 3887 Δημοκρίτῳ
812 3818 958 3883 νότος
1002 3819 1075 3884 ὡς
1124 3822 1191 3876 τὰ
1226 3824 1409 3880 πολλά.

192 3903 241 3953 ι’.
270 3900 426 3956 Κύων
448 3903 693 3975 ἑσπέριος
718 3907 987 3960 ἀνατέλλει
1011 3908 1124 3981 ὥρᾳ
1150 3916 1201 3966 ι’.

192 3997 275 4047 ια’.
314 3994 456 4066 "ap;
486 4004 545 4049 ιε’
580 4000 607 4050 6
632 4000 722 4053 ὲπὶ
741 4000 835 4069 τῆς
864 4001 1096 4073 κεφαλῆς
1133 4002 1225 4057 τοῦ
1248 4004 1543 4076 ἡγουμένου
1572 4008 1658 4061 Δι-

129 4076 279 4150 δύμου
306 4086 435 4153 ἑῷος
464 4087 626 4143 δύνει.

192 4171 272 4240 ιβ’.
306 4177 447 4249 Ὤρᾳ
482 4179 540 4231 ιδ’
565 4180 594 4232 6
618 4180 756 4235 κατά
786 4182 845 4235 τδ
869 4184 997 4252 γόνυ
1011 4184 1103 4238 τοῦ
1117 4172 1338 4253 Τοξὸτου
1370 4188 1651 4243 ἐπιτέλλει.

139 4259 417 4337 Ἱππάρχῳ,
450 4269 659 4340 Εὐδόξῳ
680 4289 761 4342 χει
769 4273 964 4344 μαίνει.
1518 4259 1524 4265 ἱ

191 4360 272 4421 ιγ’.
303 4358 441 4431 Ὥρα
476 4361 536 4413 ιδ’
557 4362 585 4413 6
611 4361 853 4436 λαμπρὸς
868 4365 961 4418 τοῦ
993 4368 1164 4422 νοτίου
1189 4371 1384 4440 ’ἰχθύος
1418 4372 1652 4443 κρύπτε-

128 4458 223 4534 ται.
252 4448 389 4521 Ὢρᾳ
416 4460 473 4506 ιε’
502 4455 529 4507 6
570 4453 791 4526 ἔσχατος
831 4456 922 4510 τοῦ
958 4456 1205 4531 Ποταμοῦ
1236 4463 1479 4534 ἑσπέριος
1525 4466 1654 4517 ἀνα-

1775 749 2111 813 vespertinus
2139 747 2326 800 oritur.

1842 833 1930 889 28.
1963 839 2091 902 Qua:
2118 846 2199 891 est
2227 839 2281 893 in
2312 842 2626 921 succedente
2648 843 2857 914 Aurigae
2882 844 3102 900 humero
3124 852 3300 899 matu—

1774 925 1886 980 tina
1913 925 2021 998 ω
2045 929 2261 983 occidit.
2292 930 2577 1001 Splendida
2610 933 2782 990 Piscis
2810 937 3058 991 australis
3076 938 3302 991 occulta-

1772 1024 1881 1070 tur.
1909 1017 2168 1088 Egyptiis
2192 1014 2408 1076 hiemat.
2442 1021 2637 1077 Metoni
2669 1025 2950 1095 signiﬁcat.
2982 1026 3173 1084 Imber.

1840 1108 1928 1164 29.
1967 1109 2207 1181 Procyon
2232 1114 2569 1183 vespertinus
2594 1116 2789 1171 oritur.
2824 1115 3087 1191 [Egyptiis
3116 1128 3169 1175 et
3194 1121 3302 1177 Me-

1771 1200 1880 1251 toni
1910 1200 2193 1269 signiﬁcat.
2221 1201 2583 1272 Intemperies.

1841 1288 1926 1344 50.
1960 1290 2099 1345 Hora
2132 1308 2221 1347 xiv
2256 1295 2531 1363 splendida
2578 1296 2782 1366 Aquila:
2819 1299 3124 1366 vespertina
3156 1304 3303 1357 occi-

1770 1378 1870 1432 dit.
1896 1379 2164 1453 Aigyptiis
2188 1382 2408 1452 africus,
2430 1392 2484 1440 et
2516 1386 2655 1440 aeris
2686 1387 3046 1458 intemperies.

2234 1511 2546 1581 Ianuarius,
2578 1518 2654 1571 uel
2689 1494 2835 1589 Τῃῖἱ.

1841 1639 1898 1697 ί.
1924 1641 2065 1696 Hora
2099 1658 2189 1699 xxv
2236 1644 2399 1699 Canis
2435 1648 2771 1716 vespertinus
2824 1650 3020 1705 oritur.
3056 1650 3299 1721 Procyon

1770 1735 2105 1804 vespertinus
2166 1736 2355 1794 oritur.
2420 1736 2720 1795 Democrito
2785 1748 3074 1811 tempestas
3129 1745 3298 1815 signi-

1771 1822 1914 1881 ﬁcat.

1835 1913 1889 1968 2.
1928 1914 2055 1982 Qum
2113 1924 2194 1971 est
2227 1918 2282 1972 in
2315 1918 2512 1988 'capite
2561 1919 2906 1991 permcedentis
2956 1918 3297 1977 Geminorum

1702 1986 1745 2041 Β
1773 2008 2033 2060 matutino
2057 2008 2271 2062 occidit.
2304 1986 2799 2066 Dositheo-hiemat.

1840 2095 1892 2151 5,
1926 2096 2127 2152 Lucida
2178 2098 2380 2169 Aquilae
2436 2104 2627 2155 oritur.
2674 2101 2918 2175 Procyon
2965 2105 3295 2175 vespertinus

1771 2189 1961 2243 oritur.
1994 2188 2285 2245 Philemoni
2315 2192 2600 2263 signiﬁcat.

1840 2281 1892 2335 4.
1924 2279 2065 2335 Hora
2090 2296 2187 2335 xm
2216 2283 2393 2337 lucida
2431 2282 2599 2355 Cygni
2640 2285 2906 2341 matutino
2935 2288 3123 2342 oritur.
3170 2289 3296 2355 Qua:

1770 2379 1851 2425 est
1872 2371 1925 2425 in
1958 2373 2128 2442 capite
2158 2375 2491 2429 succedentis
2535 2375 2875 2431 Geminorum
2911 2380 3170 2435 matutino
3198 2395 3294 2455 oc-

1768 2462 1916 2516 cidit.
1966 2462 2164 2519 Lucida
2202 2465 2407 2536 Aquilae
2441 2481 2661 2538 vespere
2711 2468 2921 2523 occidit.
2960 2469 3160 2525 Lucida
3201 2487 3297 2525 au—

1768 2554 1946 2609 stralis
1976 2554 2146 2610 Piscis
2168 2559 2490 2614 occultatur.
2533 2559 2797 2631 Egyptiis
2830 2570 3118 2630 tempestas
3156 2562 3213 2615 ﬁt
3241 2563 3300 2618 in‘

1766 2646 1922 2701 mari.
1976 2645 2288 2703 Euctemoni
2332 2657 2618 2720 tempestas
2656 2654 2757 2709 sub
2794 2663 2994 2727 tempus
3035 2660 3294 2709 statutum
3336 2713 3342 2719 _

1762 2736 1955 2792 oritur.

1833 2828 1884 2883 5.
1915 2828 2057 2884 Hora
2086 2846 2175 2886 xiv
2197 2847 2314 2903 quae
2342 2834 2396 2889 in
2428 2834 2599 2905 capite
2620 2843 2702 2892 est
2733 2837 3077 2907 praecedentis
3118 2838 3292 2895 Gemi-

1764 2934 1954 2974 norum
1988 2924 2244 2978 matutina
2274 2926 2461 2980 oritur.

1830 3011 1883 3066 6.
1929 3011 2072 3067 Hora
2099 3030 2194 3069 xm
2226 3032 2343 3086 quae
2391 3017 2455 3071 ad
2484 3033 2620 3088 genu
2664 3016 2937 3090 Sagittarii
2977 3028 3062 3075 est
3100 3022 3287 3075 oritur.
3342 3030 3347 3035 ‘

1762 3100 1923 3158 Canis
1955 3106 2294 3174 vespertinus
2323 3108 2540 3163 occidit.

1814 3190 1876 3246 7.
1910 3193 2051 3250 Hora
2082 3213 2149 3251 xv
2176 3199 2350 3253 lucida
2384 3201 2590 3271 Aquilae
2623 3216 2839 3273 vespere
2863 3201 3079 3259 occidit.
3112 3201 3290 3273 Signi«

1764 3284 2061 3343 ﬁcationem
2104 3289 2262 3345 habet
2295 3290 2565 3349 Dositheo.

1831 3376 1885 3431 8.
1920 3377 2062 3433 Hora
2093 3396 2182 3435 xw
2203 3398 2319 3452 qua:
2343 3383 2396 3437 in
2426 3384 2598 3453 capite
2622 3390 2704 3439 est
2726 3380 3291 3441 antecedentis'Gemi-

1760 3482 1954 3524 norum
1982 3486 2137 3527 mane
2171 3474 2389 3539 occidit,
2429 3475 2605 3530 lucida
2660 3476 2796 3531 notii
2838 3476 3009 3533 Piscis
3052 3480 3281 3533 occulta-

1760 3561 2166 3634 turnﬁgyptiis
2198 3564 2453 3621 densatur
2477 3582 2585 3621 aer.
2770 3569 2775 3577 '

1828 3652 1878 3707 9.
1905 3651 2043 3707 liora
2072 3671 2160 3710 xiv
2189 3656 2360 3711 lucida
2398 3656 2550 3727 Lyrae
2581 3674 2803 3731 vespere
2842 3660 3055 3714 occidit.
3087 3658 3285 3713 Lucida

1759 3746 1963 3814 Aquila:
1988 3763 2207 3816 vespere
2238 3749 2453 3803 occidit.
2479 3747 2745 3821 Egyptiis
2782 3750 3064 3823 signiﬁcat.
3094 3750 3286 3809 Demo-

1757 3838 1893 3893 crito
1916 3848 2096 3894 auster
2124 3849 2180 3895 ut
2210 3841 2519 3910 plurimum.

1828 3930 1909 3984 tO.
1945 3929 2107 3986 Canis
2136 3947 2353 4002 vespere
2381 3934 2553 3988 oritur
2592 3933 2721 3989 hora
2756 3952 2809 3990 x.

1822 4023 1907 4077 11.
1941 4022 2084 4078 Hora
2120 4040 2187 4078 xv
2218 4040 2335 4094 quae
2365 4033 2446 4081 est
2491 4026 2545 4080 in
2582 4026 2754 4097 capite
2793 4025 3152 4083 antecedentis
3181 4026 3284 4082 Ge-

1754 4114 1883 4168 mini
1916 4131 2071 4170 mane
2090 4117 2304 4171 occidit.

1832 4206 1916 4261 12.
1941 4206 2081 4262 llora
2112 4223 2202 4261 xw
2228 4224 2345 4278 quin
2384 4215 2465 4275 est
2506 4210 2559 4262 in
2588 4224 2726 4279 genu
2767 4207 3039 4279 Sagittarii
3086 4210 3277 4263 oritur.

1752 4296 2055 4366 Hipparcho
2086 4306 2138 4351 et
2160 4297 2378 4353 Eudoxo
2405 4299 2621 4353 hiemat.
3154 4343 3156 4347 μ

1821 4390 1906 4441 15.
1938 4386 2078 4442 Hora
2108 4404 2195 4443 xlv
2225 4389 2498 4459 Splendida
2526 4388 2696 4445 Piscis
2725 4389 2973 4446 australis
3005 4388 3282 4444 abscondi-

1751 4488 1855 4535 tur.
1895 4477 2035 4537 Hora
2057 4499 2123 4539 xv
2149 4494 2413 4553 postrema
2444 4484 2611 4540 Fluvii
2651 4501 2870 4555 vespere
2904 4486 3092 4539 oritur.
3116 4483 3280 4554 Egy-

128 4533 365 4593 τέλλεται.
409 4544 718 4612 Αἰγυπτίοις
744 4547 889 4610 νότος
921 4547 953 4618 ἢ
985 4548 1210 4621 ζέφυρος
1230 4569 1242 4581 ·
1267 4533 1529 4625 χειμαίνει
1558 4558 1650 4610 καὶ

1755 4533 1790 4535 __
1897 4533 1900 4534 ,
2149 4533 2413 4553 rw---”
2444 4533 2464 4537 _
2664 4533 2870 4555 .--τ-η
2909 4533 3239 4554 ,ηηη-,Ἵκ

1755 4573 1874 4642 ptiis
1901 4582 2082 4629 auster
2105 4576 2187 4630 vel
2217 4576 2480 4647 zephyrus
2508 4593 2523 4643 ;
2577 4586 2862 4647 tempestas
2907 4578 3101 4633 accidit
3138 4586 3277 4629 terra

94 4678 97 4681 ,
130 4629 254 4682 κατά
275 4632 371 4699 γῆν
396 4638 490 4689 καὶ
518 4638 657 4690 κατά
688 4638 975 4694 θάλασσαν.
1278 4677 1283 4681 -

191 4718 263 4775 ιδ’.
293 4724 428 4797 Ἥρᾳ
457 4735 515 4780 ιε’
545 4732 572 4782 6
601 4731 691 4787 ἑπ“ι
716 4732 814 4802 τῆς
828 4732 1063 4804 κεφαλῆς
1093 4733 1184 4787 τοῦ
1215 4737 1471 4807 ἑπομένου
1501 4739 1647 4792 Διδύ-

134 4825 220 4901 μου
269 4814 428 4871 δύνει.
487 4821 544 4874 '0
573 4821 815 4896 λαμπρὸς
858 4825 951 4878 τοῦ
1007 4826 1284 4898 ’Υδροχόου
1324 4830 1453 4901 ἑῷος
1485 4833 1645 4887 δύνει.

131 4899 267 4957 Κύων
299 4910 543 4985 ἑσπέριος
583 4915 873 4972 ἀνατέλλει.
917 4919 1222 4987 Αἰγυπτίοις
1269 4899 1415 4987 νότος
1452 4927 1648 4999 σφόδρα

130 4996 213 5049 καὶ
228 5000 390 5067 ύετὸς.

192 5098 263 5148 ιε’.
290 5094 456 5165 Νότος
494 5102 676 5167 πολὺς,
724 5106 816 5157 καὶ
836 5107 1176 5179 ἐπισημαίνει
1214 5109 1348 5163 κατά
1381 5110 1646 5167 θάλασσαν

134 5175 307 5259 βροντὴ
331 5194 421 5246 και
443 5194 638 5265 ψακάς.

195 5284 284 5339 ις’.
312 5279 449 5358 ’Ὥρα
486 5296 544 5341 ιε’
567 5290 595 5341 ό
626 5288 868 5362 λαμπρὸς
882 5292 972 5345 τοῦ
1011 5293 1283 5365 Ὑδροχόου
1301 5294 1431 5364 ἑῷος
1471 5296 1637 5350 δύνει·

133 5365 212 5458 ita).
237 5370 262 5420 ό
291 5373 376 5429 ἐπὶ
402 5380 502 5451 τῆς
537 5382 774 5452 κεφαλῆς
808 5384 901 5436 τοῦ
930 5386 1224 5456 ἡγουμένου
1252 5386 1370 5439 Διδύ
1380 5404 1478 5457 μου
1512 5388 1642 5458 ἑῷος

134 5451 275 5514 δύνει.
301 5465 502 5543 Εὐδόξῳ
518 5451 664 5539 νότος
693 5451 1300 5551 ἐπισημαίνει-’ἀνέμων
1317 5451 1524 5548 ἀτίῑξία·

198 5635 275 5701 ιζ’.
295 5645 428 5725 Ὥρα
453 5655 682 5731 ιγ’[ιδ’]ό
707 5654 948 5732 λαμπρὸς
978 5658 1069 5712 τοῦ
1099 5661 1266 5715 νοτίου
1294 5663 1491 5735 Ἰχθύος
1512 5668 1640 5739 κρύ-

138 5739 301 5786 πτεται
308 5774 322 5789 .

200 5829 278 5917 ιη’.
301 5828 428 5905 "om
466 5836 523 5890 ιδ’
549 5841 576 5892 ὁ
608 5839 848 5911 λαμπρὸς
874 5842 971 5911 τῆς
996 5842 1172 5914 Δύρας
1193 5845 1437 5917 ἑσπέριος
1473 5849 1629 5905 δύνει.

149 5904 198 5961 ’0
219 5913 271 5970 ἑν
294 5920 366 5994 τῷ
389 5904 565 5997 γόνατι
603 5904 694 5986 τού
718 5904 938 5997 Τοξότού
970 5904 1215 6008 ἑσπέριος
1249 5904 1410 5993 δύύει.

1677 4668 1723 4722 D
1748 4665 2008 4734 marique.

1820 4757 1905 4811 14.
1944 4756 2085 4812 Hora
2117 4775 2187 4813 xv
2212 4773 2331 4828 quae
2362 4765 2443 4812 est
2472 4758 2526 4811 in
2574 4759 2750 4828 capite
2789 4757 3123 4813 succcdentis
3170 4756 3276 4811 Ge-

1745 4844 2014 4899 minorum
2068 4847 2283 4901 occidit.
2330 4846 2529 4900 Lucida
2575 4848 2799 4917 Aquarii
2847 4863 2999 4902 mane
3060 4846 3272 4901 occidit.

1744 4934 1906 4993 Canis
1938 4938 2275 5006 vespertinus
2315 4940 2507 4993 oritur.
2551 4938 2819 5010 Egyptiis
2850 4939 3136 4995 vehemens
3180 4952 3276 4991 au-

1744 5036 1853 5081 ster
1885 5043 2004 5082 cum
2032 5030 2227 5098 pluvia.
3284 5084 3288 5089 .

1810 5120 1895 5175 15.
1926 5121 2116 5175 Auster
2154 5124 2359 5193 ingens,
2411 5131 2463 5180 et
2492 5122 2756 5195 signiﬁcat
2797 5124 3010 5179 inmari
3044 5125 3268 5189 tonitru,

1740 5216 1791 5263 et
1820 5211 2026 5266 stillans
2053 5213 2257 5281 pluvia.

1814 5301 1896 5357 16.
1933 5301 2074 5357 Hora
2108 5320 2176 5359 xv
2214 5304 2389 5359 lucida
2421 5304 2638 5374 Aquarii
2667 5319 2822 5359 mane
2862 5304 3073 5359 occidit.
3141 5304 3268 5369 Quae

1740 5392 1989 5462 incapite
2027 5395 2373 5461 praecedentis
2417 5404 2499 5450 est
2546 5394 2889 5448 Geminorum
2941 5411 3092 5450 mane
3132 5400 3267 5448 occi-

1738 5485 1834 5539 dit.
1895 5485 2112 5539 Eudoxo
2170 5494 2351 5541 auster
2408 5485 2704 5555 signiﬁcat;
2757 5494 3033 5541 ventorum
3080 5485 3267 5539 incon.

1737 5579 1953 5637 stantia.

1805 5672 1896 5728 17.
1925 5669 2065 5725 Hora
2093 5685 2182 5727 xiv
2213 5670 2386 5725 lucida
2411 5670 2541 5727 notii
2568 5669 2739 5727 Pisc:s
2765 5672 3128 5727 absconditur.

1808 5846 2053 5901 18.Hora
2076 5862 2166 5899 xiv
2211 5844 2387 5900 lucida
2419 5845 2569 5916 Lyrae
2616 5859 2833 5939 vespere
2870 5844 3084 5901 occidit.
3135 5842 3261 5911 Quae

1740 5941 1793 5996 in
1822 5956 1960 6012 genu
1994 5938 2261 6009 Sagittarii
2297 5945 2377 5995 est
2406 5934 2857 6010 vespere‘occidit.
