4100 6316
733 370 852 430 ‘90;
1751 363 1839 418 AD
1869 363 2136 422 EUSEBII
2167 364 2556 425 CHRONICON
2595 367 2946 426 APPENDIX.
3854 381 3946 440 9οι

745 484 851 556 53
881 490 1116 538 extrema
1147 476 1663 546 Fluvii;'Canobus;
1699 493 1816 548 quae
1846 479 1949 534 sub
1972 479 2285 560 praecedenti

2416 482 2664 553 Ὠρίωνος
2691 501 2706 515 ο
2753 484 2941 538 Κύων*
2972 487 3000 539 6
3029 483 3273 558 λαμπρὸς
3309 483 3400 540 τοῦ
3439 487 3614 544 νοτίου
3654 490 3861 563 Ἰχθύος
3881 514 3896 529 ο
3923 501 3944 550 6

745 574 992 631 musculo
1019 571 1295 630 Centauri.

2395 571 2615 642 ἔσχατος
2656 574 2906 646 Ποταμοῦ
2932 591 2946 606 ·
2976 578 3004 628 6
3041 577 3367 646 καλούμενος
3401 580 3690 647 Κάνωϐος·
3719 587 3752 639 6
3788 589 3850 641 ἐν
3877 589 3944 640 τῶ

812 774 1074 831 Secunda:
1102 772 1486 844 magnitudinis
1517 788 1602 827 xv.

810 887 1014 942 Lucida
1053 885 1276 951 Persei;
1316 899 1435 954 qum
1473 884 1528 938 in
1567 881 1892 939 succedente
1929 883 2155 939 humero
2198 893 2284 940 est

739 981 990 1052 Aurigae;
1023 978 1198 1034 lucida
1229 978 1459 1033 borealis
1485 974 1710 1031 Corona:
1736 994 1752 1042 ;
1778 991 1898 1045 quae
1921 975 1974 1030 in
2007 977 2182 1046 capite
2208 985 2293 1032 est

739 1069 1092 1141 praecedentis
1141 1068 1392 1130 Gemini;
1441 1066 1746 1123 communis
1789 1065 1927 1137 Equi
1983 1073 2038 1122 et
2076 1066 2292 1121 Andro-

739 1163 908 1218 medae
932 1180 946 1229 ;
971 1160 1148 1216 lucida
1174 1157 1415 1230 Aquilae;
1452 1175 1570 1230 qua:
1605 1160 1658 1214 in
1698 1159 2036 1230 praecedente
2063 1157 2292 1213 humero

737 1262 821 1310 est
854 1251 1106 1320 Orionis;
1144 1252 1320 1307 lucida
1354 1251 1558 1326 llydri;
1591 1249 1770 1308 lucida
1812 1251 2044 1308 borealis
2072 1251 2287 1323 Chelas;

739 1346 914 1401 media
942 1345 1104 1401 baltei
1138 1343 1390 1411 Orionis;
1430 1343 1608 1398 lucida
1652 1344 1910 1400 australis
1931 1343 2110 1398 Chelze
2135 1359 2149 1410 ;
2179 1349 2291 1396 An-

660 1431 662 1433 ’
734 1444 879 1492 tares
905 1455 921 1507 ;
954 1451 1074 1508 qua:
1106 1442 1191 1493 est
1223 1435 1288 1491 ad
1316 1451 1456 1508 genu
1489 1433 1784 1505 Sagittarii.

799 1635 937 1690 Cum
964 1634 1158 1688 harum
1187 1633 1439 1703 qumlihet
1466 1632 1516 1686 in
1538 1646 1861 1703 unoquoque
1879 1633 2252 1703 parallelorum
2269 1672 2286 1700 ,

735 1743 789 1781 tn
842 1727 1040 1796 quibus
1097 1725 1347 1780 oriuntur
1396 1732 1450 1779 et
1510 1721 1805 1790 occidunt,
1853 1733 2086 1796 quatuor
2131 1734 2288 1796 quot-

727 1819 892 1873 annis
923 1818 1266 1887 apparentias
1295 1818 1451 1872 obeat
1477 1833 1492 1883 ;
1523 1815 1720 1871 accidit
1749 1824 1927 1871 tamen
1947 1857 1961 1880 .
1998 1826 2054 1871 ut
2082 1819 2286 1874 Canobi

733 1909 889 1963 stella
912 1949 926 1973 ,
971 1922 1184 1964 necnon
1226 1922 1347 1978 quae
1380 1906 1483 1962 sub
1521 1907 1865 1977 praecedente
1905 1914 1991 1963 est
2026 1907 2283 1964 Centauri

733 1999 1012 2067 musculo,
1066 1999 1120 2054 in
1175 1998 1308 2055 solis
1365 1999 1539 2055 tribus
1594 2015 1661 2055 ex
1705 2001 1945 2072 quinque
1993 2003 2289 2073 propositis

732 2091 1043 2160 parallelis,
1090 2097 1244 2145 ortus
1278 2105 1614 2160 occasusque
1642 2090 1838 2147 faciat:
1867 2100 2068 2164 atquae
2101 2094 2288 2148 ultima

734 2191 821 2238 est
853 2181 1030 2236 Fluvii
1061 2183 1237 2237 lucida
1256 2190 1486 2252 quatuor
1501 2182 1764 2237 duntaxat
1794 2183 1848 2237 in
1876 2183 2064 2252 primis
2091 2182 2287 2247 tribus,

731 2285 940 2332 caetera:
975 2290 1122 2330 mm
1154 2276 1325 2331 stellae
1369 2275 1422 2329 in
1455 2275 1697 2344 quinque
1738 2275 2016 2345 parallelis
2063 2275 2285 2330 faciant.

733 2370 808 2422 Ita
840 2369 1171 2439 colliguntur
1219 2369 1273 2422 in
1305 2375 1478 2421 totum
1513 2369 1845 2437 apparentia:
1875 2367 1998 2423 580.
2046 2365 2287 2434 Quarum
2315 2355 2324 2368 ’”

731 2459 1160 2529 significationes
1186 2458 1504 2530 descripsit,
1531 2473 1594 2512 ac
1622 2459 1900 2514 mandavit
1927 2459 2050 2513 huic
2080 2459 2283 2525 libello,

728 2551 1030 2606 secundum
1075 2549 1395 2622 Egyptios,
1440 2560 1494 2606 et
1540 2549 1892 2616 Dositheum,
1937 2549 2282 2622 Philippum,

729 2645 1014 2716 Calippum
1035 2685 1051 2711 ,
1074 2643 1457 2699 Euctemonem
1481 2683 1496 2709 ,
1523 2642 1785 2699 Metonem
1803 2683 1819 2708 ,
1842 2643 2114 2699 Cononem
2135 2682 2151 2708 ,
2177 2641 2287 2699 Me-

726 2737 1008 2792 trodorum
1030 2777 1046 2801 ,
1071 2735 1348 2792 Eudoxum
1369 2774 1384 2799 ,
1408 2735 1678 2792 Caesarem
1698 2775 1712 2800 ,
1735 2735 2129 2803 Democritum,
2155 2733 2285 2806 ilip—

731 2828 1011 2898 parebum.
1047 2828 1125 2882 Ex
1155 2826 1354 2898 quibus
1386 2825 1626 2897 Egyptii
1653 2826 1743 2880 hic
1776 2826 1919 2896 apud
1955 2841 2053 2881 nos
2091 2826 2283 2897 obser-

730 2926 927 2974 varunt
959 2937 971 2973 :
1021 2917 1307 2973 Dositheus
1337 2915 1608 2981 Coloniae;
1635 2913 1914 2986 Philippus
1937 2915 1989 2969 in
2015 2913 2283 2985 Pelopon-

732 3025 866 3066 neso
911 3017 964 3065 et
998 3007 1263 3072 Locride;
1297 3006 1551 3078 Calippus
1585 3006 1641 3062 in
1679 3005 2064 3078 Hellesponto;
2106 3005 2281 3062 Meton

729 3101 957 3158 Athenis
993 3107 1046 3156 et
1080 3115 1175 3168 per
1209 3099 1493 3171 Cycladas,
1518 3099 1572 3154 in
1605 3097 1913 3171 Macedonia
1931 3107 1983 3154 et
2010 3097 2277 3164 Thracia;

2389 665 2708 738 ἐμπροσθίῳ
2743 667 3014 739 βατραχίῳ
3036 668 3128 721 τοῦ
3153 669 3360 723 Κενταύ
3371 688 3482 741 ρου.

2460 777 2719 850 Δευτέρου
2753 780 3010 850 μεγέθους
3037 780 3183 834 ἄλλοι
3208 788 3288 836 ιε’.

2469 887 2530 941 '0
2564 887 2810 960 λαμπρὸς
2847 890 2939 944 τοῦ
2968 891 3217 963 Περσέως
3239 908 3252 922 ·
3282 896 3310 948 6
3345 895 3402 947 ὲν
3427 896 3504 966 τῷ
3533 897 3784 970 ἑπομένῳ
3818 900 3938 974 ὤμῳ

2387 977 2479 1030 τοῦ
2525 980 2764 1050 Ἦνιόχου
2792 998 2805 1011 ·
2836 983 2864 1034 6
2899 982 3145 1054 λαμπρὸς
3183 984 3276 1038 τοῦ
3328 986 3537 1058 βορείου
3579 990 3937 1061 Στεφάνου·ό

2385 1071 2478 1124 ἐπὶ
2509 1072 2609 1142 τῆς
2650 1074 2889 1144 κεφαλῆς
2929 1075 3022 1128 τοῦ
3067 1078 3364 1148 ἡγουμένου
3410 1076 3636 1152 Διδῦμου
3658 1099 3674 1114 ·
3709 1087 3740 1138 6
3770 1088 3936 1149 κοινὸς

2391 1164 2583 1215 Ἵππου
2630 1164 2724 1217 καλ⁵
2765 1165 3146 1236 ’Δνδρομέδαςο
3179 1170 3207 1222 6
3247 1168 3494 1241 λαμπρὸς
3523 1174 3618 1226 τοῦ
3663 1176 3854 1230 ’Δετοῦ
3879 1182 3934 1230 ’ὁ

2387 1252 2446 1304 ὲν
2489 1253 2564 1325 τῷ
2603 1256 2882 1327 ἡγουμένῳ
2914 1255 3046 1328 ὤμῳ
3075 1258 3167 1312 τοῦ
3215 1261 3488 1332 Ὠρίωνος·
3516 1265 3544 1316 6
3569 1263 3820 1336 λαμπρὸς
3853 1269 3931 1321 τοῦ

2393 1342 2587 1413 ’Ὑδρου
2608 1362 2620 1374 ·
2655 1348 2684 1398 6
2711 1345 2956 1417 λαμπρὸς
2981 1348 3079 1418 τῆς
3109 1348 3317 1420 βορείου
3351 1353 3532 1424 Χηλῆς
3559 1370 3572 1384 ⁸
3599 1357 3628 1408 6
3661 1358 3829 1428 μέσος
3849 1361 3930 1429 τῆς

2389 1434 2561 1506 ζώνης
2586 1437 2678 1488 τοῦ
2729 1437 2975 1508 Ὠρίωνος
2998 1455 3011 1469 ·
3044 1441 3077 1492 ,ό
3109 1439 3355 1512 λαμπρὸς
3384 1445 3481 1515 τῆς
3510 1447 3684 1499 νοτίου
3721 1449 3925 1521 X13353;-

2401 1526 2658 1596 Ἀντάρης
2677 1544 2688 1556 ·
2719 1528 2747 1580 6
2771 1528 2910 1582 κατὰ
2930 1528 2990 1581 τὸ
3025 1528 3152 1599 γόνυ
3177 1531 3269 1584 τοῦ
3298 1533 3543 1600 Τοξότου.

2457 1640 2670 1693 Τούτων
2708 1640 2763 1692 δὲ
2799 1640 3023 1706 ἕκαστος
3054 1643 3100 1675 ⁸⁸
3138 1645 3259 1698 καθ’
3288 1645 3382 1700 ἕνα
3418 1648 3522 1700 τῶν
3563 1649 3910 1722 παραλλήλων.

2387 1733 2444 1786 ἐν
2471 1727 2549 1796 οἷς
2573 1733 2916 1787 ἀνατέλλουσι
2946 1735 3039 1788 καὶ
3059 1730 3292 1800 δύνουσι,
3325 1738 3593 1812 τέσσαρας
3624 1742 3825 1811 φάσεις
3849 1743 3904 1797 τεῦ

2388 1823 2538 1887 ἔτους
2568 1824 2881 1894 ποιουμένου
2901 1841 2914 1855 ’
2950 1827 3040 1879 τὸν
3071 1828 3166 1898 μέν
3191 1829 3517 1900 καλούμενον
3546 1833 3830 1898 Κάνωϐον,
3851 1836 3908 1888 ιιὶ

2388 1913 2478 1966 τὸν
2511 1915 2567 1966 ἐν
2587 1907 2673 1982 ’τῷ
2697 1913 3008 1986 ἐμπροσθίῳ
3036 1915 3306 1988 βατραχίῳ
3334 1919 3426 1972 τοῦ
3459 1922 3769 1994 Κενταύρου
3802 1939 3914 1993 συμ-

2387 2002 2616 2073 ϐέϐηκεν
2641 2003 2698 2055 ἐν
2722 2003 2898 2073 μόνοις
2918 2009 2964 2072 γ’
2991 2009 3102 2070 τοῖς
3133 2005 3365 2077 πρώτοις
3394 2011 3499 2063 ἀπὸ
3516 2015 3672 2083 Διγλι
3709 2013 3820 2066 τῶν
3849 2016 3918 2068 ὲκ-

2386 2093 2649 2164 κειμένων
2682 2100 2722 2146 ε’
2763 2094 3118 2167 παραλλήλων
3157 2096 3410 2170 ἑκάτερον
3456 2103 3721 2158 ποιεῖσθαι
3761 2106 3918 2168 δυσεις

2385 2200 2443 2236 τε
2473 2183 2567 2236 καὶ
2605 2184 2866 2250 ἀνατολάς
2887 2203 2901 2217 ο
2931 2187 3020 2240 τὸν
3053 2187 3109 2241 δὲ
3141 2188 3364 2260 ἔσχατον
3394 2191 3484 2244 τοῦ
3518 2193 3768 2264 Ποταμοῦ
3795 2196 3915 2266 λαμ-

2386 2273 2519 2344 πρὸν
2541 2275 2598 2328 ἐν
2619 2276 2838 2348 τέτρασι
2861 2278 3038 2348 μόνοις
3057 2283 3167 2344 τοῖς
3186 2281 3417 2353 πρώτοις
3445 2283 3524 2348 κζ’
3555 2286 3652 2349 τέις
3672 2288 3729 2339 ἐν
3759 2291 3867 2351 10L;
3882 2289 3912 2317 "

2354 2415 2357 2418 .
2385 2373 2424 2418 ε’
2454 2368 2810 2438 παραλλήλοις
2839 2386 2853 2400 ο
2889 2371 2962 2434 ὡς
2996 2373 3315 2442 συνάγεσθαι
3342 2375 3541 2446 πλῆθος
3577 2379 3789 2446 φάσεων
3819 2387 3912 2450 φπ.

2385 2460 2493 2512 Καὶ
2520 2459 2718 2514 τούτων
2759 2463 3030 2534 ἀνέγραψε
3086 2467 3183 2529 τὰς
3226 2468 3624 2538 ἐπισημασίας,
3661 2471 3752 2524 καὶ
3799 2490 3912 2524 κατ·

2384 2549 2538 2615 ἑτιαξε
2579 2552 2720 2605 κατά
2761 2570 2818 2605 τε
2860 2555 3180 2620 Αἰγυπτίους
3205 2598 3217 2622 ,
3253 2556 3344 2610 καὶ
3368 2559 3630 2621 Δοσίθεον,
3654 2561 3909 2624 Φίλιππον,

2383 2641 2684 2706 Κάλιππον,
2712 2643 3049 2715 Εὐκτήμονα,
3084 2646 3308 2699 Μέτωνα
3327 2685 3342 2712 ,
3374 2648 3610 2714 Κόνωνα,
3640 2650 3908 2721 Μητρόδω-

2387 2748 2496 2804 ρον,
2527 2732 2768 2801 Εὓδοξον,
2792 2734 3060 2807 Καίσαρα,
3083 2737 3434 2808 Δημόκριτον,
3462 2740 3772 2811 Ἵππαρχον.
3798 2742 3908 2795 Τού-

2381 2840 2488 2876 των
2520 2825 2576 2878 δέ
2605 2825 2887 2894 Αἰγύπτιοι
2927 2826 3191 2898 ἐτήρησαν
3234 2831 3360 2898 παρ’
3395 2830 3524 2901 ἡμῖν
3545 2846 3562 2862 ·
3591 2831 3826 2896 Δοσίθεος
3860 2832 3908 2884 δὲ

2382 2915 2440 2967 ἐν
2470 2914 2774 2986 Κολωνείᾳο
2796 2916 3052 2981 Φίλιππος
3079 2919 3137 2971 ἐν
3164 2918 3546 2990 Πελοποννήσῳ
3576 2919 3667 2974 καὶ
3689 2922 3902 2992 Λοκρίδιο

2382 3005 2664 3071 Κάλιππος
2695 3007 2752 3060 ἐν
2767 3006 3155 3080 Ἑλλησπόντῳ·
3183 3011 3372 3064 Μέτων
3407 3010 3672 3082 Ἀθήνῃσι,
3693 3012 3780 3065 καὶ
3802 3015 3904 3074 ταῖς

2382 3098 2646 3164 Κυκλάσι,
2673 3101 2764 3152 καὶ
2795 3100 3118 3172 Μακεδονίᾳ,
3152 3103 3244 3154 καὶ
3275 3101 3458 3172 Θρᾴκῃ
3483 3119 3497 3132 °
3533 3104 3713 3156 Κόνων
3750 3105 3800 3156 δὲ
3825 3104 3902 3158 καὶ

733 3197 920 3251 Conon
961 3201 1014 3250 ct
1047 3161 1384 3249 bielrodorus
1429 3161 1488 3246 in
1518 3165 1997 3253 ltalia;‘Eudoxus
2027 3190 2083 3245 in
2117 3161 2279 3255 Asia,

2382 3161 2736 3261 Μητρόδωρος
2767 3191 2823 3242 ἐν
2864 3161 3753 3262 ’ΪταλίᾳίγΕὖδοξοςιένηἌσίαααὶ
3774 3197 3900 3248 Σικε-

734 3287 952 3351 Sicilia,
982 3293 1036 3343 et
1079 3285 1267 3348 Italia;
1301 3283 1646 3354 Hipparchus
1674 3282 1729 3337 in
1752 3281 2038 3354 Bithynia;
2083 3281 2279 3337 Metro~

734 3378 902 3434 dorus
934 3378 990 3433 in
1033 3375 1345 3432 Macedonia
1383 3385 1435 3430 et
1473 3373 1728 3430 Thracia.
1776 3373 1900 3430 ideo
1941 3375 2280 3444 potissimum

731 3470 1145 3527 accommodare
1186 3475 1392 3539 Oportet
1442 3466 1824 3538 Egyptiorum
1859 3465 2222 3538 signiﬁcation
2256 3481 2283 3521 s

732 3565 798 3619 ad
827 3580 922 3620 eos
944 3571 1192 3626 tractus,
1223 3561 1316 3632 qui
1355 3560 1481 3616 huic
1511 3559 1773 3630 parallelo
1801 3567 2146 3630 congruunt:
2179 3557 2283 3612 hoc

725 3662 814 3710 est
842 3654 932 3709 ubi
963 3653 1312 3722 longissimus
1355 3651 1470 3706 dies
1511 3657 1594 3705 est
1638 3649 1896 3704 horarum
1935 3647 2284 3720 aequinoctia-

732 3746 863 3800 lium
896 3761 1013 3809 xiv;
1050 3742 1286 3798 Dosithei
1317 3757 1444 3796 vero
1465 3749 1519 3796 et
1545 3740 1770 3812 Philippi
1801 3741 1866 3796 ad
1888 3755 1981 3797 eas
2003 3741 2280 3812 regiones,

729 3853 963 3910 quarum
1007 3837 1124 3892 dies
1172 3835 1439 3890 maximus
1469 3842 1551 3890 cst
1579 3834 1834 3888 horarum
1866 3849 1959 3888 liv
2000 3833 2136 3904 1/2;
2165 3834 2283 3890 illas

730 3946 862 3988 vero
893 3929 1213 3992 Democriti,
1243 3926 1507 3990 Cwsaris,
1551 3923 1840 3996 Hipparchi
1865 3963 1879 3988 ,
1913 3922 1980 3978 ad
2023 3938 2087 3979 ea
2125 3924 2242 3979 loca
2263 3963 2278 3987 ,

733 4023 826 4078 ubi
858 4022 1126 4076 maximus
1154 4020 1270 4076 dies
1298 4026 1382 4076 est
1416 4019 1670 4073 horarum
1693 4015 2151 4086 aequinoctialium
2181 4030 2280 4079 xv;

727 4113 938 4184 Calippi
961 4120 1137 4167 autem
1159 4151 1175 4174 ,
1199 4109 1405 4164 Eudoxi
1431 4148 1446 4171 ,
1468 4106 1700 4162 Metonis
1717 4150 1731 4172 ,
1758 4105 2103 4162 Euctemonis
2125 4142 2141 4168 ,
2172 4102 2284 4157 Mc-

733 4201 938 4258 trodori
959 4241 973 4264 ,
1000 4199 1239 4255 Cononis
1259 4239 1272 4261 ,
1300 4196 1659 4252 communiter
1687 4195 1752 4250 iis
1779 4193 2119 4266 regionibus,
2142 4206 2282 4261 qua-

733 4307 855 4347 rum
907 4292 1024 4347 dies
1071 4289 1416 4362 longissimus
1464 4287 1607 4344 inter
1660 4286 1820 4343 horas
1873 4284 2278 4342 aequinoctiales

732 4399 823 4439 xw
855 4380 958 4453 {/2
982 4391 1034 4438 et
1065 4398 1130 4436 xv
1158 4381 1482 4436 continetur.

2379 3281 2487 3350 λίᾳ,
2514 3279 2606 3334 καὶ
2639 3279 2832 3352 Ἰταλίᾳ
2855 3297 2868 3310 ·
2891 3282 3188 3352 Ἵππαρχος
3211 3284 3266 3335 ἐν
3297 3282 3546 3354 Βιθυνίᾳ·
3575 3283 3899 3356 Μητρόδωρος

2380 3374 2436 3426 ἐν
2460 3371 2761 3444 Μακεδονίᾳ
2801 3371 2892 3428 καὶ
2908 3373 3112 3448 Θρᾴκῃ.
3129 3374 3217 3428 Διὸ
3231 3375 3292 3446 δὴ
3314 3376 3544 3446 μάλιστα
3566 3375 3840 3448 ἐφαρμόζει
3859 3376 3895 3408 ³³

2380 3463 2476 3528 τὰς
2504 3466 2599 3536 μὲν
2629 3465 2738 3519 τῶν
2766 3466 3071 3536 Αἰγυπτίων
3115 3468 3478 3540 ἐπισημασίας
3515 3472 3633 3534 ταῖς
3658 3470 3774 3541 περὶ
3796 3468 3894 3522 τοῦ·

2379 3573 2467 3609 τον
2495 3557 2585 3611 τὸν
2612 3557 2948 3629 παράλληλον
2990 3557 3192 3630 χώραις
3213 3575 3226 3590 ’
3266 3559 3505 3613 τουτέστι
3535 3559 3653 3613 καθ’
3679 3561 3734 3613 ὃν
3757 3561 3786 3630 ἡ
3813 3553 3891 3630 μέ·

2381 3648 2542 3718 γίστη
2563 3647 2672 3700 τῶν
2698 3647 2916 3720 ἡμερῶν
2940 3647 3096 3720 ὡρῶν
3125 3649 3238 3700 ἐστι
3271 3649 3331 3701 ιδ’
3361 3649 3710 3722 ίσημερινῶνο
3734 3651 3819 3712 τὰς
3845 3648 3888 3700 δέ

2379 3739 2623 3792 Δοσιθέου
2659 3738 2751 3792 καὶ
2774 3739 3056 3804 Φιλίππου,
3088 3738 3205 3792 καθ’
3231 3739 3288 3792 ὃν
3325 3740 3468 3792 ἐστιν
3498 3741 3533 3810 ἡ
3569 3739 3779 3810 μεγίστη
3802 3737 3886 3792 τῦν

2379 3831 2597 3904 ἡμερῶν
2629 3831 2786 3904 ώρῶν
2838 3831 2962 3886 t6'S"
2985 3848 2998 3861 '
3034 3830 3130 3895 τὰς
3158 3830 3214 3884 δὲ
3240 3831 3571 3902 Δημοκρίτου
3599 3833 3689 3885 καὶ
3718 3831 3882 3884 Καίσαο

2383 3939 2504 3993 ρος,
2552 3924 2644 3976 καὶ
2689 3924 3013 3995 Ἱππάρχου,
3055 3921 3173 3975 καθ’
3221 3921 3280 3975 δν
3324 3922 3416 3975 καὶ
3461 3922 3496 3993 ἠ
3549 3922 3763 3992 μεγίστη
3800 3921 3874 3973 τῶν

2378 4009 2596 4082 ἡμερῶν
2633 4009 2790 4081 ώρῶν
2824 4012 2970 4064 ἐστιν
3018 4009 3339 4081 ἰσημερινῶν
3379 4017 3437 4064 ιε’
3459 4027 3474 4041 ⁸
3509 4011 3606 4075 τὰς
3629 4013 3684 4065 δὲ
3717 4011 3866 4065 Keilii:-

2379 4114 2482 4152 που
2508 4141 2522 4163 ,
2554 4101 2645 4154 καὶ
2681 4101 2904 4166 Εὐδόξου
2929 4141 2942 4164 ,
2978 4099 3068 4154 καὶ
3099 4101 3345 4164 Μέτωνος
3367 4139 3382 4165 ,
3415 4101 3510 4154 καὶ
3545 4103 3867 4172 Elim-ﬁgam.

2381 4189 2473 4241 καὶ
2498 4187 2854 4260 Μητροδώρου
2909 4190 3000 4242 καὶ
3025 4189 3268 4254 Κόνωνος
3300 4191 3487 4256 κοινῶς
3505 4232 3520 4257 ,
3552 4193 3667 4247 καθ’
3691 4191 3775 4254 οὓς
3801 4188 3876 4244 ἀπὸ

2384 4279 2511 4333 t6’S"
2566 4281 2889 4352 ἰσημερινιῖΝ
2928 4281 3031 4346 ἕως
3075 4290 3134 4334 ιε’
3162 4283 3410 4338 διατείνει
3451 4285 3513 4338 τὸ
3558 4284 3763 4356 μέγεθος
3794 4282 3881 4338 τῶν

2375 4372 2648 4443 ’μεγίστων
2689 4373 2924 4444 ἡμερῶν.

797 4583 845 4618 ⁸⁸
871 4563 1196 4651 [ςέκάστου.
1281 4580 1325 4616 ⁸’
1358 4576 1396 4652 f.
1428 4579 1552 4645 τοὺς
1584 4579 1640 4634 δὲ
1664 4579 1743 4644 κζ’
1764 4580 1822 4636 ἐν
1846 4579 1974 4644 τοῖς.
2048 4577 2095 4611 ⁸³
2135 4578 2176 4647 f.
2205 4577 2302 4645 δεῖ,
2333 4583 2386 4632 et
2417 4574 2768 4647 ἐφαρμόζειν.
