4100 6316
151 503 266 559 905
1274 508 1639 565 PTOLEMIEI
1681 509 1766 564 DE
1804 511 2275 568 APPARENTIIS.
3273 519 3377 577 906

1667 707 3342 736 —___.___—________

1086 868 1221 993 C.
1323 870 1464 988 L.
1597 869 2441 995 PTOLEMXEI

858 1122 1407 1183 [NERRANTIUM
1470 1123 1944 1184 STELLARUM
2004 1126 2712 1204 SIGNIFICATIONES,

988 1315 1104 1374 Per
1133 1308 1456 1371 Nicolaum
1488 1309 1833 1373 Leonicum
1865 1330 1898 1373 e
1930 1312 2142 1373 Graeco
2173 1312 2508 1374 translatis.

1745 1570 1815 1582 _

649 1675 753 1747 54
784 1675 1183 1735 JANUARIUS.

1745 1684 1790 1738 Α
1818 1675 1889 1730 vi.
2034 1675 2292 1730 Austrum
2334 1679 2538 1734 clarum
2575 1683 2625 1736 in
2652 1694 2864 1752 pectore
2898 1687 3092 1745 Leonis
3121 1696 3367 1754 occidere

2098 1770 2317 1839 incipit,
2345 1770 2584 1827 Fidicula
2606 1780 2814 1845 vesperi
2838 1782 3071 1847 occidit,
3098 1785 3187 1840 ﬂat
3207 1789 3368 1858 Aqui-

2092 1860 2178 1925 lo,
2210 1870 2264 1914 et
2295 1859 2560 1916 interdum
2594 1868 2751 1934 pluit.

1815 1965 1867 2004 ν,
2035 1947 2328 2003 Ventorum
2364 1967 2662 2011 concursus
2697 1974 2816 2013 cum
2849 1963 3084 2020 nivibus.

1815 2040 1886 2093 iv.
2031 2039 2328 2108 Delphinus
2362 2044 2609 2099 occidere
2642 2049 2854 2120 incipit.

1814 2127 1893 2182 iii.
2026 2127 2268 2182 Fidicula
2313 2132 2455 2184 circa
2500 2136 2725 2202 primam
2767 2140 2936 2195 facem
2972 2154 3124 2213 parte
3158 2150 3238 2202 sui
3271 2164 3364 2203 oc-
3456 2153 3458 2156 ’

2089 2218 2268 2273 cidere
2309 2220 2529 2291 incipit,
2559 2228 2845 2286 vehemens
2875 2232 2965 2287 ﬂat
3007 2237 3201 2305 Aquilo
3239 2252 3363 2293 cum

2089 2310 2278 2365 imbre.

1813 2418 1896 2456 an.
2024 2404 2229 2460 Imbres
2255 2421 2378 2461 cum
2409 2409 2625 2465 nivibus
2657 2414 2898 2480 permisti
2926 2415 3163 2471 cadunt-

149 1806 230 1860 Κ.
375 1807 468 1862 Sol
502 1808 700 1863 elevari
734 1811 970 1886 incipit,
996 1810 1325 1878 iongiusculi
1376 1809 1511 1865 ﬂunt
1553 1812 1670 1865 dies
1696 1851 1709 1874 ,

446 1900 639 1968 Aquila
669 1909 720 1955 et
751 1901 928 1955 Coron
992 1901 1245 1955 occidunt
1267 1941 1280 1967 ,
1310 1908 1717 1971 tempestatem-

446 2006 548 2060 que
575 1991 828 2046 eﬂiciunt.

151 2082 231 2136 Iv.
375 2079 467 2134 Sol
499 2082 671 2151 magis
697 2082 971 2146 ascendit,
999 2080 1193 2136 Cancri
1224 2082 1457 2137 medium
1479 2083 1712 2148 occidit,

441 2175 691 2241 ventique
721 2161 946 2241 poliunt.

151 2261 238 2315 iii.
373 2260 656 2330 Reliquum
685 2262 876 2316 Cancri
909 2263 1135 2329 occidit,
1170 2270 1223 2319 et
1254 2263 1438 2319 varius
1473 2262 1620 2318 aeris
1656 2262 1712 2316 ﬁt

446 2351 623 2407 ﬂatus.

154 2457 245 2496 pa.
378 2440 561 2497 Hiems
594 2443 873 2497 dimidiata
899 2482 912 2506 ,
946 2443 1240 2511 Aquilones
1274 2441 1553 2506 continui,
1588 2442 1714 2496 Del-

440 2535 636 2602 phinus
671 2548 791 2586 cum
829 2531 976 2586 Cane
1003 2534 1175 2585 oritur
1208 2533 1497 2585 matutino.
2487 2519 2675 2588 XXXI.

153 2622 318 2678 NON.
372 2623 612 2678 Fidicula
642 2624 910 2687 exoritur,
937 2623 1125 2692 Aquila
1153 2623 1382 2685 o’ccidit,
1412 2621 1710 2690 Delphinus
2355 2610 2810 2666 FEBRUARIUS.

443 2723 584 2768 totus
609 2715 867 2783 emergit,
890 2721 1279 2781 ventorumque
1306 2712 1362 2764 ﬁt
1388 2726 1705 2767 concursus.
1809 2715 1879 2768 K.
2025 2714 2328 2772 Obscurum
2369 2728 2577 2774 astrum
2623 2735 2876 2793 apparet,
2914 2729 3110 2783 Auster
3141 2738 3194 2784 et
3226 2731 3358 2787 Vul-

154 2806 271 2860 vili.
382 2805 572 2875 Aquila
601 2805 810 2874 vesperi
838 2805 1068 2866 occidit,
1100 2802 1191 2856 ﬂat
1221 2804 1436 2858 Auster.
2083 2813 2280 2862 turnus
2311 2806 2459 2864 ﬂant.
2499 2811 2740 2867 Fidicula
2769 2818 3016 2872 occidere
3047 2821 3252 2890 incipit.

153 2894 253 2948 vii.
364 2893 771 2962 Septentriones
824 2900 878 2947 et
907 2892 1102 2962 Aquilo
1131 2891 1477 2946 vehementer
1519 2889 1708 2946 ﬂantes
1808 2893 1879 2945 iv.
2024 2893 2131 2949 Aer
2159 2911 2380 2952 crassus
2407 2910 2520 2961 est,
2552 2901 2826 2960 Favonius
2851 2905 2980 2961 ﬂare
3011 2889 3216 2980 incipit.

439 2991 794 3038 concurrunt.
1739 3015 1780 3068 B
1810 2985 1886 3037 iii.
2029 2984 2261 3041 Medium
2305 2988 2501 3046 Leonis
2548 3006 2671 3046 cum
2722 2994 2964 3052 Fidicula
2999 3003 3227 3069 occidit,
3263 3006 3359 3060 Se-

151 3070 232 3125 vi.
375 3070 560 3127 Martis
589 3072 916 3125 domicilium
940 3110 954 3135 ,
987 3073 1183 3126 Auster
1225 3081 1280 3124 et
1320 3069 1591 3122 Favonius
1635 3069 1709 3122 si-
2086 3082 2421 3147 ptentriones
2452 3092 2505 3138 et
2532 3085 2729 3154 Aquilo
2757 3086 2911 3142 ﬂant.

313 3223 354 3234 ι
438 3161 548 3215 mul
577 3159 706 3215 ﬂant
727 3201 741 3226 ,
774 3161 1136 3231 Capricornus
1166 3173 1438 3228 emergere
1480 3159 1705 3228 incipit,
1807 3178 1891 3217 pn.
2017 3166 2312 3238 Delphinus
2339 3174 2569 3240 occidit,
2598 3176 2796 3231 Auster
2824 3183 3032 3250 vesperi
3069 3183 3357 3243 violentior

437 3253 615 3321 pluvia
641 3253 801 3307 simul
830 3262 883 3308 et
913 3254 1084 3323 caligo
1113 3252 1444 3321 vespertino.
1618 3286 1621 3288 -
2081 3262 2169 3325 ﬁt,
2201 3269 2255 3316 et
2282 3264 2436 3331 pluit.

150 3343 256 3408 v.“_‘
381 3342 576 3398 Auster
601 3344 696 3399 ﬂat
727 3361 850 3399 cum
877 3347 1078 3415 pluvia.
1805 3342 1961 3401 NON.
2014 3347 2160 3403 Zona
2195 3349 2414 3407 Orionis
2444 3359 2696 3427 emergit,
2726 3358 2977 3426 turbidus
3010 3372 3092 3419 est
3123 3381 3218 3422 aer
3247 3366 3353 3422 Fa-

152 3435 227 3492 iv.
369 3432 589 3490 Pluvius
620 3434 710 3488 ﬂat
737 3438 934 3491 Auster
961 3437 1268 3490 violentior.
1862 3500 1865 3504 ι
2080 3440 2224 3493 vonii
2255 3439 2403 3497 ﬂatu.
2514 3435 2523 3443 ’

151 3525 235 3579 iii.
377 3524 684 3595 Septentrio
727 3528 896 3581 multo
939 3527 1111 3581 imbre
1156 3535 1209 3581 et
1253 3539 1445 3595 aspera
1495 3531 1703 3594 tempe-
1804 3525 1919 3582 viii.
2016 3527 2256 3584 Fidicula
2286 3534 2510 3600 occidit,
2542 3547 2596 3591 et
2622 3536 2890 3596 Favonius
2920 3545 2986 3597 ab
3016 3560 3210 3602 occasu
3241 3549 3350 3604 ﬂat.

436 3623 574 3670 state
601 3616 708 3669 ﬂat.
1803 3616 1897 3670 vii.
2014 3617 2170 3674 Veris
2201 3621 2412 3677 initium
2437 3665 2451 3689 ,
2489 3624 2759 3684 Favonius
2792 3633 2981 3700 spirat.

150 3720 242 3760 ει,
371 3706 567 3761 Auster
599 3709 786 3777 spirat.
849 3709 852 3711 ’
1803 3706 1874 3760 vi.
2024 3707 2292 3765 Favonius
2321 3721 2373 3765 et
2401 3715 2594 3782 Aquilo
2626 3719 2847 3786 spirant.

150 3793 242 3849 ID.
359 3793 577 3850 Astrum
609 3798 929 3859 obscurum,
963 3796 1134 3865 prima
1169 3793 1288 3848 Mali
1319 3811 1444 3865 pars
1471 3796 1699 3863 occidit,
1802 3813 1856 3851 v.
2017 3796 2323 3852 Obscurum
2353 3813 2559 3856 astrum
2583 3845 2595 3868 ,
2628 3811 2855 3878 emergit
2881 3810 3172 3881 Aquarius.

434 3896 596 3942 noctu
625 3889 784 3942 etiam
817 3889 970 3958 pluit.
1802 3891 1872 3944 iv.
2019 3891 2321 3964 Septentrio
2345 3912 2468 3952 cum
2495 3900 2732 3956 Favonio
2756 3901 2867 3966 ﬂat,
2895 3904 3162 3961 interdum
3188 3910 3351 3967 etiam

151 3977 266 4030 xix.
366 3977 583 4033 Astrum
624 3981 916 4034 obscurum
945 4023 959 4047 ,
1016 3981 1157 4033 varia
1200 3979 1483 4048 Aquilonis
1511 3984 1564 4032 et
1603 3977 1702 4031 Se-
2080 3985 2234 4052 pluit.

431 4072 752 4140 ptentrionis
803 4072 1201 4137 inconstantia;
1261 4070 1370 4125 Leo
1429 4070 1699 4123 occultari
1802 4071 1882 4124 iii.
2015 4073 2348 4134 Subsolanus
2376 4079 2578 4148 spirat,
2608 4091 2661 4135 et
2689 4084 2954 4140 Arcturus
2981 4087 3173 4141 oritur.

432 4162 653 4230 incipit;
687 4163 878 4230 pluvia:
909 4160 1062 4214 ﬁunt.
1801 4178 1883 4214 ra.
2007 4163 2301 4220 Ventorum
2335 4185 2635 4228 concursus
2665 4180 2716 4226 et
2751 4190 2948 4243 pugna.

150 4249 306 4303 xviii.
362 4249 663 4318 Septentrio
690 4260 742 4303 et
773 4250 966 4319 Aquilo
1001 4251 1345 4305 vehementes
1371 4249 1526 4304 ﬂant.
1802 4249 1886 4302 ID.
1995 4249 2315 4321 Sagittarius
2338 4261 2543 4327 vesperi
2569 4260 2793 4322 occidit,
2824 4268 3114 4329 tempestas
3137 4277 3351 4333 aspera.

151 4339 286 4392 xvii.
363 4337 454 4392 Sol
485 4340 539 4391 in
573 4339 840 4409 Aquario,
875 4340 1171 4395 Vulturnus
1201 4355 1321 4393 cum
1355 4342 1556 4410 pluvia.
1726 4338 1766 4394 C
1802 4341 1907 4393 xvi.
2000 4343 2206 4398 Crater-
2229 4349 2439 4416 vesperi
2484 4351 2654 4402 oritur
2680 4357 2752 4414 et,
2785 4355 3127 4408 commutatis
3155 4359 3352 4426 ventis,

150 4432 263 4485 xvi.
358 4431 597 4488 Fidicula
622 4434 868 4488 occidere
893 4434 1078 4502 incipit
1107 4435 1390 4496 matutino,
1411 4439 1699 4487 ventorum
2079 4445 2296 4504 superat
2323 4438 2537 4492 Auster.

435 4542 732 4582 concursus
761 4525 910 4580 ﬁunt.
1804 4537 1890 4573 xv.
2016 4521 2106 4576 Sol
2141 4528 2193 4579 in
2227 4529 2498 4595 piscibus,
2531 4529 2732 4585 hiemat
2765 4546 2876 4586 aer.

151 4634 242 4671 xv.
367 4616 474 4671 Leo
495 4625 557 4673 et.
571 4617 863 4687 Delphinus
883 4616 1146 4668 matutino
1169 4615 1455 4669 occidunt:
1481 4615 1696 4684 Aquilo,
1803 4611 1910 4662 xiv.
2012 4611 2315 4684 Septentrio
2342 4617 2434 4670 ﬂat
2463 4633 2587 4671 cum
2617 4619 2836 4675 Austro.
2870 4621 2960 4676 Sol
2989 4639 3181 4679 n0vus.

435 4704 740 4777 Septentrio
777 4713 830 4760 et
867 4706 1063 4760 Auster
1088 4713 1417 4759 concurrunt
1437 4747 1451 4771 ,
1483 4706 1704 4775 pluviae—
1805 4699 1918 4753 xiii.
2002 4700 2165 4772 Virgo
2186 4706 2384 4760 occidit
2407 4707 2559 4774 juxta
2587 4707 2859 4765 Geminos.
2888 4712 3081 4769 Auster
3107 4712 3196 4767 ﬂat
3221 4729 3349 4774 cum

432 4811 534 4864 que
565 4795 716 4850 ﬁunt.
1274 4801 1279 4808 ’
2077 4791 2314 4848 Favonio
2341 4805 2394 4849 et
2423 4797 2707 4864 Aquilone.

156 4885 265 4937 xiv.
369 4881 662 4938 Conversio
703 4891 756 4939 et
791 4885 982 4939 hiemis
1013 4883 1270 4938 medium.
1803 4880 1896 4935 xii.
2008 4881 2110 4952 55
2140 4884 2307 4939 Malus
2352 4889 2563 4956 vesperi
2593 4890 2811 4947 occidit.
2843 4887 3110 4948 Favonius
3151 4896 3343 4964 spirat,

156 4974 270 5028 xiii.
371 4973 562 5042 Aquilo
593 4974 682 5027 ﬂat
714 4985 764 5028 et
794 4977 1007 5036 Auster,
1043 4975 1276 5028 medium
1314 4972 1512 5029 Cancri
1541 4975 1699 5030 ccci-
1772 4991 1773 4994 ‘
2079 4982 2132 5026 et
2160 4969 2323 5043 Virgo
2352 4978 2598 5032 occidere
2637 4981 2844 5050 incipit.

434 5064 539 5128 dit,
572 5065 838 5133 Aquarius
871 5081 1141 5135 emergere
1171 5065 1382 5133 incipit.
1802 5060 1875 5114 xi.
1991 5061 2294 5133 Septentrio
2322 5079 2370 5119 et
2395 5068 2591 5123 Auster
2612 5070 2738 5124 ﬂant
2775 5091 2786 5123 :
2825 5071 2995 5128 Malus
3017 5077 3341 5131 occultatur.

161 5154 251 5207 xii.
362 5155 630 5223 Aquarius
675 5162 818 5208 totus
861 5158 1120 5225 emergit,
1149 5154 1364 5208 Africus
1406 5155 1612 5223 spirat,
1645 5163 1698 5210 et
1801 5167 1855 5204 ι.
1997 5155 2191 5223 Aquilo
2228 5157 2504 5222 pluviosus
2538 5163 2725 5229 spirat.
2761 5161 2871 5216 Leo
2915 5166 3134 5220 occidit.
3173 5168 3342 5234 Aqui-

434 5246 589 5314 pluit.
2078 5244 2227 5298 Iones
2260 5246 2561 5302 Chelidonii
2587 5249 2835 5317 appellati
2857 5253 3142 5325 incipiunt,
3176 5263 3229 5306 et
3249 5270 3343 5322 per

161 5335 260 5390 xi..
372 5335 613 5389 Fidicula
630 5351 750 5390 cum
766 5335 971 5389 Cancro
987 5337 1210 5402 occidit,
1233 5345 1284 5390 et
1308 5335 1511 5403 vesperi
1532 5335 1690 5402 pluit.
1967 5350 2016 5396 χ
2077 5337 2423 5398 quatriduum
2457 5340 2601 5390 ﬂant.
2633 5338 2961 5396 Hirundines
2989 5355 3268 5411 apparent.

162 5441 211 5478 ι,
368 5424 560 5493 Aquilo
591 5427 681 5481 na;
714 5444 833 5481 cum
867 5429 1068 5496 pluvia.
1800 5422 1871 5475 ix.
2010 5424 2270 5480 Arcturus
2299 5429 2440 5480 circa
2466 5428 2690 5495 primam
2715 5431 2946 5499 vigiliam
2989 5432 3233 5486 occidere
3261 5449 3344 5484 In-

163 5517 229 5568 ix.
368 5512 577 5568 Hiemat
617 5517 769 5582 dies,
800 5519 1174 5573 vehementius
1221 5517 1349 5570 ﬂant
1391 5514 1592 5585 Aquilo
1640 5525 1693 5570 et
2074 5516 2222 5583 cipit,
2280 5516 2547 5572 Favonius
2607 5521 2794 5588 spirat,
2886 5535 3101 5591 noxque
3157 5523 3340 5577 nubila

436 5603 752 5661 Vulturnus.
2068 5608 2308 5662 exsistito

163 5695 268 5750 viii.
369 5696 682 5766 Tempestas
709 5699 989 5762 turbidior,
1023 5699 1181 5753 iidem
1208 5699 1335 5752 ﬂant
1363 5700 1525 5753 venti.
1726 5663 1772 5716 Β
1804 5694 1914 5749 viii.
2004 5693 2279 5766 Halcyonii
2309 5697 2552 5765 appellati
2581 5700 2714 5753 dies.
2882 5776 2886 5777 ν

168 5783 250 5838 vii.
374 5785 584 5840 Hiemat
611 5785 756 5848 dies,
787 5789 947 5842 iidem
977 5788 1103 5841 ﬂant
1129 5789 1302 5852 venti,
1328 5789 1563 5843 Fidicula
1598 5805 1694 5846 oc-
1801 5784 1893 5836 νίἱ-
2005 5786 2176 5840 Corus
2213 5795 2264 5840 et
2292 5787 2485 5856 Aqnilo
2515 5790 2672 5843 simul
2703 5789 2852 5844 ﬂant.

437 5875 612 5938 cidere
644 5875 848 5944 incipit.
1801 5879 1870 5930 vi.
2004 5878 2271 5945 Aquarius
2288 5877 2426 5935 'oriri
2459 5882 2664 5951 incipit,
2696 5889 2747 5935 et
2775 5884 2928 5952 pluit.

468 5967 732 6026 Ρλτιιοι..
774 5967 888 6026 Gn.
928 5967 1095 6030 XIX.

2994 5972 3072 6032 29
