4100 6316
816 447 919 504 sor
1822 442 1914 499 AD
1951 442 2216 501 susse“
2248 442 2644 502 CHRONICON
2678 444 3053 502 APPENDIX.
3921 446 4001 502 eos
4068 412 4069 449 ῖ

816 580 869 616 v.
1014 562 1278 618 Arcturus
1314 562 1539 633 emergit
1578 570 1631 616 et
1659 563 1814 632 pluit.
2401 575 2448 629 Α
2908 606 2911 609 »
3104 583 3391 641 Apulus,

820 657 892 710 iv.
1011 658 1276 710 Arcturus
1296 656 1471 710 oritur
1492 657 1781 711 matutino.

818 748 897 802 iii.
1022 746 1195 801 Malus
1235 747 1447 817 vesperi
1480 746 1699 802 occid“.
2471 719 2535 774 κς
2685 722 2944 817 Scorpius
2966 720 3167 817 occidit
3192 739 3224 817 ἰ
3244 719 3336 774 Sol
3366 718 3715 817 diei-partem
3746 732 3902 817 unam
3926 717 3997 771 ad-
4068 800 4069 803 η

819 855 904 894 ιιι.
1020 838 1292 893 Favonius
1313 809 1418 893 late
1441 838 1628 907 spirat.
1660 836 1871 893 Vernus
1898 845 1981 892 est
2011 836 2147 891 dies.
2752 814 2857 912 ξξίι·
2882 812 3164 912 ἥίᾷυηωξίῗ
3192 810 3319 912 “in”
3340 810 3658 912 “ebf’loif’m
3690 818 3777 909 fis}
3804 809 3994 912 θῗεῖίπηξ
4068 832 4069 837 “

1483 899 1695 1003 XXVI"
2752 902 3003 971 Vergilias
3032 901 3165 954 oriri
3205 906 3259 954 et
3298 899 3710 968 prmsigniﬁcari
3748 899 3993 966 incipiunt.
4068 954 4069 957 η

1703 992 1714 1003 ’
2374 989 2384 996 ’
2475 1013 2545 1051 iv.
2683 993 2990 1049 Nebulosus
3022 1006 3115 1047 aer
3144 1004 3241 1060 per
3274 1004 3460 1043 omnes
3490 995 3683 1043 terras.

1418 1060 1756 1163 'MARTIUS.‘
2476 1086 2555 1137 iii,
2678 1081 2924 1153 Vergiliae
2953 1080 3209 1141 occidunt
3254 1064 3582 1148 vespertino.

822 1175 893 1233 Κ.
1033 1179 1231 1233 Auster
1261 1184 1314 1233 et
1347 1177 1567 1233 Africus
1596 1177 1759 1232 simul
1790 1178 2023 1247 spirant.
2477 1191 2561 1229 vn.
2672 1172 2791 1226 Fiat
2828 1172 3068 1227 Africus.

822 1268 897 1323 vi.
1034 1266 1403 1322 Vindemiator
1425 1285 1685 1339 apparere
1708 1269 1918 1339 incipit.
1946 1269 2143 1338 Aquilo
2170 1268 2379 1339 gelidus
2477 1263 2636 1319 NON.
2684 1264 2955 1319 Favonius
2980 1264 3174 1334 spirat.

1102 1355 1205 1412 ﬂat.
1243 1358 1507 1414 Arcturus
1548 1360 1746 1415 occidit
1777 1361 2068 1414 matutino.
2477 1358 2589 1413 viii.
2683 1357 2897 1412 Suculas
2920 1364 3204 1428 emergunt
3237 1376 3249 1411 :
3283 1356 3584 1427 pluviaeque
3613 1354 3681 1409 ab
3710 1354 3901 1409 Austro
3927 1355 3995 1407 de-

825 1467 881 1505 v.
1032 1448 1139 1503 Aer
1168 1449 1470 1515 nimbosus,
1528 1459 1581 1507 et
1639 1453 1797 1521 pluit.
1844 1451 2107 1506 Arcturus
2157 1453 2381 1524 emergit
2756 1447 3065 1509 volvuntur.

1102 1539 1308 1595 elevato
1334 1539 1477 1604 Sole,
1503 1551 1555 1595 et
1580 1539 1675 1594 ﬂat
1697 1541 1915 1610 Aquilo.
2479 1538 2572 1591 vii.
2681 1538 2878 1593 Auster
2913 1538 3024 1601 ﬂat,
3055 1544 3107 1592 et
3127 1536 3487 1607 Vergiliarum
3519 1535 3792 1604 reliquum
3821 1536 3992 1589 occidit.

828 1631 898 1684 iv.
1029 1630 1294 1684 Arcturus
1333 1631 1583 1686 similiter
1609 1633 1852 1700 emergit.
2478 1630 2551 1683 vi.
2689 1628 2960 1683 Favonius
3001 1628 3132 1683 ﬂare
3182 1629 3372 1698 incipit
3433 1626 3700 1679 matutino
3747 1644 3760 1680 :
3796 1624 3995 1695 Vergili:

829 1720 907 1773 iii.
1028 1719 1292 1774 Arcturus
1320 1720 1555 1773 interdiu
1587 1720 1837 1788 emergit.
2757 1719 3028 1773 occidunt.

830 1824 915 1863 ps.
1022 1809 1218 1877 Aquilo
1239 1807 1349 1868 ﬂat.
1380 1809 1690 1865 nubilosum
1724 1810 1948 1863 cmlum.
2030 1864 2033 1865 ν
2480 1828 2534 1865 v.
2674 1808 2952 1865 Australes
2981 1808 3248 1879 procellae.

829 1898 988 1953 NON.
1027 1900 1213 1969 Equus
1235 1899 1432 1953 occidit
1462 1902 1745 1965 matutino,
1777 1909 1828 1956 et
1851 1900 1941 1956 llat
1964 1901 2179 1972 Aquilo.
2209 1903 2381 1960 Coro—
2410 1900 2451 1953 Β
2481 1902 2552 1956 iv.
2688 1901 2883 1970 Aquilo
2912 1900 3199 1954 vehemens
3232 1898 3342 1964 ﬂat,
3375 1896 3572 1969 vesper
3597 1905 3683 1955 est
3728 1897 3990 1969 pluviosas.

1106 2004 1177 2043 na
1206 1989 1469 2043 matutino
1505 1991 1833 2057 occultatur,
1861 2007 2123 2061 aquarum
2145 1996 2212 2050 de
2243 1996 2383 2049 cmlo
2484 1992 2563 2046 iii.
2690 1988 2893 2058 Frigidi
2920 1988 3051 2041 ﬂant
3080 1989 3246 2054 venti,
3278 1998 3331 2043 et
3361 1990 3516 2058 pluit.

1106 2078 1331 2148 pluvies.
2486 2097 2568 2134 rn.
2690 2079 2901 2134 Suculxe
2924 2080 3293 2135 occultantur.

833 2167 944 2222 viii.
1014 2168 1259 2235 Marinte
1301 2170 1427 2224 av'es
1471 2178 1732 2241 apparere
1772 2171 2064 2241 incipiunt.
2106 2174 2300 2242 Aquilo
2334 2184 2387 2228 et
2485 2171 2571 2227 ID.
2632 2174 2635 2177 λ
2681 2172 2877 2241 Aquilo
2904 2170 3019 2233 ﬂat,
3051 2185 3281 2240 parvum
3311 2186 3551 2241 praesepe
3575 2173 3838 2226 exoritur.

1110 2261 1515 2329 Septentriones
1545 2262 1694 2313 ﬂant.
1730 2259 2063 2330 Principium
2097 2261 2250 2318 Veris
2279 2274 2384 2321 est.
2485 2264 2633 2319 xviii.
2682 2263 2988 2317 Obscurum
3020 2271 3247 2329 astrum,
3280 2271 3335 2317 et
3362 2264 3529 2325 venti,
3566 2272 3620 2317 et
3651 2265 3865 2320 imbres.

1113 2348 1205 2402 Sol
1238 2348 1471 2405 Piscium
1496 2350 1779 2406 dimidium
1812 2352 2043 2406 obtinet.
2077 2352 2261 2423 Equus
2291 2371 2385 2410 oc-
2484 2357 2612 2411 xvii.
2691 2354 2902 2409 Sueulae
2929 2354 3182 2410 occidunt
3214 2352 3432 2424 :frigidi
3452 2354 3663 2424 spirant
3691 2357 3871 2411 venti:
3898 2354 3997 2411 Pet-

1113 2441 1262 2494 cidit.
1782 2486 1785 2490 ,
2174 2480 2185 2500 ,
2757 2462 2883 2501 scus
2905 2447 3097 2501 oritur.
3174 2478 3179 2483 ι
3486 2450 3487 2453 “

837 2529 929 2582 vii.
1040 2529 1233 2585 Milvus
1272 2546 1531 2601 apparere
1575 2531 1783 2602 incipit,
1811 2531 1901 2587 ﬂat
1926 2532 2147 2600 Auster,
2182 2533 2385 2591 Piscis-
2485 2537 2593 2591 xvi.
2698 2534 2916 2590 Suculaa‘
2938 2537 3193 2591 occidunt
3228 2536 3445 2604 aspirat
3472 2534 3765 2594 Favonius.

1108 2637 1214 2692 que
1242 2622 1295 2676 in
1335 2634 1547 2694 tergore
1592 2625 1857 2678 matutino
1884 2626 2146 2679 occultari
2176 2626 2382 2695 incipit.
2486 2644 2573 2683 xv.
2697 2629 2789 2681 Sol
2822 2629 2872 2681 in
2904 2628 3085 2681 Tauro
3118 2665 3135 2693 ,
3171 2627 3385 2682 Suculas
3405 2628 3774 2685 occultantur.

834 2711 909 2767 vi.
1050 2712 1235 2782 Equus
1285 2716 1483 2769 occidit
1514 2718 1801 2771 matutino.
1853 2715 2046 2771 Milvus
2095 2731 2127 2769 a
2170 2718 2386 2771 sublimi
2486 2719 2596 2772 xiv.
2690 2718 2907 2772 Africus
2928 2716 3040 2772 ﬂat.

1111 2804 1367 2860 deorsum
1403 2808 1592 2875 vergit.
1624 2806 1994 2861 Vindemiator
2030 2808 2247 2861 occidit.
2282 2806 2389 2859 Ar-
2488 2806 2603 2861 xiii.
2681 2804 2895 2859 Suculas
2920 2806 3135 2874 penitus
3159 2803 3433 2860 occidunt.
3448 2803 3668 2862 Africus
3688 2805 3781 2863 ﬂat
3803 2805 3996 2876 vesperi.
4068 2846 4069 2871 ς

1115 2903 1302 2949 cturus
1319 2903 1493 2948 autem
1516 2899 1760 2966 emergit,
1779 2898 1831 2950 et
1847 2898 2052 2966 gelidus
2067 2895 2157 2949 ﬂat
2173 2897 2385 2964 Aquilo.
2488 2896 2581 2949 xii.
2694 2895 2965 2951 Favonius
2997 2898 3187 2967 spirat.

750 3016 753 3020 ›
837 3002 892 3039 v.
1045 2984 1251 3041 Hiemis
1293 2988 1588 3053 abscessio,
1638 2994 1692 3042 et
1737 2987 2017 3059 Aquilonis
2065 2988 2130 3042 ad
2163 2985 2391 3057 Septen-
2489 2984 2562 3037 xi.
2696 2984 2858 3038 Tauri
2892 2992 3054 3056 caput
3082 2987 3282 3041 occidit
3311 2996 3365 3042 et
3390 2987 3544 3055 pluit.

937 3134 946 3145 ,
1115 3077 1321 3131 triones
1345 3078 1715 3131 commutatio.
2490 3092 2542 3131 x.
2695 3076 2943 3147 Vergilia:
2972 3078 3293 3133 exoriuntur
3329 3099 3342 3133 :
3378 3077 3652 3132 Favonius
3677 3078 3858 3147 spirat.

839 3166 909 3219 iv.
1052 3164 1262 3229 Desinit
1292 3164 1462 3221 Piscis
1490 3182 1519 3218 a
1553 3174 1764 3236 tergore
1794 3165 2015 3220 elevari.
2066 3161 2374 3234 Septentrio
2417 3214 2460 3237 η
2492 3168 2566 3224 ix.
2702 3166 2945 3222 Fidicula
2974 3170 3118 3221 circa
3148 3169 3376 3236 primam
3398 3168 3569 3222 facem
3597 3178 3832 3237 apparet.

1116 3257 1199 3308 vel
1226 3256 1430 3333 ’Auster
1455 3255 1567 3309 ﬂat.
1635 3214 1665 3236 ο
2137 3214 2165 3234 ἵ
2416 3214 2462 3275 c
2492 3257 2602 3311 viii.
2697 3255 2936 3310 Fidicula
2966 3214 3225 3319 cernitur,
3258 3264 3312 3311 et
3345 3258 3501 3326 pluit.

841 3347 921 3400 iii.
1044 3345 1191 3415 Argo
1222 3330 1375 3398 navis
1400 3348 1623 3415 emergit
1652 3347 1882 3414 vesperi.
1908 3345 2176 3402 Favonius
2205 3355 2257 3400 et
2281 3346 2390 3400 Au-
2488 3348 2581 3400 \ii.
2700 3346 2948 3416 Praesepe
2976 3349 3200 3419 emergit
3231 3365 3246 3402 :
3275 3347 3474 3402 desinit
3504 3346 3627 3403 Ver.

1120 3444 1230 3490 stcr
1254 3436 1403 3498 llant,
1432 3443 1485 3489 et
1514 3435 1567 3487 in
1602 3434 1798 3489 Leonis
1823 3437 1993 3489 cauda
2021 3436 2220 3490 hiemat
2250 3438 2386 3491 dies.
2489 3437 2561 3489 vi.
2703 3436 2913 3490 Sticula:
2939 3396 3155 3506 penitus
3172 3438 3445 3502 occidunt,
3471 3445 3527 3501 et
3554 3436 3712 3493 Veris
3737 3435 3991 3493 conversi.

840 3541 925 3580 ra.
1036 3524 1230 3595 Aquilo
1260 3541 1354 3596 per
1382 3534 1552 3579 totum
1581 3524 1673 3577 ﬂat
1696 3525 1857 3578 diem.
2491 3541 2545 3579 v.
2581 3592 2589 3599 _
2699 3527 2805 3597 56
2842 3527 3035 3581 Auster
3064 3528 3175 3582 ﬂat.
3766 3578 3767 3581 η
4068 3524 4069 3597 l

841 3616 927 3671 ll).
1037 3616 1221 3686 Equus
1251 3617 1469 3683 occidit,
1500 3625 1553 3670 et
1580 3616 1773 3685 Aquilo
1803 3615 1895 3668 l'lat
1918 3614 2146 3685 gelidus.
2493 3617 2563 3669 iv.
2697 3618 2951 3671 Austrina
2981 3618 3117 3691 dies,
3150 3627 3203 3693 et
3231 3618 3430 3691 pluvia.
4068 3606 4069 3625 ἶ

844 3708 971 3762 xvii.
1034 3707 1124 3763 Sol
1158 3710 1213 3762 in
1248 3708 1449 3763 Ariete.
1488 3707 1759 3762 Favonius
1800 3708 1905 3762 late
1933 3710 2127 3777 spirat.
2171 3705 2392 3761 Ciconia
2493 3707 2570 3761 iii.
2703 3707 2857 3763 Haedi
2887 3710 3135 3763 oriuntur
3168 3726 3181 3763 :
3213 3710 3409 3764 Auster
3436 3708 3529 3763 ﬂat
3558 3710 3838 3764 matutino.

1122 3810 1357 3868 apparet,
1392 3806 1445 3854 et
1474 3815 1621 3853 mare
1653 3800 1991 3854 transmittit.
2493 3814 2577 3852 pa.
2694 3800 2863 3853 Canis
2904 3801 3209 3854 occultatur
3244 3801 3460 3869 vesperi
3498 3816 3512 3852 :
3563 3816 3656 3855 aer
3692 3799 3992 3856 conturbatur

845 3891 952 3945 xvi.
1048 3887 1422 3943 lnconstantes
1454 3890 1619 3943 venti.
1663 3892 1860 3959 Aquilo
1891 3892 2080 3958 spirat.
2774 3891 2842 3945 ab
2872 3889 3092 3955 Austro,
3127 3898 3182 3944 et
3221 3888 3417 3958 Aquilo
3450 3904 3508 3944 se
3539 3890 3701 3944 simul
3733 3887 3988 3959 permiscet.

842 3997 934 4035 xv.
1042 3981 1237 4035 Auster
1263 3978 1373 4034 (lat.
1402 3978 1594 4034 Milvus
1621 3980 1857 4035 diluculo
1879 3990 2114 4050 apparet.

892 4020 934 4035 νο
1042 4020 1226 4035 ιιι-σιν.
1263 4020 1373 4034 ιιι...
1402 4020 1594 4034 AVII-vus)
1622 4020 1856 4035 νιιυνυιν
1879 4020 2114 4050 *Υιιυινυο

884 4071 892 4081 Ι
952 4074 955 4077 ι
1057 4070 1072 4085 Δ
1169 4070 1198 4085 ι.
1344 4084 1349 4085 7
1526 4084 1535 4085 ὲ
1556 4069 1603 4085 AI
1652 4083 1661 4085 ξ
1678 4077 1692 4085 -

1736 4020 1856 4035 νων
1879 4020 2114 4050 -.πη-η..
2976 4060 2979 4061 κ
3048 4034 3053 4039 ~
3084 4078 3091 4085 ,ί
3190 4020 3352 4077 xxx.

846 4071 955 4125 xiv.
1044 4070 1237 4139 Aquilo
1266 4084 1489 4123 serenus
1520 4070 1720 4137 spirat.
2091 4122 2097 4129 ,

833 4162 961 4214 ‘xiii,
1035 4159 1221 4229 Equus
1252 4160 1447 4213 occidit
1487 4158 1769 4211 matutino.
1802 4158 1997 4227 Aquilo
2028 4161 2111 4215 vel
2163 4159 2391 4231 Septen-
3155 4179 3386 4234 MAlUS.

1124 4252 1228 4305 trio
1259 4249 1366 4304 ﬂat.

848 4339 941 4391 xii.
1034 4338 1187 4393 Aries
1215 4341 1269 4391 in
1298 4340 1437 4393 latus
1457 4339 1703 4409 emergit.
1734 4337 1878 4392 Pluit
1907 4348 1999 4391 aut
2038 4340 2231 4409 ningit.
2498 4338 2558 4391 Κ.
2702 4336 2866 4389 (lanis
2892 4326 3215 4396 Occultatur,
3247 4346 3398 4387 rores
3424 4330 3776 4386 descendunt.

849 4431 922 4485 xi.
1035 4430 1239 4483 Cancer
1268 4440 1475 4500 tergore
1501 4433 1695 4487 oritur.
1730 4432 1926 4486 Auster
1954 4431 2063 4484 ﬂat.
2500 4432 2571 4482 vi.
2706 4427 2915 4479 Sucula:
2940 4440 3061 4479 cum
3094 4422 3218 4477 Sole
3245 4422 3514 4477 oriuntur.

848 4540 904 4576 x.
1030 4523 1459 4593 quuinoctium,
1490 4525 1646 4592 pluit,
1670 4525 1940 4578 interdum
1972 4532 2142 4577 tonat.
2428 4539 2469 4592 ι)
2500 4537 2548 4572 v.
2708 4516 3010 4570 Centaurus
3053 4522 3274 4585 apparet
3313 4521 3460 4567 totus
3498 4532 3511 4567 :
3548 4511 3811 4566 Favonius
3844 4509 3986 4579 spirat.
4068 4548 4069 4577 ι

851 4612 923 4664 ix.
1033 4613 1432 4682 Septentriones
1473 4622 1526 4667 et
1554 4613 1747 4683 Aquilo
1768 4614 1914 4666 tlant.
1957 4612 2146 4683 Equus
2204 4614 2400 4668 occidit
2502 4607 2569 4660 iv.
2711 4605 2968 4673 Scorpius
3010 4619 3225 4657 sursum
3265 4603 3486 4671 emergit
3530 4602 3767 4670 =Aquilo
3803 4599 3880 4652 ni“
3914 4615 3923 4647 ³
3952 4600 3989 4645 ιι
4068 4614 4069 4683 ᾖ

1126 4707 1408 4760 matutino.
2777 4711 2925 4749 rores
2950 4696 3171 4748 cadunt.

850 4794 961 4847 viii.
1050 4795 1236 4851 Pisces
1270 4806 1480 4866 tergore
1516 4802 1822 4865 emergunt,
1872 4796 1962 4847 nix
2023 4796 2194 4850 imbre
2239 4794 2399 4849 mista

1872 4796 1962 4847 nix
2023 4796 2194 4850 imbre
2239 4794 2399 4849 mista
2501 4788 2582 4841 iii.
2707 4785 3149 4839 Fidiculaoritur
3178 4782 3458 4836 matutino.

1131 4884 1292 4937 cadit.
1322 4886 1477 4938 Aries
1508 4886 1768 4937 matutino
1804 4886 2029 4953 emergit
2059 4899 2183 4938 eum
2237 4885 2394 4948 mari,
2500 4892 2585 4930 Pn-
2710 4874 2999 4928 Dimidium
3034 4873 3347 4941 Scorpionis
3378 4870 3594 4924 occidit.

1138 4975 1365 5028 turbatio
1395 4975 1557 5028 aeris.
2500 4962 2656 5018 NON.
2713 4963 2959 5032 Vergiliae
2999 4960 3559 5035 oriunturmatutino,
3588 4967 3641 5014 et
3672 4960 3831 5030 spirat
3859 4953 3971 5008 Γενά

852 5067 944 5119 vii.
1034 5064 1436 5134 IEqninoctium
1494 5078 1739 5126 vernum,
1801 5064 1959 5132 pluit,
2008 5063 2281 5117 interdum
2343 5070 2396 5114 et
2776 5056 2921 5141 llius.

1130 5164 1301 5210 tonat.
2502 5146 2611 5200 viii.
2701 5139 3031 5213 Principium
3058 5143 3261 5198 aestatis
3293 5161 3307 5197 :
3337 5141 3608 5197 Favenius
3637 5139 3885 5211 praevalet.

855 5252 928 5306 vi.
1068 5250 1187 5304 Nox
1220 5259 1273 5302 et
1300 5248 1414 5302 dies
1441 5248 1672 5316 aquales
1700 5245 1985 5299 exsistunt.
2502 5240 2592 5291 vii.
2710 5237 2906 5291 Eodem
2943 5234 3031 5286 [lat
3061 5234 3219 5287 modo
3247 5232 3535 5288 Favonius.

857 5357 909 5394 v.
1053 5338 1309 5408 Scorpius
1351 5339 1547 5393 occidit
1575 5357 1586 5390 :
1613 5339 1897 5390 vehemens
1932 5336 2019 5388 ﬂat
2044 5345 2255 5402 ventus,
2288 5336 2403 5402 plu-
2504 5330 2571 5383 vi.
2715 5327 2949 5379 Fidicula
2985 5327 3177 5380 oritur.
3210 5326 3422 5378 Sticula:
3449 5322 3720 5377 occidunt.
3755 5316 3894 5372 Tauri
3919 5327 3975 5367 (1'-

833 5500 836 5505 _
1133 5429 1354 5501 viasque
1382 5443 1500 5481 cum
1538 5428 1828 5481 tonitribus
1852 5427 2187 5479 commiscet.
2780 5430 2871 5487 put
2898 5424 3136 5485 apparet.

858 5514 930 5568 iv.
1074 5513 1329 5582 Scorpius
1356 5514 1569 5567 occidit.
1618 5512 1921 5582 Septentrio
1959 5510 2049 5562 ﬂat
2090 5513 2326 5581 pluvius.
2504 5530 2552 5565 v.
2709 5510 2950 5579 Vergiliae
2981 5516 3256 5575 apparent.

860 5603 939 5656 iii.
1066 5604 1261 5657 Auster
1282 5600 1373 5654 ﬂat
1404 5611 1456 5656 et
1486 5604 1640 5670 pluit.
2506 5606 2573 5656 iv.
2710 5602 2955 5670 Vergilim
2985 5602 3250 5653 oriuntur.
3287 5598 3481 5661 Auster
3518 5605 3628 5652 ttat.

858 5705 945 5749 PB.
1053 5692 1342 5749 Ventorum
1373 5694 1648 5762 procellae;
1682 5704 1731 5747 et
1766 5710 1903 5765 srepe
1933 5693 2087 5764 pluit.
2504 5695 2580 5746 iii.
2714 5692 2925 5746 Suculas
2954 5690 3225 5744 occidunt.
3261 5683 3497 5761 Austiini
3530 5695 3655 5742 sunt
3680 5687 3839 5741 ﬂatus.

1552 5782 1730 5838 XXXI.
1842 5762 1855 5765 ν
1936 5762 1951 5764 ﬁ
2506 5798 2588 5837 pa.
2720 5781 2972 5850 Scorpius
2994 5777 3211 5844 occidit,
3242 5774 3743 5832 etFidiculaoritur
3763 5762 3978 5829 matutino.
4068 5790 4069 5850 ξ
