4100 6316
170 473 286 530 eos
1094 509 1097 512 ‹
1242 478 1734 558 promuntur:
1771 487 1789 538 Α

1771 481 2247 550 APPARENTHS.
3280 487 3386 546 910

168 588 270 645 ID.
393 592 600 648 Cancer
624 595 864 650 exoritur
898 612 910 647 :
941 605 992 652 et
1020 597 1112 652 ﬂat
1135 599 1353 657 Auster.
1753 609 1797 664 A
1827 620 1911 660 PR.
2027 610 2289 666 Arcturus
2334 611 2533 666 occidit
2577 611 2863 676 matutino,
2899 617 2953 663 et
2997 606 3137 664 aeris
3183 606 3381 661 intem-

166 683 316 736 xvii.
391 683 602 739 Initium
634 689 856 743 aestatis.
1368 767 1376 770 Α
1701 753 1714 759 ,
2103 703 2297 770 peries.
2374 700 2378 704 ’
2725 708 2730 714 “

166 775 292 828 xvi.
388 774 652 847 Procyon,
695 794 854 848 quam
896 780 1113 851 quidam
1152 767 1456 837 caniculam
1506 791 1723 848 vocant,
2103 767 2123 770 _
2515 813 2682 868 xxx,

461 867 678 980 occidit.
725 960 736 971 .
781 960 793 973 .
1009 927 1012 930 .
2043 908 2071 949 -’
2467 923 2725 980 IULIUS.

160 968 268 1007 xv.
304 1010 306 1012 ,
392 954 480 1009 Sol
509 957 564 1010 in
592 956 848 1016 Geminis.

159 1045 290 1098 xiv.
393 1046 587 1102 Auster
612 1049 704 1104 θαι
735 1052 960 1109 vesperi.
1823 1031 1888 1087 K.
2034 1034 2139 1106 57
2169 1035 2274 1091 Aer
2312 1036 2380 1091 ab
2408 1037 2676 1109 Aquilone
2701 1039 3076 1092 conturbatur.

159 1067 290 1098 XIV.
393 1067 587 1102 Λυδιει·
612 1067 704 1104 ﬂat
1823 1067 1888 1087 no
2169 1067 2264 1091 εισι
2312 1067 2380 1091 ιιυ
2408 1067 2676 1109 nquullnc
2701 1067 3076 1092 ευιιιυῐυῑιιυι.
3268 1126 3281 1138 1

157 1134 291 1189 xiii.
382 1133 592 1190 Suculas,
613 1139 878 1206 oriuntur,
902 1150 954 1196 ει
983 1140 1074 1196 na;
1107 1143 1328 1214 Aquilo.
1820 1125 1896 1180 vi.
2034 1127 2336 1182 Obscurum
2362 1135 2570 1183 astrum
2588 1129 2818 1200 :Auster
2843 1128 2955 1193 ﬂat,
2974 1129 3061 1184 vel
3075 1125 3369 1197 Favonius.

153 1225 270 1278 xii.
389 1228 649 1284 Arcturus
673 1231 887 1294 occidit,
917 1247 1114 1301 aerque
1142 1234 1524 1290 conturbatur.
1583 1216 1596 1227 I

1583 1216 1596 1227 ’
1820 1231 1872 1269 ν.
2030 1215 2292 1274 Austrina
2326 1219 2464 1283 dies,
2497 1229 2552 1275 et
2579 1219 2922 1274 conturbatio
2947 1220 3108 1274 aeris.
3143 1296 3147 1300 .

153 1313 243 1367 xi.
393 1315 714 1388 sagittarius
740 1322 956 1388 θερίσει,
988 1334 1042 1378 ει
1067 1323 1158 1378 ατη
1181 1326 1396 1382 Auster.
1819 1307 1894 1361 iv.
2035 1308 2200 1364 Orion
2246 1313 2524 1379 exoritur,
2565 1311 2787 1378 Ciconia
2825 1313 3057 1375 occidit,
3105 1321 3159 1366 et
3195 1312 3370 1368 Favo-

152 1418 218 1456 x.
377 1405 585 1462 Gemini
613 1411 951 1479 exoriuntur,
984 1421 1038 1469 et
1065 1415 1280 1484 Aquila.
2031 1492 2081 1509 η
2094 1402 2218 1509 nilis
2245 1404 2418 1509 Si???“
2464 1497 2476 1509 ⁸

151 1493 239 1549 ix.
379 1495 588 1553 Suculte
618 1501 749 1555 oriri
782 1503 1062 1573 incipiunt,
1095 1514 1150 1561 et
1181 1508 1337 1577 pluit.
1817 1491 1895 1545 ίίίο
2015 1492 2480 1600 ,ξίθάξυωῇυθηπί
2507 1504 2787 1600 enni”:
2901 1587 2918 1600 Δ
3014 1587 3024 1600 ⁸

148 1585 284 1639 viii.
371 1587 586 1658 Capella
616 1593 789 1646 oritur
819 1597 1103 1660 matutino,
1145 1612 1195 1650 et
1225 1597 1316 1650 ﬂat
1341 1598 1562 1668 Aquilo.

1817 1597 1903 1638 η.
2014 1585 2210 1641 Etesia:
2244 1586 2397 1652 ﬂant,
2430 1597 2629 1642 etcum
2656 1588 2855 1642 Austro
2888 1586 3202 1657 Aquilones.

147 1673 256 1726 vii.
382 1675 590 1735 Taurus
609 1681 825 1735 occidit.
847 1684 1109 1739 Austeret
1122 1685 1317 1754 Aquilo
1343 1686 1491 1742 ﬂant.
2019 1672 2232 1776 (Ξοηξηδ
2269 1677 2469 1776 οθθίάίξ
2497 1677 2762 1776 ιηθιυλίίξω
2843 1674 2934 1776 φη
2964 1681 3176 1775 “3}”-

147 1765 232 1818 vi.
373 1766 568 1822 Auster
595 1771 783 1839 spirat.
1813 1762 1928 1814 viii.
2029 1764 2273 1833 Cepheus
2313 1767 2575 1831 exoritur,
2605 1774 2658 1821 et
2686 1766 2940 1820 Austrina
2973 1765 3116 1819 aeris
3147 1769 3360 1833 pertur-

146 1871 208 1910 v.
377 1855 617 1911 Fidicula
647 1861 822 1913 oritur
848 1863 1115 1917 matutino
1146 1880 1160 1918 :
1190 1877 1242 1919 et
1263 1865 1462 1923 Auster
1491 1868 1602 1924 ﬂat.
1919 1879 1925 1884 ‘
2088 1856 2254 1913 batio-

146 1943 230 1997 ίν,
369 1945 565 2000 Auster
598 1948 886 2005 vehemens
918 1950 1030 2004 ιω,
1743 1938 1787 1993 Β
1812 1938 1902 1993 vii.
2019 1941 2186 1998 Orion
2218 1955 2364 2003 totus
2391 1949 2633 2019 emergit.
2663 1951 2859 2005 Auster
2885 1950 2993 2002 ﬂat.

147 2037 236 2091 iii.
368 2037 614 2109 Vergiliae
637 2041 975 2108 exoriuntur,
1015 2043 1218 2101 imbres
1259 2062 1382 2103 cum
1423 2050 1709 2110 tonitribus

1436 2050 1709 2110 nummus
1812 2031 1884 2081 vi.
2004 2031 2317 2089 Etesiarum
2347 2040 2619 2107 prodromi
2649 2040 2806 2096 ﬂatus
2829 2044 3055 2109 spirant.

439 2115 592 2187 ίίιιηι,
775 2172 784 2185 ,
1808 2135 1862 2184 v,
2019 2123 2223 2182 imbres
2249 2142 2371 2182 cum
2401 2130 2712 2197 tonitribus,
2743 2130 2834 2184 ﬂat
2863 2133 3078 2202 Aquilo.
3144 2166 3147 2167 ν

148 2233 244 2276 η.
367 2220 681 2292 Tempestas
744 2240 967 2298 aspera,
1008 2231 1210 2286 hiemat
1256 2247 1350 2289 aer
1400 2252 1413 2288 ε
1474 2235 1708 2306 ingenua
1809 2228 1883 2266 ιν.
1993 2213 2158 2272 Orion
2192 2226 2338 2276 totus
2363 2221 2536 2306 oritur
2565 2224 2850 2288 matutino,
2874 2233 2926 2279 et
2955 2225 3231 2294 prodromi
3261 2228 3348 2282 iu-

442 2317 651 2384 vesperi
677 2318 915 2372 tonitrua
944 2331 1370 2377 commoventur.
1549 2369 1554 2376 .
1989 2341 1991 2343 ‘
2033 2396 2045 2403 _
2073 2311 2360 2403 Ϊῖηθδθξωι
2383 2312 2566 2370 απυδ·

820 2428 1010 2484 χχχι.
1803 2395 1880 2445 iii.
2016 2396 2232 2455 Africus
2260 2401 2351 2456 ﬂat
2385 2403 2746 2461 turbulentus.

996 2469 1031 2557 ξ,
1133 2535 1135 2537 ,
1455 2529 1459 2535 .
1805 2498 1888 2536 PR.
2011 2487 2206 2557 Aquilo
2232 2490 2344 2546 ﬂat.

795 2536 1057 2594 ’UNIUS-
1801 2570 1890 2626 lD.
2011 2536 2561 2640 Canicula—exoritur.
2596 2586 2789 2642 Etesias
2819 2589 3176 2643 invalescunt.

144 2640 214 2700 Κ.
366 2642 576 2701 Suculze
605 2653 729 2704 tota:
762 2661 1042 2724 emergunt
1074 2673 1086 2707 :
1123 2654 1321 2711 Auster
1352 2657 1465 2712 ﬂat.
1802 2664 1949 2718 xviii.
2014 2665 2178 2722 Orion
2216 2675 2473 2740 exoritur,
2502 2683 2556 2730 et
2587 2679 2853 2734 violentus
2877 2679 2968 2732 ﬂat
2992 2681 3208 2750 Aquilo.

143 2734 221 2788 iv.
361 2737 555 2806 Aquilo
599 2743 839 2797 exoritur
885 2762 898 2798 :
952 2748 1094 2802 aeris
1149 2756 1466 2820 tempestas,
1508 2761 1563 2806 et
1609 2751 1702 2806 ﬂat
1799 2758 1909 2811 xvi.
2005 2758 2233 2817 Estatis
2264 2734 2568 2831 dimidium,
2596 2777 2648 2822 et
2669 2769 2783 2823 dies
2806 2734 3088 2838 Aquilonis
3118 2770 3244 2823 ﬂatu
3277 2771 3351 2825 al-

429 2826 720 2887 Favonius.
2075 2855 2301 2922 gentior.

143 2916 227 2972 iii.
364 2919 644 2980 Australes
671 2927 919 2995 procella
945 2943 1068 2983 cum
1098 2930 1371 2986 tonitruis.
1798 2953 1886 2993 xv.
2009 2916 2281 2997 Favonius
2310 2952 2364 2998 et
2393 2944 2659 3000 interdum
2693 2947 2889 3004 Auster
2922 2950 3152 3021 spirant.
3182 2953 3347 3010 Canis

144 3027 236 3067 η.
358 3013 557 3070 Auster
587 3016 706 3081 ﬂat,
741 3028 793 3073 et
821 3022 975 3088 pluit.
1661 3059 1666 3065 -
2072 3035 2244 3088 oritur
2271 3040 2558 3101 matutino,
2610 3048 2665 3093 et
2707 3043 2888 3096 etesiae
2935 3013 3167 3113 amplius
3194 3046 3347 3101 inva-

141 3098 311 3159 NON.
365 3103 557 3174 Aquilo
588 3108 836 3162 exoritur
867 3127 882 3175 ;
920 3110 1018 3163 ﬂat
1049 3119 1253 3178 auster,
1288 3119 1340 3167 et
1369 3113 1525 3179 pluit.
1591 3167 1593 3170 ,
2070 3126 2298 3182 lescunt.
2546 3098 2554 3101 ν
2981 3177 2986 3180 .

144 3194 264 3246 viii.
357 3196 549 3266 Aquilo
577 3198 688 3265 ﬂat,
718 3207 770 3255 ct
801 3200 958 3271 pluit.
1221 3213 1226 3217 ‘
1310 3263 1313 3267 ,
1723 3257 1767 3316 C
1798 3212 1906 3266 xiv.
2012 3213 2178 3270 Orion
2211 3220 2469 3273 exoritur.
2501 3220 2671 3277 Corus
2702 3221 2813 3288 ﬂat,
2845 3230 3098 3295 totusque
3123 3238 3343 3298 apparet

144 3284 217 3316 ιιῖἒ
361 3287 611 3316 Α-,.ι..-..,..
644 3293 835 3316 ---ιλιι
864 3295 1120 3316 ..-ι--ιξ--
1157 3314 1167 3316 _
1199 3292 1466 3316 λψς---
1501 3295 1667 3316 ,-ε--ι
2080 3307 2113 3316 ,-
2153 3309 2163 3316 .

142 3284 242 3340 vii.
351 3287 613 3345 Arcturus
641 3293 838 3346 occidit
863 3295 1127 3362 matutino
1156 3314 1168 3350 :
1199 3292 1470 3352 Favonius
1499 3295 1692 3367 spirat.
1723 3284 1767 3316 υ
2074 3307 2260 3364 Orion.

143 3377 218 3430 vi.
366 3378 660 3451 Delphinus
691 3399 962 3455 emergere
1007 3387 1194 3456 incipit
1231 3409 1244 3442 :
1287 3389 1552 3444 Arcturus
1603 3405 1699 3444 oc-
1797 3391 1914 3448 xiii.
1965 3401 1967 3404 ‘
2009 3393 2099 3449 Sol
2123 3396 2176 3450 in
2204 3396 2401 3456 Leone.
2418 3400 2594 3458 Corus
2613 3404 2802 3473 spirat,
2824 3404 3056 3463 etCanis
3081 3412 3341 3482 exoritur.

52 3470 54 3472 ’
426 3473 578 3527 cidit.
1798 3482 1890 3537 xii.
2007 3482 2200 3544 Etesiae
2227 3502 2350 3542 cum
2393 3490 2513 3547 aliis
2541 3470 2715 3547 ventis
2745 3507 2840 3561 per
2871 3509 3036 3549 unum
3065 3506 3120 3552 et
3153 3476 3340 3570 viginti

141 3571 199 3612 v.
361 3558 554 3629 Aquilo
590 3561 701 3627 ﬂat,
734 3571 788 3618 et
819 3564 1029 3620 modice
1055 3568 1213 3636 pluit.
2070 3577 2199 3633 ﬂant
2221 3582 2356 3637 dies.

144 3648 219 3701 iv.
346 3649 630 3708 Pluviosus
680 3669 771 3711 aer
808 3671 931 3710 cum
976 3660 1248 3727 tonitruis,
1307 3666 1361 3716 et
1425 3660 1695 3717 Australis
1793 3665 1868 3719 xi.
1995 3667 2272 3727 Prodromi
2303 3676 2462 3733 ﬂatus
2493 3681 2598 3735 late
2625 3683 2855 3751 spirant.

425 3745 561 3800 dies.
1796 3770 1848 3808 x.
1989 3757 2195 3814 Cancer
2228 3772 2373 3820 totus
2404 3781 2526 3821 cum
2548 3753 2734 3827 Leone
2765 3775 3028 3841 exoritur,
3059 3784 3114 3832 et
3143 3776 3336 3848 Aquila

142 3833 226 3888 iii.
356 3833 742 3894 Turbulentum
772 3840 968 3894 ccelum
995 3855 1119 3895 cum
1150 3843 1426 3900 tonitruis.
2067 3851 2288 3908 occidit.

142 3941 231 3980 vn.
361 3925 630 3984 Favonius
648 3931 738 3985 vel
766 3930 938 3985 Corus
959 3930 1071 3995 ﬂat,
1097 3938 1151 3986 et
1179 3939 1346 3986 tonat.
1791 3937 1865 3993 ix.
1999 3939 2106 3998 Leo
2141 3961 2261 3999 cum
2293 3946 2416 4005 Sole
2446 3955 2687 4009 exoritur
2719 3965 2774 4011 et
2803 3957 2964 4014 Cane.
2998 3960 3205 4017 Cancer
3235 3961 3324 4016 des

142 4016 233 4074 ID.
359 4019 652 4091 Delphinus
687 4024 912 4093 emergit
941 4040 955 4076 :
988 4021 1184 4077 Auster
1211 4022 1324 4079 ﬂat.
1895 4042 1899 4046 ‘
2062 4037 2297 4095 scendit.
3382 4098 3389 4104 .

143 4110 297 4168 xviii.
350 4110 568 4168 Orionis
629 4113 839 4168 humeri
919 4114 1249 4184 elevantur,
1300 4123 1354 4172 et
1424 4117 1692 4189 principia
1788 4121 1898 4174 viii.
2002 4124 2210 4183 Gemini
2259 4132 2503 4189 occidere
2551 4137 2836 4208 incipiunt.
2880 4141 3042 4198 Canis
3083 4150 3328 4219 emergit,

419 4205 644 4260 astatis.
1501 4275 1513 4285 υ
2065 4224 2116 4269 et
2145 4217 2386 4275 Austrini
2420 4233 2545 4278 sunt
2571 4205 2749 4283 ﬂatus.

142 4290 273 4347 xvii.
352 4291 655 4348 Obscurum
673 4300 899 4348 astrum.
929 4292 1200 4350 Favonius
1229 4301 1282 4350 et
1304 4294 1504 4351 Auster
1531 4296 1686 4353 ﬂant.
1787 4302 1877 4355 vii.
1985 4305 2168 4377 Caligo
2196 4325 2444 4370 arenosa.
2471 4317 2659 4384 Aquila
2690 4319 2907 4386 occidit,
2934 4322 3040 4378 Leo
3063 4329 3326 4394 exoritur,

144 4384 254 4438 xvi.
352 4384 507 4441 Aeris
541 4393 828 4456 tempestas
857 4394 912 4442 et
942 4387 1216 4457 Aquilonii
1247 4386 1426 4443 ﬂatus.
2062 4399 2152 4454 ﬂat
2180 4403 2398 4460 Auster.

142 4486 230 4526 xv.
351 4472 620 4531 Favonius
643 4491 764 4532 cum
798 4478 996 4532 Austro
1027 4480 1214 4547 spirat.
1244 4477 1458 4536 Orionis
1477 4478 1686 4536 humeri
1787 4489 1857 4544 vi,
1991 4492 2323 4552 canicularis
2355 4505 2537 4553 ωςιυε,

417 4575 696 4636 apparent.
1708 4589 1763 4651 ι)
1788 4596 1840 4634 v.
1996 4581 2348 4640 Vehementes
2369 4590 2594 4645 calores.
2620 4591 2810 4649 Etesia
2833 4598 3073 4654 valenter
3098 4602 3324 4670 spirant.

144 4655 249 4708 xiv.
358 4655 449 4712 Sol
481 4658 537 4712 in
565 4659 794 4714 Cancro.
822 4657 988 4713 Orion
1016 4659 1256 4713 exoritur
1280 4661 1561 4716 matutino.
1784 4674 1857 4728 iv,
1993 4676 2194 4733 Lucida
2251 4681 2402 4734 stella
2460 4683 2511 4736 in
2553 4682 2746 4741 Leonis
2804 4696 3020 4757 pectore
3063 4694 3320 4755 εισι-ξων,

143 4746 256 4801 xiii.
347 4747 543 4803 Auster
578 4757 631 4804 et
650 4747 918 4806 Favonius
948 4747 1098 4814 ﬂant,
1126 4751 1260 4818 pluit
1284 4757 1339 4804 et
1366 4758 1539 4808 tonat.
2055 4769 2251 4838 Aquilo
2281 4771 2489 4842 gelidus
2517 4783 2738 4845 propter
2765 4746 2975 4835 ac-stum.

144 4839 237 4892 xii.
345 4838 719 4910 Serpentarius
748 4842 946 4897 occidit
975 4843 1266 4898 matutino.
1781 4857 1858 4911 iii.
1981 4838 3323 4947 Autumnales{ructusapparereincipiunt.Aqui-
3407 4863 3419 4869 ξ

146 4930 214 4980 xi.
349 4931 544 4986 Auster
565 4947 688 4987 cum
712 4933 977 5003 Aquilone
1002 4934 1193 5003 spirat.
2055 4947 2105 5001 la
2129 4950 2328 5004 occidit
2359 4930 2868 5028 matutino,-aerque
2897 4930 3144 5019 turbidus

146 5032 197 5073 x.
344 5021 576 5079 Exortus
604 5023 839 5079 Orionis.
1780 5051 1864 5090 pa.
1986 5037 2186 5094 Auster
2215 5055 2337 5094 cum
2370 5041 2555 5098 Africo
2586 5046 2746 5102 simul
2776 5050 3000 5118 spirant.

146 5107 215 5161 ix.
345 5109 573 5165 Obscuri
602 5113 733 5166 astri
770 5123 1008 5178 exortus,
1048 5121 1103 5170 et
1137 5114 1375 5169 calorum
1419 5115 1673 5170 intentio.

144 5199 232 5252 viii
349 5201 591 5257 JEstivus
626 5202 811 5269 cardo,
850 5212 903 5259 et
950 5213 1321 5262 momentauea
1366 5208 1506 5263 aeris
1553 5221 1682 5275 per-
2455 5175 2642 5232 XXXI-

416 5294 670 5349 turbatio.
2350 5287 2736 5344 AUGUSTUS.

147 5377 234 5430 vii.
271 5409 290 5449 ς
338 5381 552 5440 Africus
587 5392 641 5440 et
666 5383 934 5441 Favonius
962 5387 1121 5442 simul
1149 5391 1379 5460 spirant.
1779 5394 1845 5449 K.
1987 5399 2180 5468 Aquila
2216 5401 2412 5455 occidit
2440 5402 2724 5467 matutino,
2762 5402 2851 5456 ﬂat
2891 5403 3128 5476 Africus,
3158 5423 3316 5466 aren-

148 5468 216 5519 vi.
348 5471 665 5528 Brevissima
688 5492 815 5531 nox.
841 5476 1005 5530 Orion
1029 5483 1285 5534 exoritur.
2053 5497 2133 5542 tes
2168 5499 2292 5558 sunt
2310 5501 2492 5544 testas.

147 5570 198 5608 v.
356 5560 495 5615 Pluit
522 5566 758 5634 vesperi;
780 5566 944 5622 Canis
969 5581 1223 5638 apparere
1248 5573 1450 5641 incipit.
1778 5577 1848 5628 iv.
1991 5577 2183 5647 Aquila
2212 5581 2431 5640 occidit,
2464 5597 2554 5636 aer
2582 5583 2887 5639 Austrinus.

150 5641 216 5698 iv.
347 5649 639 5708 Ventorum
666 5655 969 5714 conﬂictus.
1777 5667 1855 5719 iii.
1981 5641 2237 5725 Au—strina
2266 5671 2402 5725 dies.

151 5733 223 5793 iii.
353 5742 515 5798 Canis
552 5747 791 5804 exoritur
821 5752 1101 5807 matutino.
1146 5751 1291 5807 Zona
1316 5753 1529 5811 Orionis
1570 5770 1664 5825 ap-
1774 5774 1857 5814 η.
1977 5758 2175 5815 Leonis
2197 5761 2430 5815 medium
2462 5765 2720 5818 exoritur.
2741 5765 2914 5820 Arbor
2944 5767 2996 5820 in
3021 5766 3122 5821 hoc
3149 5769 3315 5824 biduo

415 5843 588 5905 paret.
2051 5862 2288 5922 apparet.
2313 5854 2507 5912 Auster
2534 5857 2812 5914 nimbosus
2836 5857 3175 5916 vehementer
3199 5860 3313 5917 ﬂat.
