4100 6316
780 418 881 477 οη

779 718 895 773 viii.

778 810 874 863 vii.

738 1038 741 1041 .
783 988 856 1043 vi.

789 1182 836 1221 ν.

786 1348 857 1403 lv.

787 1819 869 1856 PR.

788 1984 898 2037 xix.

788 2072 939 2129 xviii.
1001 2072 1303 2129 Obscurum
1334 2082 1573 2139 astrum,
1609 2079 1673 2137 et
1690 2070 1963 2127 Favonius
1992 2087 2115 2127 cum
2146 2078 2336 2127 austro
2432 2072 2549 2127 viii.

788 2256 922 2312 xvli.

789 2349 904 2404 xvi.

794 2453 884 2491 ιν.

793 2528 902 2582 xiv.

791 2618 908 2672 xiii.

790 2888 872 2941 xi.

797 3153 872 3209 ix.

794 3245 911 3300 viii.

795 3336 889 3390 vii.

795 3428 870 3480 vi.

800 3712 870 3750 ιν.

800 3786 853 3797 ιο·

801 3890 887 3929 η.

801 4524 854 4565 γι

800 4614 859 4657 ν.

805 4690 859 4744 iv

805 4869 886 4926 lii.

808 5064 891 5102 Pl.

1756 419 1846 471 AD
1882 416 2152 472 EUSEBH
2184 414 2573 471 Clll’tO‘NlCON
2610 413 2964 471 APPENDIX.

779 534 937 592 NON.
983 536 1196 591 Corona
1251 532 1472 590 occidit.
1529 532 1725 589 Leonis
1775 535 2011 590 medium
2071 535 2330 596 exoritur,
2362 534 2508 595 Aiv.

1054 628 1341 683 vehemens
1369 625 1461 679 ﬁat
1509 627 1727 691 Auster,
1751 632 1805 680 et
1834 624 2006 681 Grues
2047 632 2329 697 apparent.

989 715 1239 777 Fidicula
1267 715 1624 771 contrahitur.
1656 713 1913 769 Austrina
1941 715 2056 770 dies
2077 722 2330 769 aestuosa.

976 807 1200 863 Orionis
1224 806 1459 861 medium
1480 807 1805 871 occultatur,
1826 815 1880 861 et
1898 807 2014 862 dies
2045 807 2112 860 ab
2138 808 2333 862 Austro

1059 897 1408 968 caliginostts,
1437 904 1489 951 et
1512 902 1802 951 aestuosus.

990 986 1106 1042 Leo
1139 988 1399 1049 Exoritur,
1427 997 1589 1043 :estus
1623 986 1997 1047 intolerabilis.
2039 987 2334 1041 nebulosus

1061 1092 1155 1132 aer
1180 1096 1193 1133 :
1225 1077 1439 1132 Orionis
1466 1079 1707 1132 exoritur
1730 1076 1986 1132 medium.

986 1165 1291 1222 Obscurum
1338 1178 1561 1223 astrum.
1614 1166 1921 1237 Septentrio
1967 1168 2103 1223 lenis
2145 1168 2335 1237 spirat,

1060 1267 1222 1312 estus
1260 1258 1571 1315 mediocris.

1000 1348 1230 1405 Lunaris
1256 1349 1498 1405 defectus
1521 1350 1575 1403 in
1611 1349 1748 1403 lianc
1779 1350 1921 1405 diem
1945 1350 2225 1405 incurrere
2249 1365 2339 1404 so-

1059 1439 1151 1494 let.
1194 1440 1393 1494 Auster
1432 1447 1488 1494 et
1524 1441 1720 1509 Aquilo
1761 1440 1992 1507 spirant,
2042 1447 2095 1493 et
2129 1441 2339 1495 calores

1051 1540 1186 1586 sunt
1210 1530 1485 1600 ingentes.

1006 1618 1250 1676 Fidicula
1301 1620 1503 1675 occidit
1561 1619 1849 1674 matutino.
1898 1618 2200 1675 Autumnus
2230 1619 2335 1692 ,ἰη-

1057 1712 1241 1766 cboat.
1269 1710 1566 1766 Ventorum
1588 1725 1887 1765 concursus
1918 1709 1995 1763 ﬁt.

998 1799 1294 1858 Ventorum
1324 1800 1609 1856 conﬂictus
1639 1810 1691 1855 et
1723 1817 1920 1871 pugna.

1009 1891 1304 1962 Delphinus
1335 1907 1456 1946 cum
1490 1892 1695 1961 Lepore
1733 1892 1949 1945 occidit.

1003 1981 1247 2037 Estuosi
1280 1990 1333 2036 et
1363 1982 1673 2051 squalentes
1701 1982 1928 2036 calores.

1064 2167 1256 2235 spirat.

1007 2255 1301 2326 Delphinus
1323 2255 1521 2310 occidit
1544 2254 1829 2308 matutino.

1005 2349 1265 2402 Autumni
1292 2349 1525 2402 initium.

1008 2436 1249 2493 Fidicula
1282 2426 1500 2501 Occidit,
1528 2446 1581 2493 et
1611 2436 1702 2491 ﬁat
1734 2436 1947 2507 Aquilo.
2002 2432 2013 2443 “

1000 2526 1294 2597 Delphinus
1328 2528 1651 2593 occultatur,
1691 2528 1979 2583 mediocris
2012 2534 2194 2583 aestus.

1006 2614 1494 2679 Fidicularoccidit
1539 2618 1818 2671 matutino.
1874 2616 1966 2671 Sol
2009 2617 2065 2672 in
2098 2615 2334 2687 Virgine.

1063 2710 1261 2766 Auster
1290 2709 1402 2774 ﬂat,
1442 2709 1600 2779 pluit,
1634 2716 1690 2763 et
1722 2715 1894 2762 tonat.

1004 2797 1096 2851 Sol
1125 2800 1179 2852 in
1207 2806 1319 2853 tota
1346 2798 1581 2869 Virgine.

1012 2886 1175 2956 Virgo
1199 2888 1458 2943 exoritur.

1015 2974 1317 3045 Septentrio
1348 2978 1483 3032 lenis
1518 2978 1709 3047 spirat,
1742 2984 1852 3031 tota
1889 2978 2131 3032 exoritur
2154 2976 2337 3047 Virgo,

1072 3068 1213 3122 aeris
1246 3080 1328 3123 est
1360 3069 1644 3124 serenitas.

1006 3150 1167 3227 Virgo
1196 3158 1453 3212 exoritur.
1484 3159 1680 3229 Aquilo
1708 3158 1820 3214 ﬂat.

1016 3245 1211 3301 Etesiae
1230 3255 1461 3316 ponunt.
1479 3250 1674 3320 Aquilo
1697 3250 1941 3320 frigidior
1966 3249 2095 3306 ﬂare
2124 3251 2332 3321 incipit.

1010 3336 1301 3407 Delphinus
1339 3340 1597 3405 exoritur,
1625 3350 1678 3395 et
1700 3342 1896 3397 Auster
1927 3343 2036 3397 ﬂat.

1015 3426 1380 3483 Vindemiator
1406 3431 1650 3499 emergit.
1673 3431 1869 3485 Auster
1890 3440 1943 3485 et
1975 3431 2241 3488 Favonius
2268 3434 2341 3487 si-

1076 3520 1184 3572 mul
1212 3519 1362 3573 ﬂant.

966 3602 969 3605 ’
1027 3606 1188 3679 Virgo
1214 3625 1477 3681 apparere
1508 3614 1711 3683 incipit.

1014 3695 1282 3754 Favonius
1314 3702 1447 3757 leuis
1479 3704 1668 3771 spirat.

1015 3785 1180 3855 Virgo
1210 3791 1470 3855 exoritur,
1494 3792 1762 3851 Favonius
1783 3796 2011 3851 molliter
2044 3794 2165 3850 ﬂat.

1020 3876 1358 3933 Andromeda
1390 3884 1649 3939 exoritur.

1478 3991 1665 4049 XXXI.

1353 4120 1785 4197 .SEPTEMBER.

1017 4239 1355 4297 Andromeda
1396 4242 1654 4300 exoritur.
1695 4240 1893 4295 imbres
1926 4255 2049 4295 cum
2084 4240 2337 4296 tonitruis

1079 4330 1233 4395 ﬁunt,
1268 4331 1360 4386 ﬂat
1394 4332 1694 4388 Vulturnus
1750 4350 1761 4384 :
1804 4334 2168 4390 inconstantes
2216 4343 2342 4389 sunt

1077 4422 1241 4475 venti.

1014 4512 1278 4565 Australis
1306 4510 1478 4568 Piscis
1504 4528 1612 4568 non
1634 4512 1862 4583 amplius
1887 4512 2206 4569 occultatur.

1016 4600 1191 4657 Tonat
1222 4611 1275 4657 et
1306 4604 1461 4673 pluit.

1018 4692 1281 4748 Arcturus
1323 4707 1445 4747 cum
1486 4690 1879 4750 Vindemiatore
1911 4694 2194 4749 exoritur:
2229 4693 2345 4746 Ma-

1081 4784 1165 4837 lus
1193 4784 1513 4837 occultatur.

1012 4871 1258 4927 Mercurii
1280 4872 1629 4929 domicilium.
1654 4871 1918 4929 Favonius
1943 4875 2115 4944 Spirat
2149 4894 2161 4928 :
2195 4882 2248 4929 et
2279 4868 2340 4929 ex

1082 4969 1360 5016 ventorum
1392 4962 1747 5015 inconstantia
1780 4961 1977 5017 imbres
2002 4962 2216 5016 cadunt.

1010 5048 1193 5117 Equus
1226 5050 1485 5106 exoritur.
1888 5069 1892 5073 ‘

808 5138 963 5193 NON.
998 5138 1107 5210 58
1146 5137 1361 5209 Capella
1406 5141 1627 5210 emergit
1669 5158 1682 5190 :
1714 5140 1926 5197 Africus
1967 5140 2058 5195 ﬂat
2094 5142 2343 5211 vesperi,

809 5319 921 5373 viii.

810 5498 905 5551 vii.

814 5676 886 5729 vi.

816 5783 865 5820 ν.

1081 5237 1134 5283 et
1165 5229 1318 5283 pluit.

1081 5245 1134 5283 et
1205 5245 1318 5282 iuit.

1030 5245 1291 5374 Arcttlirus
1332 5327 1549 5388 apparet
1580 5336 1592 5370 :
1628 5320 1719 5375 ﬂat
1742 5320 1957 5390 Aquilo,
1992 5332 2045 5375 et
2076 5323 2346 5377 interdum

1088 5417 1252 5463 tonat.

1027 5499 1261 5568 Virginis
1298 5501 1531 5555 medium
1571 5502 1825 5555 exoritur.
1870 5500 2135 5558 Favonius
2180 5504 2349 5573 spirat

1088 5603 1211 5641 cum
1239 5586 1438 5642 Africo.

1021 5677 1160 5733 Idem
1183 5680 1320 5733 aeris
1342 5689 1533 5736 status.

1020 5769 1161 5824 Idem
1184 5775 1325 5827 aeris
1349 5780 1540 5826 status.

2361 1863 2405 1917 Β

2364 3184 2407 3246 C

2372 4534 2413 4587 ι)
2443 4510 2514 4563 iv.

3878 418 3953 474 9H

2637 534 2901 589 Arcturus
2927 535 3191 590 exoritur.

2435 623 2514 677 iii.
2636 624 2868 679 Arcturo
2894 625 3171 679 exoriente
3195 620 3394 676 imbres
3414 620 3637 677 cadunt.

2436 729 2518 768 ex.
2647 713 2895 785 Vergilim
2922 730 3045 769 cum
3071 713 3222 783 Equo
3246 713 3587 768 exoriuntur.

2435 804 2520 858 lD.
2647 803 2976 861 Hirundines
2998 821 3107 860 non
3126 804 3379 860 videntur
3415 821 3429 857 :
3474 803 3705 875 Capella'
3730 805 3948 871 exoritur,
4042 803 4043 859 ἒ

2710 905 2764 952 et
2788 900 2944 968 pluit.

2437 986 2544 1040 xvi.
2645 986 3190 1053 Duodecatemorion,
3225 987 3280 1043 id
3309 994 3413 1053 est,
3444 1004 3518 1042 xu
3546 988 3730 1059 portio
3752 990 3951 1043 autumi

2716 1078 2923 1149 incipit.
3067 1082 3072 1089 ’

2438 1186 2523 1225 xv.
2641 1168 2912 1225 Favonius
2934 1170 3039 1224 late
3064 1170 3231 1240 spirat
3252 1184 3375 1224 cum
3404 1168 3625 1229 Africo.

2438 1263 2545 1315 xiv.
2642 1261 2819 1317 Piscis
2850 1263 3113 1325 exoritur,
3137 1272 3189 1316 et
3217 1262 3526 1332 Septentrio
3550 1262 3724 1331 ponit.

2438 1353 2552 1407 xiii.
2648 1351 2741 1407 Sol
2782 1354 2837 1406 in
2868 1352 3028 1407 Libra
3058 1372 3071 1407 :
3101 1353 3291 1407 Crater
3318 1361 3537 1421 apparet
3583 1372 3595 1406 :
3632 1353 3843 1408 Arcturi
3875 1367 3955 1408 me

2712 1441 2860 1496 dium
2891 1442 3133 1496 cernitur
3164 1443 3451 1495 matutino.

2436 1532 2533 1587 xii.
2641 1532 2873 1586 Arcturo
2903 1534 3183 1587 exoriente
3207 1534 3407 1589 imbres
3430 1533 3636 1602 copiosi
3665 1534 3875 1589 cadunt.

2435 1625 2510 1678 xi.
2642 1623 3045 1694 Equinoctinm
3070 1624 3401 1687 autumnale,
3425 1632 3476 1679 et
3504 1624 3689 1680 Pisces
3718 1626 3951 1680 occidunt.
4044 1620 4045 1627 “

2435 1731 2490 1768 x.
2648 1716 2791 1786 Argo
2821 1716 3102 1770 descendit
3136 1735 3148 1769 :
3187 1716 3417 1785 pluviosi
3447 1717 3589 1770 aeris
3626 1718 3950 1770 conturbatio.

2436 1809 2509 1859 ix.
2646 1804 2833 1861 Pisces
2880 1805 3139 1859 occidunt
3188 1823 3202 1859 :
3252 1805 3524 1858 Austrinze
3585 1804 3719 1859 ﬁunt
3765 1806 3951 1875 pluviae:

2705 1898 2844 1951 aeris
2884 1905 3278 1967 ventorumque
3317 1898 3765 1953 conturbationes
3788 1905 3839 1951 et
3863 1912 3951 1949 ma.

2708 1985 2787 2037 ris
2818 1992 3188 2052 tempestates.

2615 2072 2875 2151 |Lunaris
2897 2072 3143 2128 defectus
3177 2074 3231 2127 in
3258 2072 3398 2126 hanc
3424 2073 3653 2129 incurrit
3670 2074 3830 2128 diem.
3849 2072 3957 2127 Cen-

2710 2171 2900 2218 taurus
2928 2164 3189 2218 exoritur.

2435 2254 2527 2311 vii.
2634 2252 2938 2309 Nebulosus
2966 2269 3058 2309 aer
3075 2261 3130 2308 et
3154 2254 3498 2309 turbulentus
3525 2254 3761 2310 exsistit.

2434 2345 2508 2400 vi.
2648 2343 2797 2399 Πωᾶὶ
2837 2345 3163 2399 exoriuntur
3192 2360 3205 2396 :
3239 2346 3519 2399 etAuster
3556 2344 3839 2399 vehemens
3869 2341 3954 2395 ﬂat.

2434 2454 2487 2492 v.
2650 2436 2814 2507 Virgo
2842 2436 3057 2492 desistit
3099 2451 3389 2506 emergere.
3428 2434 3675 2507 Vergilia
3727 2436 3956 2488 matutino

2710 2536 2765 2583 et
2796 2527 3008 2597 veSperi
3039 2536 3298 2597 apparent
3326 2546 3336 2579 :
3373 2525 3519 2579 llzedi
3548 2541 3669 2580 cum
3712 2524 3832 2579 Sole
3857 2538 3957 2576 exo-

2710 2618 2926 2671 riuntur
2960 2635 2975 2670 :
3008 2623 3290 2671 ventorum
3332 2623 3383 2669 et
3417 2616 3583 2670 maris
3615 2610 3855 2684 procella:
3884 2627 3957 2665 va-

2712 2705 2833 2759 lid’aa
2861 2704 3017 2759 ﬁunt.

2653 2796 2853 2851 Auster
2876 2796 3165 2850 vehemens
3193 2795 3285 2861 ﬁat
3316 2815 3329 2849 :
3370 2803 3711 2865 tempestates
3736 2792 3955 2849 horride.

2651 2884 2894 2956 Vergilize
2947 2886 3213 2939 matutino
3262 2893 3594 2952 cernuntur,
3658 2893 3714 2939 et
3774 2882 3957 2953 pluvius

2712 2976 2804 3029 ﬂat
2832 2976 3047 3031 Auster.

2646 3065 2862 3135 Capella
2906 3067 3132 3138 emergit
3174 3083 3344 3139 usque
3371 3068 3437 3123 ad
3461 3067 3821 3139 vespertinum
3848 3063 3956 3118 Ver-

2716 3159 2965 3229 giliarum
2997 3175 3287 3236 occasum.

3118 3269 3284 3325 XXX.

3039 3401 3455 3473 ocronsn.,,

2441 3514 2503 3567 Κ.
2655 3512 2894 3586 Vergiliae
2925 3516 2980 3570 in
3009 3518 3219 3573 Oriente
3243 3530 3506 3587 apparere
3535 3516 3793 3587 incipiunt
3826 3531 3837 3565 :
3862 3513 3954 3565 Au-

2727 3618 2837 3664 ster
2862 3608 2960 3662 ﬁat
2992 3610 3274 3663 matutino.

2438 2797 2508 2851 iv.

2440 3081 2524 3123 PB.

2442 3694 2514 3749 iv.
2642 3696 2803 3751 Iidem
2821 3688 3063 3752 AuStrini
3082 3696 3268 3751 ﬂatus:
3292 3706 3344 3751 et
3363 3695 3718 3769 Vergiliarum
3743 3703 3948 3752 exortus.

2442 3784 2519 3838 iii.
2645 3786 2985 3851 Heniochus,
3049 3788 3103 3840 id
3149 3794 3233 3843 est
3288 3789 3489 3858 Auriga
3540 3789 3765 3854 occidit,
3808 3795 3855 3840 et
3899 3784 3953 3836 ab

2713 3876 2976 3946 Aquilone
3004 3884 3175 3931 tonat.

2440 3979 2523 4017 an.
2656 3963 2809 4020 Haedi
2830 3966 3170 4038 exoriuntur,
3201 3973 3254 4023 et
3279 3967 3434 4037 pluit.

2439 4054 2595 4110 NON.
2636 4056 2849 4112 Corona
2872 4060 3116 4130 emergit,
3149 4068 3202 4115 et
3228 4061 3511 4115 conversio
3534 4047 3619 4115 est
3644 4060 3860 4115 aestatis.

2438 4147 2550 4200 viii.
2644 4149 2842 4204 Arietis
2880 4149 3118 4204 medium
3151 4152 3349 4205 occidit
3378 4167 3499 4205 cum
3532 4150 3839 4223 Scorpione.

2438 4237 2529 4289 vii.
2646 4237 2869 4303 Eadem,
2901 4255 3020 4308 qua:
3048 4241 3221 4310 prior,
3261 4242 3605 4309 signiﬁcatio.

2440 4324 2511 4377 vi.
2642 4327 2852 4381 Corona
2868 4342 2990 4381 cum
3014 4327 3195 4383 Haedis
3216 4330 3457 4383 exoritur
3478 4349 3490 4383 :
3512 4346 3602 4385 aer
3616 4332 3945 4385 conturbatur.

2440 4434 2493 4472 v.
2649 4417 2797 4473 Haedi
2822 4435 2943 4474 cum
2968 4419 3219 4489 Vergiliis
3245 4429 3543 4491 emergunt,
3566 4431 3618 4476 et
3637 4424 3729 4476 ﬁat
3752 4422 3945 4475 Africus.

2657 4508 2816 4564 Libra
2846 4510 2976 4564 oriri
3011 4511 3218 4579 incipit,
3247 4507 3515 4566 Favonius
3542 4514 3729 4581 spirat.

2663 4600 2875 4655 Corona
2901 4604 3142 4657 exoritur
3168 4605 3464 4657 matutino:
3482 4606 3621 4658 venti
3650 4611 3947 4659 commutan-

2736 4704 2846 4758 tur,
2881 4708 3181 4764 asperaque
3210 4694 3265 4747 in
3294 4695 3429 4747 mari
3459 4694 3514 4747 ﬁt
3540 4694 3735 4750 hiems.

2444 4796 2525 4834 pa.
2550 4774 2554 4785 ’
2658 4780 2903 4853 Vergiliae
2926 4784 3263 4843 exoriuntur,
3294 4789 3346 4835 et
3368 4781 3457 4835 ﬂat
3477 4784 3688 4837 Auster.

2443 4870 2527 4923 lD.
2653 4871 2867 4925 Corona
2909 4872 3134 4939 emergit
3174 4890 3189 4926 :
3239 4871 3379 4926 aeris
3417 4874 3784 4937 commutatio,
3819 4882 3863 4927 et
3890 4878 3947 4922 tu-

2721 4962 2923 5016 multus
2944 4960 3019 5014 ﬁt.

2446 5048 2553 5103 xix.
2654 5048 2845 5119 Aquilo
2874 5050 3169 5105 immensus
3199 5049 3307 5104 ﬁat.

2446 5140 2595 5192 xviii.
2657 5141 2914 5195 Autumni
2942 5140 3200 5205 medium,
3232 5150 3285 5197 et
3313 5142 3508 5198 Auster
3530 5143 3639 5197 ﬁat.

2447 5231 2573 5283 xvii.
2648 5229 2809 5284 Orion
2836 5230 3080 5299 emergit,
3105 5240 3159 5285 et
3179 5232 3485 5287 rorulentus
3514 5240 3596 5286 est
3628 5248 3743 5286 aer.

2448 5321 2555 5373 xvi.
2654 5321 2873 5383 Eadem,
2907 5336 3025 5390 qua
3050 5322 3218 5390 prior,
3251 5322 3587 5392 signiﬁcatio.

2448 5426 2534 5463 xv.
2658 5410 2853 5465 Tristis
2872 5418 2924 5463 et
2947 5411 3162 5464 nubilus
3198 5412 3332 5466 dies.

2449 5504 2555 5553 xiv.
2658 5500 2750 5554 Sol
2776 5503 2831 5554 in
2864 5498 3188 5570 Scorpione,
3219 5510 3271 5555 et
3296 5499 3562 5557 Favonius
3588 5504 3778 5573 spirat.

2452 5593 2562 5645 xiii.
2664 5590 2908 5661 Vergiliae
2939 5593 3228 5645 occidunt:
3253 5592 3497 5660 aerisque
3523 5603 3605 5648 est
3626 5586 3946 5649 conturbatios

2452 5683 2543 5737 xii.
2656 5682 2882 5746 Eadem,
2910 5699 3029 5755 quae
3075 5684 3247 5753 prior,
3292 5684 3647 5753 signiﬁcatio,
3698 5687 3791 5743 sed
3821 5684 3943 5739 etiam

2726 5774 2876 5841 pluit.
