4094 6328
688 508 698 515 ,
758 443 858 504 939

1722 419 1810 490 ab
1847 434 2112 491 susse"
2144 432 2529 489 cnnomcoa
2574 431 2943 487 APPENDIX.

755 577 955 632 corpus
1009 559 1254 630 quintum
1314 559 1682 627 incorruptum
1741 569 1803 609 ac
1853 569 2087 624 purum,
2143 567 2299 624 quem

2410 569 2506 604 των
2548 551 2716 620 ἀρχὰς
2754 550 2860 603 τῶν
2903 550 3037 603 ὅλων
3077 549 3295 602 καλοῦσι
3348 549 3480 602 Θεὸν
3528 548 3619 602 καὶ
3666 547 3822 618 ὓλην·
3853 549 3924 601 καί

758 656 955 709 aethera
997 651 1298 708 nominant.
1344 647 1594 704 Socrates
1642 657 1698 702 et-
1733 645 1884 700 Plato
1918 645 2181 715 principia
2215 658 2300 698 re-

758 761 879 799 rum
908 751 1103 798 vocant
1125 740 1290 795 Deum
1318 753 1381 794 ac
1403 739 1703 800 materiam,
1737 738 1934 810 quibus
1954 736 2175 790 tertium
2203 733 2303 788 ad-

753 839 1012 907 jungunt,
1047 832 1189 903 quod
1230 832 1560 902 generationi
1591 829 2034 899 corruptionique
2081 827 2304 893 subjici-

755 936 888 995 tur:
916 941 984 981 ex
1023 924 1107 979 his
1143 924 1404 979 elementa
1447 928 1675 992 quatuor
1719 921 1997 975 exsistere.
2035 916 2305 986 Empedo-

763 1019 874 1073 cles
917 1018 1030 1071 haec
1078 1018 1194 1086 ipsa
1229 1021 1459 1084 quatuor
1505 1014 1766 1082 elementa
1814 1025 1994 1065 rerum
2039 1008 2304 1079 principia

716 1095 728 1104 ”
763 1107 1063 1164 constituit.
1098 1107 1336 1172 Quorum
1368 1105 1541 1176 ignem
1573 1103 1781 1165 Jovem,
1818 1102 1900 1156 vel
1933 1102 2187 1156 aetherem
2211 1117 2307 1170 ap.

764 1199 947 1268 pellat,
989 1204 1185 1251 terram
1224 1194 1511 1258 Iunonem,
1548 1210 1724 1249 aerem
1751 1195 2072 1256 Plutonem,
2114 1206 2306 1261 aquam

764 1287 952 1346 Nestin
995 1287 1226 1341 :horum
1277 1287 1456 1350 vires,
1501 1285 1828 1339 discordiam
1877 1293 1929 1338 et
1975 1279 2304 1346 amicitiam;

766 1381 1089 1437 discordiam
1110 1381 1345 1450 quidem,
1363 1381 1774 1436 dissolutionem
1796 1396 1811 1442 ;
1837 1378 2129 1432 amicitiam
2151 1391 2303 1437 vero,

767 1487 1114 1527 concursum.
1149 1473 1462 1542 Apollonius
1491 1469 1732 1524 Rhodius
1760 1471 1934 1538 primo
1978 1470 2303 1540 Argonauti-
2375 1501 2378 1504 η

767 1578 868 1617 con
895 1561 1164 1632 Orpheum
1200 1561 1328 1615 facit
1360 1561 1462 1616 ista
1492 1561 1758 1614 dicentem
1785 1579 1795 1611 :

767 1675 995 1731 Canebat
1026 1686 1196 1728 autem
1219 1676 1296 1726 uti
1326 1675 1497 1732 tellus.
1526 1690 1585 1726 ac
1615 1675 1795 1727 curtum
1824 1690 2039 1740 superne

767 1745 1005 1800 Primum
1033 1745 1245 1798 invicem
1270 1760 1372 1796 una
1399 1743 1738 1797 coalescentia
1772 1745 1954 1810 specie,

766 1814 1044 1872 Discordia
1075 1828 1138 1867 ea:
1163 1814 1446 1880 perniciosa
1483 1813 1742 1881 disjttncta
1775 1815 1883 1866 sint
1913 1812 2304 1881 seorsigmrquw-

2071 1879 2235 1951 [tibet.

838 1995 965 2049 Vult
997 1995 1138 2051 enim
1181 1994 1485 2064 promiscue
1517 1993 1786 2063 quondam
1836 1994 1974 2047 inter
2024 2007 2082 2046 se
2130 1992 2306 2046 mistis

768 2085 1072 2150 elementis,
1095 2099 1159 2139 ea
1190 2083 1553 2154 postmodum,
1585 2083 1975 2137 interveniente
2011 2081 2306 2142 discordia,

769 2193 798 2229 a
827 2193 886 2231 se
928 2182 1114 2230 mutuo
1140 2189 1258 2231 esse
1282 2176 1591 2244 disjuncta:
1625 2175 1757 2229 adeo
1801 2182 1859 2227 ut
1897 2173 2158 2242 quidquid
2197 2180 2312 2225 erat

769 2277 1045 2324 terrenum
1077 2268 1132 2321 in
1183 2282 1349 2320 unum
1397 2280 1516 2320 sese
1563 2263 1929 2333 conglobarit;
1965 2263 2213 2317 similiter
2259 2269 2313 2316 et

769 2357 914 2426 quod
955 2356 1173 2426 igneum
1219 2361 1335 2408 erat
1378 2354 1434 2406 in
1467 2353 1607 2406 idem
1651 2358 1898 2405 coactum
1930 2350 2112 2413 fuerit,
2165 2355 2223 2403 ut
2261 2356 2314 2403 et

773 2462 927 2518 aquae
957 2445 1219 2516 quidquid
1266 2452 1402 2508 erat,
1440 2443 1506 2497 ad
1543 2443 1627 2499 sui
1657 2443 1865 2508 simile;
1893 2452 1945 2497 et
1983 2440 2051 2495 ad
2086 2442 2137 2496 id
2167 2441 2313 2511 quod

773 2539 877 2594 sibi
909 2546 1192 2608 cognatum
1225 2543 1326 2600 est,
1367 2549 1582 2590 aereum
1617 2549 1775 2589 omne
1803 2532 2082 2588 conﬂuxit.
2116 2532 2313 2588 Thales

775 2625 1013 2683 Milesius
1056 2634 1109 2681 et
1157 2624 1494 2694 Pherecydes
1544 2624 1713 2695 Syrus
1757 2623 2081 2694 principium
2133 2637 2313 2676 rerum

773 2716 1013 2771 omnium
1045 2729 1238 2788 aquam
1272 2729 1393 2771 esse
1417 2712 1711 2769 defendunt
1741 2734 1753 2768 :
1785 2713 1930 2782 quod
1955 2714 2119 2768 etiam
2147 2713 2318 2766 chaos

774 2807 944 2862 fuisse
971 2804 1306 2876 Pherecydes
1334 2806 1637 2868 existimat;
1671 2805 1850 2873 idque,
1884 2810 1943 2856 ut
1974 2811 2216 2872 apparet,
2251 2817 2317 2854 ex

776 2898 1011 2959 Hesiodo
1040 2897 1290 2967 sumpsit,
1325 2898 1417 2966 qui
1448 2896 1528 2949 sic
1557 2893 1798 2964 loquitur
1824 2913 1836 2946 :

984 3006 1151 3076 Igitur
1173 3008 1398 3075 primum
1425 3006 1656 3059 omnium
1687 3005 1841 3060 chaos
1869 3005 2086 3058 exstitit.

845 3115 976 3170 Nam
1007 3117 1074 3171 ab
1104 3131 1167 3172 eo
1202 3115 1349 3190 quod
1379 3125 1462 3171 est
1493 3114 1721 3186 χεῖσθαι,
1761 3113 1933 3182 fundi,
1960 3115 2086 3184 χάος
2113 3112 2317 3167 dictum

777 3301 930 3356 tisse.
970 3296 1108 3352 Sunt
1148 3298 1241 3367 qui
1289 3307 1486 3351 terram
1512 3297 1745 3376 priorem
1791 3294 2043 3349 omnibus
2081 3294 2319 3358 faciant;

778 3406 898 3461 qua
943 3383 1256 3457 compresSa
1290 3394 1600 3455 arctataque
1623 3383 1869 3440 accendit
1903 3383 2102 3454 ignem,
2124 3397 2318 3452 aquam

779 3482 979 3546 emisit,
1010 3494 1188 3536 aerem
1215 3479 1411 3549 ubique
1441 3475 1672 3530 diﬂ‘udit.

1085 3681 1158 3736 De
1187 3681 1548 3734 constitutione
1573 3694 1744 3731 rerum
1765 3691 2014 3729 omnium.

847 3794 904 3847 4.
942 3790 1255 3848 Audiendus
1302 3790 1522 3844 omnino
1552 3787 1887 3857 Chrysippus
1929 3795 2034 3851 est,
2088 3800 2210 3839 cum
2245 3785 2320 3837 ait

779 3897 848 3938 ex
888 3890 1120 3952 quatuor
1161 3880 1438 3938 elementis
1483 3879 1732 3933 universa
1775 3885 2044 3930 constare.
2090 3876 2324 3931 Causam

779 3987 907 4028 vero
935 3972 1305 4044 perpetuitatis
1347 3987 1468 4027 esse
1498 3969 1767 4040 quoddam
1807 3967 2083 4036 gravitatis
2113 3964 2324 4034 aequili-

764 4066 978 4121 brium.
1008 4063 1142 4118 Nam
1177 4079 1301 4118 cum
1329 4063 1512 4133 gravia
1539 4063 1645 4117 sint
1677 4074 1909 4128 corpora
1933 4059 2063 4120 duo,
2099 4065 2241 4111 terra
2270 4064 2324 4110 et

785 4167 945 4222 aqua,
968 4152 1105 4206 levia
1136 4149 1382 4211 totidem,
1420 4149 1562 4219 ignis
1591 4157 1642 4204 et
1671 4163 1800 4213 aer;
1831 4149 2023 4202 borum
2054 4153 2323 4215 tempera~

792 4243 942 4296 tione
973 4240 1139 4296 foveri
1183 4253 1244 4293 ac
1289 4238 1599 4292 conservari
1641 4236 2010 4298 universitatis
2050 4235 2294 4290 ordinem
2311 4252 2333 4298 ;-

714 4369 718 4376 -
787 4338 847 4384 ut
875 4332 1019 4385 enim
1047 4331 1094 4390 si
1121 4332 1301 4401 gravis
1341 4329 1573 4398 mundus
1613 4336 1774 4393 esset,
1808 4327 2061 4383 deorsum
2109 4328 2327 4387 sideret,

783 4424 861 4476 ita
896 4422 942 4476 si
979 4421 1197 4476 levitate
1240 4419 1495 4489 praeditus
1542 4427 1708 4482 esset,
1764 4433 1982 4474 sursum
2021 4418 2324 4472 tolleretur.

2403 643 2580 713 τρίτον
2603 642 2664 694 τὸ
2698 640 3052 710 ὑποκείμενον
3083 640 3290 707 γενέσει
3314 641 3405 692 καὶ
3442 638 3643 710 φθορᾷο
3671 640 3734 692 ὲκ
3757 639 3809 691 δὲ
3832 638 3925 690 τού-

2403 751 2508 786 των
2533 733 2603 784 τὰ
2643 732 2877 801 τέσσαρα
2918 733 3153 799 στοιχεῖα
3192 731 3458 798 γενέσθαι.
3511 729 3924 800 Ἐμπεδοκλῆςδί

2404 824 2577 896 ἀρχάς
2606 841 2736 893 φησι
2765 823 2874 876 τῶν
2910 822 3045 875 ὅλων
3084 824 3151 874 τὰ
3195 821 3432 891 τέσσαρα
3475 824 3726 891 στοιχεῖα.
3759 821 3857 872 Καὶ
3880 821 3924 872 τ’)

2409 916 2504 984 μὲν
2537 914 2644 984 πῦρ
2679 914 2832 966 καλεῖ
2861 913 2958 966 Δία
2990 914 3081 965 καὶ
3117 911 3330 981 αἰθέρα,
3384 912 3482 980 τὴν
3528 911 3585 963 δὲ
3626 910 3730 979 γῆν
3761 911 3923 981 Ἦραν,

2405 1008 2496 1058 τὸν
2540 1008 2596 1059 δὲ
2637 1008 2772 1078 ἀέρα
2816 1007 3097 1070 Ἀϊδωνέα,
3136 1007 3194 1058 τὸ
3228 1006 3283 1059 δὲ
3318 1005 3458 1076 ὕδωρ
3495 1005 3698 1074 Νῆστιν
3723 1021 3734 1032 ·
3775 1002 3924 1064 me

2407 1100 2607 1160 τούτων
2643 1099 2916 1167 δυνάμεις,
2953 1101 3126 1159 νεῖκος
3158 1097 3249 1149 καὶ¹
3286 1096 3497 1164 φιλίαν·
3528 1098 3701 1156 νεῖκος
3732 1094 3822 1163 μὲν
3852 1092 3924 1160 τὴν

2407 1184 2663 1246 διάλυσιν,
2705 1185 2884 1252 φιλίαν
2935 1185 2992 1236 δὲ
3039 1184 3135 1253 τὴν
3178 1183 3412 1236 σύνοδον.
3448 1181 3791 1244 Ἀπολλώνιος
3829 1181 3926 1232 ὃὲὸ

2421 1276 2616 1338 Ῥόδιος
2655 1277 2713 1328 ὲν
2743 1277 2819 1345 τῷ
2865 1275 3064 1346 πρώτῳ
3107 1275 3216 1328 τῶν
3248 1272 3709 1344 Ἀργοναυτικῶν
3757 1272 3926 1337 εἰσάγει

2408 1368 2496 1420 τὸν
2529 1369 2725 1438 Ὀρφέα
2751 1367 2921 1421 ταῦτα
2948 1368 3171 1434 λέγοντα
3200 1385 3211 1396 ·

2410 1666 2642 1720 Ἤειδεν
2670 1666 2720 1717 δ’
2754 1667 2833 1730 ὡς
2863 1664 2997 1732 γαῖα
3023 1666 3120 1717 καὶ
3163 1665 3418 1730 οὐρανὸς
3444 1662 3619 1729 εὐρὺς
3655 1661 3874 1732 ὕπερθε,

2414 1738 2480 1788 Τὸ
2515 1737 2656 1803 πρὶν
2677 1737 2768 1786 ἐπ’
2803 1729 3120 1803 ἀλλήλοισι
3150 1733 3251 1803 μιῇ
3281 1734 3655 1803 συναρηρότα
3680 1729 3882 1798 μορφῇ.

2408 1802 2647 1870 Νείκεος
2673 1806 2740 1868 ἐξ
2761 1803 2955 1857 ὀλοοῖο
2984 1802 3273 1871 διέκριθεν
3301 1804 3484 1870 ἀμφὶς
3509 1802 3749 1854 ἕκαστα.

2412 1980 2580 2033 Πάλαι
2611 1980 2714 2050 γάρ
2745 1995 2870 2030 ποτε
2918 1976 3114 2046 ἀναμὶξ
3161 1979 3470 2048 φερομένων
3512 1977 3614 2030 τῶν
3666 1973 3928 2042 στοιχείων.

2545 2067 2638 2119 τοῦ
2673 2068 2878 2128 νείκους
2927 2067 3147 2136 ὕστερον
3185 2067 3524 2138 διακριθῆναι
3566 2073 3732 2124 αύτάο
3763 2071 3930 2129 παν-ιὰ

2417 2160 2511 2227 μὲν
2538 2157 2629 2210 τοῦ
2651 2158 2879 2226 γεώδους
2905 2156 3291 2231 συστρέφοντος
3319 2162 3396 2221 εἰς
3416 2159 3493 2222 ἓν,
3517 2161 3634 2213 ὅλου
3659 2161 3713 2213 δὲ
3739 2163 3825 2213 τοῦ
3850 2180 3932 2212 πυ-

2416 2250 2614 2320 ρώδους
2671 2253 3096 2322 περιειληθέντος
3155 2256 3232 2317 εἰς
3275 2252 3335 2306 τὸ
3381 2255 3538 2317 αὐτὸ,
3575 2256 3664 2307 καί
3700 2256 3788 2308 τοῦ
3829 2256 3932 2307 ὑδα-

2413 2337 2607 2401 τώδους
2640 2341 2949 2412 συρρέοντος
2975 2343 3053 2404 εἰς
3095 2342 3154 2394 τὸ
3183 2344 3394 2412 ὅμοιον,
3432 2343 3635 2396 καὶτοῦ
3668 2345 3820 2415 ἀέρος
3855 2362 3933 2395 πε·

2413 2430 2715 2500 ριχυθέντος
2769 2433 2902 2503 πρὸς
2956 2433 3016 2485 τὺ
3075 2434 3358 2501 ὁμόφυλον.
3411 2433 3586 2504 Θαλῆς
3626 2435 3678 2486 δὲ
3721 2437 3748 2488 ὁ
3790 2435 3934 2503 Μιλή-

2417 2528 2527 2584 σιος
2556 2525 2648 2575 καὶ
2666 2524 2969 2593 Φερεκύδης
2999 2525 3027 2574 ὁ
3056 2523 3222 2593 Σύρος
3247 2525 3417 2595 ἀρχὴν
3447 2525 3551 2576 τῶν
3581 2527 3711 2580 ὅλων
3733 2528 3790 2577 τὸ
3817 2525 3936 2594 ὕδωρ

2415 2610 2737 2679 ὑφιστῶσιν·
2781 2613 2808 2663 ὃ
2855 2612 2918 2680 δὴ
2961 2614 3053 2664 καὶ
3100 2613 3228 2679 χάος
3277 2614 3430 2665 καλεί
3469 2615 3499 2665 ὁ
3541 2615 3850 2685 Φερεκύδης,
3876 2614 3936 2675 ὡς

2422 2701 2584 2764 εἰκὸς,
2621 2701 2776 2754 τοῦτο
2811 2701 3160 2770 ἐκλεξάμενος
3220 2703 3367 2772 παρὰ
3422 2703 3514 2755 τοῦ
3556 2705 3788 2758 Ἠσιόδου
3821 2697 3939 2757 οὖτὼ

2416 2791 2660 2858 λέγοντος
2679 2810 2690 2821 ·

2657 3001 2819 3056 Ἤτοι
2845 3002 2961 3070 μὲν
2981 3002 3275 3070 πρώτιστα
3299 3003 3444 3072 χάος
3472 3003 3688 3072 γένετο.

2418 3112 2574 3184 Παρὰ
2620 3111 2727 3184 γὰρ
2767 3113 2828 3167 τὸ
2882 3113 3091 3184 χεῖσθαι
3140 3115 3507 3186 ὑπολαμϐάνει
3554 3117 3615 3168 τὸ
3664 3115 3802 3188 ὕδωρ
3832 3117 3941 3187 χάος
4031 3143 4053 3188 η

777 3215 948 3278 putat.
985 3208 1053 3261 At
1083 3206 1355 3263 Heraclito
1387 3208 1560 3278 placet
1588 3215 1712 3260 ante
1733 3206 1915 3260 omnia
1946 3206 2122 3275 ignem
2153 3205 2316 3259 exsti-

2420 3204 2746 3273 ὠνομάσθαι.
2789 3205 3132 3274 Ἡράκλειτος
3177 3206 3234 3258 δὲ
3278 3206 3387 3276 πῦρ
3437 3205 3647 3278 πρῶτόν
3699 3225 3825 3279 φησι
3866 3225 3940 3275 γε-

2421 3295 2651 3362 γονέναι.
2687 3295 2806 3346 Εἰσὶ
2845 3294 2888 3346 δ’
2916 3295 2964 3347 οἳ
2992 3295 3088 3366 τὴν
3127 3296 3230 3366 γῆν
3256 3297 3468 3368 πρῶτον
3509 3298 3722 3366 λέγουσι
3755 3298 3943 3366 γέγονέ·
4052 3337 4053 3358 ;

2421 3401 2528 3449 ναι,
2556 3385 2874 3456 θλιϐομένην
2911 3403 2970 3438 τε
3011 3386 3102 3440 καὶ
3141 3389 3528 3459 σφιγγομένην,
3573 3389 3744 3452 οὕτως
3777 3387 3942 3456 ἑνάψαι

2425 3475 2522 3543 μὲν
2553 3474 2612 3527 τὸ
2634 3474 2762 3544 πῦρ,
2799 3475 3112 3545 ἀναπέμψαι
3139 3476 3197 3530 δὲ
3229 3476 3290 3530 τδ
3310 3477 3472 3548 ὕδωρ,
3511 3478 3775 3532 διαδοῦναι
3802 3477 3943 3530 tem

2372 3566 2377 3572 ’
2423 3566 2575 3636 ἀέρα.

2632 3677 2772 3744 Περί
2797 3674 2904 3743 τῆς
2928 3676 3281 3743 συστάσεως
3303 3676 3422 3732 τῶν
3447 3679 3623 3734 ὅλων.

2491 3785 2552 3837 δ’.
2582 3779 2775 3846 Καλῶς
2802 3783 2867 3838 ἂν
2884 3784 2996 3854 ἔχοι
3017 3785 3294 3839 πείθεσθαι
3311 3786 3388 3857 τῷ
3409 3788 3716 3860 Χρυσίππῳ
3744 3791 3942 3860 φήσαντι

2426 3875 2487 3926 ὲκ
2519 3875 2626 3927 τῶν
2659 3877 2936 3946 τεσσάρων
2966 3876 3239 3947 στοιχείων
3271 3877 3368 3949 τὴν
3411 3877 3667 3932 σύστασιν
3705 3879 3810 3933 τῶν
3833 3879 3944 3933 ὅλων

2425 3969 2720 4035 γεγονέναι.
2745 3967 2920 4022 Αἴτιον
2943 3969 3002 4020 δὲ
3039 3968 3137 4040 τῆς
3167 3971 3334 4040 μονῆς
3367 3970 3569 4023 τούτων
3610 3969 3671 4024 τὸ
3709 3969 3938 4042 ἰσοϐαρὲς.

2427 4055 2529 4107 Δύο
2557 4057 2661 4126 γὰρ
2703 4056 3072 4126 ὑποκειμένων
3112 4057 3338 4129 βαρέων,
3376 4058 3480 4128 γῆς
3516 4059 3609 4112 καὶ
3645 4058 3846 4124 ὓδατος,
3870 4057 3944 4109 δύο

2427 4147 2480 4199 δὲ
2514 4150 2743 4217 κούφων,
2773 4153 2940 4222 πυρὸς
2969 4151 3062 4203 καὶ
3095 4151 3277 4221 ἀέρος,
3311 4149 3409 4221 τὴν
3432 4151 3643 4205 τούτων
3683 4151 3943 4222 σύγκρασιν

2429 4239 2602 4295 αἰτίαν
2630 4239 2766 4296 εἰναι
2799 4244 2906 4313 τῆς
2929 4243 3020 4295 τοῦ
3054 4242 3250 4305 παντὸς
3280 4241 3518 4306 τάξεως·
3550 4241 3737 4314 ὥσπερ
3767 4243 3880 4312 γὰρ,
3906 4240 3942 4292 εἰ

2427 4325 2494 4399 ἦν
2525 4333 2553 4384 ὁ
2575 4333 2774 4402 κόσμος
2809 4331 2997 4402 βαρὺς,
3032 4332 3180 4386 κάτω
3203 4332 3269 4385 ἂν
3301 4331 3560 4402 ἐφέρετο*
3593 4333 3784 4398 οὕτως,
3808 4330 3944 4384 εἰκαί

2431 4420 2646 4489 κοῦφος.
2681 4422 2814 4475 ἄνω.
2859 4422 3026 4474 Μένει
3067 4421 3121 4473 δὲ
3172 4420 3250 4491 τῷ
3300 4420 3412 4475 ἴσον
3457 4420 3596 4492 ἔχειν
3645 4425 3706 4477 τὸ
3743 4418 3945 4494 papas;

786 4512 964 4568 Manet
992 4513 1156 4584 igitur
1179 4511 1317 4575 ideo,
1355 4512 1497 4580 quod
1530 4511 1750 4581 paribus
1776 4510 2083 4565 examinata
2119 4509 2320 4578 ponde-

2433 4508 2632 4579 κούφῳ.
2664 4510 2766 4563 Τὸν
2793 4510 2848 4562 δὲ
2881 4509 3071 4580 αἰθέρα
3094 4511 3186 4563 καὶ
3208 4511 3586 4582 οὐρανὸν,οεῖτε
3609 4515 3638 4566 ὁ
3670 4515 3839 4576 αὐτὸς,
3859 4510 3944 4562 εἴτε

788 4603 939 4658 rious
979 4603 1050 4657 sit
1093 4603 1150 4656 in
1181 4615 1246 4656 eo
1292 4602 1527 4672 gravitas
1555 4609 1608 4655 et
1649 4601 1858 4656 levitas.
1901 4599 2072 4653 Porro
2115 4599 2312 4653 aethera

786 4695 1112 4764 malumque,
1161 4694 1272 4748 sive
1311 4691 1454 4746 idem
1482 4692 1573 4755 sit,
1599 4692 1711 4746 sive
1737 4690 1945 4745 dill‘erat
1969 4731 1984 4755 ,
2014 4697 2165 4745 extra
2193 4706 2318 4745 esse

788 4783 1020 4838 rotunda
1059 4783 1228 4853 ﬁgura
1255 4800 1271 4836 :
1301 4782 1441 4835 intra
1472 4780 1616 4833 hunc
1647 4782 1885 4850 proxime
1931 4794 2110 4834 aerem
2161 4794 2326 4843 esse;

791 4875 883 4946 qui
911 4877 967 4930 in
986 4874 1172 4929 orbem
1205 4874 1542 4928 extrinsecus
1565 4880 1726 4926 terra
1744 4877 1797 4924 et
1828 4871 1942 4940 ipse
1962 4870 2330 4925 circumfusus

787 4964 895 5024 est.
917 4968 1063 5022 Intra
1091 4979 1252 5035 quem
1280 4965 1438 5019 tertia
1473 4964 1777 5017 continetur
1802 4976 1953 5030 aqua:
1979 4962 2189 5030 sphaera
2217 4970 2327 5016 ter-

787 5072 903 5112 ram
941 5057 1201 5119 ambiens,
1252 5060 1306 5108 et
1344 5054 1483 5106 inter
1523 5054 1664 5106 hanc
1705 5059 1866 5119 atque
1895 5063 2074 5105 aerem
2107 5050 2331 5118 interje-

787 5155 894 5199 cta.
933 5145 1159 5199 Mediam
1192 5142 1434 5198 omnium
1468 5155 1593 5195 esse
1618 5151 1836 5206 terram,
1877 5154 1996 5209 quae
2031 5141 2225 5204 centri,
2264 5145 2325 5192 ut

788 5240 841 5288 in
871 5234 1120 5302 spbmris,
1144 5235 1308 5289 situm
1333 5241 1385 5288 et
1407 5232 1827 5301 magnitudinem
1857 5233 2080 5286 obtinet:
2104 5232 2183 5286 Ad
2212 5232 2328 5287 haec

790 5329 1029 5396 reliquas
1062 5333 1172 5380 tres
1210 5333 1508 5394 quatuorve
1534 5325 1778 5394 sphaeras
1807 5326 2198 5393 circumvolvi;
2235 5339 2330 5380 so-

791 5417 896 5467 lam
940 5414 1267 5469 immobilem
1297 5415 1495 5469 haerere
1521 5421 1741 5468 terrain.
1778 5412 1855 5466 Ac
1904 5415 2166 5482 sphaeram
2211 5414 2337 5483 qui-

793 5504 912 5557 dem
960 5505 1098 5574 ignis
1145 5504 1517 5569 extrinsecus;
1555 5504 1782 5558 interius
1827 5513 2006 5557 autem
2043 5505 2184 5559 aeris
2227 5505 2334 5558 cir-

794 5596 1003 5662 cumagi
1031 5602 1250 5648 sumunt
1291 5577 1628 5650 Archimedis
1659 5595 1930 5664 discipuli.
1984 5595 2049 5649 At
2079 5594 2132 5650 in
2164 5597 2338 5652 medio

796 5695 946 5751 aqua:
1005 5693 1264 5753 terraeque
1312 5685 1502 5755 globos
1548 5685 1669 5739 ideo
1718 5687 2048 5752 consistere,
2090 5691 2246 5758 quodt
2290 5689 2334 5743 si

795 5774 918 5845 quis
950 5775 1184 5828 omnium
1211 5776 1526 5844 gravissima
1569 5792 1792 5848 corpora
1816 5821 1830 5845 ,
1875 5786 2002 5848 puta
2039 5781 2336 5849 plumbum,

2437 4599 2705 4671 διάφορος,
2744 4600 2942 4665 ἔξωθεν
2991 4597 3149 4666 εἶναι,
3212 4603 3493 4674 σφαιρικὸν
3547 4604 3729 4674 σχῆμα
3773 4605 3943 4673 ἔχοντα.

2438 4691 2589 4744 Μετὰ
2613 4691 2668 4744 δὲ
2696 4691 2879 4746 τοῦτον
2903 4693 3050 4756 ἐντὸς
3076 4693 3239 4746 αὐτοῦ
3265 4693 3357 4746 τὸν
3373 4694 3512 4764 ἀέρα
3533 4691 3690 4757 εἶναι,
3715 4696 3802 4748 καὶ
3818 4693 3947 4746 αὐτὸν

2442 4782 2740 4853 σφαιρικῶς
2770 4783 3142 4853 περικείμενον
3182 4784 3377 4849 ἔξωθεν
3404 4789 3470 4856 τῇ
3511 4789 3580 4857 γῇ
3603 4804 3619 4818 ι
3642 4787 3880 4858 ἐνδοτέρω
3905 4785 3948 4836 δὲ

2439 4873 2600 4926 αὐτοῦ
2631 4873 2818 4944 τρίτην
2845 4870 2983 4928 εἶναι
3011 4877 3242 4946 σφαῖραν
3271 4874 3371 4945 τὴν
3395 4875 3489 4928 τοῦ
3515 4877 3702 4940 ὓδατος
3731 4881 3849 4949 περὶ
3870 4877 3946 4929 αὑ·

2439 4964 2535 5034 τὴν
2565 4965 2661 5035 τὴν
2690 4964 2792 5034 γῆν
2819 4967 3015 5035 μεταξὺ
3043 4966 3137 5020 τοῦ
3178 4966 3337 5036 ἀέρος
3381 4967 3482 5020 καὶ,
3506 4969 3601 5038 τῆς
3639 4969 3760 5038 τῆς.
3798 4967 3873 5020 Ἑν
3905 4964 3947 5016 δὲ

2438 5055 2516 5124 τῷ
2555 5057 2857 5128 μεσαιτάτῳ
2880 5058 2978 5129 τὴν
3013 5059 3118 5128 γῆν
3141 5053 3300 5123 εἶναι,
3329 5058 3552 5129 κέντρου
3584 5059 3736 5122 τάξιν
3763 5057 3846 5110 καὶ
3878 5054 3947 5123 μὲ-

2441 5148 2596 5212 γεθος
2627 5147 2944 5217 ἐπέχουσαν,
2974 5149 3050 5212 ὡς
3079 5149 3134 5200 αἰ
3165 5150 3406 5220 σφαῖραι.
3439 5150 3549 5201 Καὶ
3577 5149 3674 5210 τὰς
3699 5148 3797 5217 μὲν
3821 5145 3948 5205 ἄλλως

2441 5239 2585 5306 τρεῖς
2631 5238 2858 5307 σφαίρας
2911 5237 2944 5308 ἢ
3001 5237 3268 5308 τέσσαρας
3317 5237 3735 5306 περιδινεῖσθαι·
3794 5236 3875 5306 τὴν
3906 5233 3947 5284 ἃ

2440 5331 2537 5399 τῆς
2563 5331 2664 5397 γῆς
2702 5330 2864 5398 μόνην
2917 5328 3150 5380 ἑστάναι.
3185 5328 3421 5394 Ἐξωθεν
3470 5328 3526 5379 δὲ
3563 5329 3660 5398 τὴν
3691 5327 3784 5380 τοῦ
3816 5325 3948 5394 πυρὸς

2445 5422 2698 5489 σφαῖραν,
2744 5423 2833 5472 καὶ
2867 5419 3120 5488 ἐνδοτέρω
3153 5419 3288 5488 μετὰ
3331 5418 3533 5487 ταύτην
3573 5419 3670 5488 τὴν
3706 5416 3800 5469 τοῦ
3825 5415 3944 5482 ἀέρῦς

2443 5509 2729 5563 δεδώκασιν
2773 5512 2821 5562 οἰ
2863 5509 3226 5579 Ἀρχιμήδειοι
3273 5507 3670 5577 περιδινεῖσθαι.
3714 5509 3801 5559 Ἐν
3836 5507 3947 5574 μέσῳ

2444 5601 2486 5652 δ’
2519 5599 2651 5653 εἶναι
2698 5601 2794 5672 τὴν
2835 5600 2927 5652 τοῦ
2979 5600 3165 5663 ὓδατος
3202 5601 3298 5652 καὶ
3346 5600 3441 5670 τὴν
3483 5599 3584 5668 τῆς
3635 5600 3733 5668 γῆς
3764 5597 3844 5650 διὰ
3875 5591 3946 5658 τὴν

2445 5693 2694 5762 τοιαύτην
2729 5692 2921 5745 αἰτίαν.
2965 5693 3031 5745 Εἰ
3069 5711 3150 5755 τις
3193 5693 3319 5762 γὰρ,
3359 5691 3508 5760 φασὶ,
3554 5691 3703 5744 λάϐοι
3743 5689 3842 5741 τῶν
3869 5700 3944 5736 σω-

2450 5785 2630 5854 μάτων
2663 5783 2726 5836 τὰ
2771 5783 3061 5855 βαρύτατα,
3090 5779 3198 5837 οἷον
3231 5782 3494 5856 μόλιϐδον,
3539 5781 3631 5833 καὶ
3664 5779 3820 5833 πάλιν
3846 5766 3946 5829 αὐτὶ
