4094 6328
226 468 322 527 941

952 472 1264 530 ACHILLIS
1302 475 1479 531 TATlI
1515 472 1807 530 ISAGOGE
1845 434 1933 529 in
1973 466 2183 534 sum
2223 476 2685 533 PHENOMENA.

3312 472 3422 537 942'

225 583 291 635 τά
317 583 638 652 κουφότατα,
668 580 774 639 οἷον
800 588 1005 654 φελλὸν,
1033 591 1123 642 καὶ
1151 590 1239 643 ἴσα
1268 590 1510 660 ἀλλήλοις
1537 594 1768 662 στήσειε,

1876 608 1973 646 nec
2019 609 2127 648 non
2174 594 2274 647 alia
2338 594 2630 657 levissima,
2680 593 2824 647 velut
2872 592 3054 659 suber,
3099 594 3164 648 ad
3208 596 3427 664 pondus

225 676 318 729 καὶ
347 676 641 746 ίσόσταθμα
674 680 931 747 ποιήσειε,
960 683 1053 733 καὶ
1088 682 1361 751 συνδήσειε
1386 699 1399 712 ·
1438 682 1769 752 συμϐήσεται

228 764 515 835 μηδέτερον
536 767 639 819 ὑπὸ
661 768 753 818 τοῦ
775 769 956 839 ἐτέρου
982 772 1230 824 ἕλκεσθαι
1249 788 1262 802 ⁸
1291 767 1419 837 οἷον,
1446 772 1499 824 at
1517 790 1598 835 τις
1626 772 1769 841 βάλοι

222 852 393 907 ταῦτα
416 858 495 920 είς
520 856 811 921 θάλασσαν,
842 862 1172 932 συμϐήσεται
1215 864 1351 933 μήτε
1375 865 1544 916 ,κάτω
1585 867 1662 927 εἰς
1684 865 1769 917 τὸν

226 944 383 1014 βυθὸν
437 949 788 1004 καθέλκεσθαι
830 953 917 1005 τὸν
964 954 1152 1021 φελλὸν
1207 955 1309 1007 ὑπὸ
1352 956 1445 1007 τοῦ
1503 956 1769 1025 μολίϐδου,

225 1039 363 1107 μήτε
388 1037 477 1091 τὸν
522 1039 762 1109 μόλιϐδον
806 1042 908 1095 ὑπὸ
950 1043 1056 1097 τῶν
1104 1043 1307 1111 φελλῶν
1345 1047 1661 1099 ἀνέλκεσθαι
1694 1049 1771 1108 εἰς

219 1129 321 1198 τὴν
344 1130 656 1198 ἐπιφάνειαν
693 1131 785 1185 τοῦ
829 1133 1039 1197 ὓδατος·
1069 1135 1181 1187 ἀλλ’
1211 1136 1400 1206 ἐπίσης
1422 1138 1510 1188 ὑπ’
1530 1136 1770 1207 ἀλλήλων

221 1219 584 1291 ἀνθελκόμενα
615 1222 813 1291 μεταξὺ
837 1224 934 1293 τῆς
977 1226 1290 1293 ἐπιφανείας
1336 1226 1429 1278 τοῦ
1471 1226 1655 1290 ὓδατος
1682 1227 1771 1295 καί

219 1310 314 1363 τοῦ
344 1310 499 1380 βυθοῦ
528 1307 662 1366 εἶναι
694 1314 784 1367 τὸν
812 1308 1054 1383 μόλιϐδον
1088 1316 1181 1369 καὶ
1216 1316 1305 1368 τὸν
1335 1315 1542 1384 φελλόν.
1570 1317 1771 1369 Τεσσά-

224 1417 332 1468 ρων
362 1397 453 1453 οὖν
481 1401 648 1455 ὄντων
679 1404 783 1455 τῶν
808 1405 1100 1473 στοιχείων,
1126 1405 1434 1475 συμϐέϐηκε
1460 1406 1518 1457 τὸ
1545 1405 1654 1475 πῦρ
1678 1406 1771 1458 καὶ

220 1492 313 1543 τὸν
340 1491 493 1563 ἀέρα,
530 1494 832 1560 κουφότατα
859 1495 1003 1559 ὄντα,
1039 1496 1130 1547 ἐπὶ
1167 1496 1263 1565 τὴν
1293 1497 1404 1549 ἄνω
1434 1496 1600 1566 φορὰν
1629 1496 1770 1565 ἔχειν

220 1581 321 1651 τὴν
352 1583 545 1654 ὁρμὴν,
584 1585 675 1636 καὶ
715 1584 1113 1655 περιδινεῖσθαι.
1148 1586 1267 1639 Ὅτι
1307 1586 1362 1637 δὲ
1392 1585 1503 1657 πῦρ
1535 1586 1628 1639 καὶ
1665 1587 1770 1657 ἀὴρ

221 1674 522 1740 κουφότατα
548 1676 640 1727 καὶ
669 1676 941 1746 ἀνωφερῆ,
959 1676 1112 1746 δῆλον
1130 1676 1228 1746 μὲν
1253 1676 1344 1728 καὶ
1372 1677 1435 1727 ἐκ
1458 1676 1556 1744 τῆς
1578 1676 1767 1744 ὅψεως·

219 1764 356 1815 ἀλλὰ
394 1765 499 1834 μὴν
528 1766 621 1818 καὶ
657 1767 720 1818 ἐκ
758 1766 864 1819 τῶν
903 1768 1050 1837 παρὰ
1087 1769 1198 1829 τοῖς
1239 1770 1439 1838 ἰατροῖς
1468 1770 1688 1833 σικυῶν,
1715 1771 1771 1822 ἐν

221 1851 307 1915 αἷς
346 1855 557 1926 ὁρῶμεν
601 1856 1104 1926 ἀπολαμϐανόμενον
1134 1857 1193 1909 τὸ
1246 1858 1355 1929 πῦρ
1386 1859 1499 1928 ἅμα
1541 1860 1614 1928 τῷ
1646 1860 1767 1930 ἀέρι

1870 683 2076 751 aequale
2121 684 2319 752 capiat,
2373 695 2425 737 et
2478 684 2705 738 invicem
2748 683 2966 752 alliget;
3014 683 3142 738 illud
3192 682 3421 752 accidet,-

1872 784 2120 825 neutrum
2168 781 2227 825 ut
2267 774 2335 827 ab
2380 773 2552 827 altero
2601 774 2947 843 trahi‘possit
2974 784 3079 829 :«ut
3123 776 3168 831 si
3208 775 3331 845 quis
3362 776 3421 829 in

1872 880 2019 921 mare
2048 866 2152 920 ista
2180 867 2451 936 projiciat,
2488 882 2661 937 neque
2690 868 2855 922 suber
2888 870 2941 922 in
2972 867 3299 939 profundum
3326 867 3421 922 de-

1872 956 2157 1028 primatur.
2180 972 2211 1011 a
2240 958 2483 1026 plumbo,
2528 974 2703 1029 neque
2732 959 3010 1028 plumbum
3052 959 3118 1012 ad
3152 970 3420 1015 summam

1872 1057 2066 1112 aquam
2104 1058 2135 1097 a
2158 1046 2355 1101 subere
2382 1047 2556 1115 possit
2584 1048 2756 1101 attolli
2782 1067 2799 1102 ;
2822 1048 2913 1103 sed
2952 1063 3018 1102 ex
3051 1063 3206 1117 :equo
3238 1048 3420 1102 u'trin‘o

1871 1149 1975 1202 que
1999 1141 2171 1189 tracta
2192 1137 2354 1190 suber
2384 1145 2438 1192 et
2461 1138 2741 1206 plumbum
2772 1154 3036 1194 summam
3062 1138 3202 1193 inter
3222 1136 3422 1207 aquam

1873 1224 2206 1294 fundumque
2235 1240 2502 1294 suspensa
2540 1234 2849 1282 teneantur.
2896 1226 3256 1291 Quamobrem
3294 1243 3419 1281 cum

1874 1316 1983 1368 sint
2008 1315 2270 1371 elementa
2294 1324 2549 1388 quatuor,
2584 1315 2779 1371 accidit
2820 1324 2878 1369 ut
2901 1317 3043 1386 ignis
3072 1325 3125 1371 et
3156 1330 3269 1381 aer,
3297 1326 3427 1386 quae

1872 1415 2000 1460 sunt
2032 1406 2331 1470 levissima,
2366 1422 2583 1462 sursum
2618 1415 2810 1475 suapte
2855 1414 3048 1476 sponte
3107 1415 3420 1476 naturaeque

1872 1497 2071 1564 impetu
2102 1498 2366 1561 ferantur,
2397 1507 2449 1553 et
2486 1500 2540 1551 in
2569 1498 2755 1569 orbem
2781 1497 3074 1566 agitentur.
3105 1496 3242 1550 Nam
3272 1497 3421 1567 quod

1874 1588 2009 1655 ignis
2033 1598 2086 1641 et
2118 1603 2209 1642 aer
2238 1590 2517 1644 levissima
2547 1602 2779 1659 corpora
2812 1590 2943 1654 sint,
2968 1596 3022 1642 ct
3051 1582 3270 1643 sursum
3301 1596 3421 1642 ten-

1872 1678 2073 1739 dentia,
2130 1692 2252 1730 cum
2303 1680 2583 1732 oculorum
2636 1694 2799 1733 sensu
2858 1678 3253 1742 discernimus,
3302 1683 3427 1731 tum‘

1872 1768 2201 1823 medicorum
2229 1769 2525 1823 cucurbita:
2545 1769 2959 1833 demonstrant;
2983 1767 3181 1837 quibus
3208 1766 3422 1821 inclusa

1871 1859 2115 1913 videmus
2163 1860 2321 1912 ambo
2371 1873 2435 1912 ex
2466 1857 2572 1928 76
2592 1858 2703 1911 alto
2754 1856 3073 1928 sanguinem
3114 1854 3425 1910 extrahere.-

219 1945 312 1996 τοῦ
555 1946 712 2014 βάθος
763 1916 985 2014 αἵματός
1038 1948 1134 2018 τὴν
1184 1916 1465 2020 ἀναγωγήν
1521 1916 1769 2019 ποίουμξέ-

1872 1950 2015 2004 Idem
2065 1960 2115 2005 et
2160 1952 2507 2005 lucernarum
2553 1949 2693 2019 iguis
2741 1949 3005 2003 ostendit.
3052 1942 3153 2014 Qui
3202 1948 3423 2004 sursum

219 2054 333 2099 νοις
360 2036 451 2089 αν,
486 2036 642 2089 Ἀλλά
676 2039 768 2089 καὶ
808 2038 1025 2090 ἀπὸτοῦ
1070 2040 1126 2091 ὲν
1172 2043 1283 2102 τοῖς
1323 2040 1532 2109 λύχνοις
1579 2042 1764 2112 πυρδςν

219 2125 355 2193 ὅπερ
384 2126 493 2178 ἀνω
523 2126 827 2196 φερόμενον
860 2126 919 2179 τὸ
951 2129 1007 2180 ὲν
1048 2130 1110 2197 τῇ
1149 2129 1415 2200 κοιλότητι
1452 2129 1543 2182 τοῦ
1577 2131 1768 2200 λύχνου

219 2214 395 2267 ἔλαιον
421 2216 693 2285 ἀνιμᾶται.
732 2215 884 2268 Ἀλλά
921 2217 1025 2286 μὴν
1070 2218 1163 2269 καὶ
1203 2218 1355 2271 δαλὸν
1381 2221 1433 2272 εἴ
1455 2235 1538 2282 τις
1568 2218 1770 2287 ἐξάψας

222 2304 486 2373 στρέψειε,
527 2306 675 2359 κάτω
718 2305 972 2375 φέρεσθαι
999 2306 1059 2358 τὸ
1092 2307 1200 2377 πῦρ
1246 2310 1345 2360 οὐκ
1381 2307 1452 2378 ἂν
1482 2309 1729 2378 δυνηθείη
1753 2326 1765 2337 ·

218 2372 471 2466 ἀνωφερῆ
501 2396 608 2466 γὰρ
642 2372 904 2469 ίσχέιῄτὴν
923 2401 1113 2470 ὁρμήν.
1147 2372 1311 2452 Ιίάλιν
1338 2398 1394 2450 δέ
1419 2372 1472 2450 εἴ
1492 2416 1575 2461 τις
1598 2372 1769 2451 ’ἀσκδν

219 2479 442 2549 πλήσειε
466 2481 769 2551 πνεύματος
792 2488 881 2535 καὶ
899 2484 1241 2553 ἅποσφίγξει,
1264 2485 1404 2557 ῥίψει
1429 2484 1482 2538 δὲ
1500 2488 1578 2548 είς
1608 2486 1764 2557 ὕδωρ·

217 2570 370 2622 οὐδὲν
393 2566 549 2641 ἦττον
577 2573 889 2637 ἐπιπολάζει
929 2577 958 2627 ό
994 2576 1175 2637 ἀσκός.
1208 2576 1327 2628 Ὅτι
1354 2576 1409 2628 δὲ
1440 2578 1472 2644 ἡ
1498 2577 1566 2646 γῆ
1597 2576 1687 2628 καὶ
1711 2578 1771 2628 τὸ

219 2660 365 2731 ὓδωρ
390 2661 559 2732 βαρέα
585 2665 677 2718 καὶ
705 2682 917 2733 κατωφε
928 2665 1014 2735 ρῆ,
1042 2666 1099 2717 οὐ
1128 2666 1207 2718 δεῖ
1232 2664 1412 2733 λόγου,
1452 2667 1548 2736 τῆς
1578 2666 1769 2735 πείρας

217 2750 567 2822 διδασκούσης
592 2794 605 2807 .
644 2754 753 2824 Τὴν
780 2754 835 2807 δὲ
867 2744 1035 2821 τάξιν,
1080 2758 1143 2825 ἣν
1183 2755 1484 2825 δεδώκαμεν
1515 2755 1592 2826 τῷ
1618 2772 1771 2823 σφαι-

220 2839 453 2913 ρὼματι,
484 2846 530 2897 oi
568 2844 810 2915 Ὀρφικοὶ
842 2842 1055 2914 λέγουσι
1082 2846 1462 2917 παραπλησίαν
1494 2843 1628 2900 εἶναι
1661 2849 1770 2907 τοῖς

217 2934 363 2997 ὠοῖς.
396 2934 490 2989 Ὃν
519 2936 625 3005 γάρ
654 2936 764 3005 ἔχει
791 2937 945 3003 λόγον
982 2940 1041 2990 τὸ
1067 2938 1296 3008 λέπυρον
1321 2940 1378 2990 ἐν
1415 2938 1492 3008 τῷ
1516 2938 1626 3006 ὠῷ,
1651 2937 1771 2990 τοῦ-

216 3042 307 3077 τον
342 3025 481 3095 ἔχειν
511 3029 567 3078 ἐν
597 3026 673 3094 τῷ
696 3027 852 3079 παντὶ
876 3028 964 3078 τὸν
989 3028 1210 3096 οὐρανόν
1231 3045 1242 3056 ·
1270 3028 1362 3080 καὶ
1385 3028 1460 3091 ὼς
1482 3028 1769 3098 ἐξήρτηται

216 3116 311 3169 τοῦ
338 3117 564 3186 ούρανοῦ
598 3118 931 3188 κυκλοτερῶς
961 3121 989 3171 ὁ
1032 3118 1211 3189 αἰθὴρ,
1244 3118 1384 3173 οὕτω
1416 3118 1507 3171 τοῦ
1536 3119 1769 3192 λεπύρου

215 3209 254 3292 δ
273 3209 437 3278 ὑμήν.
475 3209 630 3262 Κατὰ
659 3209 714 3262 δέ
746 3226 913 3272 τινας,
954 3209 1135 3280 ἐπειδὴ
1175 3210 1202 3261 ό
1235 3210 1457 3280 οὐρανὸς
1494 3210 1586 3262 καὶ
1609 3210 1770 3280 αἰθὴρ
1798 3236 1839 3292 C

218 3291 298 3359 εἷς
338 3296 472 3359 ἐστι,
504 3296 639 3366 μετὰ
664 3296 721 3350 δὲ
752 3297 936 3351 τοῦτον
956 3302 984 3351 ό
1007 3301 1113 3369 ἀήρ
1134 3317 1145 3329 ·
1183 3298 1333 3352 ἔσται
1367 3299 1424 3350 ἐν
1450 3300 1559 3362 τοῖς
1586 3299 1710 3362 ὠοίς
1745 3303 1771 3351 ό

217 3387 361 3458 ὑμὴν
394 3387 485 3441 τοῦ
508 3389 665 3458 ἀέρος
690 3389 841 3452 τάξιν
877 3390 1089 3460 ἐπέχων
1115 3394 1182 3461 ’ὴ
1214 3390 1268 3441 δὲ
1301 3389 1465 3460 λευκὴ
1493 3388 1625 3460 σάρξ
1652 3392 1684 3460 ὴ
1715 3393 1777 3441 ἐν

215 3476 295 3547 τῷ
318 3477 429 3547 ὠῷ,
469 3478 518 3530 εί
547 3478 644 3549 τὴν
684 3478 777 3530 τοῦ
823 3479 981 3549 ἀέρος
1022 3480 1172 3543 τάξιν
1217 3479 1421 3549 ἐπέχει,
1452 3478 1600 3531 ἔσται
1637 3482 1670 3549 ὴ
1694 3480 1772 3532 λέ-

219 3570 368 3632 κιθος
396 3567 490 3621 τοῦ
514 3561 621 3621 ὡοῦ
658 3569 754 3638 τὴν
783 3567 877 3621 τοῦ
908 3569 1095 3632 ὓδατος
1124 3569 1274 3631 τάξιν
1311 3570 1577 3639 ἐπέχουσα
1596 3588 1609 3600 ⁸
1636 3570 1695 3622 τὸ
1719 3570 1772 3622 5's

218 3658 614 3712 ὲνδότατον-καὶ
648 3659 965 3728 μεσαίτατον
996 3659 1090 3728 τῆς
1114 3652 1323 3711 λεκίθου
1355 3658 1451 3728 τὴν
1475 3658 1625 3722 τάξιν
1651 3658 1769 3728 ἔχον

215 3749 317 3817 τῆς
348 3734 464 3818 γῆς.
487 3751 548 3802 Εί
572 3745 627 3802 δὲ
656 3750 827 3819 ὑμένα
849 3749 939 3802 τὸν
968 3752 1026 3802 ἐν
1059 3750 1136 3816 τῷ
1164 3749 1255 3819 ὠῷ
1282 3749 1401 3802 ἀντὶ
1428 3748 1519 3801 τοῦ
1558 3749 1769 3819 αίθέρος

214 3840 488 3910 λάϐωμεν,
511 3842 571 3894 τὸ
594 3841 699 3894 τῶν
727 3840 949 3911 ὀρνίθων
977 3842 1128 3909 γάλα
1150 3842 1263 3894 ἀπ’
1289 3843 1448 3909 ἀέρος
1476 3840 1645 3904 ἔσται,
1680 3841 1770 3892 καὶ

213 3934 250 4003 ἡ
291 3931 486 3995 ἔξωθεν
516 3932 785 4003 περιφορά
820 3931 918 4001 τῆς
964 3932 1175 3985 λεκίθου
1210 3934 1328 4011 ἀντὶ
1372 3933 1555 3995 ὓδατος
1576 3950 1588 3961 ·
1623 3932 1684 3984 τὸ
1714 3932 1783 3997 δὲ⁵

215 4020 500 4073 ἐνδότατον
527 4020 620 4072 καὶ
656 4020 973 4089 μεσαίτατον
1008 4021 1126 4073 ἀντὶ
1172 4021 1271 4089 τῆς
1298 4023 1416 4090 γῆς.
1450 4020 1688 4074 Καθόλου
1712 4020 1767 4072 δὲ

215 4109 313 4163 ἐὰν
342 4109 500 4161 πέντε
532 4108 761 4179 σφαίρας
799 4108 1038 4179 εἴπωμεν
1076 4109 1215 4163 κατὰ
1256 4099 1345 4161 τδν
1376 4110 1766 4179 Ἀριστοτέλην,

214 4199 276 4253 τδ
298 4199 575 4253 ἐνδὸτατον
600 4200 696 4269 τῆς
735 4198 945 4252 λεκίθου
986 4200 1102 4252 ἀντὶ
1134 4199 1232 4269 τῆς
1274 4200 1375 4270 γῆς
1412 4198 1767 4269 παραληφθή-

216 4305 370 4342 σεται
388 4305 401 4319 ·
435 4287 528 4341 ἐὰν
557 4288 614 4341 δέ
642 4287 904 4358 τέσσαρας
932 4290 1072 4342 κατά
1098 4289 1223 4351 τοὺς
1254 4287 1465 4352 ἄλλους,
1494 4289 1587 4359 ὅλη
1618 4290 1650 4358 ἡ
1679 4289 1765 4342 λέ-

216 4378 369 4442 κιθος-
392 4378 515 4431 ἀντὶ
546 4380 643 4448 τῆς
671 4379 771 4449 γῆς
797 4378 966 4442 ἔσται,
994 4380 1054 4431 οὺ
1083 4378 1223 4432 κατά
1263 4384 1322 4432 τὸ
1356 4378 1600 4448 μέγεθος,
1633 4379 1766 4431 ἀλλὰ

214 4470 357 4524 κατά
380 4469 485 4539 τὴν
509 4469 676 4533 τάξιν.

285 4647 422 4705 Ὀτι
439 4648 497 4701 δέ
522 4632 615 4701 καὶ
635 4646 861 4715 ἕστηκεν
888 4648 922 4716 ἠ
969 4649 1061 4716 γῆ,
1106 4648 1501 4718 παραδείγματι
1531 4648 1763 4717 χρῶνται

212 4740 407 4809 τούτῳ.
434 4738 503 4791 El
521 4753 624 4800 τις,
662 4735 843 4804 φασὶν,
892 4736 971 4797 είς
1007 4734 1219 4804 φύσκαν
1250 4736 1478 4806 κέγχρον
1526 4736 1695 4804 βάλοι,
1730 4738 1762 4807 ἢ

215 4830 421 4884 κόκκον
438 4826 632 4898 φακοῦ,
668 4827 762 4882 καὶ
794 4827 1069 4895 φυσήσειε,
1108 4829 1201 4879 καὶ
1238 4828 1565 4897 ἐμπλήσειεν
1598 4828 1765 4897 αὐτὴν

215 4921 406 4991 ἀέρος’
440 4919 769 4991 συμϐήσεται
808 4917 1230 4990 μετεωρισθέντα
1256 4917 1343 4969 τὸν
1368 4917 1561 4970 κόκκον
1586 4919 1643 4969 ὲν
1672 4917 1773 4987 μέτ

216 5027 305 5080 σῳ
331 5010 437 5080 τῆς·
454 5008 691 5072 κύστεως
715 5010 920 5080 στῆναι.
951 5010 1059 5062 Καὶ
1081 5007 1187 5077 τὴν
1212 5008 1315 5077 γῆν
1346 5008 1403 5061 δέ
1432 5006 1765 5075 πανταχόθεν

215 5101 331 5153 ύπὺν
356 5100 451 5153 τοῦ
488 5099 646 5167 ἀέρος
685 5098 1015 5170 ὠθουμένην,
1058 5098 1355 5169 ἰσορρόπως
1401 5100 1458 5153 ἐν
1500 5098 1577 5169 τῷ
1618 5099 1765 5168 μέσῳ

214 5185 351 5243 εἶναι
393 5188 487 5241 καὶ
530 5186 766 5240 ἑστάναι.
806 5186 878 5238 Ἦ
930 5187 1090 5239 πάλιν
1133 5184 1317 5253 ὥσπερ
1364 5184 1427 5239 et.
1456 5202 1537 5249 τις
1589 5183 1764 5237 λαϐὼν

216 5275 378 5343 σῶμα
416 5274 593 5343 δήσειε
641 5270 967 5341 πανταχόθεν
1010 5272 1295 5341 σχοινίοις,
1340 5273 1432 5325 καὶ
1481 5272 1593 5341 δοίη
1625 5271 1764 5323 τισὶν

218 5365 518 5436 ἰσορρόπως
566 5364 739 5417 ῑλκειν
787 5363 872 5414 ἐπ’
924 5360 1234 5429 ἀκριϐείας⁹
1282 5356 1613 5431 συμϐήσεται
1656 5361 1763 5431 γάρ

214 5451 767 5523 πανταχόθενέπίσης
786 5452 1199 5522 περιελκόμενον
1232 5451 1416 5521 στῆναι
1460 5451 1553 5504 καὶ
1601 5452 1763 5521 ἀτρε-

219 5546 414 5615 μῆσαι.
449 5542 748 5613 Ξενοφάνης
772 5530 963 5596 δὲόύκν
989 5542 1155 5597 οῑεται
1201 5544 1469 5613 μετέωρον
1494 5538 1630 5597 εἶναι
1666 5543 1761 5613 τὴν

216 5637 349 5707 γῆν,
370 5633 505 5688 ἀλλὰ
534 5632 679 5686 κάτω
710 5632 788 5695 είς
810 5633 1031 5703 ἄπειρον
1062 5633 1316 5703 καθήκειν
1343 5650 1355 5663 ·
1392 5632 1521 5699 φησὶ
1546 5631 1652 5700 γάρ
1677 5648 1693 5664 ο

320 5804 391 5843 ⁸⁸·
422 5810 463 5879 f.
504 5810 813 5879 ποιούμενα.

1869 2039 2077 2094 enitens
2120 2041 2299 2095 oleum
2344 2042 2407 2094 ad
2444 2054 2502 2094 se
2541 2039 2728 2103 trahit,
2756 2038 2899 2108 quod
2933 2038 3170 2093 lucerna:
3210 2037 3421 2093 alveolo

1871 2131 2193 2183 continetur.
2231 2128 2373 2195 Quin
2406 2131 2570 2184 etiam
2618 2137 2819 2183 torrem
2878 2143 3167 2184 accensum
3204 2130 3251 2185 si
3292 2130 3419 2199 qu‘is

1872 2221 2126 2284 invertat,
2158 2235 2432 2289 nunquam
2460 2220 2714 2276 deorsum
2757 2221 2979 2275 omnino
3010 2219 3197 2274 tendet
3226 2219 3368 2289 ignis
3400 2238 3422 2271 ;ν

1872 2308 2068 2377 quippe
2100 2322 2255 2377 quem
2289 2308 2343 2361 in
2376 2308 2542 2361 altum
2572 2308 2757 2361 nativa
2777 2308 3020 2377 quaedam
3049 2307 3132 2361 vis
3169 2307 3423 2377 impellit.-

1870 2396 2083 2452 Rursus
2124 2399 2168 2452 si
2201 2398 2326 2468 quis
2360 2406 2523 2452 vento
2566 2397 2862 2453 distentum
2910 2405 3082 2451 utrem
3122 2404 3176 2453 et
3215 2396 3424 2466 Obliga--

1873 2498 1985 2541 tum
2042 2490 2096 2541 in
2147 2498 2339 2556 aquam
2384 2488 2675 2557 projiciat,
2729 2489 3082 2543 nihilominus
3130 2489 3424 2543 innatabit.-

1872 2578 2023 2643 Quod
2058 2587 2237 2633 autem
2263 2586 2406 2631 terra
2438 2590 2491 2632 et
2518 2594 2657 2648 aqua
2690 2581 2874 2647 gravia
2903 2582 3032 2644 sint,
3069 2594 3133 2633 ac
3164 2580 3426 2636 deorSum'

1874 2669 2139 2731 ferantur,
2168 2668 2381 2722 ratione
2410 2668 2555 2722 nulla
2580 2670 2795 2738 probari
2827 2685 3053 2726 necesse
3075 2679 3180 2737 est,
3206 2676 3332 2724 cum
3362 2670 3422 2724 id

1872 2758 2004 2812 satis
2034 2757 2365 2827 experientia
2388 2764 2637 2813 testetur.
2667 2757 2932 2813 Caeterum
2963 2758 3096 2814 ordo
3118 2760 3229 2825 ille,
3252 2774 3420 2829 quem

1873 2850 1927 2901 in
1953 2848 2138 2902 mundi
2166 2848 2373 2917 spbmra
2410 2849 2817 2913 constituimus,
2845 2864 3067 2905 ovorum
3085 2850 3280 2907 similis
3308 2859 3415 2915 est,

1872 2947 1932 2993 ut
1951 2936 2149 3009 Orphei
2182 2947 2481 2995 sectatores
2504 2939 2718 2993 docent.
2764 2940 2935 3005 Quam
2969 2940 3113 2995 enim
3148 2941 3419 2996 rationem

1872 3030 2032 3084 habet
2071 3032 2126 3084 in
2174 3044 2275 3084 ovo
2314 3038 2594 3099 putamen,
2639 3029 2883 3085 eamdem
2916 3031 2975 3085 in‘
3018 3038 3132 3086 toto
3161 3032 3430 3088 universo‘

1873 3120 2069 3173 coelum
2103 3120 2342 3186 obtinet;
2391 3129 2552 3190 atque
2576 3128 2637 3174 ut
2668 3122 2720 3175 in
2746 3122 2929 3177 orbem
2960 3135 2990 3177 e
3017 3122 3156 3177 cmlo
3183 3138 3433 3193 suspen-r

1874 3224 1968 3262 sus
1997 3218 2080 3261 est
2106 3208 2297 3271 aether,
2342 3208 2420 3262 sic
2460 3224 2491 3262 e
2520 3208 2796 3276 putamine
2827 3208 3094 3276 pellicula.
3128 3207 3245 3273 Vel,
3272 3210 3422 3279 quod

1874 3298 1994 3351 aliis
2021 3298 2216 3367 placet,
2257 3297 2511 3367 quoniam
2540 3297 2711 3351 aether
2738 3297 2877 3351 idem
2902 3305 2986 3353 est
3022 3311 3085 3351 ac
3120 3298 3317 3352 ctelum
3341 3316 3356 3366 ;
3385 3313 3421 3352 α

1871 3403 1978 3456 quo
2000 3387 2277 3456 proximus
2307 3395 2389 3439 est
2416 3401 2530 3450 aer,
2558 3386 2661 3440 erit
2689 3388 2741 3439 in
2766 3400 2867 3439 ovo
2899 3386 3209 3440 membrana
3242 3385 3432 3441 instar“

1872 3479 2051 3532 aeris:
2085 3492 2213 3531 caro
2246 3484 2424 3531 autem
2478 3474 2679 3539 albida,
2711 3490 2831 3545 quae
2879 3476 2933 3529 in
2983 3476 3168 3530 eodem
3215 3484 3318 3541 est,
3368 3476 3426 3533 si‘

1870 3568 2083 3639 quidem
2116 3569 2225 3623 aeri
2262 3567 2573 3636 respondet,
2605 3581 2757 3636 aqua:
2785 3566 2961 3622 locum
2984 3566 3199 3631 vitellus
3219 3567 3426 3622 babero'

1868 3665 2072 3727 potest;
2102 3666 2215 3710 tum
2250 3657 2393 3725 quod
2418 3656 2646 3739 int‘erius
2678 3666 2761 3711 est
2790 3657 2845 3711 in
2867 3656 3045 3710 medio
3077 3656 3277 3717 vitello,
3306 3662 3428 3712 ιον-λ

1869 3763 1981 3801 ram
2030 3748 2311 3816 exprimet.
2380 3746 2475 3802 Sin
2524 3755 2607 3802 est
2670 3753 2729 3799 ut
2792 3744 3162 3801 membranam
3216 3745 3301 3800 ovi
3346 3746 3426 3800 ad

1868 3838 2069 3893 aethera
2112 3836 2411 3893 transferre
2460 3837 2732 3899 malimus,
2787 3850 2884 3906 pro
2931 3849 3057 3890 aere
3089 3834 3425 3913 gallinarpm‘

1870 3930 1951 3982 lac
1982 3926 2332 3993 habebimus;
2364 3935 2418 3981 et
2449 3926 2616 3981 vitelli
2640 3934 2915 3981 extremus
2956 3925 3193 3979 ambitus
3219 3939 3417 3996 aquam

1868 4017 2161 4072 exhibebit.
2197 4015 2352 4082 Quod
2402 4017 2632 4070 interius
2678 4025 2781 4077 est,
2832 4023 2884 4069 et
2914 4016 2969 4068 in
3010 4013 3223 4079 medio,
3256 4019 3456 4069 terra"

1870 4109 2039 4162 instar
2066 4108 2186 4163 erit.
2217 4106 2307 4160 Ad
2324 4118 2613 4169 summam,
2645 4106 2690 4159 si
2718 4119 2840 4157 cum
2864 4103 3150 4160 Aristotele
3172 4103 3425 4174 quinque'

1868 4198 2105 4266 sphaeras
2137 4210 2258 4251 esse
2299 4195 2620 4262 dixerimus,
2664 4194 2808 4265 quod
2841 4195 3089 4249 intimum
3124 4194 3289 4249 estin
3330 4195 3417 4248 vi—

1869 4288 2016 4351 tello,
2058 4292 2217 4341 terrae
2244 4286 2383 4349 loco
2430 4296 2697 4341 sumetur.
2749 4284 2843 4339 Sin
2890 4291 3122 4354 quatuor
3161 4292 3423 4352 putemus
3470 4298 3475 4303 '

1866 4390 2019 4439 esse,
2054 4375 2197 4443 quod
2242 4374 2333 4427 alii
2368 4382 2620 4441 censent;
2654 4390 2753 4444 pro
2779 4373 2949 4450 terra
2984 4371 3226 4427 vitellum
3272 4373 3427 4429 inte-v

1866 4480 2054 4535 grum,
2104 4480 2212 4519 non
2262 4450 2687 4536 magnitudinis,
2737 4464 2830 4519 sed
2884 4464 3024 4517 situs
3069 4465 3275 4520 ratione
3314 4456 3443 4519 ca-V

1792 4558 1836 4612 D
1864 4556 2094 4625 piemus.
2124 4586 2131 4593 -

1935 4644 2056 4699 Jam
2085 4644 2227 4715 quod
2262 4644 2553 4699 immobilis
2596 4650 2742 4699 terra
2785 4645 3064 4709 consistat,
3096 4645 3199 4699 hoc
3228 4659 3426 4699 axem-

1865 4735 1955 4802 plo
1986 4734 2268 4804 colligunt.
2298 4731 2509 4786 Etenim
2536 4732 2583 4786 si
2626 4732 2775 4802 quis,
2817 4732 2995 4796 aiunt,
3022 4731 3078 4785 in
3109 4730 3419 4794 folliculum
3458 4718 3459 4721 ‘

1866 4824 2019 4886 milii,
2054 4837 2152 4879 seu
2198 4820 2469 4875 lenticulae
2510 4834 2740 4890 granum
2777 4820 3017 4888 injiciat,
3064 4826 3121 4873 et
3169 4817 3461 4879 inﬂandu.

1863 4912 2118 4980 deinceps
2150 4924 2275 4965 aere
2302 4911 2590 4980 compleat,
2620 4910 2817 4964 elatum
2852 4908 2907 4962 in
2929 4907 3156 4964 sublime
3180 4922 3413 4979 granum

1864 5003 1920 5056 in
1973 5002 2163 5055 vesicae
2214 4999 2391 5055 medio
2439 5000 2699 5056 manebit.
2758 4998 2839 5051 Ad
2882 4997 3130 5054 eumdem
3187 4997 3422 5053 modum!

1865 5102 2008 5146 terra
2042 5091 2401 5159 undecunque
2449 5090 2517 5143 ab
2564 5102 2692 5143 aere
2720 5088 2900 5158 pulsa,
2949 5088 3104 5145 etinv
3134 5086 3312 5140 medio
3351 5086 3423 5140 liv

1864 5184 2015 5237 brata
2044 5182 2411 5251 suspenditur.
2445 5179 2553 5232 Aut
2578 5179 3033 5247 quemadmodum
3064 5176 3116 5233 si
3135 5176 3255 5245 quis
3286 5186 3417 5231 θοι-εν

1863 5288 1966 5342 pus
2002 5271 2220 5341 aliquod
2253 5258 2490 5339 undique
2536 5268 2758 5323 funibus
2805 5268 3079 5336 alligatum
3127 5265 3423 5335 aequaliter

1865 5363 1939 5416 ab
1955 5361 2102 5415 omni
2135 5370 2287 5430 parte
2305 5359 2494 5428 jubeat
2517 5357 2736 5421 attrahi,
2767 5354 3153 5424 cum'undique
3181 5353 3422 5423 paribusr

1864 5449 2150 5507 momentis
2196 5450 2534 5519 impellatur,
2581 5447 2743 5502 stabit
2785 5453 2839 5500 et
2883 5445 3145 5515 quiescet.
3191 5442 3261 5496 At
3305 5441 3413 5498 Xe—

1865 5545 2143 5613 nophanes
2170 5549 2329 5612 negat
2349 5542 2407 5596 in
2426 5552 2597 5596 vacuo
2622 5550 2941 5607 suspensam
2970 5534 3140 5591 teneri
3167 5540 3369 5589 terram
3385 5542 3421 5600 θ

1865 5635 1957 5690 sed
1978 5635 2041 5690 in
2060 5633 2385 5689 immensum
2412 5629 2552 5685 infra
2572 5631 2838 5698 pertinere
2860 5645 2893 5695 °,-
2909 5627 2987 5682 sic
3006 5624 3148 5682 enim
3172 5623 3420 5685 cecmita‘
