4094 6328
736 389 839 447 θιπ

1743 377 1832 432 AD
1868 377 2132 436 EUSEBII
2162 381 2553 441 CBRONICON
2597 376 2956 438 APPENDIX.
3816 376 3900 431 θιι

739 507 914 562 Tum
935 501 1140 572 quidem
1163 500 1242 553 hic
1264 499 1517 572 terminus
1539 507 1840 572 supraante
1857 497 2006 566 pedes
2031 502 2277 572 cernitur.

2411 499 2697 572 'ainguer
2725 497 2858 550 τόδε
2883 493 3086 572 πεῖρας
3118 495 3238 572 ἄνευ
3259 495 3416 572 παρὰ
3459 495 3677 572 πρσᾳὶν
3701 492 3898 572 ρρᾱττιι,

747 576 807 628 Et
824 568 1203 643 ﬂuit'oberrans
1222 585 1237 622 :
1255 570 1493 638 inﬁmum
1510 577 1680 620 autem
1701 568 2003 640 immensum
2021 571 2279 640 pertingit.

815 744 1204 814 Aristophanes
1231 749 1408 797 autem
1440 743 1492 795 in
1529 739 1766 796 Nubibus
1797 726 2116 812 suspensam
2143 745 2282 798 illam

765 835 876 888 acit
905 834 990 887 his
1022 832 1202 908 verbis
1234 850 1248 886 :

747 941 792 997 Ο
826 941 1031 995 domine
1057 955 1169 1007 rex,
1201 940 1440 994 immense
1470 954 1581 1004 aer,
1612 939 1700 1008 qui
1729 939 1924 993 obtines
1949 949 2141 993 terram
2173 957 2286 994 rus-
2387 956 2414 979 τ

1302 1072 1308 1078 ,
1379 1066 1389 1076 ,
1561 1058 1565 1062 .
1591 1029 1596 1033 ’
1941 1008 2172 1082 [pensum
2203 1025 2218 1062 :

749 1119 842 1176 sed
875 1129 1104 1174 stantem
1133 1119 1483 1175 nihilominus
1509 1129 1561 1174 et
1583 1119 1882 1174 immotam.
1910 1118 2048 1175 Hinc
2069 1122 2290 1186 Aratus,

957 1333 982 1363 ._
1016 1334 1028 1346 .
1077 1333 1090 1346 .
1136 1293 1305 1360 habet,
1336 1292 1530 1363 inquit,
1563 1293 1809 1346 libratam
1835 1291 2059 1362 undique

957 1361 1020 1416 In
1056 1363 1223 1417 medio
1255 1361 1469 1428 terram,
1698 1372 1699 1375 ‘

751 1487 871 1543 quae
896 1481 1144 1528 neutram
1178 1483 1361 1544 vergat
1388 1467 1448 1528 in
1471 1481 1700 1544 partem.
1723 1472 1920 1528 Verum
1946 1474 2294 1546 Empedocles

750 1572 897 1618 certa
929 1563 1211 1620 elementis
1240 1564 1358 1619 loca
1398 1579 1507 1619 non
1537 1564 1819 1634 attribuit;
1849 1566 1944 1621 sed
1982 1567 2073 1622 illa
2103 1567 2294 1622 cedere

749 1651 978 1708 invicem
1001 1653 1232 1719 asserit;
1267 1652 1402 1708 adeo
1426 1659 1484 1706 ut
1513 1663 1621 1708 tam
1653 1654 1900 1712 sublimis
1932 1667 2098 1723 terra,
2132 1670 2294 1728 quam

751 1740 1068 1818 depressum
1095 1743 1293 1798 cmlum
1321 1744 1581 1814 rapiatur.

1226 1855 1356 1922 Quis
1379 1857 1447 1911 sit
1473 1867 1667 1914 natura
1695 1861 1831 1918 creti.

818 1945 871 2001 5.
907 1944 1114 2001 (Icelum
1149 1947 1242 2001 alii
1281 1947 1498 2019 igneum
1543 1957 1598 2005 et
1631 1951 1864 2006 solidum
1900 1966 2023 2009 esse
2053 1952 2242 2008 dicunt
2274 1969 2289 2004 :

754 2038 894 2092 intra
914 2037 1060 2108 quod
1088 2039 1330 2108 proxima
1361 2041 1430 2095 sit
1452 2041 1592 2112 ignis
1623 2042 1854 2113 sphzera,
1886 2043 2119 2115 lampadi
2140 2046 2294 2102 simi-

753 2128 821 2184 lis
857 2147 869 2182 :
901 2128 1004 2184 nisi
1039 2129 1184 2198 quod
1229 2129 1284 2184 in
1332 2130 1576 2200 lampade
1624 2148 1842 2188 sursum
1893 2135 2063 2188 tendit
2110 2134 2290 2205 ignis:

753 2219 918 2274 aether
959 2233 1089 2273 vero
1132 2219 1406 2274 deorsum.
1450 2220 1586 2275 Tum
1623 2222 1861 2277 divinum
1903 2224 2158 2292 quiddam
2199 2241 2296 2295 pu-

755 2327 876 2365 rum
923 2316 977 2365 et
1010 2310 1274 2365 illibatum
1317 2319 1399 2367 est
1437 2313 1632 2379 aether;
1666 2313 1806 2384 ignis
1846 2329 1974 2370 vero
2018 2318 2294 2388 corrumpi

757 2407 953 2472 potest.
984 2399 1332 2472 Empedocles
1377 2405 1617 2474 crystalli
1659 2405 1834 2460 simile
1864 2405 2014 2471 facit,
2058 2409 2200 2464 velut
2228 2425 2294 2464 ex

757 2492 925 2562 glacie
950 2501 1311 2564 compactum.
1337 2495 1736 2550 Anaximander
1765 2497 1986 2552 volucre
2010 2498 2150 2568 ignis
2173 2515 2295 2575 par-

757 2583 947 2652 ticeps.
993 2582 1309 2640 Aristoteles
1356 2600 1554 2656 corpus
1602 2602 1667 2641 ex
1704 2585 1897 2659 frigido
1940 2597 2198 2644 constans
2243 2598 2296 2645 et

757 2672 954 2727 calido.
975 2671 1083 2729 Nec
1106 2674 1354 2730 dubitant
1375 2677 1504 2746 quin
1532 2677 1604 2732 sit
1620 2677 1819 2732 animal
1847 2680 2066 2734 cmlum.
2091 2679 2298 2750 Quippe

758 2777 880 2817 cum
903 2772 956 2819 et
975 2779 1072 2835 per
1104 2780 1222 2821 sese
1252 2774 1550 2833 moveatur,
1585 2775 1638 2823 et
1671 2769 1858 2834 eodem
1901 2768 2062 2823 modo
2089 2785 2299 2839 semper

759 2853 818 2906 in
849 2853 1033 2908 orbem
1060 2854 1298 2923 cieatur,
1329 2864 1490 2926 atque
1530 2859 1597 2911 ab
1645 2857 1832 2912 iisdem
1863 2860 2078 2928 punctis
2111 2859 2182 2928 ad
2208 2876 2299 2915 ea-

760 2943 882 2999 dem
920 2943 1294 3025 vicissitudine
1326 2955 1580 3016 perpetua
1627 2960 1938 3016 revocetur;
1971 2949 2073 3006 hoc
2121 2953 2297 3022 ipsum

762 3039 939 3086 mente
970 3032 1176 3101 ρι’ωῶιί
1202 3048 1321 3090 esse
1335 3034 1618 3091 conﬁrmat
1647 3035 1816 3094 Plato.
1847 3038 1984 3104 Quin
2017 3040 2177 3096 etiam
2209 3057 2300 3098 so-

761 3123 830 3178 lis
857 3137 1076 3180 cursum
1119 3140 1181 3179 ac
1227 3127 1365 3181 lunae
1401 3126 1662 3186 circuitus
1708 3131 2000 3196 intuemur,
2033 3143 2084 3188 et
2112 3149 2299 3189 erran-

763 3215 895 3268 tium
947 3223 1265 3280 ca3terorum
1304 3220 1813 3277 circumvolutiones
1861 3229 1915 3276 et
1959 3239 2300 3295 progressus.
2330 3206 2372 3262 ο

763 3302 859 3359 Est
893 3311 1070 3360 autem
1111 3307 1397 3364 animantis
1435 3308 1537 3362 hoc
1565 3312 1862 3380 proprium,
1903 3327 1934 3365 a
1979 3315 2160 3384 seipso
2189 3330 2305 3370 mo-

764 3394 900 3450 veri.
934 3392 1065 3449 Nam
1085 3397 1214 3450 etin
1245 3405 1405 3464 terra,
1437 3407 1487 3453 et
1518 3399 1570 3452 in
1595 3415 1736 3467 aere,
1767 3411 1821 3457 et
1860 3402 1915 3456 in
1947 3417 2084 3473 aqua
2106 3407 2308 3475 degunt

767 3485 1041 3541 animalia.
1077 3484 1229 3542 Unde
1258 3496 1678 3545 consentaneum
1716 3501 1798 3547 est
1830 3494 1992 3549 etiam
2034 3499 2173 3550 caelo
2225 3506 2310 3551 at-

771 3589 878 3644 que
911 3574 1108 3631 aethere
1137 3576 1420 3633 contineri.
1450 3579 1528 3634 Ac
1569 3582 1754 3636 nescio
1798 3597 1865 3637 an
1900 3598 2008 3638 non
2040 3583 2306 3642 Homerus

768 3660 884 3732 ipse
912 3663 979 3718 de
1007 3664 1118 3728 illo,
1149 3664 1229 3719 sic
1260 3673 1513 3736 tanquam
1544 3670 1816 3725 animante
1848 3673 1949 3728 ista
1969 3673 2199 3730 dixerit:

775 3852 839 3906 Et
867 3855 967 3918 sol,
991 3855 1080 3925 qui
1104 3856 1158 3910 in
1185 3861 1362 3912 omnia
1390 3860 1662 3928 prospicit,
1693 3870 1743 3915 et
1777 3861 1925 3916 audit
1955 3867 2152 3918 omnia.

771 3964 959 4022 Musici
1001 3983 1163 4036 porro
1205 3971 1570 4027 harmonicam
1605 3975 1724 4030 ειειὶ
1765 3991 1888 4031 esse
1933 3976 2306 4036 circuitionem

769 4064 1037 4112 asserunt.

840 4143 1098 4198 Caeterum
1129 4147 1220 4200 alii
1265 4149 1440 4218 ipsum
1479 4167 1544 4205 ex
1573 4167 1691 4208 sese
1725 4156 1943 4223 quidam
1972 4158 2305 4224 existimant,

772 4233 864 4286 alii
921 4235 1255 4294 extialatione
1281 4240 1383 4310 77
1403 4231 1573 4311 pasci,
1623 4260 1743 4314 qua:
1789 4248 1936 4302 circa
1989 4250 2162 4318 ipsum
2204 4261 2307 4319 est,

770 4323 1016 4376 nonnulli
1046 4339 1200 4394 aqua
1228 4329 1491 4397 sphaeram
1521 4333 1702 4402 pabuli
1721 4349 1853 4390 esse
1883 4335 2002 4391 loco
2047 4340 2307 4394 sentiunt.

775 4412 1096 4501 Aristoteles
1127 4418 1380 4476 alimento
1408 4436 1568 4493 negat
1597 4441 1733 4497 Opus
1759 4427 1992 4495 habere;
2021 4444 2146 4486 nam
2167 4434 2307 4501 quod

2385 570 2493 623 Καὶ
2516 563 2639 636 ῥεῖ
2683 564 3064 635 προσπλάζον
3085 581 3099 594 ο
3152 565 3216 618 τὸ
3279 563 3431 618 κάτω
3481 564 3534 616 δ’
3575 565 3646 705 ὗς
3685 566 3902 642 ἇξιειρω·

3619 651 3843 688 tralatu.

3619 651 3737 687 κνει
3744 651 3843 688 ἴω.

2469 751 2847 821 Ἀριστοφάνης
2867 749 2910 802 δ’
2935 751 2994 801 ὲν
3014 745 3304 816 Νεφέλαις
3326 747 3591 818 μετέωρον
3607 747 3766 818 αὐτὴν
3785 745 3898 800 εἶτα·

2387 844 2530 912 λέγει
2548 843 2654 913 γάρ
2670 860 2682 873 ·

2393 1143 2632 1196 ἑστῶσαν
2677 1142 2856 1212 μέντοι
2905 1141 2998 1194 καὶ
3036 1139 3305 1210 ἀκίνητον.
3354 1139 3514 1194 Ὅθεν
3567 1140 3658 1192 καὶ
3702 1141 3904 1209 Ἄρατός

2527 1249 2587 1283 ν.

2527 1250 2553 1283 ν
2575 1249 2587 1260 .

2388 1249 2524 1302 φησι
2604 1360 2666 1404 ._._.
2701 1321 2905 1404 ἐχειδ’
2935 1319 3269 1401 ἀτάλαντον
3303 1319 3533 1404 ἁπάντη

2600 1391 2929 1460 Μεσσηγὺς
2953 1389 3143 1460 ratae"

2396 1481 2641 1553 μηδαμοῦ
2669 1480 3148 1552 ταλαντευομένην.
3197 1481 3254 1534 Ὁ
3294 1481 3351 1534 δὲ
3387 1479 3748 1549 Ἐμπεδοκλῆς
3776 1481 3829 1533 οὗ
3849 1479 3909 1531 δί-

2392 1574 2520 1627 δωσι
2563 1575 2673 1636 τοῖς
2715 1570 2992 1642 στοιχείοις
3025 1571 3370 1642 ’ὡρισμένους
3402 1573 3615 1636 τόπους,
3659 1573 3765 1626 ἀλλ’
3796 1575 3911 1625 ἀντι-

2395 1665 2737 1734 παραχωρεῖν
2764 1663 3011 1733 ἀλλήλοις
3038 1661 3223 1732 φησιν’
3253 1661 3391 1716 ὥστε
3429 1666 3520 1716 καὶ
3553 1665 3646 1734 τὴν
3675 1664 3774 1733 γῆν
3810 1681 3911 1732 μετα

2393 1753 2561 1823 έωρον
2586 1751 2860 1824 φέρεσθαι,
2892 1751 2986 1805 καὶ
3018 1751 3080 1805 τὸ
3108 1751 3217 1822 πῦρ
3239 1753 3630 1825 ταπεινότερον.

2873 1861 2968 1925 Τις
3005 1861 3184 1915 οὐσία
3204 1862 3479 1929 οὐρανοῦ.

2469 1957 2529 2002 ε’.
2553 1948 2654 2002 Τὸν
2680 1948 2736 2002 δὲ
2757 1949 2980 2018 οὐρανὸν
3009 1949 3058 2001 oi
3093 1949 3188 2019 μὲν
3222 1950 3436 2021 πυρώδη
3454 1946 3598 2003 ,εἶναι
3633 1953 3726 2004 καὶ
3757 1952 3915 2023 στερέ-

2402 2055 2578 2110 μνιονο
2606 2039 2754 2102 ἐντὸς
2776 2039 2832 2092 δὲ
2862 2039 3024 2092 αὑτοῦ
3065 2038 3158 2092 τοῦ
3191 2039 3401 2113 αἰθέρος
3428 2042 3527 2112 τὴν
3563 2046 3786 2112 σφαῖραν
3814 2046 3914 2112 ὲχο·

2403 2131 2566 2200 μένην
2598 2129 2782 2200 ὥσπερ
2813 2128 2997 2181 δαλόν·
3039 2128 3308 2200 διαφέρειν
3345 2129 3400 2182 δὲ
3454 2129 3672 2200 ταύτην,
3709 2127 3742 2204 ᾖ
3774 2133 3802 2184 ὁ
3834 2132 3915 2200 μὲν

2399 2219 2551 2281 δαλὸς
2574 2218 2846 2290 ἀνωφερὲς
2873 2218 2983 2287 ἔχει
3021 2217 3081 2270 τὸ
3105 2217 3233 2289 πῦρ,
3261 2219 3288 2272 ὁ
3322 2217 3378 2270 δὲ
3409 2219 3571 2289 αἰθήρ
3599 2221 3914 2289 κατωφερὲς.

2402 2309 2599 2381 καὶτῷ
2639 2310 2699 2363 τὸ
2751 2312 2847 2382 μὲν
2883 2309 3020 2362 θεῖον
3061 2306 3214 2375 εἶναι,
3268 2312 3361 2363 καὶ
3406 2310 3641 2382 καθαρὸν
3680 2313 3767 2364 καὶ
3800 2313 3913 2380 ἀμε-

2401 2403 2668 2473 τάληπτον
2700 2402 2761 2455 τὸ
2810 2402 2903 2455 τοῦ
2942 2402 3173 2473 αἰθέρος,
3211 2402 3270 2472 τὸ
3304 2401 3360 2454 δὲ
3398 2401 3647 2474 φθαρτόν.
3689 2400 3919 2471 Ἐμπεδο-

2401 2495 2532 2564 κλῆς
2581 2495 2637 2547 δὲ
2684 2493 3058 2566 κρυσταλλώδη
3109 2495 3292 2547 τοῦτον
3338 2489 3473 2547 εἷναί
3521 2511 3699 2564 φησιν,
3746 2495 3806 2545 ἐκ
3842 2490 3920 2545 τοῦ

2403 2588 2741 2656 παγετώδους
2786 2587 3128 2655 συλλεγένταο
3178 2585 3585 2658 Ἀναξίμανδρος
3638 2589 3692 2640 δὲ
3744 2586 3922 2656 πτηνὸν

2403 2678 2570 2749 πυρὸς
2601 2678 2914 2747 μετέχοντα⁶
2960 2674 3327 2746 Ἀριστοτέλης
3359 2675 3414 2726 δὲ
3453 2675 3609 2744 σῶμα
3647 2677 3709 2727 ὲκ
3735 2674 3922 2744 ψυχροῦ

2404 2769 2498 2822 καὶ
2517 2767 2738 2838 θερμοῦ.
2763 2767 2905 2820 Ζῶον
2925 2766 2979 2818 δέ
3009 2783 3170 2835 φασιν
3193 2761 3331 2818 εἶναι
3362 2767 3451 2818 τὸν
3479 2766 3704 2836 κόσμον·
3733 2766 3806 2835 τῷ
3831 2764 3923 2834 γάρ

2405 2862 2747 2930 αὐτοκίνητον
2773 2857 2906 2912 εἶναι
2935 2859 3114 2919 αὑτὸν,
3138 2859 3232 2912 καὶ
3258 2858 3396 2912 κατὰ
3415 2858 3482 2911 τὰ
3522 2858 3657 2912 αὐτὰ
3680 2858 3771 2928 τὴν
3794 2874 3923 2926 περι-

2405 2953 2572 3023 φορὰν
2597 2953 2682 3005 ἀεὶ
2710 2950 2991 3015 ποιεῖσθαι,
3021 2952 3113 3005 καὶ
3135 2950 3240 3005 ἀπὸ
3260 2950 3368 3003 τῶν
3396 2950 3570 3004 αὐτῶν
3595 2951 3823 3020 σημείων
3847 2948 3925 3000 ἐπὶ

2404 3043 2470 3097 τὰ
2509 3044 2645 3097 αὑτὰ
2677 3043 3074 3113 περιδινεῖσθαι,
3115 3041 3237 3094 νοῦν
3283 3041 3492 3111 ἔχοντός
3535 3043 3679 3104 ἐστι,
3730 3042 3877 3111 φησὶν
3901 3040 3926 3090 ὁ

2405 3138 2646 3191 Πλάτων.
2690 3136 2846 3189 Ἀλλὰ
2871 3136 2965 3188 καὶ
3002 3136 3076 3198 ὥς
3103 3134 3235 3198 ζῶον
3268 3135 3532 3200 ζωογονεῖ·
3562 3135 3684 3196 τοὺς
3711 3133 3766 3185 δὲ
3791 3131 3927 3185 ἀστέ-

2410 3247 2506 3300 ρας
2531 3230 2839 3298 γεννήματα
2866 3225 3029 3279 αὐτοῦ
3058 3221 3194 3278 εἷναί
3224 3241 3421 3293 φαμεν.
3448 3219 3554 3277 Καὶ
3580 3224 3727 3294 ἡλίου
3748 3223 3801 3274 δὲ
3826 3221 3928 3292 δρό-

2412 3339 2508 3391 μον
2529 3319 2760 3391 όρῶμεν,
2783 3319 2877 3372 καὶ
2917 3319 3141 3390 σελήνης
3180 3316 3495 3390 περιφορὰς,
3535 3314 3628 3368 καὶ
3652 3314 3754 3366 τῶν
3778 3312 3928 3367 ἄλλων

2410 3412 2689 3481 πλανήτων
2716 3411 2990 3482 περιόδους
3029 3411 3122 3463 καὶ
3155 3411 3411 3479 κινήσεις.
3446 3407 3600 3460 Ἴδιον
3631 3405 3688 3459 δὲ
3721 3404 3850 3468 ζὼου
3877 3404 3928 3454 τὸ

2410 3501 2496 3568 ὑφ’
2531 3501 2692 3553 αὑτοῦ
2732 3500 3012 3569 κινεῖσθαι.
3051 3500 3158 3552 Καὶ
3198 3497 3304 3568 γὰρ
3351 3500 3409 3550 ὲν
3451 3500 3521 3568 γῇ
3554 3497 3647 3550 καὶ
3690 3496 3823 3566 ἀέρι,
3852 3492 3928 3546 καὶ

2410 3592 2561 3646 ὕδατι
2593 3592 2706 3656 ζῶά
2743 3592 2876 3644 ἔστι.
2923 3591 3012 3643 Διὸ
3059 3588 3342 3644 ἀκόλουθον
3380 3589 3472 3641 καὶ
3514 3591 3571 3641 ὲν
3602 3587 3825 3658 οὐρανῷ,
3850 3586 3928 3638 καὶ

2409 3683 2582 3754 αἰθέρι
2626 3679 2782 3735 εἶναι.
2828 3682 3046 3752 Μήποτε
3094 3680 3274 3750 μέντοι
3310 3679 3404 3732 atat
3429 3679 3670 3749 Ὅμηρος
3706 3678 3780 3741 ὡς
3816 3676 3930 3746 πρὸς

2411 3751 2544 3835 ζῶόν
2573 3786 2733 3840 φησιν
2754 3785 2768 3797 ·
3959 3751 3973 3769 ⁸

2424 3879 2648 3942 Ἠέλιός
2678 3879 2748 3942 θ’,
2775 3878 2842 3943 ὃς
2871 3877 3042 3936 ,πάντ’
3085 3875 3287 3948 ἐφορᾷ,
3329 3881 3427 3933 καὶ
3463 3878 3633 3933 πάντ’
3655 3877 3927 3932 ἐπακούει.

2412 3993 2472 4044 0i
2499 3991 2555 4044 δὲ
2603 3993 2845 4060 μουσικοὶ
2891 3991 3189 4062 ἁρμονικὴν
3236 3990 3328 4044 τοῦ
3377 3991 3602 4062 οὐρανοῦ
3651 3989 3810 4044 αὐτοῦ
3849 3988 3930 4055 τὴν

2412 4081 2708 4152 περιφορὰν
2734 4082 2978 4148 λέγουσιν
2999 4077 3156 4133 εἶναι.

2480 4174 2663 4242 Τροφῇ
2693 4171 2750 4224 δὲ
2771 4170 2989 4240 χρῆται,
3015 4169 3088 4233 ὡς
3116 4171 3212 4240 μέν
3237 4187 3398 4236 τινες,
3418 4172 3544 4241 παρ’
3572 4171 3781 4223 ἑαυτοῦο
3807 4168 3930 4223 mn

2413 4263 2466 4316 δὲ
2498 4262 2850 4331 ἀναθυμιάσει
2870 4264 2935 4331 τῇ
2962 4263 3088 4332 περὶ
3109 4261 3266 4314 αὐτόν
3283 4261 3450 4324 ’τινὲς
3481 4261 3537 4313 δὲ
3562 4263 3628 4330 τῇ
3657 4261 3750 4313 τοῦ
3771 4259 3929 4320 ὓδατος

2417 4354 2633 4422 σφαίρᾳ.
2652 4351 3020 4421 Ἀριστοτέλης
3033 4352 3088 4404 δὲ
3112 4353 3184 4422 μὴ
3197 4349 3398 4404 δεῖσθαι
3409 4352 3608 4423 τροφῆς
3620 4352 3778 4406 αὑτὸν
3787 4353 3928 4419 λέγει’

2414 4447 2472 4499 τὸ
2504 4445 2608 4516 γὰρ
2633 4445 2877 4514 δεόμενον
2897 4444 3130 4515 φθαρτόν
3149 4461 3163 4474 ⁸
3187 4447 3215 4498 ό
3237 4444 3292 4496 δὲ
3312 4445 3474 4507 diem;
3495 4447 3611 4497 ἐστι
3633 4448 3752 4498 κατ’
3775 4444 3927 4499 αὐτόν.

771 4494 843 4559 eo
865 4506 1088 4577 indiget,
1119 4512 1469 4579 corruptiblle
1497 4525 1580 4570 est
1609 4494 1851 4572 {caelum
1886 4494 2064 4572 autem
2108 4494 2308 4591 sempi-

2426 4494 2484 4582 ιέ)
2515 4494 2839 4584 armis...
2859 4494 3120 4600 '.3..";.‘.;
3175 4494 3610 4602 a..s."’.‘.;..;..
3635 4494 3831 4586 "iss;
3849 4494 3933 4583 ’πέει

773 4603 982 4648 ternum
1013 4598 1081 4652 ab
1121 4601 1309 4654 eodem
1351 4604 1587 4672 ponitur.
1621 4605 1818 4670 Verum
1852 4605 2006 4662 Plato
2054 4613 2308 4666 mundum

2415 4619 2684 4690 ἄφθαρτον
2721 4619 2888 4688 λέγει,
2930 4598 3031 4672 τὸν-
3063 4620 3121 4673 δὲ
3167 4598 3418 4691 αἰσθητὸν
3451 4598 3700 4691 φθαρτόν.
3747 4624 3809 4676 Et
3845 4622 3931 4691 γὰρ

773 4688 1157 4754 intelligibilem
1202 4703 1461 4749 aeternum
1507 4705 1563 4751 et
1600 4700 1984 4772 incorruptum
2037 4719 2160 4760 esse
2203 4713 2315 4760 sta-

689 4845 700 4855 .
773 4779 894 4843 ιιιίι,
931 4779 1244 4836 sensibilem
1271 4801 1398 4841 vero
1427 4802 1589 4857 posse
1630 4795 1926 4863 corrumpi,
1965 4796 2221 4866 quoniam
2266 4798 2312 4851 si

773 4867 1049 4922 sensibilis
1088 4878 1193 4935 est,
1247 4873 1420 4931 factus
1478 4880 1548 4933 sit
1590 4889 1802 4950 oportet
1843 4888 2315 4957 corruptionisque

772 4972 964 5026 capax.
1010 4958 1275 5017 Praeterea
1310 4969 1501 5024 scribit.
1539 4970 1594 5024 in
1633 4971 1879 5037 Politico,
1917 4991 2013 5030 seu
2049 4977 2314 5040 fabulose,

774 5060 868 5098 seu
892 5061 1100 5123 revera,
1129 5051 1330 5123 duplici
1355 5069 1501 5112 motu
1523 5061 1672 5116 illum
1698 5079 1818 5120 esse
1846 5067 2126 5134 praeditum
2149 5086 2164 5135 ;
2188 5084 2322 5138 quo-

773 5151 893 5229 rum
927 5138 1059 5194 alter
1083 5152 1275 5199 natura
1303 5146 1379 5200 illi
1407 5159 1525 5214 sua,
1551 5153 1688 5208 alter
1717 5170 1745 5209 a
1772 5149 1881 5214 Deo
1909 5161 2206 5229 impressus
2229 5175 2320 5213 ac-

775 5226 923 5282 cidit.
959 5231 1033 5284 Ac
1063 5246 1184 5286 cum
1219 5245 1462 5294 movetur
1488 5257 1518 5296 a
1565 5243 1692 5309 Deo,
1729 5226 2195 5314 ordinate—cietur,
2231 5253 2315 5306 in-

776 5315 910 5382 (Ιυίῑ,
955 5325 1009 5370 ει
1047 5333 1386 5392 CONSlanler;
1415 5345 1539 5384 cum
1578 5348 1608 5385 a
1643 5335 1821 5403 seipso
1850 5355 1996 5404 vero,
2039 5342 2311 5396 contrario

727 5489 732 5494 η
777 5412 922 5494 motu
947 5409 1153 5477 rapitur
1181 5408 1646 5492 et‘corrnrnpitnr,
1676 5425 1848 5481 donec
1878 5445 2068 5485 rursus
2093 5433 2312 5486 accedat

778 5492 938 5587 Deus,
977 5506 1031 5551 et
1054 5502 1252 5566 aurigae
1279 5505 1450 5562 instar
1478 5515 1762 5572 moderans
1793 5519 2080 5587 prisrinum
2106 5522 2158 5576 in
2189 5538 2313 5577 cur-

2416 4710 2665 4780 αεσθητός
2698 4711 2831 4773 ἐστι,
2877 4711 2968 4764 καὶ
3003 4710 3225 4779 γενητὸς
3273 4710 3507 4781 δηλονότι
3563 4712 3654 4765 καὶ
3700 4711 3929 4784 φθαρτὸς.

2421 4801 2559 4864 Ἔτι,
2595 4801 2726 4870 φησὶ
2749 4800 2794 4832 ⁸⁸
2818 4801 2895 4871 τῷ
2926 4799 3232 4865 Πολιτικῷ,
3268 4803 3377 4854 εἴτε
3409 4792 3646 4872 μυθικῶς
3669 4804 3780 4858 εἴτε
3806 4819 3932 4873 φυσι-

2419 4891 2547 4955 κῶς,
2587 4890 2792 4959 κίνησιν
2816 4889 2955 4962 ἔχειν
2975 4891 3154 4961 διττήν
3176 4905 3189 4919 ⁸
3226 4889 3325 4963 τήν
3360 4893 3456 4963 μὲν
3482 4893 3570 4962 ὑφ’
3603 4895 3824 4960 ἑαυτοῦ,
3853 4891 3933 4960 τὴν

2418 4981 2473 5034 δὲ
2503 4981 2606 5034 ὑπὸ
2635 4979 2728 5032 τοῦ
2759 4979 2914 5034 Θεοῦ.
2945 4981 3057 5034 Καὶ
3082 4981 3169 5034 ὅτε
3199 4981 3296 5052 μὲν
3316 4983 3419 5037 ὑπὸ
3443 4983 3536 5037 τοῦ
3555 4983 3688 5038 Θεοῦ
3705 4986 3930 5042 κινεῖται.

2414 5072 2680 5134 εὐτακτεϊ,
2731 5071 2824 5123 καὶ
2875 5071 3014 5125 κατὰ
3069 5071 3136 5126 τὰ
3185 5074 3337 5128 αὐτὰ·
3364 5075 3623 5147 φέρεταισ.
3648 5077 3735 5130 ὅτε
3777 5078 3828 5129 δὲ
3861 5075 3931 5141 ὑφ’

2413 5162 2632 5226 ἑαυτοῦ,
2667 5162 2763 5233 τὴν
2803 5164 3044 5216 ἐναντίαν
3090 5164 3260 5234 φορὰν
3308 5168 3553 5229 κινεῖται,
3587 5168 3680 5218 καὶ
3716 5167 3932 5238 διαφθεί-

2415 5268 2592 5321 ρεται,
2633 5251 2738 5303 ἐστ’
2778 5253 2842 5306 ἂν
2883 5255 3072 5324 ἐπιστῇ
3107 5254 3264 5307 πάλιν
3295 5256 3324 5306 ό
3359 5255 3508 5318 Θεὸς,
3540 5257 3629 5309 καὶ
3668 5259 3932 5328 ἡνιοχήσας

2414 5343 2831 5414 ἀποκαταστήσῃ
2861 5345 2938 5406 εἰς
2965 5344 3060 5413 τὴν
3086 5338 3314 5416 ἀρχαίαν
3343 5345 3569 5415 κίνησιν,
3599 5348 3931 5417 ἁνακύκλησιν

2417 5433 2790 5501 ποιησάμενος.
2837 5432 3152 5502 Ὠνόμασται
3194 5433 3250 5486 δὲ
3293 5434 3492 5505 κόσμος
3537 5438 3684 5505 παρὰ
3713 5439 3813 5509 τὴν
3847 5434 3931 5488 τῶν

2421 5523 2740 5591 συμπάντων
2771 5521 3140 5592 διακόσμησιν.

780 5586 1007 5643 riculum
1059 5597 1309 5654 restituat
1358 5618 1420 5657 ac
1471 5611 1725 5666 revolvat.
1791 5615 2006 5684 Κόσμος
2052 5616 2192 5671 idem
2243 5617 2314 5671 ob
2346 5586 2752 5684 dispositionem
2815 5615 3056 5670 omnium
3098 5616 3152 5670 in
3181 5630 3247 5671 eo
3275 5619 3703 5674 rerum'dicitur.

863 5693 910 5728 ⁸⁸
934 5694 974 5762 f.
1003 5698 1127 5752 add.
1156 5703 1233 5757 ὲν.
