4042 6330
199 479 308 538 945

926 477 1243 536 ACBILLIS
1276 478 1459 534 TATIl
1495 474 1786 536 ISAGOGE
1824 475 1913 528 AD
1951 476 2157 533 ARATI
2192 476 2653 542 ΡΠΕΝΟΜΕΝΔ.

3282 480 3389 537 966

268 592 526 665 Διόδωρος
544 552 612 646 ‘66
639 592 841 665 ἐξαχῶς
862 594 950 647 τὸν
973 596 1173 667 κόσμον
1207 598 1338 667 φησὶ
1369 597 1621 661 νοεῖσθαι,
1656 594 1739 665 ἐφ’

1910 592 2176 652 Diodorus
2207 612 2299 653 sex
2335 600 2507 655 modis
2546 598 2770 670 intelligi
2805 613 2963 668 posse
2994 600 3252 655 mundum
3303 616 3391 654 as-

197 685 423 739 ὲκόιστου
459 685 661 739 ἔννοιαν
693 686 863 749 διδοὺς
891 686 1080 752 οὕτως.
1110 690 1326 759 Κόσμος
1358 691 1474 744 ἐστὶ
1498 691 1746 763 σύστημα

194 776 259 843 ἐξ
283 776 506 848 οὐρανοῦ
530 778 623 830 καὶ⁹
654 778 777 848 γῆς,
813 779 1031 833 καὶτῶν
1067 780 1267 850 μεταξὺ
1295 772 1525 849 φύσεων.
1558 784 1742 849 Πάλιν,

192 870 395 939 κόσμος
417 870 559 923 ἐστὶν
588 872 892 942 οἰκητήριον
928 872 1081 926 θεῶν.
1126 872 1239 927 Νῦν
1271 870 1362 927 οὖν
1392 875 1451 927 τὸ
1478 874 1745 945 πλήρωμα

190 962 340 1031 λέγει
365 962 519 1025 ἐκτὸς
546 962 653 1016 τῶν
679 965 737 1016 ὲν
768 964 931 1033 αὐτῷ.
973 965 1186 1036 Τρίτον,
1221 965 1248 1017 ό
1281 966 1479 1036 κόσμος
1506 968 1621 1019 ἐστὶ
1650 967 1743 1020 σύ-

193 1069 374 1124 στημα
406 1053 469 1106 ὲκ
514 1052 650 1106 θεῶν
692 1054 785 1107 καὶ
831 1053 1241 1125 ἀνθρώπων.....
1278 1055 1432 1109 τοῦτο
1482 1057 1638 1126 μόνον
1668 1057 1745 1127 τῷ

190 1142 295 1213 βίῳ
319 1161 332 1174 ο
361 1144 436 1207 ὡς
460 1144 513 1196 εἴ
542 1162 624 1208 τις
663 1145 846 1213 λέγει’
878 1146 1033 1209 Πόλις
1068 1147 1212 1199 ἐστὶν
1251 1146 1311 1211 ἐξ
1351 1148 1621 1218 ἀρχόντων
1652 1150 1743 1201 καὶ

187 1236 525 1307 ἀρχομένων.
558 1236 823 1310 Τέταρτον
852 1240 1054 1309 κόσμος
1098 1222 1243 1294 ἐστὶν
1285 1242 1478 1312 αἱθήρ’
1520 1238 1669 1306 οὗτος
1689 1244 1743 1296 δὲ

188 1326 305 1399 πῦρ
340 1327 621 1399 εἰλικρινὲς
668 1330 743 1382 ὢν
789 1330 1090 1401 κατιῦτερὸς
1131 1333 1174 1364 ⁸⁷
1212 1334 1327 1385 ἐστι
1373 1332 1471 1386 τοῦ
1518 1335 1743 1403 φυσικοῦ

186 1418 414 1488 κόσμου.
469 1420 717 1488 Πέμπτον
735 1461 750 1485 ,
805 1422 1003 1492 κόσμος
1053 1425 1198 1476 ἐστὶν
1243 1427 1275 1495 ή
1332 1426 1438 1479 τῶν
1495 1427 1744 1481 ἀπλανῶν

189 1514 414 1583 σφαῖρα.
462 1512 660 1566 Τούτου
706 1515 798 1567 καὶ
849 1504 1070 1569 Πλάτων
1108 1520 1166 1571 έν
1214 1522 1422 1588 Τιμαίῳ
1457 1520 1741 1592 μέμνηται.

188 1600 410 1663 Ἕκτον,
474 1602 675 1674 κόσμος
728 1606 873 1659 ἐστὶν
922 1608 951 1659 6
1002 1607 1369 1679 διακοσμήσας
1423 1612 1490 1663 τὰ
1546 1612 1740 1666 πάντα.

189 1690 377 1743 Ἔοικε
404 1691 459 1743 δὲ
488 1690 633 1762 νῦνή
665 1692 894 1764 Πρόνοια
938 1694 1206 1763 λέγεσθαι.
1228 1696 1299 1749 T6
1326 1695 1379 1748 δὲ
1405 1699 1510 1750 πᾶν
1543 1698 1743 1769 κόσμον

182 1782 504 1853 Πυθαγόρας
524 1783 777 1836 ἐκάλεσεν
807 1785 871 1838 ὲκ
896 1785 995 1855 τῆς
1017 1786 1423 1857 διακοσμήσεως
1446 1802 1459 1815 ·
1486 1787 1655 1851 οὐδεὶς
1687 1788 1742 1841 66

184 1871 298 1942 πρὸ
322 1872 502 1926 αὑτοῦ.
541 1871 614 1927 Τὸ
649 1874 706 1927 δὲ
738 1876 843 1929 πᾶν
873 1874 966 1929 τοῦ
999 1875 1118 1928 ὅλου
1155 1877 1305 1949 παρὰ
1343 1880 1452 1941 τοῖς
1487 1878 1742 1939 Στωϊκοῖς

182 1966 450 2037 διαφέρει.
498 1968 657 2022 Ὀλον
711 1968 807 2038 μὲν
855 1970 963 2042 γὰρ
1011 1971 1222 2038 λέγουσι
1252 1971 1341 2025 τὸν
1382 1972 1600 2043 κόσμον,
1636 1974 1741 2025 πᾶν

183 2056 249 2110 δὲ
288 2057 423 2127 μετὰ
441 2058 534 2111 τοῦ
566 2059 739 2113 κενοῦ.
774 2062 815 2113 Τ
820 2063 1045 2132 ηρητέον
1066 2063 1132 2143 ⁸⁸,
1158 2065 1237 2117 ὃτι
1267 2064 1499 2136 οὐδαμοῦ
1525 2065 1590 2118 δι’
1622 2065 1739 2118 ὅλου

183 2148 391 2218 κόσμος
423 2150 591 2212 οὕτως
626 2151 948 2222 ὠνόμασται.
985 2156 1223 2227 Οὐρανὸς
1244 2157 1299 2209 δὲ
1324 2157 1739 2230 ήτυμολόγηται,

182 2238 305 2307 ἦτοι
337 2241 453 2293 ἐπεὶ
482 2241 605 2311 ὅρος
630 2241 851 2306 παλαιός
877 2244 1020 2297 ἐστιν
1038 2262 1052 2275 ⁶
1088 2247 1119 2317 ἥ
1144 2249 1262 2301 ἐπεὶ
1284 2251 1621 2322 σφαιροειδὴς
1645 2251 1738 2317 ὢν,

182 2327 394 2382 ἔνδοθεν
423 2331 583 2384 αὑτοῦ
623 2336 768 2402 ἡμᾶς
811 2335 950 2406 ἀρεῖ,
974 2337 1007 2403 ,ὃ
1051 2338 1163 2391 ἐπι
1210 2340 1506 2406 φυλάσσει·
1548 2343 1581 2413 ἢ
1620 2346 1740 2397 ἐπεὶ

179 2419 455 2485 ἀνώτατός
481 2424 613 2477 ἐστι.
645 2425 717 2479 T6
749 2426 804 2479 δὲ
831 2427 957 2498 ὅρου
1002 2429 1063 2481 τὸ
1119 2430 1228 2484 ἄνω
1278 2431 1469 2503 δηλοῦν
1516 2434 1739 2504 Φρυγῶν

181 2510 339 2577 ἴδιον,
377 2514 451 2577 ὡς
470 2514 840 2587 Νεοπτόλεμος
870 2519 928 2571 ἐν
965 2523 1083 2584 ταῖς
1112 2524 1387 2591 Φρυγίαις
1422 2527 1639 2592 φωναῖς
1663 2542 1678 2557 ⁸
1704 2528 1736 2599 ἦ

178 2604 297 2658 ἀπὸ
328 2607 414 2660 τοῦ
444 2608 667 2679 ὁρᾶσθαι
690 2626 703 2639 ⁸
806 2611 913 2665 ἀπὸ
939 2612 1031 2665 τοῦ
1071 2614 1309 2686 ὀρούεινιο
1343 2619 1567 2671 κινεῖται
1604 2619 1734 2687 γάρ·

175 2694 215 2766 ἢ
249 2695 355 2749 ἀπὸ
378 2699 469 2752 τοῦ
501 2695 655 2772 οὖρος
688 2700 843 2767 εἶναι,
881 2704 973 2757 καὶ
1008 2704 1229 2775 ἔσχατος
1251 2707 1392 2777 690;.
1428 2708 1653 2776 Λέγεται
1683 2708 1738 2762 66

178 2786 466 2857 πολλαχῶς
493 2791 717 2862 οὐρανὸς
760 2795 791 2864 ή
842 2793 949 2848 τῶν
986 2795 1235 2849 ἀπλανῶν
1282 2801 1503 2869 σφαῖρα.
1561 2801 1740 2869 Ζήνων

176 2878 317 2947 γοῦν
348 2882 376 2933 6
407 2883 636 2947 Κυτιεὺς
662 2884 833 2951 οὕτως
863 2888 1022 2942 αὑτὸν
1047 2890 1307 2961 ὡρίσατο·
1346 2892 1569 2963 οὐρανός
1596 2895 1739 2947 ἐστιν

176 2969 399 3041 αἰθέρος
445 2973 504 3026 τὸ
558 2973 800 3046 ἔσχατον,
844 2978 901 3045 ὲξ
954 2974 1033 3045 οὗ,
1084 2982 1176 3034 καὶ
1222 2984 1278 3035 ὲν
1317 2978 1361 3050 ᾧ
1417 2986 1527 3037 ἐστι
1568 2984 1740 3039 πάντα

176 3064 473 3133 ἐμφανῶς·
518 3066 758 3140 περιέχει
797 3068 905 3140 γὰρ
946 3071 1119 3124 πάντα
1164 3072 1300 3143 πλὴν
1350 3075 1528 3128 αὑτοῦ.
1578 3078 1740 3131 Οὐδὲν

176 3154 295 3225 γὰρ
329 3157 486 3211 έαυτὸ
526 3160 798 3232 περιέχει⁶
844 3161 956 3215 ἀλλ’
997 3162 1182 3235 ἑτέρου
1225 3166 1339 3218 ἐστὶ
1376 3168 1733 3238 περιεκτικόν.

177 3247 294 3301 Τοῦ
315 3249 369 3302 δὲ
400 3250 568 3316 οὕτως
593 3252 896 3323 ὡρισμένου
937 3254 1163 3327 οὐρανοῦ
1194 3256 1463 3329 μέμνηται
1488 3261 1579 3312 καὶ
1604 3260 1737 3313 Πλά-
1760 3288 1805 3349 c

175 3356 313 3404 των,
344 3341 438 3395 καὶ
470 3343 842 3417 Ἀριστοτέλης
887 3346 945 3399 ὲν
993 3346 1225 3420 δευτέρῳ
1271 3350 1411 3419 Περὶ
1457 3352 1734 3419 οὐρανοῦ.

175 3428 415 3497 Λέγεται
447 3432 519 3489 66,
547 3433 769 3503 οὐρανὸς
810 3437 901 3488 καὶ
955 3438 987 3508 ἡ
1035 3438 1261 3493 ἑκάστου
1313 3440 1421 3497 τῶν
1456 3441 1737 3515 πλανήτων

177 3522 422 3592 σφαῖρα*
455 3522 575 3575 καθ’
609 3523 666 3575 ὃν
688 3520 861 3593 ’λόγον
892 3526 950 3601 6y
981 3528 1190 3600 οὐρανῷ
1230 3550 1405 3603 φαμεν
1438 3528 1595 3589 εἶναι.
1630 3538 1739 3590 Καὶ

174 3614 265 3667 ἔτι
297 3614 514 3685 οὐρανὸς
540 3617 645 3681 πᾶς
669 3618 697 3670 6
721 3618 857 3689 μετά
881 3619 971 3674 τὸν
992 3621 1126 3693 ἀέρα
1151 3624 1332 3688 τόπος,
1366 3625 1422 3689 6;
1450 3628 1741 3702 εἰλικρινής
1794 3688 1797 3689 ν

175 3709 335 3760 ἐστιν
365 3706 682 3779 αἱθήρ..Καὶ
723 3708 803 3764 ἔτι
844 3712 1066 3781 οὐρανός
1113 3714 1226 3767 ἐστι
1257 3717 1363 3770 πᾶν
1400 3717 1460 3769 τὸ
1488 3719 1738 3791 ὑπεράνω

180 3799 512 3871 βλεπόμενον
543 3806 607 3875 τῇ
647 3803 785 3873 ὕψει,
820 3804 955 3857 καθὸ
982 3806 1174 3878 ὁρατόν
1208 3810 1342 3871 ἐστι,
1377 3809 1467 3862 καί
1499 3809 1643 3875 ὅπως
1672 3811 1737 3865 ἂν

172 3890 411 3956 ἕκαστος
436 3893 688 3965 ὀξύτητος
730 3894 840 3964 ἔχοι
875 3895 1106 3966 βλέπειν.
1140 3899 1247 3953 Καὶ
1274 3899 1351 3953 ἔτι
1392 3899 1613 3971 οὐρανὸς
1648 3900 1735 3953 λέ-

174 3998 338 4051 γεται
366 3986 393 4037 6
430 3986 650 4056 κόσμος,
707 3980 768 4041 οὗ
810 3990 903 4049 καὶ⁵
956 3990 1175 4044 Πλάτων
1228 3992 1493 4062 μέμνηται
1525 3992 1616 4045 ὲπὶ
1646 3993 1735 4046 τοῦ

174 4070 357 4142 ἡλίου,
392 4090 410 4122 ι
453 4071 512 4126 '0
544 4076 641 4143 μὲν
670 4075 731 4148 δή
762 4077 935 4148 μέγας
962 4080 1019 4131 ὲν
1062 4078 1271 4151 οὐρανῷ
1304 4083 1455 4147 Ζεὺς,
1494 4100 1511 4133 ι
1548 4081 1731 4134 εἰπών.

173 4161 499 4237 Ἐπίκουρος
528 4166 583 4220 δὲ
617 4166 840 4233 πολλοὺς
868 4170 1100 4242 κόσμους
1130 4171 1453 4238 ὑποτίθεται,
1486 4173 1577 4226 καὶ
1608 4176 1635 4226 6
1659 4175 1735 4227 δι-

168 4255 446 4322 δάσκαλος
474 4258 636 4314 αὐτοῦ
674 4262 1049 4335 Μητρόδωρος.
1542 4252 1548 4257 ’

588 4550 725 4618 Περὶ
754 4549 1059 4619 σχήματος
1085 4555 1331 4621 κόσμου.

251 4660 328 4725 ς’.
354 4662 543 4733 Σχῆμα
570 4664 625 4717 66
655 4665 857 4735 κόσμου
878 4667 925 4718 οἱ
962 4666 1059 4735 μὲν
1087 4668 1361 4730 κωνοειδὲς
1399 4663 1569 4727 εἷπον,
1597 4668 1645 4719 οἱ
1676 4667 1732 4720 δὲ

176 4755 535 4826 σφαιροειδὲς,
565 4758 611 4810 oi
651 4757 707 4810 66
748 4756 997 4821 ὠοειδὲςο
1032 4755 1097 4829 ἧς
1143 4759 1299 4827 δόξης
1340 4758 1549 4828 ἔχονται
1592 4760 1639 4811 oi
1668 4758 1733 4811 τὰ

188 4844 426 4917 Ὀρφικά
464 4848 730 4917 μυστήρια
785 4846 1076 4910 τελοῦντες.
1128 4849 1426 4918 Σαφηνείας
1474 4848 1528 4901 66
1573 4847 1732 4903 ἕνεκα

178 4937 415 5007 πιθανῆς
454 4938 768 5010 παρελήφθη
808 4938 902 4992 τοῦ
943 4937 1049 4992 ὼοῦ
1087 4940 1119 5008 ή
1161 4939 1341 4992 εἰκών.
1390 4942 1640 5010 Ἀμε;νον
1677 4940 1732 4994 δὲ

177 5027 420 5099 σφαίρας
465 5028 775 5097 ἐκδέχεσθαι
828 5032 1011 5102 σχῆμα
1060 5030 1200 5101 ἔχειν
1243 5032 1333 5085 τὸν
1376 5032 1599 5105 οὐρανὸν
1641 5034 1731 5087 καὶ

174 5120 248 5173 τὰ
281 5123 341 5173 ὲν
370 5119 534 5189 αὐτῷ,
562 5120 699 5174 κατά
728 5122 817 5175 τὸν
862 5122 1239 5193 Ἐμπεδοκλέα,
1267 5123 1323 5187 6;
1343 5124 1443 5195 ἔφη
1470 5122 1659 5188 οὕτως·

256 5319 530 5387 Σφαῷος,
566 5320 951 5391 κυκλοτερὴς,
963 5325 1155 5395 μούνῃ
1171 5328 1431 5394 περιηγέϊ
1456 5330 1695 5396 χαιζοων.

252 5432 423 5501 Δῆλον
450 5432 505 5485 66
532 5434 625 5486 xui.
655 5436 717 5488 ὲκ
745 5434 837 5489 τοῦ
871 5430 1008 5489 εἶναι
1041 5438 1100 5503 ἓξ
1127 5439 1287 5503 ζὼδια
1313 5439 1415 5493 ὑπὸ
1438 5442 1558 5511 γῆν,
1594 5442 1652 5506 ἒξ
1679 5443 1734 5495 δὲ

180 5524 327 5594 ὑπὲρ
356 5524 475 5594 γῆν.
517 5528 629 5579 Ἐπ’
659 5529 869 5591 οὐδενὸς
887 5529 941 5582 δὲ
962 5531 1119 5584 ἄλλου
1153 5534 1422 5601 σχήματος
1454 5535 1485 5603 ἡ
1514 5534 1730 5605 τοιαύτη

182 5614 407 5679 εὐταξία
435 5617 526 5670 καὶ
568 5622 837 5691 περιφορά
885 5622 1086 5698 γίνεται
1124 5625 1155 5694 ἢ
1192 5626 1281 5678 ἐπὶ
1308 5624 1397 5676 τοῦ
1430 5627 1728 5696 σφαιρικοῦ.

181 5709 259 5762 Τὸ
289 5707 346 5760 66
382 5711 707 5779 σφαιροειδὲς
743 5713 921 5784 σχῆμα
951 5713 1145 5768 διδόασι
1176 5718 1251 5787 τῲ
1288 5718 1488 5789 κόσμῳ.
1530 5720 1733 5791 Σφαῖρα

274 5887 317 5967 f7
346 5884 768 5962 Ιπιοάνὼτερος.
882 5894 923 5925 ⁸⁸
950 5894 1105 5950 Dccst
1148 5895 1218 5948 δέ.

1847 687 2001 749 serit,
2030 694 2083 743 et
2141 690 2434 761 unicuique
2494 708 2652 749 suum
2714 699 2932 747 salsum
2985 691 3063 747 sic
3121 692 3385 747 attribuit.

1845 775 2074 833 Mundus
2102 786 2185 834 est
2210 781 2496 837 collectum
2525 781 2785 852 quiddam
2824 797 2855 837 e
2885 783 3023 836 coelo
3060 790 3221 854 atque
3242 792 3388 840 terra

1841 872 1895 919 et
1924 868 2133 923 naturis
2167 876 2396 940 utroque
2434 873 2864 941 comprehensis.
2899 872 3126 938 Rursus,
3155 876 3388 930 mundus

1843 966 1925 1013 est
1969 958 2195 1013 deorum
2231 960 2582 1024 domicilium.
2624 962 2725 1018 Ubi
2764 964 3192 1035 supplementum
3244 966 3422 1021 illius.

1842 1048 1995 1104 aﬂ‘ert
2024 1056 2176 1106 extra
2208 1052 2264 1107 id
2278 1052 2421 1123 quod
2451 1054 2503 1107 in
2531 1054 2624 1108 illo
2651 1055 2981 1113 continetur.
3008 1056 3209 1123 Tertio,
3227 1074 3387 1113 muno

1841 1138 1944 1195 dus
1978 1147 2063 1195 est
2107 1148 2344 1211 systema
2382 1142 2603 1197 deorum
2651 1154 2705 1198 et
2745 1143 3112 1201 hominumn"
3156 1147 3301 1204 velut
3342 1149 3388 1204 si

1841 1230 1963 1299 quis
1983 1230 2131 1285 dicat
2155 1250 2170 1288 :
2204 1231 2411 1295 Civitas
2430 1248 2495 1287 ex
2512 1234 2916 1304 magistratibus
2936 1244 2990 1291 et
3010 1238 3221 1294 civibus
3239 1254 3389 1294 com-

1842 1321 2079 1388 ponitur.
2110 1321 2339 1388 Quarto,
2376 1323 2611 1379 mundds
2646 1330 2730 1379 est
2759 1324 2954 1393 aatber;
2987 1325 3076 1379 hic
3112 1342 3242 1383 vero
3262 1343 3387 1383 cum

1841 1412 1912 1466 sit
1937 1427 2129 1480 purus,
2174 1427 2239 1467 ac
2264 1413 2512 1469 sincerus
2536 1415 2699 1485 ignis,
2741 1418 2976 1473 naturali
3014 1418 3216 1474 mundo
3257 1418 3388 1475 infe-

1841 1504 1951 1557 rior
1978 1512 2079 1559 est.
2099 1496 2318 1571 Quinto,
2344 1509 2577 1563 mundus
2603 1518 2688 1565 est
2713 1509 2942 1567 lixarum
2965 1512 3195 1583 sphaera.
3212 1511 3397 1585 Hujus.

1840 1591 2219 1663 descriptionis
2242 1597 2483 1652 meminit
2510 1599 2565 1654 in
2594 1599 2788 1677 Timavo
2810 1600 2982 1657 Plato.
3013 1602 3199 1671 Sexto,
3226 1621 3387 1660 mun-

1839 1682 1941 1739 dus
1964 1694 2047 1739 est
2087 1688 2179 1756 qui
2220 1688 2493 1743 ordinavit
2537 1692 2737 1745 omnia.
2783 1690 2989 1757 Quibus
3025 1694 3207 1752 verbis
3245 1695 3385 1751 indi-

1840 1776 1951 1830 cari
1984 1776 2332 1834 Providentia
2358 1781 2588 1837 videtur.
2619 1780 3171 1855 Pythagoras‘xdapov
3202 1788 3387 1857 appel-

1839 1865 1969 1919 lavit
2013 1870 2346 1936 universum,
2394 1883 2614 1943 propter
2654 1873 2977 1945 dispositum
2999 1885 3025 1930 ":
3047 1875 3191 1946 quod
3226 1892 3385 1933 nemo

1770 1943 1813 1997 Β
1841 1966 1965 2014 ante
1998 1958 2175 2029 ipsum
2212 1961 2442 2016 dixerat.
2474 1960 2661 2017 Din'ert
2691 1943 2870 2019 autem
2911 1943 3209 2021 secundum
3238 1964 3383 2022 Stoi-

1840 2067 1933 2109 cos
1968 2053 2279 2109 universum
2309 2069 2338 2108 a
2365 2061 2495 2111 toto.
2537 2054 2668 2110 Nam
2694 2062 2865 2111 totum
2891 2069 3088 2115 vocant
3118 2061 3192 2115 illi
3229 2076 3385 2117 mun-

1840 2144 1965 2203 dum
1984 2188 1999 2213 ,
2028 2150 2342 2205 universum
2368 2164 2496 2205 vero
2520 2165 2642 2205 cum
2671 2165 2912 2207 vacuo...
2935 2152 3077 2221 quod
3108 2168 3383 2224 nunquam

1840 2241 1917 2295 sic
1950 2239 2181 2295 mundus
2211 2240 2509 2311 appellatus
2537 2247 2639 2295 est.
2670 2238 2788 2294 Jam
2816 2239 3040 2312 οὐρανὸς
3060 2240 3129 2295 ab
3154 2255 3219 2295 eo
3254 2241 3387 2298 dici-

1842 2340 1949 2396 tur,
1981 2331 2122 2401 quod
2150 2331 2219 2386 sit
2249 2332 2393 2387 velut
2437 2333 2581 2402 ὅρος,
2608 2330 2663 2385 id
2691 2339 2773 2386 est
2803 2332 3066 2387 terminus
3088 2332 3381 2403 antiquus;

1841 2424 1921 2477 vel
1952 2423 2099 2492 quia,
2130 2438 2251 2477 cum
2282 2422 2352 2478 sit
2380 2423 2700 2493 sphaericus,
2731 2422 2881 2479 intra
2901 2439 2959 2481 se
2980 2439 3079 2480 nos
3093 2426 3231 2495 ἀρεῖ,
3280 2426 3384 2481 hoc

1839 2515 2188 2582 estcustodit,
2206 2515 2316 2570 sive
2347 2516 2469 2585 quia
2488 2514 2777 2582 ἀνώτατος,
2794 2515 2848 2571 id
2873 2523 2955 2572 est
2977 2532 3260 2587 supremus
3279 2525 3379 2573 est.

1838 2607 1969 2661 Nam
2003 2608 2123 2678 ὅρου
2153 2607 2290 2676 apud
2314 2606 2552 2677 Phrygas
2571 2622 2691 2664 esse
2711 2609 2841 2674 ἄνω,
2870 2624 3049 2677 supra,
3072 2608 3230 2664 docet
3248 2610 3386 2666 Neo-

1837 2703 2101 2772 ptolemus
2132 2704 2186 2756 in
2216 2702 2478 2772 Phrygum
2507 2702 2787 2757 vocabulis.
2823 2702 3006 2759 Potest
3044 2710 3098 2759 et
3138 2703 3207 2757 ab
3251 2705 3393 2775 691-

1842 2794 1983 2859 σθαι,
2023 2795 2163 2865 quod
2204 2802 2288 2850 est
2317 2795 2507 2860 videri,
2551 2796 2636 2850 vel
2665 2794 2735 2850 ab
2760 2795 2969 2867 όρούειν
2992 2794 3206 2862 deduci,
3249 2810 3384 2866 quo-

1838 2887 1983 2942 niam
2014 2887 2203 2941 cietur.
2242 2885 2332 2942 Vel
2356 2887 2482 2957 quia
2510 2878 2666 2958 οὖρος
2709 2896 2809 2951 est,
2844 2895 3225 2957 extremusque
3273 2892 3384 2942 ter-

1839 2960 2038 3033 minus.
2070 2975 2219 3054 Saepe
2248 2977 2373 3032 item
2402 2992 2501 3047 pro
2530 2978 2756 3032 lixarum
2784 2978 2990 3047 sphaera
3016 2976 3265 3047 usurpari
3294 2992 3395 3051 50-!

1839 3069 1931 3123 let.
1969 3068 2111 3125 Sane
2142 3070 2287 3125 Zeno
2318 3070 2587 3141 Cytiensis
2614 3069 2694 3126 sic
2720 3069 2874 3125 illum
2900 3069 3188 3141 descripsit
3219 3069 3379 3124 :Cm-

1838 3162 1948 3215 lum
1979 3171 2062 3217 est
2086 3162 2301 3219 aetheris
2340 3171 2662 3229 extremum,
2699 3179 2762 3218 ex
2789 3177 2895 3233 quo
2926 3170 2980 3217 et
3006 3163 3061 3219 in
3102 3176 3211 3234 quo
3256 3169 3383 3218 sunt

1838 3255 2017 3308 omnia
2046 3254 2330 3309 manifeste
2366 3273 2377 3309 :
2411 3254 2609 3325 quippe
2629 3251 2811 3309 omnia
2844 3264 3039 3325 praeter
3069 3268 3127 3309 se
3143 3253 3381 3323 comple-

1836 3344 2020 3415 ctjtur.
2060 3343 2192 3398 Nam
2226 3343 2362 3398 nihil
2409 3343 2645 3413 seipsum
2691 3330 2973 3399 continet:
3011 3342 3106 3399 sed
3150 3343 3383 3398 alterum

1835 3431 2023 3488 ambit.
2055 3431 2188 3489 ϐωιί
2230 3431 2333 3487 hoc
2352 3431 2511 3487 modo
2542 3432 2799 3502 descripti
2832 3430 3379 3497 memineruntPlato,

1836 3533 1888 3581 et
1910 3524 2230 3582 Aristoteles
2260 3525 2401 3582 libro
2428 3524 2667 3581 secundo
2696 3524 2773 3580 De
2818 3525 2967 3581 caelo.
3011 3524 3151 3592 Quin
3180 3532 3236 3581 et
3275 3524 3386 3595 pla-

1839 3626 2083 3673 netarum
2107 3618 2328 3689 sphaerae
2357 3618 2582 3689 singula:
2608 3617 2733 3673 caeli
2761 3617 3116 3688 appellatione
3153 3632 3383 3673 censen--

1836 3721 1925 3765 tur
1951 3729 1962 3764 :
1986 3716 2045 3765 ut
2076 3726 2198 3766 cum
2226 3726 2321 3766 eos
2350 3710 2405 3764 in
2433 3711 2571 3766 caelo
2590 3700 2710 3767 esse
2742 3710 2992 3765 dicimus.
3023 3708 3150 3763 Item
3184 3708 3378 3764 coelum

1836 3802 1888 3857 id
1920 3817 2078 3871 omne
2103 3800 2338 3873 spatium
2381 3809 2627 3869 vocatur,
2674 3800 2816 3871 quod
2845 3816 3009 3873 supra
3042 3816 3219 3858 aerem
3254 3812 3377 3870 est;

1836 3894 1927 3967 qui
1956 3901 2040 3950 est
2066 3892 2483 3965 limpidissimus
2528 3892 2713 3949 aether.
2752 3892 2882 3949 ltem
2926 3893 3122 3949 cmlum
3158 3904 3382 3951 vocatur

1833 3987 2095 4059 quidquid
2153 4002 2369 4044 sursum
2420 3987 2682 4051 cernitur,
2726 3994 2993 4056 quatenus
3054 3988 3381 4059 aspectabile

1833 4088 2023 4146 est,«et
2047 4060 2104 4134 ιιι
2130 4080 2361 4150 quisque
2390 4078 2503 4131 acri
2537 4086 2619 4133 est
2650 4078 2933 4133 oculorum
2970 4079 3086 4134 acie
3126 4079 3380 4149 praeditus

1836 4173 1903 4227 ad
1959 4170 2271 4226 videndum.
2335 4168 2416 4221 Ad
2460 4168 2576 4223 hac
2614 4168 2810 4223 caelum
2865 4168 3101 4225 mundus
3154 4169 3376 4236 dicitur,

1736 4314 1743 4322 .
1833 4264 1977 4335 quod
2010 4272 2237 4332 usurpat
2267 4264 2319 4317 in
2347 4263 2464 4318 sole
2494 4262 2645 4317 Plato
2670 4262 2749 4318 sic
2772 4263 3017 4319 scribens
3044 4271 3061 4317 ‘:
3100 4282 3118 4316 ι
3156 4262 3380 4336 Magnus

1834 4355 1995 4425 igitur
2012 4354 2063 4407 in
2079 4354 2217 4409 caelo
2233 4353 2319 4409 ille
2340 4352 2569 4422 Jupiter.
2585 4373 2602 4405 ›
2618 4352 2885 4423 Epicurus
2903 4368 3025 4409 cum
3049 4362 3381 4426 praeceptore

1832 4460 1931 4502 suo
1966 4444 2270 4499 Metrodoro
2294 4445 2477 4514 plures
2507 4461 2628 4501 esse
2658 4445 2891 4501 mundos
2918 4444 3208 4500 arbitratus
3233 4453 3331 4502 est.

2352 4558 2425 4612 De
2462 4559 2630 4629 ﬁgura
2669 4561 2864 4617 mundi.

1900 4671 1953 4725 6.
1975 4671 2155 4727 Mundi
2171 4672 2390 4743 ﬁguram
2418 4672 2795 4737 aliiconicam;
2830 4673 2918 4728 alii
2936 4672 3210 4743 sphmrica:
3229 4672 3379 4729 simi-

1836 4766 1971 4830 lem;
2000 4765 2207 4820 ovalem
2255 4765 2345 4819 alii
2393 4779 2512 4819 esse
2558 4764 3001 4835 sentiunt:quod
3044 4773 3377 4837 postremum

1834 4864 2052 4912 tuentur
2076 4858 2134 4923 ii,
2170 4856 2259 4926 qui
2289 4855 2538 4926 Orphicis
2575 4858 2747 4911 sacris
2783 4856 3019 4912 initiant.
3051 4857 3127 4913 Ac
3162 4856 3379 4913 videtur

1834 4949 1921 5003 ovi
1952 4951 2054 5005 ista
2080 4950 2374 5005 similitudo
2396 4948 2676 5005 facilitatis
2700 4964 2866 5006 causa
2895 4958 2947 5007 et
2972 4949 3380 5020 perspicuitatis

1833 5052 2125 5111 assumpta.
2159 5040 2386 5095 Praestat
2427 5049 2607 5097 tamen
2652 5042 2965 5112 sphaericam
3005 5040 3229 5111 ﬁguram
3283 5052 3409 5097 ac-‘

1832 5132 2171 5187 commodare
2197 5133 2336 5187 cmlo
2381 5140 2434 5187 et
2475 5134 2542 5189 iis
2577 5149 2696 5205 qua:
2738 5134 2792 5187 in
2824 5148 2888 5187 eo
2908 5141 3052 5200 sunt,
3091 5138 3152 5187 ut
3185 5131 3381 5204 Empe-

1832 5225 2013 5280 docles
2042 5225 2249 5295 putavit
2279 5226 2364 5282 his
2407 5226 2584 5282 verbis
2612 5246 2622 5279 :

1971 5333 2221 5403 Sphwrus
2257 5335 2534 5401 rotundus,
2564 5335 2677 5389 sola
2714 5336 2962 5390 circulari
2991 5339 3239 5407 gaudens.

1900 5445 2053 5513 Quod
2090 5463 2152 5502 ex
2185 5462 2251 5504 eo
2301 5449 2490 5519 liquet,
2528 5449 2798 5517 quoniam
2845 5466 2939 5505 sex
2987 5465 3145 5521 supra
3179 5457 3377 5503 terram

1832 5541 2002 5611 signa,
2031 5540 2253 5596 totidem
2286 5539 2427 5595 infra
2463 5549 2718 5610 perpetua
2751 5549 2896 5597 sunt.
2918 5539 3380 5611 Cujnsmodinulli
3494 5546 3497 5547 ⁷

1833 5632 2004 5695 alteri,
2026 5648 2187 5702 quam
2212 5631 2487 5704 sphaaricas
2511 5631 2711 5703 ﬁgura»,
2736 5632 3020 5705 diSpositio
3048 5646 3111 5686 ac
3132 5629 3379 5687 circuitin

1834 5726 2103 5796 congruit.
2120 5726 2288 5785 Porro
2309 5726 2527 5795 spira-rae
2550 5726 2776 5781 similem
2814 5718 3012 5780 mundo
3037 5725 3267 5793 speciem
3291 5737 3379 5786 as-
3422 5710 3443 5745 ί
