4094 6328
674 368 829 447 .at'i

1742 398 1832 453 AD
1879 382 2578 456 EUSEBII'CHRONICON
2624 401 2975 457 APPENDI‘X.
3062 401 3065 404 '
3818 392 3901 447 948

722 506 961 576 signant.
997 504 1217 577 Sphaera
1245 509 1444 579 quippe
1470 510 1668 565 coelum
1689 518 1772 566 est
1802 531 1815 565 :
1841 514 2064 582 sphaerae
2085 512 2253 567 Simili

2346 513 2480 587 ,μὲν
2510 514 2614 588 γὰρ
2656 518 2686 568 6
2715 515 2969 585 οὐρανόςο
3006 512 3342 585 σφαιροειδὴς
3379 509 3435 563 δὲ
3478 512 3510 579 ἡ
3550 508 3639 579 γῆ.
3678 507 3902 577 Διαφέρει

720 602 889 651 terra.
924 595 1021 652 Est
1057 606 1236 654 autem
1267 601 1551 671 Utriusque
1584 601 1898 657 discrimen.
1929 603 2062 657 Nam
2108 605 2279 673 spine—

722 687 847 740 τίνω
884 682 1080 744 similis
1114 688 1283 759 ﬁgura
1311 699 1491 761 partes
1531 691 1794 761 quasdam
1829 694 2128 763 eminentes
2179 694 2276 746 ba-

717 778 829 841 bet,
861 780 995 833 alias
1023 794 1324 849 concavas;
1350 784 1563 852 sphazra
1590 783 1950 853 undequaque
1975 791 2061 838 est
2091 797 2273 855 aequa-

718 867 846 923 bilis
868 910 883 934 ,
918 878 972 924 et
1004 878 1133 925 sunt
1178 872 1247 927 ab
1282 875 1401 943 ejus
1438 884 1625 929 centro
1653 876 1721 938 ad
1763 884 2062 929 extremum
2103 876 2276 929 ambi-

719 962 832 1008 tum
858 958 1035 1012 ducta:
1060 959 1293 1029 aequales
1345 962 1487 1016 inter
1515 978 1575 1017 se
1608 963 1778 1017 lineae.
1815 961 2025 1015 Caelum
2064 969 2149 1016 est
2174 963 2295 1015 ita--

716 1059 823 1115 que
868 1048 1107 1117 sphaera,
1172 1050 1314 1106 unde
1354 1062 1409 1107 et
1457 1054 1513 1106 in
1557 1054 1742 1108 orbem
1788 1062 2078 1107 movetur:
2114 1067 2272 1121 quem

716 1125 922 1194 circum
944 1141 1025 1195 sol
1050 1141 1339 1196 circuitum
1368 1142 1499 1209 facit
1521 1160 1536 1197 :

912 1250 1010 1316 ,ςοι
1030 1254 1323 1321 pernicibus
1353 1256 1497 1324 equis
1522 1273 1730 1311 versans
1763 1258 2053 1326 ﬂammam.

724 1374 727 1376 -
784 1341 994 1409 Etenim
1028 1344 1097 1400 ab
1121 1344 1337 1401 Oceano
1363 1354 1676 1417 surgentem
1706 1348 1857 1403 illum
1883 1348 2263 1418 prospicimus:

712 1454 808 1509 Sol
836 1466 1003 1510 autem
1031 1458 1232 1513 exsilii:
1256 1460 1549 1533 relinquens
1570 1462 1882 1531 praclarum
1912 1461 2084 1514 lacum
2107 1476 2127 1524 ;

714 1563 823 1634 78
854 1579 915 1620 ac
943 1582 1133 1625 rursus
1153 1568 1210 1624 in
1237 1566 1509 1626 Oceanum
1538 1572 1839 1629 cadentem:

2377 606 2433 657 δὲ
2474 605 2705 676 ἑκατέρα
2733 623 2745 635 ·
2794 606 2827 675 ἢ
2872 606 2917 637 ⁸⁸
2967 605 3028 658 τὸ
3084 604 3182 674 μὲν
3232 599 3564 673 σφαιροειδὲς
3608 600 3783 669 σχῆμα
3825 597 3902 653 καὶ

2376 694 2568 765 ἐξοχὰς
2600 697 2711 766 ἔχει
2738 696 2830 749 καὶ
2867 695 3198 764 κοιλότητας,
3229 694 3290 746 τὸ
3326 693 3382 746 δὲ
3407 692 3505 762 τῆς
3538 691 3765 760 σφαίρας
3788 706 3898 742 παν-

2376 787 2599 857 ταχόθεν
2626 776 2761 849 ἴσον,
2788 787 2880 840 καὶ
2908 787 3016 841 ἀπὺ
3041 785 3133 839 τοῦ
3161 785 3324 856 μέσου
3351 784 3571 855 κέντρου
3607 779 3899 849 ἐκϐαλλομέ-

2373 896 2470 943 νας
2500 880 2712 943 εὐθείας
2750 882 2830 944 εις
2869 879 2969 937 τὴν
3021 876 3339 945 ἐπιφάνειαν
3386 874 3507 935 lca;
3558 872 3698 943 ἔχον.
3742 871 3897 923 Ἔστιν

2372 966 2463 1025 οὖν
2500 973 2527 1024 6
2563 972 2787 1043 οὐρανὸς
2836 972 3070 1041 σφαῖρα·
3109 969 3229 1022 ὅθεν
3273 967 3365 1021 καὶ
3542 963 3723 1033 κύκλῳ
3755 962 3899 1032 me;

2353 1042 2633 1115 ποιεῖται·
2671 1063 2797 1132 περὶ
2820 1062 2877 1114 ὃν
2912 1061 3005 1115 καὶ
3038 1060 3185 1147 ἥλιος
3209 1058 3306 1129 τὴν
3334 1042 3633 1127 περιφορὰν
3657 1055 3892 1106 ποιεῖται·

2546 1254 2719 1308 Ἥλιε
2748 1253 2912 1321 θοαῖς
2937 1218 3209 1319 ἵπποισιν
3229 1250 3515 1305 εἱλίσσων
3533 1252 3745 1320 φλόγα.

2368 1341 2477 1395 Καὶ
2505 1341 2612 1414 γὰρ
2640 1343 2698 1410 ἐξ
2739 1344 2988 1397 Ὠκεανοῦ
3017 1342 3368 1397 ἀνατέλλοντα
3399 1342 3560 1395 αὑτὸν
3598 1340 3804 1417 ὁρῶμεν
3825 1354 3837 1366 ”

2384 1456 2603 1524 Ἠέλιος
2626 1455 2677 1509 δ’
2698 1457 3009 1525 ἀνόρουσε,
3030 1436 3223 1519 λιπὼν
3240 1457 3597 1525 περικαλλέα
3620 1451 3890 1520 λίμνην*

2368 1573 2457 1624 καὶ
2485 1570 2646 1625 πάλιν
2676 1571 2734 1633 ἐς
2778 1571 3022 1624 Ὠκεανὸν
3043 1569 3436 1640 καταδυόμενον
3454 1582 3469 1597 ·

808 1674 1004 1733 Incidit
1035 1691 1209 1737 autem
1232 1684 1287 1735 in
1310 1682 1576 1738 Oceanum
1607 1687 1877 1747 splendida
1913 1691 2006 1746 lux
2024 1693 2173 1746 solis.

2449 1683 2550 1736 Ἐν
2573 1682 2625 1735 δ’
2655 1682 2821 1738 ἓπεσ’
2862 1681 3114 1748 Ὠκεανῷ
3134 1680 3409 1750 λαμπρὸν
3437 1678 3585 1747 φάος
3603 1677 3857 1777 ἠελίοιο..

685 1764 866 1831 Quod
908 1785 1017 1824 non
1062 1772 1235 1833 ﬁeret,
1272 1773 1374 1829 nisi
1401 1775 1455 1827 in
1496 1777 1681 1831 orbem
1712 1779 1966 1835 cieretur.
2000 1779 2253 1851 Pythago-

2366 1775 2477 1827 Οὐκ
2506 1774 2571 1827 ἂν
2591 1773 2648 1827 δὲ
2679 1775 2836 1828 τοῦτο
2855 1774 3079 1843 ἐγίνετο,
3109 1774 3158 1825 εἰ
3193 1772 3267 1842 μὴ
3294 1771 3392 1841 τὴν
3411 1770 3591 1839 κύκλῳ
3621 1765 3895 1836 περιφορὰν

709 1858 808 1912 rici
837 1868 1038 1924 tamen,
1067 1863 1162 1931 qui
1194 1878 1258 1918 ex
1289 1865 1529 1921 numeris
1553 1882 1618 1920 ac
1646 1866 1833 1938 ﬁguris
1864 1877 2117 1925 constare
2131 1884 2253 1925 cen-

2368 1868 2617 1919 ἐποιεῖτο.
2648 1853 2713 1918 Ὀἱ
2745 1866 2801 1919 δὲ
2822 1867 3195 1937 Πυθαγόρειοι,
3226 1866 3347 1919 ἐπεὶ
3383 1864 3559 1917 πάντα
3589 1860 3647 1927 ἑξ
3670 1857 3894 1933 ἀριθμῶν

708 1956 829 2004 sent
857 1951 1060 2020 omnia,
1094 1960 1253 2009 terrze
1283 1956 1530 2012 cubicam
1564 1957 1788 2028 ﬁguram
1829 1962 2099 2027 tribuunt,
2148 1962 2253 2031 igni

2351 1956 2457 2007 καὶ
2484 1956 2753 2027 γραμμῶν
2787 1959 3101 2012 συνεστάναι
3124 1956 3352 2021 θέλουσι,
3380 1956 3477 2026 τὴν
3496 1954 3607 2025 »μὲν
3627 1954 3727 2023 γῆν
3751 1967 3893 2021 φασιν

707 2042 1002 2112 pyramidis
1027 2045 1256 2102 similem
1286 2087 1300 2112 ,
1334 2050 1444 2103 aeri
1484 2051 1817 2115 octaedrum,
1867 2068 2019 2125 aquae
2048 2054 2258 2109 icosae-

704 2128 887 2197 drum,
910 2132 1007 2206 toti
1024 2137 1374 2191 universitati
1399 2138 1812 2196 dodecaedrum.

1189 2311 1265 2367 De
1290 2314 1771 2389 circumvolutione.

773 2397 827 2451 ‘7.
867 2395 1064 2455 Stoicis
1104 2403 1282 2472 placet
1328 2421 1359 2461 e
1399 2412 1543 2462 terra
1582 2410 1815 2479 primum
1843 2409 2099 2465 extimam
2134 2408 2249 2462 ﬁeri

670 2474 675 2480 ’
702 2481 1258 2563 circumvolutionem.
1282 2492 1417 2548 Cum
1438 2474 1598 2551 enim—
1617 2506 1861 2552 centrum
1886 2498 1975 2551 illa
1994 2498 2085 2564 sit,
2101 2498 2253 2552 velut

700 2590 734 2628 a
763 2580 954 2632 centro
981 2578 1248 2647 circulus;
1280 2583 1360 2638 sic
1393 2598 1424 2637 a
1457 2591 1599 2640 terra
1620 2586 1697 2649 ﬁt,
1734 2594 1792 2641 ut
1826 2594 2249 2641 consentaneum

700 2675 805 2732 est,
840 2668 931 2724 ille
988 2670 1227 2728 ambitus
1265 2678 1521 2730 exterior.
1558 2677 1664 2731 Alii
1688 2691 1903 2733 sursum
1946 2688 2135 2732 natura
2155 2692 2253 2731 sua

700 2757 821 2813 ﬁeri
851 2758 1031 2831 ignem
1080 2772 1353 2827 asserunt,
1386 2773 1441 2821 et
1469 2767 1523 2820 in
1564 2767 1827 2822 circulum
1874 2782 1997 2823 esse
2038 2767 2251 2836 volubi-

698 2848 842 2916 lem,
894 2852 1130 2925 indeque
1185 2856 1353 2912 totius
1406 2859 1645 2914 universi
1688 2859 2245 2933 circuitionem'exsi-

698 2947 867 2996 atere.

1028 3054 1111 3110 An
1132 3057 1199 3111 sit
1230 3057 1431 3129 aliquid
1457 3068 1608 3114 extra
1637 3062 1908 3127 mundum.

766 3142 820 3199 8.
840 3140 1099 3202 Nonnulli
1121 3156 1273 3204 extra
1296 3151 1557 3207 mundum
1580 3168 1703 3210 esse
1733 3154 1936 3226 aliquid
1958 3163 2168 3227 putant,
2191 3165 2250 3212 ut

696 3231 991 3305 Epicurus;
1020 3240 1113 3309 qui
1168 3240 1224 3295 in
1272 3242 1482 3299 inﬁnito
1525 3260 1699 3301 vacuo
1742 3246 1983 3305 inﬁnitos
2018 3249 2253 3305 mundos

695 3327 949 3401 collocat.
982 3329 1172 3401 Stoici,
1199 3335 1291 3404 qui
1321 3330 2128 3415 certisintervallistemporum
2160 3341 2255 3395 de-

694 3419 1069 3491 ﬂagrationem
1104 3424 1292 3479 mundi
1315 3428 1531 3482 evenire
1551 3429 1813 3503 sentiunt,
1831 3444 2061 3485 vacuum
2082 3432 2253 3501 quod-

680 3509 821 3582 dam
860 3512 1095 3587 spatium
1147 3514 1543 3584 constituunt,
1576 3532 1683 3573 non
1732 3528 1912 3575 tamen
1950 3520 2249 3587 inﬁnitum;

693 3601 790 3657 sed
834 3596 1080 3669 tantum,
1112 3612 1173 3659 ut
1211 3604 1535 3663 dissolutum
1575 3609 1679 3663 hoc
1721 3611 2031 3667 universum
2056 3625 2252 3682 capere

693 3692 888 3762 possit.
932 3694 1037 3759 Sed
1077 3697 1170 3766 qui
1206 3698 1342 3753 nihil
1373 3709 1525 3754 extra
1578 3702 1838 3756 mundum
1873 3718 1995 3760 esse
2040 3703 2248 3767 volunt,

691 3783 769 3837 ita
800 3783 1197 3859 ratiocinantur
1222 3806 1235 3842 :
1268 3788 1405 3843 Cum
1436 3791 1631 3845 ccelum
1684 3804 1962 3848 moveatur
1989 3795 2045 3849 in
2074 3796 2251 3850 circu-

692 3870 825 3937 lum,
850 3871 901 3927 si
928 3874 1059 3942 quid
1086 3884 1238 3930 extra
1270 3876 1402 3932 illud
1434 3880 1589 3934 vacul
1634 3888 1737 3943 est.
1769 3880 1978 3951 sphaera
2016 3884 2133 3954 ipsa
2156 3886 2250 3941 de-

689 3963 1017 4022 clinationes
1048 3968 1312 4038 quasdam
1343 3968 1525 4037 faciet,
1556 3971 1613 4026 in
1651 3970 1792 4033 hanc
1820 3975 1903 4029 vel
1940 3974 2087 4029 illam
2120 3978 2249 4041 sub-

688 4055 840 4126 lapsa
891 4062 1097 4126 partem
1121 4062 1141 4121 ;‘
1168 4058 1271 4114 hoc
1311 4074 1439 4115 vero
1495 4077 1838 4134 nequaquam
1875 4066 2092 4122 accidit.
2140 4065 2248 4124 Va:

690 4163 854 4201 cuum
893 4164 1021 4219 ergo
1052 4152 1260 4204 nullum
1295 4162 1394 4207 est.
1422 4152 1555 4207 Nam
1583 4157 1769 4211 eodem
1790 4156 1951 4211 modo
1981 4168 2036 4213 et
2055 4160 2123 4222 ab
2154 4161 2248 4217 iis-

689 4238 811 4295 dem
838 4241 1084 4311 partibus
1104 4250 1257 4298 ortus
1285 4252 1338 4297 et
1359 4258 1587 4301 occasus
1621 4246 1733 4301 ﬁeri
1757 4249 2049 4306 cernimus.

1200 4361 1283 4431 Arg
1316 4371 1414 4413 stet
1446 4360 1689 4415 mundus.

756 4450 810 4505 9.
849 4448 1157 4506 Stoicorum
1205 4450 1483 4506 decretum
1533 4452 1665 4507 illud
1696 4463 1797 4519 est,
1833 4471 2051 4513 manere
2090 4474 2243 4513 mun-

2366 2046 2507 2116 ἔχειν
2528 2048 2712 2119 σχῆμα
2732 2048 2972 2115 κυϐικὺν,
2999 2049 3059 2103 τὸ
3103 2049 3161 2103 δὲ
3199 2049 3308 2120 πῦρ
3339 2046 3711 2119 πυραμοειδὲς,
3740 2044 3823 2096 τὸν
3854 2041 3893 2093 δ’

2366 2140 2501 2210 ἀέρα
2525 2140 2807 2212 ὀκτάεδρον
2827 2182 2843 2206 ,
2876 2142 2936 2195 τὸ
2958 2141 3017 2196 δὲ
3050 2141 3191 2214 ὕδωρ
3220 2140 3579 2210 εἰκοσάεδρον,
3618 2138 3713 2209 τὴν
3733 2136 3784 2188 δὲ
3801 2133 3892 2186 τῶν

2365 2231 2497 2317 ῥλων
2523 2231 2775 2287 σύστασιν
2798 2233 3176 2305 δωδεκάεδρον.

2881 2345 3016 2414 Περὶ
3043 2342 3379 2414 περῳορᾶς.

2382 2433 2385 2437 ⁷
2434 2436 2499 2501 ζ’.
2537 2436 2599 2489 υἱ
2626 2430 2850 2490 Στώῖκοι
2874 2453 3039 2505 φασιν
3061 2437 3126 2490 ἐκ
3153 2436 3255 2506 τῆς
3275 2434 3376 2505 γῆς
3410 2432 3508 2503 τὴν
3541 2429 3735 2494 ἔξωθεν
3762 2426 3890 2494 γίνε-

2363 2528 2744 2601 σοαΓπρῶτον
2789 2526 3296 2602 περιφοράν..Ἐπεὶ
3338 2524 3460 2596 γὰρ,
3491 2524 3526 2593 ἠ
3565 2521 3635 2591 γῆ
3686 2518 3890 2588 κέντρου

2358 2618 2509 2684 τάξιν
2541 2620 2747 2690 ἐπέχει,
2780 2620 2968 2689 ὥσπερ
3020 2617 3127 2672 ἀπὸ
3164 2617 3389 2691 κέντρου
3428 2613 3623 2675 κύκλος
3665 2611 3889 2678 γίνεται’

2358 2709 2496 2763 οὕτω
2520 2712 2613 2764 καὶ
2632 2711 2738 2764 ἀπὸ
2759 2712 2856 2784 τῆς
2879 2710 2981 2781 γῆς
3009 2709 3153 2774 εἰκὸς
3184 2707 3288 2773 ἔξω
3321 2705 3671 2781 περιφέρειαν
3698 2698 3892 2771 γεγονέ-

2359 2820 2464 2856 ναι.
2499 2805 2560 2856 Οἱ
2579 2803 2635 2855 δέ
2659 2821 2790 2871 φασι
2810 2785 2869 2856 τὸ
2890 2802 2999 2874 πῦρ
3020 2805 3062 2837 ⁹¹
3098 2798 3373 2872 ἀνωφερὲς
3391 2794 3547 2851 εἶναι’
3570 2796 3663 2849 καὶ
3685 2793 3781 2863 τὴν
3805 2789 3890 2843 κύ-

2359 2886 2469 2962 κλῳ
2504 2892 2673 2965 φορὰν
2708 2892 2893 2955 εἰωθὸς
2927 2890 3215 2955 ποιεῖσθαι,
3255 2890 3353 2961 τὴν
3375 2887 3647 2941 σύστασιν
3674 2884 3768 2954 τῆς
3798 2880 3891 2935 τῶν

2357 2984 2491 3038 ὅλων
2524 2984 2824 3054 περιφορᾶς
2854 2986 3098 3036 ποιεῖται.

2878 3097 2946 3150 Ei
2976 3097 3105 3149 ἐστι
3134 3111 3189 3149 τι
3216 3092 3402 3158 ἐκτός.

2278 3196 2325 3256 C
2424 3195 2493 3259 η’.
2521 3166 2591 3242 Ὀἱ
2624 3188 2721 3258 μὲν
2763 3181 2901 3261 εἶναι
2940 3203 2993 3238 τι
3022 3184 3177 3249 ἐκτός
3213 3199 3394 3255 φασιν,
3421 3182 3609 3253 ὥσπερ
3636 3179 3726 3233 καὶ
3756 3177 3890 3231 Ἐπί-

2355 3297 2545 3351 κουρος
2567 3295 2582 3309 ·
2610 3279 2669 3343 ὃς
2700 3278 2792 3331 καὶ
2812 3275 3068 3348 ἀπείρους
3087 3275 3321 3347 κόσμους
3344 3273 3653 3328 ὑποτίθεται
3673 3273 3729 3324 ὲν
3751 3269 3889 3324 ἀπεξ-

2357 3388 2432 3441 ρῳ
2480 3368 2555 3441 τῷ
2604 3368 2776 3438 κενῷ·
2827 3369 2879 3433 oi
2928 3368 2984 3421 δὲ
3028 3367 3275 3431 Στωϊκοὶ,
3315 3366 3623 3438 ἐκπύρωσιν
3667 3363 3892 3431 λέγοντες

2353 3460 2555 3531 κόσμου
2583 3459 2723 3513 κατά
2761 3476 2910 3523 τινας
2948 3457 3283 3531 ὡρισμένους
3316 3456 3538 3528 χρόνους
3570 3451 3724 3516 εἶναι,
3754 3449 3892 3504 κενὸν

2356 3551 2473 3620 μὲν,
2498 3550 2557 3603 οὐ
2593 3549 2697 3621 μὴν
2721 3549 2945 3621 ἀπειρόν
2974 3566 3165 3617 φασιν·
3200 3546 3333 3601 ἀλλά
3372 3546 3623 3601 τοσοῦτον
3655 3545 3773 3596 ὅσον
3800 3559 3892 3611 χω-

2354 3635 2515 3709 ρῆσαι
2541 3638 2699 3693 λυθὲν
2719 3640 2779 3692 τὸ
2807 3640 2933 3694 πᾶν.
2961 3641 3033 3705 0i,
3048 3638 3105 3691 δὲ
3131 3638 3293 3708 μηδὲν
3313 3632 3447 3689 εἶναι
3468 3634 3712 3703 λέγοντες
3732 3632 3890 3704 χρῶνο

2352 3747 2438 3783 ται
2467 3730 2614 3800 λόγῳ
2636 3730 2860 3801 τοιούτῳ
2885 3746 2899 3761 υ
2932 3729 3037 3783 Τοῦ
3068 3728 3294 3800 οὐρανοῦ
3334 3726 3633 3798 σφαιρικῶς
3656 3721 3889 3794 κινουμὲ-

2351 3838 2462 3885 νου,
2488 3823 2537 3873 εἰ
2565 3820 2679 3875 ἔστι
2708 3839 2759 3874 τι
2798 3820 2954 3885 ἐκτὸς
2982 3820 3155 3881 κενὸν,
3191 3818 3522 3890 συμϐήσεται
3545 3820 3642 3888 τὴν
3676 3815 3890 3883 σφαῖραν

2351 3910 2731 3984 παρεγκλίσεις
2769 3911 2918 3976 τινὰς
2944 3910 3251 3984 ὑπομένειν,
3294 3907 3753 3973 ἐξολισθαίνουσαν
3780 3903 3889 3975 τῇδε

2352 4006 2569 4059 κάκεῖσε
2595 4021 2610 4035 ο
2640 4005 2795 4061 τοῦτο
2830 4004 2887 4059 δὲ
2925 4005 2985 4057 οὐ
3018 4004 3250 4073 γίνεται·
3292 4002 3390 4054 οὐκ
3424 4001 3534 4072 ἄρα
3575 3998 3689 4052 ἐστι
3730 3996 3887 4050 κενόν.

2363 4094 2470 4147 ’Δεὶ
2506 4094 2615 4167 γὰρ
2639 4097 2757 4150 κατ’
2787 4095 2923 4149 αὑτά
2955 4094 3050 4148 καὶ
3088 4092 3195 4147 ἀπὸ
3226 4091 3332 4145 τῶν
3373 4090 3550 4153 αὐτῶν
3576 4087 3791 4163 ὁρῶμεν
3805 4085 3889 4147 τὰς

2351 4184 2607 4249 ἀνατολὰς
2633 4186 2725 4239 καὶ
2748 4184 2846 4249 τὰς
2872 4185 3067 4248 δύσεις.

2791 4381 2858 4434 Ei
2877 4380 3131 4447 ἕστηκεν
3151 4383 3184 4435 ὁ
3205 4381 3451 4448 κόσμος.

2420 4471 2483 4525 0'.
2509 4472 2692 4541 Δόγμα
2718 4471 2834 4523 ἐστὶ
2865 4471 2970 4524 τῶν
2999 4472 3247 4531 Στωϊκῶν
3259 4472 3350 4525 καὶ
3370 4467 3783 4540 μαθηματικῶν,

686 4542 817 4597 dum
846 4558 862 4594 :
893 4543 1038 4612 quod
1082 4558 1148 4598 ex
1185 4559 1249 4598 eo
1278 4544 1506 4614 probant
1535 4564 1547 4600 :
1579 4544 1788 4599 Etenim
1840 4547 1887 4603 si
1918 4549 2151 4605 mundus
2189 4552 2244 4605 in

2351 4578 2459 4614 νειν
2489 4561 2577 4614 τὸν
2590 4531 2817 4631 κόσμον.
2850 4562 2922 4613 Τὸ
2950 4562 3129 4632 μέντοι
3151 4563 3324 4632 δόγμα
3339 4531 3428 4613 δὶά
3458 4531 3711 4613 τοιούτων
3739 4531 3889 4611 κατα-

684 4636 951 4690 immenso
999 4635 1091 4688 illo
1123 4652 1293 4691 vacuo
1337 4640 1643 4695 consistens
1684 4639 1937 4695 deorsum
1974 4641 2239 4705 tenderet,

684 4734 887 4783 terram
938 4726 1141 4799 imbres
1192 4720 1455 4800 attingere
1510 4733 1740 4789 minime
1778 4740 2002 4803 possent
2040 4749 2053 4785 :
2093 4736 2242 4804 atqui

682 4832 803 4872 eam
838 4817 1127 4888 attingunt.
1169 4816 1286 4873 Non
1318 4821 1479 4890 igitur
1512 4830 1780 4888 movetur,
1810 4824 1907 4879 sed
1945 4823 2111 4877 haéret
2141 4824 2243 4877 im-

680 4908 900 4963 mobilis
942 4909 1201 4972 mundus.
1232 4910 1313 4963 Ad
1352 4912 1465 4965 haec
1494 4922 1780 4969 ventorum
1802 4916 1895 4969 alii
1922 4914 1988 4970 de
2017 4921 2157 4971 terra
2186 4916 2242 4969 in

682 5015 864 5066 aerem
887 5009 1182 5076 assurgunt
1220 5020 1232 5056 :
1257 5002 1348 5056 alii
1379 5002 1434 5057 in
1462 5012 1662 5059 terram
1695 5005 2031 5071 descendunt
2057 5023 2070 5059 :
2095 5008 2241 5077 quod

680 5094 727 5148 si
748 5108 947 5148 non....
973 5092 1091 5147 Non
1121 5109 1251 5166 ergo
1283 5096 1518 5151 mundus
1554 5106 1823 5153 movetur.
1849 5100 2015 5155 Aiunt
2061 5108 2241 5155 autem

678 5185 738 5241 in
767 5184 979 5251 infinito
1014 5200 1185 5241 vacuo
1216 5202 1435 5243 manere
1461 5189 1722 5243 mundum
1765 5199 1983 5262 propter
2034 5200 2240 5248 motum

679 5277 833 5346 illum
857 5276 925 5345 ad
946 5284 1214 5351 centrum.
1246 5280 1523 5349 Siquidem
1558 5288 1741 5349 partes
1766 5282 1913 5338 illius
1956 5299 2141 5343 omnes
2175 5283 2241 5337 ad

678 5376 927 5424 centrum
957 5379 1187 5441 vergunt
1219 5390 1229 5423 :
1261 5387 1381 5441 qua:
1402 5381 1530 5425 sunt
1553 5381 1717 5437 terra,
1744 5388 1901 5443 aqua,
1936 5392 2050 5441 aer,
2076 5376 2237 5445 ignis.

679 5459 811 5527 Quae
832 5474 1021 5516 omnes
1050 5460 1117 5531 ad
1146 5471 1389 5516 centrum
1422 5480 1705 5534 propensa:
1737 5477 1883 5522 sunt.
1916 5470 1997 5524 οι)
2025 5470 2076 5523 id
2110 5470 2265 5525 nus?

679 5566 841 5623 quam
862 5554 1098 5609 mundus
1118 5556 1360 5623 inclinat.
1391 5558 1459 5609 At
1489 5558 1736 5629 Epicurei
1761 5562 2091 5634 immobilem
2120 5580 2239 5619 esse

678 5644 939 5717 mundum
965 5646 1169 5701 idcirco
1198 5650 1571 5719 putant,quod
1593 5652 1663 5705 ab
1692 5667 1836 5717 aere,
1868 5655 1957 5723 qui
1983 5655 2035 5708 in
2073 5654 2240 5710 inter-

748 5804 793 5836 δν
1046 5805 1088 5835 9°
1124 5803 1286 5874 Odys.
1319 5807 1378 5860 Γ.
1483 5768 1536 5842 ⁹¹Υ
1630 5810 1718 5863 διὰ
1743 5812 1817 5865 τό.

2354 4653 2703 4717 σκευάζεται·
2756 4646 2818 4704 Εἰ
2860 4655 2889 4705 ὁ
2933 4654 3131 4729 κόσμος
3161 4653 3301 4724 κενῷ
3330 4655 3389 4706 ἐν
3417 4650 3629 4721 ἀπείρῳ
3649 4652 3889 4722 ὑπάρχων

2351 4746 2499 4797 κάτω
2535 4744 2773 4816 ἐφέρετο,
2801 4744 2901 4797 οὐκ
2928 4744 2994 4797 ἂν
3021 4745 3214 4816 ὄμϐροι
3234 4743 3637 4823 κατελάμϐανον
3654 4741 3752 4813 τὴν
3778 4741 3885 4809 γῆν·

2351 4834 2820 4904 καταλαμϐάνουσι
2843 4834 2919 4887 δὲ-
2948 4835 3047 4887 οὑκ
3079 4836 3185 4905 ἀρα
3210 4835 3437 4905 φέρεται
3464 4836 3492 4887 6
3523 4834 3748 4905 κόσμος,
3772 4830 3889 4886 ἀλλὰ

2350 4922 2562 4991 ἕστηκε.
2599 4924 2707 4976 Καὶ
2741 4923 2901 4977 πάλιν
2934 4926 2983 4977 οἱ
3014 4923 3203 4994 ἄνεμοι
3232 4923 3379 4978 ἄλλοι
3408 4923 3503 4993 μὲν
3542 4921 3650 4976 ἀπὸ
3675 4924 3775 4991 τῆς
3803 4918 3887 4989 τῆς

2350 5015 2427 5077 εἰς
2454 5015 2610 5085 ἀέρα,
2642 5014 2787 5069 ἄλλοι
2814 5015 2871 5068 δὲ
2895 5014 2986 5067 ἐπὶ
3023 5015 3091 5067 τά
3118 5016 3264 5069 κάτω
3290 5011 3395 5068 εἰσὶ
3428 5013 3887 5082 καταϐαλλόμενοι.

2349 5110 2412 5161 Et
2438 5108 2491 5161 δὲ
2516 5108 2597 5172 οὓ,
2634 5109 2732 5161 οὐκ
2759 5110 2868 5179 ἀρα
2896 5107 3119 5178 φέρεται
3160 5110 3189 5161 6
3217 5108 3436 5176 κόσμος.
3465 5105 3599 5159 Φασὶ
3634 5104 3691 5157 δὲ
3725 5103 3889 5175 μένειν

2348 5204 2437 5256 τὸν
2466 5206 2666 5275 κόσμον
2718 5208 2776 5257 ἐν
2816 5204 3026 5274 ἀπείρῳ
3073 5203 3213 5273 κενῷ
3243 5202 3332 5271 διὰ
3375 5201 3470 5271 τὴν
3500 5199 3595 5253 ἐπὶ
3639 5198 3700 5251 τὸ
3744 5199 3889 5269 μέσον

2350 5298 2546 5369 φοράν·
2580 5298 2700 5350 ἐπεὶ
2728 5305 2905 5352 πάντα
2924 5295 3087 5350 αὐτοῦ
3127 5295 3195 5349 τά
3242 5292 3508 5365 μέρηεπὶ
3545 5290 3607 5344 τὸ
3636 5290 3799 5362 μέσον
3822 5291 3888 5341 νέ‹

2350 5406 2525 5444 νευκε.
2556 5392 2713 5463 Μέρη
2738 5391 2796 5444 δέ
2822 5392 2966 5443 ἐστιν
2993 5387 3156 5442 αὑτοῦ
3187 5388 3287 5457 γῆ,
3323 5384 3487 5455 ὕδωρ,
3529 5384 3660 5455 ἀὴρ,
3691 5383 3804 5454 πῦρ
3826 5399 3837 5411 ο
3860 5378 3889 5433 ἀ

2352 5480 2705 5534 πάνταηνεύει
2754 5478 2845 5531 ἐπὶ
2878 5478 2939 5546 τὸ
2977 5480 3156 5549 μέσον.
3202 5476 3299 5528 Διά
3340 5474 3498 5529 τοῦτο
3538 5470 3630 5527 οὖν
3669 5469 3887 5541 οὐδαμοῦ

2349 5571 2502 5641 ῥέπει
2530 5575 2557 5624 6
2585 5573 2803 5641 κόσμος.
2839 5569 2903 5624 Ol
2941 5571 2997 5623 δὲ
3042 5567 3397 5638 Ἐπικούρειοί
3447 5584 3579 5635 φασι
3613 5565 3795 5636 μένειν
3816 5561 3888 5614 τὸν

2342 5662 2546 5731 κόσμον
2570 5652 2999 5731 ἀνακοπτόμενον
3025 5656 3126 5712 ὑπὸ
3147 5657 3237 5710 τοῦ
3265 5657 3442 5727 ἀέρος,
3472 5653 3564 5709 τοῦ
3598 5657 3655 5707 ὲν
3673 5655 3785 5715 τοῖς
3808 5665 3887 5719 με’
