  <div class='ocr_page' id='page_1' title='image "/cluster/home/n/w/nwhite01/storage/ocr_20150623/19/pst.000005712045/482.png"; bbox 0 0 4008 6328; ppageno 0'>
   <div class='ocr_carea' id='block_1_1' title="bbox 124 491 232 549">
    <p class='ocr_par' dir='ltr' id='par_1_1' title="bbox 124 491 232 549">
     <span class='ocr_line' id='line_1_1' title="bbox 124 491 232 549; baseline 0 0"><span class='ocrx_word' id='word_1_1' title='bbox 124 491 232 549; x_wconf 65' lang='grc'><strong>949</strong></span> 
     </span>
    </p>
   </div>
   <div class='ocr_carea' id='block_1_2' title="bbox 798 492 1718 583">
    <p class='ocr_par' dir='ltr' id='par_1_2' title="bbox 798 492 1718 583">
     <span class='ocr_line' id='line_1_2' title="bbox 798 492 1718 583; baseline 0.005 -35"><span class='ocrx_word' id='word_1_2' title='bbox 798 572 805 583; x_wconf 25' lang='grc' dir='ltr'><strong><em>ί</em></strong></span> <span class='ocrx_word' id='word_1_3' title='bbox 858 492 1176 552; x_wconf 68' lang='grc' dir='ltr'>,τεηῐιιιδ</span> <span class='ocrx_word' id='word_1_4' title='bbox 1214 494 1398 551; x_wconf 80' lang='lat' dir='ltr'><strong>TATII</strong></span> <span class='ocrx_word' id='word_1_5' title='bbox 1440 493 1718 555; x_wconf 75' lang='lat' dir='ltr'><strong>[SAGOGE</strong></span> 
     </span>
    </p>
   </div>
   <div class='ocr_carea' id='block_1_3' title="bbox 1819 492 2609 583">
    <p class='ocr_par' dir='ltr' id='par_1_3' title="bbox 1819 493 2609 556">
     <span class='ocr_line' id='line_1_3' title="bbox 1819 493 2609 556; baseline -0.001 -3"><span class='ocrx_word' id='word_1_6' title='bbox 1819 501 1860 553; x_wconf 91' lang='lat' dir='ltr'><strong>D</strong></span> <span class='ocrx_word' id='word_1_7' title='bbox 1903 500 2108 555; x_wconf 79' lang='lat' dir='ltr'><strong>ARATI</strong></span> <span class='ocrx_word' id='word_1_8' title='bbox 2148 493 2609 556; x_wconf 70' lang='lat' dir='ltr'><strong>PHENOMENA.</strong></span> 
     </span>
    </p>
   </div>
   <div class='ocr_carea' id='block_1_4' title="bbox 3233 505 3336 561">
    <p class='ocr_par' dir='ltr' id='par_1_4' title="bbox 3233 505 3336 561">
     <span class='ocr_line' id='line_1_4' title="bbox 3233 505 3336 561; baseline 0.019 -2"><span class='ocrx_word' id='word_1_9' title='bbox 3233 505 3336 561; x_wconf 86' lang='lat'><strong>950</strong></span> 
     </span>
    </p>
   </div>
   <div class='ocr_carea' id='block_1_5' title="bbox 126 600 1718 687">
    <p class='ocr_par' dir='ltr' id='par_1_5' title="bbox 126 600 1718 681">
     <span class='ocr_line' id='line_1_5' title="bbox 126 600 1718 681; baseline 0.001 -18"><span class='ocrx_word' id='word_1_10' title='bbox 126 612 459 680; x_wconf 73' lang='grc' dir='ltr'>τακοσμίοις.</span> <span class='ocrx_word' id='word_1_11' title='bbox 492 610 844 680; x_wconf 87' lang='grc' dir='ltr'>Μετακόσμια</span> <span class='ocrx_word' id='word_1_12' title='bbox 880 600 939 663; x_wconf 77' lang='grc' dir='ltr'><strong>δέ</strong></span> <span class='ocrx_word' id='word_1_13' title='bbox 970 612 1082 663; x_wconf 75' lang='grc' dir='ltr'>ἐστι</span> <span class='ocrx_word' id='word_1_14' title='bbox 1129 611 1195 664; x_wconf 85' lang='grc' dir='ltr'><strong>τά</strong></span> <span class='ocrx_word' id='word_1_15' title='bbox 1236 612 1437 681; x_wconf 79' lang='grc' dir='ltr'>μεταξὺ</span> <span class='ocrx_word' id='word_1_16' title='bbox 1464 613 1571 664; x_wconf 87' lang='grc' dir='ltr'><strong>τῶν</strong></span> <span class='ocrx_word' id='word_1_17' title='bbox 1598 613 1684 665; x_wconf 83' lang='grc' dir='ltr'><strong>κὸ-</strong></span> <span class='ocrx_word' id='word_1_18' title='bbox 1713 664 1718 673; x_wconf 41' lang='lat'><strong>,</strong></span> 
     </span>
    </p>
   </div>
   <div class='ocr_carea' id='block_1_6' title="bbox 1819 600 3335 687">
    <p class='ocr_par' dir='ltr' id='par_1_6' title="bbox 1819 613 3335 687">
     <span class='ocr_line' id='line_1_6' title="bbox 1819 613 3335 687; baseline 0.005 -23"><span class='ocrx_word' id='word_1_19' title='bbox 1819 613 2021 668; x_wconf 72' lang='lat' dir='ltr'><strong>aundiis</strong></span> <span class='ocrx_word' id='word_1_20' title='bbox 2055 622 2156 678; x_wconf 90' lang='lat' dir='ltr'><strong>cst,</strong></span> <span class='ocrx_word' id='word_1_21' title='bbox 2189 614 2514 668; x_wconf 71' lang='lat' dir='ltr'><strong>inhibeatur.</strong></span> <span class='ocrx_word' id='word_1_22' title='bbox 2550 613 2909 670; x_wconf 84' lang='lat' dir='ltr'><strong>lntermundia</strong></span> <span class='ocrx_word' id='word_1_23' title='bbox 2948 622 3139 672; x_wconf 84' lang='lat' dir='ltr'><strong>vocant</strong></span> <span class='ocrx_word' id='word_1_24' title='bbox 3163 619 3335 687; x_wconf 88' lang='lat' dir='ltr'><strong>spatia</strong></span> 
     </span>
    </p>
   </div>
   <div class='ocr_carea' id='block_1_7' title="bbox 129 703 667 772">
    <p class='ocr_par' dir='ltr' id='par_1_7' title="bbox 129 703 667 772">
     <span class='ocr_line' id='line_1_7' title="bbox 129 703 667 772; baseline 0 -17"><span class='ocrx_word' id='word_1_25' title='bbox 129 720 285 772; x_wconf 83' lang='grc' dir='ltr'>σμων</span> <span class='ocrx_word' id='word_1_26' title='bbox 311 703 667 772; x_wconf 74' lang='grc' dir='ltr'><strong>διαστήματα.</strong></span> 
     </span>
    </p>
   </div>
   <div class='ocr_carea' id='block_1_8' title="bbox 692 812 1129 880">
    <p class='ocr_par' dir='ltr' id='par_1_8' title="bbox 692 812 1129 880">
     <span class='ocr_line' id='line_1_8' title="bbox 692 812 1129 880; baseline 0 -15"><span class='ocrx_word' id='word_1_27' title='bbox 692 812 829 879; x_wconf 77' lang='grc' dir='ltr'>Περὶ</span> <span class='ocrx_word' id='word_1_28' title='bbox 862 812 1129 880; x_wconf 81' lang='grc' dir='ltr'><strong>ἀστέρος.</strong></span> 
     </span>
    </p>
   </div>
   <div class='ocr_carea' id='block_1_9' title="bbox 212 856 1748 976">
    <p class='ocr_par' dir='ltr' id='par_1_9' title="bbox 212 856 1748 976">
     <span class='ocr_line' id='line_1_9' title="bbox 212 856 1748 976; baseline -0.004 -17"><span class='ocrx_word' id='word_1_29' title='bbox 212 913 263 959; x_wconf 82' lang='grc' dir='ltr'>ι’.</span> <span class='ocrx_word' id='word_1_30' title='bbox 286 906 488 976; x_wconf 75' lang='grc' dir='ltr'>’Δστήρ</span> <span class='ocrx_word' id='word_1_31' title='bbox 512 906 625 957; x_wconf 71' lang='grc' dir='ltr'>ἐστι</span> <span class='ocrx_word' id='word_1_32' title='bbox 652 856 1068 974; x_wconf 50' lang='grc' dir='ltr'>κατάΔιόδωρζν</span> <span class='ocrx_word' id='word_1_33' title='bbox 1079 856 1250 972; x_wconf 33' lang='grc' dir='ltr'>’σῶμα</span> <span class='ocrx_word' id='word_1_34' title='bbox 1264 902 1401 955; x_wconf 86' lang='grc' dir='ltr'>Θεῖον</span> <span class='ocrx_word' id='word_1_35' title='bbox 1418 902 1683 972; x_wconf 83' lang='grc' dir='ltr'>οὐράνιον,</span> <span class='ocrx_word' id='word_1_36' title='bbox 1736 856 1748 874; x_wconf 44' lang='grc'><em>1</em></span> 
     </span>
    </p>
   </div>
   <div class='ocr_carea' id='block_1_10' title="bbox 130 987 1687 1068">
    <p class='ocr_par' dir='ltr' id='par_1_10' title="bbox 130 987 1687 1068">
     <span class='ocr_line' id='line_1_10' title="bbox 130 987 1687 1068; baseline -0.006 -16"><span class='ocrx_word' id='word_1_37' title='bbox 130 999 234 1068; x_wconf 79' lang='grc' dir='ltr'>τῆς</span> <span class='ocrx_word' id='word_1_38' title='bbox 256 998 420 1068; x_wconf 84' lang='grc' dir='ltr'>αὐτῆς</span> <span class='ocrx_word' id='word_1_39' title='bbox 445 995 778 1067; x_wconf 85' lang='grc' dir='ltr'>μετειληφὼς</span> <span class='ocrx_word' id='word_1_40' title='bbox 805 995 988 1057; x_wconf 83' lang='grc' dir='ltr'><strong>οὐσίας</strong></span> <span class='ocrx_word' id='word_1_41' title='bbox 1008 994 1084 1064; x_wconf 85' lang='grc' dir='ltr'>τῷ</span> <span class='ocrx_word' id='word_1_42' title='bbox 1102 996 1157 1046; x_wconf 77' lang='grc' dir='ltr'>ἐν</span> <span class='ocrx_word' id='word_1_43' title='bbox 1186 987 1229 1061; x_wconf 85' lang='grc' dir='ltr'>ᾧ</span> <span class='ocrx_word' id='word_1_44' title='bbox 1248 995 1360 1046; x_wconf 76' lang='grc' dir='ltr'>ἐστι</span> <span class='ocrx_word' id='word_1_45' title='bbox 1388 994 1556 1062; x_wconf 81' lang='grc' dir='ltr'>τόπῳ,</span> <span class='ocrx_word' id='word_1_46' title='bbox 1580 994 1687 1044; x_wconf 86' lang='grc' dir='ltr'>σῶ-</span> 
     </span>
    </p>
   </div>
   <div class='ocr_carea' id='block_1_11' title="bbox 136 1083 1691 1159">
    <p class='ocr_par' dir='ltr' id='par_1_11' title="bbox 136 1083 1691 1159">
     <span class='ocr_line' id='line_1_11' title="bbox 136 1083 1691 1159; baseline -0.005 -18"><span class='ocrx_word' id='word_1_47' title='bbox 136 1107 218 1159; x_wconf 81' lang='grc' dir='ltr'><strong>μα</strong></span> <span class='ocrx_word' id='word_1_48' title='bbox 246 1089 511 1158; x_wconf 86' lang='grc' dir='ltr'>λαμπρὸν,</span> <span class='ocrx_word' id='word_1_49' title='bbox 537 1088 631 1141; x_wconf 76' lang='grc' dir='ltr'><strong>καὶ</strong></span> <span class='ocrx_word' id='word_1_50' title='bbox 656 1087 908 1141; x_wconf 84' lang='grc' dir='ltr'>οὐδέποτε</span> <span class='ocrx_word' id='word_1_51' title='bbox 943 1085 1130 1138; x_wconf 85' lang='grc' dir='ltr'>στάσιν</span> <span class='ocrx_word' id='word_1_52' title='bbox 1162 1083 1304 1154; x_wconf 77' lang='grc' dir='ltr'>ἕχον,</span> <span class='ocrx_word' id='word_1_53' title='bbox 1340 1083 1453 1136; x_wconf 85' lang='grc' dir='ltr'>ἀλλ’</span> <span class='ocrx_word' id='word_1_54' title='bbox 1484 1084 1570 1139; x_wconf 78' lang='grc' dir='ltr'><strong>ἀεὶ</strong></span> <span class='ocrx_word' id='word_1_55' title='bbox 1598 1100 1691 1150; x_wconf 69' lang='lat' dir='ltr'><strong>(ps-</strong></span> 
     </span>
    </p>
   </div>
   <div class='ocr_carea' id='block_1_12' title="bbox 134 1171 1694 1247">
    <p class='ocr_par' dir='ltr' id='par_1_12' title="bbox 134 1171 1694 1247">
     <span class='ocr_line' id='line_1_12' title="bbox 134 1171 1694 1247; baseline -0.003 -20"><span class='ocrx_word' id='word_1_56' title='bbox 134 1177 365 1247; x_wconf 72' lang='grc' dir='ltr'>ρόμενον</span> <span class='ocrx_word' id='word_1_57' title='bbox 395 1174 682 1237; x_wconf 75' lang='grc' dir='ltr'><strong>κυκλικῶς.</strong></span> <span class='ocrx_word' id='word_1_58' title='bbox 725 1173 994 1237; x_wconf 76' lang='grc' dir='ltr'><strong>Ὡσαύτως</strong></span> <span class='ocrx_word' id='word_1_59' title='bbox 1026 1172 1082 1225; x_wconf 81' lang='grc' dir='ltr'>δὲ</span> <span class='ocrx_word' id='word_1_60' title='bbox 1113 1171 1346 1241; x_wconf 85' lang='grc' dir='ltr'>ὡρίσατο</span> <span class='ocrx_word' id='word_1_61' title='bbox 1391 1174 1484 1225; x_wconf 76' lang='grc' dir='ltr'><strong>καὶ</strong></span> <span class='ocrx_word' id='word_1_62' title='bbox 1516 1174 1694 1225; x_wconf 88' lang='grc' dir='ltr'>Ποσει-</span> 
     </span>
    </p>
   </div>
   <div class='ocr_carea' id='block_1_13' title="bbox 132 1260 1695 1334">
    <p class='ocr_par' dir='ltr' id='par_1_13' title="bbox 132 1260 1695 1334">
     <span class='ocr_line' id='line_1_13' title="bbox 132 1260 1695 1334; baseline -0.002 -18"><span class='ocrx_word' id='word_1_63' title='bbox 132 1263 324 1326; x_wconf 84' lang='grc' dir='ltr'>δώνιος</span> <span class='ocrx_word' id='word_1_64' title='bbox 345 1264 449 1334; x_wconf 84' lang='grc' dir='ltr'><strong>πρὸ</strong></span> <span class='ocrx_word' id='word_1_65' title='bbox 474 1262 634 1315; x_wconf 80' lang='grc' dir='ltr'>αὐτοῦ</span> <span class='ocrx_word' id='word_1_66' title='bbox 662 1264 690 1314; x_wconf 86' lang='grc' dir='ltr'><strong>ό</strong></span> <span class='ocrx_word' id='word_1_67' title='bbox 711 1260 959 1323; x_wconf 82' lang='grc' dir='ltr'>Στωϊκός.</span> <span class='ocrx_word' id='word_1_68' title='bbox 993 1260 1064 1313; x_wconf 85' lang='grc' dir='ltr'><strong>Τὸ</strong></span> <span class='ocrx_word' id='word_1_69' title='bbox 1090 1261 1147 1314; x_wconf 84' lang='grc' dir='ltr'>δὲ</span> <span class='ocrx_word' id='word_1_70' title='bbox 1185 1278 1203 1311; x_wconf 77' lang='grc' dir='ltr'><strong>ι</strong></span> <span class='ocrx_word' id='word_1_71' title='bbox 1230 1261 1479 1313; x_wconf 81' lang='grc' dir='ltr'>οὐδέποτε</span> <span class='ocrx_word' id='word_1_72' title='bbox 1512 1260 1695 1313; x_wconf 82' lang='grc' dir='ltr'>στάσιν</span> 
     </span>
    </p>
   </div>
   <div class='ocr_carea' id='block_1_14' title="bbox 137 1351 1691 1424">
    <p class='ocr_par' dir='ltr' id='par_1_14' title="bbox 137 1351 1691 1424">
     <span class='ocr_line' id='line_1_14' title="bbox 137 1351 1691 1424; baseline -0.003 -19"><span class='ocrx_word' id='word_1_73' title='bbox 137 1354 264 1423; x_wconf 72' lang='grc' dir='ltr'>ἕχον</span> <span class='ocrx_word' id='word_1_74' title='bbox 297 1373 314 1403; x_wconf 74' lang='grc' dir='ltr'><strong>ι</strong></span> <span class='ocrx_word' id='word_1_75' title='bbox 353 1355 445 1407; x_wconf 76' lang='grc' dir='ltr'><strong>ἐπὶ</strong></span> <span class='ocrx_word' id='word_1_76' title='bbox 491 1354 588 1424; x_wconf 84' lang='grc' dir='ltr'>μὲν</span> <span class='ocrx_word' id='word_1_77' title='bbox 615 1352 721 1406; x_wconf 88' lang='grc' dir='ltr'><strong>τῶν</strong></span> <span class='ocrx_word' id='word_1_78' title='bbox 747 1353 1026 1424; x_wconf 84' lang='grc' dir='ltr'>πλανήτων</span> <span class='ocrx_word' id='word_1_79' title='bbox 1056 1353 1227 1414; x_wconf 77' lang='grc' dir='ltr'>οὕτως</span> <span class='ocrx_word' id='word_1_80' title='bbox 1243 1352 1491 1422; x_wconf 78' lang='grc' dir='ltr'>εἰρῆσθαι</span> <span class='ocrx_word' id='word_1_81' title='bbox 1514 1351 1691 1403; x_wconf 84' lang='grc' dir='ltr'>δοκεῖ·</span> 
     </span>
    </p>
   </div>
   <div class='ocr_carea' id='block_1_15' title="bbox 138 1443 1696 1516">
    <p class='ocr_par' dir='ltr' id='par_1_15' title="bbox 138 1443 1696 1516">
     <span class='ocr_line' id='line_1_15' title="bbox 138 1443 1696 1516; baseline -0.002 -19"><span class='ocrx_word' id='word_1_82' title='bbox 138 1448 283 1516; x_wconf 77' lang='grc' dir='ltr'>πλὴν</span> <span class='ocrx_word' id='word_1_83' title='bbox 323 1445 455 1499; x_wconf 82' lang='grc' dir='ltr'>κάπὶ</span> <span class='ocrx_word' id='word_1_84' title='bbox 487 1445 593 1497; x_wconf 88' lang='grc' dir='ltr'><strong>τῶν</strong></span> <span class='ocrx_word' id='word_1_85' title='bbox 637 1445 888 1498; x_wconf 82' lang='grc' dir='ltr'><strong>ἀπλανῶν</strong></span> <span class='ocrx_word' id='word_1_86' title='bbox 930 1444 987 1496; x_wconf 88' lang='grc' dir='ltr'><strong>δὲ</strong></span> <span class='ocrx_word' id='word_1_87' title='bbox 1034 1445 1167 1515; x_wconf 79' lang='grc' dir='ltr'>πρὸς</span> <span class='ocrx_word' id='word_1_88' title='bbox 1211 1446 1335 1507; x_wconf 78' lang='grc' dir='ltr'>τοὺς</span> <span class='ocrx_word' id='word_1_89' title='bbox 1390 1445 1464 1507; x_wconf 85' lang='grc' dir='ltr'>ὡς</span> <span class='ocrx_word' id='word_1_90' title='bbox 1512 1443 1696 1512; x_wconf 77' lang='grc' dir='ltr'>ἔτυχεν</span> 
     </span>
    </p>
   </div>
   <div class='ocr_carea' id='block_1_16' title="bbox 139 1532 1698 1606">
    <p class='ocr_par' dir='ltr' id='par_1_16' title="bbox 139 1532 1698 1606">
     <span class='ocr_line' id='line_1_16' title="bbox 139 1532 1698 1606; baseline -0.003 -17"><span class='ocrx_word' id='word_1_91' title='bbox 139 1537 495 1606; x_wconf 75' lang='grc' dir='ltr'><strong>αἰτιωμένους</strong></span> <span class='ocrx_word' id='word_1_92' title='bbox 522 1536 582 1588; x_wconf 84' lang='grc' dir='ltr'><strong>ού</strong></span> <span class='ocrx_word' id='word_1_93' title='bbox 620 1535 798 1597; x_wconf 71' lang='grc' dir='ltr'>καλῶς</span> <span class='ocrx_word' id='word_1_94' title='bbox 834 1534 975 1604; x_wconf 73' lang='grc' dir='ltr'>ἔχειν</span> <span class='ocrx_word' id='word_1_95' title='bbox 1012 1534 1108 1604; x_wconf 81' lang='grc' dir='ltr'>τῆς</span> <span class='ocrx_word' id='word_1_96' title='bbox 1141 1534 1308 1603; x_wconf 77' lang='grc' dir='ltr'>αὐτῆς</span> <span class='ocrx_word' id='word_1_97' title='bbox 1345 1535 1551 1595; x_wconf 74' lang='grc' dir='ltr'>ἐννοίας</span> <span class='ocrx_word' id='word_1_98' title='bbox 1580 1532 1698 1603; x_wconf 82' lang='grc' dir='ltr'>έχε-</span> 
     </span>
    </p>
   </div>
   <div class='ocr_carea' id='block_1_17' title="bbox 135 1624 1698 1698">
    <p class='ocr_par' dir='ltr' id='par_1_17' title="bbox 135 1624 1698 1698">
     <span class='ocr_line' id='line_1_17' title="bbox 135 1624 1698 1698; baseline -0.003 -17"><span class='ocrx_word' id='word_1_99' title='bbox 135 1646 255 1683; x_wconf 77' lang='grc' dir='ltr'>ται.</span> <span class='ocrx_word' id='word_1_100' title='bbox 286 1628 546 1682; x_wconf 80' lang='grc' dir='ltr'><strong>Οὐδέποτε</strong></span> <span class='ocrx_word' id='word_1_101' title='bbox 572 1628 677 1698; x_wconf 80' lang='grc' dir='ltr'><strong>γάρ</strong></span> <span class='ocrx_word' id='word_1_102' title='bbox 717 1627 901 1679; x_wconf 85' lang='grc' dir='ltr'>στάσιν</span> <span class='ocrx_word' id='word_1_103' title='bbox 926 1625 1126 1696; x_wconf 77' lang='grc' dir='ltr'>ἔχουσι,</span> <span class='ocrx_word' id='word_1_104' title='bbox 1157 1624 1233 1695; x_wconf 77' lang='grc' dir='ltr'>τῷ</span> <span class='ocrx_word' id='word_1_105' title='bbox 1259 1626 1361 1677; x_wconf 85' lang='grc' dir='ltr'><strong>ὑπὸ</strong></span> <span class='ocrx_word' id='word_1_106' title='bbox 1382 1625 1473 1677; x_wconf 79' lang='grc' dir='ltr'>τοῦ</span> <span class='ocrx_word' id='word_1_107' title='bbox 1498 1626 1698 1695; x_wconf 81' lang='grc' dir='ltr'><strong>κόσμου</strong></span> 
     </span>
    </p>
   </div>
   <div class='ocr_carea' id='block_1_18' title="bbox 141 1718 1699 1792">
    <p class='ocr_par' dir='ltr' id='par_1_18' title="bbox 141 1718 1699 1792">
     <span class='ocr_line' id='line_1_18' title="bbox 141 1718 1699 1792; baseline -0.004 -18"><span class='ocrx_word' id='word_1_108' title='bbox 141 1720 541 1792; x_wconf 81' lang='grc' dir='ltr'>περιάγεσθαι,</span> <span class='ocrx_word' id='word_1_109' title='bbox 587 1719 690 1773; x_wconf 84' lang='grc' dir='ltr'><strong>κᾶν</strong></span> <span class='ocrx_word' id='word_1_110' title='bbox 740 1721 826 1773; x_wconf 72' lang='grc' dir='ltr'><strong>ἐπ’</strong></span> <span class='ocrx_word' id='word_1_111' title='bbox 870 1720 1030 1772; x_wconf 81' lang='grc' dir='ltr'>αὑτὸν</span> <span class='ocrx_word' id='word_1_112' title='bbox 1073 1720 1120 1750; x_wconf 84' lang='lat'><strong>&quot;</strong></span> <span class='ocrx_word' id='word_1_113' title='bbox 1168 1719 1386 1789; x_wconf 82' lang='grc' dir='ltr'><strong>μένωσι.</strong></span> <span class='ocrx_word' id='word_1_114' title='bbox 1432 1718 1549 1770; x_wconf 93' lang='grc' dir='ltr'><strong>Τῶν</strong></span> <span class='ocrx_word' id='word_1_115' title='bbox 1594 1718 1699 1787; x_wconf 79' lang='grc' dir='ltr'>γὰρ</span> 
     </span>
    </p>
   </div>
   <div class='ocr_carea' id='block_1_19' title="bbox 142 1806 1701 1884">
    <p class='ocr_par' dir='ltr' id='par_1_19' title="bbox 142 1806 1701 1884">
     <span class='ocr_line' id='line_1_19' title="bbox 142 1806 1701 1884; baseline -0.004 -18"><span class='ocrx_word' id='word_1_116' title='bbox 142 1812 394 1884; x_wconf 77' lang='grc' dir='ltr'>ἀστέρων</span> <span class='ocrx_word' id='word_1_117' title='bbox 430 1813 479 1865; x_wconf 79' lang='grc' dir='ltr'><strong>οἱ</strong></span> <span class='ocrx_word' id='word_1_118' title='bbox 528 1806 625 1882; x_wconf 74' lang='grc' dir='ltr'>μὲν</span> <span class='ocrx_word' id='word_1_119' title='bbox 662 1809 1052 1881; x_wconf 47' lang='grc' dir='ltr'>ὲμπεπηγότες,</span> <span class='ocrx_word' id='word_1_120' title='bbox 1083 1810 1161 1880; x_wconf 81' lang='grc' dir='ltr'>τῷ</span> <span class='ocrx_word' id='word_1_121' title='bbox 1199 1809 1410 1880; x_wconf 78' lang='grc' dir='ltr'>οὐρανῷ</span> <span class='ocrx_word' id='word_1_122' title='bbox 1449 1808 1701 1869; x_wconf 79' lang='grc' dir='ltr'>ἀπλανεῖς</span> 
     </span>
    </p>
   </div>
   <div class='ocr_carea' id='block_1_20' title="bbox 142 1900 1701 1973">
    <p class='ocr_par' dir='ltr' id='par_1_20' title="bbox 142 1900 1701 1973">
     <span class='ocr_line' id='line_1_20' title="bbox 142 1900 1701 1973; baseline -0.003 -18"><span class='ocrx_word' id='word_1_123' title='bbox 142 1905 415 1972; x_wconf 87' lang='grc' dir='ltr'>λέγονται,</span> <span class='ocrx_word' id='word_1_124' title='bbox 455 1905 504 1955; x_wconf 79' lang='grc' dir='ltr'>οἱ</span> <span class='ocrx_word' id='word_1_125' title='bbox 556 1903 615 1955; x_wconf 78' lang='grc' dir='ltr'><strong>δὲ</strong></span> <span class='ocrx_word' id='word_1_126' title='bbox 659 1902 757 1973; x_wconf 80' lang='grc' dir='ltr'><strong>τὴν</strong></span> <span class='ocrx_word' id='word_1_127' title='bbox 800 1902 1045 1955; x_wconf 74' lang='grc' dir='ltr'>ἐναντίαν</span> <span class='ocrx_word' id='word_1_128' title='bbox 1087 1901 1371 1971; x_wconf 86' lang='grc' dir='ltr'>φερόμενοι</span> <span class='ocrx_word' id='word_1_129' title='bbox 1418 1900 1701 1970; x_wconf 81' lang='grc' dir='ltr'><strong>πλάνητες.</strong></span> 
     </span>
    </p>
   </div>
   <div class='ocr_carea' id='block_1_21' title="bbox 142 1987 1704 2064">
    <p class='ocr_par' dir='ltr' id='par_1_21' title="bbox 142 1987 1704 2064">
     <span class='ocr_line' id='line_1_21' title="bbox 142 1987 1704 2064; baseline -0.006 -16"><span class='ocrx_word' id='word_1_130' title='bbox 142 1995 314 2049; x_wconf 81' lang='grc' dir='ltr'>Αύτοὶ</span> <span class='ocrx_word' id='word_1_131' title='bbox 349 1994 405 2045; x_wconf 80' lang='grc' dir='ltr'>δὲ</span> <span class='ocrx_word' id='word_1_132' title='bbox 443 1993 581 2047; x_wconf 78' lang='grc' dir='ltr'>ἑπτὰ</span> <span class='ocrx_word' id='word_1_133' title='bbox 607 1992 777 2057; x_wconf 72' lang='grc' dir='ltr'>ὄντες,</span> <span class='ocrx_word' id='word_1_134' title='bbox 808 1992 1099 2064; x_wconf 84' lang='grc' dir='ltr'>κατωτέρω</span> <span class='ocrx_word' id='word_1_135' title='bbox 1125 1991 1217 2044; x_wconf 81' lang='grc' dir='ltr'>τοῦ</span> <span class='ocrx_word' id='word_1_136' title='bbox 1244 1991 1471 2061; x_wconf 76' lang='grc' dir='ltr'>ούρανοῦ</span> <span class='ocrx_word' id='word_1_137' title='bbox 1497 1990 1591 2043; x_wconf 77' lang='grc' dir='ltr'>καὶ</span> <span class='ocrx_word' id='word_1_138' title='bbox 1611 1987 1704 2041; x_wconf 79' lang='grc' dir='ltr'>τοῦ</span> 
     </span>
    </p>
   </div>
   <div class='ocr_carea' id='block_1_22' title="bbox 144 2080 1705 2155">
    <p class='ocr_par' dir='ltr' id='par_1_22' title="bbox 144 2080 1705 2155">
     <span class='ocr_line' id='line_1_22' title="bbox 144 2080 1705 2155; baseline -0.006 -15"><span class='ocrx_word' id='word_1_139' title='bbox 144 2086 366 2155; x_wconf 80' lang='grc' dir='ltr'>αἰθέρος</span> <span class='ocrx_word' id='word_1_140' title='bbox 406 2082 826 2154; x_wconf 85' lang='grc' dir='ltr'>περιδινούμενοι</span> <span class='ocrx_word' id='word_1_141' title='bbox 855 2083 944 2135; x_wconf 82' lang='grc' dir='ltr'><strong>τὸν</strong></span> <span class='ocrx_word' id='word_1_142' title='bbox 993 2082 1229 2136; x_wconf 76' lang='grc' dir='ltr'>ἐναντίον</span> <span class='ocrx_word' id='word_1_143' title='bbox 1266 2083 1331 2151; x_wconf 81' lang='grc' dir='ltr'>τῇ</span> <span class='ocrx_word' id='word_1_144' title='bbox 1370 2080 1462 2135; x_wconf 81' lang='grc' dir='ltr'>τοῦ</span> <span class='ocrx_word' id='word_1_145' title='bbox 1506 2080 1705 2149; x_wconf 86' lang='grc' dir='ltr'>κόσμου</span> 
     </span>
    </p>
   </div>
   <div class='ocr_carea' id='block_1_23' title="bbox 146 2169 1709 2244">
    <p class='ocr_par' dir='ltr' id='par_1_23' title="bbox 146 2169 1709 2244">
     <span class='ocr_line' id='line_1_23' title="bbox 146 2169 1709 2244; baseline -0.004 -18"><span class='ocrx_word' id='word_1_146' title='bbox 146 2176 359 2244; x_wconf 78' lang='grc' dir='ltr'>στροφῇ</span> <span class='ocrx_word' id='word_1_147' title='bbox 392 2172 586 2243; x_wconf 87' lang='grc' dir='ltr'>δρόμον</span> <span class='ocrx_word' id='word_1_148' title='bbox 610 2170 890 2240; x_wconf 87' lang='grc' dir='ltr'>τρέχουσιν</span> <span class='ocrx_word' id='word_1_149' title='bbox 910 2190 922 2203; x_wconf 92' lang='grc'>·</span> <span class='ocrx_word' id='word_1_150' title='bbox 954 2170 1141 2241; x_wconf 88' lang='grc' dir='ltr'>ῶσπερ</span> <span class='ocrx_word' id='word_1_151' title='bbox 1159 2172 1228 2235; x_wconf 85' lang='grc' dir='ltr'><strong>εί,</strong></span> <span class='ocrx_word' id='word_1_152' title='bbox 1259 2169 1390 2233; x_wconf 86' lang='grc' dir='ltr'>νεὼς</span> <span class='ocrx_word' id='word_1_153' title='bbox 1412 2172 1488 2232; x_wconf 80' lang='grc' dir='ltr'>εἰς</span> <span class='ocrx_word' id='word_1_154' title='bbox 1519 2169 1709 2239; x_wconf 86' lang='grc' dir='ltr'>βορέαν</span> 
     </span>
    </p>
   </div>
   <div class='ocr_carea' id='block_1_24' title="bbox 143 2260 1709 2334">
    <p class='ocr_par' dir='ltr' id='par_1_24' title="bbox 143 2260 1709 2334">
     <span class='ocr_line' id='line_1_24' title="bbox 143 2260 1709 2334; baseline -0.003 -17"><span class='ocrx_word' id='word_1_155' title='bbox 143 2266 349 2332; x_wconf 74' lang='grc' dir='ltr'>ἄνεμον</span> <span class='ocrx_word' id='word_1_156' title='bbox 381 2262 703 2333; x_wconf 82' lang='grc' dir='ltr'>φερομένης,</span> <span class='ocrx_word' id='word_1_157' title='bbox 739 2260 1001 2333; x_wconf 77' lang='grc' dir='ltr'>ὲπιὸάτης</span> <span class='ocrx_word' id='word_1_158' title='bbox 1045 2264 1125 2324; x_wconf 82' lang='grc' dir='ltr'><strong>εἰς</strong></span> <span class='ocrx_word' id='word_1_159' title='bbox 1155 2262 1304 2334; x_wconf 87' lang='grc' dir='ltr'>νότον</span> <span class='ocrx_word' id='word_1_160' title='bbox 1331 2262 1458 2332; x_wconf 87' lang='grc' dir='ltr'>παρ’</span> <span class='ocrx_word' id='word_1_161' title='bbox 1479 2262 1614 2330; x_wconf 81' lang='grc' dir='ltr'>αὐτῇ</span> <span class='ocrx_word' id='word_1_162' title='bbox 1645 2263 1709 2330; x_wconf 81' lang='grc' dir='ltr'>τῇ</span> 
     </span>
    </p>
   </div>
   <div class='ocr_carea' id='block_1_25' title="bbox 145 2351 1711 2426">
    <p class='ocr_par' dir='ltr' id='par_1_25' title="bbox 145 2351 1711 2426">
     <span class='ocr_line' id='line_1_25' title="bbox 145 2351 1711 2426; baseline -0.003 -19"><span class='ocrx_word' id='word_1_163' title='bbox 145 2354 244 2426; x_wconf 71' lang='grc' dir='ltr'>νηῒ</span> <span class='ocrx_word' id='word_1_164' title='bbox 278 2354 479 2426; x_wconf 81' lang='grc' dir='ltr'>τρέχει.</span> <span class='ocrx_word' id='word_1_165' title='bbox 524 2353 643 2407; x_wconf 79' lang='grc' dir='ltr'>Είσὶ</span> <span class='ocrx_word' id='word_1_166' title='bbox 674 2352 732 2405; x_wconf 82' lang='grc' dir='ltr'>δὲ</span> <span class='ocrx_word' id='word_1_167' title='bbox 767 2351 943 2406; x_wconf 85' lang='grc' dir='ltr'>αὐτῶν</span> <span class='ocrx_word' id='word_1_168' title='bbox 996 2354 1053 2405; x_wconf 83' lang='grc' dir='ltr'>αἱ</span> <span class='ocrx_word' id='word_1_169' title='bbox 1093 2352 1331 2421; x_wconf 89' lang='grc' dir='ltr'>κινήσεις</span> <span class='ocrx_word' id='word_1_170' title='bbox 1371 2351 1563 2415; x_wconf 81' lang='grc' dir='ltr'>διτταὶ,</span> <span class='ocrx_word' id='word_1_171' title='bbox 1592 2351 1626 2420; x_wconf 76' lang='grc' dir='ltr'>ἦ</span> <span class='ocrx_word' id='word_1_172' title='bbox 1651 2367 1711 2402; x_wconf 88' lang='grc' dir='ltr'><strong>τε</strong></span> 
     </span>
    </p>
   </div>
   <div class='ocr_carea' id='block_1_26' title="bbox 145 2442 1713 2518">
    <p class='ocr_par' dir='ltr' id='par_1_26' title="bbox 145 2442 1713 2518">
     <span class='ocr_line' id='line_1_26' title="bbox 145 2442 1713 2518; baseline -0.005 -15"><span class='ocrx_word' id='word_1_173' title='bbox 145 2446 392 2518; x_wconf 81' lang='grc' dir='ltr'>κοσμικὴ</span> <span class='ocrx_word' id='word_1_174' title='bbox 435 2446 595 2516; x_wconf 74' lang='grc' dir='ltr'>καὶή</span> <span class='ocrx_word' id='word_1_175' title='bbox 644 2443 770 2501; x_wconf 82' lang='grc' dir='ltr'>ίδία.</span> <span class='ocrx_word' id='word_1_176' title='bbox 816 2444 906 2499; x_wconf 83' lang='grc' dir='ltr'>Διὸ</span> <span class='ocrx_word' id='word_1_177' title='bbox 959 2444 1051 2497; x_wconf 75' lang='grc' dir='ltr'>καὶ</span> <span class='ocrx_word' id='word_1_178' title='bbox 1092 2445 1225 2515; x_wconf 84' lang='grc' dir='ltr'>πρὸς</span> <span class='ocrx_word' id='word_1_179' title='bbox 1277 2442 1556 2514; x_wconf 85' lang='grc' dir='ltr'>σύγκρισιν</span> <span class='ocrx_word' id='word_1_180' title='bbox 1606 2443 1713 2496; x_wconf 88' lang='grc' dir='ltr'><strong>τῶν</strong></span> 
     </span>
    </p>
   </div>
   <div class='ocr_carea' id='block_1_27' title="bbox 146 2535 1713 2609">
    <p class='ocr_par' dir='ltr' id='par_1_27' title="bbox 146 2535 1713 2609">
     <span class='ocr_line' id='line_1_27' title="bbox 146 2535 1713 2609; baseline -0.003 -16"><span class='ocrx_word' id='word_1_181' title='bbox 146 2539 409 2594; x_wconf 84' lang='grc' dir='ltr'>ἀπλανῶν</span> <span class='ocrx_word' id='word_1_182' title='bbox 449 2538 591 2592; x_wconf 78' lang='grc' dir='ltr'>οὕτω</span> <span class='ocrx_word' id='word_1_183' title='bbox 633 2536 898 2609; x_wconf 79' lang='grc' dir='ltr'>πλάνητες</span> <span class='ocrx_word' id='word_1_184' title='bbox 932 2536 1263 2607; x_wconf 80' lang='grc' dir='ltr'>ἐκλήθησαν·</span> <span class='ocrx_word' id='word_1_185' title='bbox 1313 2537 1429 2607; x_wconf 78' lang='grc' dir='ltr'>ἦτοι</span> <span class='ocrx_word' id='word_1_186' title='bbox 1474 2535 1581 2589; x_wconf 87' lang='grc' dir='ltr'>άπὸ</span> <span class='ocrx_word' id='word_1_187' title='bbox 1620 2535 1713 2590; x_wconf 80' lang='grc' dir='ltr'>τοῦ</span> 
     </span>
    </p>
   </div>
   <div class='ocr_carea' id='block_1_28' title="bbox 151 2626 1713 2701">
    <p class='ocr_par' dir='ltr' id='par_1_28' title="bbox 151 2626 1713 2701">
     <span class='ocr_line' id='line_1_28' title="bbox 151 2626 1713 2701; baseline -0.004 -17"><span class='ocrx_word' id='word_1_188' title='bbox 151 2632 367 2701; x_wconf 78' lang='grc' dir='ltr'>πλανᾷν</span> <span class='ocrx_word' id='word_1_189' title='bbox 390 2629 543 2701; x_wconf 80' lang='grc' dir='ltr'>ἡμῶν</span> <span class='ocrx_word' id='word_1_190' title='bbox 574 2628 672 2693; x_wconf 81' lang='grc' dir='ltr'>τὰς</span> <span class='ocrx_word' id='word_1_191' title='bbox 703 2628 851 2699; x_wconf 74' lang='grc' dir='ltr'>ὄψεις</span> <span class='ocrx_word' id='word_1_192' title='bbox 877 2645 889 2657; x_wconf 84' lang='grc'><em>’</em></span> <span class='ocrx_word' id='word_1_193' title='bbox 925 2628 1016 2682; x_wconf 78' lang='grc' dir='ltr'>καὶ</span> <span class='ocrx_word' id='word_1_194' title='bbox 1058 2627 1163 2699; x_wconf 84' lang='grc' dir='ltr'><strong>γάρ</strong></span> <span class='ocrx_word' id='word_1_195' title='bbox 1195 2626 1408 2694; x_wconf 85' lang='grc' dir='ltr'>πλάγιοι</span> <span class='ocrx_word' id='word_1_196' title='bbox 1441 2627 1713 2698; x_wconf 84' lang='grc' dir='ltr'>φέρονται,</span> 
     </span>
    </p>
   </div>
   <div class='ocr_carea' id='block_1_29' title="bbox 148 2718 1716 2790">
    <p class='ocr_par' dir='ltr' id='par_1_29' title="bbox 148 2718 1716 2790">
     <span class='ocr_line' id='line_1_29' title="bbox 148 2718 1716 2790; baseline -0.004 -12"><span class='ocrx_word' id='word_1_197' title='bbox 148 2722 255 2778; x_wconf 74' lang='grc' dir='ltr'><strong>καὶ</strong></span> <span class='ocrx_word' id='word_1_198' title='bbox 282 2719 691 2784; x_wconf 81' lang='grc' dir='ltr'>ἀναποδίζουσιν</span> <span class='ocrx_word' id='word_1_199' title='bbox 713 2720 883 2774; x_wconf 80' lang='grc' dir='ltr'>ἐνίοτε</span> <span class='ocrx_word' id='word_1_200' title='bbox 899 2737 913 2751; x_wconf 85' lang='grc'><strong>·</strong></span> <span class='ocrx_word' id='word_1_201' title='bbox 940 2719 1053 2774; x_wconf 78' lang='grc' dir='ltr'>ἐσθ’</span> <span class='ocrx_word' id='word_1_202' title='bbox 1072 2721 1160 2774; x_wconf 86' lang='grc' dir='ltr'><strong>ὅτε</strong></span> <span class='ocrx_word' id='word_1_203' title='bbox 1190 2720 1245 2772; x_wconf 85' lang='grc' dir='ltr'>δὲ</span> <span class='ocrx_word' id='word_1_204' title='bbox 1269 2719 1362 2771; x_wconf 82' lang='grc' dir='ltr'><strong>καὶ</strong></span> <span class='ocrx_word' id='word_1_205' title='bbox 1391 2718 1716 2790; x_wconf 85' lang='grc' dir='ltr'>προσωτέρω</span> 
     </span>
    </p>
   </div>
   <div class='ocr_carea' id='block_1_30' title="bbox 153 2808 1718 2881">
    <p class='ocr_par' dir='ltr' id='par_1_30' title="bbox 153 2808 1718 2881">
     <span class='ocr_line' id='line_1_30' title="bbox 153 2808 1718 2881; baseline 0.003 -20"><span class='ocrx_word' id='word_1_206' title='bbox 153 2808 458 2881; x_wconf 74' lang='grc' dir='ltr'>χωροῦσινο</span> <span class='ocrx_word' id='word_1_207' title='bbox 490 2810 523 2878; x_wconf 83' lang='grc' dir='ltr'>ἢ</span> <span class='ocrx_word' id='word_1_208' title='bbox 562 2810 668 2862; x_wconf 81' lang='grc' dir='ltr'>ἀπὸ</span> <span class='ocrx_word' id='word_1_209' title='bbox 704 2810 797 2863; x_wconf 79' lang='grc' dir='ltr'>τοῦ</span> <span class='ocrx_word' id='word_1_210' title='bbox 832 2810 1025 2873; x_wconf 79' lang='grc' dir='ltr'>αὐτοὺς</span> <span class='ocrx_word' id='word_1_211' title='bbox 1060 2810 1376 2873; x_wconf 84' lang='grc' dir='ltr'>πλανᾶσθαι,</span> <span class='ocrx_word' id='word_1_212' title='bbox 1409 2810 1502 2863; x_wconf 71' lang='grc' dir='ltr'><strong>καὶ</strong></span> <span class='ocrx_word' id='word_1_213' title='bbox 1524 2810 1597 2881; x_wconf 80' lang='grc' dir='ltr'>μὴ</span> <span class='ocrx_word' id='word_1_214' title='bbox 1620 2811 1718 2881; x_wconf 84' lang='grc' dir='ltr'>τὴν</span> 
     </span>
    </p>
   </div>
   <div class='ocr_carea' id='block_1_31' title="bbox 150 2900 1719 2973">
    <p class='ocr_par' dir='ltr' id='par_1_31' title="bbox 150 2900 1719 2973">
     <span class='ocr_line' id='line_1_31' title="bbox 150 2900 1719 2973; baseline -0.001 -16"><span class='ocrx_word' id='word_1_215' title='bbox 150 2901 333 2973; x_wconf 78' lang='grc' dir='ltr'>αὐτὴν</span> <span class='ocrx_word' id='word_1_216' title='bbox 378 2900 599 2973; x_wconf 80' lang='grc' dir='ltr'>πορείαν</span> <span class='ocrx_word' id='word_1_217' title='bbox 638 2902 906 2956; x_wconf 84' lang='grc' dir='ltr'>ποιεῖσθαι</span> <span class='ocrx_word' id='word_1_218' title='bbox 939 2905 1051 2966; x_wconf 88' lang='grc' dir='ltr'>τοῖς</span> <span class='ocrx_word' id='word_1_219' title='bbox 1083 2901 1407 2956; x_wconf 79' lang='grc' dir='ltr'>ἀπλανέσιν..</span> <span class='ocrx_word' id='word_1_220' title='bbox 1430 2902 1586 2957; x_wconf 88' lang='grc' dir='ltr'>Ὅθεν</span> <span class='ocrx_word' id='word_1_221' title='bbox 1628 2904 1719 2956; x_wconf 79' lang='grc' dir='ltr'><strong>καὶ</strong></span> 
     </span>
    </p>
   </div>
   <div class='ocr_carea' id='block_1_32' title="bbox 156 2986 1722 3064">
    <p class='ocr_par' dir='ltr' id='par_1_32' title="bbox 156 2986 1722 3064">
     <span class='ocr_line' id='line_1_32' title="bbox 156 2986 1722 3064; baseline 0.001 -19"><span class='ocrx_word' id='word_1_222' title='bbox 156 2993 400 3063; x_wconf 74' lang='grc' dir='ltr'>’Ἄρατος</span> <span class='ocrx_word' id='word_1_223' title='bbox 431 2991 527 3062; x_wconf 77' lang='grc' dir='ltr'>τὴν</span> <span class='ocrx_word' id='word_1_224' title='bbox 560 2992 803 3062; x_wconf 88' lang='grc' dir='ltr'>πορείαν,</span> <span class='ocrx_word' id='word_1_225' title='bbox 827 2992 892 3045; x_wconf 89' lang='grc' dir='ltr'>δι’</span> <span class='ocrx_word' id='word_1_226' title='bbox 920 2986 988 3063; x_wconf 84' lang='grc' dir='ltr'>ἦς</span> <span class='ocrx_word' id='word_1_227' title='bbox 1020 2993 1238 3063; x_wconf 81' lang='grc' dir='ltr'>φέρεται</span> <span class='ocrx_word' id='word_1_228' title='bbox 1265 2996 1293 3046; x_wconf 91' lang='grc' dir='ltr'><strong>ό</strong></span> <span class='ocrx_word' id='word_1_229' title='bbox 1322 2994 1490 3064; x_wconf 78' lang='grc' dir='ltr'>ἥλιος,</span> <span class='ocrx_word' id='word_1_230' title='bbox 1518 2994 1722 3064; x_wconf 88' lang='grc' dir='ltr'>πλάνην</span> 
     </span>
    </p>
   </div>
   <div class='ocr_carea' id='block_1_33' title="bbox 154 3083 871 3155">
    <p class='ocr_par' dir='ltr' id='par_1_33' title="bbox 154 3083 871 3155">
     <span class='ocr_line' id='line_1_33' title="bbox 154 3083 871 3155; baseline 0.004 -17"><span class='ocrx_word' id='word_1_231' title='bbox 154 3083 317 3138; x_wconf 71' lang='grc' dir='ltr'>εἶπεν</span> <span class='ocrx_word' id='word_1_232' title='bbox 354 3083 519 3139; x_wconf 82' lang='grc' dir='ltr'>αὐτοῦ</span> <span class='ocrx_word' id='word_1_233' title='bbox 543 3084 636 3137; x_wconf 83' lang='grc' dir='ltr'><strong>καὶ</strong></span> <span class='ocrx_word' id='word_1_234' title='bbox 661 3084 871 3155; x_wconf 82' lang='grc' dir='ltr'>ἄλησιν.</span> 
     </span>
    </p>
   </div>
   <div class='ocr_carea' id='block_1_34' title="bbox 310 3365 1493 3436">
    <p class='ocr_par' dir='ltr' id='par_1_34' title="bbox 310 3365 1493 3436">
     <span class='ocr_line' id='line_1_34' title="bbox 310 3365 1493 3436; baseline -0.002 -13"><span class='ocrx_word' id='word_1_235' title='bbox 310 3367 469 3423; x_wconf 79' lang='grc' dir='ltr'>Κατὰ</span> <span class='ocrx_word' id='word_1_236' title='bbox 490 3367 601 3436; x_wconf 78' lang='grc' dir='ltr'><strong>μὲν</strong></span> <span class='ocrx_word' id='word_1_237' title='bbox 620 3366 813 3436; x_wconf 82' lang='grc' dir='ltr'>,ϐορέω</span> <span class='ocrx_word' id='word_1_238' title='bbox 841 3366 936 3423; x_wconf 74' lang='grc' dir='ltr'>καὶ</span> <span class='ocrx_word' id='word_1_239' title='bbox 964 3365 1220 3432; x_wconf 60' lang='grc' dir='ltr'>Μήσιος</span> <span class='ocrx_word' id='word_1_240' title='bbox 1249 3366 1493 3433; x_wconf 74' lang='grc' dir='ltr'>ἠελίοιο.</span> 
     </span>
    </p>
   </div>
   <div class='ocr_carea' id='block_1_35' title="bbox 157 3454 1725 3528">
    <p class='ocr_par' dir='ltr' id='par_1_35' title="bbox 157 3454 1725 3528">
     <span class='ocr_line' id='line_1_35' title="bbox 157 3454 1725 3528; baseline -0.003 -14"><span class='ocrx_word' id='word_1_241' title='bbox 157 3462 231 3514; x_wconf 79' lang='lat' dir='ltr'><strong>Ol</strong></span> <span class='ocrx_word' id='word_1_242' title='bbox 262 3459 318 3513; x_wconf 79' lang='grc' dir='ltr'>δὲ</span> <span class='ocrx_word' id='word_1_243' title='bbox 345 3458 697 3528; x_wconf 84' lang='grc' dir='ltr'>Πυθαγόρειοι</span> <span class='ocrx_word' id='word_1_244' title='bbox 743 3456 804 3509; x_wconf 86' lang='grc' dir='ltr'><strong>οὐ</strong></span> <span class='ocrx_word' id='word_1_245' title='bbox 836 3456 994 3525; x_wconf 84' lang='grc' dir='ltr'>μόνον</span> <span class='ocrx_word' id='word_1_246' title='bbox 1030 3457 1152 3518; x_wconf 83' lang='grc' dir='ltr'>τοὺς</span> <span class='ocrx_word' id='word_1_247' title='bbox 1200 3454 1469 3526; x_wconf 83' lang='grc' dir='ltr'>πλάνητας</span> <span class='ocrx_word' id='word_1_248' title='bbox 1496 3457 1725 3527; x_wconf 83' lang='grc' dir='ltr'>ἀστέρας</span> 
     </span>
    </p>
   </div>
   <div class='ocr_carea' id='block_1_36' title="bbox 164 3546 1727 3621">
    <p class='ocr_par' dir='ltr' id='par_1_36' title="bbox 164 3546 1727 3621">
     <span class='ocr_line' id='line_1_36' title="bbox 164 3546 1727 3621; baseline -0.001 -18"><span class='ocrx_word' id='word_1_249' title='bbox 164 3551 446 3621; x_wconf 84' lang='grc' dir='ltr'>βούλονται</span> <span class='ocrx_word' id='word_1_250' title='bbox 482 3549 614 3603; x_wconf 79' lang='grc' dir='ltr'>ἰδίαν</span> <span class='ocrx_word' id='word_1_251' title='bbox 660 3549 869 3618; x_wconf 85' lang='grc' dir='ltr'>κίνησιν</span> <span class='ocrx_word' id='word_1_252' title='bbox 915 3546 1075 3615; x_wconf 75' lang='grc' dir='ltr'>ἔχειν,</span> <span class='ocrx_word' id='word_1_253' title='bbox 1119 3546 1253 3600; x_wconf 83' lang='grc' dir='ltr'>ἀλλὰ</span> <span class='ocrx_word' id='word_1_254' title='bbox 1278 3550 1370 3600; x_wconf 77' lang='grc' dir='ltr'><strong>καὶ</strong></span> <span class='ocrx_word' id='word_1_255' title='bbox 1407 3549 1529 3608; x_wconf 84' lang='grc' dir='ltr'>τοὺς</span> <span class='ocrx_word' id='word_1_256' title='bbox 1558 3548 1727 3601; x_wconf 82' lang='grc' dir='ltr'>ἀπλα-</span> 
     </span>
    </p>
   </div>
   <div class='ocr_carea' id='block_1_37' title="bbox 161 3636 1728 3710">
    <p class='ocr_par' dir='ltr' id='par_1_37' title="bbox 161 3636 1728 3710">
     <span class='ocr_line' id='line_1_37' title="bbox 161 3636 1728 3710; baseline -0.003 -14"><span class='ocrx_word' id='word_1_257' title='bbox 161 3646 311 3705; x_wconf 70' lang='grc' dir='ltr'><strong>νεῖςδ</strong></span> <span class='ocrx_word' id='word_1_258' title='bbox 341 3642 482 3694; x_wconf 73' lang='grc' dir='ltr'>οὕτω</span> <span class='ocrx_word' id='word_1_259' title='bbox 528 3640 707 3710; x_wconf 84' lang='grc' dir='ltr'>μέντοι</span> <span class='ocrx_word' id='word_1_260' title='bbox 744 3636 1027 3700; x_wconf 86' lang='grc' dir='ltr'>κινεῖσθαι,</span> <span class='ocrx_word' id='word_1_261' title='bbox 1071 3638 1163 3690; x_wconf 75' lang='grc' dir='ltr'><strong>καὶ</strong></span> <span class='ocrx_word' id='word_1_262' title='bbox 1202 3638 1328 3707; x_wconf 70' lang='grc' dir='ltr'>περὶ</span> <span class='ocrx_word' id='word_1_263' title='bbox 1353 3638 1441 3690; x_wconf 78' lang='grc' dir='ltr'><strong>τὸν</strong></span> <span class='ocrx_word' id='word_1_264' title='bbox 1477 3637 1605 3693; x_wconf 81' lang='grc' dir='ltr'>ίδιον</span> <span class='ocrx_word' id='word_1_265' title='bbox 1635 3656 1728 3692; x_wconf 85' lang='grc' dir='ltr'>κυ-</span> 
     </span>
    </p>
   </div>
   <div class='ocr_carea' id='block_1_38' title="bbox 164 3727 1728 3799">
    <p class='ocr_par' dir='ltr' id='par_1_38' title="bbox 164 3727 1728 3799">
     <span class='ocr_line' id='line_1_38' title="bbox 164 3727 1728 3799; baseline -0.004 -12"><span class='ocrx_word' id='word_1_266' title='bbox 164 3732 414 3788; x_wconf 67' lang='grc' dir='ltr'>κλεῖσθαι</span> <span class='ocrx_word' id='word_1_267' title='bbox 471 3731 666 3785; x_wconf 81' lang='grc' dir='ltr'>κύκλον</span> <span class='ocrx_word' id='word_1_268' title='bbox 690 3745 706 3761; x_wconf 80' lang='grc' dir='ltr'><strong>ο</strong></span> <span class='ocrx_word' id='word_1_269' title='bbox 736 3730 922 3799; x_wconf 87' lang='grc' dir='ltr'>ῶσπερ</span> <span class='ocrx_word' id='word_1_270' title='bbox 974 3728 1066 3781; x_wconf 83' lang='grc' dir='ltr'>τοῦ</span> <span class='ocrx_word' id='word_1_271' title='bbox 1118 3728 1315 3790; x_wconf 80' lang='grc' dir='ltr'>παντὸς</span> <span class='ocrx_word' id='word_1_272' title='bbox 1355 3727 1428 3798; x_wconf 85' lang='grc' dir='ltr'>μὴ</span> <span class='ocrx_word' id='word_1_273' title='bbox 1477 3729 1728 3797; x_wconf 81' lang='grc' dir='ltr'>μεταϐαί-</span> 
     </span>
    </p>
   </div>
   <div class='ocr_carea' id='block_1_39' title="bbox 162 3820 1725 3898">
    <p class='ocr_par' dir='ltr' id='par_1_39' title="bbox 162 3820 1725 3898">
     <span class='ocr_line' id='line_1_39' title="bbox 162 3820 1725 3898; baseline -0.005 -17"><span class='ocrx_word' id='word_1_274' title='bbox 162 3844 353 3898; x_wconf 53' lang='grc' dir='ltr'>νοντος</span> <span class='ocrx_word' id='word_1_275' title='bbox 389 3824 646 3898; x_wconf 79' lang='grc' dir='ltr'>ἑτέρωθι,</span> <span class='ocrx_word' id='word_1_276' title='bbox 684 3822 819 3877; x_wconf 80' lang='grc' dir='ltr'>ἀλλὰ</span> <span class='ocrx_word' id='word_1_277' title='bbox 862 3823 988 3893; x_wconf 80' lang='grc' dir='ltr'>περὶ</span> <span class='ocrx_word' id='word_1_278' title='bbox 1032 3821 1123 3874; x_wconf 75' lang='grc' dir='ltr'><strong>τὸν</strong></span> <span class='ocrx_word' id='word_1_279' title='bbox 1161 3821 1321 3875; x_wconf 79' lang='grc' dir='ltr'>αὐτὸν</span> <span class='ocrx_word' id='word_1_280' title='bbox 1352 3820 1511 3874; x_wconf 86' lang='grc' dir='ltr'>τόπον</span> <span class='ocrx_word' id='word_1_281' title='bbox 1559 3821 1725 3874; x_wconf 86' lang='grc' dir='ltr'>εἱλου-</span> 
     </span>
    </p>
   </div>
   <div class='ocr_carea' id='block_1_40' title="bbox 165 3918 568 3990">
    <p class='ocr_par' dir='ltr' id='par_1_40' title="bbox 165 3918 568 3990">
     <span class='ocr_line' id='line_1_40' title="bbox 165 3918 568 3990; baseline -0.007 -17"><span class='ocrx_word' id='word_1_282' title='bbox 165 3918 359 3990; x_wconf 75' lang='grc' dir='ltr'>μένου.</span> <span class='ocrx_word' id='word_1_283' title='bbox 565 3946 568 3948; x_wconf 75' lang='lat'><strong><em>~</em></strong></span> 
     </span>
    </p>
   </div>
   <div class='ocr_carea' id='block_1_41' title="bbox 633 4006 1280 4075">
    <p class='ocr_par' dir='ltr' id='par_1_41' title="bbox 633 4006 1280 4075">
     <span class='ocr_line' id='line_1_41' title="bbox 633 4006 1280 4075; baseline -0.002 -13"><span class='ocrx_word' id='word_1_284' title='bbox 633 4010 728 4075; x_wconf 82' lang='grc' dir='ltr'>Τίς</span> <span class='ocrx_word' id='word_1_285' title='bbox 767 4009 946 4063; x_wconf 80' lang='grc' dir='ltr'>οὐσία</span> <span class='ocrx_word' id='word_1_286' title='bbox 996 4006 1280 4075; x_wconf 82' lang='grc' dir='ltr'>ἀστέρων.</span> 
     </span>
    </p>
   </div>
   <div class='ocr_carea' id='block_1_42' title="bbox 244 4094 1732 4171">
    <p class='ocr_par' dir='ltr' id='par_1_42' title="bbox 244 4094 1732 4171">
     <span class='ocr_line' id='line_1_42' title="bbox 244 4094 1732 4171; baseline -0.003 -15"><span class='ocrx_word' id='word_1_287' title='bbox 244 4110 335 4156; x_wconf 70' lang='lat' dir='ltr'><strong>ta&quot;.</strong></span> <span class='ocrx_word' id='word_1_288' title='bbox 373 4101 551 4171; x_wconf 80' lang='grc' dir='ltr'>Θαλῆς</span> <span class='ocrx_word' id='word_1_289' title='bbox 592 4100 709 4171; x_wconf 78' lang='grc' dir='ltr'><strong>μὲν</strong></span> <span class='ocrx_word' id='word_1_290' title='bbox 740 4102 803 4170; x_wconf 81' lang='grc' dir='ltr'>δὴ</span> <span class='ocrx_word' id='word_1_291' title='bbox 833 4101 1025 4170; x_wconf 82' lang='grc' dir='ltr'>γηΐνην</span> <span class='ocrx_word' id='word_1_292' title='bbox 1072 4098 1312 4168; x_wconf 77' lang='grc' dir='ltr'>ἔμπυρον</span> <span class='ocrx_word' id='word_1_293' title='bbox 1346 4094 1461 4149; x_wconf 82' lang='grc' dir='ltr'>εἶπε</span> <span class='ocrx_word' id='word_1_294' title='bbox 1496 4098 1592 4167; x_wconf 88' lang='grc' dir='ltr'><strong>τὴν</strong></span> <span class='ocrx_word' id='word_1_295' title='bbox 1626 4098 1732 4151; x_wconf 89' lang='grc' dir='ltr'><strong>τῶν</strong></span> 
     </span>
    </p>
   </div>
   <div class='ocr_carea' id='block_1_43' title="bbox 130 4190 1731 4267">
    <p class='ocr_par' dir='ltr' id='par_1_43' title="bbox 130 4190 1731 4267">
     <span class='ocr_line' id='line_1_43' title="bbox 130 4190 1731 4267; baseline -0.005 -18"><span class='ocrx_word' id='word_1_296' title='bbox 130 4197 421 4267; x_wconf 68' lang='grc' dir='ltr'><strong>Δἀστέρων</strong></span> <span class='ocrx_word' id='word_1_297' title='bbox 466 4193 652 4247; x_wconf 85' lang='grc' dir='ltr'>οὐσίαν</span> <span class='ocrx_word' id='word_1_298' title='bbox 680 4210 692 4222; x_wconf 89' lang='grc'><strong>·</strong></span> <span class='ocrx_word' id='word_1_299' title='bbox 738 4192 1102 4263; x_wconf 81' lang='grc' dir='ltr'>Ἐμπεδοκλῆς</span> <span class='ocrx_word' id='word_1_300' title='bbox 1146 4190 1201 4241; x_wconf 83' lang='grc' dir='ltr'><strong>δὲ</strong></span> <span class='ocrx_word' id='word_1_301' title='bbox 1252 4190 1503 4259; x_wconf 84' lang='grc' dir='ltr'>πυρίνους</span> <span class='ocrx_word' id='word_1_302' title='bbox 1538 4192 1731 4253; x_wconf 77' lang='grc' dir='ltr'>αὐτοὺς</span> 
     </span>
    </p>
   </div>
   <div class='ocr_carea' id='block_1_44' title="bbox 166 4277 1733 4353">
    <p class='ocr_par' dir='ltr' id='par_1_44' title="bbox 166 4277 1733 4353">
     <span class='ocr_line' id='line_1_44' title="bbox 166 4277 1733 4353; baseline -0.004 -10"><span class='ocrx_word' id='word_1_303' title='bbox 166 4287 318 4344; x_wconf 82' lang='grc' dir='ltr'>εἷπε.</span> <span class='ocrx_word' id='word_1_304' title='bbox 349 4287 502 4350; x_wconf 83' lang='grc' dir='ltr'>Τινὲς</span> <span class='ocrx_word' id='word_1_305' title='bbox 530 4283 839 4353; x_wconf 61' lang='grc' dir='ltr'>δὲ’γεὼδεις</span> <span class='ocrx_word' id='word_1_306' title='bbox 868 4286 1038 4335; x_wconf 83' lang='grc' dir='ltr'>εἰπεῖν</span> <span class='ocrx_word' id='word_1_307' title='bbox 1064 4283 1256 4344; x_wconf 76' lang='grc' dir='ltr'>αὐτοὺς</span> <span class='ocrx_word' id='word_1_308' title='bbox 1294 4281 1592 4352; x_wconf 64' lang='grc' dir='ltr'>ἐτόλμησαν</span> <span class='ocrx_word' id='word_1_309' title='bbox 1610 4300 1621 4312; x_wconf 90' lang='grc'><strong>·</strong></span> <span class='ocrx_word' id='word_1_310' title='bbox 1658 4277 1733 4336; x_wconf 82' lang='grc' dir='ltr'>ὧν</span> 
     </span>
    </p>
   </div>
   <div class='ocr_carea' id='block_1_45' title="bbox 166 4373 1730 4445">
    <p class='ocr_par' dir='ltr' id='par_1_45' title="bbox 166 4373 1730 4445">
     <span class='ocr_line' id='line_1_45' title="bbox 166 4373 1730 4445; baseline -0.006 -10"><span class='ocrx_word' id='word_1_311' title='bbox 166 4386 295 4436; x_wconf 75' lang='grc' dir='ltr'>ἐστι</span> <span class='ocrx_word' id='word_1_312' title='bbox 323 4380 416 4433; x_wconf 79' lang='grc' dir='ltr'><strong>καὶ</strong></span> <span class='ocrx_word' id='word_1_313' title='bbox 447 4376 827 4445; x_wconf 72' lang='grc' dir='ltr'>Ἀναξαγόρας.</span> <span class='ocrx_word' id='word_1_314' title='bbox 859 4374 1011 4427; x_wconf 82' lang='grc' dir='ltr'>Μετὰ</span> <span class='ocrx_word' id='word_1_315' title='bbox 1039 4373 1145 4443; x_wconf 84' lang='grc' dir='ltr'><strong>γάρ</strong></span> <span class='ocrx_word' id='word_1_316' title='bbox 1168 4374 1264 4444; x_wconf 81' lang='grc' dir='ltr'>τὴν</span> <span class='ocrx_word' id='word_1_317' title='bbox 1308 4373 1545 4443; x_wconf 86' lang='grc' dir='ltr'>πρώτην,</span> <span class='ocrx_word' id='word_1_318' title='bbox 1579 4377 1730 4445; x_wconf 73' lang='grc' dir='ltr'>φησὶ,</span> 
     </span>
    </p>
   </div>
   <div class='ocr_carea' id='block_1_46' title="bbox 165 4448 1733 4543">
    <p class='ocr_par' dir='ltr' id='par_1_46' title="bbox 165 4448 1733 4543">
     <span class='ocr_line' id='line_1_46' title="bbox 165 4448 1733 4543; baseline -0.006 -16"><span class='ocrx_word' id='word_1_319' title='bbox 165 4476 444 4543; x_wconf 74' lang='grc' dir='ltr'>διάκρισιν</span> <span class='ocrx_word' id='word_1_320' title='bbox 476 4466 881 4536; x_wconf 79' lang='grc' dir='ltr'>τῶν-στοιχείων</span> <span class='ocrx_word' id='word_1_321' title='bbox 903 4465 964 4517; x_wconf 86' lang='grc' dir='ltr'><strong>τὸ</strong></span> <span class='ocrx_word' id='word_1_322' title='bbox 992 4466 1100 4536; x_wconf 77' lang='grc' dir='ltr'>πῦρ</span> <span class='ocrx_word' id='word_1_323' title='bbox 1134 4462 1489 4536; x_wconf 81' lang='grc' dir='ltr'>χωριζόμενον</span> <span class='ocrx_word' id='word_1_324' title='bbox 1524 4448 1733 4534; x_wconf 70' lang='grc' dir='ltr'>ἐπὶ,τὴν</span> 
     </span>
    </p>
   </div>
   <div class='ocr_carea' id='block_1_47' title="bbox 171 4554 1733 4629">
    <p class='ocr_par' dir='ltr' id='par_1_47' title="bbox 171 4554 1733 4629">
     <span class='ocr_line' id='line_1_47' title="bbox 171 4554 1733 4629; baseline -0.008 -11"><span class='ocrx_word' id='word_1_325' title='bbox 171 4564 317 4618; x_wconf 75' lang='grc' dir='ltr'>ἰδίαν</span> <span class='ocrx_word' id='word_1_326' title='bbox 352 4560 509 4629; x_wconf 86' lang='grc' dir='ltr'>φύσιν</span> <span class='ocrx_word' id='word_1_327' title='bbox 540 4558 867 4618; x_wconf 73' lang='grc' dir='ltr'>ἀνασπάσαι,</span> <span class='ocrx_word' id='word_1_328' title='bbox 899 4556 991 4607; x_wconf 78' lang='grc' dir='ltr'><strong>καὶ</strong></span> <span class='ocrx_word' id='word_1_329' title='bbox 1015 4555 1249 4625; x_wconf 89' lang='grc' dir='ltr'>διάπυρα</span> <span class='ocrx_word' id='word_1_330' title='bbox 1280 4554 1497 4622; x_wconf 83' lang='grc' dir='ltr'>ποιῆσαι</span> <span class='ocrx_word' id='word_1_331' title='bbox 1522 4555 1733 4623; x_wconf 78' lang='grc' dir='ltr'>καὶτῆς</span> 
     </span>
    </p>
   </div>
   <div class='ocr_carea' id='block_1_48' title="bbox 114 4636 1731 4723">
    <p class='ocr_par' dir='ltr' id='par_1_48' title="bbox 114 4636 1731 4723">
     <span class='ocr_line' id='line_1_48' title="bbox 114 4636 1731 4723; baseline -0.007 -14"><span class='ocrx_word' id='word_1_332' title='bbox 114 4661 123 4667; x_wconf 86' lang='grc'><em>’</em></span> <span class='ocrx_word' id='word_1_333' title='bbox 166 4657 280 4723; x_wconf 84' lang='grc' dir='ltr'>γῆς</span> <span class='ocrx_word' id='word_1_334' title='bbox 339 4652 502 4722; x_wconf 83' lang='grc' dir='ltr'>μόριά</span> <span class='ocrx_word' id='word_1_335' title='bbox 530 4636 687 4703; x_wconf 71' lang='grc' dir='ltr'>τινα.</span> <span class='ocrx_word' id='word_1_336' title='bbox 726 4647 884 4701; x_wconf 85' lang='grc' dir='ltr'>Ὅθεν</span> <span class='ocrx_word' id='word_1_337' title='bbox 944 4644 1149 4699; x_wconf 77' lang='grc' dir='ltr'>καὶτὸν</span> <span class='ocrx_word' id='word_1_338' title='bbox 1191 4647 1337 4716; x_wconf 76' lang='grc' dir='ltr'>ἥλιον</span> <span class='ocrx_word' id='word_1_339' title='bbox 1380 4645 1564 4713; x_wconf 78' lang='grc' dir='ltr'>ἔλεγεν</span> <span class='ocrx_word' id='word_1_340' title='bbox 1594 4643 1731 4698; x_wconf 81' lang='grc' dir='ltr'>εἶναι</span> 
     </span>
    </p>
   </div>
   <div class='ocr_carea' id='block_1_49' title="bbox 169 4735 1737 4817">
    <p class='ocr_par' dir='ltr' id='par_1_49' title="bbox 169 4735 1737 4817">
     <span class='ocr_line' id='line_1_49' title="bbox 169 4735 1737 4817; baseline -0.005 -20"><span class='ocrx_word' id='word_1_341' title='bbox 169 4743 400 4817; x_wconf 79' lang='grc' dir='ltr'>μύδρον,</span> <span class='ocrx_word' id='word_1_342' title='bbox 430 4740 505 4804; x_wconf 84' lang='grc' dir='ltr'>ὡς</span> <span class='ocrx_word' id='word_1_343' title='bbox 537 4740 671 4809; x_wconf 78' lang='grc' dir='ltr'>ἑξῆς.</span> <span class='ocrx_word' id='word_1_344' title='bbox 692 4737 937 4810; x_wconf 73' lang='grc' dir='ltr'>ἐροῦμεν.</span> <span class='ocrx_word' id='word_1_345' title='bbox 972 4736 1188 4806; x_wconf 83' lang='grc' dir='ltr'>’Έτεροι</span> <span class='ocrx_word' id='word_1_346' title='bbox 1226 4736 1282 4788; x_wconf 84' lang='grc' dir='ltr'>δὲ</span> <span class='ocrx_word' id='word_1_347' title='bbox 1316 4735 1560 4807; x_wconf 82' lang='grc' dir='ltr'>κίσσηριν</span> <span class='ocrx_word' id='word_1_348' title='bbox 1602 4735 1737 4789; x_wconf 83' lang='grc' dir='ltr'>πλα-</span> 
     </span>
    </p>
   </div>
   <div class='ocr_carea' id='block_1_50' title="bbox 170 4826 1732 4908">
    <p class='ocr_par' dir='ltr' id='par_1_50' title="bbox 170 4826 1732 4908">
     <span class='ocr_line' id='line_1_50' title="bbox 170 4826 1732 4908; baseline -0.006 -19"><span class='ocrx_word' id='word_1_349' title='bbox 170 4837 303 4908; x_wconf 79' lang='grc' dir='ltr'>γίαν</span> <span class='ocrx_word' id='word_1_350' title='bbox 334 4828 518 4893; x_wconf 80' lang='grc' dir='ltr'>οὖσαν,</span> <span class='ocrx_word' id='word_1_351' title='bbox 547 4831 653 4883; x_wconf 76' lang='grc' dir='ltr'><strong>ὑπὸ</strong></span> <span class='ocrx_word' id='word_1_352' title='bbox 680 4830 776 4899; x_wconf 87' lang='grc' dir='ltr'><strong>τῆς</strong></span> <span class='ocrx_word' id='word_1_353' title='bbox 798 4827 1122 4899; x_wconf 82' lang='grc' dir='ltr'>θερμότητος</span> <span class='ocrx_word' id='word_1_354' title='bbox 1148 4827 1239 4878; x_wconf 80' lang='grc' dir='ltr'><strong>τοῦ</strong></span> <span class='ocrx_word' id='word_1_355' title='bbox 1267 4826 1476 4895; x_wconf 83' lang='grc' dir='ltr'>αἰθέρος</span> <span class='ocrx_word' id='word_1_356' title='bbox 1500 4827 1732 4879; x_wconf 85' lang='grc' dir='ltr'>ἀναπτο-</span> 
     </span>
    </p>
   </div>
   <div class='ocr_carea' id='block_1_51' title="bbox 172 4916 1731 5001">
    <p class='ocr_par' dir='ltr' id='par_1_51' title="bbox 172 4916 1731 5001">
     <span class='ocr_line' id='line_1_51' title="bbox 172 4916 1731 5001; baseline -0.006 -21"><span class='ocrx_word' id='word_1_357' title='bbox 172 4929 351 5001; x_wconf 84' lang='grc' dir='ltr'>μένην</span> <span class='ocrx_word' id='word_1_358' title='bbox 369 4941 385 4955; x_wconf 76' lang='grc'><strong>’</strong></span> <span class='ocrx_word' id='word_1_359' title='bbox 415 4922 509 4977; x_wconf 62' lang='grc' dir='ltr'><strong>κα)⁸</strong></span> <span class='ocrx_word' id='word_1_360' title='bbox 536 4923 639 4975; x_wconf 74' lang='grc' dir='ltr'>ὑπὸ</span> <span class='ocrx_word' id='word_1_361' title='bbox 660 4922 767 4974; x_wconf 91' lang='grc' dir='ltr'><strong>τῶν</strong></span> <span class='ocrx_word' id='word_1_362' title='bbox 790 4917 1097 4989; x_wconf 83' lang='grc' dir='ltr'>τρυμαλιῶν</span> <span class='ocrx_word' id='word_1_363' title='bbox 1112 4919 1234 4979; x_wconf 81' lang='grc' dir='ltr'>τοὺς</span> <span class='ocrx_word' id='word_1_364' title='bbox 1254 4918 1483 4988; x_wconf 87' lang='grc' dir='ltr'>ἀστέρας</span> <span class='ocrx_word' id='word_1_365' title='bbox 1506 4916 1731 4986; x_wconf 68' lang='grc' dir='ltr'>φαίνειν.</span> 
     </span>
    </p>
   </div>
   <div class='ocr_carea' id='block_1_52' title="bbox 170 5008 1733 5083">
    <p class='ocr_par' dir='ltr' id='par_1_52' title="bbox 170 5008 1733 5083">
     <span class='ocr_line' id='line_1_52' title="bbox 170 5008 1733 5083; baseline -0.008 -8"><span class='ocrx_word' id='word_1_366' title='bbox 170 5021 405 5076; x_wconf 84' lang='grc' dir='ltr'>Πλάτων</span> <span class='ocrx_word' id='word_1_367' title='bbox 433 5017 488 5069; x_wconf 81' lang='grc' dir='ltr'>δὲ</span> <span class='ocrx_word' id='word_1_368' title='bbox 520 5017 583 5067; x_wconf 85' lang='grc' dir='ltr'>ὲκ</span> <span class='ocrx_word' id='word_1_369' title='bbox 627 5014 734 5066; x_wconf 87' lang='grc' dir='ltr'><strong>τῶν</strong></span> <span class='ocrx_word' id='word_1_370' title='bbox 772 5013 1051 5083; x_wconf 87' lang='grc' dir='ltr'>τεσσάρων</span> <span class='ocrx_word' id='word_1_371' title='bbox 1074 5008 1369 5077; x_wconf 78' lang='grc' dir='ltr'>στοιχείων,</span> <span class='ocrx_word' id='word_1_372' title='bbox 1412 5009 1657 5062; x_wconf 86' lang='grc' dir='ltr'>πλείστου</span> <span class='ocrx_word' id='word_1_373' title='bbox 1680 5012 1733 5063; x_wconf 83' lang='grc' dir='ltr'>δὲ</span> 
     </span>
    </p>
   </div>
   <div class='ocr_carea' id='block_1_53' title="bbox 171 5101 1735 5181">
    <p class='ocr_par' dir='ltr' id='par_1_53' title="bbox 171 5101 1735 5181">
     <span class='ocr_line' id='line_1_53' title="bbox 171 5101 1735 5181; baseline -0.008 -14"><span class='ocrx_word' id='word_1_374' title='bbox 171 5110 376 5181; x_wconf 85' lang='grc' dir='ltr'>πυρός.</span> <span class='ocrx_word' id='word_1_375' title='bbox 426 5104 730 5173; x_wconf 71' lang='grc' dir='ltr'>Ξενοφάνης</span> <span class='ocrx_word' id='word_1_376' title='bbox 783 5104 840 5155; x_wconf 81' lang='grc' dir='ltr'>δὲ</span> <span class='ocrx_word' id='word_1_377' title='bbox 874 5102 1018 5171; x_wconf 89' lang='grc' dir='ltr'>λέγει</span> <span class='ocrx_word' id='word_1_378' title='bbox 1046 5102 1170 5163; x_wconf 82' lang='grc' dir='ltr'>τοὺς</span> <span class='ocrx_word' id='word_1_379' title='bbox 1199 5101 1433 5171; x_wconf 78' lang='grc' dir='ltr'>ἀστέρας</span> <span class='ocrx_word' id='word_1_380' title='bbox 1469 5102 1533 5153; x_wconf 79' lang='grc' dir='ltr'>ὲκ</span> <span class='ocrx_word' id='word_1_381' title='bbox 1559 5103 1735 5170; x_wconf 82' lang='grc' dir='ltr'>νεφῶν</span> 
     </span>
    </p>
   </div>
   <div class='ocr_carea' id='block_1_54' title="bbox 172 5192 1736 5267">
    <p class='ocr_par' dir='ltr' id='par_1_54' title="bbox 172 5192 1736 5267">
     <span class='ocr_line' id='line_1_54' title="bbox 172 5192 1736 5267; baseline -0.006 -11"><span class='ocrx_word' id='word_1_382' title='bbox 172 5200 499 5257; x_wconf 78' lang='grc' dir='ltr'>συνεστάναι</span> <span class='ocrx_word' id='word_1_383' title='bbox 556 5197 836 5267; x_wconf 75' lang='grc' dir='ltr'>ἐμπύρων,</span> <span class='ocrx_word' id='word_1_384' title='bbox 894 5196 986 5247; x_wconf 77' lang='grc' dir='ltr'><strong>καὶ</strong></span> <span class='ocrx_word' id='word_1_385' title='bbox 1013 5192 1349 5255; x_wconf 76' lang='grc' dir='ltr'>σϐέννυσθαι,</span> <span class='ocrx_word' id='word_1_386' title='bbox 1378 5194 1471 5243; x_wconf 82' lang='grc' dir='ltr'><strong>καί</strong></span> <span class='ocrx_word' id='word_1_387' title='bbox 1511 5194 1736 5246; x_wconf 83' lang='grc' dir='ltr'>ἀνάπτε-</span> 
     </span>
    </p>
   </div>
   <div class='ocr_carea' id='block_1_55' title="bbox 170 5280 1737 5356">
    <p class='ocr_par' dir='ltr' id='par_1_55' title="bbox 170 5280 1737 5356">
     <span class='ocr_line' id='line_1_55' title="bbox 170 5280 1737 5356; baseline -0.012 -9"><span class='ocrx_word' id='word_1_388' title='bbox 170 5291 305 5347; x_wconf 84' lang='grc' dir='ltr'>σθαι</span> <span class='ocrx_word' id='word_1_389' title='bbox 333 5288 531 5343; x_wconf 74' lang='grc' dir='ltr'>ῶσανεὶ</span> <span class='ocrx_word' id='word_1_390' title='bbox 550 5285 844 5356; x_wconf 84' lang='grc' dir='ltr'>ἄνθρακας.</span> <span class='ocrx_word' id='word_1_391' title='bbox 881 5284 987 5335; x_wconf 75' lang='grc' dir='ltr'><strong>Καὶ</strong></span> <span class='ocrx_word' id='word_1_392' title='bbox 1026 5283 1113 5335; x_wconf 81' lang='grc' dir='ltr'>ὅτε</span> <span class='ocrx_word' id='word_1_393' title='bbox 1145 5281 1258 5351; x_wconf 86' lang='grc' dir='ltr'>’μὲν</span> <span class='ocrx_word' id='word_1_394' title='bbox 1290 5280 1566 5343; x_wconf 80' lang='grc' dir='ltr'>ἅπτονται,</span> <span class='ocrx_word' id='word_1_395' title='bbox 1602 5299 1737 5349; x_wconf 56' lang='grc' dir='ltr'>φαντ</span> 
     </span>
    </p>
   </div>
   <div class='ocr_carea' id='block_1_56' title="bbox 170 5370 1733 5451">
    <p class='ocr_par' dir='ltr' id='par_1_56' title="bbox 170 5370 1733 5451">
     <span class='ocr_line' id='line_1_56' title="bbox 170 5370 1733 5451; baseline -0.009 -15"><span class='ocrx_word' id='word_1_396' title='bbox 170 5382 373 5436; x_wconf 87' lang='grc' dir='ltr'>τασίαν</span> <span class='ocrx_word' id='word_1_397' title='bbox 400 5382 542 5451; x_wconf 77' lang='grc' dir='ltr'>ἡμᾶς</span> <span class='ocrx_word' id='word_1_398' title='bbox 568 5378 710 5449; x_wconf 71' lang='grc' dir='ltr'>ἔχειν</span> <span class='ocrx_word' id='word_1_399' title='bbox 750 5373 1010 5442; x_wconf 82' lang='grc' dir='ltr'>ἀνατολῆς</span> <span class='ocrx_word' id='word_1_400' title='bbox 1028 5390 1043 5403; x_wconf 87' lang='grc'><strong>·</strong></span> <span class='ocrx_word' id='word_1_401' title='bbox 1072 5375 1159 5425; x_wconf 80' lang='grc' dir='ltr'><strong>ὅτε</strong></span> <span class='ocrx_word' id='word_1_402' title='bbox 1199 5371 1254 5424; x_wconf 86' lang='grc' dir='ltr'>δὲ</span> <span class='ocrx_word' id='word_1_403' title='bbox 1282 5370 1611 5433; x_wconf 80' lang='grc' dir='ltr'>σὸέννυνται,</span> <span class='ocrx_word' id='word_1_404' title='bbox 1645 5371 1733 5423; x_wconf 90' lang='grc' dir='ltr'>δύ-</span> 
     </span>
    </p>
   </div>
   <div class='ocr_carea' id='block_1_57' title="bbox 172 5460 1729 5534">
    <p class='ocr_par' dir='ltr' id='par_1_57' title="bbox 172 5460 1729 5534">
     <span class='ocr_line' id='line_1_57' title="bbox 172 5460 1729 5534; baseline -0.013 -7"><span class='ocrx_word' id='word_1_405' title='bbox 172 5468 341 5534; x_wconf 66' lang='grc' dir='ltr'>σεως.</span> <span class='ocrx_word' id='word_1_406' title='bbox 392 5472 456 5522; x_wconf 73' lang='lat' dir='ltr'><strong>Oi</strong></span> <span class='ocrx_word' id='word_1_407' title='bbox 514 5468 738 5522; x_wconf 73' lang='grc' dir='ltr'>Στωϊκοὶ</span> <span class='ocrx_word' id='word_1_408' title='bbox 784 5464 839 5517; x_wconf 83' lang='grc' dir='ltr'>δὲ</span> <span class='ocrx_word' id='word_1_409' title='bbox 884 5466 948 5517; x_wconf 82' lang='grc' dir='ltr'><strong>έκ</strong></span> <span class='ocrx_word' id='word_1_410' title='bbox 997 5462 1165 5532; x_wconf 83' lang='grc' dir='ltr'>πυρὸς</span> <span class='ocrx_word' id='word_1_411' title='bbox 1213 5460 1454 5529; x_wconf 89' lang='grc' dir='ltr'>λέγουσιν</span> <span class='ocrx_word' id='word_1_412' title='bbox 1504 5461 1729 5521; x_wconf 77' lang='grc' dir='ltr'>αὐτούς·</span> 
     </span>
    </p>
   </div>
   <div class='ocr_carea' id='block_1_58' title="bbox 174 5550 1734 5635">
    <p class='ocr_par' dir='ltr' id='par_1_58' title="bbox 174 5550 1734 5635">
     <span class='ocr_line' id='line_1_58' title="bbox 174 5550 1734 5635; baseline -0.01 -20"><span class='ocrx_word' id='word_1_413' title='bbox 174 5563 353 5635; x_wconf 78' lang='grc' dir='ltr'>πυρὸς</span> <span class='ocrx_word' id='word_1_414' title='bbox 377 5560 434 5613; x_wconf 76' lang='grc' dir='ltr'>δὲ</span> <span class='ocrx_word' id='word_1_415' title='bbox 465 5560 557 5611; x_wconf 83' lang='grc' dir='ltr'>τοῦ</span> <span class='ocrx_word' id='word_1_416' title='bbox 590 5558 757 5621; x_wconf 80' lang='grc' dir='ltr'>θείου,</span> <span class='ocrx_word' id='word_1_417' title='bbox 787 5557 880 5615; x_wconf 78' lang='grc' dir='ltr'><strong>καὶ</strong></span> <span class='ocrx_word' id='word_1_418' title='bbox 927 5554 1118 5612; x_wconf 79' lang='grc' dir='ltr'>ἀϊδίου,</span> <span class='ocrx_word' id='word_1_419' title='bbox 1142 5553 1235 5604; x_wconf 78' lang='grc' dir='ltr'><strong>καὶ</strong></span> <span class='ocrx_word' id='word_1_420' title='bbox 1269 5550 1327 5603; x_wconf 77' lang='grc' dir='ltr'><strong>οὐ</strong></span> <span class='ocrx_word' id='word_1_421' title='bbox 1357 5550 1734 5619; x_wconf 82' lang='grc' dir='ltr'>παραπλησίου</span> 
     </span>
    </p>
   </div>
   <div class='ocr_carea' id='block_1_59' title="bbox 170 5641 1734 5726">
    <p class='ocr_par' dir='ltr' id='par_1_59' title="bbox 170 5641 1734 5726">
     <span class='ocr_line' id='line_1_59' title="bbox 170 5641 1734 5726; baseline -0.012 -17"><span class='ocrx_word' id='word_1_422' title='bbox 170 5656 256 5726; x_wconf 66' lang='grc' dir='ltr'>τῷ</span> <span class='ocrx_word' id='word_1_423' title='bbox 289 5654 418 5724; x_wconf 86' lang='grc' dir='ltr'>παρ’</span> <span class='ocrx_word' id='word_1_424' title='bbox 456 5654 584 5721; x_wconf 78' lang='grc' dir='ltr'>ἡμῖν</span> <span class='ocrx_word' id='word_1_425' title='bbox 608 5669 621 5681; x_wconf 72' lang='grc'><strong><em>⁸</em></strong></span> <span class='ocrx_word' id='word_1_426' title='bbox 675 5649 828 5702; x_wconf 78' lang='grc' dir='ltr'>τοῦτο</span> <span class='ocrx_word' id='word_1_427' title='bbox 882 5646 986 5718; x_wconf 84' lang='grc' dir='ltr'>γὰρ</span> <span class='ocrx_word' id='word_1_428' title='bbox 1029 5641 1339 5712; x_wconf 78' lang='grc' dir='ltr'>φθαρτικὸν,</span> <span class='ocrx_word' id='word_1_429' title='bbox 1376 5641 1466 5693; x_wconf 73' lang='grc' dir='ltr'><strong>καὶ</strong></span> <span class='ocrx_word' id='word_1_430' title='bbox 1499 5641 1555 5693; x_wconf 87' lang='grc' dir='ltr'><strong>οὐ</strong></span> <span class='ocrx_word' id='word_1_431' title='bbox 1588 5658 1734 5711; x_wconf 63' lang='lat' dir='ltr'><strong>nap-</strong></span> 
     </span>
    </p>
   </div>
   <div class='ocr_carea' id='block_1_60' title="bbox 170 5748 338 5821">
    <p class='ocr_par' dir='ltr' id='par_1_60' title="bbox 170 5748 338 5821">
     <span class='ocr_line' id='line_1_60' title="bbox 170 5748 338 5821; baseline -0.006 -19"><span class='ocrx_word' id='word_1_432' title='bbox 170 5748 338 5821; x_wconf 62' lang='grc' dir='ltr'>φές.</span> 
     </span>
    </p>
   </div>
   <div class='ocr_carea' id='block_1_61' title="bbox 252 5898 709 5959">
    <p class='ocr_par' dir='ltr' id='par_1_61' title="bbox 252 5898 709 5959">
     <span class='ocr_line' id='line_1_61' title="bbox 252 5898 709 5959; baseline -0.015 0"><span class='ocrx_word' id='word_1_433' title='bbox 252 5906 298 5945; x_wconf 68' lang='grc' dir='ltr'>θ’</span> <span class='ocrx_word' id='word_1_434' title='bbox 331 5903 372 5959; x_wconf 80' lang='grc' dir='ltr'>Ῑ.</span> <span class='ocrx_word' id='word_1_435' title='bbox 409 5901 491 5955; x_wconf 76' lang='grc' dir='ltr'><strong>ἐπ’</strong></span> <span class='ocrx_word' id='word_1_436' title='bbox 529 5898 709 5954; x_wconf 72' lang='grc' dir='ltr'>αὑτοῦ.</span> 
     </span>
    </p>
   </div>
   <div class='ocr_carea' id='block_1_62' title="bbox 1791 705 2515 777">
    <p class='ocr_par' dir='ltr' id='par_1_62' title="bbox 1791 705 2515 777">
     <span class='ocr_line' id='line_1_62' title="bbox 1791 705 2515 777; baseline 0.003 -20"><span class='ocrx_word' id='word_1_437' title='bbox 1791 707 1931 759; x_wconf 88' lang='lat' dir='ltr'><strong>inter</strong></span> <span class='ocrx_word' id='word_1_438' title='bbox 1964 705 2515 777; x_wconf 18' lang='lat' dir='ltr'><strong>mundos’interjecta.</strong></span> 
     </span>
    </p>
   </div>
   <div class='ocr_carea' id='block_1_63' title="bbox 2436 815 2705 871">
    <p class='ocr_par' dir='ltr' id='par_1_63' title="bbox 2436 815 2705 871">
     <span class='ocr_line' id='line_1_63' title="bbox 2436 815 2705 871; baseline 0.011 -3"><span class='ocrx_word' id='word_1_439' title='bbox 2436 815 2506 869; x_wconf 85' lang='lat' dir='ltr'><strong>De</strong></span> <span class='ocrx_word' id='word_1_440' title='bbox 2534 816 2705 871; x_wconf 74' lang='lat' dir='ltr'><strong>stella.</strong></span> 
     </span>
    </p>
   </div>
   <div class='ocr_carea' id='block_1_64' title="bbox 1864 894 3342 976">
    <p class='ocr_par' dir='ltr' id='par_1_64' title="bbox 1864 894 3342 976">
     <span class='ocr_line' id='line_1_64' title="bbox 1864 894 3342 976; baseline 0.004 -20"><span class='ocrx_word' id='word_1_441' title='bbox 1864 906 1951 959; x_wconf 79' lang='lat' dir='ltr'><strong>to.</strong></span> <span class='ocrx_word' id='word_1_442' title='bbox 1988 902 2253 959; x_wconf 71' lang='lat' dir='ltr'><strong>Diodorus</strong></span> <span class='ocrx_word' id='word_1_443' title='bbox 2271 905 2481 960; x_wconf 94' lang='lat' dir='ltr'><strong>stellam</strong></span> <span class='ocrx_word' id='word_1_444' title='bbox 2506 905 2694 962; x_wconf 81' lang='lat' dir='ltr'><strong>deﬁnit</strong></span> <span class='ocrx_word' id='word_1_445' title='bbox 2719 894 2915 976; x_wconf 75' lang='lat' dir='ltr'><strong>corpus</strong></span> <span class='ocrx_word' id='word_1_446' title='bbox 2943 906 3203 973; x_wconf 86' lang='lat' dir='ltr'><strong>divinum,</strong></span> <span class='ocrx_word' id='word_1_447' title='bbox 3232 921 3342 962; x_wconf 71' lang='lat' dir='ltr'><strong>cm-</strong></span> 
     </span>
    </p>
   </div>
   <div class='ocr_carea' id='block_1_65' title="bbox 1795 989 3344 1069">
    <p class='ocr_par' dir='ltr' id='par_1_65' title="bbox 1795 989 3344 1069">
     <span class='ocr_line' id='line_1_65' title="bbox 1795 989 3344 1069; baseline 0.003 -20"><span class='ocrx_word' id='word_1_448' title='bbox 1795 998 1946 1062; x_wconf 86' lang='lat' dir='ltr'><strong>leste,</strong></span> <span class='ocrx_word' id='word_1_449' title='bbox 1977 989 2327 1067; x_wconf 72' lang='lat' dir='ltr'><strong>ejusdemque</strong></span> <span class='ocrx_word' id='word_1_450' title='bbox 2360 1009 2483 1051; x_wconf 87' lang='lat' dir='ltr'><strong>cum</strong></span> <span class='ocrx_word' id='word_1_451' title='bbox 2519 1011 2604 1062; x_wconf 90' lang='lat' dir='ltr'><strong>eo,</strong></span> <span class='ocrx_word' id='word_1_452' title='bbox 2629 998 2683 1051; x_wconf 90' lang='lat' dir='ltr'><strong>in</strong></span> <span class='ocrx_word' id='word_1_453' title='bbox 2716 1013 2824 1069; x_wconf 88' lang='lat' dir='ltr'><strong>quo</strong></span> <span class='ocrx_word' id='word_1_454' title='bbox 2860 1006 2943 1053; x_wconf 89' lang='lat' dir='ltr'><strong>est</strong></span> <span class='ocrx_word' id='word_1_455' title='bbox 2974 998 3113 1063; x_wconf 93' lang='lat' dir='ltr'><strong>loco,</strong></span> <span class='ocrx_word' id='word_1_456' title='bbox 3140 1007 3344 1053; x_wconf 75' lang='lat' dir='ltr'><strong>natura:</strong></span> 
     </span>
    </p>
   </div>
   <div class='ocr_carea' id='block_1_66' title="bbox 1798 1084 3346 1158">
    <p class='ocr_par' dir='ltr' id='par_1_66' title="bbox 1798 1084 3346 1158">
     <span class='ocr_line' id='line_1_66' title="bbox 1798 1084 3346 1158; baseline 0.002 -19"><span class='ocrx_word' id='word_1_457' title='bbox 1798 1087 2102 1157; x_wconf 78' lang='lat' dir='ltr'><strong>particeps,</strong></span> <span class='ocrx_word' id='word_1_458' title='bbox 2142 1084 2480 1156; x_wconf 87' lang='lat' dir='ltr'><strong>splendidum</strong></span> <span class='ocrx_word' id='word_1_459' title='bbox 2532 1100 2764 1158; x_wconf 88' lang='lat' dir='ltr'><strong>corpus,</strong></span> <span class='ocrx_word' id='word_1_460' title='bbox 2807 1102 2982 1156; x_wconf 88' lang='lat' dir='ltr'><strong>neque</strong></span> <span class='ocrx_word' id='word_1_461' title='bbox 3041 1087 3346 1143; x_wconf 79' lang='lat' dir='ltr'><strong>consistens</strong></span> 
     </span>
    </p>
   </div>
   <div class='ocr_carea' id='block_1_67' title="bbox 1798 1177 3348 1249">
    <p class='ocr_par' dir='ltr' id='par_1_67' title="bbox 1798 1177 3348 1249">
     <span class='ocr_line' id='line_1_67' title="bbox 1798 1177 3348 1249; baseline 0.002 -20"><span class='ocrx_word' id='word_1_462' title='bbox 1798 1193 2057 1246; x_wconf 83' lang='lat' dir='ltr'><strong>unquam,</strong></span> <span class='ocrx_word' id='word_1_463' title='bbox 2104 1178 2197 1233; x_wconf 91' lang='lat' dir='ltr'><strong>sed</strong></span> <span class='ocrx_word' id='word_1_464' title='bbox 2236 1179 2291 1231; x_wconf 87' lang='lat' dir='ltr'><strong>in</strong></span> <span class='ocrx_word' id='word_1_465' title='bbox 2331 1179 2518 1233; x_wconf 88' lang='lat' dir='ltr'><strong>orbem</strong></span> <span class='ocrx_word' id='word_1_466' title='bbox 2565 1193 2624 1234; x_wconf 88' lang='lat' dir='ltr'><strong>se</strong></span> <span class='ocrx_word' id='word_1_467' title='bbox 2668 1184 2927 1249; x_wconf 86' lang='lat' dir='ltr'><strong>perpetuo</strong></span> <span class='ocrx_word' id='word_1_468' title='bbox 2961 1194 3205 1234; x_wconf 87' lang='lat' dir='ltr'><strong>versans.</strong></span> <span class='ocrx_word' id='word_1_469' title='bbox 3256 1177 3348 1233; x_wconf 88' lang='lat' dir='ltr'><strong>Sic</strong></span> 
     </span>
    </p>
   </div>
   <div class='ocr_carea' id='block_1_68' title="bbox 1797 1267 3344 1325">
    <p class='ocr_par' dir='ltr' id='par_1_68' title="bbox 1797 1267 3344 1325">
     <span class='ocr_line' id='line_1_68' title="bbox 1797 1267 3344 1325; baseline 0.001 -3"><span class='ocrx_word' id='word_1_470' title='bbox 1797 1269 1961 1322; x_wconf 90' lang='lat' dir='ltr'><strong>etiam</strong></span> <span class='ocrx_word' id='word_1_471' title='bbox 1999 1267 2326 1325; x_wconf 88' lang='lat' dir='ltr'><strong>Posidonius</strong></span> <span class='ocrx_word' id='word_1_472' title='bbox 2368 1268 2585 1325; x_wconf 90' lang='lat' dir='ltr'><strong>Stoicus</strong></span> <span class='ocrx_word' id='word_1_473' title='bbox 2624 1276 2749 1325; x_wconf 89' lang='lat' dir='ltr'><strong>ante</strong></span> <span class='ocrx_word' id='word_1_474' title='bbox 2789 1270 3081 1325; x_wconf 88' lang='lat' dir='ltr'><strong>Diodorum</strong></span> <span class='ocrx_word' id='word_1_475' title='bbox 3120 1269 3344 1325; x_wconf 85' lang='lat' dir='ltr'><strong>deﬂniit.</strong></span> 
     </span>
    </p>
   </div>
   <div class='ocr_carea' id='block_1_69' title="bbox 1798 1357 3347 1428">
    <p class='ocr_par' dir='ltr' id='par_1_69' title="bbox 1798 1357 3347 1428">
     <span class='ocr_line' id='line_1_69' title="bbox 1798 1357 3347 1428; baseline 0.001 -18"><span class='ocrx_word' id='word_1_476' title='bbox 1798 1357 1953 1421; x_wconf 85' lang='lat' dir='ltr'><strong>Quod</strong></span> <span class='ocrx_word' id='word_1_477' title='bbox 1994 1366 2170 1411; x_wconf 91' lang='lat' dir='ltr'><strong>autem</strong></span> <span class='ocrx_word' id='word_1_478' title='bbox 2210 1359 2266 1411; x_wconf 92' lang='lat' dir='ltr'><strong>in</strong></span> <span class='ocrx_word' id='word_1_479' title='bbox 2306 1357 2617 1413; x_wconf 84' lang='lat' dir='ltr'><strong>deﬁnitione</strong></span> <span class='ocrx_word' id='word_1_480' title='bbox 2675 1368 2909 1428; x_wconf 72' lang='lat' dir='ltr'><strong>posrtum</strong></span> <span class='ocrx_word' id='word_1_481' title='bbox 2961 1367 3064 1421; x_wconf 91' lang='lat' dir='ltr'><strong>est,</strong></span> <span class='ocrx_word' id='word_1_482' title='bbox 3110 1376 3129 1409; x_wconf 76' lang='grc' dir='ltr'><strong>ι</strong></span> <span class='ocrx_word' id='word_1_483' title='bbox 3166 1372 3347 1428; x_wconf 83' lang='lat' dir='ltr'><strong>neque</strong></span> 
     </span>
    </p>
   </div>
   <div class='ocr_carea' id='block_1_70' title="bbox 1799 1447 3352 1516">
    <p class='ocr_par' dir='ltr' id='par_1_70' title="bbox 1799 1447 3352 1516">
     <span class='ocr_line' id='line_1_70' title="bbox 1799 1447 3352 1516; baseline 0.001 -17"><span class='ocrx_word' id='word_1_484' title='bbox 1799 1447 2105 1501; x_wconf 87' lang='lat' dir='ltr'><strong>consistens</strong></span> <span class='ocrx_word' id='word_1_485' title='bbox 2132 1462 2393 1516; x_wconf 82' lang='lat' dir='ltr'><strong>unquam,</strong></span> <span class='ocrx_word' id='word_1_486' title='bbox 2440 1466 2460 1498; x_wconf 73' lang='grc' dir='ltr'><strong>ι</strong></span> <span class='ocrx_word' id='word_1_487' title='bbox 2485 1447 2697 1502; x_wconf 90' lang='lat' dir='ltr'><strong>videtur</strong></span> <span class='ocrx_word' id='word_1_488' title='bbox 2727 1448 2795 1500; x_wconf 90' lang='lat' dir='ltr'><strong>ad</strong></span> <span class='ocrx_word' id='word_1_489' title='bbox 2831 1447 2978 1502; x_wconf 81' lang='lat' dir='ltr'><strong>solos</strong></span> <span class='ocrx_word' id='word_1_490' title='bbox 3000 1452 3241 1501; x_wconf 80' lang='lat' dir='ltr'><strong>errantes</strong></span> <span class='ocrx_word' id='word_1_491' title='bbox 3264 1460 3352 1501; x_wconf 86' lang='lat' dir='ltr'><strong>re—</strong></span> 
     </span>
    </p>
   </div>
   <div class='ocr_carea' id='block_1_71' title="bbox 1802 1536 3352 1617">
    <p class='ocr_par' dir='ltr' id='par_1_71' title="bbox 1802 1536 3352 1617">
     <span class='ocr_line' id='line_1_71' title="bbox 1802 1536 3352 1617; baseline -0.001 -25"><span class='ocrx_word' id='word_1_492' title='bbox 1802 1538 1957 1617; x_wconf 85' lang='lat' dir='ltr'><strong>ferri.</strong></span> <span class='ocrx_word' id='word_1_493' title='bbox 1986 1536 2183 1593; x_wconf 80' lang='lat' dir='ltr'><strong>Verum</strong></span> <span class='ocrx_word' id='word_1_494' title='bbox 2231 1538 2298 1593; x_wconf 87' lang='lat' dir='ltr'><strong>de</strong></span> <span class='ocrx_word' id='word_1_495' title='bbox 2337 1537 2469 1597; x_wconf 81' lang='lat' dir='ltr'><strong>.ﬁxis</strong></span> <span class='ocrx_word' id='word_1_496' title='bbox 2502 1553 2718 1608; x_wconf 88' lang='lat' dir='ltr'><strong>quoque</strong></span> <span class='ocrx_word' id='word_1_497' title='bbox 2755 1539 2927 1593; x_wconf 87' lang='lat' dir='ltr'><strong>stellis</strong></span> <span class='ocrx_word' id='word_1_498' title='bbox 2963 1538 3151 1594; x_wconf 89' lang='lat' dir='ltr'><strong>eodem</strong></span> <span class='ocrx_word' id='word_1_499' title='bbox 3188 1552 3352 1594; x_wconf 85' lang='lat' dir='ltr'><strong>sensu</strong></span> 
     </span>
    </p>
   </div>
   <div class='ocr_carea' id='block_1_72' title="bbox 1805 1627 3353 1700">
    <p class='ocr_par' dir='ltr' id='par_1_72' title="bbox 1805 1627 3353 1700">
     <span class='ocr_line' id='line_1_72' title="bbox 1805 1627 3353 1700; baseline -0.002 -14"><span class='ocrx_word' id='word_1_500' title='bbox 1805 1629 1965 1686; x_wconf 85' lang='lat' dir='ltr'><strong>debet</strong></span> <span class='ocrx_word' id='word_1_501' title='bbox 2001 1628 2198 1700; x_wconf 84' lang='lat' dir='ltr'><strong>accipi,</strong></span> <span class='ocrx_word' id='word_1_502' title='bbox 2240 1637 2429 1684; x_wconf 88' lang='lat' dir='ltr'><strong>contra</strong></span> <span class='ocrx_word' id='word_1_503' title='bbox 2472 1644 2634 1699; x_wconf 90' lang='lat' dir='ltr'><strong>quam</strong></span> <span class='ocrx_word' id='word_1_504' title='bbox 2684 1628 2761 1682; x_wconf 84' lang='lat' dir='ltr'><strong>illi</strong></span> <span class='ocrx_word' id='word_1_505' title='bbox 2815 1627 3046 1683; x_wconf 82' lang='lat' dir='ltr'><strong>fortasse</strong></span> <span class='ocrx_word' id='word_1_506' title='bbox 3087 1628 3353 1698; x_wconf 76' lang='lat' dir='ltr'><strong>iudicant,</strong></span> 
     </span>
    </p>
   </div>
   <div class='ocr_carea' id='block_1_73' title="bbox 1804 1720 3355 1795">
    <p class='ocr_par' dir='ltr' id='par_1_73' title="bbox 1804 1720 3355 1795">
     <span class='ocr_line' id='line_1_73' title="bbox 1804 1720 3355 1795; baseline -0.002 -16"><span class='ocrx_word' id='word_1_507' title='bbox 1804 1724 1896 1795; x_wconf 90' lang='lat' dir='ltr'><strong>qui</strong></span> <span class='ocrx_word' id='word_1_508' title='bbox 1926 1724 2130 1781; x_wconf 89' lang='lat' dir='ltr'><strong>dictum</strong></span> <span class='ocrx_word' id='word_1_509' title='bbox 2188 1722 2318 1777; x_wconf 90' lang='lat' dir='ltr'><strong>illud</strong></span> <span class='ocrx_word' id='word_1_510' title='bbox 2370 1729 2571 1777; x_wconf 86' lang='lat' dir='ltr'><strong>temere</strong></span> <span class='ocrx_word' id='word_1_511' title='bbox 2616 1720 3032 1790; x_wconf 85' lang='lat' dir='ltr'><strong>reprehendunt.</strong></span> <span class='ocrx_word' id='word_1_512' title='bbox 3077 1720 3355 1790; x_wconf 84' lang='lat' dir='ltr'><strong>Siquidem</strong></span> 
     </span>
    </p>
   </div>
   <div class='ocr_carea' id='block_1_74' title="bbox 1807 1811 3353 1882">
    <p class='ocr_par' dir='ltr' id='par_1_74' title="bbox 1807 1811 3353 1882">
     <span class='ocr_line' id='line_1_74' title="bbox 1807 1811 3353 1882; baseline -0.004 -12"><span class='ocrx_word' id='word_1_513' title='bbox 1807 1817 2113 1871; x_wconf 84' lang='lat' dir='ltr'><strong>inerrantes</strong></span> <span class='ocrx_word' id='word_1_514' title='bbox 2137 1814 2307 1870; x_wconf 60' lang='lat' dir='ltr'><strong>stella‘.</strong></span> <span class='ocrx_word' id='word_1_515' title='bbox 2329 1827 2607 1882; x_wconf 89' lang='lat' dir='ltr'><strong>nunquam</strong></span> <span class='ocrx_word' id='word_1_516' title='bbox 2637 1811 2859 1868; x_wconf 85' lang='lat' dir='ltr'><strong>omnino</strong></span> <span class='ocrx_word' id='word_1_517' title='bbox 2880 1812 3200 1882; x_wconf 90' lang='lat' dir='ltr'><strong>quiescunt;</strong></span> <span class='ocrx_word' id='word_1_518' title='bbox 3230 1826 3353 1866; x_wconf 87' lang='lat' dir='ltr'><strong>cum</strong></span> 
     </span>
    </p>
   </div>
   <div class='ocr_carea' id='block_1_75' title="bbox 1794 1901 3357 1974">
    <p class='ocr_par' dir='ltr' id='par_1_75' title="bbox 1794 1901 3357 1974">
     <span class='ocr_line' id='line_1_75' title="bbox 1794 1901 3357 1974; baseline -0.003 -15"><span class='ocrx_word' id='word_1_519' title='bbox 1794 1906 2025 1969; x_wconf 83' lang='lat' dir='ltr'><strong>assidua</strong></span> <span class='ocrx_word' id='word_1_520' title='bbox 2052 1903 2237 1959; x_wconf 90' lang='lat' dir='ltr'><strong>mundi</strong></span> <span class='ocrx_word' id='word_1_521' title='bbox 2264 1904 2556 1974; x_wconf 77' lang='lat' dir='ltr'><strong>agitatione</strong></span> <span class='ocrx_word' id='word_1_522' title='bbox 2580 1903 2892 1971; x_wconf 84' lang='lat' dir='ltr'><strong>rapiantur,</strong></span> <span class='ocrx_word' id='word_1_523' title='bbox 2918 1901 3021 1957; x_wconf 88' lang='lat' dir='ltr'><strong>etsi</strong></span> <span class='ocrx_word' id='word_1_524' title='bbox 3055 1901 3109 1954; x_wconf 92' lang='lat' dir='ltr'><strong>in</strong></span> <span class='ocrx_word' id='word_1_525' title='bbox 3145 1916 3208 1955; x_wconf 87' lang='lat' dir='ltr'><strong>co</strong></span> <span class='ocrx_word' id='word_1_526' title='bbox 3237 1916 3357 1971; x_wconf 82' lang='lat' dir='ltr'><strong>per-</strong></span> 
     </span>
    </p>
   </div>
   <div class='ocr_carea' id='block_1_76' title="bbox 1807 1990 3359 2054">
    <p class='ocr_par' dir='ltr' id='par_1_76' title="bbox 1807 1990 3359 2054">
     <span class='ocr_line' id='line_1_76' title="bbox 1807 1990 3359 2054; baseline -0.002 -5"><span class='ocrx_word' id='word_1_527' title='bbox 1807 2005 2080 2050; x_wconf 85' lang='lat' dir='ltr'><strong>maneant.</strong></span> <span class='ocrx_word' id='word_1_528' title='bbox 2135 1992 2343 2048; x_wconf 83' lang='lat' dir='ltr'><strong>Etenim</strong></span> <span class='ocrx_word' id='word_1_529' title='bbox 2394 1992 2671 2054; x_wconf 88' lang='lat' dir='ltr'><strong>stellarum</strong></span> <span class='ocrx_word' id='word_1_530' title='bbox 2722 1993 2840 2046; x_wconf 68' lang='lat' dir='ltr'><strong>alia:</strong></span> <span class='ocrx_word' id='word_1_531' title='bbox 2892 1992 2947 2046; x_wconf 85' lang='lat' dir='ltr'><strong>in</strong></span> <span class='ocrx_word' id='word_1_532' title='bbox 2994 1991 3129 2047; x_wconf 74' lang='lat' dir='ltr'><strong>cmlo</strong></span> <span class='ocrx_word' id='word_1_533' title='bbox 3176 1990 3359 2047; x_wconf 65' lang='lat' dir='ltr'><strong>deﬁxae</strong></span> 
     </span>
    </p>
   </div>
   <div class='ocr_carea' id='block_1_77' title="bbox 1809 2085 3361 2150">
    <p class='ocr_par' dir='ltr' id='par_1_77' title="bbox 1809 2085 3361 2150">
     <span class='ocr_line' id='line_1_77' title="bbox 1809 2085 3361 2150; baseline -0.003 -8"><span class='ocrx_word' id='word_1_534' title='bbox 1809 2089 2111 2142; x_wconf 87' lang='lat' dir='ltr'><strong>inerrantes</strong></span> <span class='ocrx_word' id='word_1_535' title='bbox 2148 2093 2411 2141; x_wconf 83' lang='lat' dir='ltr'><strong>vocantur</strong></span> <span class='ocrx_word' id='word_1_536' title='bbox 2431 2126 2445 2150; x_wconf 91' lang='lat'><strong>,</strong></span> <span class='ocrx_word' id='word_1_537' title='bbox 2470 2085 2588 2139; x_wconf 63' lang='lat' dir='ltr'><strong>alia:</strong></span> <span class='ocrx_word' id='word_1_538' title='bbox 2633 2100 2663 2139; x_wconf 91' lang='lat' dir='ltr'><strong>e</strong></span> <span class='ocrx_word' id='word_1_539' title='bbox 2690 2085 2966 2138; x_wconf 89' lang='lat' dir='ltr'><strong>contrario</strong></span> <span class='ocrx_word' id='word_1_540' title='bbox 3001 2091 3277 2139; x_wconf 87' lang='lat' dir='ltr'><strong>moventes</strong></span> <span class='ocrx_word' id='word_1_541' title='bbox 3304 2099 3361 2138; x_wconf 86' lang='lat' dir='ltr'><strong>se</strong></span> 
     </span>
    </p>
   </div>
   <div class='ocr_carea' id='block_1_78' title="bbox 1810 2174 3363 2250">
    <p class='ocr_par' dir='ltr' id='par_1_78' title="bbox 1810 2174 3363 2250">
     <span class='ocr_line' id='line_1_78' title="bbox 1810 2174 3363 2250; baseline -0.005 -17"><span class='ocrx_word' id='word_1_542' title='bbox 1810 2180 2039 2250; x_wconf 68' lang='lat' dir='ltr'><strong>planetae</strong></span> <span class='ocrx_word' id='word_1_543' title='bbox 2068 2179 2439 2233; x_wconf 86' lang='lat' dir='ltr'><strong>nominantur.</strong></span> <span class='ocrx_word' id='word_1_544' title='bbox 2475 2176 2542 2231; x_wconf 83' lang='lat' dir='ltr'><strong>Hi</strong></span> <span class='ocrx_word' id='word_1_545' title='bbox 2570 2184 2696 2231; x_wconf 87' lang='lat' dir='ltr'><strong>sunt</strong></span> <span class='ocrx_word' id='word_1_546' title='bbox 2725 2189 2953 2241; x_wconf 87' lang='lat' dir='ltr'><strong>numero</strong></span> <span class='ocrx_word' id='word_1_547' title='bbox 2993 2181 3221 2245; x_wconf 81' lang='lat' dir='ltr'><strong>septem,</strong></span> <span class='ocrx_word' id='word_1_548' title='bbox 3268 2174 3363 2243; x_wconf 90' lang='lat' dir='ltr'><strong>qui</strong></span> 
     </span>
    </p>
   </div>
   <div class='ocr_carea' id='block_1_79' title="bbox 1813 2257 3363 2339">
    <p class='ocr_par' dir='ltr' id='par_1_79' title="bbox 1813 2257 3363 2339">
     <span class='ocr_line' id='line_1_79' title="bbox 1813 2257 3363 2339; baseline -0.008 -13"><span class='ocrx_word' id='word_1_549' title='bbox 1813 2271 1952 2326; x_wconf 73' lang='lat' dir='ltr'><strong>intra</strong></span> <span class='ocrx_word' id='word_1_550' title='bbox 1998 2271 2220 2333; x_wconf 72' lang='lat' dir='ltr'><strong>omium,</strong></span> <span class='ocrx_word' id='word_1_551' title='bbox 2252 2276 2415 2339; x_wconf 87' lang='lat' dir='ltr'><strong>atque</strong></span> <span class='ocrx_word' id='word_1_552' title='bbox 2439 2257 2639 2324; x_wconf 58' lang='grc' dir='ltr'>παίει-α</span> <span class='ocrx_word' id='word_1_553' title='bbox 2673 2265 2988 2321; x_wconf 88' lang='lat' dir='ltr'><strong>circumacti</strong></span> <span class='ocrx_word' id='word_1_554' title='bbox 3031 2263 3363 2319; x_wconf 83' lang='lat' dir='ltr'><strong>contrarium</strong></span> 
     </span>
    </p>
   </div>
   <div class='ocr_carea' id='block_1_80' title="bbox 1812 2353 3365 2425">
    <p class='ocr_par' dir='ltr' id='par_1_80' title="bbox 1812 2353 3365 2425">
     <span class='ocr_line' id='line_1_80' title="bbox 1812 2353 3365 2425; baseline -0.007 -8"><span class='ocrx_word' id='word_1_555' title='bbox 1812 2360 1999 2417; x_wconf 89' lang='lat' dir='ltr'><strong>mundi</strong></span> <span class='ocrx_word' id='word_1_556' title='bbox 2026 2359 2503 2416; x_wconf 90' lang='lat' dir='ltr'><strong>circumvolutioni</strong></span> <span class='ocrx_word' id='word_1_557' title='bbox 2547 2358 2651 2413; x_wconf 86' lang='lat' dir='ltr'><strong>iter</strong></span> <span class='ocrx_word' id='word_1_558' title='bbox 2678 2356 2977 2413; x_wconf 83' lang='lat' dir='ltr'><strong>insistunt:</strong></span> <span class='ocrx_word' id='word_1_559' title='bbox 3016 2353 3365 2425; x_wconf 87' lang='lat' dir='ltr'><strong>quemadmo-</strong></span> 
     </span>
    </p>
   </div>
   <div class='ocr_carea' id='block_1_81' title="bbox 1813 2449 3357 2520">
    <p class='ocr_par' dir='ltr' id='par_1_81' title="bbox 1813 2449 3357 2520">
     <span class='ocr_line' id='line_1_81' title="bbox 1813 2449 3357 2520; baseline -0.007 -14"><span class='ocrx_word' id='word_1_560' title='bbox 1813 2452 1939 2506; x_wconf 91' lang='lat' dir='ltr'><strong>dum</strong></span> <span class='ocrx_word' id='word_1_561' title='bbox 1956 2451 2002 2505; x_wconf 88' lang='lat' dir='ltr'><strong>si</strong></span> <span class='ocrx_word' id='word_1_562' title='bbox 2018 2450 2141 2505; x_wconf 89' lang='lat' dir='ltr'><strong>navi</strong></span> <span class='ocrx_word' id='word_1_563' title='bbox 2162 2450 2228 2506; x_wconf 89' lang='lat' dir='ltr'><strong>ad</strong></span> <span class='ocrx_word' id='word_1_564' title='bbox 2257 2449 2561 2520; x_wconf 89' lang='lat' dir='ltr'><strong>aquilonem</strong></span> <span class='ocrx_word' id='word_1_565' title='bbox 2577 2449 2762 2511; x_wconf 87' lang='lat' dir='ltr'><strong>citata,</strong></span> <span class='ocrx_word' id='word_1_566' title='bbox 2778 2452 2961 2501; x_wconf 89' lang='lat' dir='ltr'><strong>vector</strong></span> <span class='ocrx_word' id='word_1_567' title='bbox 2977 2451 3219 2499; x_wconf 90' lang='lat' dir='ltr'><strong>austrum</strong></span> <span class='ocrx_word' id='word_1_568' title='bbox 3236 2456 3357 2497; x_wconf 83' lang='lat' dir='ltr'><strong>ver-</strong></span> 
     </span>
    </p>
   </div>
   <div class='ocr_carea' id='block_1_82' title="bbox 1815 2532 3367 2602">
    <p class='ocr_par' dir='ltr' id='par_1_82' title="bbox 1815 2532 3367 2602">
     <span class='ocr_line' id='line_1_82' title="bbox 1815 2532 3367 2602; baseline -0.006 -5"><span class='ocrx_word' id='word_1_569' title='bbox 1815 2557 1909 2599; x_wconf 86' lang='lat' dir='ltr'><strong>sus</strong></span> <span class='ocrx_word' id='word_1_570' title='bbox 1936 2541 2212 2596; x_wconf 85' lang='lat' dir='ltr'><strong>in&#39;eadem</strong></span> <span class='ocrx_word' id='word_1_571' title='bbox 2246 2555 2366 2595; x_wconf 84' lang='lat' dir='ltr'><strong>sese</strong></span> <span class='ocrx_word' id='word_1_572' title='bbox 2403 2546 2635 2594; x_wconf 82' lang='lat' dir='ltr'><strong>moveat.</strong></span> <span class='ocrx_word' id='word_1_573' title='bbox 2669 2535 2878 2591; x_wconf 80' lang='lat' dir='ltr'><strong>Habent</strong></span> <span class='ocrx_word' id='word_1_574' title='bbox 2916 2541 3099 2588; x_wconf 87' lang='lat' dir='ltr'><strong>autem</strong></span> <span class='ocrx_word' id='word_1_575' title='bbox 3138 2532 3367 2602; x_wconf 76' lang='lat' dir='ltr'><strong>planetae</strong></span> 
     </span>
    </p>
   </div>
   <div class='ocr_carea' id='block_1_83' title="bbox 1814 2624 3416 2702">
    <p class='ocr_par' dir='ltr' id='par_1_83' title="bbox 1814 2624 3416 2702">
     <span class='ocr_line' id='line_1_83' title="bbox 1814 2624 3416 2702; baseline -0.006 -15"><span class='ocrx_word' id='word_1_576' title='bbox 1814 2642 1995 2689; x_wconf 89' lang='lat' dir='ltr'><strong>motus</strong></span> <span class='ocrx_word' id='word_1_577' title='bbox 2025 2632 2289 2702; x_wconf 85' lang='lat' dir='ltr'><strong>duplices,</strong></span> <span class='ocrx_word' id='word_1_578' title='bbox 2324 2628 2654 2685; x_wconf 88' lang='lat' dir='ltr'><strong>mundanum</strong></span> <span class='ocrx_word' id='word_1_579' title='bbox 2678 2636 2735 2683; x_wconf 92' lang='lat' dir='ltr'><strong>et</strong></span> <span class='ocrx_word' id='word_1_580' title='bbox 2759 2629 3057 2698; x_wconf 88' lang='lat' dir='ltr'><strong>proprium.</strong></span> <span class='ocrx_word' id='word_1_581' title='bbox 3086 2624 3210 2680; x_wconf 83' lang='lat' dir='ltr'><strong>Ideo</strong></span> <span class='ocrx_word' id='word_1_582' title='bbox 3241 2640 3367 2679; x_wconf 90' lang='lat' dir='ltr'><strong>cum</strong></span> <span class='ocrx_word' id='word_1_583' title='bbox 3411 2674 3416 2679; x_wconf 86' lang='lat'>_</span> 
     </span>
    </p>
   </div>
   <div class='ocr_carea' id='block_1_84' title="bbox 1817 2718 3369 2792">
    <p class='ocr_par' dir='ltr' id='par_1_84' title="bbox 1817 2718 3369 2792">
     <span class='ocr_line' id='line_1_84' title="bbox 1817 2718 3369 2792; baseline -0.007 -13"><span class='ocrx_word' id='word_1_584' title='bbox 1817 2726 1938 2780; x_wconf 89' lang='lat' dir='ltr'><strong>lixis</strong></span> <span class='ocrx_word' id='word_1_585' title='bbox 1962 2730 2285 2792; x_wconf 73' lang='lat' dir='ltr'><strong>comparatae</strong></span> <span class='ocrx_word' id='word_1_586' title='bbox 2316 2720 2484 2776; x_wconf 72' lang='lat' dir='ltr'><strong>stella:</strong></span> <span class='ocrx_word' id='word_1_587' title='bbox 2511 2721 2629 2774; x_wconf 65' lang='lat' dir='ltr'><strong>ista:</strong></span> <span class='ocrx_word' id='word_1_588' title='bbox 2655 2718 2913 2789; x_wconf 69' lang='lat' dir='ltr'><strong>planetae,</strong></span> <span class='ocrx_word' id='word_1_589' title='bbox 2945 2718 3047 2772; x_wconf 88' lang='lat' dir='ltr'><strong>hoc</strong></span> <span class='ocrx_word' id='word_1_590' title='bbox 3075 2723 3158 2771; x_wconf 89' lang='lat' dir='ltr'><strong>est</strong></span> <span class='ocrx_word' id='word_1_591' title='bbox 3181 2728 3369 2770; x_wconf 88' lang='lat' dir='ltr'><strong>erran-</strong></span> 
     </span>
    </p>
   </div>
   <div class='ocr_carea' id='block_1_85' title="bbox 1818 2803 3370 2884">
    <p class='ocr_par' dir='ltr' id='par_1_85' title="bbox 1818 2803 3370 2884">
     <span class='ocr_line' id='line_1_85' title="bbox 1818 2803 3370 2884; baseline -0.008 -14"><span class='ocrx_word' id='word_1_592' title='bbox 1818 2824 1899 2870; x_wconf 93' lang='lat' dir='ltr'><strong>tes</strong></span> <span class='ocrx_word' id='word_1_593' title='bbox 1929 2813 2205 2884; x_wconf 68' lang='lat' dir='ltr'><strong>appellatze</strong></span> <span class='ocrx_word' id='word_1_594' title='bbox 2232 2818 2391 2875; x_wconf 90' lang='lat' dir='ltr'><strong>sunt;</strong></span> <span class='ocrx_word' id='word_1_595' title='bbox 2419 2809 2503 2864; x_wconf 86' lang='lat' dir='ltr'><strong>vel</strong></span> <span class='ocrx_word' id='word_1_596' title='bbox 2533 2808 2677 2879; x_wconf 89' lang='lat' dir='ltr'><strong>quod</strong></span> <span class='ocrx_word' id='word_1_597' title='bbox 2703 2820 2942 2865; x_wconf 87' lang='lat' dir='ltr'><strong>errorem</strong></span> <span class='ocrx_word' id='word_1_598' title='bbox 2958 2806 3134 2862; x_wconf 79' lang='lat' dir='ltr'><strong>oculis</strong></span> <span class='ocrx_word' id='word_1_599' title='bbox 3167 2803 3370 2859; x_wconf 85' lang='lat' dir='ltr'><strong>nostris</strong></span> 
     </span>
    </p>
   </div>
   <div class='ocr_carea' id='block_1_86' title="bbox 1818 2898 3373 2975">
    <p class='ocr_par' dir='ltr' id='par_1_86' title="bbox 1818 2898 3373 2975">
     <span class='ocr_line' id='line_1_86' title="bbox 1818 2898 3373 2975; baseline -0.008 -16"><span class='ocrx_word' id='word_1_600' title='bbox 1818 2905 2100 2975; x_wconf 85' lang='lat' dir='ltr'><strong>objiciunt.</strong></span> <span class='ocrx_word' id='word_1_601' title='bbox 2134 2899 2269 2956; x_wconf 81' lang='lat' dir='ltr'><strong>Nam</strong></span> <span class='ocrx_word' id='word_1_602' title='bbox 2294 2908 2349 2957; x_wconf 92' lang='lat' dir='ltr'><strong>et</strong></span> <span class='ocrx_word' id='word_1_603' title='bbox 2370 2899 2600 2969; x_wconf 64' lang='lat' dir='ltr'><strong>obliquae</strong></span> <span class='ocrx_word' id='word_1_604' title='bbox 2627 2898 2876 2953; x_wconf 83' lang='lat' dir='ltr'><strong>feruntur</strong></span> <span class='ocrx_word' id='word_1_605' title='bbox 2896 2936 2911 2962; x_wconf 89' lang='lat'><strong>,</strong></span> <span class='ocrx_word' id='word_1_606' title='bbox 2938 2906 2991 2953; x_wconf 90' lang='lat' dir='ltr'><strong>et</strong></span> <span class='ocrx_word' id='word_1_607' title='bbox 3024 2903 3169 2951; x_wconf 89' lang='lat' dir='ltr'><strong>retro</strong></span> <span class='ocrx_word' id='word_1_608' title='bbox 3199 2907 3373 2964; x_wconf 79' lang='lat' dir='ltr'><strong>agun-</strong></span> 
     </span>
    </p>
   </div>
   <div class='ocr_carea' id='block_1_87' title="bbox 1821 2986 3424 3062">
    <p class='ocr_par' dir='ltr' id='par_1_87' title="bbox 1821 2986 3424 3062">
     <span class='ocr_line' id='line_1_87' title="bbox 1821 2986 3424 3062; baseline -0.005 -13"><span class='ocrx_word' id='word_1_609' title='bbox 1821 3004 1910 3050; x_wconf 87' lang='lat' dir='ltr'><strong>tur</strong></span> <span class='ocrx_word' id='word_1_610' title='bbox 1930 2994 2225 3049; x_wconf 87' lang='lat' dir='ltr'><strong>interdum.</strong></span> <span class='ocrx_word' id='word_1_611' title='bbox 2255 2992 2405 3047; x_wconf 79' lang='lat' dir='ltr'><strong>Alias</strong></span> <span class='ocrx_word' id='word_1_612' title='bbox 2443 2990 2860 3062; x_wconf 88' lang='lat' dir='ltr'><strong>progrediuntur</strong></span> <span class='ocrx_word' id='word_1_613' title='bbox 2898 2988 3143 3045; x_wconf 89' lang='lat' dir='ltr'><strong>ulterius.</strong></span> <span class='ocrx_word' id='word_1_614' title='bbox 3174 2986 3271 3041; x_wconf 77' lang='lat' dir='ltr'><strong>Vel</strong></span> <span class='ocrx_word' id='word_1_615' title='bbox 3302 3000 3371 3041; x_wconf 72' lang='lat' dir='ltr'><strong>an</strong></span> <span class='ocrx_word' id='word_1_616' title='bbox 3421 2991 3424 2995; x_wconf 78' lang='grc'>’</span> 
     </span>
    </p>
   </div>
   <div class='ocr_carea' id='block_1_88' title="bbox 1820 3077 3373 3154">
    <p class='ocr_par' dir='ltr' id='par_1_88' title="bbox 1820 3077 3373 3154">
     <span class='ocr_line' id='line_1_88' title="bbox 1820 3077 3373 3154; baseline -0.006 -14"><span class='ocrx_word' id='word_1_617' title='bbox 1820 3084 2050 3154; x_wconf 84' lang='lat' dir='ltr'><strong>ecquod</strong></span> <span class='ocrx_word' id='word_1_618' title='bbox 2087 3090 2271 3139; x_wconf 88' lang='lat' dir='ltr'><strong>errent</strong></span> <span class='ocrx_word' id='word_1_619' title='bbox 2314 3082 2465 3152; x_wconf 58' lang='lat' dir='ltr'><strong>ipsae,</strong></span> <span class='ocrx_word' id='word_1_620' title='bbox 2508 3096 2609 3137; x_wconf 83' lang='lat' dir='ltr'><strong>nec</strong></span> <span class='ocrx_word' id='word_1_621' title='bbox 2644 3081 2895 3136; x_wconf 88' lang='lat' dir='ltr'><strong>eumdem</strong></span> <span class='ocrx_word' id='word_1_622' title='bbox 2935 3093 3055 3134; x_wconf 90' lang='lat' dir='ltr'><strong>cum</strong></span> <span class='ocrx_word' id='word_1_623' title='bbox 3099 3077 3222 3133; x_wconf 80' lang='lat' dir='ltr'><strong>lixis</strong></span> <span class='ocrx_word' id='word_1_624' title='bbox 3246 3091 3373 3132; x_wconf 83' lang='lat' dir='ltr'><strong>cur-</strong></span> 
     </span>
    </p>
   </div>
   <div class='ocr_carea' id='block_1_89' title="bbox 1822 3169 3371 3239">
    <p class='ocr_par' dir='ltr' id='par_1_89' title="bbox 1822 3169 3371 3239">
     <span class='ocr_line' id='line_1_89' title="bbox 1822 3169 3371 3239; baseline -0.003 -9"><span class='ocrx_word' id='word_1_625' title='bbox 1822 3189 1944 3230; x_wconf 90' lang='lat' dir='ltr'><strong>sum</strong></span> <span class='ocrx_word' id='word_1_626' title='bbox 1972 3180 2212 3229; x_wconf 86' lang='lat' dir='ltr'><strong>teneant.</strong></span> <span class='ocrx_word' id='word_1_627' title='bbox 2235 3171 2371 3226; x_wconf 83' lang='lat' dir='ltr'><strong>Hinc</strong></span> <span class='ocrx_word' id='word_1_628' title='bbox 2388 3170 2587 3226; x_wconf 84' lang='lat' dir='ltr'><strong>Aratus</strong></span> <span class='ocrx_word' id='word_1_629' title='bbox 2618 3170 2721 3225; x_wconf 89' lang='lat' dir='ltr'><strong>iter</strong></span> <span class='ocrx_word' id='word_1_630' title='bbox 2741 3170 2893 3234; x_wconf 89' lang='lat' dir='ltr'><strong>solis,</strong></span> <span class='ocrx_word' id='word_1_631' title='bbox 2926 3185 3019 3239; x_wconf 90' lang='lat' dir='ltr'><strong>per</strong></span> <span class='ocrx_word' id='word_1_632' title='bbox 3038 3169 3181 3239; x_wconf 85' lang='lat' dir='ltr'><strong>quod</strong></span> <span class='ocrx_word' id='word_1_633' title='bbox 3208 3178 3371 3232; x_wconf 80' lang='lat' dir='ltr'><strong>meat,</strong></span> 
     </span>
    </p>
   </div>
   <div class='ocr_carea' id='block_1_90' title="bbox 1744 3259 2834 3340">
    <p class='ocr_par' dir='ltr' id='par_1_90' title="bbox 1744 3259 2834 3340">
     <span class='ocr_line' id='line_1_90' title="bbox 1744 3259 2834 3340; baseline -0.007 -20"><span class='ocrx_word' id='word_1_634' title='bbox 1744 3283 1788 3340; x_wconf 70' lang='grc' dir='ltr'><strong><em>ε</em></strong></span> <span class='ocrx_word' id='word_1_635' title='bbox 1821 3277 2059 3319; x_wconf 88' lang='lat' dir='ltr'><strong>errorem</strong></span> <span class='ocrx_word' id='word_1_636' title='bbox 2097 3268 2150 3316; x_wconf 90' lang='lat' dir='ltr'><strong>et</strong></span> <span class='ocrx_word' id='word_1_637' title='bbox 2178 3260 2515 3331; x_wconf 82' lang='lat' dir='ltr'><strong>vagationcm</strong></span> <span class='ocrx_word' id='word_1_638' title='bbox 2544 3259 2790 3313; x_wconf 86' lang='lat' dir='ltr'><strong>nominat</strong></span> <span class='ocrx_word' id='word_1_639' title='bbox 2821 3278 2834 3311; x_wconf 92' lang='lat'><strong>:</strong></span> 
     </span>
    </p>
   </div>
   <div class='ocr_carea' id='block_1_91' title="bbox 2015 3369 3063 3439">
    <p class='ocr_par' dir='ltr' id='par_1_91' title="bbox 2015 3369 3063 3439">
     <span class='ocr_line' id='line_1_91' title="bbox 2015 3369 3063 3439; baseline -0.005 -14"><span class='ocrx_word' id='word_1_640' title='bbox 2015 3371 2118 3426; x_wconf 82' lang='lat' dir='ltr'><strong>Per</strong></span> <span class='ocrx_word' id='word_1_641' title='bbox 2148 3372 2357 3425; x_wconf 84' lang='lat' dir='ltr'><strong>boream</strong></span> <span class='ocrx_word' id='word_1_642' title='bbox 2388 3379 2438 3423; x_wconf 77' lang='lat' dir='ltr'><strong>et</strong></span> <span class='ocrx_word' id='word_1_643' title='bbox 2462 3369 2588 3424; x_wconf 72' lang='lat' dir='ltr'><strong>satis</strong></span> <span class='ocrx_word' id='word_1_644' title='bbox 2615 3370 2989 3439; x_wconf 81' lang='lat' dir='ltr'><strong>evagationem.</strong></span> <span class='ocrx_word' id='word_1_645' title='bbox 3050 3369 3063 3379; x_wconf 83' lang='lat'><em>&#39;</em></span> 
     </span>
    </p>
   </div>
   <div class='ocr_carea' id='block_1_92' title="bbox 1828 3458 3373 3533">
    <p class='ocr_par' dir='ltr' id='par_1_92' title="bbox 1828 3458 3373 3533">
     <span class='ocr_line' id='line_1_92' title="bbox 1828 3458 3373 3533; baseline -0.004 -16"><span class='ocrx_word' id='word_1_646' title='bbox 1828 3466 1893 3517; x_wconf 87' lang='lat' dir='ltr'><strong>At</strong></span> <span class='ocrx_word' id='word_1_647' title='bbox 1942 3461 2262 3533; x_wconf 80' lang='lat' dir='ltr'><strong>Pythagorei</strong></span> <span class='ocrx_word' id='word_1_648' title='bbox 2306 3474 2415 3513; x_wconf 92' lang='lat' dir='ltr'><strong>non</strong></span> <span class='ocrx_word' id='word_1_649' title='bbox 2472 3458 2647 3514; x_wconf 89' lang='lat' dir='ltr'><strong>solum</strong></span> <span class='ocrx_word' id='word_1_650' title='bbox 2705 3459 2936 3529; x_wconf 82' lang='lat' dir='ltr'><strong>planetis</strong></span> <span class='ocrx_word' id='word_1_651' title='bbox 2988 3466 3191 3513; x_wconf 88' lang='lat' dir='ltr'><strong>motum</strong></span> <span class='ocrx_word' id='word_1_652' title='bbox 3244 3474 3373 3529; x_wconf 72' lang='lat' dir='ltr'><strong>pro-</strong></span> 
     </span>
    </p>
   </div>
   <div class='ocr_carea' id='block_1_93' title="bbox 1828 3549 3373 3624">
    <p class='ocr_par' dir='ltr' id='par_1_93' title="bbox 1828 3549 3373 3624">
     <span class='ocr_line' id='line_1_93' title="bbox 1828 3549 3373 3624; baseline -0.003 -17"><span class='ocrx_word' id='word_1_653' title='bbox 1828 3555 2006 3624; x_wconf 91' lang='lat' dir='ltr'><strong>prium</strong></span> <span class='ocrx_word' id='word_1_654' title='bbox 2040 3552 2339 3615; x_wconf 88' lang='lat' dir='ltr'><strong>ascribunt,</strong></span> <span class='ocrx_word' id='word_1_655' title='bbox 2374 3550 2469 3605; x_wconf 89' lang='lat' dir='ltr'><strong>sed</strong></span> <span class='ocrx_word' id='word_1_656' title='bbox 2508 3550 2673 3605; x_wconf 87' lang='lat' dir='ltr'><strong>etiam</strong></span> <span class='ocrx_word' id='word_1_657' title='bbox 2702 3551 3088 3609; x_wconf 87' lang='lat' dir='ltr'><strong>inerrantibus.</strong></span> <span class='ocrx_word' id='word_1_658' title='bbox 3121 3549 3266 3616; x_wconf 88' lang='lat' dir='ltr'><strong>Quas</strong></span> <span class='ocrx_word' id='word_1_659' title='bbox 3302 3551 3373 3605; x_wconf 79' lang='lat' dir='ltr'><strong>ita</strong></span> 
     </span>
    </p>
   </div>
   <div class='ocr_carea' id='block_1_94' title="bbox 1828 3641 3377 3711">
    <p class='ocr_par' dir='ltr' id='par_1_94' title="bbox 1828 3641 3377 3711">
     <span class='ocr_line' id='line_1_94' title="bbox 1828 3641 3377 3711; baseline -0.002 -13"><span class='ocrx_word' id='word_1_660' title='bbox 1828 3644 1961 3699; x_wconf 84' lang='lat' dir='ltr'><strong>cieri</strong></span> <span class='ocrx_word' id='word_1_661' title='bbox 2003 3644 2217 3708; x_wconf 87' lang='lat' dir='ltr'><strong>volunt,</strong></span> <span class='ocrx_word' id='word_1_662' title='bbox 2242 3650 2296 3695; x_wconf 88' lang='lat' dir='ltr'><strong>et</strong></span> <span class='ocrx_word' id='word_1_663' title='bbox 2321 3655 2526 3695; x_wconf 76' lang='lat' dir='ltr'><strong>circum</strong></span> <span class='ocrx_word' id='word_1_664' title='bbox 2555 3642 2741 3697; x_wconf 85' lang='lat' dir='ltr'><strong>orbem</strong></span> <span class='ocrx_word' id='word_1_665' title='bbox 2776 3656 2931 3696; x_wconf 91' lang='lat' dir='ltr'><strong>suum</strong></span> <span class='ocrx_word' id='word_1_666' title='bbox 2961 3641 3174 3711; x_wconf 87' lang='lat' dir='ltr'><strong>agitari,</strong></span> <span class='ocrx_word' id='word_1_667' title='bbox 3217 3648 3276 3695; x_wconf 90' lang='lat' dir='ltr'><strong>ut</strong></span> <span class='ocrx_word' id='word_1_668' title='bbox 3309 3657 3377 3695; x_wconf 91' lang='lat' dir='ltr'><strong>ne</strong></span> 
     </span>
    </p>
   </div>
   <div class='ocr_carea' id='block_1_95' title="bbox 1830 3733 3376 3809">
    <p class='ocr_par' dir='ltr' id='par_1_95' title="bbox 1830 3733 3376 3809">
     <span class='ocr_line' id='line_1_95' title="bbox 1830 3733 3376 3809; baseline -0.001 -18"><span class='ocrx_word' id='word_1_669' title='bbox 1830 3737 1937 3809; x_wconf 82' lang='lat'><strong>79</strong></span> <span class='ocrx_word' id='word_1_670' title='bbox 1966 3737 2070 3791; x_wconf 90' lang='lat' dir='ltr'><strong>alio</strong></span> <span class='ocrx_word' id='word_1_671' title='bbox 2100 3734 2333 3790; x_wconf 82' lang='lat' dir='ltr'><strong>mundus</strong></span> <span class='ocrx_word' id='word_1_672' title='bbox 2369 3734 2603 3800; x_wconf 88' lang='lat' dir='ltr'><strong>recedat,</strong></span> <span class='ocrx_word' id='word_1_673' title='bbox 2621 3734 2714 3790; x_wconf 89' lang='lat' dir='ltr'><strong>sed</strong></span> <span class='ocrx_word' id='word_1_674' title='bbox 2740 3734 2944 3789; x_wconf 90' lang='lat' dir='ltr'><strong>circum</strong></span> <span class='ocrx_word' id='word_1_675' title='bbox 2978 3733 3114 3788; x_wconf 90' lang='lat' dir='ltr'><strong>idem</strong></span> <span class='ocrx_word' id='word_1_676' title='bbox 3144 3735 3376 3805; x_wconf 88' lang='lat' dir='ltr'><strong>spatium</strong></span> 
     </span>
    </p>
   </div>
   <div class='ocr_carea' id='block_1_96' title="bbox 1831 3829 2375 3885">
    <p class='ocr_par' dir='ltr' id='par_1_96' title="bbox 1831 3829 2375 3885">
     <span class='ocr_line' id='line_1_96' title="bbox 1831 3829 2375 3885; baseline -0.009 1"><span class='ocrx_word' id='word_1_677' title='bbox 1831 3829 2049 3885; x_wconf 83' lang='lat' dir='ltr'><strong>assidue</strong></span> <span class='ocrx_word' id='word_1_678' title='bbox 2074 3835 2375 3884; x_wconf 82' lang='lat' dir='ltr'><strong>moveatur.</strong></span> 
     </span>
    </p>
   </div>
   <div class='ocr_carea' id='block_1_97' title="bbox 2205 4004 2977 4072">
    <p class='ocr_par' dir='ltr' id='par_1_97' title="bbox 2205 4004 2977 4072">
     <span class='ocr_line' id='line_1_97' title="bbox 2205 4004 2977 4072; baseline -0.004 -15"><span class='ocrx_word' id='word_1_679' title='bbox 2205 4006 2334 4072; x_wconf 80' lang='lat' dir='ltr'><strong>Qua:</strong></span> <span class='ocrx_word' id='word_1_680' title='bbox 2365 4006 2431 4058; x_wconf 76' lang='lat' dir='ltr'><strong>sit</strong></span> <span class='ocrx_word' id='word_1_681' title='bbox 2465 4013 2654 4057; x_wconf 80' lang='lat' dir='ltr'><strong>natura</strong></span> <span class='ocrx_word' id='word_1_682' title='bbox 2690 4004 2977 4057; x_wconf 74' lang='lat' dir='ltr'><strong>stellarum.</strong></span> 
     </span>
    </p>
   </div>
   <div class='ocr_carea' id='block_1_98' title="bbox 1902 4094 3381 4167">
    <p class='ocr_par' dir='ltr' id='par_1_98' title="bbox 1902 4094 3381 4167">
     <span class='ocr_line' id='line_1_98' title="bbox 1902 4094 3381 4167; baseline -0.003 -14"><span class='ocrx_word' id='word_1_683' title='bbox 1902 4100 1989 4153; x_wconf 78' lang='lat' dir='ltr'><strong>il.</strong></span> <span class='ocrx_word' id='word_1_684' title='bbox 2024 4098 2261 4152; x_wconf 91' lang='lat' dir='ltr'><strong>Thaletis</strong></span> <span class='ocrx_word' id='word_1_685' title='bbox 2295 4096 2478 4167; x_wconf 87' lang='lat' dir='ltr'><strong>opinio</strong></span> <span class='ocrx_word' id='word_1_686' title='bbox 2522 4102 2605 4151; x_wconf 90' lang='lat' dir='ltr'><strong>est</strong></span> <span class='ocrx_word' id='word_1_687' title='bbox 2650 4103 2899 4148; x_wconf 90' lang='lat' dir='ltr'><strong>naturam</strong></span> <span class='ocrx_word' id='word_1_688' title='bbox 2944 4094 3219 4147; x_wconf 88' lang='lat' dir='ltr'><strong>stellarum</strong></span> <span class='ocrx_word' id='word_1_689' title='bbox 3258 4106 3381 4148; x_wconf 80' lang='lat' dir='ltr'><strong>esse</strong></span> 
     </span>
    </p>
   </div>
   <div class='ocr_carea' id='block_1_99' title="bbox 1832 4182 3380 4256">
    <p class='ocr_par' dir='ltr' id='par_1_99' title="bbox 1832 4182 3380 4256">
     <span class='ocr_line' id='line_1_99' title="bbox 1832 4182 3380 4256; baseline -0.005 -11"><span class='ocrx_word' id='word_1_690' title='bbox 1832 4196 2139 4245; x_wconf 86' lang='lat' dir='ltr'><strong>terrestrem</strong></span> <span class='ocrx_word' id='word_1_691' title='bbox 2184 4196 2238 4242; x_wconf 90' lang='lat' dir='ltr'><strong>et</strong></span> <span class='ocrx_word' id='word_1_692' title='bbox 2278 4189 2526 4256; x_wconf 88' lang='lat' dir='ltr'><strong>igneam;</strong></span> <span class='ocrx_word' id='word_1_693' title='bbox 2574 4184 2921 4255; x_wconf 87' lang='lat' dir='ltr'><strong>Empedocles</strong></span> <span class='ocrx_word' id='word_1_694' title='bbox 2951 4182 3166 4239; x_wconf 91' lang='lat' dir='ltr'><strong>easdem</strong></span> <span class='ocrx_word' id='word_1_695' title='bbox 3197 4182 3380 4252; x_wconf 79' lang='lat' dir='ltr'><strong>igneas</strong></span> 
     </span>
    </p>
   </div>
   <div class='ocr_carea' id='block_1_100' title="bbox 1832 4268 3408 4354">
    <p class='ocr_par' dir='ltr' id='par_1_100' title="bbox 1832 4268 3408 4354">
     <span class='ocr_line' id='line_1_100' title="bbox 1832 4268 3408 4354; baseline -0.006 -17"><span class='ocrx_word' id='word_1_696' title='bbox 1832 4297 1951 4337; x_wconf 91' lang='lat' dir='ltr'><strong>esse</strong></span> <span class='ocrx_word' id='word_1_697' title='bbox 1978 4279 2129 4333; x_wconf 86' lang='lat' dir='ltr'><strong>dicit.</strong></span> <span class='ocrx_word' id='word_1_698' title='bbox 2157 4277 2383 4354; x_wconf 77' lang='lat' dir='ltr'><strong>Quidam</strong></span> <span class='ocrx_word' id='word_1_699' title='bbox 2418 4284 2661 4330; x_wconf 86' lang='lat' dir='ltr'><strong>terrenas</strong></span> <span class='ocrx_word' id='word_1_700' title='bbox 2706 4268 2826 4329; x_wconf 79' lang='lat' dir='ltr'><strong>illa&#39;s</strong></span> <span class='ocrx_word' id='word_1_701' title='bbox 2878 4273 2993 4327; x_wconf 84' lang='lat' dir='ltr'><strong>ausi</strong></span> <span class='ocrx_word' id='word_1_702' title='bbox 3028 4280 3155 4328; x_wconf 91' lang='lat' dir='ltr'><strong>sunt</strong></span> <span class='ocrx_word' id='word_1_703' title='bbox 3181 4272 3408 4335; x_wconf 67' lang='grc' dir='ltr'>[ποι-ε..</span> 
     </span>
    </p>
   </div>
   <div class='ocr_carea' id='block_1_101' title="bbox 1833 4365 3381 4439">
    <p class='ocr_par' dir='ltr' id='par_1_101' title="bbox 1833 4365 3381 4439">
     <span class='ocr_line' id='line_1_101' title="bbox 1833 4365 3381 4439; baseline -0.006 -13"><span class='ocrx_word' id='word_1_704' title='bbox 1833 4383 1892 4426; x_wconf 84' lang='grc' dir='ltr'><strong>ιιι</strong></span> <span class='ocrx_word' id='word_1_705' title='bbox 1916 4372 2283 4439; x_wconf 77' lang='lat' dir='ltr'><strong>Anaxagoras.</strong></span> <span class='ocrx_word' id='word_1_706' title='bbox 2322 4367 2419 4422; x_wconf 85' lang='lat' dir='ltr'><strong>Hic</strong></span> <span class='ocrx_word' id='word_1_707' title='bbox 2448 4370 2589 4422; x_wconf 90' lang='lat' dir='ltr'><strong>enim</strong></span> <span class='ocrx_word' id='word_1_708' title='bbox 2619 4367 2715 4429; x_wconf 84' lang='lat' dir='ltr'><strong>ait,</strong></span> <span class='ocrx_word' id='word_1_709' title='bbox 2744 4375 2866 4436; x_wconf 91' lang='lat' dir='ltr'><strong>post</strong></span> <span class='ocrx_word' id='word_1_710' title='bbox 2893 4366 3119 4436; x_wconf 87' lang='lat' dir='ltr'><strong>primam</strong></span> <span class='ocrx_word' id='word_1_711' title='bbox 3145 4365 3381 4419; x_wconf 47' lang='lat' dir='ltr'><strong>elemenv</strong></span> 
     </span>
    </p>
   </div>
   <div class='ocr_carea' id='block_1_102' title="bbox 1835 4456 3383 4529">
    <p class='ocr_par' dir='ltr' id='par_1_102' title="bbox 1835 4456 3383 4529">
     <span class='ocr_line' id='line_1_102' title="bbox 1835 4456 3383 4529; baseline -0.006 -13"><span class='ocrx_word' id='word_1_712' title='bbox 1835 4472 2008 4518; x_wconf 84' lang='lat' dir='ltr'><strong>torum</strong></span> <span class='ocrx_word' id='word_1_713' title='bbox 2038 4462 2411 4525; x_wconf 86' lang='lat' dir='ltr'><strong>secretionem,</strong></span> <span class='ocrx_word' id='word_1_714' title='bbox 2450 4460 2625 4529; x_wconf 87' lang='lat' dir='ltr'><strong>ignem</strong></span> <span class='ocrx_word' id='word_1_715' title='bbox 2660 4465 3107 4527; x_wconf 72' lang='lat' dir='ltr'><strong>separantem&#39;se,</strong></span> <span class='ocrx_word' id='word_1_716' title='bbox 3151 4456 3383 4509; x_wconf 91' lang='lat' dir='ltr'><strong>nonnul-</strong></span> 
     </span>
    </p>
   </div>
   <div class='ocr_carea' id='block_1_103' title="bbox 1835 4549 3385 4623">
    <p class='ocr_par' dir='ltr' id='par_1_103' title="bbox 1835 4549 3385 4623">
     <span class='ocr_line' id='line_1_103' title="bbox 1835 4549 3385 4623; baseline -0.006 -16"><span class='ocrx_word' id='word_1_717' title='bbox 1835 4556 1915 4607; x_wconf 86' lang='lat' dir='ltr'><strong>las</strong></span> <span class='ocrx_word' id='word_1_718' title='bbox 1972 4562 2129 4609; x_wconf 74' lang='lat' dir='ltr'><strong>terra:</strong></span> <span class='ocrx_word' id='word_1_719' title='bbox 2179 4561 2358 4623; x_wconf 87' lang='lat' dir='ltr'><strong>partes</strong></span> <span class='ocrx_word' id='word_1_720' title='bbox 2414 4551 2478 4605; x_wconf 89' lang='lat' dir='ltr'><strong>ad</strong></span> <span class='ocrx_word' id='word_1_721' title='bbox 2528 4563 2680 4605; x_wconf 88' lang='lat' dir='ltr'><strong>suam</strong></span> <span class='ocrx_word' id='word_1_722' title='bbox 2735 4549 2964 4601; x_wconf 84' lang='lat' dir='ltr'><strong>traxisse</strong></span> <span class='ocrx_word' id='word_1_723' title='bbox 3010 4554 3281 4607; x_wconf 85' lang='lat' dir='ltr'><strong>naturam,</strong></span> <span class='ocrx_word' id='word_1_724' title='bbox 3333 4554 3385 4598; x_wconf 91' lang='lat' dir='ltr'><strong>et</strong></span> 
     </span>
    </p>
   </div>
   <div class='ocr_carea' id='block_1_104' title="bbox 1836 4632 3383 4718">
    <p class='ocr_par' dir='ltr' id='par_1_104' title="bbox 1836 4632 3383 4718">
     <span class='ocr_line' id='line_1_104' title="bbox 1836 4632 3383 4718; baseline -0.007 -17"><span class='ocrx_word' id='word_1_725' title='bbox 1836 4649 2018 4718; x_wconf 85' lang='lat' dir='ltr'><strong>igneas</strong></span> <span class='ocrx_word' id='word_1_726' title='bbox 2063 4645 2381 4701; x_wconf 87' lang='lat' dir='ltr'><strong>reddidisse.</strong></span> <span class='ocrx_word' id='word_1_727' title='bbox 2431 4641 2584 4696; x_wconf 89' lang='lat' dir='ltr'><strong>Unde</strong></span> <span class='ocrx_word' id='word_1_728' title='bbox 2630 4651 2683 4695; x_wconf 92' lang='lat' dir='ltr'><strong>et</strong></span> <span class='ocrx_word' id='word_1_729' title='bbox 2731 4632 2897 4694; x_wconf 84' lang='lat' dir='ltr'><strong>solem</strong></span> <span class='ocrx_word' id='word_1_730' title='bbox 2947 4651 3178 4692; x_wconf 83' lang='lat' dir='ltr'><strong>massam</strong></span> <span class='ocrx_word' id='word_1_731' title='bbox 3220 4636 3383 4690; x_wconf 90' lang='lat' dir='ltr'><strong>veluti</strong></span> 
     </span>
    </p>
   </div>
   <div class='ocr_carea' id='block_1_105' title="bbox 1834 4728 3483 4801">
    <p class='ocr_par' dir='ltr' id='par_1_105' title="bbox 1834 4728 3483 4801">
     <span class='ocr_line' id='line_1_105' title="bbox 1834 4728 3483 4801; baseline -0.01 -7"><span class='ocrx_word' id='word_1_732' title='bbox 1834 4737 1961 4794; x_wconf 83' lang='lat' dir='ltr'><strong>ferri</strong></span> <span class='ocrx_word' id='word_1_733' title='bbox 1997 4753 2117 4792; x_wconf 89' lang='lat' dir='ltr'><strong>esse</strong></span> <span class='ocrx_word' id='word_1_734' title='bbox 2144 4736 2373 4797; x_wconf 87' lang='lat' dir='ltr'><strong>volebat,</strong></span> <span class='ocrx_word' id='word_1_735' title='bbox 2399 4741 2457 4786; x_wconf 92' lang='lat' dir='ltr'><strong>ut</strong></span> <span class='ocrx_word' id='word_1_736' title='bbox 2479 4732 2638 4801; x_wconf 89' lang='lat' dir='ltr'><strong>paulo</strong></span> <span class='ocrx_word' id='word_1_737' title='bbox 2666 4738 2787 4799; x_wconf 89' lang='lat' dir='ltr'><strong>post</strong></span> <span class='ocrx_word' id='word_1_738' title='bbox 2821 4730 3049 4784; x_wconf 89' lang='lat' dir='ltr'><strong>dicetur.</strong></span> <span class='ocrx_word' id='word_1_739' title='bbox 3078 4729 3181 4783; x_wconf 87' lang='lat' dir='ltr'><strong>Alii</strong></span> <span class='ocrx_word' id='word_1_740' title='bbox 3209 4728 3385 4797; x_wconf 87' lang='lat' dir='ltr'><strong>pumi-</strong></span> <span class='ocrx_word' id='word_1_741' title='bbox 3479 4774 3483 4778; x_wconf 85' lang='lat'><strong>.</strong></span> 
     </span>
    </p>
   </div>
   <div class='ocr_carea' id='block_1_106' title="bbox 1834 4818 3387 4898">
    <p class='ocr_par' dir='ltr' id='par_1_106' title="bbox 1834 4818 3387 4898">
     <span class='ocr_line' id='line_1_106' title="bbox 1834 4818 3387 4898; baseline -0.009 -13"><span class='ocrx_word' id='word_1_742' title='bbox 1834 4846 1949 4885; x_wconf 89' lang='lat' dir='ltr'><strong>cem</strong></span> <span class='ocrx_word' id='word_1_743' title='bbox 1978 4830 2246 4898; x_wconf 82' lang='lat' dir='ltr'><strong>obliquam</strong></span> <span class='ocrx_word' id='word_1_744' title='bbox 2282 4840 2403 4879; x_wconf 86' lang='lat' dir='ltr'><strong>esse</strong></span> <span class='ocrx_word' id='word_1_745' title='bbox 2431 4824 2752 4889; x_wconf 86' lang='lat' dir='ltr'><strong>docuerunt,</strong></span> <span class='ocrx_word' id='word_1_746' title='bbox 2791 4836 2952 4891; x_wconf 84' lang='lat' dir='ltr'><strong>quam</strong></span> <span class='ocrx_word' id='word_1_747' title='bbox 2982 4822 3194 4874; x_wconf 78' lang='lat' dir='ltr'><strong>:etheris</strong></span> <span class='ocrx_word' id='word_1_748' title='bbox 3224 4818 3387 4873; x_wconf 87' lang='lat' dir='ltr'><strong>ardor</strong></span> 
     </span>
    </p>
   </div>
   <div class='ocr_carea' id='block_1_107' title="bbox 1836 4910 3384 4987">
    <p class='ocr_par' dir='ltr' id='par_1_107' title="bbox 1836 4910 3384 4987">
     <span class='ocr_line' id='line_1_107' title="bbox 1836 4910 3384 4987; baseline -0.005 -12"><span class='ocrx_word' id='word_1_749' title='bbox 1836 4921 2131 4975; x_wconf 85' lang='lat' dir='ltr'><strong>accendat:</strong></span> <span class='ocrx_word' id='word_1_750' title='bbox 2164 4934 2226 4971; x_wconf 82' lang='lat' dir='ltr'><strong>ac</strong></span> <span class='ocrx_word' id='word_1_751' title='bbox 2260 4930 2355 4987; x_wconf 89' lang='lat' dir='ltr'><strong>per</strong></span> <span class='ocrx_word' id='word_1_752' title='bbox 2396 4915 2541 4971; x_wconf 82' lang='lat' dir='ltr'><strong>illius</strong></span> <span class='ocrx_word' id='word_1_753' title='bbox 2564 4913 2854 4967; x_wconf 58' lang='lat' dir='ltr'><strong>loramina</strong></span> <span class='ocrx_word' id='word_1_754' title='bbox 2890 4910 3148 4979; x_wconf 86' lang='lat' dir='ltr'><strong>transpici</strong></span> <span class='ocrx_word' id='word_1_755' title='bbox 3178 4910 3384 4968; x_wconf 85' lang='lat' dir='ltr'><strong>stellas.</strong></span> 
     </span>
    </p>
   </div>
   <div class='ocr_carea' id='block_1_108' title="bbox 1834 4989 3475 5077">
    <p class='ocr_par' dir='ltr' id='par_1_108' title="bbox 1834 4989 3475 5077">
     <span class='ocr_line' id='line_1_108' title="bbox 1834 4989 3475 5077; baseline -0.005 -12"><span class='ocrx_word' id='word_1_756' title='bbox 1834 5012 1987 5066; x_wconf 89' lang='lat' dir='ltr'><strong>Plato</strong></span> <span class='ocrx_word' id='word_1_757' title='bbox 2016 5028 2079 5066; x_wconf 84' lang='lat' dir='ltr'><strong>ex</strong></span> <span class='ocrx_word' id='word_1_758' title='bbox 2126 5008 2406 5067; x_wconf 88' lang='lat' dir='ltr'><strong>elementis</strong></span> <span class='ocrx_word' id='word_1_759' title='bbox 2457 5017 2709 5077; x_wconf 84' lang='lat' dir='ltr'><strong>constare</strong></span> <span class='ocrx_word' id='word_1_760' title='bbox 2737 5013 2988 5075; x_wconf 88' lang='lat' dir='ltr'><strong>quatuor,</strong></span> <span class='ocrx_word' id='word_1_761' title='bbox 3039 5001 3133 5056; x_wconf 88' lang='lat' dir='ltr'><strong>sed</strong></span> <span class='ocrx_word' id='word_1_762' title='bbox 3183 5000 3388 5071; x_wconf 89' lang='lat' dir='ltr'><strong>majore</strong></span> <span class='ocrx_word' id='word_1_763' title='bbox 3468 4989 3475 4994; x_wconf 29' lang='grc' dir='ltr'><strong>δ</strong></span> 
     </span>
    </p>
   </div>
   <div class='ocr_carea' id='block_1_109' title="bbox 1837 5096 3386 5172">
    <p class='ocr_par' dir='ltr' id='par_1_109' title="bbox 1837 5096 3386 5172">
     <span class='ocr_line' id='line_1_109' title="bbox 1837 5096 3386 5172; baseline -0.006 -13"><span class='ocrx_word' id='word_1_764' title='bbox 1837 5118 2013 5159; x_wconf 86' lang='lat' dir='ltr'><strong>tamen</strong></span> <span class='ocrx_word' id='word_1_765' title='bbox 2057 5104 2194 5172; x_wconf 91' lang='lat' dir='ltr'><strong>ignis</strong></span> <span class='ocrx_word' id='word_1_766' title='bbox 2228 5109 2399 5171; x_wconf 84' lang='lat' dir='ltr'><strong>parte.</strong></span> <span class='ocrx_word' id='word_1_767' title='bbox 2428 5100 2798 5169; x_wconf 69' lang='lat' dir='ltr'><strong>Xenophanes</strong></span> <span class='ocrx_word' id='word_1_768' title='bbox 2837 5114 2901 5152; x_wconf 86' lang='lat' dir='ltr'><strong>ex</strong></span> <span class='ocrx_word' id='word_1_769' title='bbox 2938 5096 3175 5151; x_wconf 88' lang='lat' dir='ltr'><strong>nubibus</strong></span> <span class='ocrx_word' id='word_1_770' title='bbox 3203 5097 3386 5166; x_wconf 89' lang='lat' dir='ltr'><strong>ignitis</strong></span> 
     </span>
    </p>
   </div>
   <div class='ocr_carea' id='block_1_110' title="bbox 1838 5187 3385 5263">
    <p class='ocr_par' dir='ltr' id='par_1_110' title="bbox 1838 5187 3385 5263">
     <span class='ocr_line' id='line_1_110' title="bbox 1838 5187 3385 5263; baseline -0.008 -12"><span class='ocrx_word' id='word_1_771' title='bbox 1838 5197 1950 5251; x_wconf 82' lang='lat' dir='ltr'><strong>ﬁeri</strong></span> <span class='ocrx_word' id='word_1_772' title='bbox 1970 5196 2190 5259; x_wconf 82' lang='lat' dir='ltr'><strong>stellas,</strong></span> <span class='ocrx_word' id='word_1_773' title='bbox 2220 5208 2422 5263; x_wconf 87' lang='lat' dir='ltr'><strong>easque</strong></span> <span class='ocrx_word' id='word_1_774' title='bbox 2453 5193 2747 5253; x_wconf 80' lang='lat' dir='ltr'><strong>carbonum</strong></span> <span class='ocrx_word' id='word_1_775' title='bbox 2784 5191 2953 5243; x_wconf 86' lang='lat' dir='ltr'><strong>instar</strong></span> <span class='ocrx_word' id='word_1_776' title='bbox 2979 5187 3249 5258; x_wconf 86' lang='lat' dir='ltr'><strong>exstingui</strong></span> <span class='ocrx_word' id='word_1_777' title='bbox 3293 5202 3385 5240; x_wconf 87' lang='lat' dir='ltr'><strong>ac-</strong></span> 
     </span>
    </p>
   </div>
   <div class='ocr_carea' id='block_1_111' title="bbox 1835 5281 3387 5355">
    <p class='ocr_par' dir='ltr' id='par_1_111' title="bbox 1835 5281 3387 5355">
     <span class='ocr_line' id='line_1_111' title="bbox 1835 5281 3387 5355; baseline -0.007 -12"><span class='ocrx_word' id='word_1_778' title='bbox 1835 5288 2100 5355; x_wconf 86' lang='lat' dir='ltr'><strong>cendique</strong></span> <span class='ocrx_word' id='word_1_779' title='bbox 2149 5285 2373 5355; x_wconf 81' lang='lat' dir='ltr'><strong>iudicat.</strong></span> <span class='ocrx_word' id='word_1_780' title='bbox 2402 5284 2539 5339; x_wconf 89' lang='lat' dir='ltr'><strong>Cum</strong></span> <span class='ocrx_word' id='word_1_781' title='bbox 2588 5291 2764 5337; x_wconf 90' lang='lat' dir='ltr'><strong>autem</strong></span> <span class='ocrx_word' id='word_1_782' title='bbox 2813 5281 3199 5342; x_wconf 83' lang='lat' dir='ltr'><strong>accenduntur,</strong></span> <span class='ocrx_word' id='word_1_783' title='bbox 3232 5285 3387 5333; x_wconf 86' lang='lat' dir='ltr'><strong>ortus</strong></span> 
     </span>
    </p>
   </div>
   <div class='ocr_carea' id='block_1_112' title="bbox 1834 5371 3381 5449">
    <p class='ocr_par' dir='ltr' id='par_1_112' title="bbox 1834 5371 3381 5449">
     <span class='ocr_line' id='line_1_112' title="bbox 1834 5371 3381 5449; baseline -0.01 -14"><span class='ocrx_word' id='word_1_784' title='bbox 1834 5378 2120 5449; x_wconf 87' lang='lat' dir='ltr'><strong>quamdam</strong></span> <span class='ocrx_word' id='word_1_785' title='bbox 2178 5376 2414 5446; x_wconf 63' lang='lat' dir='ltr'><strong>praebere</strong></span> <span class='ocrx_word' id='word_1_786' title='bbox 2469 5374 2740 5443; x_wconf 84' lang='lat' dir='ltr'><strong>speciem:</strong></span> <span class='ocrx_word' id='word_1_787' title='bbox 2775 5387 2895 5426; x_wconf 90' lang='lat' dir='ltr'><strong>cum</strong></span> <span class='ocrx_word' id='word_1_788' title='bbox 2946 5371 3381 5439; x_wconf 81' lang='lat' dir='ltr'><strong>exstinguuntur,</strong></span> 
     </span>
    </p>
   </div>
   <div class='ocr_carea' id='block_1_113' title="bbox 1836 5458 3385 5537">
    <p class='ocr_par' dir='ltr' id='par_1_113' title="bbox 1836 5458 3385 5537">
     <span class='ocr_line' id='line_1_113' title="bbox 1836 5458 3385 5537; baseline -0.01 -10"><span class='ocrx_word' id='word_1_789' title='bbox 1836 5486 2083 5527; x_wconf 88' lang='lat' dir='ltr'><strong>occasus.</strong></span> <span class='ocrx_word' id='word_1_790' title='bbox 2120 5469 2291 5524; x_wconf 87' lang='lat' dir='ltr'><strong>Stoici</strong></span> <span class='ocrx_word' id='word_1_791' title='bbox 2320 5481 2386 5522; x_wconf 75' lang='lat' dir='ltr'><strong>ex</strong></span> <span class='ocrx_word' id='word_1_792' title='bbox 2427 5468 2546 5537; x_wconf 88' lang='lat' dir='ltr'><strong>igne</strong></span> <span class='ocrx_word' id='word_1_793' title='bbox 2572 5464 2821 5533; x_wconf 88' lang='lat' dir='ltr'><strong>componi</strong></span> <span class='ocrx_word' id='word_1_794' title='bbox 2846 5473 3053 5533; x_wconf 87' lang='lat' dir='ltr'><strong>putant,</strong></span> <span class='ocrx_word' id='word_1_795' title='bbox 3084 5460 3175 5515; x_wconf 89' lang='lat' dir='ltr'><strong>sed</strong></span> <span class='ocrx_word' id='word_1_796' title='bbox 3202 5474 3266 5514; x_wconf 90' lang='lat' dir='ltr'><strong>eo</strong></span> <span class='ocrx_word' id='word_1_797' title='bbox 3298 5458 3385 5512; x_wconf 84' lang='lat' dir='ltr'><strong>di-</strong></span> 
     </span>
    </p>
   </div>
   <div class='ocr_carea' id='block_1_114' title="bbox 1838 5550 3385 5629">
    <p class='ocr_par' dir='ltr' id='par_1_114' title="bbox 1838 5550 3385 5629">
     <span class='ocr_line' id='line_1_114' title="bbox 1838 5550 3385 5629; baseline -0.009 -11"><span class='ocrx_word' id='word_1_798' title='bbox 1838 5565 1962 5618; x_wconf 91' lang='lat' dir='ltr'><strong>vino</strong></span> <span class='ocrx_word' id='word_1_799' title='bbox 2017 5570 2070 5617; x_wconf 91' lang='lat' dir='ltr'><strong>et</strong></span> <span class='ocrx_word' id='word_1_800' title='bbox 2109 5575 2328 5625; x_wconf 75' lang='lat' dir='ltr'><strong>aeterno,</strong></span> <span class='ocrx_word' id='word_1_801' title='bbox 2382 5574 2554 5629; x_wconf 90' lang='lat' dir='ltr'><strong>neque</strong></span> <span class='ocrx_word' id='word_1_802' title='bbox 2579 5557 2742 5625; x_wconf 87' lang='lat' dir='ltr'><strong>hujus</strong></span> <span class='ocrx_word' id='word_1_803' title='bbox 2802 5557 2970 5611; x_wconf 85' lang='lat' dir='ltr'><strong>nostri</strong></span> <span class='ocrx_word' id='word_1_804' title='bbox 3014 5553 3197 5607; x_wconf 89' lang='lat' dir='ltr'><strong>simili.</strong></span> <span class='ocrx_word' id='word_1_805' title='bbox 3230 5550 3385 5606; x_wconf 83' lang='lat' dir='ltr'><strong>Hunc</strong></span> 
     </span>
    </p>
   </div>
   <div class='ocr_carea' id='block_1_115' title="bbox 1839 5649 2988 5723">
    <p class='ocr_par' dir='ltr' id='par_1_115' title="bbox 1839 5649 2988 5723">
     <span class='ocr_line' id='line_1_115' title="bbox 1839 5649 2988 5723; baseline -0.011 -12"><span class='ocrx_word' id='word_1_806' title='bbox 1839 5658 1981 5711; x_wconf 86' lang='lat' dir='ltr'><strong>enim</strong></span> <span class='ocrx_word' id='word_1_807' title='bbox 2014 5654 2308 5723; x_wconf 82' lang='lat' dir='ltr'><strong>corrumpi,</strong></span> <span class='ocrx_word' id='word_1_808' title='bbox 2346 5668 2516 5721; x_wconf 86' lang='lat' dir='ltr'><strong>neque</strong></span> <span class='ocrx_word' id='word_1_809' title='bbox 2542 5651 2721 5705; x_wconf 88' lang='lat' dir='ltr'><strong>lucere</strong></span> <span class='ocrx_word' id='word_1_810' title='bbox 2753 5649 2988 5721; x_wconf 77' lang='lat' dir='ltr'><strong>penitus.</strong></span> 
     </span>
    </p>
   </div>
  </div>
