4094 6328
149 432 290 490 953

918 438 1237 495 ACHlLLlS
1274 437 1458 495 TATII
1495 434 1791 493 [SAGOGE
1827 438 1918 491 AD
1948 441 2157 497 ARATI
2197 443 2659 501 PHENOMENA.

3282 447 3385 501 νει

145 553 475 613 δείκνυται.
506 556 762 628 Πίνδαρος
789 558 844 611 δὲ
889 561 979 614 τὸν
1010 562 1212 632 ἀστέρα
1238 562 1434 633 ἄστρον
1463 558 1697 631 ὀνομάζε

1800 568 1817 619 ι
1845 572 2048 616 astrum
2079 580 2145 618 ex
2169 566 2454 635 disjunctis
2495 582 2559 621 ac
2601 568 2831 622 deﬁnitis
2858 569 3212 637 componitur.
3251 567 3382 619 Nam

147 642 357 714 λέγων
377 665 389 677 ’

393 844 608 911 Μηκέθ’
641 847 817 902 ἁλίου
839 850 1052 902 σκόπει

396 916 581 985 Ἄλλο
604 919 1005 985 θαλπνότερον

401 984 502 1037 Ἐν
527 985 709 1055 ἁμέρᾳ
743 984 1004 1056 φαεννὸν
1022 989 1244 1058 ἄστρον
1265 1007 1277 1019 ·

146 1095 318 1148 κατά
349 1096 447 1168 τὴν
478 1099 782 1170 συνήθειαν.

687 1211 828 1279 Περὶ
874 1210 1213 1277 πλανήτων.

230 1305 332 1351 ιε’.
359 1301 609 1372 Ἄρατος,
636 1305 700 1373 τῇ
716 1304 821 1356 τῶν
852 1304 1057 1356 πολλῶν
1085 1303 1209 1376 δόξῃ
1236 1304 1725 1374 κατακολουθήσας,

136 1388 292 1451 τοὺς
318 1389 570 1453 ἀπλανεῖς
590 1393 909 1464 έναρηρέναι
944 1394 1077 1464 φησὶ
1104 1394 1181 1463 τῷ
1203 1394 1414 1464 οὐρανῷ
1432 1411 1445 1426 ’

136 1498 360 1561 Αὐτὸς
381 1500 489 1567 γὰρ
520 1499 657 1553 τάδε
678 1501 893 1569 σήματ’
927 1504 996 1557 ἐν
1022 1504 1252 1571 οὐρανῷ
1288 1503 1583 1573 ἐστήριξεο

137 1606 319 1675 παρά
354 1607 413 1658 τὸ
445 1609 721 1680 ἐστήριξεν
756 1612 990 1681 ἀστέρας
1031 1614 1223 1676 αὐτοὺς
1251 1615 1719 1686 παρετυμολογῶν.

135 1694 261 1747 Τὸν
301 1697 358 1749 δὲ
412 1697 527 1751 τῶν.
556 1699 836 1771 πλανήτων
859 1702 1013 1773 λόγον
1051 1708 1397 1776 παρῃτήσατο
1421 1709 1449 1759 ὀ
1470 1708 1719 1779 Ἀρατος,

133 1784 288 1838 ὅταν
310 1786 443 1860 λέγῃ
462 1805 476 1819 ·

141 1900 227 1975 ρὲ
244 1896 306 1949 δ’
325 1898 719 1975 ἐπιμὶξ-ἀμφι
746 1903 908 1957 πέντ’
940 1905 1190 1973 ἀστέρες
1208 1907 1387 1960 οὐδὲν
1406 1906 1610 1975 ὁμοῖοι,

140 1967 466 2033 Ἔμπιιλιν
489 1972 533 2003 ’³
565 1970 820 2026 εἰδώλων
850 1967 1202 2029 δυοκαίδεκα
1222 1967 1571 2031 δινεύοτῖ-ται.

141 2038 239 2115 ρῠ
270 2036 327 2115 6_‘
352 2040 438 2115 ἑτι
466 2041 807 2115 θαρσαλέως
835 2046 1045 2099 κείνων
1071 2047 1184 2113 ἐγὼ
1207 2047 1411 2115 ἄρκιος
1436 2048 1569 2113 εἵην

153 2105 216 2157 Ἀ
227 2107 515 2161 πλανέαηθ
532 2109 604 2161 τά
630 2127 688 2163 τε
720 2105 929 2175 κύκλα,
960 2115 1031 2167 τά
1058 2105 1301 2184 τ”αὶθέρι
1330 2105 1713 2171 ’δδινέύουσμ

222 2278 579 2348 Παραιτεῖται
601 2284 657 2336 δὲ
682 2284 769 2337 διὰ
797 2287 993 2351 πολλὰς
1019 2289 1212 2353 αἰτίας.
1245 2292 1463 2362 Πρῶτον
1489 2295 1569 2347 ὅτι
1593 2312 1715 2363 φαι-

138 2370 359 2458 νόμενα
417 2373 667 2445 ἠθέλησε,
728 2379 821 2431 καὶ
860 2382 990 2431 πᾶσι
1025 2382 1284 2451 σύμφωνα
1317 2384 1482 2448 δεῖξαι
1504 2388 1709 2458 ἄστρα·

138 2455 303 2515 οὗτοι
334 2462 388 2515 δὲ
439 2465 637 2537 πολλὴν
686 2468 976 2537 διαφωνίαν
1025 2471 1203 2541 ἔχουσι
1232 2515 1245 2537 ,
1274 2478 1363 2529 καὶ
1397 2478 1514 2529 οὐδὲ
1550 2455 1712 2531 πάσίν

141 2552 258 2603 εἱσι
295 2555 531 2625 φανεροί.
569 2558 653 2609 Ἐν
681 2544 751 2610 δὲ.
778 2560 854 2630 τῷ
905 2564 1323 2636 ἐπιγραφομένῳ
1375 2568 1537 2629 αὐτοῦ
1595 2573 1709 2627 Ka—

142 2642 322 2702 νόνι,
376 2646 466 2697 τὸν
509 2649 637 2718 περὶ
683 2650 860 2704 αὐτῶν
908 2654 1219 2724 ποιούμενος
1265 2656 1438 2724 λόγον,
1480 2659 1710 2729 ἁρμονίᾳ

139 2734 259 2785 τινὶ
290 2737 381 2788 καὶ
411 2740 693 2810 συμφωνίᾳ.
719 2747 945 2814 μουσικῇ
981 2746 1076 2808 τὰς
1110 2748 1343 2817 κινήσεις
1370 2748 1544 2802 αὐτῶν
1569 2749 1712 2819 λέγει

143 2827 455 2893 γεγονέναι.
479 2830 707 2884 Λεκτέον
755 2832 809 2885 δὲ
836 2837 963 2906 περὶ
995 2838 1194 2894 αὐτῶν.

575 3025 745 3093 Τάξις
771 3030 888 3082 τῶν
915 3029 957 3089 ζ’
992 3032 1278 3101 σφαιρῶν.

218 3118 319 3174 ις’.
356 3113 417 3164 Ol
451 3114 576 3183 περὶ
615 3115 685 3169 τά
713 3118 961 3189 μετέωρα
992 3120 1150 3172 δεινοί
1186 3139 1315 3189 φασι
1357 3124 1529 3189 ζώνας
1560 3128 1708 3192 τινὰς

138 3194 287 3254 εἶναι
316 3203 475 3264 ἑπτὰ,
498 3204 563 3257 δι’
590 3200 663 3261 ὧν

142 3291 246 3359 μὲν
287 3296 352 3363 τῇ
409 3295 711 3369 ὑψηλοτάτη
747 3302 1005 3371 φέρεσθαι
1059 3306 1148 3358 τὸν
1182 3306 1275 3359 τοῦ
1314 3308 1541 3378 Κρόνου,
1566 3314 1621 3364 ὲν
1647 3313 1703 3365 δὲ

134 3384 205 3449 τῇ
239 3385 357 3451 μετ’
383 3385 551 3454 αὐτὴν
579 3386 665 3439 τὸν
700 3389 789 3440 τοῦ
812 3392 931 3453 Διός
955 3410 967 3421 ’
1004 3395 1095 3445 καὶ
1126 3397 1183 3447 ἐν
1217 3400 1279 3467 τῇ
1310 3400 1466 3471 τρίτῃ
1494 3410 1586 3453 τον
1609 3401 1699 3454 τοῦ

141 3473 388 3544 Ἀρεωςθ
452 3478 508 3527 έν
556 3480 618 3546 τῇ
668 3480 900 3551 τετάρτῃ
960 3484 1049 3534 τὸν
1094 3486 1185 3537 τοῦ
1248 3488 1483 3559 Ἑρμοῦ·
1531 3494 1587 3546 ὲν
1634 3497 1697 3564 τῇ

138 3564 368 3637 πέμπτῃ
401 3568 490 3619 τὸν
539 3568 637 3637 τῆς
671 3571 1015 3643 Ἀφροδίτης·
1062 3577 1118 3625 ἐν
1155 3578 1209 3629 δὲ
1235 3582 1298 3649 τῇ
1333 3580 1462 3651 ἕκτῃ
1491 3584 1581 3635 τὸν
1606 3585 1699 3637 τοῦ

133 3658 291 3727 ήλίου
313 3676 337 3735 ’γ
364 3662 421 3713 ἐν
444 3662 500 3713 δὲ
521 3665 586 3732 τῇ
616 3664 811 3735 ἐϐδόμῃ
847 3667 937 3719 τὸν
960 3668 1055 3737 τῆς
1094 3670 1337 3740 σελήνης.
1374 3674 1527 3737 Τινὲς
1555 3676 1611 3729 δὲ
1641 3678 1698 3730 ἐν

234 3752 472 3822 τετάρτῃ
495 3754 593 3823 τὴν
644 3754 955 3826 Ἀφροδίτην
978 3758 1221 3827 λέγουσιν
1246 3779 1258 3791 ·
1295 3765 1351 3815 ἐν
1375 3768 1439 3835 τῇ
1474 3767 1695 3839 πέμπτῃ

132 3837 190 3888 δὲ
224 3841 318 3893 τὸν
352 3842 585 3913 Ἑρμῆν·
626 3845 684 3897 ὲν
712 3845 767 3896 δὲ
791 3849 856 3917 τῇ
912 3847 1043 3919 ἕκτῃ
1088 3848 1174 3901 τὸν
1222 3850 1387 3919 ἥλιον.
1428 3853 1609 3905 Ἀλλοι
1641 3837 1695 3908 δέ

131 3931 400 4001 τέταρτον
421 3935 510 3986 τὸν
549 3936 752 4006 Ἑρμῆν
774 3954 787 3967 ι
819 3938 983 4007 ἕκτην
1006 3940 1060 3991 δὲ
1088 3942 1183 4011 τὴν
1218 3944 1529 4013 Ἀφροδίτην
1550 3962 1562 3975 ’
1599 3946 1695 4015 μέ-

136 4036 227 4071 σον
250 4020 311 4073 se
330 4022 424 4076 τὸν
462 4026 629 4094 ἥλιον.
661 4027 779 4078 Εἰσὶ
810 4028 864 4079 δὲ
906 4032 953 4081 oi
991 4031 1199 4099 πρῶτον
1234 4034 1319 4085 τὸν
1348 4035 1492 4104 ἥλιον
1527 4037 1699 4105 λέγον-

132 4126 223 4175 τες
246 4130 260 4142 ·
293 4113 546 4185 δευτέραν
567 4116 621 4170 δὲ
648 4119 743 4188 τὴν
772 4120 998 4189 σελήνην
1023 4139 1035 4150 ·
1069 4123 1250 4194 τρίτον
1273 4125 1329 4177 δὲ
1358 4128 1447 4178 τὸν
1469 4129 1691 4200 Κρόνον.

144 4201 207 4255 Ἡ
233 4204 294 4257 δὲ
326 4206 523 4261 πλείων
557 4210 682 4275 δόξα
711 4211 931 4283 πρώτην
959 4214 1055 4285 τὴν
1093 4216 1318 4287 σελήνην
1356 4217 1501 4286 λέγει
1524 4235 1538 4247 ·
1575 4222 1694 4273 ἐπεὶ

132 4296 226 4347 καὶ
263 4299 602 4371 ἀπόσπασμα
651 4304 741 4357 τοῦ
781 4306 931 4378 ήλίου
963 4307 1207 4377 λέγουσιν
1262 4313 1455 4383 αὑτήν·
1488 4313 1561 4377 ὡς
1604 4316 1694 4367 καὶ

144 4384 513 4463 Ἐμπεδοκλῆς
532 4411 547 4425 ·

1843 661 2024 706 certus
2048 653 2102 706 in
2133 670 2461 725 unoquoque
2495 671 2753 711 numerus
2778 656 3097 711 ostenditur.
3125 656 3385 711 Pindarus

1840 748 2048 795 astrum
2076 758 2173 812 pro
2201 744 2377 799 sidere
2408 754 2630 813 usurpat
2662 765 2678 801 :

2053 854 2164 924 80
2191 852 2311 907 Non
2334 855 2446 924 jam
2477 855 2582 911 sole
2611 857 2884 911 considera

2044 924 2204 991 Aliud
2243 926 2461 991 calidius

2047 990 2285 1047 Interdiu
2312 995 2578 1049 solenaens
2605 995 2780 1059 sidus;

1834 1100 1888 1153 in
1915 1115 2022 1170 quo
2045 1104 2420 1159 consuetudini
2459 1108 2639 1160 servit.

2420 1218 2497 1272 De
2547 1204 2790 1286 planetis.

1900 1304 1986 1365 15.
2035 1306 2233 1361 Aratus
2288 1308 2453 1378 vulgi
2487 1310 2726 1379 opinioni
2781 1312 3021 1366 serviens
3078 1312 3376 1368 inerrantes

1830 1396 2014 1451 stellas
2043 1398 2181 1451 cmlo
2211 1398 2402 1454 inﬁxas
2429 1416 2550 1455 esse
2576 1401 2707 1455 dicit
2734 1421 2746 1455 :

1968 1507 2086 1577 Ipse
2112 1511 2247 1563 enim
2274 1510 2381 1583 Ita’c
2407 1512 2556 1581 signa
2584 1514 2636 1564 in
2669 1529 2793 1567 cano
2822 1513 2976 1582 fixit;

1827 1635 1857 1674 a
1908 1622 2173 1676 vocabulo
2215 1624 2514 1694 ἐστήριξεν,
2562 1627 2865 1681 nominatos
2918 1626 3146 1697 ἀστέρας
3200 1628 3415 1683 οὶήιειν

1826 1712 2089 1768 indicans.
2121 1714 2192 1768 De
2225 1716 2452 1784 planetis
2490 1724 2664 1772 autem
2691 1718 2927 1777 scribere
2957 1719 3125 1771 noluit
3154 1720 3370 1785 Aratus,

1824 1804 1917 1858 ubi
1956 1807 2031 1858 ita
2059 1807 2255 1861 cecinit
2283 1824 2297 1860 :

1744 1904 1788 1961 Β
1818 1914 2118 1986 Rromiscue
2149 1934 2264 1970 vero
2291 1919 2409 1971 alia:
2436 1919 2655 1986 quinque
2686 1919 2849 1972 stellis
2868 1960 2881 1979 ,
2907 1921 3037 1973 nihil
3067 1922 3280 1986 similes,

1818 1985 2015 2059 Contra
2044 2003 2198 2055 quam
2229 1985 2518 2059 simulacro
2540 1985 2809 2040 duodecim
2838 2002 3133 2059 Aversantur.

1824 2054 1997 2127 Neque
2029 2054 2143 2109 vero
2172 2056 2431 2127 conﬁdens
2460 2058 2669 2110 illorum
2695 2075 2785 2127 ego
2812 2054 2924 2111 sum
2954 2060 3189 2124 idoneus,

1816 2123 2299 2196 Inerrrantiumque
2346 2126 2515 2189 orbes,
2573 2123 2783 2196 quaeque
2840 2129 2893 2180 in
2943 2129 3126 2182 wtliere
3171 2132 3369 2185 cientur

3042 2196 3268 2269 [exsequi
3278 2242 3290 2253 .

1882 2304 2057 2374 Atque
2096 2304 2200 2360 hoc
2233 2305 2479 2374 pluribus
2525 2306 2592 2362 de
2640 2308 2821 2362 causis
2863 2294 3092 2363 recusat.
3127 2308 3362 2363 Primum

1812 2395 1955 2464 quod
2008 2404 2330 2464 apparentes
2389 2398 2595 2461 stellas,
2636 2398 2701 2452 de
2748 2398 2944 2467 quibus
2998 2399 3137 2452 inter
3178 2413 3365 2454 omnes

1811 2489 2082 2551 convenit,
2119 2488 2426 2544 describere
2458 2499 2572 2545 erat
2595 2505 2916 2561 aggressus;
2948 2499 2999 2543 at
3030 2492 3145 2544 ista:
3174 2506 3363 2560 magno

1812 2576 1866 2630 in
1897 2576 2214 2645 Opinionum
2240 2578 2443 2631 ambitu
2480 2586 2627 2642 sunt,
2660 2595 2759 2632 nec
2800 2579 3052 2633 omnibus
3082 2590 3361 2649 apparent.

1809 2669 1870 2721 ln
1919 2668 2056 2722 libro
2106 2682 2251 2732 vero,
2295 2684 2455 2738 quem
2507 2670 2769 2723 Cononem
2820 2669 3139 2740 inscripsit,
3179 2671 3245 2723 de
3293 2671 3361 2725 iis

1809 2773 1993 2829 agens,
2028 2768 2293 2813 concentu
2337 2759 2570 2829 quodam
2619 2769 2671 2815 et
2711 2761 2991 2815 harmonia
3038 2768 3358 2829 temperatos

1808 2865 1928 2904 esse
1960 2858 2138 2905 motus
2164 2851 2376 2904 illarum
2409 2850 2621 2905 asserit.
2648 2850 2815 2907 Nobis
2853 2866 2981 2906 vero
3017 2851 3085 2905 de
3115 2851 3182 2905 iis
3224 2851 3356 2920 ipsis

1808 2942 2066 2995 nonnulla
2093 2942 2319 2997 dicenda
2354 2950 2499 2997 sunt.

2148 3052 2225 3105 De
2257 3053 2433 3106 ordine
2461 3054 2781 3122 spluerarum
2814 3063 3022 3122 septem.

1879 3140 1963 3193 i6.
1988 3139 2301 3195 leestium
2329 3158 2507 3196 rerum
2536 3144 2725 3212 peritis
2768 3146 2940 3212 placet
2979 3160 3143 3200 zonas
3187 3160 3353 3214 quas-

714 3210 964 3281 φέρονται
1000 3215 1047 3264 οἱ
1089 3216 1223 3267 έπτά
1248 3216 1471 3287 ἀστέρες
1494 3236 1509 3251 ο
1533 3222 1623 3272 καὶ
1649 3222 1698 3273 ὲν

1806 3226 1928 3280 dam
1957 3244 2078 3284 esse
2118 3240 2339 3299 septem,
2368 3248 2462 3301 per
2495 3210 2629 3301 quas
2660 3210 2891 3288 totidem.
2911 3236 3138 3303 planetu:
3172 3210 3352 3289 ferun-

1804 3324 1910 3371 tur.
1946 3318 2002 3372 In
2032 3334 2283 3389 suprema
2308 3336 2468 3390 porro
2500 3320 2717 3375 Saturni
2751 3324 2956 3394 stellam
2984 3325 3097 3393 rapi
3127 3342 3141 3390 ;
3181 3326 3233 3378 in
3264 3342 3353 3381 se-

1801 3410 1975 3462 cunda
2005 3408 2151 3465 lovis
2176 3427 2190 3477 ;
2246 3412 2298 3463 in
2328 3411 2696 3467 tertia‘Martis
2719 3430 2733 3479 ;
2760 3414 2812 3466 in
2841 3421 3031 3483 quarta
3063 3414 3347 3483 Mercurii;

1802 3499 1854 3553 in
1888 3500 2075 3567 quinta
2102 3499 2325 3555 Veneris
2350 3519 2364 3567 ;
2407 3500 2459 3553 in
2484 3510 2632 3556 sexta
2666 3502 2826 3566 solis;
2854 3502 2905 3554 in
2934 3502 3158 3571 septima
3189 3504 3346 3557 lunae.

1800 3590 2026 3656 Quidam
2062 3593 2113 3646 in
2151 3602 2342 3662 quarta
2378 3593 2637 3648 Venerem
2670 3595 2869 3657 locant,
2912 3596 2963 3647 in
2994 3595 3178 3663 quinta
3210 3593 3349 3649 Mer-

1799 3683 2029 3747 curium,
2057 3684 2110 3735 in
2144 3692 2293 3737 sexta
2328 3686 2516 3740 solem.
2562 3686 2662 3738 Alii
2706 3696 2954 3755 quartum
3001 3686 3346 3754 Mercurium,

1798 3781 2000 3826 sextam
2046 3773 2329 3837 Venerem,
2364 3774 2599 3829 medium
2631 3791 2756 3830 vero
2786 3775 2952 3830 solem
2987 3776 3345 3831 constituunt.

1799 3862 1936 3917 Sunt
1976 3865 2065 3933 qui
2110 3866 2341 3935 primum
2383 3881 2503 3920 esse
2550 3867 2714 3921 solem
2760 3879 3022 3929 asseram,
3056 3867 3345 3921 secundam

1799 3958 1999 4019 lunam,
2046 3959 2262 4017 tertium
2306 3944 2613 4012 Saturnnm’.
2655 3958 2842 4013 Plures
2892 3960 3067 4012 lunam
3119 3959 3343 4027 primam

1799 4048 2038 4112 faciunt;
2083 4048 2517 4116 quandoquidem
2570 4066 2695 4118 pars
2741 4051 3002 4119 quaedam,
3056 4059 3113 4103 ut
3170 4050 3340 4115 aiunt,

1795 4141 1979 4193 avulsa
2032 4147 2112 4193 est
2163 4154 2192 4189 a
2237 4140 2349 4192 sole
2392 4140 2555 4207 luna;
2610 4143 2751 4211 quod
2809 4141 3119 4211 Empedocli
3168 4141 3339 4195 visum

1792 4241 1873 4285 est
1911 4250 1925 4284 ι

133 4498 501 4572 Κυκλοτερὲς
522 4508 651 4574 περὶ
674 4509 845 4577 γαῖαν
871 4512 1177 4569 ἑλίσσεται
1207 4516 1523 4584 ἀλλότριον
1543 4518 1684 4587 φῶς.

1861 4532 2129 4588 Circulare
2156 4536 2350 4589 circum
2382 4545 2572 4590 terram
2605 4537 2822 4590 volvitur
2846 4536 3069 4597 alienum
3094 4535 3282 4591 lumen.

198 4611 337 4684 Περὶ
386 4615 444 4669 δὲ
496 4618 595 4687 τῆς
638 4620 956 4690 ἐναρμονίου
1001 4627 1261 4694 κινήσεως
1300 4627 1477 4680 αὐτῶν
1514 4624 1684 4693 εἶπεν,

131 4702 203 4779 ὡς
240 4706 398 4778 ἔφην,
458 4712 686 4782 Ἄρατος
720 4714 777 4769 ἐν
802 4715 879 4785 τῷ
956 4720 1196 4781 Κανόνι,
1251 4720 1343 4771 καὶ
1372 4722 1683 4790 Ἐρατοσθέ-

130 4811 224 4864 νης
278 4799 339 4849 ὲν
393 4800 468 4870 τῷ
530 4802 742 4872 Ἐρμῇ,
779 4804 870 4857 καὶ
924 4807 1199 4877 ’Υψικλῆς,
1233 4811 1321 4861 καὶ
1362 4811 1682 4879 Θράσυλλος,

132 4887 219 4939 καὶ
249 4889 551 4959 Ἄδραστος
590 4894 972 4966 Ἀιρροδισιεύς.
1014 4900 1280 4971 Ἤρξαντο
1308 4903 1363 4953 δὲ
1402 4902 1493 4954 τοῦ
1528 4904 1682 4971 λόγου

130 4977 315 5032 τούτου
366 4981 413 5032 οί
480 4984 869 5058 Πυθαγόρειοι⁸
926 4991 1099 5043 πάντα
1155 4993 1257 5063 γὰρ
1318 4994 1549 5065 ἁρμονία
1591 4997 1682 5047 καὶ

132 5072 273 5138 τάξει
309 5074 519 5143 λέγουσι
565 5078 854 5133 κινεῖσθαι·
896 5081 1035 5135 καθὰ
1075 5082 1165 5135 καὶ
1203 5085 1372 5153 ἰατροὶ
1396 5086 1519 5148 τοὺς
1551 5104 1682 5155 σφυ-

1856 4643 1931 4708 De
1966 4646 2282 4700 harmonico
2315 4662 2442 4701 vero
2474 4658 2619 4701 motu
2647 4638 2858 4701 illorum
2888 4648 2996 4715 agit
3028 4648 3080 4699 in
3106 4646 3333 4713 Curione,

1788 4735 1863 4787 uti
1889 4735 2091 4790 dictum
2122 4744 2226 4800 est,
2258 4738 2478 4799 Aratus,
2508 4747 2561 4791 et
2595 4736 2977 4794 Eratosthenes
3028 4740 3081 4792 in
3127 4738 3331 4793 Mercu-

1785 4825 1899 4887 rio,
1962 4827 2195 4895 itemque
2250 4825 2558 4896 Hypsicles,
2599 4826 2916 4899 Thrasyllus
2963 4840 3015 4883 et
3070 4830 3333 4887 Adrastus

1783 4919 2237 4987 Aphrodisiensis.
2268 4919 2436 4988 Cujus
2462 4918 2726 4989 dogmatis
2760 4930 3006 4975 auctores
3044 4920 3190 4975 fuere
3226 4921 3331 4993 Py-

1784 5010 2021 5080 thagorei
2045 5050 2060 5074 ,
2094 5010 2185 5079 qui
2221 5012 2471 5064 universa
2504 5018 2769 5064 concentu
2799 5019 2957 5079 atque
2997 5010 3187 5065 ordine
3215 5028 3330 5065 mo-

1780 5104 1890 5155 veri
1922 5110 2110 5171 putant
2145 5120 2157 5155 :
2191 5103 2268 5155 uti
2298 5101 2513 5157 ‘medici
2564 5104 2771 5172 pulsus,
2818 5118 2955 5171 quos
3004 5112 3115 5157 tum
3165 5120 3327 5159 sanos

130 5166 301 5231 'ﬁteti;
324 5180 339 5195 ⁶
389 5168 483 5220 καὶ
534 5168 795 5236 ὑγιαίνειν
829 5172 947 5241 μὲν,
986 5174 1113 5227 ὅταν
1148 5175 1467 5242 εὐτακτῶσι,
1496 5181 1679 5232 νοσεῖν

1800 5209 1900 5248 τεεο
1932 5193 2204 5256 dictitant,
2232 5209 2356 5247 cum
2404 5195 2647 5249 ordinem
2675 5203 2911 5258 servant,
2944 5198 3080 5251 male
3108 5196 3323 5260 habere,

130 5250 201 5319 δὲ,
232 5256 321 5312 ὅτε
356 5258 604 5323 ἀτάκτως
624 5261 912 5315 κινοῦνται.

332 5369 474 5436 Περὶ
499 5369 615 5424 τῶν
639 5371 941 5441 ὀνομάτων
974 5376 1091 5429 τῶν
1129 5378 1467 5445 πλανήτων.

200 5455 368 5520 ιζ’.Τά
384 5460 619 5531 ὀνόματα
642 5463 748 5517 τῶν
766 5465 1045 5534 πλανήτων
1075 5470 1337 5541 διαφόρως
1353 5474 1673 5545 ἐκλήθησαν,

136 5547 219 5600 καὶ
257 5553 385 5623 περὶ
429 5550 523 5608 τοῦ
553 5558 743 5628 χρόνου
776 5559 1003 5613 ἑκάστου
1043 5562 1305 5631 διαφωνία
1365 5568 1528 5638 πολλὴ
1580 5572 1671 5637 γέ-

1777 5299 1898 5337 cum
1930 5283 2303 5340 inconstanter
2330 5296 2629 5341 moventur.

2158 5397 2235 5451 De
2271 5398 2596 5466 planetarum
2628 5400 2941 5455 nominibus.

1846 5487 1930 5537 Π.
1962 5487 2090 5541 Tam
2118 5489 2183 5542 dc
2216 5491 2553 5558 planetarum
2605 5492 2879 5545 vocabulis
2907 5505 3065 5560 quam
3112 5488 3177 5543 de
3212 5489 3326 5543 sin-

1772 5582 2019 5647 gulorum
2057 5583 2387 5650 temporibus
2422 5598 2632 5635 summa
2684 5592 2765 5637 cst
2806 5583 3116 5651 opinionum
3148 5583 3318 5636 varie-

135 5655 243 5706 γονε
272 5646 502 5711 πολλοῖς.
522 5651 837 5719 Αἰγυπτίοις
865 5653 971 5724 γὰρ
993 5656 1083 5708 καὶ
1104 5658 1322 5727 Ἕλλησι
1356 5662 1445 5714 τοῦ
1465 5665 1668 5735 Κρόνου

1800 5686 1875 5725 as.
1917 5671 2150 5743 {Egypiii
2200 5682 2252 5727 ct
2302 5672 2471 5728 Graeci
2521 5675 2738 5729 Saturni
2790 5675 3032 5737 stellam,
3076 5676 3321 5745 quamvis

198 5796 238 5826 "
264 5816 351 5869 γρ.
385 5799 661 5876 πάντοθεν.
741 5804 784 5835 ⁸⁵
822 5824 906 5873 γρ.
939 5804 1139 5879 σώματ’
1190 5810 1444 5867 ἐνισπεῖν.
