4094 6328
806 404 916 460 955

1851 403 1941 457 AD
1982 399 2246 457 EUSEBII
2284 392 2674 455 CHBONICON
2711 395 3065 453 APPENDIX.
3176 400 3183 406 ‘

803 519 1152 575 hebetissima
1196 519 1287 581 sit,
1319 532 1596 597 cpawoyra,
1632 518 1683 573 id
1732 527 1815 574 est
1863 519 2119 584 lucidam,
2154 526 2342 574 vocant

2424 518 2500 587 λδ
2546 516 2739 586 ἀστὴρ,
2776 517 2948 570 καίτοι
2995 515 3367 585 ἀμαυρότατος
3395 514 3490 581 ὥν,
3541 515 3745 583 φαίνων
3790 516 3980 584 λέγεται.

800 609 974 664 εἶταιοὶ
1019 610 1236 679 quidem
1285 610 1358 663 ita
1408 610 1536 665 boni
1579 611 1778 665 ominis
1815 625 1981 665 causa
2012 621 2357 681 nuncupant.

800 698 1039 773 Egyptii
1097 715 1226 755 vero
1281 700 1524 757 Nemesis
1593 702 1821 757 stellam.
1901 701 2149 756 Secunda
2212 701 2360 759 lovis

799 790 1043 846 Phaeton
1109 807 1139 845 a
1188 790 1410 857 Graecis,
1469 791 1538 846 ab
1590 790 1862 863 Egyptiis
1917 790 2148 847 Osiridis
2205 792 2358 846 stella

798 882 1132 951 nominatur.
1168 880 1348 936 Tertia
1372 888 1457 937 est
1489 881 1699 944 Martis,
1735 896 1857 951 quae
1894 879 2096 936 Graecis
2131 888 2213 937 est
2248 882 2357 932 ῐΙυ-

798 972 963 1043 ρόεις,
993 970 1262 1043 Egyptiis
1310 973 1562 1028 Herculis
1608 973 1787 1027 stella.
1836 971 2042 1038 Quarta
2080 971 2353 1025 Mercurii.

794 1063 1141 1119 Concedatur
1167 1065 1312 1120 enim
1359 1065 1462 1119 hoc
1493 1066 1549 1119 in
1582 1079 1842 1133 praesens,
1886 1080 2004 1120 eam
2042 1080 2164 1120 esse
2193 1071 2374 1140 (ιιιιιιι-⁸

793 1163 925 1210 tam.
958 1154 1101 1209 Nam.
1126 1155 1193 1209 de
1229 1155 1500 1211 sideribus
1546 1155 1689 1220 istis,
1730 1154 2020 1219 Mercurio,
2058 1154 2266 1209 Venere
2294 1170 2357 1209 ac

793 1246 910 1301 sole

791 1337 961 1408 Igitur
1018 1337 1269 1392 Mercurii
1326 1338 1479 1392 stella
1520 1335 1723 1393 Graecis
1783 1336 2039 1399 Στίλϐων,
2084 1335 2355 1407 ᾹΞςγριὶἱε

791 1428 1056 1497 Apollinis
1080 1429 1233 1483 stella
1261 1427 1483 1484 dicitur.
1518 1428 1721 1494 Quinta
1751 1435 1835 1481 est
1861 1424 2109 1489 Veneris,
2150 1425 2353 1480 Graecis

789 1515 1027 1571 Lucifer.
1082 1516 1298 1572 Primus
1349 1517 1542 1588 lbycus
1595 1517 1649 1568 in
1708 1530 1871 1568 unum
1938 1514 2351 1585 appellationem

734 1646 737 1649 ι
789 1608 1080 1661 contraxit.
1119 1607 1357 1674 Quartus
1404 1615 1488 1662 est
1527 1605 1608 1661 sol
1654 1604 1945 1675 Egyptiis.
1993 1619 2151 1673 quem
2180 1603 2350 1659 Grmci

786 1707 1000 1753 sextum
1045 1709 1353 1754 numerant.
1406 1697 1648 1769 Septima
1691 1704 1774 1754 est
1820 1698 1969 1751 luna.
2005 1696 2195 1752 Musici
2222 1713 2349 1751 vero

786 1790 1069 1846 zodiacum
1112 1785 1399 1854 circulum,
1442 1800 1501 1843 ut
1550 1790 1605 1843 in
1661 1789 1963 1855 harmonia,
2015 1788 2225 1857 lingunt
2262 1804 2348 1841 ra-

783 1882 992 1935 tionem
1040 1879 1237 1935 habere
1296 1879 1559 1951 phtbongi
1607 1880 1925 1936 chromatici
1972 1879 2187 1949 generis
2237 1878 2350 1933 dis—

782 1969 979 2041 iuncti,
1012 1969 1234 2025 Saturni
1277 1971 1486 2026 stellam
1537 1971 1803 2026 rationem
1851 1972 2098 2026 obtinere
2126 1971 2345 2026 harmo-

781 2063 921 2117 nicze
957 2061 1309 2132 disjunctam,
1336 2061 1457 2117 Jovi
1488 2062 1734 2117 ordinem
1762 2062 2012 2117 tribuunt
2038 2062 2094 2115 in
2119 2063 2346 2116 musicis

778 2154 1064 2225 phtbongi,
1088 2167 1248 2224 quem
1277 2152 1559 2207 diatonum
1581 2151 1913 2220 disiunctum
1937 2157 2155 2212 vocant,
2189 2150 2345 2203 Marti

778 2259 930 2307 vero,
961 2244 1103 2314 ejus,
1133 2254 1293 2313 quem
1323 2256 1648 2312 paramesen
1676 2240 1978 2295 nominant.
2009 2238 2100 2294 Sic
2134 2238 2346 2293 Mercu-

700 2338 705 2341 ’
778 2334 895 2390 rius
944 2336 1001 2388 in
1047 2333 1237 2389 eadem
1292 2334 1501 2388 musica
1548 2331 1881 2402 pbthongum
1925 2331 2028 2385 sibi
2083 2328 2341 2393 vindicat,

777 2427 872 2497 qui
930 2440 1107 2482 meses
1156 2435 1402 2481 vocatur.
1451 2423 1585 2478 Nam
1620 2422 1777 2477 Ven...
1828 2412 1842 2448 ί
1904 2422 2059 2478 stella
2104 2420 2340 2476 medium

776 2518 1036 2573 diatonon
1066 2523 1233 2573 tenet.
1276 2515 1371 2574 Sol
1415 2516 1519 2572 nisi
1550 2514 1778 2587 quartus
1815 2522 1920 2579 est,
1972 2514 2067 2569 sed
2112 2519 2338 2579 sextus;

774 2610 939 2666 medii
979 2609 1182 2664 lichani
1234 2610 1410 2669 instar
1445 2610 1568 2665 erit.
1600 2607 1775 2671 Luna,
1809 2622 1932 2677 quae
1974 2606 2203 2675 septima
2230 2610 2334 2667 est,

774 2701 1037 2770 phtbongl
1064 2700 1208 2754 illius
1234 2686 1487 2755 ordinem
1516 2705 1683 2765 tenet,
1711 2698 1804 2768 qui
1838 2696 1931 2752 'est
1973 2697 2197 2766 bypates
2226 2709 2340 2748 me-

774 2794 896 2848 diae.
924 2792 1294 2861 Intervallum,
1325 2790 1472 2862 quod
1520 2789 1588 2844 ad
1627 2804 1801 2859 usque
1852 2789 2035 2842 lunam
2084 2785 2338 2855 pertinet,

770 2887 991 2957 quidam
1034 2885 1337 2941 attribuunt
1378 2884 1430 2939 ei
1462 2882 1761 2952 phtbongo,
1804 2893 1967 2949 quem
2013 2877 2069 2931 in
2116 2874 2340 2929 musicis

771 2977 1010 3051 hypaton
1038 2977 1320 3031 diatonum
1348 2974 1641 3045 appellant.

975 1261 1085 1299 non
1121 1246 1290 1301 levem
1351 1262 1473 1302 esse
1521 1247 1943 1301 controversiam
1994 1246 2379 1301 ostendimus:

2477 605 2633 661 Ἀλλά
2656 607 2785 676 παρ’
2799 606 3020 675 Ἕλλησι
3039 605 3137 676 μὲν
3158 604 3366 658 κατὰτὸ
3380 605 3623 675 εὔφημον
3634 605 3843 672 λέγεται
3855 606 3979 670 οὕτω,

2463 698 2613 768 παρὰ
2645 698 2702 750 δὲ
2753 697 3066 766 Αἰγυπτίοις
3121 696 3407 767 Νεμέσεως
3456 697 3653 768 ἀστήρ.
3698 698 3980 768 Δεύτεροςὸ

2464 788 2582 851 Διὸς
2596 788 2717 841 καθ’
2739 788 3001 857 Ἕλληνας
3021 787 3234 841 Φαέθων
3253 803 3267 817 ⁸
3297 787 3437 840 κατὰ
3454 788 3512 841 δὲ
3534 788 3855 855 Αἰγυπτίους
3880 790 3980 843 Ὁσί-

2464 880 2606 949 ριδος
2623 881 2816 951 ἀστήρ.
2847 879 3037 950 Τρίτος
3062 881 3092 932 6
3119 878 3211 932 τοῦ
3242 879 3447 949 ¹Ἀρεως
3478 880 3627 949 παρὰ
3652 879 3755 949 μὲν
3791 880 3977 948 Ἕλλησι

2462 973 2722 1042 Πυρόεις·
2774 972 2940 1043 παράι
2973 973 3031 1026 δὲ
3077 971 3391 1039 Αἰγυπτίοις
3447 971 3777 1042 ’Ἡρακλέους
3819 974 3974 1041 ἀστήρ.

2462 1062 2727 1133 Τέταρτος
2761 1066 2789 1116 6
2820 1062 2912 1116 τοῦ
2948 1063 3180 1133 Ἐρμοῦ’
3210 1062 3440 1117 δεδόσθω
3483 1064 3590 1133 γὰρ
3635 1064 3732 1117 νῦν
3759 1064 3977 1135 τέταρτον

2459 1156 2621 1208 αὐτὸν
2653 1152 2810 1209 εἶναι.
2846 1156 3070 1227 Εἴρηται
3112 1156 3239 1225 γὰρ,
3286 1156 3368 1210 ὅτι
3397 1156 3659 1224 διαφωνία
3696 1157 3858 1228 πολλὴ
3880 1160 3977 1227 περὶ

2459 1233 2834 1316 τὼηίάστέρων
2874 1246 3075 1299 τούτων
3092 1248 3259 1309 ἐστὶν,
3295 1246 3516 1317 Ἑρμοῦ,
3540 1246 3633 1301 καὶ
3675 1248 3977 1319 Ἀφροδίτης,

2460 1334 2552 1387 καὶ
2602 1335 2770 1404 ἡλίου.
2819 1337 2875 1389 '0
2919 1336 3095 1390 τοίνυν
3134 1336 3334 1407 Ἑρμοῦ
3374 1337 3547 1409 ἀστὴρ
3576 1338 3817 1392 καλεῖται
3860 1341 3979 1407 παρὰ

2460 1425 2555 1494 μὲν
2587 1425 2811 1495 Ἕλλησι
2840 1427 3096 1492 Στίλϐων,
3134 1428 3285 1499 παρὰ
3311 1426 3370 1481 δὲ
3398 1428 3712 1497 Αἰγυπτίοις
3754 1430 3981 1483 Ἀπόλλω

2455 1532 2543 1578 νος
2581 1518 2770 1588 ἀστήρ.
2826 1518 3150 1592 Πέμπτος-ὀ
3199 1520 3297 1587 τῆς
3351 1519 3668 1590 Ἀφροδίτης
3711 1522 3857 1592 παρὰ
3905 1524 3980 1591 μὲν

2455 1606 2708 1677 Ἕλλησιν
2781 1590 3101 1679 Ἐωσφόροςί
3159 1608 3383 1679 Πρῶτος
3437 1610 3495 1663 δὲ
3541 1610 3753 1674 Ἴϐυκος
3796 1590 3872 1676 είς
3909 1590 3980 1685 Erg

2455 1700 2755 1753 συνέστειλε
2793 1700 2890 1764 τὰς
2943 1703 3332 1772 προσηγορίας.
3389 1702 3657 1772 Τέταρτος
3706 1705 3766 1757 δὲ
3803 1707 3833 1757 6
3861 1706 3981 1773 ἣλιος

2454 1790 2569 1840 κατ’
2602 1790 2949 1856 Αίγυπτίους,
2987 1790 3142 1851 ἕκτος
3170 1790 3227 1841 δὲ
3266 1789 3387 1841 καθ’
3421 1790 3701 1861 Ἕλληνας.
3747 1793 3980 1863 Ἕϐδομος

2382 1858 2421 1912 Β
2448 1878 2504 1931 δὲ
2558 1883 2586 1932 6
2632 1880 2729 1950 τῆς
2776 1880 3021 1950 σελήνης.
3061 1883 3122 1933 Οἱ
3160 1881 3218 1933 δὲ
3255 1883 3503 1950 μουσικοὶ
3542 1858 3879 1938 ὑποτίθενται
3905 1858 3979 1936 τὸν

2452 1970 2710 2033 ζωδιακὸν
2742 1969 2936 2049 κύκλον
2966 1970 3041 2033 ὡς
3073 1973 3130 2024 ὲν
3159 1972 3393 2043 ἁρμονίᾳ
3419 1973 3571 2039 τάξιν
3597 1976 3739 2045 ἔχειν
3774 1976 3979 2045 φθόγγου

2450 2059 2542 2112 τοῦ
2574 2060 2671 2130 τῆς
2701 2062 3053 2133 χρωμτικῆς
3087 2063 3493 2135 διεζευγμένου’
3530 2070 3622 2119 τὸν
3667 2068 3721 2121 δὲ
3752 2070 3843 2122 τοῦ
3872 2071 3981 2139 Κρό-

2451 2168 2539 2203 νου
2565 2152 2778 2221 ἐπέχειν
2803 2152 2956 2219 λόγον
2991 2153 3087 2223 τῆς
3123 2155 3439 2225 ἐναρμονίου
3480 2157 3569 2209 τὸν
3612 2156 3975 2229 διεζευγμένοψ

2447 2242 2571 2313 ὀληδὲ
2623 2242 2717 2295 τοῦ
2762 2244 2881 2307 Διὸς
2940 2243 3090 2307 τάξιν
3129 2244 3272 2315 ἔχειν
3320 2248 3365 2278 ⁸⁸
3393 2248 3451 2300 ὲν
3480 2252 3708 2318 μουσικῇ
3774 2250 3978 2318 φθόγγου

2446 2333 2538 2385 τοῦ
2594 2334 2924 2404 καλουμένου
2971 2335 3211 2389 διατόνου
3262 2337 3662 2408 διεζευγμένου.
3729 2339 3788 2393 Ὅ
3824 2340 3876 2392 δὲ
3902 2342 3976 2392 τοῦ

2449 2426 2656 2496 ’Ἄρεως
2696 2427 2848 2489 τάξιν
2887 2425 2997 2496 ἔχει
3044 2429 3277 2497 φθόγγου
3319 2428 3413 2481 τοῦ
3459 2430 3788 2500 καλουμένου
3834 2450 3979 2501 παρα-

2448 2518 2638 2587 μέσουτ
2676 2518 2731 2571 Ὀ
2754 2520 2810 2571 δὲ
2847 2518 2939 2571 τοῦ
2973 2519 3169 2590 Ἑρμοῦ
3202 2521 3351 2585 τάξιν
3374 2521 3557 2593 ἐπέχει
3582 2522 3817 2592 φθόγγου
3855 2526 3977 2594 παρᾶ

2446 2607 2721 2673 μουσικοῖς
2764 2606 2861 2675 τῆς
2897 2606 3089 2676 μέσης.
3153 2607 3210 2659 ’0
3251 2607 3308 2659 δὲ
3352 2609 3449 2678 τῆς
3499 2611 3815 2683 Ἀφροδίτης
3853 2614 3978 2677 τάξιν

2446 2694 2557 2763 ἔχει
2591 2694 2827 2763 φθόγγου
2868 2696 3156 2765 λεγομένου
3180 2698 3342 2768 μέσου
3364 2700 3625 2757 διατόνου.
3664 2703 3719 2756 '0
3745 2703 3801 2755 δὲ
3832 2705 3976 2773 ﬁlios,

2445 2786 2540 2837 ἐὰν
2574 2784 2649 2855 μὴ
2673 2786 2948 2856 τέταρτος,
2972 2786 3109 2840 ἀλλὰ
3153 2788 3307 2851 ’έκτος
3336 2791 3487 2862 δοθῇ,
3522 2793 3673 2846 ἔσται
3722 2794 3874 2859 τάξιν
3900 2799 3978 2848 ἑπ-

2444 2875 2581 2943 έχων
2606 2876 2769 2945 μέσου
2793 2875 3029 2946 λιχανοῦ.
3069 2880 3130 2932 Ἦ
3150 2880 3207 2933 δὲ
3230 2880 3444 2952 σελήνη.
3470 2881 3978 2954 έὸδόμηοῦσα,Μιν

2442 2962 2629 3033 ἐπέχει
2669 2963 2905 3033 φθόγγου
2962 2966 3057 3020 τοῦ
3090 2968 3376 3039 λεγομένου
3419 2972 3629 3041 ὑπάτης
3682 2974 3865 3043 μέσης.
3920 2976 3978 3027 Τὸ

768 3048 956 3122 δὲ’άπὸ
1005 3069 1108 3137 γῆς
1146 3067 1421 3136 διάστημα
1480 3065 1641 3135 μέχρι
1699 3064 1797 3133 τῆς
1857 3063 2100 3133 σελήνης,
2135 3058 2378 3112 θέλουσιν
2418 3048 2556 3107 εἷναί
2607 3072 2752 3120 τινες
2792 3058 2901 3112 άπὸ
2926 3058 3163 3127 φθόγγου
3210 3060 3304 3112 τοῦ
3352 3059 3502 3131 παρὰ
3556 3066 3668 3127 τοῖς
3718 3068 3971 3134 μουσικοῖς

770 3164 991 3219 ὑπάτων
1016 3162 1277 3218 διατόνου.

767 3276 875 3347 ει
921 3274 997 3328 De
1028 3290 1086 3347 eo
1111 3274 1390 3347 onn0,«qui
1420 3289 1637 3341 magnus
1668 3271 1885 3347 dicitur,
1926 3279 1974 3324 et
2020 3276 2143 3337 quot
2182 3264 2333 3320 annis

2435 3249 2534 3325 Τίς
2567 3258 2995 3347 ὁλκαὶούέιενος
3021 3260 3657 3347 μέγας-,ἐνιαυτὸςηκαὶ
3689 3265 3977 3347 ἐηπόσες

964 3344 1238 3412 cujuslibet
1267 3341 1598 3411 planetarum
1632 3341 1885 3395 resolutio
1921 3347 2143 3391 constet.

844 3518 929 3573 18.
950 3518 1161 3574 Rursus
1183 3519 1355 3589 prima
1369 3519 1610 3572 omnium
1634 3518 1851 3572 Saturni
1876 3520 2029 3573 stella
2057 3519 2122 3574 ab
2139 3535 2247 3573 uno
2262 3520 2339 3573 si-

770 3626 878 3680 gno
906 3610 973 3664 ad
1007 3610 1170 3675 idem,
1202 3620 1260 3664 ut
1293 3610 1473 3665 minus
1507 3619 1759 3665 accurate
1786 3610 1986 3675 dicam,
2018 3619 2071 3665 et
2116 3611 2333 3678 platice,

770 3702 826 3755 in
858 3699 1013 3755 annis
1048 3699 1268 3768 triginta
1296 3699 1618 3765 revertitur;
1645 3699 1713 3754 ab
1750 3699 1938 3753 eodem
1971 3713 2097 3753 vero
2132 3706 2337 3767 puncto

770 3793 840 3846 ad
886 3793 1026 3847 idem
1075 3799 1355 3859 punctum,
1396 3791 1451 3842 in
1495 3791 1652 3843 annis
1687 3788 1915 3844 550635.
1955 3790 2130 3859 Atque
2162 3790 2209 3844 is
2252 3798 2337 3846 est

773 3884 869 3953 qui
902 3898 1129 3953 magnus
1163 3897 1337 3936 annus
1376 3882 1697 3949 appellatur.
1733 3879 1882 3935 Jovis
1913 3883 2068 3937 stella
2099 3883 2333 3937 secunda

772 3975 880 4029 situ
909 3974 976 4028 ad
1007 3973 1147 4028 idem
1178 3974 1391 4043 signum
1416 3973 1611 4041 platice
1644 3973 1698 4025 in
1730 3973 1888 4027 annis
1912 3971 1978 4025 12
2003 3973 2333 4043 regreditur;

772 4065 841 4119 ad
892 4066 1034 4119 idem
1087 4073 1345 4134 punctum
1394 4066 1448 4117 in
1490 4065 1649 4119 annis
1686 4063 1915 4119 170620.
1960 4064 2147 4121 Martis
2178 4066 2367 4123 stella,

769 4144 1061 4211 circuitum
1090 4158 1321 4212 absolvit
1358 4173 1387 4211 a
1417 4158 1573 4226 signo
1596 4158 1661 4211 ad
1686 4158 1898 4227 signum
1932 4158 2147 4213 rediens
2177 4158 2333 4213 annis

767 4246 1015 4312 duobus;
1054 4246 1120 4301 ad
1146 4248 1284 4301 idem
1308 4262 1438 4303 vero
1461 4256 1722 4317 punctum
1748 4250 1906 4304 annis
1930 4250 2155 4306 120000.
2182 4248 2333 4304 Luna

768 4337 1010 4405 quolibet
1044 4352 1229 4392 mense
1275 4352 1305 4391 a
1354 4338 1509 4407 signo
1538 4339 1607 4392 ad
1638 4339 1779 4393 idem
1835 4342 2050 4411 signum
2108 4341 2335 4396 reverti-

769 4438 889 4495 tur;
920 4430 1001 4484 sol
1033 4444 1159 4497 vero
1187 4429 1379 4485 diebus
1425 4430 1529 4484 565
1570 4440 1623 4483 et
1663 4432 1871 4485 minuto
1904 4452 1916 4486 :
1949 4432 2092 4501 quod
2123 4441 2333 4501 tempus

769 4520 965 4576 solaris
1013 4522 1316 4591 appellatur
1364 4538 1559 4577 annus.
1616 4522 1877 4577 Similiter
1917 4532 1973 4577 et
2012 4524 2238 4579 Veneris
2270 4542 2334 4580 ac

2507 3329 2748 3396 χρόνοις
2809 3329 3065 3396 ἕκαστος
3154 3329 3272 3385 τῶν
3348 3332 3668 3398 πλανήτων
3740 3329 3971 3390 ἀποκαθέ

2509 3400 2761 3452 ίσταται.

2509 3519 2597 3582 ιη’.
2633 3512 2799 3565 Πάλιν
2834 3513 2863 3566 6
2894 3510 3125 3583 πρῶτος,
3155 3514 3183 3564 6
3210 3509 3303 3565 τοῦ
3332 3514 3539 3584 Κρονου
3560 3516 3751 3586 ασ-ιιὴρ,
3804 3533 3967 3585 παρα-

2443 3603 2650 3670 γίνεται
2695 3601 2802 3655 ἀπὸ
2847 3600 3038 3665 ζωδίου
3073 3601 3167 3653 ἐπὶ
3196 3599 3381 3663 ζώδιον
3410 3603 3739 3672 παχυμερῶς
3770 3605 3867 3673 μὲν
3896 3604 3971 3654 καὶ

2444 3692 2754 3756 πλατυκῶς,
2775 3692 2917 3744 ἔτεσι
2944 3692 3254 3761 τριάκοντα,
3286 3692 3394 3745 ἀπὸ
3425 3692 3481 3745 δὲ
3514 3694 3736 3763 σημείου
3759 3694 3973 3746 ἀποκαθ-

2448 3786 2655 3838 ίσταται
2681 3783 2740 3835 ὲν
2777 3781 2911 3834 ἑτῶν
2955 3780 3176 3850 μυριάσι
3232 3782 3682 3851 τριακονταπέντε
3708 3784 3801 3836 καὶ
3824 3784 3975 3836 ἔτεσιν

2437 3876 2734 3942 ἑξακοσίοις
2771 3871 3245 3949 τριακονταπέντε.
3282 3865 3451 3935 Οὗτος
3472 3864 3539 3926 ’δέ
3572 3876 3715 3927 ἐστιν
3744 3877 3775 3927 6
3803 3875 3950 3929 καλού

2438 3986 2593 4039 μενος
2622 3967 2794 4039 μέγας
2821 3963 3077 4026 ἐνιαυτός.
3121 3965 3180 4015 Ὁ
3209 3963 3265 4016 δὲ
3294 3964 3386 4017 τοῦ
3416 3964 3533 4028 Διὸς
3565 3966 3736 4037 ἀστὴρ
3761 3968 3791 4019 6
3816 3966 3972 4020 δεύτε-

2441 4078 2531 4132 ρος
2578 4057 2933 4129 παραγίνεται
2981 4054 3088 4108 ἀπὸ
3127 4040 3446 4116 ζωδίουὲπὶ
3488 4054 3674 4118 ζώδιον
3712 4055 3970 4116 πλατωαῖις

2434 4152 2528 4205 καὶ
2552 4147 2882 4221 παχυμερῶς
2902 4147 3073 4199 ἔτεσιν
3100 4144 3183 4214 ιβ”
3201 4144 3307 4198 άπὸ
3327 4144 3383 4197 δὲ
3406 4145 3630 4215 σημείου
3657 4145 3746 4197 ἐπὶ
3776 4148 3971 4216 σημεῖον

2433 4242 2856 4296 ἀποκαθίσταται
2889 4241 2947 4291 ὲν
2979 4238 3233 4308 μυριάσιν
3258 4236 3394 4307 ἑτῶν
3420 4237 3485 4300 ιζ’
3516 4237 3607 4289 καὶ
3632 4237 3770 4290 ἔτεσι
3800 4245 3895 4307 χκ’.
3926 4239 3970 4288 ’0

2433 4335 2490 4388 δὲ
2518 4333 2608 4386 τοῦ
2649 4334 2841 4404 "Apso;
2873 4331 3216 4401 περιέρχεται
3247 4328 3353 4381 ἀπὸ
3374 4327 3564 4390 ζωδίου
3598 4328 3689 4381 ἐπὶ
3714 4328 3895 4392 ζὼδιον
3917 4328 3969 4380 δι’

2435 4424 2569 4478 ἐτῶν
2612 4423 2725 4487 δύο,
2756 4423 2848 4475 καὶ
2893 4420 3001 4473 ἀπὸ
3033 4420 3256 4489 σημείου
3289 4420 3378 4472 ἐπὶ
3402 4424 3623 4491 σημεῖον
3654 4421 3711 4473 ὲν
3739 4421 3970 4492 μυριάσιν

2437 4515 2570 4568 ἐτῶν
2607 4513 2692 4581 ιβ’.
2735 4514 2791 4565 ὐ
2829 4512 2884 4563 δὲ
2922 4513 3017 4580 τῆς
3078 4509 3391 4579 Ἀφροδίτης
3413 4510 3458 4541 ’⁸
3508 4510 3851 4581 περιέρχεται
3883 4510 3969 4563 ἀπὸ

767 4612 1020 4667 Mercurii
1062 4596 1253 4678 swllze,
1288 4614 1469 4670 itidem
1504 4624 1560 4669 ut
1590 4615 1705 4687 sol,
1735 4615 1802 4669 ad
1837 4615 1892 4668 id
1922 4615 2159 4685 signum,
2190 4618 2331 4673 unde

2431 4606 2621 4673 ζωδίου
2654 4605 2746 4657 ἐπὶ
2780 4602 2966 4665 ζώδιον
2998 4601 3138 4653 κατὰ
3178 4601 3321 4670 μῆνα
3348 4602 3639 4655 ἕκαστον-ό
3663 4603 3721 4656 δὲ
3746 4604 3888 4674 ἣλιος
3923 4603 3968 4653 ἐν

765 4699 1024 4771 profecta:
1074 4710 1221 4766 sunt,
1251 4717 1441 4766 annuo
1493 4706 1778 4759 intervallo
1833 4705 2328 4773 releruntur;nam

766 4804 905 4859 pene
932 4790 1119 4845 eadem
1152 4790 1433 4846 celeritate
1462 4794 1770 4863 rapiuntur.
1801 4795 1883 4852 Ob
1910 4797 1966 4851 id
2002 4798 2069 4853 de
2116 4798 2330 4853 illarum

768 4880 876 4933 situ
906 4882 1278 4937 controversia
1302 4873 1564 4938 nascitur.
1594 4886 1798 4941 Horum
1833 4889 2151 4958 spatiorum,
2186 4890 2331 4944 velut

769 4968 1167 5038 phtbongorum
1198 4972 1267 5026 ab
1298 4973 1499 5026 intimis
1543 4974 1678 5029 locis
1708 4977 1775 5029 ad
1824 4977 2105 5033 zodiacum
2138 4994 2327 5048 usque,

767 5060 1109 5113 intervallum
1157 5062 1426 5130 ejusmodi
1464 5074 1546 5120 est
1583 5068 1728 5135 quod
1775 5084 1805 5122 a
1841 5060 2067 5127 musicis
2106 5082 2328 5126 vocatur

764 5151 1046 5220 diapason.

840 5414 907 5465 At
954 5415 1214 5482 Chaldaei,
1243 5423 1551 5477 mortalium
1587 5430 1828 5482 omnium
1878 5430 2036 5502 longe
2065 5434 2326 5489 curiosis«

767 5509 910 5574 simi,
936 5511 1055 5565 ausi
1086 5520 1214 5566 sunt
1229 5528 1449 5571 cursum
1480 5520 1611 5574 solis
1634 5528 1795 5592 atque
1817 5523 1977 5579 horas
1993 5526 2320 5582 describere.

767 5597 977 5652 Etenim
1008 5600 1195 5657 horam
1226 5604 1394 5671 illam,
1414 5622 1518 5675 qua
1544 5609 1597 5661 in
1628 5611 1968 5681 aequinoctiis
1990 5615 2319 5669 constitutus

834 5778 877 5811 ⁸⁵
906 5778 945 5847 f.
994 5778 1122 5849 ἔχει.
1200 5784 1243 5813 9"
1272 5783 1313 5848 ί.
1344 5782 1583 5855 σελήνης.

2432 4699 2537 4764 τξε’
2565 4696 2798 4769 ἡμέραις
2839 4692 2933 4746 καὶ
2974 4692 3172 4761 λεπτῷ’
3207 4692 3265 4754 ὃς
3294 4692 3356 4761 δὴ
3395 4693 3585 4763 χρόνος
3612 4695 3849 4749 καλεῖται
3882 4696 3967 4745 ἑνι-

2432 4790 2593 4851 αυτὸς
2618 4784 2858 4858 ἡλιακὸς.
2907 4784 3135 4853 Ὁμοίως
3165 4784 3222 4835 δὲ
3255 4782 3346 4835 καὶ
3365 4785 3393 4835 6
3422 4783 3518 4853 τῆς
3558 4784 3864 4855 Ἀφροδίτης
3892 4784 3967 4835 καὶ

2431 4881 2526 4935 τοῦ
2562 4877 2763 4951 Ἑρμοῦ
2794 4878 2889 4930 σὺν
2915 4876 2992 4945 τῷ
3020 4875 3154 4946 ἡλίῳ
3184 4874 3252 4947 δέ
3278 4874 3659 4930 ἑνιαυτοῦὰπὸ
3691 4874 3871 4939 ζωδίου
3892 4874 3965 4925 ἐπὶ

2433 4975 2619 5039 ζώδιον
2652 4969 3071 5042 παραγίνονται·
3103 4968 3287 5038 σχεδὸν
3310 4968 3416 5041 γὰρ
3446 4970 3712 5037 ἰσοταχεῖς
3749 4970 3867 5020 εἱσι.
3892 4965 3966 5016 Διὸ

2432 5066 2527 5120 καὶ
2556 5065 2817 5132 διάφωνος
2836 5061 3011 5115 αὐτῶν
3046 5062 3079 5130 ἡ
3115 5060 3281 5126 τάξις.
3314 5060 3528 5123 Τορτων
3556 5060 3620 5131 δὴ
3645 5060 3750 5113 τῶν
3770 5059 3961 5123 διαστη-

2436 5156 2618 5226 μάτων
2648 5155 2755 5207 τῶν
2783 5152 3031 5221 φθόγγων
3060 5150 3167 5204 άπὸ
3198 5150 3307 5205 τῶν
3346 5150 3639 5203 κατωτάτω
3664 5149 3839 5201 τόπων
3881 5148 3961 5217 μὲ-

2431 5245 2656 5319 χρι’τοῦ
2702 5244 2963 5310 ζωδιακοῦ
2996 5244 3200 5310 γίνεται
3243 5243 3525 5312 διάστημα,
3549 5242 3855 5311 συμφωνίας
3883 5242 3960 5305 τῆς

2433 5340 2582 5410 παρὰ
2619 5342 2729 5401 τοῖς
2760 5338 3032 5408 μουσικοῖς
3056 5335 3352 5406 λεγομένης
3387 5331 3685 5387 διαπασῶν.

2492 5430 2754 5484 ’Χαλδαῖοι
2797 5430 2871 5493 δὲ,
2906 5427 3313 5498 περιεργότατοι
3354 5426 3652 5496 γενόμενοι,
3690 5423 3955 5492 ἐτόλμησας

2431 5524 2521 5575 τοῦ
2558 5523 2705 5593 ἡλίου
2737 5512 2825 5573 τδν
2856 5520 3051 5589 δρόμον
3077 5520 3167 5572 καὶ
3195 5518 3294 5581 τὰς
3321 5516 3466 5588 ὥρας
3492 5514 3840 5587 διορίσασθαι.
3872 5508 3957 5576 τὴν

2431 5615 2533 5684 γὰρ
2580 5616 2634 5667 ἐν
2681 5615 2796 5676 ταῖς
2840 5596 3148 5682 ἰσημερίαις
3190 5609 3337 5680 ὥραν
3379 5607 3566 5674 αὐτοῦ,
3608 5607 3727 5661 καθ’
3752 5606 3815 5676 ἢν
3855 5603 3956 5656 ἴσως
