4008 6328
38 478 152 533 957

792 483 1108 541 ACHILLIS
1139 486 1321 541 TATll
1360 478 1653 543 lSAGOGE
1690 486 1783 541 AD
1816 485 2022 541 ARATI
2060 487 2519 546 PHAENOMENA.

3122 486 3230 547 958

40 592 319 662 διέρχεται
348 596 437 649 τὸν
461 597 637 660 πόλον,
669 600 746 662 είς
767 599 809 651 λ’
840 601 997 671 ὅρους
1028 604 1350 673 μερίζουσιν·
1378 603 1513 656 ὥστε
1543 604 1593 655 τί

1705 605 1885 673 polum
1916 620 1981 659 ex
2010 621 2165 676 aequo
2191 609 2521 664 transeundo
2554 607 2761 673 dividit,
2790 604 2845 661 in
2862 606 3093 662 tricenos
3125 617 3232 662 ter-

43 681 89 733 λί
124 682 296 752 μέρος
326 685 425 753 τῆς
453 685 619 755 ὧρας,
644 687 743 755 τῆς
771 689 828 741 ἐν
851 692 915 759 τῇ
945 694 1225 761 ξσημιερινδῐὶ
1251 693 1449 762 ἡμέρᾳ,
1477 692 1600 761 ὅρον

43 770 303 838 λέγεσθαι
356 775 448 826 τοῦ
493 775 688 846 δρόμου
737 778 831 829 τοῦ
880 779 1047 848 ήλίου.
1092 782 1319 849 Λέγουσι
1347 781 1404 833 δὲ
1443 781 1598 834 πάλιν

41 862 242 932 ἀνδρὸς
290 864 529 932 πορείαν,
568 867 701 935 μήτε
739 868 1018 937 τρέχοντος
1072 872 1205 941 μήτε
1240 870 1419 941 ἡρέμα
1454 870 1595 939 βαδί-

40 949 254 1014 ζοντος,
274 954 406 1023 μήτε
438 953 685 1022 γέροντος
720 958 852 1027 μήτε
881 959 1088 1022 παιδὸς,
1105 959 1202 1030 τὴν
1222 960 1441 1029 πορείαν
1462 956 1597 1013 εἶναι

38 1039 143 1093 τοῦ
177 1041 351 1111 ήλίου,
383 1042 472 1095 καὶ
501 1044 541 1093 λ’
576 1045 798 1098 σταδίων
819 1047 1073 1117 καθαρῶν
1097 1044 1256 1101 εἶναι.

127 1131 346 1202 Ἐπειδὴ
369 1132 424 1184 δὲ
453 1133 674 1204 εἴπομεν
697 1135 1195 1209 καθυποϐεϐηκέναι
1219 1140 1343 1202 τοὺς
1368 1140 1597 1210 ἀστέρας

33 1222 173 1283 τοὺς
219 1224 489 1294 πλάνητας
525 1225 629 1280 τῶν
671 1227 873 1291 ὲπάνω,
898 1230 990 1281 καὶ
1017 1229 1113 1300 τὴν
1144 1222 1400 1284 ἀνωτάτω
1426 1232 1596 1300 ζώνην

35 1312 192 1381 ἔχειν
236 1313 327 1385 τὸν
378 1315 469 1368 τοῦ
513 1318 742 1386 Κρόνου,
770 1321 870 1389 τὴν
907 1321 963 1373 δὲ
1009 1322 1145 1391 μετὰ
1175 1322 1375 1393 ταύτην
1398 1325 1485 1375 τὸν
1507 1322 1595 1375 τοῦ

30 1404 189 1471 Διὸς,
219 1405 317 1477 τὴν
348 1406 403 1459 δὲ
430 1408 615 1478 τρίτην
639 1410 842 1463 τὸνττοῦ
875 1414 1086 1482 Ἀρεος,
1113 1414 1204 1467 καὶ
1238 1414 1463 1484 καθεξῆς
1492 1416 1595 1467 τῶν

30 1493 221 1548 ἄλλων
238 1510 253 1526 ⁸
287 1494 413 1560 ἴσως
436 1498 502 1550 ἂν
533 1499 783 1571 ζητήσειέ
809 1518 890 1564 τις
913 1502 1027 1565 πῶς
1056 1521 1253 1575 φαμεν,
1277 1508 1324 1558 εί
1347 1506 1486 1558 οὕτω
1507 1507 1596 1558 τύ-

30 1599 151 1650 χοι,
184 1582 387 1655 Κρόνον
412 1587 503 1639 καὶ
532 1588 680 1657 ἥλιον
712 1592 769 1642 έν
798 1592 952 1661 Κριῷ
984 1589 1118 1645 εἶναι
1141 1611 1153 1623 ·
1178 1595 1210 1663 ἢ
1251 1595 1476 1665 σελήνην
1504 1598 1596 1649 καὶ

28 1672 144 1726 Δία
198 1675 254 1727 ὲν
302 1676 521 1747 Ταύρῳ⁸
550 1678 583 1748 ἢ
612 1679 801 1744 ἄλλους
855 1684 1006 1745 τινὰς
1039 1684 1269 1753 ἀστέρας
1302 1686 1512 1737 σύνοδον
1526 1688 1598 1749 ⁸⁷,

29 1765 209 1818 ὁπότε
233 1767 306 1837 μή
342 1761 478 1822 εἰσιν
508 1772 565 1823 έν
593 1770 669 1841 τῷ
699 1772 846 1842 αὐτῷ
880 1774 1000 1842 ὕψει
1031 1777 1330 1845 φερόμενοι.
1368 1778 1592 1829 Λεκτέον

28 1854 119 1917 δὲ,
137 1855 220 1909 ὅτι
240 1857 329 1910 ὑπ’
344 1857 600 1929 ἀλλήλους
621 1860 771 1925 ὄντες
792 1863 909 1915 τότε
938 1864 1180 1927 συνόδους
1201 1864 1592 1928 ποιοῦσιν,ὃταν

30 1937 190 2035 κατά
215 1938 435 1994 κάθετον
463 1942 702 2011 ἀλλήλων
755 1946 1033 2012 γένωνται.
1069 1948 1273 2035 Είδέναι
1302 1949 1356 2001 δὲ
1378 1948 1499 2019 χρὴ,
1524 1948 1597 2010 ὡς
1629 1933 1670 1994 Β

28 2028 89 2080 οἱ
109 2028 429 2101 ἀστρονόμοι
466 2032 667 2087 διδόασι
697 2032 869 2098 ζώνας
892 2036 999 2092 τῶν
1033 2028 1312 2109 πλανήτων
1334 2039 1591 2109 ἀστέρων.

42 2120 109 2170 '0
164 2120 223 2171 δὲ
279 2121 497 2174 Πλάτων
552 2125 784 2195 σφαίρας
834 2125 969 2180 εἶναι
995 2128 1139 2195 λέγει
1176 2129 1299 2198 μίαν
1332 2129 1435 2181 ὑπὸ
1469 2130 1594 2198 μίαν

30 2210 276 2280 ἑκάστῳ.
318 2213 373 2266 Ὁ
398 2214 454 2267 δὲ
486 2216 735 2285 Ἄρατος,
763 2218 889 2287 περὶ
923 2218 1027 2271 τῶν
1057 2219 1212 2272 πέντε
1241 2219 1414 2287 λέγειν
1458 2236 1594 2290 παρ-

29 2303 422 2372 αιτησάμενος.
457 2307 592 2375 μετά
624 2308 723 2379 τὴν
765 2310 873 2361 τῶν
910 2310 1246 2378 φαινομένων
1278 2310 1437 2375 δεῖξιν
1468 2311 1594 2381 περὶ

30 2393 194 2463 ήλίου
222 2395 314 2448 καὶ
346 2395 571 2469 σελήνης
594 2398 758 2467 λέγει.
1021 2410 1038 2426 '

102 2579 230 2632 Τῶν
274 2580 330 2633 δὲ
378 2554 627 2652 ἀστέρων
660 2584 711 2636 οἱ
749 2584 847 2655 μὲν
896 2583 1149 2648 ἀπλανεῖς
1186 2585 1479 2656 ὲναρήρασι
1514 2584 1591 2655 τῷ

29 2671 273 2741 οὐρανῷ,
306 2673 398 2726 καί
446 2676 581 2727 εἰσιν
635 2675 878 2745 ἀκίνητοι
938 2675 1073 2729 κατά
1113 2676 1204 2729 τὸν
1241 2676 1367 2729 ῐδιον
1402 2676 1585 2745 λόγους
1616 2680 1620 2684 “

33 2764 538 2837 συμπεριφέρονται
571 2767 643 2821 δὲ
668 2771 733 2839 τῇ
771 2768 916 2841 ῥύμῃ
945 2768 1039 2821 τοῦ
1076 2768 1422 2840 οὺρανοῦ,ἀεὶ
1456 2769 1590 2823 κατὰ

29 2854 106 2907 τὰ
164 2854 303 2910 αὺτά
346 2856 440 2909 καὶ
479 2857 738 2922 ὡσαύτως
778 2858 1020 2924 δύνοντες
1066 2860 1157 2913 καὶ
1188 2858 1584 2923 ἀνατέλλοντες·

29 2946 117 2999 διὸ
165 2946 259 2999 καὶ
315 2946 573 3011 ἀπλανεῖς
625 2949 949 3020 ἐκλήθησαν.
976 2950 1155 3002 Ἀλλοι
1190 2950 1247 3004 δέ
1290 2952 1424 3003 εἰσιν
1455 2950 1591 3003 ἑπτὰ

30 3038 269 3109 ἀστέρες
300 3038 590 3110 κατωτέρω
638 3040 731 3092 τοῦ
774 3040 1001 3111 οὐρανοῦ
1046 3042 1103 3093 ὲν
1150 3040 1227 3111 τῷ
1268 3042 1472 3112 ἀέρι⁹⁸,
1500 3042 1593 3094 καὶ

35 3129 186 3193 ἰδίως
215 3130 307 3183 καὶ
347 3131 484 3200 μετά
525 3130 617 3183 τοῦ
652 3131 876 3199 ούρανοῦ
908 3130 1238 3201 κινούμενον
1274 3133 1465 3195 οἵτινες
1513 3131 1591 3202 τῷ

34 3221 178 3275 ίδίαν
232 3210 451 3293 κίνησιν
500 3222 664 3292 ἔχειν,
702 3223 794 3276 καὶ
856 3224 930 3296 μὴ
978 3225 1236 3298 ἀρηρέναι
1260 3225 1335 3296 τῷ
1357 3226 1587 3297 οὐρανῷ,

33 3314 154 3367 ἀλλ’
189 3315 247 3368 ἐν
273 3314 349 3386 τῷ
380 3313 553 3385 αἰθέρι
587 3315 862 3386 φέρεσθαι,
889 3314 1010 3370 οὔτε
1040 3316 1180 3371 κατά
1200 3318 1268 3371 τά
1299 3316 1434 3370 αὐτά
1469 3317 1598 3369 οὗτε·

29 3404 297 3469 ὡσαύτως
319 3406 662 3460 ἀνατέλλουσι
682 3425 696 3439 ο
722 3407 801 3460 διὸ
828 3408 965 3479 πρὸς
995 3408 1278 3479 σύγκρισιν
1298 3409 1402 3462 τῶν
1422 3409 1592 3463 ἀπλα-

31 3494 143 3548 νῶν
173 3494 439 3569 πλάνητες
473 3496 739 3563 λέγονται.
770 3498 833 3550 οι
861 3496 920 3550 δὲ
958 3499 1312 3572 Πυθαγόρειοι
1340 3501 1400 3553 οὐ
1436 3500 1592 3570 μόνον

30 3585 163 3648 τοὺς
209 3584 483 3657 πλάνητας
521 3588 657 3641 ίδίαν
684 3588 893 3659 κίνησιν
936 3587 1079 3659 ἔχειν
1126 3593 1308 3659 φασὶν,
1330 3590 1591 3644 ἀλλὰ¹κα¹ι

30 3677 160 3739 τοὺς
201 3676 487 3741 ἀπλανεῖς·
520 3678 663 3732 οὕτω
714 3680 893 3749 μέντοι
923 3681 1188 3735 κινεῖσθαι
1221 3682 1296 3744 ὡς
1324 3682 1590 3751 τρύπανον

31 3762 473 3834 περιδινούμενον
511 3769 637 3836 περὶ
662 3767 754 3820 τὸν
782 3768 945 3821 αὑτὸν
979 3770 1161 3823 τόπον.
1197 3770 1492 3822 Ἐκλείπειν
1534 3771 1590 3822 δὲ

30 3856 263 3917 ἔκαστος
304 3858 425 3911 τότε
456 3857 563 3913 τῶν
596 3860 840 3931 ἀστέρων
862 3860 1024 3926 δοκεῖ,
1048 3862 1157 3925 ὅτε,
1184 3863 1587 3933 προσγειότερος

31 3946 201 4001 αὑτοῦ
236 3950 375 4041 κατά
404 3950 625 4005 κάθετον
651 3952 955 4022 γενόμενος,
983 3954 1281 4009 ὑπεισέλθοι
1308 3954 1402 4026 τὴν
1420 3955 1590 4026 αὐγὴν

30 4038 127 4092 τοῦ
165 4038 336 4109 ήλίου.
618 4070 623 4071 ν

624 4237 764 4306 Περὶ
803 4238 998 4306 ἡλίου.

102 4324 192 4385 ιϐ’.
236 4325 428 4388 Πολλοὶ
480 4325 587 4378 τῶν
641 4329 1075 4400 ὲπιφανεστέρων
1101 4328 1225 4399 περὶ
1248 4329 1291 4361 ⁹⁹
1320 4327 1468 4398 ἡλίου
1497 4327 1590 4381 καί

34 4417 263 4488 σελήνης
318 4417 861 4489 ἐπραγματεύσαντοο
916 4420 1021 4490 ἰδίᾳ
1072 4420 1128 4473 δὲ
1169 4421 1261 4473 καὶ
1314 4420 1442 4490 περὶ
1485 4420 1589 4472 τῶν

34 4492 219 4575 πέντεέ
265 4509 356 4562 Διὺ
390 4494 497 4564 ⁸καί
539 4510 769 4580 ’Ἄρατος
814 4510 954 4574 ἰδίως
1003 4512 1102 4581 μὲν
1145 4511 1270 4581 περὶ
1314 4511 1462 4581 ἡλίου
1497 4512 1589 4563 καὶ

1700 692 1877 749 minos
1898 692 2171 759 dividunt,
2196 695 2331 749 adeo
2350 703 2407 750 ut
2433 696 2706 751 tricesima
2722 710 2846 766 pars
2862 696 3025 761 hom,
3041 710 3160 766 quae
3179 696 3232 750 in

1699 783 2056 851 aequinoctiali
2083 784 2170 841 die
2200 785 2280 849 ﬁt,
2305 788 2592 842 terminum
2620 787 2813 844 solaris
2835 801 3028 843 cursus
3060 787 3233 841 nomi-

1697 881 1846 928 nent.
1879 873 2142 931 Assemnt
2167 883 2427 945 praeterea
2457 877 2559 933 iter
2593 879 2715 942 viri,
2746 879 2842 949 qui
2869 892 3043 947 neque
3072 890 3235 931 cursu

1698 964 1940 1029 feratur,.
1956 964 2130 1037 neque
2172 968 2314 1023 lente
2342 970 2635 1038 gradiatur,
2664 983 2841 1038 neque
2863 984 3024 1024 senex
3049 967 3120 1023 sit
3144 972 3236 1020 aut

1698 1070 1852 1125 puer,
1892 1058 2023 1113 solis
2048 1058 2152 1113 iter
2176 1074 2318 1124 esse,
2340 1074 2403 1114 ac
2426 1060 2628 1115 tricena
2656 1073 2776 1115 esse
2794 1071 2943 1113 mera
2969 1056 3160 1112 stadia.

1733 1135 1741 1143 ’
1764 1140 1897 1197 Cum
1923 1152 2101 1199 autem
2130 1147 2375 1215 planetas
2395 1147 2690 1202 dixerimus
2712 1145 3080 1215 superioribus
3107 1144 3237 1198 stel-

1698 1231 1766 1287 lis
1821 1234 2093 1303 subjectos
2137 1251 2280 1300 esse,
2314 1252 2379 1292 ac
2418 1251 2725 1308 supremam
2760 1249 2947 1291 zonam
2993 1235 3238 1289 obtinere

1698 1320 2010 1389 Saturnum,
2053 1327 2353 1395 proximam
2401 1328 2468 1382 ab
2519 1342 2605 1393 eo,
2632 1325 2839 1392 Jovem,
2869 1324 3080 1379 tertiam
3113 1338 3237 1379 esse

1699 1413 1905 1481 Martis,
1954 1430 2017 1470 ac
2075 1416 2329 1487 deinceps
2382 1422 2626 1480 caeteros,
2656 1423 2859 1486 quaeret
2894 1414 3089 1484 aliquis
3120 1412 3231 1466 [οι--

1696 1513 1860 1571 tasse,
1891 1506 2161 1575 quomodo
2179 1507 2286 1572 dici
2310 1507 2498 1572 soleat,
2520 1504 2834 1570 Saturnum,
2861 1504 3091 1573 exempli
3117 1515 3234 1573 gra-

1692 1598 1787 1660 tia,
1816 1598 1900 1651 vel
1960 1598 2135 1652 solem
2194 1600 2250 1652 in
2290 1599 2472 1653 Ariete
2518 1598 2758 1663 versari;
2789 1604 2883 1650 aut
2917 1596 3122 1660 lunam,
3150 1593 3236 1649 vel

1692 1678 1875 1735 Jovem
1906 1680 1961 1734 in
1988 1680 2199 1747 Tauro;
2225 1683 2308 1737 vel
2333 1682 2469 1755 alias
2489 1681 2669 1738 stellas
2684 1680 2756 1735 ibi
2778 1681 2833 1734 in
2859 1678 3067 1749 synodo
3090 1692 3234 1743 esse,

1693 1788 1815 1827 cum
1863 1774 1920 1827 in
1960 1773 2147 1830 eadem
2198 1774 2480 1830 altitudine
2506 1790 2627 1831 esse
2672 1778 2958 1844 nequeant.
2988 1769 3124 1824 Huic
3161 1771 3258 1845 ita.

1693 1862 2100 1932 respondemus,
2155 1878 2278 1918 cum
2326 1864 2430 1919 sibi
2472 1863 2701 1919 invicem
2739 1862 2982 1930 subjecta
3013 1864 3141 1913 sunt
3170 1871 3235 1912 ea

1694 1952 1892 2017 sidera,
1918 1952 2182 2022 synodum
2211 1952 2388 2006 facere
2405 1969 2420 2017 ;
2437 1967 2560 2007 cum
2587 1950 2838 2006 videlicet
2851 1949 3055 2003 directe
3067 1960 3231 2000 unum

1695 2043 1848 2097 alteri
1898 2043 2202 2113 subjicitur.
2238 2043 2530 2097 Sciendum
2576 2050 2757 2096 tamen
2786 2048 2870 2095 est
2896 2046 3235 2093 astronomos

1694 2132 1925 2203 planetis
1953 2132 2190 2188 circulos
2220 2132 2516 2203 assignare,
2546 2131 2822 2187 Platonem
2842 2142 2970 2184 vero
2996 2127 3236 2196 sphaerae

1692 2239 1813 2281 esse
1861 2231 2070 2294 putare,
2121 2234 2353 2295 quarum
2387 2224 2542 2278 alteri
2589 2223 2758 2279 altera
2815 2218 3092 2291 supposita
3138 2218 3231 2273 sit.

1691 2317 1890 2374 Aratus
1938 2332 2100 2387 porro
2151 2332 2276 2373 cum
2322 2316 2388 2372 de
2441 2315 2680 2387 quinque
2726 2312 2957 2384 planetis
2996 2309 3234 2367 scribere

1691 2408 1977 2471 renuisset,
1995 2415 2281 2477 postquam
2306 2406 2373 2462 de
2397 2404 2782 2477 apparentibus
2809 2415 3029 2458 carmen
3055 2396 3235 2453 absol-

1672 2498 1791 2563 vit,
1820 2499 1887 2553 de
1914 2482 2028 2553 sole
2055 2500 2165 2569 agit
2210 2511 2273 2552 ac
2304 2498 2453 2552 luna.

1757 2588 1926 2659 igitur
1951 2589 2252 2653 stellarum,
2278 2602 2399 2656 qua:
2430 2588 2732 2641 inerrantes
2752 2581 3031 2643 dicuntur,
3060 2577 3237 2632 inﬁxae

1689 2658 1815 2735 sunt
1859 2680 2017 2743 οωιο,
2050 2686 2103 2733 et
2153 2677 2411 2748 peculiari
2465 2675 2673 2729 ratione
2714 2660 2842 2729 sunt
2879 2668 3181 2725 immobiles
3215 2658 3249 2723 ι’

1689 2771 1906 2826 tametsi
1961 2770 2083 2824 caeli
2145 2767 2633 2823 circumvolutione
2684 2762 2986 2832 rapiantur,
3041 2758 3230 2814 iisdem

1690 2864 1823 2919 locis
1876 2878 1940 2918 ac
1978 2862 2227 2917 similiter
2260 2873 2490 2915 occasus
2531 2862 2792 2925 ortusque
2842 2852 3139 2908 facientes:
3164 2848 3234 2903 ob

1692 2954 1742 3009 id
1807 2955 2109 3011 inerrantes
2146 2951 2316 3006 dictae
2355 2956 2500 3005 sunt.
2531 2946 2727 3002 Praeter
2747 2946 2847 3001 has
2865 2944 2982 2999 alia:
3005 2935 3134 2997 sunt
3156 2955 3236 2995 se-

1690 3056 1833 3116 ptem
1880 3038 2109 3098 numero
2166 3041 2334 3096 stellae
2388 3038 2532 3093 inira
2570 3037 2767 3092 celum
2796 3047 2917 3104 qua:
2957 3032 3012 3086 in
3039 3030 3234 3085 ethere

1690 3144 1798 3189 tam
1825 3134 2046 3205 proprio
2075 3140 2247 3205 motu,
2280 3145 2442 3202 quam
2480 3130 2745 3198 impresso
2770 3126 2837 3181 iis
2866 3124 2934 3179 ab
2963 3123 3102 3178 caelo
3128 3136 3234 3174 mo-

1689 3233 1899 3281 ventur.
1929 3225 2059 3291 Quae
2090 3238 2211 3278 cum
2238 3221 2507 3292 proprios,
2540 3228 2599 3274 ut
2624 3219 2757 3283 dixi,
2778 3221 2955 3271 motus
2979 3213 3233 3273 habeant,

1690 3332 1861 3386 neque
1889 3316 1944 3371 in
1968 3316 2107 3371 cmlo
2133 3313 2320 3369 deﬁxae
2350 3299 2480 3383 Sint,
2508 3310 2603 3367 sed
2632 3310 2687 3364 in
2712 3307 2909 3364 aethere
2958 3303 3231 3367 ferantur;

1690 3423 1865 3478 neque
1920 3406 2054 3461 locis
2104 3404 2318 3469 iisdem,
2352 3416 2453 3457 nec
2485 3399 2672 3457 eodem
2701 3396 2860 3453 modo
2893 3393 3142 3450 oriuntur
3181 3398 3235 3445 et

1688 3501 1943 3555 occidunt
1971 3518 1985 3555 :
2013 3508 2294 3569 propterea
2324 3510 2448 3549 cum
2489 3493 2609 3548 ﬁxis
2641 3494 2965 3561 comparatae
3007 3484 3236 3555 planetae

1689 3598 1973 3645 vocantur.
2016 3589 2085 3642 At
2130 3602 2259 3642 vero
2290 3582 2610 3656 Pythagorei
2645 3596 2752 3637 non
2778 3579 2952 3634 solum
2982 3572 3232 3645 planetis,

1689 3681 1783 3735 sed
1804 3680 1967 3735 etiam
1988 3679 2110 3732 ﬁxis
2128 3677 2453 3747 peculiarem
2479 3681 2683 3728 motum
2706 3670 3007 3726 attribuunt
3032 3684 3044 3720 :
3074 3678 3233 3735 quem
3258 3702 3263 3707 ς

1690 3770 1902 3842 quidem
1951 3768 2220 3840 ejusmodi
2256 3781 2379 3823 esse
2406 3765 2613 3831 volunt,
2638 3754 2816 3832 qualis
2855 3768 2937 3815 est
2970 3756 3229 3819 terebra,

1688 3876 1807 3932 quae
1842 3863 2047 3917 circum
2086 3860 2334 3916 eumdem
2358 3859 2533 3911 locum
2553 3854 2805 3911 volvitur.
2841 3850 3077 3921 Denique
3106 3850 3235 3903 tunc

1690 3968 2026 4024 unaquaeque
2067 3953 2342 4008 stellarum
2378 3948 2609 4005 deﬁcere
2637 3945 2867 4010 videtur,
2898 3956 3020 4000 cum
3052 3941 3235 3995 citima

1689 4051 1873 4115 terris,
1895 4062 1959 4103 ac
1987 4046 2089 4102 soli
2116 4060 2182 4101 ex
2211 4043 2417 4119 directo
2451 4039 2628 4109 posita
2661 4035 2763 4093 sub
2809 4034 2927 4102 ejus
2980 4030 3234 4102 splendo-

1690 4156 1800 4196 rem
1829 4139 1993 4196 subit.

2342 4241 2420 4295 De
2457 4240 2585 4295 sole.

1760 4340 1832 4395 De
1888 4337 2248 4409 principatum
2300 4331 2609 4389 tenentibus
2668 4326 2935 4384 sideribus
2999 4323 3112 4381 sole
3172 4337 3236 4375 ac

1689 4434 1815 4486 luna
1872 4430 2179 4499 complures
2234 4432 2459 4497 egerunt
2514 4442 2529 4478 :
2578 4436 2643 4476 ac
2692 4418 2941 4490 privatim
2980 4416 3140 4471 etiam
3169 4412 3236 4467 de

1688 4520 1944 4590 quinque.
1976 4517 2111 4573 Hinc
2128 4516 2325 4570 Aratus
2345 4515 2411 4569 de
2441 4513 2555 4568 sole
2596 4525 2659 4563 ac
2691 4512 2817 4563 luna
2846 4505 3025 4578 operis
3047 4506 3101 4558 in
3131 4502 3235 4557 ﬁne

36 4600 265 4673 σελήνης
310 4602 448 4677 πρὸς
473 4603 549 4673 τῷ
574 4602 716 4655 τέλει
745 4602 843 4671 τῆς
887 4606 1155 4674 ποιήσεως
1191 4601 1361 4667 εἶπεν,
1400 4604 1505 4675 ίδίᾳ
1539 4605 1593 4656 δὲ

1696 4612 1916 4681 scripsit
1946 4630 1960 4665 ;
1994 4609 2061 4665 de
2106 4607 2344 4678 quinque
2378 4618 2507 4659 vero
2533 4603 2588 4656 in
2620 4610 2685 4655 eo
2713 4599 2808 4670 qui
2838 4597 3131 4665 inscriptus
3154 4605 3237 4649 est

35 4694 161 4764 περὶ
186 4692 296 4747 τῶν
324 4695 487 4751 πέντε
513 4696 571 4765 ὲν
585 4694 664 4765 τῷ
690 4696 1109 4766 ἐπιγραφομένῳ
1128 4698 1364 4750 Κανόνι.
1391 4698 1500 4768 Τὴν
1531 4698 1587 4751 δὲ

34 4786 221 4839 οὐσίαν
252 4785 345 4838 τοῦ
562 4783 785 4840 Πλάτων
827 4787 1131 4856 περιέργως
1163 4790 1226 4840 ὲκ
1256 4788 1425 4877 πυρὸς

38 4894 166 4956 φησι
182 4892 199 4908 '
229 4876 372 4940 τινὲς
395 4861 452 4930 δὲ
474 4878 581 4932 τῶν
606 4877 847 4947 φυσικῶν
868 4876 927 4941 ἐξ
944 4861 1355 4947 ἀναθυμιάσεωξ
1376 4878 1478 4947 γῆς
1496 4879 1588 4931 καὶ

35 4968 209 5037 νεφῶν
240 4968 400 5035 αὑτὸν
428 4963 585 5024 εἶναι.
628 4970 992 5040 Ἀναξαγόρας
1018 4969 1213 5040 μύδρον
1245 4970 1401 5023 αὐτὸν
1428 4966 1545 5024 εἷπε
1567 4987 1580 5000 ·

38 5062 281 5126 Φιλόλαος
330 5062 419 5127 δὲ,
457 5063 516 5115 τὺ
564 5063 810 5135 πυρῶδες
849 5064 939 5116 καὶ
975 5064 1189 5131 διαυγὲς
1248 5063 1586 5133 λαμϐάνοντα

38 5153 236 5210 ἄνωθεν
271 5152 378 5207 ἀπὸ
400 5152 493 5206 τοῦ
530 5154 769 5224 αιθερίου
796 5155 985 5224 πυρὸς,
1012 5156 1145 5226 πρὸς
1168 5156 1314 5225 ἡμᾶς
1359 5155 1587 5225 πέμπειν

38 5244 130 5312 τὴν
161 5230 340 5315 αὐγὴν
362 5244 452 5300 διά
487 5261 648 5298 τινων
686 5245 1075 5316 ἀραιωμάτωνο
1108 5246 1243 5300 ὥστε
1278 5248 1396 5299 κατ’
1428 5248 1588 5301 αὐτὸν

40 5336 247 5403 τρισσὸν
292 5333 433 5391 εἶναι
480 5336 573 5390 τὸν
607 5335 790 5407 ἥλιον·
838 5337 899 5388 τὸ
936 5338 1034 5407 μὲν
1072 5339 1177 5391 ἀπὸ
1207 5336 1300 5390 τοῦ
1345 5338 1583 5409 αἰθερίου

42 5426 219 5497 πυρόςθ
253 5427 315 5481 τὸ
344 5428 402 5482 δὲ
426 5430 520 5484 ἀπ’
550 5429 758 5483 ἐκείνου
784 5431 1131 5500 πεμπόμενον
1152 5431 1243 5482 ἐπὶ
1268 5430 1357 5482 τὸν
1388 5431 1587 5483 ὑελοει-

43 5512 101 5583 δή
132 5515 218 5567 ὑπ’
250 5516 415 5569 αὑτοῦ
448 5518 733 5590 λεγόμενον
768 5518 916 5588 ἥλιον
934 5536 947 5548 ·
976 5519 1036 5572 τὺ
1063 5518 1122 5572 δὲ
1160 5519 1267 5571 ἀπὸ
1293 5518 1385 5570 τοῦ
1416 5521 1585 5573 τοιού-

44 5621 129 5669 του
156 5605 299 5678 ήλίου
330 5607 466 5677 πρὸς
492 5611 637 5679 ἡμᾶς
667 5609 1029 5679 πεμπόμενον.
1050 5609 1359 5679 Ἐπίκουρος
1383 5608 1436 5661 δὲ
1458 5614 1582 5662 ’κισ-

47 5700 281 5771 σηροειδῆ
310 5700 473 5754 αὑτὸν
497 5700 598 5772 ἔφη
626 5703 689 5755 ὲκ
711 5702 878 5773 πυρὸς
911 5700 998 5754 διά
1027 5702 1315 5772 τρημάτων
1342 5702 1499 5755 τινῶν
1528 5704 1584 5755 τὸ

151 5855 255 5923 ⁸⁷].
288 5854 501 5913 σύνοδον
528 5858 715 5910 ποιεῖν.
792 5855 834 5889 ³³
866 5856 904 5922 f.
943 5854 1135 5924 αἰθέρι.
1214 5857 1256 5887 ’³³
1288 5858 1325 5922 ι.
1369 5854 1507 5924 πέρι.

1453 4785 1587 4841 εἷναί
1618 4832 1621 4837 .

1694 4703 1898 4757 Canon.
1931 4700 2088 4767 Quod
2126 4698 2194 4753 ad
2222 4697 2356 4752 solis
2397 4702 2647 4748 naturam
2691 4688 2943 4760 pertinet,
2970 4682 3236 4740 curiosius

1699 4794 1859 4848 Plato
1899 4808 1966 4848 ex
2018 4792 2139 4861 igne
2192 4794 2444 4843 constare
2483 4783 2667 4847 docet;
2706 4779 2918 4850 quidam
2951 4772 3155 4845 physici
3207 4788 3237 4826 e

1694 4894 1855 4941 terra:
1882 4900 1947 4940 ac
1981 4883 2203 4937 nubium
2245 4875 2697 4933 exhalationibus.
2715 4873 3061 4938 Anaxagoras
3092 4879 3237 4919 mas-

1695 4992 1810 5032 sam
1878 4974 2135 5045 ignitam;
2192 4968 2464 5024 Philolaus
2526 4962 2771 5021 eumdem
2818 4954 3077 5027 quidquid
3142 4954 3238 5008 ha-
3284 4972 3287 4977 ν

1691 5070 1781 5124 bet
1839 5071 2051 5137 igneum
2104 5077 2167 5116 ac
2210 5071 2556 5129 transparens
2583 5071 2648 5111 ex
2686 5052 2907 5108 aetherio
2928 5051 3070 5121 igne,
3094 5048 3236 5137 quod

1698 5136 1879 5227 supra,
1906 5156 2081 5223 ipsum
2113 5160 2218 5215 est,
2250 5148 2550 5219 exprimere
2576 5149 2749 5213 putat,
2776 5156 2841 5194 ac
2869 5155 2965 5210 per
2992 5136 3233 5208 quaedam

1694 5252 1951 5306 rimarum
2007 5244 2295 5299 interstitia
2352 5238 2689 5309 splendorem
2726 5233 2794 5288 ad
2820 5248 2918 5286 nos
2958 5227 3232 5283 transmit-

1689 5348 1835 5404 tere;
1873 5336 2006 5391 adeo
2036 5343 2097 5388 ut
2119 5334 2311 5403 triplex
2339 5330 2409 5385 sit
2437 5342 2500 5381 ex
2527 5325 2646 5395 ejus
2674 5324 2925 5394 opinione
2967 5318 3067 5373 sol.
3101 5314 3233 5368 Nam

1690 5431 1882 5501 partim
1915 5443 1981 5484 ex
2012 5427 2233 5483 aetherio
2262 5427 2383 5495 igne
2408 5420 2672 5477 conﬂatus
2695 5426 2783 5473 est
2812 5434 2823 5470 :
2854 5414 3039 5485 partim
3068 5411 3137 5464 ab
3170 5424 3237 5463 eo

1689 5520 1754 5572 ad
1793 5520 1961 5575 solem
1997 5519 2168 5582 illum,
2194 5531 2353 5586 quem
2400 5514 2526 5567 vitri
2563 5512 2793 5566 similem
2829 5511 3002 5569 vocat,
3039 5502 3234 5555 nonni-

1690 5612 1763 5665 hil
1819 5610 2080 5664 emittitur
2112 5629 2125 5663 :
2157 5609 2351 5679 partim
2409 5608 2477 5661 ab
2510 5605 2613 5660 hoc
2657 5604 2774 5672 ipso
2817 5598 2883 5652 ad
2927 5609 3026 5649 nos
3065 5608 3234 5661 usque

1691 5710 1889 5756 manat.
1931 5701 2193 5772 Epicurus
2226 5699 2455 5770 pumicis
2500 5695 2733 5768 speciem
2784 5682 2983 5743 habere
3028 5691 3229 5743 Censet.
