4094 6328
717 467 724 472 .
803 420 911 476 9'59

1847 420 1937 474 AD
1979 419 2240 476 EUSEBII
2274 418 2663 474 CllBONICON
2693 419 3072 482 APPENDIX.~
3101 477 3122 485 ,,
3903 421 3978 475 960

806 541 970 600 atque
1022 548 1089 588 ex
1133 548 1257 601 igne
1304 548 1402 602 per
1445 534 1688 605 quaedam
1732 533 1995 588 foramina
2021 534 2358 605 splendorem

2463 533 2578 601 φῶς
2619 533 2986 604 ἐκπέμποντα.
3018 533 3172 596 Τινὲς
3209 535 3286 596 δὲ,
3320 527 3396 588 ὧν
3427 536 3544 586 ἐστι
3574 533 3667 587 καὶ
3708 533 3978 604 Ἀναξίμαν-

805 621 1089 688 ejaculari.
1125 621 1403 685 Nonnulli,
1429 631 1490 677 ut
1532 623 1954 687 Anaximander,
1981 625 2152 678 lucem
2188 627 2256 678 ab
2299 639 2363 679 eo

806 713 900 780 qui
932 714 1002 768 sit
1032 723 1164 767 rota:
1197 715 1410 778 similis,
1433 715 1604 768 emitti
1633 717 1892 770 sentiunt.
1922 715 2056 770 Nam
2087 723 2146 769 ut
2172 716 2225 769 in
2248 724 2362 768 rota

809 818 977 856 cavus
997 811 1088 858 est
1104 803 1394 870 modiolus,
1428 805 1514 859 cui
1551 805 1698 858 inﬁxi
1727 806 1865 860 radii
1896 804 1962 858 ad
1991 820 2214 860 summa:
2238 820 2364 859 cur-

809 901 1013 947 vatum
1053 892 1313 948 ambitum
1354 895 1562 948 extensi
1598 902 1764 961 sunt;
1801 894 1874 948 ita
1909 895 2076 950 solem
2114 895 2265 949 aiunt
2297 911 2359 948 ex

809 997 944 1035 cavo
959 981 1136 1036 lumen
1157 982 1517 1037 eﬁ'undentem
1542 982 1722 1037 radios
1741 998 2017 1054 spargere,
2041 984 2148 1054 82
2165 985 2362 1054 quibus

810 1073 1236 1142 circumquaque
1271 1074 1573 1127 collustrat.
1601 1071 1737 1127 Sunt
1771 1073 1863 1143 qui
1891 1088 2026 1128 cavo
2057 1088 2122 1128 ex
2151 1074 2270 1127 loco
2310 1080 2364 1127 et

811 1173 1063 1233 angusto,
1109 1165 1249 1218 tuba
1295 1165 1491 1226 instar,
1531 1165 1676 1220 illius
1708 1180 1929 1220 manare
1960 1166 2138 1220 lucem
2170 1165 2361 1220 existi‘

810 1261 980 1316 ment,
1012 1255 1158 1309 velut
1206 1254 1388 1324 igneas
1420 1254 1583 1310 faces.
1611 1254 1727 1311 Jan:
1760 1256 1928 1327 ﬁgura
1972 1256 2106 1311 solis
2143 1256 2212 1310 ab
2240 1255 2361 1312 aliis

810 1360 934 1400 cum
965 1344 1117 1400 disco
1155 1355 1521 1415 comparatur.
1557 1347 1862 1402 Heraclitus
1891 1347 2103 1416 scaphae
2133 1346 2361 1401 similem

798 1421 985 1506 putat,
1043 1435 1211 1490 Stoici
1268 1437 1512 1506 sphaera}.
1561 1423 1828 1493 Caterum
1859 1437 1926 1491 de
1956 1437 2069 1493 sole
2118 1438 2364 1508 plerique

811 1528 1230 1582 commentarios
1263 1527 1590 1595 ediderunt:
1622 1533 1681 1581 ut
1707 1526 2045 1598 Thrasyllus,
2097 1535 2153 1589 et
2193 1527 2363 1582 Adra-

810 1619 930 1672 stus
965 1615 1375 1686 Peripateticus,
1426 1625 1482 1672 et
1531 1617 1993 1686 Aphrodisiensis.
2037 1616 2225 1672 Deﬁcit
2267 1632 2362 1670 au-

811 1714 940 1772 tem,
979 1722 1045 1761 eo
1081 1706 1226 1776 quod
1256 1707 1404 1769 luna,
1434 1713 1493 1760 ut
1521 1707 1742 1775 quidam
1772 1713 2044 1773 asserunt,
2073 1706 2277 1762 directe
2303 1722 2361 1761 se

761 1848 763 1850 .
814 1801 956 1855 inter
994 1802 1170 1869 ipsum
1227 1809 1278 1855 et
1325 1816 1426 1856 nos
1457 1802 1685 1870 mediam
1734 1803 2073 1873 interponit:
2108 1803 2249 1873 quod
2302 1811 2359 1857 ut

2461 625 2605 693 δρος,
2652 624 2781 692 φασὶ
2837 625 3072 696 πέμπειν
3127 624 3286 677 αὑτὸν
3330 623 3391 676 τὸ
3427 623 3560 691 φῶς,
3602 622 3786 694 σχῆμα
3829 624 3978 692 ἔχοντα

2459 712 2671 782 τροχοῦο
2704 714 2913 783 Ὠσπερ
2948 715 3057 784 γὰρ
3076 715 3134 766 ἐν
3165 713 3242 783 τῷ
3279 713 3454 784 τροχῷ
3475 712 3631 782 κοίλη
3661 714 3806 765 ἐστὶν
3825 716 3857 783 ή
3879 716 3977 784 rii-

2464 820 2590 872 μνη,
2628 804 2740 873 ἔχει
2772 804 2828 856 δὲ
2851 805 2945 856 ἀπ’
2978 805 3140 874 αὐτῆς
3175 805 3574 873 ἁνατεταμένας
3614 803 3714 866 τὰς
3757 804 3977 880 κνημῖδας
4058 843 4059 876 1

2461 893 2599 962 πρὸς
2632 894 2730 963 τὴν
2780 893 3102 962 ἔξωθεντῆς
3151 895 3334 963 ὰψίδος
3377 893 3710 964 περιφοράν·
3752 895 3882 947 οὕτω
3909 899 3976 949 καὶ
4058 909 4059 920 ‘

2461 983 2640 1044 αὑτὸν,
2658 983 2764 1036 ἀπὸ
2790 983 2968 1035 κοίλου
2994 984 3052 1035 τὸ
3081 984 3194 1051 φῶς
3219 984 3582 1052 ἐκπέμποντα,
3605 985 3702 1055 τὴν
3724 985 3979 1037 ἀνάστασιν
4011 1019 4024 1046 δ
4058 1055 4059 1058 η

2460 1073 2566 1125 τῶν
2591 1073 2823 1126 ἀκτίνων
2847 1073 3133 1136 ποιεῖσθαι,
3163 1073 3255 1125 καὶ
3282 1072 3476 1136 ἔξωθεν
3501 1074 3666 1136 αὐτὰς
3689 1075 3868 1146 κύκλῳ
3891 1094 3975 1142 φω-

2459 1161 2644 1225 τίζειν.
2681 1163 2835 1227 Τινὲς
2861 1163 2936 1226 δὲ,
2968 1165 3042 1226 ὡς
3066 1163 3172 1216 ἀπὸ
3205 1163 3519 1239 σάλπιγγος,
3559 1165 3621 1216 ὲκ
3651 1165 3825 1217 κοίλου
3845 1165 3976 1217 τόπυ

2461 1255 2554 1306 καὶ
2577 1254 2759 1307 στενοῦ
2793 1255 3090 1324 ἐκπέμπειν
3122 1254 3280 1309 αὐτὸν
3306 1255 3366 1306 τὸ
3395 1256 3527 1322 φῶς,
3558 1255 3745 1324 ὥσπερ
3771 1259 3976 1327 πρηστῆ·
4058 1307 4059 1316 η

2462 1361 2580 1415 ρας.
2621 1344 2808 1414 Σχῆμα
2841 1345 2896 1398 δὲ
2925 1347 3086 1398 αὑτοῦ
3111 1347 3160 1398 οἱ
3196 1349 3292 1416 μὲν
3321 1346 3631 1410 δισκοειδὲς,
3669 1346 3977 1416 Ἡράκλειτος

2459 1434 2514 1486 δὲ
2542 1435 2873 1502 σκαφοειδὲς,
2908 1436 3130 1489 Στωϊκοὶ
3164 1437 3217 1490 δὲ
3247 1437 3576 1508 σφαιροειδὲς
3612 1433 3746 1491 εἶναι
3777 1439 3975 1506 λέγουσι.
4058 1447 4059 1450 “

2460 1523 2680 1585 Πολλοῖς
2695 1525 2750 1577 δὲ
2773 1525 2898 1595 περὶ
2920 1525 3109 1578 τούτου
3131 1531 3494 1596 πραγματεῖαι
3513 1528 3811 1595 γεγόνασιν,
3828 1528 3978 1595 ὥσπερ
4058 1549 4059 1596 ί

2459 1614 2751 1701 Θρασύλλῳ
2780 1616 2873 1669 καὶ
2901 1616 3172 1688 Ἀδράστῳ
3202 1617 3279 1686 τῷ
3312 1619 3419 1671 ἀπὸ
3447 1618 3538 1671 τοῦ
3570 1621 3887 1689 Περιπάτου,
3909 1621 3978 1670 καὶ

2473 1705 2794 1777 Ἀφροδισεί.
2814 1706 3080 1760 Ἐκλείπει
3106 1707 3182 1771 δὲ,
3219 1707 3293 1770 ὡς
3327 1709 3425 1778 μέν
3445 1710 3584 1772 τινές
3603 1726 3785 1777 φασιν,
3807 1710 3977 1779 ἐμπρο-

2462 1797 2584 1849 σθεν
2613 1799 2774 1852 αὑτοῦ
2801 1801 2896 1868 τῆς
2928 1799 3151 1868 σελήνης
3185 1800 3322 1851 κατὰ
3355 1799 3579 1852 κάθετον
3626 1799 3791 1852 αὑτοῦ
3833 1817 3978 1867 γιγνο-
4058 1803 4059 1808 “

816 1866 1148 1960 probabilius
1180 1899 1396 1960 Oportet
1425 1867 1694 1962 amplecti.
1730 1891 1822 1947 Est
1859 1866 2001 1946 enim
2033 1866 2155 1946 luna
2200 1902 2357 1948 terrae

2461 1889 2642 1960 μένης·
2768 1866 2861 1941 και
2916 1866 3132 1958 μᾶλλον,
3154 1891 3228 1952 ὡς
3272 1889 3503 1960 πιθανῷ,
3540 1890 3806 1944 πειστέον.
3836 1892 3977 1962 Προσ-

814 1980 1044 2034 vicinior
1092 1981 1207 2036 sole
1251 1993 1411 2052 atque
1457 1980 1796 2053 depressior;
1853 1982 1998 2052 quod
2038 1985 2238 2038 Aratus
2283 1983 2357 2037 ita

811 2079 1042 2128 testatur
1077 2091 1090 2128 :

983 2184 1143 2241 Stans
1173 2186 1309 2240 inter
1332 2195 1524 2240 terram
1547 2187 1806 2254 solemque
1832 2185 2044 2240 directa.

881 2275 1064 2346 Neque
1094 2292 1223 2332 vero
1252 2276 1520 2331 defectum
1566 2279 1766 2347 patitur
1792 2278 1872 2331 sol
1909 2296 1924 2332 :
1966 2277 2068 2332 etsi
2099 2277 2172 2332 ita
2203 2278 2358 2333 nobis

810 2365 1042 2422 videtur.
1065 2365 1198 2420 Nam
1244 2382 1367 2421 cum
1415 2367 1481 2422 ad
1531 2369 1973 2438 perpendiculum
2017 2369 2067 2424 ei
2116 2371 2358 2438 subjecta

812 2459 941 2512 luna
989 2456 1170 2522 fuerit,
1210 2458 1354 2514 illius
1381 2458 1549 2515 radiis
1591 2460 1791 2523 obstat,
1817 2474 1883 2512 ne
1913 2458 1980 2513 ad
2016 2474 2138 2524 nos,
2181 2461 2272 2530 qui
2304 2461 2358 2514 in

811 2558 954 2604 terra
992 2564 1202 2614 sumus,
1235 2564 1406 2618 usque
1438 2550 1760 2620 pertingant.
1787 2551 1972 2620 Itaque
1995 2551 2153 2606 nobis
2190 2552 2360 2605 multo

811 2637 1167 2694 inferioribus
1215 2641 1341 2694 luna
1370 2640 1599 2696 deﬁcere
1651 2640 1884 2697 videtur.
1916 2641 2019 2697 Sed
2065 2658 2164 2696 nec
2195 2643 2360 2697 totius

809 2730 964 2794 solis,
1006 2746 1192 2786 verum
1223 2733 1390 2801 partis
1427 2731 1544 2800 ejus
1577 2731 1839 2786 duntaxat
1883 2732 2111 2788 deiectio
2144 2733 2357 2788 accidit.

814 2820 934 2877 Non
973 2824 1118 2878 enim
1153 2830 1332 2892 potest
1356 2824 1514 2894 longe
1546 2825 1721 2877 minor
1749 2826 1866 2895 ipso
1890 2825 2016 2879 luna
2039 2832 2206 2879 totum
2238 2826 2362 2883 abs-

807 2910 1060 2965 condere.
1095 2909 1268 2977 Quam
1308 2911 1380 2966 ob
1425 2925 1644 2965 causam
1689 2926 1796 2965 non
1831 2910 1899 2965 ab
1925 2910 2177 2966 omnibus
2201 2911 2360 2966 simul

811 3001 1124 3058 hominibus
1177 3001 1430 3057 deﬁciens
1471 3003 1730 3067 cernitur,
1777 3001 1871 3059 sed
1911 3003 2046 3060 alias
2094 3002 2163 3058 ab
2204 3003 2359 3069 aliis,

809 3089 955 3143 velut
1001 3089 1054 3142 in
1110 3097 1284 3143 tractu
1335 3088 1559 3161 Syenes,
1603 3090 1942 3172 Alexandria:
1985 3097 2039 3146 et
2091 3089 2359 3161 Elephan-

2455 1979 2700 2049 γειοτέρα
2744 1981 2849 2049 γὰρ
2894 1979 3056 2032 αὑτοῦ
3096 1982 3301 2050 ἐστινὴ
3351 1978 3566 2050 σελήνη,
3602 1981 3691 2034 καὶ
3728 1981 3979 2051 κατωτέρε
4058 1985 4059 2056 ξ

2457 2069 2550 2120 τοῦ
2586 2068 2736 2138 ήλίου
2758 2085 2770 2099 ο
2815 2068 2954 2121 οὕτω
2989 2069 3096 2138 γὰρ
3122 2071 3221 2122 καὶ
3247 2072 3274 2123 ὁ
3309 2071 3536 2143 ’Ἄρατος
3558 2070 3698 2138 λέγει
3720 2087 3734 2100 ’

2565 2183 2879 2252 Ἰσταμένη
2935 2184 3105 2253 γαίης
3151 2201 3213 2236 τε
3257 2185 3352 2238 καὶ
3399 2185 3619 2252 ἠελίοιο
3651 2188 3774 2238 κατ’
3805 2186 3906 2238 ἰθύ.
4058 2183 4059 2238 i

2532 2276 2644 2328 Οὐκ
2669 2274 2906 2328 ικλειπει
2936 2275 2992 2327 δὲ
3018 2277 3045 2327 ὁ
3074 2275 3241 2343 ἥλιος·
3260 2275 3370 2328 ἀλλ’
3393 2277 3522 2346 ἡμῖν
3543 2276 3706 2329 δοκετ.
3732 2274 3880 2329 λατά
3905 2277 3980 2328 κὰ-
4058 2259 4059 2306 θ

2456 2341 2621 2416 Χθετον
2650 2365 2756 2435 γὰρ
2787 2368 2818 2436 ἡ
2855 2352 3046 2435 σελήντη
3071 2341 3328 2435 γενομένη
3355 2341 3446 2418 “coli
3470 2365 3636 2435 ἡλίου,
3656 2365 3886 2435 ἀνείργει
3904 2367 3980 2426 τὰς
4058 2389 4059 2434 3

2459 2455 2590 2525 πρὸς
2622 2457 2764 2527 ἡμᾶς
2788 2458 2908 2520 τοὺς
2945 2457 3035 2508 ὲπί
3062 2458 3162 2527 γῆς
3190 2446 3361 2524 αὗγὰς
3379 2455 3562 2508 αὐτοῦ.
3581 2457 3688 2507 Καὶ
3713 2457 3841 2526 ἡμῖν
3867 2456 3980 2508 οὕτω
4058 2493 4059 2514 ς

2459 2548 2705 2614 φαίνεται
2739 2547 3029 2618 κατωτέρω
3060 2546 3164 2615 γῆς
3202 2546 3425 2618 σελήνης
3457 2541 3622 2598 οὖσιν.
3657 2546 3765 2614 Οὐχ
3785 2545 3898 2596 ὅλον
3919 2544 3977 2607 δὲ,
4058 2553 4059 2600 ἶ

2459 2636 2590 2689 ἀλλὰ
2620 2637 2815 2707 μέρους
2849 2636 3083 2704 ἔκλειψις
3113 2637 3334 2704 γίνεται.
3364 2636 3436 2687 Οὐ
3463 2634 3569 2706 γὰρ
3596 2634 3829 2696 δυνατὸν,
3857 2633 3980 2686 ἐλάτ-

2458 2744 2582 2780 τονα
2621 2725 2782 2780 οὖσαν
2814 2729 2912 2797 τὴν
2944 2729 3170 2799 σελήνην
3199 2727 3350 2791 πολὺ,
3385 2727 3502 2778 ὅλον
3528 2727 3888 2797 ἀποκρύπτειν
3908 2724 3980 2777 τὸν
4058 2733 4059 2784 l

2459 2820 2626 2889 ἥλιον.
2659 2819 2750 2871 Διὸ
2796 2819 2855 2871 οὐ
2894 2819 3040 2889 παρὰ
3074 2821 3234 2872 πᾶσιν
3264 2817 3564 2890 ἀνθρώποις
3596 2818 3709 2886 ἅμα
3740 2817 3979 2870 ἐκλείπειν

2459 2911 2690 2972 δοκεῖν¹,
2739 2909 2871 2961 ἀλλὰ
2906 2909 3033 2981 παρ’
3081 2910 3284 2992 ἑτέροις
3322 2909 3540 2964 ἄλλοτεο
3572 2903 3679 2961 οἷον
3722 2910 3778 2961 ἐν
3828 2907 3979 2976 Συήνῃ
4058 2941 4059 3002 1

2461 3001 2554 3052 καὶ
2595 2999 2980 3071 Ἀλεξανδρείᾳ,
3032 3002 3126 3053 καὶ
3174 3000 3517 3070 Ἐλεφαντίνῃ
3551 2999 3664 3068 ἅμα
3718 2998 3977 3051 ἐκλείπειν.
4058 2998 4059 3052 Ξ

2461 3092 2564 3143 Τοῦ
2635 3092 2741 3163 γὰρ
2806 3092 2968 3145 αὑτοῦ
3013 3093 3268 3162 κλίματος
3313 3092 3458 3144 δοκεῖ
3514 3090 3682 3144 ταῦτα
3727 3089 3794 3142 τὰ
3836 3089 3978 3158 χωρία
4058 3131 4059 3134 η

809 3181 952 3236 tinos
997 3182 1185 3236 eadem
1220 3191 1460 3252 tempore
1501 3183 1759 3264 deﬁciens
1804 3183 2034 3238 videtur.
2067 3181 2191 3238 Hmc
2214 3183 2356 3239 enim

2459 3180 2610 3236 eivat.
2654 3184 3199 3254 Ἐπραγματεύσαντο
3239 3183 3293 3235 δὲ
3325 3183 3505 3235 πολλοὶ
3550 3183 3674 3253 περὶ
3722 3181 3978 3249 ἐκλείψεων
4058 3229 4059 3242 γ

807 3270 990 3324 omnia
1045 3273 1163 3326 loca
1211 3271 1278 3325 ad
1318 3271 1456 3326 idem
1489 3272 1649 3327 clima
1689 3274 1959 3344 pertinere
1980 3274 2248 3328 videntur.
2284 3272 2358 3327 De
2400 3296 2408 3300 ·

808 3364 1103 3432 eelipsibus
1130 3366 1262 3420 solis
1288 3367 1585 3422 secundum
1619 3368 1838 3422 climata
1863 3375 2066 3437 septem
2093 3367 2359 3437 scripsere

809 3453 1136 3522 complures,
1166 3464 1225 3506 ut
1253 3454 1441 3521 Orion,
1469 3457 1819 3526 Apollinaris,
1844 3439 2188 3516 Ptolemaaus'.
2228 3456 2359 3527 Hip-

809 3533 1066 3612 parchus.
1103 3544 1329 3600 Climata
1357 3546 1613 3602 dicuntur
1639 3546 1758 3603 ideo
1783 3549 1927 3619 quod
1957 3556 2097 3604 terra
2141 3549 2360 3603 minime

798 3635 969 3703 plana
1012 3636 1105 3698 sit,
1140 3637 1232 3692 sed
1264 3638 1554 3694 nonnullas
1595 3638 1923 3695 i'evexitates
1963 3640 2157 3694 habeat
2189 3660 2201 3692 :
2235 3655 2364 3709 quo-

810 3725 957 3778 niam
988 3737 1164 3794 partes
1195 3727 1314 3796 ejus
1352 3729 1737 3785 eminentiores
1771 3732 1887 3785 alia:
1930 3740 2079 3797 sunt,
2110 3731 2226 3785 aliae
2268 3731 2362 3785 de-

805 3813 1096 3883 jectiores,
1147 3831 1209 3871 ac
1251 3825 1438 3888 gentes
1503 3819 1619 3871 alia!
1649 3819 1769 3874 aliis
1808 3821 1864 3873 in
1913 3821 2049 3875 locis
2098 3820 2359 3876 habitant.

819 3906 1010 3960 Annus
1041 3911 1172 3962 solis
1197 3907 1436 3971 ἐνιαυτός
1461 3918 1709 3974 vocatur,
1737 3911 1880 3980 quod
1907 3912 1965 3963 ὲν
1992 3909 2186 3981 ἐαυτῷ,
2208 3913 2262 3964 in
2287 3929 2364 3966 se-

811 3997 929 4064 ipse
966 4005 1316 4068 tempestates
1349 4015 1538 4056 omnes
1585 4009 1818 4072 quatuor
1861 4001 2256 4073 complectitur,
2305 4010 2362 4057 ut

811 4087 1104 4160 Euripides
1133 4091 1336 4147 indicat
1360 4110 1375 4147 :

919 4203 1180 4270 Quoniam
1204 4204 1258 4256 in
1286 4220 1338 4256 se
1360 4216 1549 4256 cuncta
1579 4203 1915 4273 complectens
1953 4203 2124 4261 habet.

879 4317 1200 4386 Appellatur
1233 4331 1408 4372 annus
1447 4317 1579 4372 solis
1609 4318 1677 4372 ab
1701 4318 1890 4373 eodem
1928 4319 2082 4389 signo
2115 4318 2180 4373 ad
2222 4318 2362 4380 idem

811 4405 1087 4462 redeuntis
1138 4409 1420 4464 conversio
1449 4409 1504 4462 in
1534 4409 1638 4462 565
1669 4409 1880 4473 diebus,
1911 4418 1967 4464 et
1993 4411 2183 4480 exigua
2214 4410 2365 4466 insu—

2455 3275 2604 3346 ἡλίου
2657 3276 2794 3328 κατὰ
2837 3276 2904 3327 τὰ
2950 3274 3088 3335 ἑπτὰ
3141 3274 3411 3344 κλίματα·
3467 3274 3651 3343 ὥσπερ
3711 3273 3909 3343 Ὠρίων,
3957 3273 3978 3322 ὁ
4058 3275 4059 3346 ᾗ

2467 3362 2884 3432 Ἀπολλινάριος,
2922 3363 3270 3432 Πτολεμαῖος,
3311 3364 3629 3432 Ἵππαρχος.
3662 3362 3899 3432 Κλίματα
3933 3360 3976 3410 δὲ
4058 3360 4059 3390 Ὗ

2457 3456 2687 3526 εἴρηται,
2717 3456 2805 3509 διὰ
2831 3456 2890 3508 τὸ
2912 3456 3008 3527 τὴν
3036 3457 3136 3526 γῆν
3177 3456 3251 3527 μὴ
3288 3451 3425 3508 εἶναι
3451 3455 3679 3526 ὁμαλὴν,
3709 3452 3838 3506 ἀλλὰ
3862 3451 3976 3520 ἔχειν
4058 3507 4059 3526 1

2457 3539 2564 3595 οἷον
2603 3544 2903 3613 ὲγκλίματά
2941 3563 3079 3611 τινα,
3120 3544 3460 3616 ὑψηλοτέρων
3499 3544 3664 3598 ὄντων
3700 3544 3789 3597 καὶ
3811 3558 3972 3594 ταπει-

2457 3635 2683 3706 νοτέρων
2731 3635 2836 3688 τῶν
2901 3637 3080 3707 μερῶν
3115 3638 3302 3707 αὐτῆς,
3327 3639 3420 3690 καὶ
3467 3636 3564 3698 τὰς
3617 3636 3849 3705 οἰκήσεις
3888 3630 3973 3683 τῶν
4058 3701 4059 3706 η

2457 3725 2623 3780 ἐθνῶν
2665 3726 2826 3790 ἄλλας
2873 3725 3101 3797 ἀλλαχοῦ
3153 3725 3306 3781 εἶναι.
3364 3726 3631 3787 Ἐνιαυτδς
3660 3725 3715 3777 δὲ
3741 3724 3882 3794 ἡλίου
3916 3720 3973 3773 εῐ-

2462 3833 2640 3887 ρηται,
2675 3818 2793 3869 ἐπεὶ
2824 3817 2932 3886 ἔχει
2962 3818 3057 3880 τὰς
3084 3817 3262 3881 πάσας
3285 3817 3432 3888 ὥρας
3455 3819 3512 3869 ὲν
3539 3815 3711 3886 ἑαυτῷ
3740 3815 3971 3883 τέσσαρας

2461 3908 2598 3961 κατὰ
2634 3908 2723 3962 τὸν
2759 3909 3068 3980 Εὐριπίδηνο

2533 4217 2645 4270 Ὄθ’
2674 4217 2866 4270 οὕνεκ’
2902 4220 2970 4270 ἐν
3001 4216 3160 4283 αὐτῷ
3188 4216 3381 4270 πάντα
3419 4217 3736 4273 συλλαϐὼν
3759 4218 3890 4285 ἔχει.

2536 4328 2762 4396 Λέγεται
2787 4329 2841 4380 δὲ
2869 4329 3108 4391 ἐνιαυτὸς
3135 4331 3170 4399 ἡ
3213 4330 3317 4382 ἀπὸ
3342 4329 3434 4383 τοῦ
3459 4329 3648 4394 ζωδίου
3678 4328 3764 4381 ἐπὶ
3794 4327 3850 4381 τὸ
3870 4326 3969 4379 αὐτὸ

2460 4420 2892 4482 ἀποκατάστασις
2930 4419 3089 4472 αὑτοῦ
3137 4421 3193 4471 ἐν
3225 4420 3457 4491 ἡμέραις
3482 4419 3587 4484 τξε¹
3623 4419 3712 4472 καὶ
3746 4419 3968 4488 ἐλαχίστῳ

813 4512 909 4569 per
939 4506 1126 4567 parte;
1158 4496 1226 4552 ad
1257 4497 1399 4554 idem
1423 4512 1552 4552 vero
1581 4506 1840 4568 punctum
1870 4497 2168 4554 octodecim
2204 4501 2359 4555 annis

2466 4509 2654 4579 μορίῳ’
2688 4508 2793 4560 ἀπὸ
2811 4510 2866 4561 δὲ
2895 4508 3115 4578 σημείου
3141 4510 3232 4561 ἐπὶ
3264 4513 3483 4580 σημεῖον
3512 4508 3907 4562 ἀποκαθίσταται
3927 4508 3967 4555 ἐν

814 4591 1146 4645 vertentibus
1176 4589 1314 4646 redit
1353 4609 1366 4644 :
1404 4591 1450 4646 Si
1481 4599 1564 4645 est
1611 4605 1922 4658 germanum
1973 4604 2109 4660 opus
2171 4589 2360 4645 Erato-

811 4683 1042 4738 sthenis.
1072 4681 1170 4736 Hic
1197 4683 1337 4737 enim
1368 4683 1961 4753 scripsit,ostenditque
1983 4697 2090 4736 non
2120 4697 2244 4737 esse
2271 4698 2360 4737 au-

811 4782 1016 4828 ctorem
1068 4772 1369 4831 Eudoxum.
1401 4774 1489 4847 At,
1519 4783 1580 4829 ut
1623 4785 1845 4829 censent
1889 4774 2002 4838 alii,
2030 4773 2089 4827 ﬁt
2132 4774 2226 4826 illa
2274 4790 2359 4830 re-

810 4868 987 4922 rersio
1045 4868 1098 4920 in
1148 4867 1304 4921 annis
1347 4881 1440 4921 sex
1478 4869 1900 4938 etrseptuaginta
1938 4885 1952 4921 :
1988 4881 2108 4936 quae
2147 4875 2230 4921 est
2259 4866 2360 4922 Ca-

811 4957 940 5026 lippi
974 4960 1261 5012 sententia.
1314 4957 1453 5012 Melo
1485 4973 1611 5012 vero
1654 4957 2022 5012 novemdecim
2051 4959 2210 5012 annis
2243 4957 2355 5014 ﬁeri

812 5054 980 5117 putat.
1010 5047 1178 5113 Quem
1216 5051 1414 5103 Aratus
1443 5049 1529 5103 his
1555 5049 1804 5120 versibus
1835 5058 2054 5119 secutus
2077 5056 2160 5104 est
2193 5066 2207 5102 :

809 5189 1156 5201 ——————-—
1177 5161 1502 5214 celebrantur
1529 5160 1644 5228 jam

815 5228 865 5280 Ν
874 5229 1182 5282 ovemdecim
1209 5233 1390 5284 circuli
1421 5229 1680 5297 splendidi
1706 5229 1855 5283 solis.

813 5299 946 5368 Tum
984 5316 1109 5368 quos
1136 5317 1168 5350 a
1208 5299 1374 5353 balteo
1402 5301 1469 5352 ad
1503 5311 1790 5354 extremum
1818 5297 2063 5352 Orionem

816 5367 937 5421 Nox
966 5367 1408 5434 circumvolvitur,
1444 5379 1493 5423 et
1526 5369 1591 5422 ad
1618 5368 1809 5423 Canem
1845 5370 2094 5422 audacem
2125 5367 2356 5424 Orionis.

1265 5480 1340 5534 De
1377 5483 1501 5537 solis
1534 5483 1915 5552 magnitudine.

881 5571 969 5624 20.
1008 5569 1121 5636 Sol,
1165 5580 1224 5626 ut
1254 5573 1422 5638 aiunt,
1456 5583 1652 5628 terram
1701 5574 2071 5644 magnitudine
2119 5588 2357 5646 superat.

819 5663 1048 5730 Quidam
1077 5681 1204 5720 vero
1224 5665 1464 5736 pedalem
1487 5707 1500 5732 ,
1530 5667 1625 5721 alii.
1653 5667 1892 5736 octuplo,
1911 5667 2001 5720 alii
2046 5668 2358 5723 undevicies

926 5821 942 5851 ⁸
976 5819 1013 5875 ί.
1039 5819 1201 5874 δοκεῖ.
1297 5825 1314 5853 ³
1351 5821 1605 5877 Melidosa
1642 5822 1740 5877 ista
1783 5830 1928 5877 sunt.

2458 4598 3047 4668 ὀκτωκαιδεκαετηρίδι,
3067 4599 3196 4668 εἴγε
3213 4601 3429 4671 γνήσιόν
3455 4601 3571 4651 ἐστι
3593 4599 3651 4651 τὸ
3679 4598 3967 4666 σύγγραμμα
4058 4635 4059 4682 ὲ

2471 4689 2932 4760 Ἐρατοσθένους¹.
2978 4685 3146 4752 Οἶιτος
3194 4691 3301 4761 γὰρ
3347 4689 3648 4759 ἀνέγραψεν
3672 4689 3886 4750 δεικνὺς,
3913 4685 3967 4744 ὡς
4058 4705 4059 4738 ξ

2456 4783 2554 4833 οὑκ
2613 4780 2695 4851 εἴη
2740 4781 2987 4846 Εὐδόξου.
3024 4781 3181 4835 Κατὰ
3229 4783 3284 4834 δέ
3330 4797 3482 4842 τινας
3522 4781 3573 4832 ἐν
3616 4775 3967 4850 ἑὸδομήκοντι³

2457 4870 2660 4922 ἔτεσιν·
2707 4865 2775 4940 ἦς
2805 4871 2960 4941 δόξης
2984 4875 3098 4925 ἐστὶ
3130 4873 3222 4924 καὶ
3247 4871 3554 4935 Κὰλιππος.
3603 4873 3751 4926 Κατὰ
3795 4873 3845 4924 δὲ
3879 4867 3963 4922 Μέ-

2459 4978 2600 5013 τωνα
2640 4961 2705 5014 δι’
2740 4962 3377 5034 ὲννεακαιδεκαετηρίδος.
3408 4964 3593 5037 Ταύτῃ
3619 4959 3966 5034 κατηκολούθη-
4058 5035 4059 5040 η

2464 5071 2552 5104 σεν
2585 5055 2815 5124 Ἀρατος
2841 5071 2851 5081 ·
2886 5055 3019 5123 φησὶ
3050 5053 3157 5124 γάρ
3177 5071 3190 5084 ·
3437 5059 3446 5065 ’

2462 5195 2530 5205 α...-

2840 5166 3211 5219 our-addatur
3239 5165 3353 5234 ἤδη

2477 5235 2925 5289 Ἐιννεακαίδεκα
2955 5239 3145 5306 κύκλα
3169 5236 3412 5306 φαεινοῦ
3434 5237 3657 5303 ἠελίοιο
3674 5252 3686 5268 ·

2467 5305 2663 5358 Ὄσσα
2699 5307 2746 5358 τ’
2777 5306 2892 5358 ἀπὸ
2925 5305 3110 5370 ζώνης
3139 5310 3224 5373 εἰς
3249 5305 3511 5374 ἔσχατον
3542 5305 3771 5374 Ὠρίωνα

2465 5374 2592 5438 Νὺξ
2615 5375 2977 5439 ἐπιδινεῖται,
3019 5377 3180 5430 Κύνα
3213 5393 3274 5429 τε
3305 5375 3536 5441 θρασὺν
3571 5375 3845 5442 Ὠρίωνες.

2511 5553 2519 5565 ⁸
2547 5486 2558 5490 ⁷
2905 5486 3042 5556 Περὶ
3079 5487 3363 5557 μεγέθους
3391 5487 3588 5553 ἡλίου.

2536 5584 2606 5631 κ’.
2629 5579 2868 5647 Μέγεθος
2901 5580 3048 5649 ἡλίου
3075 5581 3255 5650 μεῖζον
3279 5579 3380 5647 γῆς
3400 5573 3548 5647 φασι.
3578 5580 3686 5634 Καὶ
3711 5581 3756 5632 οἱ
3789 5577 3873 5649 μὲν
3889 5588 3940 5624 πθ

2464 5671 2647 5724 διαῖον·
2684 5675 2729 5724 οἱ
2786 5673 2838 5725 δὲ
2893 5673 3279 5726 ὀκταπλάσιον
3320 5672 3367 5724 οἱ
3408 5671 3462 5724 δὲ
3500 5666 3956 5727 ὲννεακαιδεκαπλὲ·
4058 5655 4059 5696 Ῡ

2027 5824 2044 5852 ³
2071 5822 2109 5891 Ῑ.
2146 5822 2202 5886 ἒξ
2237 5822 2324 5875 καὶ
2352 5822 2458 5876 ἑϐδ.
