4094 6328
93 438 197 494 961

837 428 1151 487 ACHILLIS
1186 426 1369 484 TATll
1403 424 1697 483 ISAGOGE
1736 422 1825 477 AD
1859 418 2066 475 ARATI
2098 416 2566 475 ΡΙΙᾸΞΝΟΜΕΝΑ.

99 567 241 603 σιον,
271 546 532 621 Φέρε-εσθαι
560 546 615 599 δὲ
647 545 806 597 αὑτὸν
854 544 950 615 τὴν
989 543 1235 596 ἐναντίαν
1274 544 1385 605 τοῖς
1411 542 1669 595 ἀπλανέσι

1792 537 2029 606 najorem
2083 534 2311 589 faciunt.
2364 532 2625 586 Eumdem
2668 527 2939 584 contrario
2968 524 3142 581 stellis
3192 525 3328 578 iner-

96 641 278 710 φοράν
329 639 471 693 κατά
506 638 601 708 τὴν
633 636 765 689 ίδίαν
798 635 1007 706 κίνησιν
1046 634 1152 686 ἀπὸ
1181 633 1397 702 δυσμῶν
1431 634 1513 684 ἐπ’
1538 633 1668 683 ἀνα-

96 732 265 795 τολάς
282 749 294 760 ·
321 728 544 798 ἄγεσθαι
569 728 622 779 δὲ
654 726 758 779 ὑπὸ
782 727 877 796 τῆς
917 723 1185 786 ἀπλανοῦς
1210 724 1318 776 ἀπὸ
1348 721 1453 775 τῶν
1486 723 1672 773 ἀνατο-

100 822 276 874 λικῶν
319 820 497 891 μερῶν
541 819 630 869 ἐπὶ
676 818 744 870 τὰ
789 816 997 881 δυτικά,
1058 816 1198 869 κατά
1240 814 1331 867 τὸν
1376 812 1671 885 Εὐριπίδην

102 914 340 980 λέγοντα
362 926 374 939 ·

252 1021 463 1085 Δείξιις
490 1018 599 1089 γὰρ
629 1017 863 1086 ἄστρων
894 1015 1006 1089 τὴν
1031 1014 1311 1089 ἐναντίαν
1341 1012 1505 1089 eger,

252 1081 577 1159 Δήιὶούςλτῖ
598 1081 828 1149 raeda,
865 1087 962 1138 καὶ
1002 1086 1295 1151 τύραννος
1336 1081 1551 1152 ἱᾰᾶμην.

193 1202 422 1271 Ἀτρεὺς
474 1200 580 1270 γὰρ
642 1194 763 1269 εὗρε
807 1196 911 1248 τῶν
949 1195 1230 1265 πλανήτων
1282 1194 1379 1262 τὴν
1430 1190 1675 1245 ἐναντίαν

112 1270 311 1364 φορὰν,
343 1291 527 1361 ὥσπερ
573 1290 667 1343 καὶ
712 1270 860 1358 ἡλίου
896 1286 1000 1339 ἀπὸ
1037 1284 1302 1338 ἀνατολῶν
1336 1283 1671 1359 κυλιομένου,

113 1386 207 1437 καὶ
236 1383 535 1455 φερομένου
562 1384 638 1443 είς
663 1380 887 1448 δυσμάς.
917 1378 1120 1447 Ὥσπερ
1152 1376 1275 1446 γὰρ,
1298 1377 1344 1427 εί
1368 1375 1517 1443 τύχοι
1544 1364 1678 1444 μῦρ-

117 1478 227 1547 μηξ
284 1476 469 1547 ’ἑρπων
514 1468 1087 1539 ἔξωθενπεριφερείας
1135 1468 1275 1529 τινὸς
1314 1466 1420 1519 ἀπὸ
1462 1466 1677 1535 δυσμῶν

115 1569 204 1619 ἐπ’
253 1564 517 1627 ἀνατολὰς
575 1564 673 1633 τὴν
726 1560 971 1614 ἐναντίαν
1026 1559 1102 1628 τῷ
1148 1557 1325 1628 τροχῷ
1364 1555 1679 1626 ποιούμενος

119 1658 370 1726 πορείαν,
402 1655 733 1725 συμϐήσεται
765 1653 926 1707 αὐτὸν
957 1652 1058 1703 ὑπὸ
1096 1650 1190 1719 μὲν
1227 1650 1326 1718 τῆς
1366 1648 1459 1700 τοῦ
1488 1648 1681 1719 τροχοῦ

120 1748 508 1816 περιδινήσεως
557 1744 663 1795 ἀπὸ
708 1740 978 1795 ἀνατολῶν
1028 1738 1120 1790 ἐπὶ
1179 1737 1383 1807 δυσμὰς
1435 1738 1680 1805 ἄγεσθαι,

122 1838 228 1889 imo
257 1837 318 1889 δὲ
346 1836 443 1904 τῆς
477 1834 604 1896 ἰδίας
624 1836 885 1903 κινήσεως
914 1830 1021 1883 ἀπὸ
1046 1828 1262 1897 δυσμῶν
1289 1830 1372 1880 ἐπ’
1399 1828 1677 1892 ἀνατολάς.

134 1929 298 1995 Ἡμῖν
345 1898 870 1992 δὲ’δυσκατάληγπτον
921 1916 1059 1973 εἶναι
1094 1918 1377 1989 συμϐαίνει
1406 1919 1503 1990 τὴν
1544 1920 1679 1971 ίδίαν
1710 1898 1753 1956 Β

125 2015 291 2068 αὑτοῦ
343 2015 573 2082 κίνησιν.
603 2012 697 2065 ἆτε
721 2011 791 2080 δὴ
818 2009 1017 2080 μικρὰν
1054 2004 1246 2061 οὖσαν·
1278 2008 1356 2061 διὸ
1389 2009 1481 2061 καὶ
1509 2026 1682 2077 παρα-

124 2106 309 2178 τρέχει
344 2104 496 2175 ἡμῶν
519 2103 615 2174 τὴν
648 2094 766 2170 ὄψιν
794 2102 831 2170 ἡ
852 2100 945 2152 τοῦ
983 2098 1265 2170 μύρμηκος
1300 2099 1530 2170 κίνησις,
1565 2098 1685 2163 ὀξυ-

126 2196 292 2267 τέρας
330 2195 491 2264 οῦσης
518 2193 615 2263 τῆς
658 2190 878 2262 τροχοῦ’
913 2190 1003 2242 τὸν
1030 2189 1189 2253 αὑτὸν
1216 2188 1411 2258 τρόπον
1455 2190 1561 2240 νόει
1592 2188 1684 2267 καὶ

126 2252 219 2337 ἐπὶ
266 2252 654 2354 hlium-Torta
818 2277 1011 2349 τροχὸς
1042 2279 1071 2329 ὁ
1101 2252 1344 2346 οὐρανὸς,
1383 2278 1411 2327 ὁ
1454 2276 1507 2327 δὲ
1536 2252 1685 2347 ἣλιος

127 2374 250 2425 ἀντὶ
285 2372 591 2441 μύρμηκος.
632 2369 741 2440 Τὴν
771 2367 828 2420 δὲ
852 2366 1011 2430 δεῖξιν
1045 2362 1245 2433 ταύτην
1276 2364 1360 2414 ἐπ’
1391 2363 1559 2433 αὐτῆς
1588 2366 1685 2435 τῆς

132 2467 370 2532 σφαίρας
419 2460 561 2512 ἐστιν
610 2458 753 2511 ἰδεῖν.
807 2455 928 2508 Ἐὰν
969 2454 1077 2525 γὰρ
1111 2452 1431 2523 ὑποθώμεθα
1475 2452 1685 2524 πρῶτον

133 2552 442 2606 ἀνατέλλειν
491 2548 677 2619 Κριὸν,
704 2546 798 2600 καὶ
834 2546 923 2599 τὸν
954 2546 1100 2615 ἥλιον
1127 2546 1183 2596 ὲν
1210 2543 1379 2613 τούτῳ
1405 2538 1559 2609 εἶναι,
1594 2544 1687 2595 ἐπὶ

134 2646 347 2715 ἡμέρας
379 2642 421 2695 λ’
452 2642 546 2713 τὴν
582 2640 875 2710 μετάϐασιν
917 2636 1077 2691 αὑτοῦ
1125 2636 1231 2689 ἀπὸ
1266 2634 1357 2687 τοῦ
1397 2633 1566 2704 Κριοῦ
1597 2635 1687 2686 εὐ-

139 2739 396 2808 ρίσκομεν
428 2735 504 2796 είς
533 2733 623 2785 τὸν
654 2730 861 2801 Ταῦρον
889 2730 1173 2799 γινομένην
1195 2743 1208 2757 ’
1242 2730 1269 2780 ὁ
1305 2727 1348 2777 δ’
1396 2726 1511 2777 ἐστὶ
1553 2725 1688 2795 μετά

136 2829 225 2880 τὸν
256 2826 443 2897 Κριόν.
486 2823 616 2876 Ἀπὸ
641 2822 744 2874 τῶν
774 2819 1001 2872 δυτικῶν
1020 2820 1125 2891 ἄρα
1148 2817 1326 2890 μερῶν
1350 2817 1441 2867 ἐπὶ
1468 2817 1535 2867 τὰ
1562 2817 1690 2868 ἀνα-

136 2916 344 2975 τολικὰ,
374 2913 484 2966 ἀλλ’
519 2911 638 2979 οὺχὶ
666 2908 927 2962 ἀνάπαλιν
953 2908 1057 2960 ἀπὸ
1092 2906 1200 2959 τῶν
1237 2905 1567 2960 ἀνατολικῶν
1599 2905 1689 2956 ἐπὶ

137 3002 207 3055 τὰ
253 3001 445 3054 δυτικά
483 3000 799 3069 εὑρίσκομεν
841 2996 1133 3065 φερόμενον
1159 2994 1337 3047 αὐτόν.
1374 2995 1542 3063 Δῆλον
1576 2990 1687 3058 οῦν,

138 3095 212 3156 ὡς
248 3095 498 3154 κινεῖται,
532 3091 622 3143 καὶ
654 3089 873 3159 φέρεται
904 3086 1041 3139 κατά
1069 3086 1164 3156 τὴν
1199 3086 1330 3137 ἰδίαν
1358 3085 1565 3155 κίνησιν
1587 3085 1693 3139 ἀπὸ

139 3186 246 3237 τῶν
276 3182 505 3237 δυτικῶν
535 3183 625 3234 ἐπὶ
655 3181 721 3233 τὰ
750 3178 1060 3233 ἀνατολικὰ.

698 3271 833 3339 Περὶ
859 3269 1145 3336 σελήνης.

209 3373 317 3420 κα’.
348 3366 501 3427 Τινὲς
525 3364 642 3417 οὐδὲ
665 3362 800 3424 ὅλως
827 3362 1099 3431 βούλονται
1128 3356 1261 3412 εἶναι
1292 3361 1539 3434 σελήνην.
1565 3360 1693 3413 Ἀλ-

140 3461 221 3513 λοι
252 3461 311 3513 δὲ
337 3458 504 3528 αὐτὴν
548 3456 606 3521 ἐξ
637 3454 1047 3524 ἀναθυμιάσεως
1089 3455 1191 3524 γῆς
1238 3451 1372 3509 εἶναι
1413 3457 1655 3525 λέγουσιν
1676 3474 1691 3486 ·

141 3549 409 3622 Ξτεροιδὲ
439 3549 503 3600 ὲκ
544 3546 711 3616 πυρός
732 3562 745 3576 ’
778 3544 923 3599 ἄλλοι
968 3545 1062 3597 καὶ
1090 3546 1250 3615 ἀέρος
1272 3564 1284 3575 ·
1316 3547 1463 3599 ἄλλοι
1490 3549 1553 3600 ὲκ
1590 3547 1696 3601 τῶν

141 3641 425 3710 τεσσάρων
471 3636 776 3706 στοιχείων⁸
830 3635 1004 3706 ἕτεροι
1058 3635 1115 3687 δὲ
1163 3636 1263 3705 γῆν
1302 3639 1696 3710 πεπυρωμένην

144 3733 482 3803 στερέμνιον,
512 3728 737 3799 ἔχουσαν
775 3726 913 3797 πῦρ·
942 3721 1082 3779 εἶναι
1105 3726 1161 3779 δὲ
1188 3728 1273 3779 ἐπ’
1302 3728 1468 3797 αὐτῆς
1488 3731 1699 3801 οῐκησιν

143 3820 333 3891 ἀλλην,
365 3816 640 3887 ποταμούς
659 3833 718 3868 τε
741 3815 832 3868 καὶ
861 3816 963 3867 ὅσα
990 3815 1079 3867 ἐπὶ
1105 3815 1206 3885 γῆς
1229 3830 1244 3841 '
1275 3818 1366 3869 καὶ
1390 3816 1481 3870 τὸν
1513 3818 1699 3871 λέοντα

143 3910 234 3962 τὸν
261 3910 529 3977 Νεμεαῖον
557 3904 761 3957 ἐκεῖθεν
792 3906 981 3973 πεσεῖν
1004 3904 1396 3973 μυθολογοῦσιν.
1448 3907 1701 3977 Ἐμπεδο-

144 4000 279 4068 κλῆς
318 3998 376 4050 δὲ
406 3997 742 4064 ἀπόσπασμα
784 3995 953 4064 αὑτήν
992 4013 1153 4065 φησιν
1196 3995 1369 4062 ἡλίου.
1411 3999 1604 4070 Σχῆμα
1643 4000 1700 4053 δὲ

145 4092 314 4161 αὐτῆς
361 4089 411 4141 οί
460 4089 554 4158 μὲν
594 4087 944 4158 σφαιροειδὲς,
993 4088 1041 4139 ot
1087 4087 1143 4138 δὲ
1187 4089 1496 4152 δισκοειδές.
1546 4090 1703 4143 Κατὰ

150 4181 296 4251 μῆνα
316 4180 374 4232 δὲ
402 4178 639 4231 ἐκλείπει
662 4194 675 4206 ·
701 4176 775 4238 ὼς
802 4176 896 4247 μὲν
922 4176 1268 4246 Ἡράκλειτός
1292 4195 1475 4248 φησιν,
1504 4179 1702 4249 ὁμοίως

146 4273 226 4345 τῷ
265 4272 404 4344 ἡλίῳ
435 4271 529 4324 τοῦ
561 4269 877 4340 φωτοειδοῦς
925 4272 1198 4340 σχήματος
1239 4272 1697 4341 ἀναστραφέντος·

131 4365 297 4419 ’ἄλλοι
328 4364 386 4417 δὲ
419 4362 513 4416 τοῦ
547 4361 765 4434 στομίου
799 4359 894 4415 τοῦ
931 4361 1285 4432 τροχοειδοῦς,
1314 4362 1381 4415 δι’
1408 4356 1468 4415 οὗ
1494 4363 1703 4432 ἐκπέμ-

150 4471 313 4507 πεται
352 4441 427 4505 ἰδ’
456 4452 590 4521 φῶς,
620 4450 1054 4520 ἀποφραχθέντος
1073 4467 1087 4481 ·
1143 4450 1216 4513 ὡς
1267 4450 1322 4502 δὲ
1367 4450 1533 4513 ἄλλοι,
1580 4452 1703 4504 ὅταν

1717 3218 1764 3281 C

1772 625 2016 680 rentibus
2047 639 2111 678 ac
2140 624 2359 693 preprio
2384 631 2536 676 motu
2567 622 2634 675 ab
2663 634 2861 674 occasu
2897 618 2950 671 in
2979 627 3156 672 ortum
3197 613 3325 668 ferri

1770 716 1984 780 volunt;
2043 712 2258 766 interim
2311 713 2438 765 dum
2491 709 2562 763 ab
2608 708 2965 763 inerrantium
3002 705 3210 775 sphaera
3258 702 3328 755 ab

1769 807 1957 861 ortivis
1994 805 2239 876 partibus
2280 803 2333 857 in
2364 801 2621 856 occiduas
2668 801 2901 871 rapitur,
2938 809 2996 852 ut
3050 797 3135 851 his
3166 796 3329 852 versi-

1774 900 1872 954 bus
1911 906 2138 953 testatur
2163 895 2449 965 Euripides
2481 912 2497 948 :

1918 1010 2139 1064 Ostenso
2167 1009 2303 1062 enim
2330 1017 2596 1061 astrorum
2627 1003 2893 1059 contrario
2922 1012 3089 1067 metu,

1909 1080 2140 1147 Populos
2172 1078 2394 1143 servavi,
2428 1088 2474 1131 et
2511 1086 2765 1148 tyrannus
2790 1073 3021 1128 consedi.

1841 1193 1974 1248 Nam
2027 1191 2225 1246 Atreus
2260 1191 2595 1245 contrarium
2643 1192 2847 1242 motum
2880 1176 3219 1255 planetarum
3248 1197 3332 1237 re-

1773 1286 1935 1357 perit,
1972 1291 2031 1338 ut
2069 1291 2121 1338 et
2154 1283 2285 1337 solis
2336 1281 2403 1335 ab
2455 1289 2580 1335 ortu
2625 1280 2896 1349 tendentis
2934 1278 3002 1330 ad
3048 1289 3329 1330 occasum.

1776 1380 1985 1432 Etenim
2015 1375 2466 1445 quemadmodum
2495 1375 2539 1428 si
2567 1374 2791 1427 formica
2820 1374 2874 1425 in
2904 1369 3171 1425 exteriore
3198 1375 3335 1421 rota:

1776 1469 1983 1523 ambitu
2013 1466 2289 1520 contraria
2312 1475 2472 1535 atque
2504 1464 2597 1517 illa
2624 1462 3008 1533 progressione
3036 1459 3104 1513 ab
3132 1472 3332 1512 occasu

1776 1568 2053 1613 moveatur
2088 1560 2143 1611 in
2171 1559 2458 1622 orientem,
2486 1555 2694 1609 accidet
2718 1554 2770 1607 id
2805 1553 3047 1623 quidem,
3078 1551 3155 1604 uti
3200 1556 3335 1602 rota:

1778 1648 2095 1702 circuitione
2138 1648 2210 1701 ab
2260 1648 2468 1701 oriente
2510 1645 2752 1713 rapiatur
2796 1656 3048 1696 occasum
3083 1654 3277 1694 versus
3313 1657 3330 1693 :

1777 1748 1968 1809 suopte
2002 1755 2129 1794 vero
2156 1747 2304 1793 motu
2346 1740 2413 1793 ab
2441 1753 2640 1793 occasu
2663 1736 2715 1790 in
2747 1742 2948 1788 ortum.
2978 1733 3044 1786 At
3073 1747 3172 1785 nos
3206 1746 3332 1800 pro-
3408 1725 3413 1731 ’

1779 1831 1953 1901 prium
1990 1831 2135 1884 illius
2169 1830 2557 1899 motum,quod
2587 1826 2922 1881 lentissimus
2948 1824 3036 1890 sit,
3063 1838 3199 1895 aegre
3221 1822 3335 1876 dis-

1780 1924 2069 1977 cernimus.
2088 1919 2171 1974 0b
2197 1920 2248 1973 id
2274 1920 2463 1974 oculos
2493 1912 2713 1973 nostros
2742 1917 2923 1986 effugit
2953 1916 3189 1971 formica:
3217 1928 3337 1983 pro-

1782 2012 2008 2079 gressio,
2040 2009 2183 2080 quod
2220 2010 2289 2064 sit
2322 2009 2606 2063 conversio
2658 2009 2747 2061 illa
2798 2017 2929 2061 rotae
2979 2006 3210 2060 citatior.
3231 2003 3337 2055 Eo-

1782 2104 1902 2158 dem
1940 2102 2099 2155 modo
2133 2108 2186 2156 et
2216 2102 2281 2154 de
2319 2099 2433 2154 sole
2469 2100 2812 2168 cogitandum
2848 2105 2951 2157 est,
2984 2103 3042 2148 ut
3073 2096 3118 2148 is
3157 2094 3337 2147 formi-

1738 2220 1739 2225 η
1783 2208 1861 2247 cae
1897 2193 2067 2246 instar
2100 2190 2191 2255 sit,
2226 2190 2423 2243 caelum
2464 2197 2614 2241 τοίω.
2642 2187 2794 2253 Quod
2846 2185 2981 2239 adeo
3026 2185 3081 2238 in
3123 2184 3336 2252 Spliasra

1784 2282 1899 2351 ipsa
1930 2280 2289 2335 demonstrari
2315 2284 2507 2347 potest.
2531 2276 2663 2329 Nam
2687 2277 2732 2330 si
2757 2276 3127 2345 concipiamus
3153 2275 3359 2333 animo.

1783 2374 2013 2443 primum
2063 2370 2297 2425 Arietem
2346 2370 2566 2433 exoriri,
2599 2370 2653 2422 in
2684 2385 2855 2438 eoque
2895 2369 3098 2422 versari
3140 2368 3333 2428 solem,

1788 2470 1910 2533 post
1930 2463 1996 2515 50
2020 2463 2137 2517 dies
2162 2463 2231 2515 ab
2250 2462 2431 2516 Ariete
2451 2461 2739 2515 transitum
2766 2460 2833 2513 ab
2854 2460 2943 2513 illo
2968 2459 3167 2513 factum
3188 2460 3339 2512 inve-

1785 2556 1966 2609 nimus
1998 2552 2064 2607 ad
2093 2552 2351 2615 Taurum,
2382 2551 2477 2620 qui
2516 2553 2584 2605 ab
2605 2550 2784 2605 Ariete
2814 2551 3093 2619 proximus
3115 2558 3218 2604 est.
3240 2549 3340 2619 lgi-

1788 2655 1874 2700 tur
1897 2645 1965 2699 ab
1997 2643 2239 2698 occiduis
2268 2642 2518 2712 partibus
2551 2643 2618 2696 ad
2651 2644 2965 2703 orientales,
3002 2656 3107 2694 non
3146 2650 3339 2695 contra
3373 2645 3377 2648 ’

1787 2736 1854 2789 ab
1885 2733 2240 2790 orientalibus
2276 2733 2340 2786 ad
2384 2732 2640 2787 occiduas
2670 2732 2821 2785 illum
2862 2730 2993 2784 cieri
3039 2731 3342 2799 deprehen-

1787 2826 1986 2880 dimus.
2022 2823 2289 2889 Quocirca
2342 2822 2566 2876 dubium
2604 2836 2712 2875 non
2753 2829 2857 2883 est,
2888 2820 3093 2874 moveri
3137 2820 3338 2890 ipsum,

1790 2915 2025 2986 ferrique
2078 2913 2300 2985 proprio
2378 2921 2530 2968 motu
2580 2912 2648 2967 ab
2695 2911 2940 2967 occiduis
2988 2910 3233 2981 partibus
3284 2911 3340 2963 in

1789 3006 2099 3064 orientales.

2377 3244 2485 3313 83
2527 3242 2602 3296 De
2639 3242 2785 3295 luna.

1859 3336 1948 3390 2i.
1984 3333 2122 3389 Sunt
2148 3334 2240 3404 qui
2282 3334 2465 3388 lunam
2522 3349 2645 3389 esse
2692 3332 2937 3391 funditus
2975 3340 3191 3402 negent.
3236 3331 3344 3386 Alii

1786 3426 2023 3484 terrenis
2042 3426 2478 3483 exbalationibus
2509 3437 2759 3481 constare
2783 3431 3001 3493 putant;
3028 3424 3247 3493 quidam
3278 3438 3345 3478 ex

1794 3522 1953 3591 igne;
1985 3520 2074 3574 alii
2108 3536 2172 3574 ex
2214 3534 2371 3585 aere;
2405 3517 2655 3572 nonnulli
2688 3532 2753 3571 ex
2797 3516 3077 3571 elementis
3114 3522 3347 3585 quatuor

1794 3611 2097 3676 exsistere;
2124 3610 2292 3677 aliqui
2322 3617 2522 3663 terram
2565 3609 2812 3676 ignitam,
2848 3606 3098 3667 solidam,
3142 3615 3195 3659 et
3224 3606 3347 3674 igne

1802 3701 2187 3755 circumfusam
2235 3715 2357 3755 esse
2405 3699 2667 3751 sentiunt.
2719 3696 2799 3749 Ad
2838 3696 2951 3749 haec
2987 3696 3147 3748 aliam
3194 3695 3248 3748 in
3281 3710 3345 3749 ea

1800 3796 2076 3866 regionem
2108 3794 2176 3847 ad
2221 3791 2578 3846 habitandum
2636 3790 2818 3843 inesse
2841 3829 2855 3852 ,
2889 3803 3011 3842 cum
3040 3785 3046 3791 ’
3071 3786 3245 3841 ﬂuviis
3293 3795 3348 3841 et

1797 3886 2032 3949 caeteris,
2068 3900 2189 3954 quae
2220 3885 2273 3937 in
2317 3891 2464 3937 terra
2511 3882 2791 3936 videntur.
2841 3880 3078 3949 lndeque
3118 3878 3347 3934 Nemees

1798 3978 1947 4032 illum
1981 3977 2193 4031 leonem
2226 3975 2509 4044 delapsum
2550 3988 2673 4026 esse
2706 3972 2931 4027 fabulati
2965 3979 3115 4027 sunt.
3148 3969 3347 4041 Empev
3432 3986 3439 3991 θ

1799 4068 1985 4122 docles
2024 4066 2267 4120 avulsam
2328 4064 2466 4117 hanc
2516 4077 2544 4115 a
2601 4063 2713 4116 sole
2745 4071 2952 4130 partem
2985 4075 3107 4115 esse
3140 4060 3345 4114 docuit.

1798 4156 2051 4227 Figuram
2083 4155 2265 4215 habet,
2299 4160 2359 4205 ut
2387 4150 2607 4220 quidam
2646 4151 2768 4203 rati
2796 4158 2945 4212 sunt,
2996 4149 3241 4217 sphmrae,
3289 4156 3348 4201 ut

1801 4250 1915 4312 alii,
1954 4245 2092 4301 disci
2126 4244 2380 4301 similem.
2416 4242 2606 4297 Deﬁcit
2647 4256 2831 4297 mense
2874 4240 3155 4310 quolibet:
3204 4239 3350 4309 quod
3444 4270 3450 4276 -

1803 4337 2142 4398 Heraclitus,
2178 4334 2432 4388 similiter
2462 4341 2624 4401 atque
2662 4333 2715 4385 in
2752 4330 2887 4393 sole,
2921 4328 3036 4384 fieri
3080 4336 3235 4397 putat
3266 4330 3349 4381 in-

1802 4443 1960 4483 versa
1993 4427 2313 4496 splendente
2338 4425 2531 4477 forma.
2555 4423 2657 4475 Alii
2690 4435 2824 4475 cavo
2855 4421 2949 4473 illo
2982 4418 3352 4486 circinatoque

152 4545 279 4616 περὶ
309 4544 372 4596 τὸ
403 4508 680 4603 κωνοειδὲς
711 4508 811 4610 τῆς
840 4508 955 4610 ’ξῆς
999 4508 1221 4610 γένηται
1260 4508 1614 4604 δόνουσαονὼς
1647 4542 1694 4593 δὲ

1804 4533 1918 4579 ore,
1959 4531 2056 4586 per
2078 4514 2221 4585 quod
2258 4516 2437 4567 lumen
2459 4512 2747 4571 emittitur,
2780 4509 3059 4563 obstructo
3085 4525 3101 4572 ;
3132 4508 3350 4575 quidam

152 4640 200 4691 οἱ
232 4636 436 4699 πολλοὶ,
474 4634 613 4687 κατά
654 4633 940 4701 διάμετρον
970 4632 1266 4701 γενομένην
1300 4631 1452 4702 ἡλίῳ.
1496 4633 1704 4684 Γίνεται

152 4729 209 4783 δὲ
233 4726 377 4781 κατά
414 4726 558 4796 μῆνα
596 4724 843 4777 ἕκαστον.
872 4720 1036 4773 Γέννα
1075 4720 1131 4771 δὲ
1172 4721 1417 4791 σελήνης,
1454 4721 1547 4773 καὶ
1577 4722 1706 4773 ἀνα-

153 4818 279 4889 τολὴ
308 4817 572 4887 διαφέρει.
607 4813 758 4868 Μετά
783 4811 891 4883 γὰρ
912 4813 1060 4882 τρεῖς
1090 4810 1123 4879 ἢ
1158 4809 1425 4880 τέσσαρας
1453 4809 1545 4863 τοῦ
1588 4829 1708 4879 γεν-

157 4912 383 4981 νηθῆναι
418 4907 626 4977 ἡμέρας
651 4905 913 4974 φαίνεται,
947 4902 1041 4955 καὶ
1071 4901 1167 4969 οὐχ
1196 4900 1310 4969 ἃμα
1346 4900 1421 4969 τῷ
1450 4902 1709 4972 γεννηΘῆ-

158 5018 264 5054 ναι.
307 4997 604 5049 ’Δνατέλλει
638 4993 697 5047 δὲ
730 4994 827 5063 οὺχ
864 4992 985 5045 ὅλον
1026 4990 1085 5043 τὸ
1120 4988 1233 5058 φῶς
1261 4988 1455 5057 ἔχουσα
1487 5007 1709 5060 περιφε-

163 5091 270 5158 ρὲς,
298 5086 436 5141 ἀλλά
465 5082 744 5157 μηνοειδής
762 5099 776 5113 ο
806 5081 963 5151 μέχρι
986 5080 1040 5132 δὲ
1066 5078 1157 5132 τοῦ
1181 5077 1398 5148 ἡμίσεος
1420 5074 1709 5147 αὐξηθεῖσα

158 5182 365 5248 γίνεται
394 5178 688 5248 διχότομος.
726 5171 849 5225 Ἐὰν
876 5172 933 5224 δὲ
963 5171 1023 5223 τὸ
1046 5170 1285 5240 δίμοιρον
1319 5171 1704 5241 περιφωτισθῇ.

159 5271 401 5336 καλεῖται
434 5266 770 5338 ἀμφίκυρτος
792 5279 805 5292 ·
836 5261 1180 5331 πληρωθεῖσα
1206 5259 1261 5311 δὲ
1285 5258 1489 5325 γίνεται
1519 5259 1711 5330 πληρο-

163 5361 399 5430 σέληνος,
435 5358 527 5411 καὶ
559 5356 907 5425 πανσέληνος,
949 5352 1042 5405 καὶ
1082 5351 1389 5419 διχόμηνις⁸
1435 5365 1710 5402 πεντεκαι-

162 5449 411 5502 δεκαταία
441 5446 548 5517 γάρ
593 5449 705 5500 ἐστι
736 5442 1078 5513 πληρωθεῖσα
1104 5458 1117 5470 ’
1146 5442 1173 5493 ὅ
1220 5441 1365 5491 ἐστιν
1408 5438 1577 5507 ἥμισυ
1611 5457 1711 5509 μη-

162 5538 272 5599 νὸς,
302 5535 663 5606 δικαζομένων
694 5532 802 5584 τῶν
832 5530 873 5583 λ’
904 5527 1141 5599 ἡμερῶν.
1172 5526 1281 5579 Καὶ
1314 5524 1471 5576 πάλιν
1506 5520 1571 5576 αὗ
1604 5524 1712 5576 ἀπὸ

166 5629 258 5699 τῆς
286 5626 614 5695 πανσελήνου
645 5621 866 5692 ἄρχεται
897 5616 1193 5689 μειοῦσθαι,
1221 5616 1315 5667 καὶ
1342 5615 1546 5682 γίνεται
1569 5613 1715 5683 πρῶ.

166 5737 255 5772 τον
304 5717 667 5788 ἀμφίκυρτος,
721 5708 836 5765 εἶτα
883 5709 1180 5779 διχόμηνις,
1232 5703 1348 5757 εἶτα
1405 5704 1707 5775 μηνοειδής.

158 5796 347 5874 ζ’Δξιον
372 5809 429 5863 δὲ
450 5805 675 5876 ζητῆσαι
697 5803 747 5857 τί
770 5804 961 5873 δήποτε
991 5800 1082 5852 ἐπὶ
1112 5796 1203 5850 τοῦ
1232 5796 1404 5865 φωτὸς
1435 5795 1533 5864 τῆς
1554 5792 1709 5862 σελὴ-

124 5928 159 5948 ε

1804 4620 1933 4664 tunc
1962 4607 2209 4661 accidere
2233 4613 2476 4676 cqnsent,
2508 4619 2630 4657 cum
2660 4602 2802 4656 circa
2825 4598 2983 4655 terrae
3013 4612 3207 4653 conum
3230 4613 3353 4650 ver-

1805 4709 1959 4753 satur
1987 4698 2263 4752 occidens.
2294 4694 2615 4748 Communis
2637 4702 2721 4747 est
2751 4691 2954 4761 opinio,
2984 4690 3039 4742 id
3068 4696 3182 4742 tum
3213 4687 3350 4750 fleri,
3410 4698 3417 4699 ί

1805 4805 1927 4845 cum
1957 4804 2024 4843 ex
2062 4788 2325 4841 diametro
2357 4784 2457 4838 soli
2502 4794 2585 4838 est
2624 4783 2874 4837 obversa.
2920 4778 3033 4832 Hoc
3065 4792 3191 4832 vero
3238 4779 3354 4831 sin-

1807 4882 1947 4952 gulis
1987 4879 2265 4933 mensibus
2294 4876 2492 4931 evenit.
2528 4874 2714 4929 Dill'ert
2744 4881 2922 4926 autem
2951 4870 3019 4924 ab
3044 4876 3167 4923 ortu
3214 4870 3354 4923 lunae

1808 4973 2079 5027 nativitas.
2115 4966 2325 5037 Quippe
2374 4975 2497 5036 post
2543 4976 2655 5017 tres
2701 4969 3022 5031 quatuorve,
3058 4975 3223 5029 quam
3270 4969 3355 5013 est

1809 5072 1955 5124 nala,
1992 5062 2106 5113 dies
2135 5065 2377 5126 apparet,
2398 5070 2509 5111 non
2541 5054 2700 5109 simul
2730 5062 2892 5121 atque
2924 5061 3052 5105 nata
3082 5061 3182 5106 est.
3214 5051 3351 5104 Cum

1809 5153 2017 5213 oritur,
2067 5164 2176 5201 non
2215 5149 2543 5216 completum
2594 5145 2756 5199 habet
2792 5143 2932 5198 lucis
2958 5144 3200 5206 corbem,
3257 5144 3351 5194 sed

1812 5242 2089 5295 falcatum.
2142 5238 2350 5292 Exinde
2400 5236 2465 5289 ad
2515 5234 2797 5288 dimidium
2833 5238 3023 5294 aucta,
3058 5232 3355 5298 semiplena

1813 5333 1889 5386 ﬁt.
1918 5330 2021 5385 Ubi
2067 5330 2227 5384 besse
2274 5328 2591 5383 collustrata
2635 5334 2738 5387 est,
2788 5320 3145 5393 ἀμφίκυρτος,
3191 5321 3243 5374 id
3275 5332 3358 5375 est

1810 5424 2033 5493 gibbosa
2073 5420 2417 5482 nominatur;
2466 5416 2717 5470 absoluto
2742 5414 2849 5483 jam
2883 5413 3013 5465 orbe
3043 5412 3199 5481 plena
3230 5411 3355 5463 luna

1811 5515 2030 5573 dicitur,
2075 5520 2128 5567 et
2169 5508 2565 5581 plenilunium;
2610 5506 2755 5577 quod
2794 5505 3006 5559 decimo
3046 5501 3239 5570 quinto
3269 5500 3361 5554 die

1813 5604 2030 5667 accidit,
2063 5604 2165 5657 hoc
2206 5609 2290 5657 est
2338 5599 2564 5654 dimidio
2598 5613 2784 5653 mense
2816 5636 2831 5661 ,
2884 5594 3113 5650 tricenis
3163 5591 3359 5646 diebus

1813 5695 2062 5750 bifariam
2106 5693 2342 5762 partitis.
2380 5690 2511 5746 Post
2555 5690 2608 5743 id
2647 5698 2860 5759 tempus
2898 5686 3069 5741 minui
3123 5686 3353 5753 incipit:

1814 5802 1875 5840 ac
1897 5786 2129 5856 primum
2162 5782 2449 5838 dimidiato
2477 5782 2609 5837 orbe
2638 5780 2828 5850 major,
2873 5786 2986 5831 tum
3024 5775 3245 5831 dimidia
3275 5773 3354 5843 fit,

3220 406 3327 464 962
