4094 6328
791 414 901 472 965

1793 411 1880 465 AD
1918 379 2180 464 susse"
2219 403 2613 460 cunomcos
2647 404 3002 460 APPENDIX.
3104 394 3108 397 '

3890 407 3974 463 964

791 531 916 585 inde
975 529 1182 582 falcata.
1216 527 1313 583 Hic
1357 542 1464 581 non
1517 528 1750 581 absurde
1799 527 2064 596 quaeritur
2115 539 2221 594 qua
2261 522 2328 577 de

2395 538 2524 590 ,νης
2555 523 2725 576 ταῦτα
2753 524 2821 575 τὰ
2867 525 3119 592 σχήματα
3166 503 3385 591 γίνεται.
3436 524 3579 594 Πρὸς
3631 523 3702 593 δὴ
3749 522 3900 576 τοῦτο
3931 528 3968 577 oi

790 633 952 672 causa
995 625 1074 671 tot
1113 618 1167 670 in
1213 619 1338 671 luna
1393 617 1602 687 species
1659 615 1940 671 accidant.
1987 614 2328 685 Respondent

792 705 978 775 aliqui,
1004 720 1127 760 cum
1163 705 1312 759 circa
1339 711 1496 759 terrae
1525 720 1718 759 conum
1760 705 2004 770 exsistit,
2033 704 2087 757 id
2123 705 2174 757 ei
2202 716 2333 757 con-

790 798 1020 868 tingere.
1045 794 1200 851 Velut
1229 797 1278 852 si
1309 798 1434 866 quis
1468 807 1708 853 montem
1738 797 2118 854 conscendens
2140 798 2194 852 in
2213 796 2331 866 ejus

789 891 993 942 vertice
1021 890 1299 955 consistat,
1331 895 1484 944 totus
1511 904 1542 944 e
1576 890 1872 960 longinquo
1906 890 2153 960 prospici
2177 895 2333 959 pote-

791 977 882 1029 rit.
916 976 1062 1032 Idem
1102 981 1150 1032 si
1203 980 1268 1033 ad
1317 988 1528 1050 partem
1564 983 1794 1036 alteram
1835 981 2196 1046 descenderit,
2238 981 2330 1045 iis,

791 1066 886 1135 qui
914 1081 1054 1138 pone
1079 1069 1256 1138 ipsum
1297 1078 1484 1134 erunt,
1524 1086 1633 1125 non
1667 1072 1780 1140 jam
1824 1079 1972 1128 totus
2010 1073 2332 1142 apparebit;

793 1157 890 1214 sed
940 1168 1132 1228 praeter
1184 1160 1346 1232 pedes
1394 1163 1580 1231 primo
1609 1163 1873 1232 reliquum
1924 1177 2126 1232 corpus
2156 1203 2172 1230 ,
2220 1172 2334 1218 tum

791 1251 1047 1320 paulatim
1099 1254 1272 1324 magis
1315 1257 1594 1324 magisque
1646 1255 1933 1310 demittens
1983 1270 2106 1310 sese
2165 1253 2334 1309 videri

792 1350 937 1399 totus
972 1343 1201 1399 desinet.
1260 1343 1378 1399 Non
1427 1360 1590 1400 secus
1626 1347 1680 1398 in
1732 1347 1864 1399 luna
1911 1345 2026 1400 ﬁeri
2069 1352 2329 1410 censent;

792 1434 947 1501 plena
974 1442 1034 1488 ut
1063 1435 1195 1489 alias
1222 1444 1500 1501 cernatur,
1526 1436 1662 1490 alias
1693 1444 1845 1504 parte
1869 1436 1952 1490 sui
1989 1435 2187 1502 lucida,
2211 1450 2332 1490 cum

790 1533 874 1581 est
899 1527 956 1581 in
983 1542 1122 1582 cono
1166 1535 1365 1583 terrae:
1412 1545 1524 1583 non
1567 1529 1712 1598 quod
1753 1530 2028 1582 minuatur
2062 1529 2203 1597 ipsa,
2240 1527 2334 1583 sed

789 1616 933 1684 quod
967 1618 1124 1672 nobis
1162 1619 1237 1671 ita
1269 1619 1540 1673 videatur.
1582 1617 1783 1672 Verum
1816 1619 1908 1688 qui
1940 1617 2147 1687 speculi
2177 1617 2334 1672 simi-

791 1707 893 1760 lem
926 1721 1045 1761 eam
1089 1722 1211 1761 esse
1257 1708 1469 1770 dicunt,
1503 1708 1832 1763 defectiones
1890 1710 2060 1779 ipsam
2098 1708 2332 1777 experiri

789 1798 1060 1864 sentiunt;
1092 1798 1288 1866 quibus
1314 1798 1546 1853 eliicitur
1573 1807 1631 1854 ut
1654 1801 1920 1855 interdum
1946 1801 2104 1870 plena
2131 1815 2325 1855 cerna-

790 1892 903 1948 tur,
928 1885 1062 1940 alias
1095 1885 1232 1940 lucis
1272 1886 1472 1955 indiga.
1505 1886 1966 1952 Quemadmodum
1987 1888 2078 1958 qui
2110 1895 2326 1956 sumpto

792 1977 1016 2046 speculo
1044 1977 1296 2048 imaginis
1335 1977 1582 2032 refracta:
1616 1979 1850 2047 speciem
1884 1979 1938 2031 in
1985 1992 2052 2033 eo
2083 1979 2330 2033 contueri

789 2069 938 2133 velit,
997 2069 1130 2123 illud
1179 2069 1284 2124 sibi
1335 2083 1407 2123 ex
1455 2071 1681 2124 adverso
1725 2069 1975 2123 collocat.
2018 2069 2096 2122 lta
2131 2070 2330 2138 quippe

788 2166 960 2213 totum
992 2160 1046 2212 in
1079 2173 1143 2214 eo
1188 2161 1395 2214 vultum
1428 2173 1585 2212 suum
1636 2160 1898 2228 aspiciet;
1934 2159 2019 2214 sin
2049 2159 2330 2228 speculum

786 2263 854 2302 ex
887 2248 1107 2318 obliquo
1134 2248 1450 2318 respexerit,
1473 2255 1636 2317 prout
1665 2249 1769 2302 erit
1802 2247 2130 2316 obliquatio,
2165 2247 2333 2302 decli-

789 2338 1046 2406 natioque
1071 2339 1298 2406 speculi,
1331 2338 1566 2401 bessem,
1613 2345 1706 2391 aut
1744 2338 2046 2401 semissem,
2091 2346 2183 2390 aut
2214 2337 2330 2391 exi-

791 2440 950 2495 guam
979 2425 1216 2495 aliquam
1249 2427 1432 2480 vultus
1455 2429 1535 2480 sui
1571 2434 1775 2495 partem
1805 2427 2090 2481 refractam
2110 2427 2328 2493 videbit,

790 2530 890 2585 pro
916 2529 981 2570 eo
1026 2517 1169 2584 quod
1212 2518 1490 2586 speculum
1542 2516 1794 2572 declinet.
1827 2515 2027 2571 Eadem
2077 2524 2131 2571 et
2189 2517 2331 2571 luna:

794 2607 932 2661 ratio
962 2616 1064 2663 est.
1106 2606 1244 2662 Huic
1274 2608 1520 2677 opinioni
1553 2607 1948 2676 subscripsisse
1992 2614 2148 2677 putes
2191 2609 2329 2661 Ara-

793 2705 924 2762 tum,
952 2712 1073 2752 cum
1102 2699 1174 2752 ita
1207 2698 1478 2767 loquitur:

791 2803 1003 2870 Semper
1030 2803 1241 2857 aliunde
1272 2803 1408 2856 alia:
1438 2803 1702 2856 declinans
1734 2801 1892 2869 [acies
1911 2839 1927 2864 ,

791 2913 1036 2968 alludens
1062 2913 1127 2966 ad
1151 2915 1354 2983 speculi
1385 2911 1816 2967 similitudinem.
1845 2909 2334 2980 Sphaericaaﬁgura:

790 3018 911 3057 esse
938 3002 1198 3056 mundum
1218 3003 1332 3070 jam
1355 3000 1610 3058 diximus.
1641 3014 1800 3070 quem
1834 3001 1889 3052 in
1918 2999 2104 3053 orbem
2125 2998 2332 3052 extrin-

790 3108 949 3147 secus
997 3092 1337 3167 amplectitur
1384 3092 1611 3157 ctelum;
1663 3099 1806 3144 terra
1837 3098 2017 3144 autem
2061 3089 2116 3143 in
2154 3087 2332 3142 medio

792 3185 896 3238 sita
920 3223 935 3248 ,
962 3185 1134 3239 centri
1177 3191 1337 3252 atque
1374 3183 1559 3253 puncti
1612 3184 1875 3237 rationem
1919 3182 2144 3235 obtinet.
2186 3178 2330 3232 Inter

791 3276 930 3328 banc
953 3274 1255 3342 coelumque
1280 3273 1562 3340 interiecta
1589 3280 1718 3326 sunt
1739 3270 1928 3335 aether,
1963 3284 2055 3323 aer
2083 3275 2137 3322 et
2164 3281 2329 3337 aqua,

793 3367 1126 3436 sphaerarum
1152 3377 1304 3421 more
1326 3365 1558 3420 invicem
1591 3368 1861 3418 conserta.
1879 3360 2137 3414 Mundum
2168 3371 2332 3429 porro

715 3449 720 3456 ’
793 3461 992 3528 κόσμον
1027 3459 1096 3513 ab
1138 3458 1329 3512 ordine
1359 3468 1422 3510 ac
1453 3455 1804 3524 dispositione
1849 3459 2060 3508 veteres
2093 3449 2332 3520 appella-

794 3560 950 3620 runt;
976 3552 1057 3608 sic
1078 3550 1344 3606 Homerus
1371 3565 1390 3604 :

877 3745 1134 3814 ordinare
1166 3759 1319 3812 equos
1339 3781 1354 3807 ,
1378 3751 1427 3796 et
1454 3742 1588 3796 viros
1621 3740 1918 3810 clypeatos;

795 3865 920 3917 item
944 3879 956 3912 :

794 3970 1050 4026 Caeterum
1083 3971 1169 4024 ubi
1189 3969 1418 4025 ordinati
1445 3976 1565 4022 sunt
1590 3985 1706 4021 cum
1727 3967 1943 4019 ducibus
1968 3965 2188 4035 singuti,

794 4107 1202 4162 instructionem
1225 4106 1327 4160 hoc
1353 4106 1516 4160 verbo
1536 4103 1866 4174 significans.
1880 4100 2020 4156 Nam
2039 4102 2206 4163 aether
2223 4101 2333 4155 απὸ

791 4199 886 4251 τοῦ
906 4197 1096 4260 αἴθειν,
1115 4196 1258 4265 quod
1284 4203 1368 4263 est
1397 4195 1596 4258 ardere,
1615 4195 1810 4249 dicitur
1825 4212 1840 4271 _;
1857 4201 1939 4248 est
1960 4195 2102 4248 enim
2123 4193 2334 4263 igneus,

795 4288 909 4344 sive
937 4301 968 4339 a
987 4286 1152 4340 verbo
1179 4285 1309 4347 θεῖν,
1340 4300 1543 4338 currere
1571 4290 1625 4337 et
1652 4283 1869 4338 incitate
1902 4281 2048 4346 ferri,
2079 4282 2337 4351 quoniam

793 4373 1013 4431 assidue
1041 4373 1443 4444 circumagitur.
1475 4372 1591 4428 Aer
1606 4373 1755 4426 abeo
1785 4371 1930 4441 quod
1958 4381 2041 4426 est
2061 4373 2197 4436 ἄειν,
2229 4372 2340 4425 hoc

2437 618 2533 684 μὲν
2561 616 2772 682 λέγουσι
2799 616 2924 684 περὶ
2944 616 3032 666 τὸν
3062 615 3230 667 κῶνον
3257 617 3424 684 αὐτὴν
3445 615 3746 685 γινομένην
3771 614 3867 682 τῆς
3888 616 3966 685 γῆς

2431 707 2587 759 τοῦτο
2622 706 2865 775 πάσχειν.
2904 706 3112 774 ’Ὠσπερ
3142 704 3250 776 γὰρ
3275 705 3328 757 εἰ
3349 723 3432 768 τις
3462 707 3543 767 εἰς
3574 704 3708 774 ὅρος
3738 704 3965 773 ἀναϐαίη,

2433 800 2523 850 καὶ
2555 798 2644 850 ἐπὶ
2671 797 2837 865 ἄκρου
2870 794 3031 848 αὑτοῦ
3071 797 3248 865 σταίη,
3280 794 3398 858 ὅλος
3427 796 3681 865 φαίνεται
3717 799 3831 858 τοῖς
3851 794 3967 847 ἀπο»

2432 889 2523 942 θεν
2545 885 2661 946 οὖσι
2682 906 2696 918 ·
2719 888 2986 941 κατιὼνδὲ
3013 889 3103 941 ἐπὶ
3124 888 3183 941 τό
3205 889 3388 959 ἕτερον
3414 890 3597 958 μέρος,
3621 892 3746 951 τοῖς
3771 890 3966 940 κατόπιν

2431 979 2591 1032 αὐτοῦ
2618 982 2715 1032 οὐκ
2742 980 2818 1032 ἔτι
2850 980 2965 1042 ὅλος
2998 977 3243 1050 φαίνεται
3261 997 3275 1009 ·
3306 980 3438 1033 ἀλλὰ
3469 982 3599 1052 περ)⁸
3629 981 3652 1012 ⁸
3677 982 3809 1042 τοὺς
3831 979 3966 1042 πόδας

2432 1072 2601 1140 ἐφάνη
2643 1073 2781 1124 ἐκεῖ·
2815 1072 2846 1141 ἢ
2886 1071 2964 1123 ἔτι
2998 1071 3192 1141 μᾶλλον
3221 1069 3431 1123 κατιὼν
3462 1072 3604 1124 κατὰ
3644 1070 3843 1140 βραχὺ,
3881 1070 3966 1132 ἕως

2430 1158 2490 1216 οὗ
2512 1163 2628 1225 ὅλος
2653 1165 2862 1233 ἀφανὴς
2886 1163 3108 1233 γένηται
3129 1180 3141 1192 ·
3176 1162 3316 1216 οὓτω
3338 1162 3470 1231 φασὶ
3507 1161 3604 1214 καὶ
3627 1164 3733 1233 τὴν
3763 1163 3965 1232 σελήνην

2432 1254 2559 1304 ποτὲ
2593 1255 2687 1320 μὲν
2717 1253 2894 1324 πλήρη
2928 1254 3231 1320 φαίνεσθαι,
3258 1254 3388 1306 ποτὲ
3421 1253 3477 1306 δὲ
3512 1255 3578 1306 ἐκ
3610 1253 3836 1322 μέρους,
3859 1255 3966 1322 περὶ

2431 1341 2522 1391 τὸν
2559 1341 2727 1393 κῶνον
2757 1342 3038 1411 γινομένην
3076 1343 3174 1412 τῆς
3215 1343 3337 1412 γῆς,
3371 1343 3490 1412 οὐχὶ
3531 1344 3860 1413 μειουμένην
3887 1345 3964 1395 αὺ-

2431 1434 2550 1500 τὴν,
2577 1433 2690 1485 ἀλλ’
2716 1436 2842 1503 ἡμῖν
2881 1434 3021 1486 οὕτω
3041 1436 3400 1504 φαινομένην.
3422 1437 3484 1487 Oi
3510 1435 3566 1487 δὲ
3605 1434 3855 1501 λέγοντες
3885 1434 3962 1485 αὑ-

2430 1523 2525 1592 τὴν
2569 1524 2854 1594 κατόπτρῳ
2885 1525 3268 1594 παραπλησίαν
3298 1522 3456 1589 εἶναι,
3480 1524 3754 1593 ἐκλείψεις
3774 1523 3962 1589 λέγουσι

2395 1613 2668 1697 ,γίνεσθαι
2701 1615 2890 1682 αὐτῆς,
2921 1616 2976 1668 αἶ
3019 1615 3113 1667 τοῦ
3154 1615 3282 1668 ποτὲ
3330 1616 3428 1685 μὲν
3469 1615 3649 1684 πλήρη
3699 1611 3961 1682 φαίνεσθαι

2429 1704 2590 1773 αὐτὴν
2621 1704 2790 1758 αἴτιαι
2834 1707 3087 1773 γίνονται,
3130 1707 3259 1758 ποτὲ
3299 1705 3355 1758 δὲ
3389 1706 3543 1758 ἐνδεᾶ
3587 1705 3770 1773 φωτὸς
3806 1698 3958 1754 εἶναι·

2428 1795 2612 1864 ὥσπερ
2639 1794 2744 1865 γὰρ
2776 1797 2823 1847 εἰ
2863 1796 3160 1866 κάτοπτρον
3201 1797 3375 1850 λαϐὼν
3407 1813 3492 1857 τις
3527 1795 3702 1848 ἐθέλοι
3753 1795 3851 1864 τὴν
3883 1792 3962 1845 ἀπ’

2431 1883 2594 1940 αὑτοῦ
2636 1886 3022 1939 ἀντανάκλασιν
3053 1887 3144 1938 τοῦ
3186 1885 3398 1939 εἰδώλου
3440 1884 3761 1946 θεάσασθαι,
3795 1884 3854 1948 ἐξ
3894 1884 3962 1935 ἐν-

2430 1976 2613 2037 αντίας
2634 1975 2725 2027 τοῦ
2761 1973 3046 2044 προσώπου
3075 1975 3234 2026 αὑτοῦ
3254 1975 3349 2044 τὴν
3377 1975 3521 2027 θέσιν
3543 1974 3637 2026 τοῦ
3669 1973 3961 2042 κατόπτρου

2431 2067 2707 2134 ποιήσεται
2734 2082 2747 2096 ⁸
2796 2065 2949 2116 τοῦτο
2991 2065 3098 2133 γὰρ
3147 2066 3396 2134 ποιήσας,
3437 2064 3555 2116 ὅλον
3589 2063 3649 2115 τὸ
3688 2063 3962 2132 πρόσωπον

2433 2157 2592 2209 αὑτοῦ
2623 2157 2870 2208 θεάσεται
2917 2158 2974 2208 ὲν
3005 2156 3081 2225 τῷ
3120 2154 3438 2224 κατόπτρῳ·
3471 2155 3520 2205 εί
3560 2153 3619 2204 δὲ
3657 2151 3961 2219 πλαγιάσειε

2430 2247 2489 2298 τὸ
2521 2249 2838 2317 κάτοπτρον,
2873 2247 3005 2316 πρὸς
3033 2245 3124 2297 τὸν
3164 2241 3503 2312 πλαγιασμδν
3537 2241 3631 2293 καὶ
3673 2240 3777 2310 τὴν
3807 2239 3963 2307 ἔγκλι-

2433 2355 2515 2390 σιν
2549 2338 2639 2390 τοῦ
2686 2338 2988 2406 κατόπτρου
3039 2335 3072 2406 ἢ
3123 2334 3186 2388 τδ
3233 2334 3490 2404 δίμοιρον,
3534 2333 3567 2401 ἢ
3599 2331 3662 2384 τὸ
3699 2331 3894 2400 ἣμισυ,
3931 2329 3960 2396 ἦ

2433 2431 2600 2499 βραχύ
2631 2447 2684 2481 τι
2713 2430 2873 2500 μέρος
2902 2427 3087 2480 τούτου
3115 2425 3362 2479 θεάσεται
3391 2421 3864 2493 ἀπανακλώμενον
3881 2419 3964 2472 τοῦ

2431 2520 2716 2591 προσώπου
2739 2518 2922 2580 αὑτοῦ,
2939 2515 3034 2571 τοῦ
3056 2515 3353 2585 κατόπτρου
3373 2513 3751 2582 ὲκκλινομένου
3769 2529 3783 2541 ’
3809 2512 3963 2578 om

2431 2613 2523 2665 mi.
2555 2610 2646 2662 ἐπὶ
2670 2610 2767 2678 τῆς
2798 2605 3255 2678 σελήνης.’Ταὺτῃ
3279 2595 3351 2676 τῇ
3376 2605 3501 2676 δόξῃ
3525 2604 3706 2658 ἔοικεν
3745 2604 3962 2671 Ἄρατος

2430 2698 2734 2753 ἀκολουθεῖν
2752 2714 2766 2728 ·
2803 2700 2934 2766 φησι
2963 2696 3069 2765 γάρ
3092 2711 3107 2726 ·

2431 2811 2549 2864 Alei
2577 2809 2628 2861 δ’
2668 2809 2925 2863 ἄλλοθεν
2962 2808 3121 2862 ἄλλα
3153 2805 3639 2874 παρακλίνουσα
3668 2803 3961 2870 πρόσοικα,

2431 2925 2492 2978 τὸ
2522 2923 2614 2977 τοῦ
2653 2923 2953 2991 κατόπτρου
2986 2921 3328 2992 παράδειγμα
3359 2917 3742 2986 αἰνιττόμενος.
3784 2911 3960 2998 ’Προεί-

2437 3034 2590 3086 ρηται
2616 3015 2671 3067 δὲ
2700 3016 2729 3067 ὁ
2755 3015 2954 3083 κόσμος
2983 3013 3212 3082 σφαίρας
3240 3010 3380 3080 ἔχειν
3412 3009 3592 3078 σχῆμα
3611 3024 3626 3039 ’
3657 3005 3853 3072 ἔξωθεν
3878 3004 3964 3073 μὲν

2434 3107 2768 3176 κυκλοτερῶς
2811 3103 3186 3175 περικείμενον
3216 3103 3350 3171 ἔχων
3380 3101 3470 3154 τὸν
3502 3099 3747 3170 οὐρανὸν,
3789 3112 3962 3167 μεσαι-

2430 3201 2595 3271 τάτην
2638 3200 2694 3251 δὲ
2737 3199 2833 3268 τὴν
2866 3197 2990 3266 γῆν,
3038 3195 3258 3264 κέντρου
3299 3194 3391 3246 καὶ
3423 3190 3646 3260 σημείου
3687 3189 3839 3255 τάξιν
3877 3189 3961 3239 t1:—

2432 3293 2652 3360 έχουσαν
2669 3305 2682 3318 ·
2715 3286 2911 3357 μεταξὺ
2940 3285 2997 3338 δὲ
3023 3282 3188 3353 αὐτῆς
3219 3282 3311 3335 καὶ
3335 3278 3674 3354 τοῦρύρανοῦ
3696 3276 3883 3347 αἰθέρα
3911 3290 3960 3327 τε

2432 3377 2591 3444 αὑτὸν
2624 3372 2782 3439 εἶναι,
2811 3373 2905 3426 καὶ
2935 3373 3090 3442 ἀέρα,
3118 3371 3210 3425 καὶ
3240 3369 3380 3440 ὕδωρ
3421 3365 3722 3438 σφαιρικῶς
3753 3366 3844 3426 ὑπ’
3881 3364 3962 3416 ἀλ-

2431 3467 2602 3538 λήλων
2642 3467 2890 3535 ἐχόμενα.
2933 3464 3149 3534 Κόσμον
3186 3461 3243 3514 δὲ
3282 3460 3379 3531 τὴν
3409 3458 3520 3511 τῶν
3557 3458 3692 3511 ὅλων
3723 3454 3962 3508 σύστασιν

2433 3558 2581 3629 παρὰ
2607 3559 2703 3628 τὴν
2731 3556 3086 3626 διακόσμησιν
3119 3553 3212 3607 καὶ
3244 3550 3492 3617 εὐταξίαν
3518 3547 3781 3604 ἐκάλεσαν
3811 3547 3858 3598 ot
3877 3560 3960 3599 πσ-

2431 3651 2566 3702 λαιοί
2590 3666 2604 3678 ο
2633 3649 2708 3711 ὡς
2737 3649 2830 3701 καὶ
2865 3648 3108 3716 Ὅμηρος
3129 3660 3143 3674 ⁶
3180 3704 3192 3716 ο

2433 3757 2742 3826 Κοσμῆσαι
2768 3725 3069 3820 ἵππουςθτε
3091 3753 3185 3807 καὶ
3209 3751 3430 3820 ἄνδρας
3453 3747 3841 3812 ἀσπιδιώτας·

2434 3866 2528 3918 καὶ
2548 3864 2706 3917 πάλιν
2720 3880 2735 3894 ο

2421 3975 2628 4043 Αὐτὰρ
2671 3974 2798 4027 ἐπεὶ
2823 3976 3128 4043 κόσμηθεν
3155 3970 3253 4040 ἅμ’
3282 3971 3681 4040 ἡγεμόνεσσιν
3717 3967 3956 4025 ἕκαστα.

2435 4111 2530 4184 τὴν
2569 4109 2814 4176 εὐταξίαν
2854 4109 3041 4175 λέγων.
3089 4107 3260 4178 Αἰθὴρ
3297 4107 3355 4160 δὲ
3386 4105 3603 4174 λέγεται
3631 4105 3739 4159 ἀπὺ
3761 4103 3850 4157 τοῦ
3884 4101 3954 4154 ατ-

2436 4190 2580 4255 θείψ
2624 4199 2873 4272 πυρώδης
2903 4200 3025 4269 -γάρ
3058 4199 3239 4252 ἐστιν’
3281 4196 3317 4268 ἦ
3358 4197 3474 4250 ἀπὸ
3496 4196 3590 4250 τοῦ
3630 4196 3720 4250 ἀεὶ
3747 4197 3853 4248 θεῖν
3878 4191 3956 4246 καὶ

2435 4293 2636 4363 ὁρμᾷν·
2684 4284 2869 4361 ἐπειδὴ
2904 4290 2992 4342 ἀεὶ
3036 4287 3408 4359 περιφέρεται;
3452 4285 3586 4358 ’Δῆρ
3633 4285 3692 4338 δὲ
3740 4285 3842 4340 ἀπδ
3881 4282 3956 4336 τοῦ

2437 4385 2580 4439 ᾰειν·
2607 4383 2721 4436 ἄειν
2751 4381 2857 4451 γὰρ
2899 4379 2961 4432 τδ
3013 4381 3182 4433 πνεῖν.
3231 4378 3468 4450 Οὐρανὸς
3501 4377 3560 4431 δὲ
3598 4376 3723 4431 ὅθεν
3761 4373 3954 4444 ἐκλήθη.

789 4472 879 4520 est
907 4463 1057 4526 ﬂare.
1087 4477 1285 4518 nomen
1315 4463 1532 4532 accipit.
1554 4462 1774 4520 Ctelum‘
1792 4462 1936 4519 unde
1961 4473 2209 4519 vocatum
2241 4465 2330 4531 sit,

2395 4474 2777 4545 )-προείρηται.

794 4553 957 4622 paulo
993 4556 1118 4605 ante
1141 4551 1517 4607 meminimus.
2158 4595 2160 4597 ,

866 4641 964 4695 Hic
997 4655 1026 4694 a
1069 4641 1352 4694 nonnullis
1385 4643 1667 4709 quaeritur,
1696 4657 1796 4696 cur
1839 4656 1960 4695 cum
1994 4642 2179 4712 ignitae
2225 4632 2334 4697 sint

794 4733 995 4801 stellae,
1046 4745 1388 4800 nequaquam
1435 4747 1533 4786 nos
1589 4733 1703 4787 suis
1745 4733 2028 4788 ardoribus
2073 4743 2332 4788 exurant.

795 4819 1222 4891 Respondemus,
1250 4835 1414 4890 supra
1444 4829 1640 4874 terram
1667 4822 1788 4877 illas
1816 4839 1940 4878 esse
1965 4822 2206 4892 quidem,
2243 4823 2337 4878 sed

795 4911 1076 4966 obscurari
1114 4912 1244 4966 solis
1270 4911 1472 4978 radiis,
1518 4918 1572 4966 et
1609 4911 1867 4967 hebetari.
1913 4913 2187 4980 Quocirca
2241 4929 2340 4969 sae-

798 5017 1090 5075 penumero
1115 5004 1182 5058 de
1205 5004 1310 5068 die,
1340 5019 1461 5058 cum
1484 5005 1566 5059 sol
1595 4999 1794 5067 deﬁcit,
1820 5007 2005 5065 stellas
2039 5007 2336 5062 intuemur.

798 5093 1010 5147 Rursus
1037 5091 1317 5161 quaeritur,
1357 5092 1404 5146 si
1443 5083 1620 5146 inﬁxae
1652 5100 1777 5148 sunt
1812 5095 1950 5149 caelo
1999 5096 2203 5160 stella,
2241 5109 2340 5149 cur

800 5190 964 5234 noctu
1004 5188 1058 5235 et
1096 5178 1333 5234 interdiu
1373 5180 1480 5235 labi
1517 5196 1612 5236 eas
1654 5196 1685 5236 e
1727 5181 1865 5236 caelo
1894 5183 2192 5239 videamus.
2238 5183 2340 5239 Cui

801 5271 880 5324 sic
929 5271 1307 5325 occurrimus:
1353 5284 1463 5324 non
1512 5272 1663 5342 ipsae
1710 5273 1904 5328 cadere
1967 5276 2189 5341 stellas,
2240 5273 2336 5329 sed

802 5359 1139 5429 splendorem
1166 5361 1448 5430 quemdam
1486 5377 1551 5417 ex
1598 5364 1703 5419 illis
1745 5361 2036 5434 proﬂuere;
2068 5373 2229 5436 atque
2274 5370 2334 5418 ut

804 5449 1065 5513 ventilati,
1097 5459 1189 5503 aut
1217 5451 1397 5520 agitati
1429 5452 1691 5509 carbones
1735 5461 2029 5524 coruscant
2062 5456 2233 5526 magis
2279 5471 2340 5510 ac

805 5539 1067 5596 scintillas
1091 5538 1370 5614 evibrant,
1415 5545 1489 5599 ita
1527 5545 1695 5602 stellae
1727 5547 1974 5604 obscura:
2011 5555 2136 5602 sunt
2166 5548 2339 5605 inter-

927 5713 970 5779 τ.
999 5718 1162 5785 παρά.

2502 4647 2726 4718 Ζητοῦσι
2751 4646 2988 4708 δέτινες,
3012 4646 3059 4698 εἰ
3080 4643 3340 4715 πυρώδεις
3364 4638 3499 4697 είσὶν
3525 4646 3572 4696 οἱ
3599 4644 3836 4714 ἀστέρες,
3862 4638 3955 4700 πῶς

2439 4739 2498 4791 οὐ
2531 4726 2704 4791 καίειν
2734 4737 2879 4807 ἡμᾶς
2904 4736 3198 4804 φαίνονται.
3234 4735 3477 4803 Λέγομεν
3505 4727 3617 4798 οὖν,
3645 4725 3722 4793 ὡς
3750 4730 3850 4784 εισι
3876 4727 3956 4800 μὲν

2442 4827 2579 4897 ὑπὲρ
2625 4827 2760 4895 γῆς’
2813 4825 3242 4892 καταυγάζονται
3289 4821 3346 4874 δὲ
3389 4816 3493 4874 ὗπδ
3542 4820 3638 4875 τοῦ
3665 4821 3833 4892 ἡλίου,
3879 4818 3954 4870 καὶ

2441 4915 2822 4987 ἀμαυροῦνται.
2857 4915 2944 4967 Ἑν
2971 4912 3101 4981 γοῦν
3130 4911 3400 4981 ἐκλείψεσι
3429 4909 3524 4963 τοῦ
3553 4910 3704 4981 ἢλίου
3730 4907 3955 4967 πολλάκις

2441 5009 2662 5077 ἀστέρες
2687 5006 2944 5077 ὤφθησαν
2989 5006 3046 5057 ὲν
3090 5002 3292 5076 ἡμέρᾳ.
3321 5004 3431 5062 Καὶ
3461 5003 3623 5059 πάλιν
3645 5003 3892 5074 ζητεῖται,
3913 4997 3951 5050 ιι

2440 5098 2788 5168 ὲμπεπήγασι
2812 5094 2888 5165 τῷ
2914 5091 3123 5164 οὐρανῷ
3157 5096 3204 5147 oi
3229 5093 3472 5163 ἀστέρες,
3493 5094 3610 5155 πῶς
3626 5092 3841 5164 ὁρῶμεν
3865 5088 3953 5143 ἑνί-

2442 5204 2527 5240 οτε
2574 5187 2762 5250 νυκτὸς
2818 5186 2912 5238 καὶ
2954 5184 3160 5255 ἡμέρας
3220 5181 3691 5252 καταφερομένους
3731 5180 3948 5250 ἀστέρας.

2440 5277 2618 5346 Φαμὲν
2643 5274 2718 5338 δὲ,
2752 5276 2832 5329 ὅτι
2860 5275 2958 5327 οὐκ
2983 5273 3133 5326 αὐτοὶ
3162 5264 3605 5335 καταπίπτουσιν,
3634 5269 3769 5325 ἀλλὰ
3794 5269 3892 5339 φῶς
3914 5284 3952 5318 τι

2444 5367 2502 5432 ἐξ
2522 5367 2694 5419 αὐτῶν
2721 5366 2975 5436 ἀπορρεῖ·
3005 5365 3100 5418 καὶ
3129 5363 3314 5432 ὥσπερ
3341 5364 3390 5416 οἱ
3422 5361 3688 5435 ἄνθρακες
3716 5361 3944 5433 ριπιζόμε·

2445 5478 2542 5525 νοι,
2570 5460 2608 5530 ἢ
2633 5458 2940 5530 κινούμενοι
2962 5456 3324 5529 λαμπρότεροι
3352 5450 3612 5524 γίνονται,
3639 5456 3734 5508 καὶ
3765 5449 3949 5514 σπινθῆ-

2447 5566 2544 5619 ρας
2570 5547 2979 5617 ἀποπέμπουσι·
3010 5546 3100 5600 τδν
3129 5544 3286 5598 αὑτὸν
3316 5545 3511 5616 τρόπον
3551 5543 3644 5597 καὶ
3675 5545 3725 5596 oi
3767 5541 3949 5606 ἀστέρες
