4094 6328
96 440 202 494 965

803 438 1116 493 ACHILLIS
1157 437 1338 491 ΤΑΤΙΙ
1368 434 1662 491 ISAGOGE
1703 434 1793 488 Al)
1831 432 2038 486 ARATI
2081 428 2544 486 ΡΗΕΝΟΜΕΝΑ.

3201 418 3385 509 966..

98 561 232 613 ποτὲ
288 561 385 629 μὲν
431 559 679 629 ἀμυδροὶ,
716 558 841 610 ποτὲ
888 558 943 609 δὲ
998 557 1209 626 φαιδροὶ
1243 557 1517 623 γίνονται·
1548 552 1657 603 ἔσθ’

1768 550 1890 603 dum
1912 588 1926 611 ,
1960 551 2093 605 alias
2116 550 2427 619 splendent;
2454 557 2842 615 nonnunquam
2866 542 3047 596 lumen
3088 554 3155 593 ex
3186 552 3307 593 sese

98 653 185 702 ὅτε
212 650 273 702 δὲ
311 650 403 701 καὶ
432 647 547 714 φῶς
570 647 626 712 ἐξ
646 647 820 699 αὐτῶν
849 646 1208 716 ἐκπέμπουσι.

172 742 282 808 Σχὴ
292 756 457 809 ματος
485 740 659 789 τοίνυν
693 735 973 806 σφαιρικοῦ
994 737 1121 805 περὶ
1151 736 1239 787 τὸν
1269 735 1466 803 κόσμον
1494 734 1660 793 ὗντος,

106 831 196 881 καὶ
229 830 332 897 τῆς
375 828 477 896 γῆς
522 830 579 879 ἐν
622 828 767 897 μέσῳ
808 826 1030 895 κέντρου
1084 824 1236 889 τάξιν
1280 822 1595 892 ἐπεχούσης,
1636 822 1665 871 6

104 920 210 977 ἀπὸ
230 919 334 987 τῆς
363 919 709 988 περιφερείας
733 917 832 984 τῆς
870 916 1099 983 σφαίρας
1130 915 1221 965 τοῦ
1252 913 1472 981 κέντρου
1499 910 1663 977 αὐτῆς

103 1012 308 1078 διήκων
347 1010 440 1062 ἐπὶ
476 1010 573 1079 τὴν
607 1008 954 1079 περιφέρειαν
982 1006 1122 1067 ἄξων
1150 1004 1407 1063 καλεῖται,
1439 1002 1565 1071 περὶ¹
1607 999 1666 1052 ὃν

110 1102 404 1170 στρέφεται
447 1104 479 1169 ή
518 1102 722 1168 σφαῖρα
757 1098 872 1166 ἦτοι
898 1098 988 1164 ἀφ’
1021 1095 1237 1173 ἑαυτῆς,
1277 1095 1309 1163 ἢ
1342 1094 1430 1160 ὑφ’
1479 1092 1665 1161 ἑτέρου

108 1191 423 1260 κινουμένη.
469 1191 827 1260 Ἀμφοτέραις
869 1191 976 1259 γὰρ
1021 1192 1136 1251 ταῖς
1180 1189 1357 1254 δόξαις
1386 1188 1414 1237 6
1444 1186 1665 1237 Πλάτων

109 1285 164 1334 ὲν
190 1282 271 1350 τῷ
303 1282 595 1347 Πολιτικῷ
623 1282 901 1352 κέχρηται.

496 1395 629 1460 Περὶ
662 1394 916 1452 κύκλων,
946 1393 1041 1444 καὶ
1073 1393 1160 1445 ὅτι
1195 1400 1285 1444 ια’.

180 1486 286 1554 κβ’.
322 1486 523 1537 Κύκλοι
561 1487 617 1537 δέ
644 1486 777 1536 εἰσιν
808 1483 905 1535 ια’·
940 1483 1133 1547 ἔξωθεν
1170 1484 1267 1552 μὲν
1299 1482 1398 1551 τῆς
1434 1482 1667 1551 σφαίρας

111 1581 200 1631 δύο
235 1580 502 1647 μέγιστοι,
536 1579 564 1629 ὅ
590 1596 646 1629 τε
684 1576 879 1646 ὁρίζων
906 1576 997 1627 καὶ
1028 1578 1055 1627 6
1089 1574 1478 1643 μεσημϐρινός·
1526 1574 1667 1639 λοξοὶ

113 1674 164 1722 δὲ
192 1671 285 1722 δύο
319 1674 582 1740 μέγιστοι,
615 1671 706 1721 καὶ
733 1671 841 1729 τοῖς
872 1666 1149 1737 προτέροις
1191 1665 1313 1726 ἴσοι,
1344 1668 1371 1716 ὁ
1408 1664 1667 1731 ζωδιακὸς

116 1765 204 1813 καὶ
240 1767 269 1813 ό
298 1762 559 1829 γαλαξίας
580 1778 592 1788 ·
617 1760 857 1827 κόλουροι
882 1758 936 1808 δὲ
967 1756 1057 1807 δύο
1091 1756 1180 1808 καὶ
1209 1756 1357 1807 αὐτοὶ
1385 1755 1627 1823 μέγιστοι
1651 1771 1662 1782 '

1759 638 2093 705 jaculantur.
3318 702 3324 707 ι

1832 725 1942 796 84
1961 724 2077 778 Jam
2105 740 2234 781 vero
2253 764 2267 788 ,
2308 725 2563 793 quoniam
2586 721 2820 777 mundus
2851 720 3109 789 sphaerica
3135 716 3307 785 ﬁgura

1764 817 2022 885 praeditus
2048 823 2154 879 est,
2186 825 2239 870 et
2257 816 2327 870 .in
2356 816 2475 884 ejus
2508 813 2689 869 medio
2719 813 2894 867 centri
2928 811 3105 864 locum
3137 820 3306 859 occu-

1764 915 1855 973 pat
1885 915 2029 959 terra
2054 923 2069 971 ;
2110 907 2229 960 axis
2255 907 2309 959 in
2343 922 2407 961 ea
2434 911 2661 960 vocatur
2690 905 2853 966 linea,
2880 917 2998 971 qua:
3027 915 3057 952 a
3086 897 3309 967 Sphzera:

1765 994 1971 1047 ambitu
2001 995 2225 1062 trajecta
2256 1010 2351 1064 per
2372 1002 2617 1049 centrum
2651 992 2718 1047 ad
2747 992 3009 1045 ambitum
3038 988 3307 1059 pertinet;

1764 1097 1921 1151 quem
1955 1084 2160 1135 circum
2205 1083 2415 1152 sphaera
2444 1084 2708 1147 volvitur,
2744 1081 2857 1135 sive
2894 1096 2990 1150 per
3019 1094 3160 1143 sese,
3195 1080 3311 1132 sive

1765 1174 1988 1228 alterius
2044 1174 2301 1244 impulsu.
2349 1175 2483 1227 Nam
2538 1184 2765 1243 utraque
2816 1173 3084 1229 sententia
3132 1175 3310 1227 exstat

1766 1266 1908 1334 apud
1947 1264 2225 1321 Platonem
2260 1268 2313 1319 in
2338 1266 2584 1321 Politico.

1942 1377 2017 1432 De
2054 1378 2259 1430 circulis
2288 1378 2521 1444 sphmrte,
2555 1379 2642 1445 qui
2666 1388 2784 1432 sunt
2810 1393 3020 1429 numero
3044 1391 3115 1428 xl.

1834 1470 1925 1523 22.
1955 1469 2216 1524 Undecim
2250 1479 2378 1523 sunt
2422 1467 2647 1531 circuli,
2680 1482 2909 1536 quorum
2948 1466 3168 1520 maximi
3205 1466 3311 1519 duo

1768 1566 1894 1613 sunt
1917 1556 2072 1613 extra
2103 1559 2374 1635 sphaeram
2395 1602 2408 1625 ,
2438 1558 2664 1611 horizon
2689 1565 2743 1612 et
2770 1556 3132 1635 meridianus;
3172 1556 3310 1608 ohli-

1766 1650 1859 1716 qui
1884 1659 2010 1702 sunt
2042 1649 2151 1702 duo
2184 1650 2425 1712 maximi,
2450 1648 2822 1717 superioribus
2849 1647 3103 1715 aequales,
3128 1646 3312 1698 zodia-

1766 1754 1865 1794 cus
1892 1747 1946 1793 et
1994 1740 2221 1793 lacteus.
2272 1738 2457 1793 Coluri
2504 1739 2612 1792 duo
2651 1745 2778 1790 sunt
2821 1737 3038 1790 maximi
3085 1743 3137 1789 et
3181 1735 3307 1805 ipsi,

117 1852 448 1919 παράλληλοι
480 1851 534 1901 δὲ
566 1850 743 1909 πέντε,
774 1842 847 1899 ὧν
888 1850 915 1899 ὁ
943 1848 1099 1915 μέσος
1131 1846 1266 1897 κατὰ
1303 1844 1526 1915 μέγεθος
1555 1844 1665 1905 ἴσος

1769 1830 2011 1899 paralleli
2068 1832 2339 1899 quinque;
2389 1843 2618 1897 quorum
2678 1828 2889 1882 medius
2952 1828 3173 1896 aqualis
3225 1836 3310 1880 est

118 1949 225 2005 τοῖς
254 1941 683 2013 προειρημένοις.
713 1940 869 1990 Ὥστε
904 1936 1094 2008 ὁρίζων
1126 1940 1218 1989 καὶ
1246 1940 1273 1989 6
1300 1934 1666 2005 μεσημϐρινὸς

120 2037 219 2085 [σοι
249 2033 378 2093 εἰσὶ,
407 2032 538 2084 διότι
584 2030 667 2082 διὰ
712 2028 802 2081 τοῦ
834 2029 1054 2097 κέντρου
1100 2029 1349 2096 τέμνουσι
1380 2027 1475 2093 τὴν
1509 2027 1665 2093 σφαῖ-

121 2143 236 2194 ραν.
277 2122 494 2193 Ῥητὲον
518 2121 574 2173 δὲ
610 2104 734 2189 περὶ
763 2120 1011 2172 ἑκάστου.

187 2215 417 2280 Λέγεται
455 2212 510 2264 δὲ
541 2208 753 2279 ὁρίζων,
797 2208 927 2259 διότι
969 2205 1135 2275 ὁρίζει
1179 2206 1239 2257 τὸ
1290 2204 1391 2256 ὑπὸ
1430 2206 1530 2272 γῆν
1575 2202 1667 2253 καὶ

124 2308 257 2373 ὑπὲρ
290 2306 397 2374 γῆν
429 2303 795 2373 ἡμισφαίριον.
828 2300 961 2365 Περὶ
1000 2300 1106 2367 γὰρ
1136 2297 1234 2364 τὴν
1283 2299 1508 2363 σφαῖραν
1538 2295 1669 2356 ἕξω-

125 2399 211 2449 Θεν
237 2397 335 2456 ὢν,
360 2394 509 2456 τάξιν
540 2392 650 2461 ἔχει
672 2382 765 2443 τοῦ
808 2387 1076 2448 Ὠκεανοῦ,
1109 2387 1164 2447 ὃς
1195 2385 1389 2449 ἔξωθεν
1420 2386 1667 2451 περικλύ-

126 2487 205 2548 ζει
249 2488 351 2555 τὴν
383 2484 516 2553 γῆν·
567 2485 657 2549 ἀφ’
699 2476 757 2533 οὗ
797 2478 1120 2539 ἀνατέλλειν,
1170 2477 1261 2528 καὶ
1290 2478 1366 2537 είς
1402 2474 1457 2526 ὃν
1496 2474 1668 2525 δύνειν

126 2575 359 2628 δοκεῖτὰ
396 2573 589 2641 ἄστρα.
619 2571 779 2621 Ὅθεν
817 2570 908 2621 καὶ
938 2568 1305 2635 Νεοπτόλεμος
1332 2568 1359 2617 ὁ
1405 2566 1669 2633 Παριανὸς

128 2669 181 2717 ὲν
212 2668 278 2733 τῇ
316 2662 615 2729 Τριχθονίᾳ
649 2660 805 2728 φησί·

174 2814 184 2823 .
214 2815 222 2824 .
260 2771 341 2837 τῷ
369 2771 533 2826 πᾶσα
564 2772 907 2839 περίρρυτος
935 2769 1227 2821 ἐυνδὲδεται
1260 2766 1433 2835 χθών.

195 2886 355 2937 Ὅθεν
392 2886 484 2937 καὶ
530 2886 761 2953 Ἄρατος
807 2881 1053 2933 Ὠκεανὸν
1095 2880 1253 2933 αὑτὸν
1293 2880 1448 2931 καλεῖ
1498 2878 1582 2930 διά
1618 2892 1671 2928 τε

132 2976 329 3027 τούτων
360 2976 452 3027 καὶ
476 2974 646 3027 ἄλλων
669 2990 681 3002 ⁸

126 3086 313 3153 Αὐτὰρ
357 3087 439 3153 ὅγ’
493 3084 763 3138 Ὠκεανοῦ
808 3085 1036 3136 τόσσον
1064 3082 1467 3153 παραμείϐεται
1498 3080 1670 3146 ὕδωρ,

136 3149 357 3207 "Dccov
394 3149 490 3208 ἀπ’
530 3154 878 3221 Αίγοκερῆος
898 3151 1310 3219 ἀνερχομένοιο
1344 3149 1605 3218 μάλιστα

134 3226 423 3290 Καρκίνον
453 3228 536 3289 εἰς
563 3226 819 3276 ἀνιόντα.

134 3316 289 3377 Εἰκὸς
328 3316 385 3368 δὲ
429 3316 585 3368 αὑτὸν
617 3318 673 3381 ἐξ
712 3316 946 3385 Ὀμήρου
977 3314 1072 3383 τὴν
1105 3311 1354 3382 ἀφορμὴν
1394 3310 1553 3379 ἔχειν,
1587 3308 1674 3359 λέ-

136 3401 318 3451 γοντος
328 3424 343 3449 ,

149 3539 242 3591 Ἐν
264 3537 316 3589 δ’
345 3537 512 3590 ἔπειγ’
550 3535 796 3599 Ὠκεανῷ
817 3535 1269 3603 λαμπρόνγφάος
1295 3534 1537 3600 ἠελίοιο,

142 3608 356 3658 "Elaeae?
403 3608 589 3659 νύκτα
627 3605 917 3673 μέλαιναν
957 3604 1051 3655 ἐπὶ
1090 3602 1356 3671 ζείδωρον
1387 3603 1675 3669 ἄρουρανο

140 3716 233 3768 καὶ
250 3757 265 3780 ,

151 3798 370 3888 Ἠέλιος
393 3822 444 3875 δ’
466 3823 755 3890 ἀνόρουσε
774 3820 963 3875 λιπὼν
988 3820 1344 3889 περικαλλέα
1365 3822 1605 3889 λίμνην.

206 3930 484 3998 Φιλόσοφοι
508 3930 565 3983 δὲ
588 3931 681 3983 καὶ
705 3926 1011 3999 γεωμέτραι
1038 3930 1279 3999 ὁρίζοντα
1302 3929 1459 3981 αὑτὸν
1490 3927 1680 3981 καλοῦ-

144 4034 245 4079 σιν,
275 4014 384 4070 οἶδε
407 4018 463 4070 δὲ
485 4018 577 4070 καὶ
604 4019 832 4089 ’Ἄρατος
856 4019 1013 4071 αὑτὸν
1045 4018 1290 4088 ὁρίζοντα
1330 4019 1394 4071 τὰ
1422 4018 1513 4069 δύο
1556 4018 1681 4086 ἡμι-

147 4110 366 4177 σφαίρια
385 4126 396 4138 ·
434 4109 565 4179 φησὶ
592 4108 698 4179 γάρ
715 4125 727 4137 ·
1112 4116 1147 4129 "

1056 4214 1153 4290 ἧχι
1176 4234 1283 4287 περ
1304 4219 1473 4285 ἄκραι

146 4290 461 4357 Μίστονται
486 4290 685 4356 δύσιές
711 4307 775 4345 τε
796 4290 891 4344 καί
927 4290 1170 4344 ἀντολαὶ
1213 4290 1573 4357 ἀλλήλῃσιν.

210 4400 310 4454 Τὸν
332 4401 388 4453 δὲ
428 4400 673 4472 ὁρίζοντα
714 4402 809 4454 καὶ
849 4402 1210 4471 μεσημϐρινὸν
1239 4401 1383 4463 ἐντὸς
1419 4394 1555 4452 εἶναι
1585 4400 1681 4470 τῆς

148 4489 370 4558 σφαίρας
390 4491 495 4541 τῶν
521 4489 652 4541 ὅλων
678 4491 908 4560 νοητέον.
943 4490 1103 4544 Οὐδὲν
1134 4491 1240 4560 γὰρ
1270 4490 1373 4541 τῶν
1402 4488 1565 4541 ὄντων
1594 4490 1682 4540 αὑ·
1710 4510 1757 4566 D

146 4577 240 4647 τῆς
264 4582 410 4631 ἐστιν
435 4580 606 4642 ἐκτός.
640 4580 804 4649 Ὑπὲρ
829 4580 885 4632 δὲ
902 4580 995 4632 τοῦ
1022 4580 1487 4650 παρακολουθῆσαι
1514 4582 1678 4649 ἡμᾶς,

149 4667 295 4730 ἐκτὸς
338 4663 475 4721 εἶναι
515 4668 759 4736 λέγονται
792 4671 872 4731 εἰς
907 4669 969 4721 τὸ
1012 4670 1159 4732 ἐντὸς
1199 4671 1295 4738 τῆς
1325 4670 1553 4739 σφαίρας
1586 4670 1681 4721 πέ-

152 4770 262 4821 ρας.

221 4846 277 4897 Ὃ
320 4846 376 4899 δὲ
426 4847 785 4918 μεσημϐρινὸς
812 4847 1147 4918 παρελήφθη,
1202 4848 1285 4900 ἵνα
1340 4849 1407 4900 τὰ
1443 4849 1547 4900 ἀπὸ
1588 4850 1682 4917 τῆς

150 4932 401 5003 ἀνατολῆς
433 4933 589 5003 μέχρι
620 4933 719 5002 τῆς
749 4934 948 4997 δύσεως
974 4934 1209 5006 δεικνύῃ,
1245 4937 1336 4987 καὶ
1381 4936 1465 4987 ἵνα
1502 4937 1681 5004 μάθω-

155 5038 264 5088 μεν,
295 5024 375 5075 ὅτι
404 5023 543 5075 κατὰ
563 5023 746 5076 τοῦτον
776 5025 1049 5093 γινόμενος
1080 5028 1106 5077 6
1128 5026 1275 5096 ἥλιος
1309 5029 1401 5078 καὶ
1431 5026 1496 5077 τὰ
1528 5026 1683 5077 λοιπὰ

152 5111 315 5181 ἄστρα
361 5113 499 5181 ὑπὲρ
548 5112 649 5181 γῆς
700 5118 1045 5183 μεσουρανεί’
1090 5116 1179 5168 καί⁵
1227 5118 1255 5167 6
1298 5117 1484 5185 χρόνος
1534 5110 1683 5177 οὗτός

154 5199 257 5251 ἐστι
286 5201 615 5272 μσημὸρία,
646 5204 950 5273 μεσημερία
976 5221 1056 5267 τις
1085 5201 1232 5257 οὖσα.
1258 5206 1392 5267 Τοὺς
1416 5204 1469 5255 δὲ
1504 5202 1686 5266 λοξοὺς

153 5291 197 5340 οἱ
226 5293 319 5357 μὶν
348 5280 659 5364 αίσθητοὺς,
684 5295 732 5347 οί
768 5295 824 5346 δὲ
856 5296 1067 5359 πλείους
1111 5297 1198 5349 τὸν
1230 5296 1485 5363 γαλαξίαν
1522 5296 1685 5363 μόνον

156 5376 281 5431 εἶναι
304 5382 574 5450 βούλονται
593 5400 607 5412 ο
641 5386 760 5446 τοὺς
792 5384 844 5435 δὲ
871 5384 1084 5446 λοιποὺς
1110 5386 1311 5447 πάντας
1344 5385 1579 5454 νοητούς.

425 5578 623 5629 Πόσον
640 5578 705 5629 τὸ
729 5578 951 5642 πλάτος
977 5578 1079 5630 τοῦ
1112 5577 1408 5636 ζωδιακοῦ.

222 5670 319 5729 κγ.
347 5666 405 5717 ὐ
436 5667 491 5717 δὲ
522 5666 776 5729 ζωδιακὸς
806 5669 953 5733 λοξὸς
981 5669 1052 5718 ὢν
1078 5669 1423 5737 περιφέρειαν
1454 5668 1561 5735 ἔχει
1596 5688 1686 5737 με-

164 5750 352 5823 γίστην,
378 5755 467 5809 διὰ
486 5755 579 5807 τοῦ
606 5755 823 5826 κέντρου
848 5760 946 5826 τῆς
976 5757 1203 5825 σφαίρας
1225 5758 1319 5825 τὴν
1342 5761 1683 5828 περιγραφὴν

1768 1921 2020 1974 omnibus
2072 1921 2139 1975 iis
2167 1935 2304 1989 quos
2358 1918 2749 1973 recensuimus.
2803 1916 3037 1972 Horizou
3079 1931 3207 1987 ergo
3257 1925 3311 1968 et

1770 2008 2101 2062 meridianus
2154 2009 2391 2077 aequales
2436 2015 2583 2071 sunt,
2635 2008 2890 2077 quoniam
2927 2024 3024 2077 per
3063 2016 3309 2062 centrum

1768 2098 2015 2152 dividunt
2043 2099 2329 2167 sphaeram.
2362 2099 2537 2167 Atque
2563 2106 2621 2152 ut
2653 2100 2717 2153 de
2743 2100 2972 2168 singulis
3006 2108 3213 2168 agatur.

1840 2189 2074 2243 llorizon
2128 2191 2254 2243 inde
2304 2188 2484 2244 dictus
2532 2197 2616 2244 est
2673 2178 2821 2258 quod
2872 2190 3308 2257 hemisphaerium

1771 2294 1933 2349 supra
1968 2286 2165 2333 terram
2195 2279 2261 2331 ab
2286 2294 2352 2334 eo
2382 2277 2525 2348 quod
2556 2280 2741 2333 subter
2770 2288 2872 2344 est,
2908 2287 3137 2348 separat.
3176 2279 3307 2333 Nam

1770 2387 1892 2424 cum
1931 2372 2271 2425 extrinsecus
2311 2372 2536 2439 sphaera:
2575 2373 2999 2442 circumpositus
3046 2372 3135 2433 sit,
3167 2372 3311 2426 velut

1770 2461 2019 2516 Oceanus
2044 2472 2127 2516 est
2166 2463 2587 2533 circumquaque
2639 2472 2838 2517 terram
2869 2465 3100 2526 alluens,
3142 2479 3171 2517 e
3205 2479 3312 2533 quo

1772 2553 1939 2605 stellae
1972 2553 2129 2607 nobis
2176 2554 2345 2615 oriri,
2390 2562 2443 2607 et
2492 2555 2545 2607 in
2586 2569 2709 2608 eum
2754 2554 3002 2608 occidere
3037 2556 3306 2610 videntur.

1773 2638 1907 2691 llinc
1949 2638 2333 2707 Neoptolemus
2366 2638 2626 2694 Parianus
2660 2640 2714 2693 in
2756 2640 3136 2695 Trichthonia:

1776 2792 1787 2802 .
1812 2792 1823 2803 .
1848 2795 1859 2805 .
1890 2792 1903 2805 .
1939 2753 2022 2824 cui
2055 2762 2162 2805 tota
2191 2753 2497 2820 circumﬂua
2526 2753 2763 2822 illigatur
2795 2763 2953 2807 terra.

1845 2864 1997 2919 Unde
2038 2864 2234 2919 Aratus
2263 2867 2424 2919 etiam
2455 2867 2721 2920 Oceanum
2750 2867 2981 2935 appellat
3024 2868 3169 2931 hunc
3199 2869 3307 2923 cir-

1774 2959 1953 3010 culum
1984 2971 2106 3008 cum
2130 2958 2181 3009 in
2214 2956 2369 3021 aliis,
2401 2965 2511 3011 tum
2548 2958 2600 3010 in
2629 2957 2747 3011 istis
2783 2958 3024 3011 versibus
3056 2978 3067 3009 :

1777 3066 1941 3119 Porro
1977 3068 2073 3120 iste
2098 3068 2291 3121 Oceani
2322 3076 2523 3120 tantum
2555 3069 2892 3134 supereminet
2920 3070 3137 3130 undam,

1776 3136 2042 3198 Quantum
2073 3138 2282 3189 interest
2316 3154 2347 3187 a
2376 3136 2693 3203 Capricorno
2725 3139 3029 3193 ascendente
3058 3140 3279 3193 maxime

1700 3185 1742 3241 (δ
1775 3185 2035 3257 δαηει-ιιιη
2066 3205 2134 3256 ad
2161 3185 2533 3272 assurgentem.

1774 3315 1927 3381 Quod
1964 3332 2029 3370 ex
2075 3316 2308 3371 llomero
2334 3317 2670 3385 expressisse
2714 3318 2965 3381 videtur,
3009 3320 3168 3388 cujus
3197 3320 3311 3374 hac

1774 3408 1937 3462 verba
1971 3414 2098 3462 sunt
2125 3427 2137 3460 :

1779 3522 1970 3574 Incidit
1999 3522 2204 3576 Oceano
2234 3522 2327 3589 fax
2360 3523 2532 3576 lucida
2557 3525 2707 3587 solis,

1778 3592 2007 3645 Trahens
2030 3602 2227 3644 noctem
2254 3593 2456 3660 nigram
2485 3609 2639 3660 super
2669 3594 2863 3647 almam
2894 3602 3103 3647 terram.

1778 3702 1934 3763 Item,

1778 3808 1870 3865 Sol
1896 3817 2105 3863 exortus
2134 3818 2210 3863 est
2241 3809 2530 3878 relinquens
2553 3812 2866 3879 praeclarum
2891 3811 3082 3866 lacum.

1848 3921 1916 3975 At
1947 3921 2253 3991 philosophi
2283 3929 2337 3975 et
2368 3931 2650 3992 geometrae
2678 3924 3009 3977 horizontem
3041 3924 3191 3977 illum
3224 3939 3315 3977 vo-

1778 4016 1925 4071 cant,
1959 4024 2118 4078 quem
2169 4009 2369 4063 Aratus
2415 4009 2788 4077 hemisphaeria
2835 4010 2942 4063 duo
2983 4011 3169 4079 partiri
3203 4027 3313 4067 me-

1779 4109 1975 4164 morat,
2003 4116 2124 4154 cum
2157 4100 2233 4152 ait
2258 4118 2270 4152 :

1782 4250 1795 4263 .
1824 4250 1836 4263 .
1862 4248 1877 4262 .
1904 4251 1918 4264 .
1951 4210 2039 4261 ubi
2058 4211 2274 4263 extremi

1780 4277 2066 4332 Miscentur
2090 4294 2324 4343 occasus,
2353 4287 2400 4331 et
2433 4280 2835 4351 ortusinmwn.

1848 4387 2111 4444 Prazterea
2160 4390 2503 4459 cogitandum
2547 4399 2630 4446 est
2666 4392 2998 4448 horizontem
3038 4408 3101 4447 ac
3156 4394 3318 4448 meri-

1781 4478 1999 4532 dianum
2028 4480 2172 4532 intra
2206 4481 2469 4549 sphaeram
2502 4495 2643 4535 esse.
2684 4481 2818 4535 Nam
2866 4483 3133 4537 nulla‘res
3164 4491 3314 4537 extra

1784 4567 1953 4636 ipsam
1985 4578 2087 4623 est.
2126 4566 2231 4621 Sed
2278 4579 2336 4622 ut
2371 4570 2550 4621 animo
2592 4582 2783 4637 capere
2829 4554 3123 4637 possimus,
3168 4578 3317 4621 extra

1781 4672 1901 4712 esse
1952 4657 2258 4727 tinguntur,
2309 4665 2363 4713 et
2400 4657 2712 4712 interiorem
2768 4660 3029 4728 sphaeram
3079 4658 3317 4710 circum-

1783 4749 2036 4804 scribere.

1852 4838 2183 4893 Meridianus
2239 4838 2305 4890 ad
2355 4838 2459 4893 hoc
2514 4838 2844 4902 assumitur,
2898 4846 2955 4892 ut
3001 4838 3317 4896 orientalem

1784 4930 1967 4983 mundi
2004 4938 2206 4998 partem
2234 4928 2301 4982 ab
2339 4928 2567 4983 occidua
2595 4939 2862 4993 secernat,
2886 4938 3001 4983 tum
3032 4939 3092 4984 ut
3120 4932 3319 4987 intelli-

1784 5035 1974 5088 gamus
2001 5021 2170 5075 solem
2218 5034 2282 5073 ac
2307 5021 2513 5090 reliqua
2544 5020 2744 5084 sidera,
2773 5035 2895 5074 cum
2928 5022 2995 5075 ad
3025 5022 3171 5076 illum
3200 5038 3320 5093 per-

1784 5119 2065 5171 venerunt,
2101 5110 2335 5164 medium
2368 5126 2535 5179 supra
2564 5118 2762 5164 terram
2812 5112 3056 5166 obtinere
3098 5112 3316 5166 ccelum.

1785 5199 1935 5264 Quod
1966 5208 2177 5268 tempus
2212 5200 2556 5273 μεσημϐρίαν
2584 5200 2939 5270 appellamus,
2968 5199 3023 5253 id
3045 5207 3128 5253 est
3156 5201 3320 5254 meri-

1786 5293 1949 5355 diem,
1976 5292 2128 5359 quasi
2162 5293 2519 5363 μεσημερίαν.
2554 5290 2816 5361 Ohliquos
2841 5291 3075 5344 circulos
3102 5292 3320 5360 quidam

1786 5380 2139 5452 aspectabiles
2161 5395 2348 5433 omnes
2378 5394 2497 5434 esse
2522 5380 2740 5445 volunt;
2775 5378 2866 5430 alii
2893 5379 2994 5433 soli
3022 5377 3127 5431 hoc
3149 5378 3321 5429 lacteo

1788 5470 2061 5534 tribuunt;
2093 5477 2318 5523 caeteros
2346 5468 2498 5519 aiunt
2522 5466 2877 5535 intelligentia
2905 5466 3021 5520 sola
3046 5471 3317 5518 constare.

2222 5578 2298 5631 De
2332 5579 2534 5633 zodiaci
2563 5576 2859 5632 latitudine.

1854 5670 1943 5721 25.
1974 5669 2241 5724 Zodiacus
2285 5670 2525 5724 circulus
2563 5670 2814 5737 obliquus
2845 5665 3135 5719 maximum
3162 5663 3322 5717 habet

1790 5759 2063 5824 ambitum,
2092 5759 2241 5828 isque
2264 5774 2290 5811 ιι
2321 5760 2542 5828 sphaera:
2564 5768 2752 5813 centro
2773 5753 3111 5811 describitur.
3135 5751 3310 5822 Hujus
