4094 6328
756 388 858 444 961

1753 382 1842 438 AD
1878 379 2146 438 EUSEBll
2172 376 2563 436 CHRONICON
2601 378 2940 435 APPENDIX
3830 371 3914 436 963

758 492 986 562 latitudo
1027 503 1309 560 intervallo
1347 501 1602 556 delinitur
1627 500 1770 570 quod
1800 515 1829 553 a
1861 499 2186 567 Capricorno
2221 493 2286 548 ad

2405 495 2546 564 ἔχων.
2579 497 2788 559 Πλάτος
2831 497 2888 550 δὲ
2917 496 3024 567 ἔχει
3050 497 3145 566 τῆς
3182 495 3379 558 θέσεως
3411 495 3472 548 τὸ
3504 494 3612 547 άπὸ
3643 491 3912 559 Αξτοκέρω-

759 602 1030 656 Cancrum
1059 597 1316 666 pertinet.
1357 593 1468 649 lloc
1503 595 1734 663 spatium
1774 592 2076 660 exprimere
2126 587 2297 641 voluit

2405 605 2481 649 ro;
2510 587 2668 657 μέχρι
2701 589 2972 657 Καρκίνου
3003 588 3297 656 διάστημα.
3327 586 3496 639 Τοῦτο
3533 585 3594 637 τὸ
3626 583 3820 645 πλάτος
3843 584 3914 650 tiq-

761 689 956 742 Aratus
986 687 1071 740 his
1101 685 1377 738 versibus:

761 781 1021 834 Caeterum
1047 777 1128 830 hic
1158 775 1349 831 Oceani
1381 785 1581 828 tantum
1611 774 1948 842 supereminet
1978 768 2194 834 undam,

763 849 1029 915 Quantum
1065 857 1139 900 est
1170 864 1203 898 a
1229 846 1543 915 Capricorno
1568 843 1872 898 ascendente
1901 842 2128 894 maxime

764 914 848 973 Ad
880 925 1231 986 assurgentem
1259 914 1538 969 Cancrum.

838 1032 940 1087 Per
971 1032 1113 1085 hunc
1155 1030 1415 1084 circulum
1465 1042 1771 1102 commeare
1801 1026 2052 1080 videntur
2079 1027 2308 1096 planetae

769 1131 972 1193 septem
996 1123 1095 1177 sub
1123 1122 1296 1175 tribus
1323 1121 1497 1174 lineis.
1525 1119 1628 1184 Qui
1653 1118 1870 1188 quidem
1901 1119 2226 1189 exprimitur
2251 1118 2309 1172 in

770 1213 998 1282 sphaera,
1015 1220 1072 1266 ut
1093 1212 1299 1266 itineris
1328 1212 1665 1280 planetarum
1690 1208 2028 1264 latitudinem
2050 1211 2312 1278 agnOsca-

771 1318 910 1356 mus.
943 1301 1071 1354 Nam
1093 1301 1316 1368 planetae
1338 1299 1574 1366 quinque
1593 1312 1698 1350 non
1725 1312 1831 1350 una
1853 1297 1906 1349 in
1923 1297 2062 1350 linea
2083 1297 2314 1349 circum-

779 1391 1043 1445 feruntur.
1077 1388 1216 1453 Quid
1241 1387 1404 1456 igitur
1425 1400 1601 1439 causa:
1627 1396 1711 1438 est
1737 1400 1834 1437 cur
1858 1398 1965 1436 non
1993 1384 2101 1436 duo
2127 1383 2313 1436 circuli

775 1481 1037 1534 circuitus
1066 1480 1233 1542 illius,
1269 1478 1361 1533 sed
1385 1486 1496 1530 tres
1525 1477 1578 1529 in
1609 1476 1834 1528 zodiaco
1865 1474 2122 1543 descripti
2156 1472 2318 1527 sunt?

772 1571 1030 1624 Nimirum
1063 1569 1205 1639 quod
1236 1569 1477 1637 quinque
1505 1567 1605 1629 illi,
1638 1581 1774 1634 quos
1806 1565 2064 1626 diximus,
2092 1564 2318 1634 planeta:

772 1663 938 1715 latum
964 1663 1019 1716 id
1057 1675 1218 1714 omne
1249 1658 1504 1726 spatium,
1551 1656 1694 1725 quod
1737 1657 1959 1710 circulis
1987 1657 2200 1711 duobus
2235 1657 2320 1710 in-

772 1754 1029 1814 cluditur,
1049 1749 1297 1805 obeundo
1319 1756 1606 1818 peragrant
1631 1767 1643 1800 :
1669 1749 1748 1800 sol
1773 1755 1948 1801 autem
1972 1763 2079 1800 non
2110 1754 2317 1801 tantum

2395 678 2564 731 λῶσαι
2594 679 2911 749 βουλόμενος
2938 679 3167 749 ’Ἄρατός
3197 695 3356 747 φησιν
3374 694 3387 707 ⁸

2398 768 2592 847 ᾼῩτὰρ
2632 769 2715 847 ὅγ’
2738 771 3057 847 ΔῺντιιεανοῦ⁵
3073 770 3298 847 τόίζσον
3324 768 3736 847 παραμείϐεται
3768 762 3913 830 ὕδωρ,

2402 839 2630 890 Ὀσσον
2652 840 2750 892 ἀπ’
2781 838 3128 907 Αὶγγικερῆος
3155 839 3568 905 ἀνερχομένοιο
3594 838 3862 904 μάλιστα.

2400 909 2693 973 Καρκίνον
2719 911 2804 972 εἰς
2833 911 3095 963 ἀνιόντα.

2473 1010 2693 1064 ΔοκΟὖσι
2737 1013 2795 1066 δὲ
2837 1015 2902 1067 δι’
2943 1014 3108 1068 αὑτοῦ
3151 1015 3403 1085 φέρεσθαι
3429 1015 3478 1065 oi.
3507 1014 3644 1067 ἑπτὰ
3682 1015 3917 1084 πλάνητες

2405 1101 2497 1152 ἐπὶ
2527 1101 2689 1170 τριῶν
2727 1104 3014 1173 γραμμῶν.
3041 1105 3319 1157 Δείκνυται
3346 1104 3415 1177 δὲ,
3446 1103 3538 1158 ἐπὶ
3564 1105 3658 1173 τῆς
3692 1106 3914 1173 σφαίρας,
4021 1109 4023 1114 ’

2409 1192 2497 1244 ἵνα
2527 1192 2734 1262 νοῶμεν
2775 1195 2834 1245 τὸ
2879 1195 3074 1257 πλάτος
3105 1196 3203 1264 τῆς
3243 1196 3462 1264 πορείας
3497 1194 3605 1247 τῶν
3647 1196 3915 1265 πλανήτων,

2411 1281 2503 1333 καὶ
2529 1281 2696 1350 ἡλίου,
2726 1281 2818 1334 καὶ
2847 1270 3095 1352 σελήνης·
3125 1284 3308 1354 ἐπειδὴ
3329 1285 3375 1336 oi
3409 1283 3568 1335 πέντε
3602 1283 3673 1352 μὴ
3704 1285 3792 1334 ἐπὶ
3817 1286 3920 1351 μιᾶς

2411 1372 2671 1441 γραμμῆς
2698 1371 2970 1424 ποιοῦνται
3005 1373 3102 1444 τὴν
3127 1375 3444 1444 περιφοράν.
3468 1375 3534 1426 Τί
3561 1369 3650 1426 οὖν
3668 1374 3851 1442 δήποτε
3872 1376 3919 1425 οὐ

2411 1463 2504 1516 δύο
2532 1464 2736 1525 κύκλοι,
2769 1465 2903 1517 ἀλλὰ
2939 1468 3084 1535 τρεῖς
3119 1465 3519 1534 ἐσημειώσαντο
3561 1466 3648 1517 ἐπὶ
3672 1465 3770 1534 τῆς
3797 1482 3920 1533 περι-

2415 1557 2583 1624 φορᾶς
2610 1556 2698 1608 τὸν
2725 1555 2981 1619 ζωδιακὸν
3020 1557 3247 1621 κύκλον;
3291 1557 3432 1609 Διότι
3481 1559 3531 1608 οἰ
3576 1557 3923 1627 προειρημένοι

2417 1646 2574 1698 πέντε
2611 1647 2834 1720 ἀστέρες
2862 1648 2922 1699 τὸ
2964 1648 3162 1716 μεταξὺ
3206 1648 3314 1700 τῶν
3365 1647 3460 1700 δύο
3501 1648 3707 1700 κύκλων
3754 1647 3924 1710 πλάτος

2417 1738 2796 1808 περιφέρονται
2817 1755 2832 1767 ’
2861 1738 2889 1788 ὁ
2913 1739 2966 1790 δὲ
2994 1739 3140 1807 ἦλιος
3171 1739 3500 1793 οὺ-τοσοῦτον
3523 1740 3925 1810 παραδαὼειέπὶ

775 1845 843 1898 ad
874 1845 1114 1898 dextram
1148 1851 1240 1896 aut
1271 1842 1452 1894 laavam
1477 1839 1731 1902 deﬂectit,
1762 1847 2024 1908 quantum
2058 1839 2132 1892 illi
2155 1840 2312 1908 quin-

2410 1830 2478 1881 τὰ
2519 1829 2666 1894 δεξιὰ
2714 1830 2809 1881 καὶ
2855 1829 3126 1899 εὐώνυμα,
3178 1831 3298 1882 ὅσον
3343 1833 3391 1883 οἱ
3447 1831 3637 1883 πέντε·
3671 1831 3799 1883 ἀλλὰ
3839 1831 3926 1882 τῶν

774 1948 901 2001 que,
937 1932 1029 1986 sed
1063 1931 1200 1984 inter
1243 1929 1378 1984 duos
1422 1929 1555 1982 istos
1590 1929 1896 1982 limitaneos
1933 1928 2168 1982 circulos
2200 1943 2312 1980 me-

776 2022 898 2075 dius
946 2028 1212 2074 movetur.
1233 2019 1318 2074 Ob
1359 2018 1410 2072 id
1454 2019 1696 2072 heliacus
1751 2017 1819 2070 ab
1869 2016 2034 2083 hujus
2062 2013 2315 2068 doctrina:

775 2111 964 2180 peritis
997 2110 1324 2179 appellatur;
1354 2115 1446 2160 aut
1479 2108 1785 2174 eclipticus,
1825 2106 1968 2168 quod
1999 2105 2054 2157 in
2083 2117 2150 2157 eo
2185 2102 2316 2156 solis

776 2199 1005 2266 eclipses
1037 2198 1305 2250 accidant.
1337 2195 1527 2248 Latum
1570 2197 1712 2247 hunc
1742 2194 2006 2246 circulum
2039 2191 2314 2245 zodiacum

779 2288 848 2340 ab
891 2277 1170 2339 duodecim
1213 2285 1382 2354 signis
1423 2285 1738 2338 nominant:
1777 2298 1894 2352 quae
1938 2292 2096 2346 sunt,
2139 2280 2315 2344 Aries,

779 2375 1014 2438 Taurus,
1049 2374 1278 2436 Gemini,
1309 2375 1535 2440 Cancer,
1562 2373 1690 2436 Leo,
1728 2372 1908 2442 Virgo,
1944 2371 2124 2436 Libra,
2157 2371 2321 2427 Scor-

783 2466 931 2534 pius,
978 2464 1327 2536 Sagittarius,
1355 2465 1741 2534 Capricornus,
1775 2464 2069 2533 Aquarius,
2107 2457 2315 2517 Pisces.

781 2550 909 2616 Qua:
942 2560 994 2607 et
1025 2553 1163 2606 idola
1188 2559 1469 2616 vocantur,
1499 2563 1555 2606 ut
1577 2553 1644 2605 ab
1666 2545 1868 2606 Arato:

954 2808 1148 2864 Contra
1178 2816 1328 2876 atque
1358 2806 1500 2859 idola
1540 2806 1811 2859 duodecim
1853 2806 2148 2859 volvmxtur.

851 2897 960 2971 85
977 2897 1080 2953 Sed
1105 2902 1272 2966 quaeri
1305 2898 1410 2950 non
1433 2898 1697 2951 immerito
1720 2903 1916 2964 potest,
1946 2910 2040 2948 cur
2056 2909 2175 2948 cum
2194 2893 2324 2948 Cas-

786 2989 991 3056 siepea,
1023 2996 1076 3040 et
1105 2985 1461 3048 Andromeda,
1483 2994 1534 3039 et
1588 2985 1691 3038 alia
1719 2985 2005 3038 simulacra
2028 2989 2323 3053 composita

794 3078 904 3133 sint
952 3091 982 3130 c
1020 3077 1212 3138 stellis,
1249 3077 1361 3129 sola
1404 3076 1682 3129 duodecim
1723 3075 1884 3138 ζώδια
1930 3088 2321 3146 nuncupentur,

2410 1918 2573 1988 τριῶν
2600 1919 2800 1970 τούτων
2838 1917 3072 1982 κύκλων,
3104 1919 3210 1970 τῶν
3245 1921 3306 1972 τὸ
3350 1921 3547 1982 πλάτος
3572 1919 3661 1972 τοῦ
3689 1919 3925 1982 ζωδιακώ

2411 2007 2723 2060 δεικνύντων
2756 2011 2902 2077 ἡμῖν,
2943 2009 3080 2061 κατὰ
3126 2009 3214 2060 τὸν
3251 2011 3410 2078 μέσον
3456 2013 3484 2062 ὁ
3529 2011 3677 2079 ἥλιος
3707 2012 3925 2080 φέρεται.

2414 2099 2502 2150 Διὸ
2530 2098 2618 2150 καὶ
2657 2098 2874 2166 ἡλιακὸς
2911 2098 3012 2150 ὑπὸ
3049 2098 3155 2150 τῶν
3181 2100 3348 2150 ταῦτα
3372 2100 3556 2153 δεινῶν
3592 2102 3928 2171 προσηγόρεύ-

2412 2207 2520 2250 ται,
2557 2189 2647 2242 καὶ
2693 2189 3062 2251 ὲκλειπτικός·
3110 2191 3292 2260 ἐπειδὴ
3340 2193 3396 2242 εν
3441 2191 3587 2260 αὐτῷ
3635 2193 3690 2242 αἱ
3735 2193 3932 2260 ἡλιακαὶ

2414 2280 2678 2348 ἐκλείψεις
2702 2281 2957 2348 γίνονται.
2988 2282 3090 2334 Τὸν
3122 2282 3178 2335 δὲ
3205 2278 3596 2353 προειρημένον
3623 2283 3820 2335 πλατὺν
3852 2283 3931 2336 κύ-

2415 2371 2536 2423 κλον
2568 2371 2824 2434 ζωδιακὸν
2868 2371 3138 2442 καλοῦμεν
3180 2374 3286 2426 ἀπὸ
3328 2369 3434 2426 τῶν
3469 2377 3527 2426 ὲν
3574 2373 3711 2442 αύτῷ
3758 2373 3821 2442 ιβ’
3847 2373 3936 2436 ζω-

2414 2462 2570 2514 δίων’
2607 2463 2642 2516 ἃ
2697 2465 2808 2515 ἐστι
2854 2464 3038 2534 Κριὸς.
3087 2463 3316 2534 Ταῦρος,
3371 2448 3607 2535 Δίδυμοι,
3651 2467 3933 2536 Καρκίνος,

2416 2552 2585 2617 Λέων,
2616 2554 2906 2623 Παρθένος,
2938 2555 3126 2621 Ζυγὸς.
3155 2556 3436 2624 Σκορπίος,
3461 2556 3705 2625 Τοξότης.
3733 2557 3937 2623 Αιγόκε·

2419 2660 2547 2714 ρως,
2585 2642 2884 2713 ’Υδροχόος,
2917 2644 3118 2713 ’ἰχθύες
3140 2661 3151 2674 ⁸
3186 2646 3422 2698 καλεῖται
3449 2645 3504 2696 δὲ
3533 2647 3626 2698 καὶ
3643 2646 3850 2698 εἴδωλα·
3877 2646 3938 2707 ὡς

2419 2735 2508 2786 καὶ
2540 2735 2604 2784 ’Δ
2614 2751 2766 2804 ρατος
2783 2751 2795 2763 ·

2527 2825 2814 2891 Ἔμπαλιν
2839 2823 3100 2890 εἰδώλοις
3128 2823 3480 2878 δυοκαίδεκα
3509 2824 3848 2878 δινεύων-ται.

2493 2913 2670 2977 Ἀξιὸν
2699 2914 2754 2966 δὲ
2785 2914 3027 2984 ζητῆσαι,
3056 2915 3107 2967 τί
3138 2916 3333 2985 δήποτε
3361 2916 3456 2984 τῆς
3483 2916 3840 2977 Κασσιεπείας
3863 2913 3940 2965 καὶ

2435 3004 2798 3074 Ἀνδρομέδας,
2845 3007 2937 3058 καὶ
2980 3005 3086 3058 τῶν
3129 3006 3300 3059 ἄλλων
3341 3005 3570 3058 εἰδώλων
3615 3007 3672 3071 ἐξ
3719 3001 3938 3072 ἀστέρων

2428 3097 2811 3166 συγκειμένων,
2845 3097 2910 3149 τὰ
2940 3094 3003 3164 ιβ’
3035 3096 3191 3166 μόνον
3219 3089 3398 3157 ζώδια,
3425 3097 3494 3148 τὰ
3521 3097 3577 3148 δὲ
3607 3096 3763 3148 λοιπὰ
3787 3096 3938 3162 ἄστρα

785 3173 933 3220 astra
979 3179 1106 3219 vero
1150 3169 1361 3219 caetera.
1393 3167 1473 3218 An
1520 3165 1663 3232 quod
1702 3167 1855 3234 plura
1903 3165 1956 3218 in
1992 3167 2082 3220 illo
2122 3167 2320 3221 circulo

2426 3187 2682 3240 καλεῖται.
2717 3189 2935 3255 Μήποτε
2959 3182 3050 3237 οὖν
3085 3186 3189 3237 ἀπὸ
3221 3184 3326 3236 τῶν
3367 3186 3753 3247 πλεοναζόντων
3797 3187 3849 3234 ὲν
3877 3183 3940 3249 τῷ

784 3269 948 3324 quam
1000 3254 1148 3318 alibi,
1183 3263 1305 3309 sunt
1357 3256 1628 3317 animalia,
1664 3257 1782 3311 ideo
1825 3257 1980 3310 zodia
2031 3258 2324 3312 dicuntur?

789 3343 1091 3397 Sunt‘enim
1122 3345 1176 3396 in
1207 3345 1474 3412 sideribus
1501 3345 1743 3412 reliquis,
1775 3361 1894 3414 quae
1924 3362 2031 3398 non
2061 3353 2188 3400 sunt
2220 3345 2324 3409 ζώ-

770 3431 893 3496 δια,
923 3432 1025 3485 hoc
1052 3439 1135 3485 est
1175 3433 1482 3484 animalium
1532 3433 1839 3488 simulacra.
1874 3433 1954 3487 An
1999 3435 2121 3502 quia
2163 3449 2325 3504 gene-

787 3521 970 3577 tlnliaci
1009 3523 1284 3577 hominum
1305 3539 1544 3592 geneses,
1581 3540 1643 3577 ac
1666 3525 1786 3582 vita:
1815 3525 2108 3595 mortisque
2137 3525 2326 3581 fatales

788 3614 965 3668 exitus
990 3628 1058 3668 ex
1105 3613 1172 3668 iis
1201 3622 1255 3667 et
1304 3614 1732 3668 discurrentibus
1773 3625 1860 3684 per
1901 3630 1961 3668 ea
1989 3615 2216 3683 planetis
2245 3616 2328 3669 in-

788 3703 1050 3773 quirunt?
1099 3719 1166 3758 an
1206 3707 1329 3772 quia
1380 3719 1474 3773 per
1512 3704 1754 3758 eumdem
1816 3705 2100 3768 circulum,
2159 3719 2327 3774 eaque

791 3796 946 3861 signa
969 3793 1192 3861 planetae
1230 3793 1489 3846 circuitus
1523 3807 1651 3846 suos
1676 3793 1894 3856 obeunt,
1927 3810 2025 3848 nec
2047 3809 2077 3846 a
2107 3795 2327 3849 zodiaca

791 3882 1199 3956 digrediuntur?
1235 3882 1374 3936 Sunt
1394 3888 1572 3936 autem
1597 3883 1823 3952 planetae
1859 3898 2052 3938 omnes
2077 3885 2327 3937 animalia

791 3970 1059 4041 quzedam,
1099 3971 1240 4039 quod
1276 3977 1464 4040 suapte
1497 3980 1688 4039 sponte
1724 3979 2055 4025 moveantur.
2099 3970 2331 4027 Planeta:

792 4068 969 4114 autem
1003 4061 1069 4113 ab
1099 4076 1281 4115 errore
1328 4070 1379 4114 et
1421 4063 1700 4130 vagatione
1741 4061 2016 4117 dicuntur.
2064 4062 2328 4117 Interdum

791 4151 952 4205 etiam
975 4151 1234 4204 circulum
1261 4154 1421 4207 istum
1444 4153 1651 4223 άλησιν,
1674 4154 1820 4209 idest
1835 4155 2180 4224 evagationem
2201 4155 2328 4209 solis

794 4242 1086 4311 appellant,
1121 4249 1180 4295 ut
1208 4241 1438 4297 Aratus:
1508 4270 1516 4278 -

933 4331 1268 4405 Partimpero
1304 4335 1466 4388 borea’
1501 4339 1564 4394 et;
1589 4337 1903 4405 eragatiom’s
1936 4335 2063 4390 solis

933 4398 999 4452 In
1032 4401 1198 4454 medio
1223 4415 1555 4472 sparguntur.

867 4509 1036 4580 Hujus
1064 4511 1250 4565 circuli
1277 4529 1484 4568 summa
1510 4524 1592 4571 est
1621 4516 1946 4586 magnitudo.
1978 4518 2142 4587 Cujus
2173 4521 2330 4574 dimi-

796 4599 883 4652 dia
915 4616 1038 4668 pars
1076 4602 1179 4656 sub
1210 4610 1352 4656 terra
1377 4603 1524 4660 latet.
1566 4607 1792 4676 Ideoque
1821 4623 1913 4661 sex
1945 4618 2200 4679 perpetuo
2237 4628 2330 4666 su-

799 4704 894 4758 pra
943 4699 1141 4745 tcrram
1195 4693 1427 4747 interdiu
1475 4696 1710 4750 eminent
1769 4700 1954 4768 signa,
2005 4701 2331 4772 totidemque

800 4789 958 4834 nocte
999 4782 1102 4836 sub
1142 4789 1342 4837 terram
1385 4783 1601 4838 condita
1631 4795 1774 4842 sunt.
1808 4788 1961 4854 Quod
2011 4789 2212 4845 Aratus
2245 4792 2329 4847 his

795 4871 977 4940 verbis
1005 4874 1173 4940 aperit
1198 4892 1213 4926 :

853 4981 956 5036 Sea:
983 4994 1224 5050 perpetuo
1251 4985 1488 5040 occidunt
1523 4987 1841 5044 duodecima:
1870 5004 2044 5061 partes
2072 4995 2274 5049 circuli.

867 5091 959 5146 Sic
985 5093 1128 5147 enim
1151 5093 1576 5153 dodecatemoria
1605 5101 1881 5171 signorum
1909 5106 2170 5160 nominat.
2201 5105 2333 5163 Nolo

799 5181 889 5236 hic
915 5197 999 5236 me
1025 5183 1290 5266 quispiam
1325 5186 1642 5257 interpellet,
1676 5190 2035 5263 objiciatque:
2063 5196 2116 5251 Si
2146 5197 2333 5254 diebus

801 5270 1027 5340 singulis
1053 5286 1214 5341 supra
1242 5275 1485 5344 infraque
1507 5280 1703 5334 terrain
1725 5297 1822 5351 par
1847 5283 2119 5352 signorum
2146 5302 2334 5342 nume-

801 5375 894 5414 rus
938 5362 1185 5428 exsistat,
1216 5378 1312 5419 cur
1357 5381 1466 5422 non
1501 5372 1732 5441 aequales
1759 5380 1885 5428 sunt
1912 5376 2137 5432 invicem
2178 5379 2333 5435 dies?

803 5445 933 5541 Nam
963 5451 1062 5504 bac
1079 5450 1150 5506 de
1169 5467 1226 5506 re
1251 5461 1362 5509 tum
1386 5473 1624 5528 agemus,
1653 5478 1772 5519 cum
1803 5464 1869 5521 de
1895 5474 2014 5521 ortu
2042 5471 2330 5541 cujuslibet

805 5538 940 5609 signi
978 5543 1139 5600 verba
1169 5542 1441 5605 faciemus.

879 5695 894 5720 ί
923 5693 964 5759 f.
999 5692 1177 5757 ζώιια.

2423 3277 2604 3345 κύκλῳ
2619 3275 2731 3338 ζῶα
2749 3278 2768 3306 ⁵
2789 3276 2997 3343 λέγεται
3013 3294 3026 3338 ;
3045 3275 3154 3326 ἐστι
3177 3275 3280 3346 γὰρ
3303 3277 3356 3326 ὲν
3376 3278 3484 3336 τοῖς
3508 3274 3706 3334 λοιποῖς
3727 3273 3939 3342 ἄστροις.

2422 3365 2458 3419 ἃ
2488 3367 2559 3435 μή
2596 3367 2708 3417 ἐστι
2741 3365 2922 3427 ζώδια,
2949 3365 3186 3417 τουτέστι
3219 3364 3369 3428 ζώων
3398 3364 3607 3417 εἰδωλαο
3637 3364 3668 3433 ἦ
3698 3363 3847 3414 πάλιν
3873 3362 3940 3412 ὅτι

2424 3458 2473 3509 οἱ
2499 3457 2859 3524 γενεσιαλόγοι
2887 3457 2984 3520 τὰς
3001 3457 3236 3524 γενέσεις
3259 3456 3362 3508 τῶν
3385 3455 3478 3508 ἀνθ
3488 3457 3700 3526 ρώπων,
3722 3455 3811 3506 καὶ
3833 3453 3942 3520 περὶ

2425 3548 2569 3617 ζωῆς
2599 3549 2690 3600 καὶ
2724 3547 2967 3610 Θανάτου,
3013 3547 3146 3616 πρὸς
3179 3545 3347 3598 ταῦτα
3383 3545 3661 3606 σκοποῦσι,
3708 3545 3798 3597 καὶ
3833 3544 3941 3606 τοὺς

2425 3638 2549 3707 περὶ
2594 3635 2732 3688 αὐτὰ
2768 3635 3138 3705 διερχομένους
3181 3635 3452 3704 πλάνητας
3475 3651 3489 3664 ·
3530 3634 3562 3702 ἢ
3606 3635 3684 3688 ὅτι
3717 3635 3839 3702 περὶ
3867 3634 3942 3685 τὸν

2425 3729 2637 3791 κύκλον,
2675 3725 2925 3797 καὶπερὶ
2954 3725 3090 3778 αὐτὰ
3119 3726 3168 3776 οἱ
3199 3726 3336 3777 ἑπτὰ
3361 3724 3624 3792 πλάνητες
3649 3726 3943 3792 περιφέρον-

2425 3837 2537 3881 ται,
2562 3819 2658 3887 ούχ
2686 3816 3073 3886 ὑπερϐάλλουσι
3095 3815 3184 3868 τὸν
3220 3813 3474 3878 ζωδιακὸν
3510 3812 3723 3866 κύκλον.
3754 3813 3868 3865 Ζῶα
3895 3811 3943 3863 δέ

2426 3908 2528 3960 εἱσι
2550 3908 2639 3960 καὶ
2662 3902 2802 3959 οὗτοι
2824 3907 2872 3957 οἱ
2889 3905 3026 3959 ἑπτὰ
3046 3905 3330 3975 πλάνητες,
3351 3903 3428 3973 τῷ
3449 3904 3780 3972 αὑτοκίνητοι
3799 3898 3940 3954 εἶναι·

2427 3999 2687 4068 πλάνητες
2715 3998 2770 4049 δὲ
2801 3996 3085 4050 καλοῦνται
3118 3995 3269 4062 παρὰ
3293 3995 3390 4066 τὴν
3416 3995 3548 4064 ἄλην
3582 3995 3680 4064 τὴν
3709 3995 3799 4046 καί
3829 3992 3943 4044 πλά-

2427 4107 2542 4159 νην.
2577 4090 2728 4140 Ἔστι
2767 4088 2809 4140 δ’
2835 4090 2924 4142 ὅτε
2962 4087 3146 4140 τοῦτον
3187 4087 3274 4139 τὸν
3310 4085 3505 4139 κύκλον
3544 4087 3638 4138 καὶ
3675 4103 3694 4137 ι
3725 4085 3899 4153 ιλησιν
3922 4101 3938 4132 ι

2428 4178 2772 4248 ὀνομάζουσιν
2805 4195 2824 4243 ι
2857 4178 3024 4247 ’ἡλίου⁸
3064 4196 3082 4230 s
3116 4177 3190 4240 ὡς
3216 4178 3306 4230 καὶ
3339 4179 3585 4248 Ἄρατός·

2499 4357 2604 4412 Καὶ
2630 4358 2701 4411 τὰ
2716 4358 2830 4426 μὲν
2854 4351 2964 4410 οὖν
2986 4355 3194 4423 βορέω,
3216 4355 3313 4409 καὶ
3334 4354 3584 4422 άλήσιος
3614 4356 3833 4423 ἠελίοιο

2355 4457 2406 4516 D
2493 4428 2816 4494 Μεσσηγὺς
2849 4427 3176 4494 κέχυται....

2506 4537 2654 4606 Ἔχει
2684 4537 2740 4589 δὲ
2770 4529 2920 4598 οὗτος
2950 4537 2978 4587 ὁ
3003 4534 3194 4598 κύκλος
3221 4534 3441 4604 μέγεθος
3471 4535 3737 4604 μέγιστον.
3778 4532 3944 4586 ’Διὶᾶ

2433 4628 2493 4680 τὸ
2519 4629 2685 4698 ἣμισυ
2715 4627 2817 4680 ὑπὸ
2848 4625 2950 4695 γῆν
2987 4626 3116 4696 ἔχει.
3160 4626 3248 4678 Διὸ
3277 4627 3370 4679 καὶ
3406 4625 3465 4688 ἐξ
3496 4625 3632 4696 ὑπὲρ
3669 4627 3770 4695 γῆν
3799 4625 3946 4678 ἀεὶιν

2434 4718 2612 4788 ἡμέρᾳ
2638 4717 2750 4768 ἐστὶ
2779 4715 2959 4779 ζώδια,
2983 4716 3072 4768 καὶ
3100 4716 3158 4780 ἐξ
3190 4715 3294 4768 ὑπὸ
3322 4716 3423 4785 γῆν
3454 4717 3511 4767 ὲν
3540 4717 3709 4768 νυκτί.
3749 4717 3947 4781 Ἐπιση-

2439 4805 2676 4876 μαίνεται
2703 4806 2759 4858 δὲ
2790 4805 2942 4858 τοῦτο
2972 4806 3064 4858 καὶ
3090 4805 3319 4874 ’Δρατος
3342 4803 3530 4872 λέγων’

2508 5007 2606 5070 Ἓξ
2635 5006 2745 5059 alet
2775 5006 3023 5059 δύνουσι
3050 5003 3410 5070 δυωδεκὰδες
3432 5004 3690 5058 niuoso.

2499 5116 2837 5179 Δυωδεκάδας
2864 5115 2970 5185 γὰρ
2997 5109 3115 5166 εἶπε
3150 5113 3220 5168 τὰ
3260 5113 3694 5184 δωδεκατημόρια
3727 5111 3831 5165 τῶν
3860 5111 3949 5175 ξω·

2431 5203 2568 5257 δίων.
2601 5206 2801 5274 Μηδεὶς
2827 5205 2882 5257 δὲ
2914 5203 3006 5257 νῦν
3037 5204 3379 5274 ὐποκρουέτω
3399 5204 3586 5271 λέγων’
3606 5204 3669 5256 Εἰ
3691 5203 3810 5256 καθ’
3835 5202 3949 5256 ἑκά-

2438 5313 2567 5366 στην
2611 5296 2814 5365 ἡμέραν
2858 5295 2995 5365 ὑπὲρ
3033 5295 3132 5366 γῆν
3180 5296 3271 5349 καὶ
3320 5295 3425 5348 ὑπὸ
3474 5294 3577 5364 γῆν
3631 5295 3720 5349 ῐσα
3761 5295 3950 5363 γίνεται

2437 5383 2616 5449 ζώδια,
2652 5385 2766 5448 πῶς
2789 5385 2886 5438 οὒκ
2919 5385 3026 5437 ῐσαι
3058 5386 3194 5438 εἰσὶν
3237 5387 3292 5438 αἱ
3327 5383 3525 5455 ἡμέραι
3561 5385 3810 5456 ἀλλήλαις
3843 5382 3947 5448 tisi;

2448 5476 2702 5545 Ἐροῦμεν
2734 5476 2840 5545 γὰρ
2865 5477 2986 5546 περί
3016 5477 3222 5541 τούτου,
3246 5477 3372 5531 ὅταν
3404 5476 3529 5548 περὶ
3554 5475 3810 5546 ἀνατολῆς
3841 5474 3952 5528 ἑκό-

2444 5581 2560 5618 ττου
2596 5566 2778 5630 ζωδίου
2809 5565 3065 5636 λέγωμεν.
