4008 6328
146 506 234 565 969
811 505 1121 562 ACHILLIS
1160 504 1340 559 TATll
1373 500 1666 560 [SAGOGE

1767 502 1793 556 )
1829 496 2038 556 ARATI
2078 500 2543 557 ΡΠΕΝΟΜΕΝΑ.

3208 502 3312 563 970

206 618 391 672 Τούτου
408 619 498 671 τοῦ
524 616 719 672 κύκλου
738 619 829 672 τοῦ
849 619 1107 684 ζωδιακοῦ
1123 620 1181 671 τδ
1204 620 1299 689 μὲν
1334 618 1568 689 βορειότε
1577 634 1664 688 ρον

1834 613 2052 669 Zodiaci
2081 615 2271 669 circuli
2316 629 2441 683 pars
2477 614 2586 678 illa,
2622 628 2740 684 quae
2771 613 3001 669 maxime
3039 616 3208 687 vergit
3241 618 3307 673 ad

146 709 293 777 μέρος
323 708 618 775 ἐφάπτεται
633 709 724 761 τοῦ
746 707 953 780 θερινοῦ
970 708 1227 780 τροπικοῦ
1258 711 1396 762 κατὰ
1415 710 1503 761 τὸν
1521 710 1668 780 Καρ-

144 801 293 861 κίνον,
312 798 370 851 τὸ
392 798 447 851 δὲ
473 799 781 871 νπιὼτερον
805 800 909 869 τοῦ
922 792 1223 870 χειμερινοῦ
1240 799 1496 869 τροπικοῦ
1530 800 1667 853 κατὰ

138 888 224 940 τὸν
247 889 604 960 Δίγοκέρωτα·
652 891 744 944 τοῦ
773 891 828 943 δὲ
865 891 1183 961 μεσαιτάτου
1228 891 1320 942 τοῦ
1355 886 1666 961 ίσημερινοῦ

138 978 268 1031 κατὰ
295 980 383 1032 δύο
409 981 568 1053 μέρη,
595 984 686 1035 κα)⁴
712 980 804 1034 δύο
834 980 1017 1048 ζώδια,
1039 982 1179 1035 κατά
1197 998 1253 1034 τε
1276 983 1441 1051 Κριὸν
1462 980 1667 1045 καὶτὰς

136 1068 330 1138 Χηλάςο
362 1072 455 1124 καὶ
492 1071 556 1142 δὴ
593 1071 774 1142 τέμνει
805 1070 895 1123 τὸν
932 1072 1257 1142 ἰσημερινὸν,
1295 1074 1388 1126 καὶ
1415 1072 1667 1142 τέμνεται

137 1158 223 1211 ὑπ’
248 1158 426 1213 αὑτοῦ.
467 1160 594 1213 Ὅτε
636 1162 810 1216 τοίνυν
851 1163 942 1214 ἐπὶ
973 1163 1040 1215 τὰ
1081 1164 1388 1235 βορειότερα
1423 1164 1530 1215 ἀπὸ
1562 1164 1669 1215 τῶν

136 1251 446 1321 νοτιωτέρων
467 1252 687 1321 ὑψοῦται
712 1256 740 1307 6
757 1254 925 1323 ἥλιος,
953 1255 1112 1327 μέχρι
1138 1256 1409 1328 Καρκίνου
1436 1256 1664 1325 γίνεται.

132 1340 223 1393 Διὸ
245 1342 330 1393 καὶ
360 1342 557 1412 θερμὸς
582 1346 708 1414 ἡμῖν
755 1346 1065 1409 ὑποπίπτει,
1115 1348 1208 1400 ἆτε
1255 1346 1478 1418 πλησίον
1509 1348 1667 1430 ῄμῶν

132 1429 224 1484 ὢν.
251 1432 525 1486 Ἐπέκεινα
554 1434 610 1486 δὲ
632 1436 900 1504 Καρκίνου
929 1437 1023 1507 ούχ
1053 1436 1295 1505 ὑψοῦται·
1328 1438 1461 1490 ἀλλὰ
1497 1429 1665 1507 προσ-

135 1518 226 1573 ιὼν
263 1522 486 1575 ἐνταῦθα
525 1524 778 1594 τρέπεται
823 1529 913 1579 ἐπὶ
958 1527 1026 1579 τὰ
1080 1527 1259 1607 vdua;
1292 1530 1383 1580 καὶ
1425 1529 1666 1605 καλεῖται

128 1612 302 1684 θερινὴ
325 1614 497 1683 τροπὴ
522 1614 581 1666 τὸ
605 1616 660 1668 έν
687 1608 1038 1687 τῴΚαρκίνῳ
1066 1615 1197 1684 ὕφος
1220 1616 1311 1668 τοῦ
1344 1617 1512 1687 ἡλίου.
1546 1618 1668 1670 Βού-

126 1701 298 1753 λονται
334 1701 389 1753 δὲ
434 1702 635 1771 τροπὴν
677 1704 836 1755 αὐτὸν
883 1703 1146 1756 ποιεῖσθαι
1191 1704 1240 1754 οἱ
1285 1700 1385 1773 μὲν
1416 1706 1542 1773 περὶ
1568 1705 1665 1767 τὰς

125 1791 313 1860 ἀρχὰς,
349 1793 397 1843 οί
429 1792 485 1844 δὲ
516 1793 640 1863 περί¹
670 1793 857 1863 ὀγδόην
887 1797 1095 1865 μοῖραν,
1117 1797 1165 1847 οἱ
1193 1795 1248 1848 δὲ
1282 1797 1409 1867 περὶ
1436 1798 1518 1865 ιβ’,
1546 1798 1594 1849 οἱ
1611 1797 1665 1849 δὲ

124 1884 253 1950 περὶ
276 1888 331 1933 ιε’
348 1882 441 1935 τοῦ
464 1883 756 1954 Καρκίνου.
776 1884 989 1938 Κατιὼν
1008 1885 1061 1939 δὲ
1080 1886 1171 1938 ἐπὶ
1192 1886 1260 1939 τὰ
1280 1887 1424 1940 νότια
1446 1890 1474 1939 ό
1494 1887 1661 1957 ἥλιος,

124 1972 259 2024 ὲπὰν
299 1972 437 2026 κατὰ
470 1973 560 2026 τοῦ
603 1976 912 2045 ίσημερινοῦ
946 1976 1188 2047 γένηται,
1221 1978 1339 2030 τότε
1378 1979 1662 2049 ἰσημερίαν

121 2065 283 2118 ποιεῖ.
317 2064 463 2117 Ποιεί
485 2064 540 2117 δὲ
565 2064 719 2118 τοῦτο
740 2067 818 2129 δὶς
844 2066 936 2119 τοῦ
963 2068 1223 2121 ἐνιαυτοῦ·
1257 2068 1437 2137 ἐπειδὴ
1466 2070 1556 2121 καὶ
1588 2070 1667 2133 δίς

122 2150 418 2217 ἐφάπτεται
438 2154 528 2206 τοῦ
554 2154 881 2224 ίσημερινοῦ.
901 2152 1008 2207 Καὶ
1028 2158 1058 2224 ἡ
1086 2157 1181 2225 μὲν
1197 2158 1434 2210 καλεῖται
1456 2157 1662 2229 ἐαρινὴ,

117 2242 155 2310 ἡ
188 2239 243 2292 δὲ
277 2244 605 2313 μετοπωρινή
638 2246 910 2314 ἰσημερία⁴
938 2245 1124 2315 έαρινὴ
1162 2247 1257 2315 μὲν
1286 2249 1341 2301 ὲν
1371 2248 1542 2316 Κριῷ,
1576 2249 1663 2300 ὅτε

121 2328 417 2397 ἐφάπτεται
456 2330 547 2383 τοῦ
591 2330 899 2401 ίσημερινοῦ
939 2331 1156 2385 κύκλου·
1208 2335 1547 2405 μετοπωρινὴ
1587 2336 1663 2400 δὲ,

118 2420 214 2472 ὅτε
251 2419 450 2486 γίνεται
489 2422 545 2473 έν
586 2422 819 2491 Χηλαῖς,
870 2424 1028 2477 πάλιν
1058 2425 1424 2494 ἐφαπτόμενος
1456 2424 1548 2476 τοῦ
1586 2429 1665 2478 ἰσ-

114 2527 153 2579 η
163 2510 398 2580 μερινοῦ.
438 2511 566 2564 Ἀπὸ
592 2512 646 2565 δὲ
667 2513 856 2584 Χηλῶν
884 2516 1089 2568 κάτεισι
1105 2515 1413 2586 νοτιώτερος
1442 2517 1543 2579 ἕως
1570 2519 1666 2568 Αἱ-

113 2598 437 2668 γοκέρωτος’
461 2601 578 2653 τότε
607 2601 662 2654 δὲ
693 2602 983 2671 ἐφάπτεται
1017 2607 1044 2656 6
1067 2604 1323 2667 ζωδιακὸς
1354 2605 1446 2657 τοῦ
1480 2623 1665 2674 χειμε-

115 2688 273 2759 ρινοῦ
297 2692 571 2759 τροπικοῦ,
600 2693 692 2745 καὶ
712 2694 739 2745 ό
763 2693 909 2763 ἥλιος
940 2694 1096 2747 πάλιν
1135 2694 1240 2746 ἀπὸ
1272 2694 1376 2747 τῶν
1402 2696 1666 2748 ταπεινῶν

111 2782 217 2835 ἐπὶ
235 2781 300 2834 τὰ
325 2769 623 2855 ὑψηλότερα
646 2784 915 2855 τρέπεται·
935 2770 1032 2837 ’καὶ
1058 2785 1297 2838 καλεῖται
1324 2786 1495 2856 τροπὴ
1518 2786 1665 2856 ἡλίου

111 2872 155 2941 ἠ
193 2871 301 2924 ἀπὸ
324 2874 693 2942 ταπεινοτέρου
722 2875 810 2925 ἐπὶ
835 2874 893 2925 τὸ
927 2874 1247 2946 ὑψηλότερον
1282 2877 1491 2945 πορεία.
1534 2877 1668 2928 Ποτὲ

109 2960 177 3012 δὲ
203 2960 483 3027 Αἰγύπτιοι
508 2963 612 3014 ἀπὸ
640 2964 909 3032 Καρκίνου
932 2965 1021 3014 ἐπὶ
1048 2966 1383 3034 Αίγοκέρωτα
1406 2965 1491 3015 τὸν
1517 2966 1666 3033 ἥλιον

112 3050 378 3102 κατιόντα
401 3049 648 3118 ὁρῶντες,
689 3050 783 3103 καὶ
822 3052 886 3102 ὲκ
931 3050 1273 3120 μακροτέρων
1308 3050 1668 3119 σμικρύνοντα

104 3136 227 3200 τὰς
261 3138 487 3208 ἡμέρας,
519 3138 791 3200 ἐπένθουν,
832 3138 1208 3208 εὐλαϐούμενοι
1248 3138 1320 3207 μὴ
1355 3139 1666 3208 καταδραχὺ

109 3227 397 3300 καταλίπῃ
422 3229 611 3292 αὐτοὺς
641 3232 668 3281 6
699 3230 864 3298 ἥλιος
896 3230 987 3281 καὶ
1017 3229 1156 3281 ἔστιν
1185 3231 1211 3281 6
1248 3229 1432 3297 καιρὸς
1460 3222 1608 3290 οὗτος
1640 3230 1667 3281 6

109 3322 259 3391 παρ’
280 3321 459 3382 αὐτοῖς
488 3321 590 3372 τῶν
618 3320 958 3389 καλουμένων
996 3320 1184 3373 Ἰσίων.
1236 3322 1384 3372 Ἐπεὶ
1419 3320 1475 3373 δὲ
1510 3321 1667 3373 πάλιν

102 3408 432 3461 ἀναϐαίνειν
468 3410 683 3479 ἤρξατο,
726 3410 817 3461 καὶ
858 3412 1192 3480 μακροτέρας
1223 3412 1391 3463 ποιεῖν
1418 3398 1667 3481 campe—

106 3515 246 3569 ρας,
283 3493 574 3564 τηνικαῦτα
609 3498 1109 3567 λευχειμονήσαντες
1142 3502 1665 3570 ἐστεφανηφόρησαν.

100 3581 291 3646 Οὗτος
325 3588 353 3637 6
380 3585 593 3648 κύκλος,
638 3588 686 3638 εί
716 3587 1001 3657 διαιρεθείη
1044 3589 1121 3650 εἰς
1155 3589 1292 3640 ὀκτὼ
1332 3590 1467 3659 μέρη
1494 3630 1507 3652 ,
1551 3590 1669 3640 τέσ-

103 3690 269 3743 σαρα
289 3675 383 3743 μὲν
397 3673 504 3739 ἕξει
527 3676 663 3746 ὑπὲρ
682 3677 804 3746 γῆν,
825 3677 892 3729 τὰ
909 3679 963 3731 δὲ
988 3679 1145 3749 ἕτερα
1165 3679 1399 3749 τέσσαρα
1422 3680 1522 3731 ὑπὸ
1543 3680 1664 3749 γῆν.

104 3766 293 3817 ’Ὼστε
325 3767 436 3819 ἴσον
470 3766 578 3835 ἔχει
608 3768 712 3820 ἀπὸ
743 3768 863 3839 γῆν,
893 3771 983 3821 καὶ
1009 3770 1117 3823 ἴσον
1152 3771 1286 3842 ὑπὲρ
1315 3774 1436 3841 γῆν.
1472 3772 1665 3836 Τέμνει

94 3856 177 3909 δὲ
206 3856 301 3909 τὸν
330 3858 654 3929 ἰσημερινὸν,
681 3859 771 3912 καὶ
803 3860 1051 3930 τέμνεται
1076 3863 1164 3913 ὑπ’
1197 3861 1377 3913 αὐτοῦ.

593 4054 730 4121 Περὶ
764 4054 865 4107 τοῦ
901 4055 1206 4123 γαλαξίου.

194 4139 302 4197 κδ’.
344 4141 402 4195 '0
431 4140 486 4194 δὲ
513 4142 771 4210 γαλαξίας
805 4146 1011 4214 εἴρηται
1039 4146 1155 4215 μὲν,
1188 4145 1261 4207 ὡς
1294 4144 1435 4197 ἔστιν
1456 4144 1665 4215 ὁρατὸς,

89 4232 222 4285 καὶ
247 4231 404 4299 μόνος
424 4231 513 4283 ἐπὶ
530 4232 627 4301 τῆς
649 4231 875 4301 σφαίρας
895 4234 1162 4303 αἰσθητὸς,
1186 4234 1290 4285 τῶν
1314 4234 1483 4288 ἄλλων
1506 4236 1670 4288 ὄντων

85 4316 353 4386 νοητῶν.
392 4318 526 4389 Περὶ
560 4318 617 4371 δὲ
655 4317 838 4371 τούτου
884 4321 1043 4390 φησὶν
1089 4322 1470 4392 Ἐρατοσθένης
1509 4323 1564 4373 ὲν
1597 4320 1670 4391 τῷ

76 4405 548 4473 Καταμερισμῷ
611 4404 973 4478 μυθικώτερον
1023 4408 1111 4460 τὸν
1158 4408 1415 4475 γαλαξίαν
1476 4408 1672 4461 κύκλον

79 4495 403 4567 γεγονέναι
424 4498 602 4549 ἐκ·τοῦ
629 4498 727 4567 τῆς
750 4498 821 4549 ’Ἡ
829 4514 923 4568 ρας
944 4498 1223 4563 γάλακτος.
1248 4499 1351 4551 Τοῦ
1373 4499 1482 4569 γὰρ
1510 4500 1673 4571 ¹Ἦρα-

74 4585 314 4646 κλτέους
342 4586 420 4639 ἔτι
446 4585 674 4656 βρέφους
701 4589 867 4650 ὄντος,
899 4591 990 4639 καὶ
1016 4588 1103 4641 τὸν
1126 4588 1325 4656 μαστὸν
1358 4592 1455 4660 τῆς
1489 4592 1666 4659 Ἥρας

70 4680 107 4730 ὲ
120 4693 201 4729 πι
210 4670 573 4743 σπασαμένου
589 4678 956 4748 σφοδρότερον,
976 4678 1183 4747 ἐκείνην
1205 4681 1545 4733 ἀντισπάσαι’
1574 4682 1669 4735 καὶ

68 4767 157 4823 οὗ
174 4782 267 4816 -ω
317 4764 690 4834 περιχυθέντος
723 4765 814 4819 τοῦ
853 4767 1135 4834 γάλακτος,
1166 4767 1360 4821 κύκλον
1397 4770 1667 4836 γενέσθαι,

64 4852 410 4923 παγέντος.
444 4854 516 4905 T6
543 4855 598 4907 δὲ
636 4856 762 4908 αὐτὸ
802 4857 895 4909 καὶ
936 4858 1025 4909 ἐπὶ
1052 4855 1144 4909 τοῦ
1182 4856 1379 4926 Ἑρμοῦ
1412 4858 1556 4925 λέγει
1584 4877 1672 4928 γει

64 4943 383 5018 γενῆσθαι
425 4945 827 5015 Ἐρατοσθένης,
872 4947 945 5009 ὡς
981 4948 1087 5018 ἄρα
1132 4949 1159 4999 ό
1204 4947 1407 5017 Ἐρμῆς
1447 4949 1537 5001 τοῦ
1573 4969 1673 5021 μα-

66 5034 248 5094 σ’τοῦ
282 5034 380 5103 τῆς
409 5034 583 5104 Ἥρας
616 5036 904 5090 ἐσπάσατο.
946 5037 1123 5089 ’Ἄλλοι
1146 5037 1200 5089 δὲ
1237 5040 1299 5089 ὲκ
1336 5038 1434 5106 τῆς
1474 5038 1672 5107 συμϐο-

61 5131 199 5199 λῆς
247 5122 362 5175 τῶν
390 5122 482 5175 δύο
523 5125 887 5196 ἡμισφαιρίων
930 5126 1140 5195 λέγουσι
1178 5127 1335 5180 αὐτὸν
1371 5128 1666 5195 γεγονέναι.

62 5216 344 5282 Ἐτεροι
378 5212 434 5265 δέ
467 5229 646 5281 φασιν,
683 5207 757 5266 ὧν
784 5216 899 5267 ἐστι
926 5218 1021 5269 καὶ
1045 5216 1340 5286 Οἰνωπίδης
1359 5218 1387 5269 6
1410 5219 1557 5280 Χῖος,
1590 5219 1671 5269 ὃτι

56 5304 388 5379 πρότερον
426 5304 566 5358 κατὰ
592 5304 778 5359 τούτου
824 5306 1044 5379 ἐφέρετο
1088 5310 1115 5359 6
1160 5308 1327 5377 ἥλιος,
1375 5308 1461 5360 διὰ
1506 5307 1562 5359 δὲ
1604 5309 1672 5360 τὰ

53 5378 385 5453 Θυέστεια
412 5393 599 5449 δεῖπνα
626 5396 962 5468 ἀπεστράφη,
993 5378 1084 5450 καὶ
1109 5400 1205 5467 τὴν
1236 5398 1387 5451 ὲναντ
1398 5397 1478 5451 ίαν
1501 5398 1671 5466 τούτῳ

56 5480 417 5551 πεποίηται
440 5486 759 5555 περιφορὰν,
784 5487 851 5555 ἣν
876 5484 968 5537 νῦν
995 5488 1314 5556 περιγράφει
1343 5488 1371 5537 6
1394 5486 1668 5549 ζωδιακὸς.

60 5579 282 5630 Ἐστι
316 5571 371 5624 δὲ
397 5573 637 5642 μυθῶδες
673 5575 827 5628 τοῦτο
860 5576 953 5629 καὶ
988 5576 1197 5643 ψεῦδος.
1232 5576 1293 5629 Τί
1323 5576 1427 5645 γὰρ
1457 5575 1671 5645 ἐροῦσιν

49 5670 119 5721 οἱ
158 5658 374 5717 ταῦτα
402 5661 646 5728 λέγοντες
683 5664 809 5734 περὶ
839 5665 936 5733 τῆς
974 5664 1199 5735 σελήνης
1236 5667 1326 5717 καὶ
1365 5664 1469 5716 τῶν
1506 5664 1669 5715 πέντε

50 5751 403 5821 ἀστέρων;
438 5752 512 5803 Ού
540 5751 646 5821 γὰρ
680 5751 742 5821 δὴ
770 5754 862 5804 καὶ
893 5748 1033 5803 οὗτοι
1064 5753 1149 5805 διὰ
1181 5755 1246 5806 τὰ
1274 5754 1527 5805 Θυέστεια
1563 5753 1670 5804 δεῖ-

46 5862 201 5900 πνα
241 5843 702 5912 ἀπεστράφησαν.
741 5844 919 5895 Ἀλλοι
958 5845 1013 5896 δὲ
1050 5847 1110 5896 ἐκ
1148 5845 1351 5914 μικρῶν
1383 5846 1540 5909 πάνυ,
1574 5845 1665 5896 καὶ

446 5935 714 5995 Parnm.
750 5935 864 5996 Gn.
903 5938 1073 5996 XIX.

1768 705 2089 776 aquilonem,
2126 704 2389 773 tropicum
2418 704 2664 758 aestivum
2686 704 2950 777 contingit
2976 705 3032 758 in
3060 704 3308 773 Cancro;

1767 810 1884 864 quas
1909 810 2037 850 vero
2060 797 2289 849 maxime
2316 806 2398 851 est
2428 798 2702 861 australis,
2736 797 3309 869 bibernum‘tro'picum

1768 887 1936 955 tangit
1976 885 2028 938 in
2061 883 2432 953 Capricorno;
2459 888 2694 941 medium
2724 889 3005 942 amborum
3049 890 3311 945 circulum

1766 974 2191 1043 atquinoctialem
2231 975 2286 1028 in
2322 975 2533 1031 duabus
2570 978 2833 1046 partibus,
2874 993 2938 1033 ac
2974 979 3143 1050 signis
3173 981 3309 1035 duo-

1767 1064 1889 1127 bus,
1912 1064 2091 1119 Ariete
2112 1080 2175 1119 ac
2209 1064 2389 1119 Libra.
2414 1065 2580 1131 Quem
2606 1069 2854 1124 eumdem
2891 1069 3153 1124 circulum
3177 1071 3314 1126 bifa—

1768 1155 1901 1207 riam
1927 1161 2094 1216 secat,
2125 1164 2179 1207 et
2199 1155 2439 1210 vicissim
2470 1157 2536 1209 ab
2560 1170 2623 1209 eo
2650 1166 2881 1211 secatur.
2908 1157 3075 1229 Igitur
3094 1161 3312 1229 quando

1766 1245 1847 1299 sol
1878 1244 1945 1299 ab
1978 1245 2299 1301 australibus
2330 1247 2571 1315 partibus
2593 1248 2849 1303 recedens
2862 1249 3123 1306 .boreales
3152 1265 3310 1306 scan-

1767 1335 1865 1398 dit,
1910 1324 1975 1390 ad
2022 1336 2284 1394 Cancrum
2334 1351 2503 1406 usque
2549 1340 2808 1407 pervenit.
2841 1337 3132 1409 Propterea
3166 1348 3310 1394 tunc

1768 1428 1924 1482 nobis
1962 1428 2235 1483 ardentior
2265 1428 2479 1493 accidit,
2516 1437 2698 1499 utpote
2740 1431 3114 1502 propinquior.
3156 1431 3307 1487 Ultra

1766 1518 2032 1573 Cancrum
2084 1536 2191 1573 non
2222 1520 2518 1586 attollitur;
2557 1520 2650 1575 sed
2693 1536 2757 1575 eo
2786 1536 2909 1576 cum
2948 1523 3199 1587 accessit,
3241 1523 3306 1576 ad

1767 1617 2009 1663 austrum
2053 1600 2381 1675 reflectitur;
2416 1598 3132 1680 appellaturque'couversio
3179 1612 3307 1665 alti-

1766 1696 1896 1750 tudo
1920 1698 2006 1751 illa
2030 1699 2159 1754 solis
2189 1700 2242 1753 in
2262 1698 2490 1753 Cancro.
2520 1700 2665 1754 Hanc
2688 1716 2849 1771 porro
2876 1703 3305 1771 conversionem,

1766 1788 1879 1841 sive
1907 1789 2193 1841 solsUtium
2220 1790 2307 1842 alii
2337 1789 2491 1843 initio
2514 1789 2707 1845 Cancri
2742 1791 2857 1847 ﬁeri
2881 1788 3097 1860 volunt;
3132 1793 3220 1847 alii
3253 1793 3309 1847 in

1766 1886 1949 1930 octava
1983 1889 2134 1946 parte
2158 1896 2172 1944 ;
2208 1880 2296 1932 alii
2318 1879 2465 1931 circa
2493 1879 2896 1948 duodecimam;
2924 1883 3015 1938 alii
3042 1884 3186 1938 circa
3213 1883 3309 1938 de-

1765 1968 1956 2020 cimam
1983 1969 2250 2037 quintam.
2278 1968 2402 2023 lnde
2427 1971 2507 2025 sol
2530 1970 2585 2024 in
2618 1982 2859 2024 austrum
2884 1973 3157 2041 delapsus,
3182 1986 3306 2026 cum

1765 2058 2194 2127 mquinoctialem
2218 2060 2411 2129 attigit,
2444 2061 2823 2131 aequinoctium
2846 2059 3010 2127 facit;
3035 2062 3195 2130 idque
3223 2061 3307 2116 bis

1766 2150 2075 2217 quotannis.
2111 2150 2270 2205 toties
2302 2152 2442 2205 enim
2472 2152 2899 2221 mquinoctialem
2926 2153 3159 2223 attingit.
3194 2150 3306 2206 ΗΟ·

1766 2254 1885 2291 rum
1926 2241 2152 2293 alterum
2201 2240 2580 2310 aequinoctium
2634 2255 2895 2308 vernum;
2939 2242 3166 2296 alterum
3205 2254 3307 2304 au-

1766 2333 2003 2387 tumnale
2059 2332 2274 2386 dicitur.
2314 2332 2549 2387 Vernum
2591 2332 2650 2385 ﬁt
2690 2333 2741 2386 in
2773 2333 2976 2397 Ariete,
3016 2334 3104 2388 ubi
3133 2333 3310 2387 circu-

1765 2421 1874 2473 lum
1896 2422 2321 2490 azquinoctialem
2348 2424 2538 2492 tangit.
2567 2423 2890 2477 Autumnale
2918 2424 2971 2477 in
3003 2422 3190 2490 Libra;
3215 2423 3308 2478 ubi

1765 2526 1954 2565 rursus
1979 2512 2222 2567 eumdem
2259 2514 2519 2566 circulum
2548 2512 2776 2580 attingit.
2800 2512 2844 2564 A
2871 2512 3031 2565 Libra
3052 2512 3306 2583 deinceps

1766 2602 1821 2654 in
1849 2610 2093 2655 austrum
2140 2603 2310 2670 magis
2338 2616 2400 2655 ac
2442 2601 2610 2670 magis
2654 2602 2878 2665 recedit,
2917 2596 3159 2669 adusque
3203 2602 3307 2656 Ca-

1766 2692 2095 2761 pricornum,
2131 2692 2223 2745 ubi
2273 2692 2527 2767 zodiacus
2566 2694 2829 2762 tropicum
2873 2692 3155 2746 hibernum
3180 2707 3308 2745 con~

1767 2782 1924 2850 tingit
1956 2798 1968 2834 :
2013 2795 2075 2834 ac
2108 2781 2186 2833 sol
2229 2795 2418 2835 rursus
2444 2796 2471 2833 a
2501 2780 2880 2849 dejectioribus
2919 2780 3104 2838 mundi
3141 2780 3309 2849 parti-

1766 2869 1866 2923 bus
1896 2869 1959 2922 ad
1985 2867 2200 2922 altiores
2225 2870 2571 2922 convertitur.
2602 2868 2730 2933 Qua!
2756 2868 2968 2939 quidem
2998 2870 3066 2923 ab
3093 2870 3308 2923 infcrio-

1766 2959 1915 3013 ribus
1947 2959 2014 3012 ad
2050 2959 2217 3012 ardua
2236 2959 2507 3027 migratio,
2543 2960 2674 3013 solis
2704 2960 2988 3013 conversio
3021 2960 3127 3012 dici
3151 2961 3303 3014 solet.

1768 3047 2002 3117 Egyptii
2032 3049 2300 3116 Quondam
2329 3052 2494 3100 solem
2533 3047 2776 3101 videntes
2810 3062 2839 3100 a
2872 3032 3081 3101 Cancro
3108 3049 3172 3102 ad
3204 3049 3310 3102 Ca-

1766 3138 2074 3205 pricornum
2107 3136 2455 3200 descendere,
2482 3152 2545 3189 ac
2585 3138 2855 3207 longiores
2900 3140 3307 3194 contrahentem

1768 3221 1903 3290 dies,
1953 3228 2132 3295 lugere
2172 3236 2584 3291 consueverant,
2633 3229 2783 3281 veriti
2822 3246 2890 3282 ne
2927 3231 3180 3299 paulatim
3227 3232 3308 3287 sol

1768 3334 1859 3373 eos
1882 3319 2225 3386 relinqueret.
2253 3317 2403 3382 Quod
2439 3326 2648 3384 tempus
2696 3319 2963 3374 incidebat
2994 3320 3047 3374 in
3081 3313 3306 3374 l'siorum

1768 3408 1982 3462 festum.
2024 3406 2192 3460 Simul
2223 3418 2381 3475 atque
2421 3422 2544 3460 vero
2570 3408 2932 3462 conscendere
2959 3421 3211 3483 cmpcrat,
3245 3424 3307 3461 ac

1768 3498 1973 3551 dierum
2004 3499 2173 3563 spatia
2211 3498 2541 3564 producere;
2572 3502 2700 3547 tunc
2732 3497 2917 3559 albati,
2959 3499 3307 3566 coronatique

1768 3586 2067 3655 prodibant.
2102 3584 2380 3638 Postremo
2416 3585 2653 3639 circulus
2686 3586 2786 3639 iste
2810 3587 2853 3638 si
2889 3587 2942 3638 in
2978 3595 3100 3639 octo
3132 3599 3306 3655 partes

1767 3676 2052 3738 tribuatur,
2088 3676 2277 3727 harum
2309 3690 2471 3743 supra
2504 3683 2698 3729 terram
2742 3685 2972 3746 quatuor
2997 3680 3303 3747 emergent;

1769 3765 1989 3833 reliqua:
2016 3765 2153 3819 infra
2190 3775 2383 3820 terram
2416 3774 2647 3835 quatuor
2684 3778 2839 3821 erunt
2867 3769 3106 3821 occultae.
3138 3770 3211 3821 Ita
3241 3784 3304 3823 ex

1766 3872 1919 3927 aequo
1949 3875 2129 3928 supra,
2164 3858 2410 3927 infraque
2440 3868 2636 3912 terram
2680 3874 2799 3914 sese
2828 3859 3087 3913 continet.
3115 3858 3309 3928 Equi~

1768 3949 2049 4003 noctialem
2081 3958 2256 4002 autem
2281 3956 2444 4010 secat,
2479 3957 2532 4000 et
2560 3948 2626 4000 ab
2646 3945 2718 4001 eo
2744 3947 2980 4001 vicissim
3006 3959 3235 4002 secatur.

2275 4059 2348 4111 De
2378 4058 2541 4111 lacteo
2582 4059 2774 4110 circulo

1836 4149 1923 4205 24.
1952 4147 2203 4219 Lacteum
2242 4149 2503 4203 circulum
2538 4150 2709 4201 solum
2736 4162 2802 4201 ex
2834 4148 3104 4210 omnibus,
3128 4149 3219 4218 qui
3252 4150 3307 4205 in

1770 4239 1976 4308 sphaara
2012 4248 2159 4301 sunt,
2211 4239 2587 4307 aspcctabilem
2630 4254 2769 4301 esse,
2807 4252 2869 4290 ac
2898 4254 3059 4293 sensu
3108 4239 3309 4312 percipi

1766 4330 1877 4398 jam
1921 4330 2188 4396 diximus;
2234 4346 2356 4383 cum
2412 4330 2588 4384 caeteri
2636 4324 2747 4384 sola
2781 4329 3134 4398 intelligentia
3179 4346 3309 4386 con-

1772 4426 1933 4474 stent.
1984 4420 2057 4473 De
2096 4420 2199 4473 hoc
2232 4421 2505 4472 fabulatur
2548 4418 2928 4472 Eratosthenes
2963 4418 3016 4470 in
3050 4433 3114 4472 eo
3148 4420 3305 4483 libro,

1772 4510 1863 4578 qui
1894 4510 2349 4576 Καταμερισμός,
2387 4509 2439 4561 id
2476 4518 2557 4562 est
2584 4507 2830 4571 Partitio,
2864 4510 3154 4575 inscriptus
3195 4520 3306 4575 est;

1774 4600 1841 4648 ex‘
1865 4594 2099 4667 Junonis
2124 4598 2262 4650 lacte
2290 4602 2469 4648 ortum
2513 4594 2789 4649 habuisse.
2814 4593 2943 4646 Nam
2975 4608 3097 4648 cum
3128 4594 3309 4663 infans

1742 4682 1947 4739 adhuc
1973 4674 2229 4740 Hercules
2263 4683 2490 4738 Iunonis
2528 4684 2780 4753 papillam
2810 4682 3177 4738 vehementius
3209 4699 3301 4739 ex-

1771 4784 2024 4844 sugeret;
2075 4790 2299 4843 eamque
2337 4784 2524 4829 contra
2555 4774 2645 4828 illa
2697 4774 3035 4857 retraxisset,
3074 4771 3297 4833 amicum

1770 4881 1891 4920 esse
1922 4867 2024 4929 lac,
2055 4872 2106 4917 et
2133 4866 2243 4933 86
2279 4880 2343 4918 eo
2370 4874 2753 4919 concrescente
2782 4865 3041 4917 circulum
3066 4880 3187 4920 esse
3221 4865 3297 4922 ft-

1771 4962 1948 5017 ctum;
1980 4952 2122 5021 quod
2153 4953 2329 5020 ipsum
2358 4960 2410 5007 et
2432 4951 2695 5006 Mercurio
2728 4952 3018 5022 contigisse
3038 4952 3306 5009 mensoris!

1769 5041 1948 5111 prodit
2006 5038 2406 5103 Eratosthenes,
2443 5049 2503 5094 ut
2540 5038 2767 5096 Junonis
2806 5054 3091 5095 mammam
3118 5040 3299 5099 trabe.

1773 5140 1871 5185 ret.
1906 5129 2010 5182 Alii
2038 5145 2105 5183 ex
2144 5130 2639 5200 hemisphaeriorum
2682 5131 2911 5186 duorum
2951 5130 3301 5186 commissura

1772 5221 1886 5275 ﬁeri
1918 5229 2157 5275 censent.
2190 5221 2314 5285 Alii,
2344 5229 2403 5274 ut
2429 5220 2735 5291 (Enopides
2763 5222 2947 5283 Chius,
2977 5230 3301 5288 asseverant,

1772 5312 1937 5366 solem
1966 5319 2122 5365 antea
2160 5313 2259 5366 iter
2296 5313 2418 5365 illac
2449 5312 2667 5375 fecisse,
2698 5315 2867 5367 donec
2897 5322 3112 5381 propter
3131 5311 3307 5381 Thye-

1772 5408 1916 5455 steas
1945 5402 2131 5468 epulas
2168 5416 2411 5465 aversus,
2450 5403 2779 5456 contrariam
2806 5403 2943 5455 viam
2983 5401 3144 5470 coepit
3173 5402 3311 5457 insi-

1773 5496 1934 5551 stere,
1965 5503 2125 5557 quam
2160 5489 2411 5543 zodiacus
2441 5476 2605 5553 modo.
2640 5488 2916 5543 describit.
2950 5487 3053 5543 Sed
3082 5488 3194 5541 haec
3216 5488 3308 5555 ξτε-

1771 5578 1961 5631 bulosa
2009 5586 2154 5632 sunt.
2189 5577 2322 5631 Nam
2361 5579 2493 5648 quid
2520 5579 2701 5632 dicent
2741 5579 2832 5647 qui
2859 5580 2933 5631 ita
2972 5575 3207 5632 sentiunt
3241 5578 3311 5635 de

1772 5668 1919 5733 luna,
1951 5674 2003 5720 et
2026 5669 2263 5736 quinque
2289 5669 2542 5737 reliquis?
2572 5666 2689 5720 Non
2735 5669 2877 5721 enim
2917 5668 2985 5721 ob
3016 5666 3309 5735 Thyesteas

1773 5755 1936 5823 dapes
1962 5755 2119 5808 etiam
2152 5754 2238 5808 isti
2284 5770 2404 5809 sese
2433 5754 2773 5808 reﬂexcrunt.
2809 5755 2943 5806 Sunt
2976 5755 3065 5823 qui
3100 5754 3310 5823 perevi-
3370 5772 3378 5788 ν

1772 5846 1891 5914 guis
1946 5861 2006 5899 ac
2047 5846 2251 5899 crebris
2281 5861 2310 5899 e
2340 5846 2533 5911 stellis,
2564 5860 2681 5914 quae
2712 5846 2780 5899 ob
2827 5846 2945 5898 ςαξῆ
2980 5860 3008 5895 a
3054 5856 3191 5897 terra
3228 5844 3311 5896 (ti-—

2964 5936 3028 5993 31
