4094 6328
821 349 918 404 971
1532 379 1547 391 ν
1833 342 1924 396 ΔΙ)
1952 340 2215 398 EUSEBII
2255 342 2438 400 CHBO

2350 342 2645 400 RONICON
2682 343 3040 400 APPENDIX.
3892 347 3965 400 972

823 467 1078 524 stantiam
1110 464 1415 520 coalescere
1435 460 1701 524 videntur,
1733 459 2036 516 confectum
2073 463 2220 517 illum
2250 465 2366 518 exi-
2400 470 2440 524 Α

2348 491 2366 503 -
2400 470 2444 524 Α
2472 465 2929 535 πεπυκνωμένων,
2958 466 3050 538 καὶ
3079 467 3206 536 ἡμῖν
3234 463 3531 518 δοκούντων
3562 463 3810 534 ἡνῶσθαι,
3840 465 3908 518 διὰ
3926 468 3965 519 τὸ

822 559 1044 615 stimant
1064 574 1078 611 :
1100 557 1244 610 velut
1268 554 1315 610 si
1336 554 1458 624 quis
1475 553 1700 608 minutis
1727 553 2040 624 crebrisque
2062 557 2191 610 salis
2217 556 2371 610 micis

2346 572 2371 610 s
2471 555 2744 624 διάστημα
2771 554 2830 608 τὸ
2858 554 2965 607 ἀπὸ
2997 553 3088 607 τοῦ
3121 553 3349 625 οὐρανοῦ
3379 557 3469 608 ἐπὶ
3497 554 3596 624 τὴν
3622 555 3747 624 γῆν,
3778 556 3963 626 ἀστέρων

827 648 1028 717 aliquid
1063 648 1356 714 inspergat.
1385 644 1487 699 Sed
1515 643 1699 698 nescio
1722 658 1790 697 an
1813 659 1919 698 non
1947 647 2018 700 sit
2038 646 2370 714 probabilius

2475 645 2635 699 αὑτὸν
2662 641 2802 699 εἷναί
2843 662 3022 714 φασιν·
3051 646 3125 709 ὡς
3148 645 3298 707 εἴτις
3321 645 3441 698 ἁλσὶ
3465 645 3681 710 λεπτοῖς
3704 662 3760 698 τε
3781 646 3861 700 καὶ

817 740 997 810 dictu,
1025 753 1091 791 ex
1124 736 1359 792 nubibus
1409 751 1528 791 eum
1563 734 1786 790 conﬂari
1837 736 1950 790 sive
1987 736 2369 792 condensatio-

2347 765 2369 777 -
2473 738 2583 800 λοῑς
2625 737 2955 792 καταπάσειέ
3001 754 3072 790 τι.
3120 738 3346 806 Μήποτε
3392 738 3571 807 μέντοι
3617 741 3825 808 ἄμεινον
3852 741 3964 792 αὑτὸν

826 844 953 884 nem
999 829 1140 883 aeris
1177 842 1298 882 esse
1336 827 1710 897 pellucentem,
1753 841 1872 896 qua:
1914 827 2101 881 circuli
2142 830 2373 896 speciem

2346 843 2373 880 n
2474 827 2649 894 λέγειν
2687 829 2749 880 ἐκ
2778 828 2974 895 νεφῶν,
3011 825 3044 896 ἢ
3075 825 3283 895 πίλημα
3328 843 3381 878 τι
3420 824 3579 897 ἀέρος
3617 826 3822 895 διαυγὲς
3849 823 3963 888 εἶναι,

829 921 1011 975 habet.
1046 918 1217 988 Hujus
1243 933 1372 975 sane
1397 919 1636 972 meminit
1660 917 1858 974 Aratus
1892 919 1976 975 bis
2001 918 2180 973 verbis
2209 936 2222 970 :

2477 917 2672 972 κύκλου
2707 919 2888 989 σχῆμα
2914 919 3050 988 ἔχον.
3086 919 3368 988 Μέμνηται
3398 917 3455 970 δέ
3477 917 3643 971 αὐτοῦ
3672 920 3760 971 καὶ
3794 922 3964 989 Ἄρατος

2473 1008 2540 1062 δι’
2563 1003 2638 1062 ὧν
2659 1025 2840 1080 φησιν’

832 1119 976 1174 Illud
1005 1120 1218 1189 insigne,
1254 1118 1553 1182 rotundum,
1584 1118 1666 1170 (ac
1703 1117 1869 1185 ipsum
1907 1117 2198 1170 nominant.

2476 1123 2649 1178 Κεῖνο
2673 1123 3055 1193 περίτληνον,
3084 1126 3399 1193 τροχαλὸν,
3425 1122 3581 1192 τάλα
3598 1139 3707 1191 μιν
3723 1123 3964 1176 καλέουσι.

898 1211 1004 1264 Lac
1063 1210 1206 1264 enim
1257 1209 1378 1265 ideo
1415 1215 1634 1271 vocant,
1677 1207 1820 1277 quod
1868 1206 2153 1274 γαλαξίου,
2191 1204 2244 1258 id
2292 1214 2409 1261 est.

898 1303 1062 1365 lactei,
1090 1321 1108 1352 ι
1139 1315 1334 1354 nomen
1361 1313 1553 1353 versus
1582 1299 1719 1353 ratio
1759 1312 1864 1351 non
1905 1296 2226 1350 admitteret.
2264 1293 2379 1350 Cae-
2477 1305 2515 1356 ὲκ

898 1405 1004 1443 rum
1035 1406 1063 1442 a
1102 1388 1337 1442 candore
1380 1388 1535 1442 lactis
1575 1387 1650 1439 ita
1708 1392 2068 1444 nuncupatur.
2105 1383 2200 1438 Est
2234 1385 2376 1438 enim
2476 1394 2515 1444 δέ

2547 1214 2690 1266 Γάλα
2713 1213 2820 1284 γὰρ
2849 1213 3010 1267 αὐτὸν
3033 1213 3300 1284 ὠνόμασε,
3324 1212 3412 1267 διὰ
3434 1213 3493 1269 τὸ
3517 1214 3592 1282 μὴ
3619 1210 3856 1265 δύνασθαι
3879 1212 3968 1264 Μ

2477 1302 2753 1374 ἐντεθῆναι
2785 1305 2864 1367 είς
2901 1303 3029 1366 ἔπος
3074 1301 3167 1357 τοῦ
3206 1303 3460 1372 γαλαξίου
3487 1303 3548 1355 τὸ
3576 1302 3764 1372 ὄνομα.
3794 1301 3968 1368 Λέγεται
4045 1308 4046 1369 ᾖ

2476 1394 2532 1444 δέ
2577 1394 2684 1444 ἀπὸ
2727 1393 2826 1444 τῆς
2871 1397 3058 1444 vomat:
3095 1393 3190 1444 τοῦ
3217 1393 3481 1444 γάλακτος
3504 1395 3666 1444 οὕτωσ
3703 1393 3872 1444 λευκοί
3895 1394 3970 1444 γὰρ
4045 1418 4046 1437 ς

837 1319 856 1352 i
888 1302 1062 1365 lactei,
1090 1321 1108 1352 ι
1139 1315 1334 1354 nomen
1361 1313 1553 1353 versus
1582 1299 1719 1353 ratio
1759 1312 1864 1351 non
1905 1296 2226 1350 admitteret.
2264 1293 2379 1350 Cae-

2350 1322 2379 1342 το
2477 1302 2753 1374 ἐντεθῆναι
2785 1305 2864 1367 είς
2901 1303 3029 1366 ἔπος
3074 1301 3167 1357 τοῦ
3206 1303 3460 1372 γαλαξίου
3487 1303 3548 1355 τὸ
3576 1302 3764 1372 ὄνομα.
3794 1301 3967 1368 Λέγεται

830 1401 1004 1446 terum
1035 1406 1063 1442 a
1102 1388 1337 1442 candore
1380 1388 1535 1442 lactis
1575 1387 1650 1439 ita
1708 1392 2068 1453 nuncupatur.
2105 1383 2200 1438 Est
2234 1385 2376 1438 enim

2476 1394 2532 1447 δέ
2577 1394 2684 1447 ἀπὸ
2727 1393 2826 1466 τῆς
2871 1397 3058 1466 χροιᾶς
3095 1393 3190 1446 τοῦ
3217 1393 3481 1463 γάλακτος
3504 1395 3666 1448 οὕτω·
3703 1393 3872 1454 λευκὰς
3895 1394 3970 1459 γὰρ
4045 1418 4046 1466 3

830 1481 1094 1536 candidus
1133 1487 1188 1536 et
1225 1488 1594 1548 trausparens.
1633 1476 1737 1544 Qui
1774 1477 2058 1545 sphaeram,
2103 1482 2158 1530 et
2195 1475 2378 1530 zodia-

2478 1489 2571 1542 καὶ
2605 1459 2828 1558 διαυγής
2869 1459 3134 1556 ξαίνεται.
3173 1459 3369 1556 Τέμνει
3399 1486 3455 1538 δὲ
3483 1485 3608 1556 δίχα
3646 1484 3743 1555 τὴν
3773 1486 3969 1552 σφαῖραν,

832 1588 956 1626 cum
989 1571 1277 1638 circulum,
1317 1579 1370 1624 et
1409 1567 1837 1637 aequinoctialem
1884 1564 2126 1620 bifariam
2161 1566 2374 1631 dividit,

2359 1605 2374 1631 ι
2479 1580 2572 1633 καὶ
2599 1580 2688 1632 τὸν
2717 1578 2976 1642 ζωδιακὸν
3000 1578 3216 1641 κύκλον,
3242 1579 3333 1630 καὶ
3364 1576 3692 1649 ἰσημερινόν·
3719 1576 3807 1629 καὶ
3826 1573 3970 1643 τέμνε-

4001 111 4044 680 ὴ

832 1665 902 1720 ab
929 1663 1104 1733 iisque
1132 1668 1320 1716 mutuo
1358 1659 1634 1722 dividitur,
1665 1673 1786 1711 eum
1815 1658 1883 1712 sit
1905 1657 2144 1726 aequalis.

1916 1657 2144 1726 aqualis.
2477 1687 2565 1724 ται
2600 1671 2689 1722 ὑπ’
2720 1669 2916 1733 αὐτῶν,
2953 1669 3064 1731 ίσος
3095 1669 3272 1731 αὐτοῖς
3301 1667 3393 1722 ὧν.
3525 1706 3533 1709 -

1169 1688 1320 1716 Ιυιυυ
1358 1688 1634 1722 υινιυιιυι,
1665 1688 1786 1711 υιιιιι
1815 1688 1883 1712 an
1905 1688 2144 1726 aqualis.
2477 1688 2565 1724 ται
2600 1688 2674 1722 υπ
2720 1688 2784 1722 au

1167 1749 1244 1822 De
1268 1769 1488 1839 quinque
1511 1767 1779 1837 parallelis
1815 1767 2044 1821 circulis.
2408 1805 2450 1859 Β
2779 1825 2784 1832 1

2477 1688 2565 1724 ται
2600 1688 2674 1722 υπ
2720 1688 2916 1733 αυτων,
2954 1688 3064 1731 ισος
3095 1688 3272 1731 αυτοις
3301 1688 3393 1722 ων.
3525 1706 3534 1709 -

2431 1807 2450 1858 3
2779 1779 2917 1847 Περὶ
2949 1778 3065 1831 τῶν
3093 1779 3268 1833 πέντε
3299 1779 3720 1847 παραλλήλων.

900 1861 992 1917 25.
1022 1861 1268 1930 Quinque
1293 1867 1417 1937 sunt
1438 1859 1678 1928 paralleli
1709 1859 1896 1913 circuli
1932 1877 1945 1912 :
1989 1859 2244 1925 arcticus,
2283 1860 2375 1928 qui

2544 1875 2644 1923 κε’.
2678 1869 2740 1920 Οἱ
2762 1868 2818 1921 δὲ
2845 1867 3170 1938 παράλληλοί
3191 1869 3294 1920 εἰσι
3319 1869 3496 1933 πέντε,
3518 1867 3790 1940 ἀρκτικὸς,
3814 1868 3866 1930 ὃς
3893 1869 3974 1920 ἐπι

835 1941 900 2006 ad
937 1953 1240 2022 aquilonem
1281 1952 1503 2020 propius
1545 1950 1784 2016 accedit,
1829 1948 1997 2003 Ursas
2029 1951 2170 2003 intra
2224 1965 2283 2003 se
2323 1955 2378 2002 et

2477 1963 2828 2033 βορειότερος,
2862 1959 3010 2022 ἐντὸς
3033 1958 3168 2029 ἔχων
3201 1958 3298 2023 τὰς
3330 1961 3594 2030 ’Δρκτους
3649 1959 3848 2014 καὶτὸν
3873 1959 3974 2030 Apa-

833 2043 1131 2097 Draconem
1149 2045 1430 2097 continens
1447 2060 1460 2107 ;
1479 2051 1532 2096 et
1549 2043 1596 2096 ei
1613 2041 1894 2111 oppositus
1913 2041 2192 2103 australis,
2213 2055 2378 2110 quem

2358 2055 2378 2093 ἱ
2479 2066 2657 2104 κονταο
2699 2049 2792 2102 καὶ
2822 2051 2851 2103 6
2875 2049 3045 2118 τούτῳ
3076 2048 3440 2118 ἀντικείμενος
3467 2049 3658 2112 νότιος,
3691 2051 3720 2100 6
3743 2048 3975 2119 ἀνταρκτι-

835 2134 1192 2186 antarcticum
1240 2139 1456 2185 vocant.
1505 2130 1766 2199 Tropicus
1796 2131 2018 2185 aeStivus
2059 2139 2181 2200 post
2219 2133 2382 2186 arcti-

2360 2161 2382 2173 ·
2477 2145 2570 2206 κὸς
2605 2141 2949 2213 καλούμενοςο
2984 2142 3013 2194 6
3041 2139 3182 2212 [καὶ]
3223 2139 3428 2212 θερινὸς
3465 2141 3722 2212 τροπικὸς
3760 2139 3881 2210 μετὰ
3911 2139 3977 2189 τὸν

834 2237 992 2286 cum;
1019 2222 1280 2277 hibernus
1312 2221 1553 2292 tropicus
1586 2231 1707 2292 post
1735 2222 2113 2278 antarcticum.
2147 2223 2381 2290 Quintus

2479 2229 2754 2298 ἀρκτικὸν*
2787 2231 2880 2284 καὶ
2902 2231 2930 2282 6
2951 2229 3253 2301 χειμερινὸς
3276 2229 3531 2300 τροπικὺς
3559 2229 3696 2300 μετὰ
3724 2228 3808 2282 τὸν
3827 2228 3978 2296 ἀνταρ-

837 2309 1030 2362 borum
1059 2312 1296 2364 omnium
1333 2311 1544 2366 medius
1583 2321 1667 2366 est
1697 2312 2110 2382 azquinoctialis,
2152 2315 2265 2384 pari
2299 2312 2383 2368 in-

2360 2345 2383 2354 -
2478 2320 2677 2372 κτιγ.όν·
2702 2320 2861 2389 μέσος
2881 2319 2935 2372 δέ
2962 2320 3162 2372 τούτων
3184 2317 3426 2390 πέμπτος
3448 2321 3476 2372 6
3501 2317 3977 2390 ίσημερινὺς,τοσοῡ-

833 2400 1058 2453 tervallo
1093 2400 1301 2455 distans
1331 2401 1399 2454 ab
1449 2403 1634 2457 aestivo
1671 2403 2001 2472 hibernoque
2029 2406 2255 2474 tropico.
2291 2405 2382 2460 Est

2363 2415 2382 2460 t
2477 2427 2568 2462 τον
2596 2407 2812 2478 ἀπέχων
2839 2409 2932 2462 τοῦ
2960 2408 3171 2480 θερινοῦ
3206 2409 3490 2478 τροπικονλ
3516 2411 3638 2462 ὅσον
3665 2409 3755 2462 τοῦ
3782 2424 3977 2478 χειμερι-

833 2498 1014 2545 autem
1060 2493 1293 2547 arcticus
1336 2493 1679 2552 minimarum
1710 2511 1870 2558 unus,
1903 2496 1991 2565 qui
2029 2497 2172 2551 circa
2203 2499 2380 2566 polum

2362 2514 2380 2551 ι
2479 2499 2591 2552 νοῦ.
2618 2501 2772 2552 Ἐστι
2795 2499 2851 2551 δὲ
2875 2501 2903 2550 6
2929 2499 3184 2568 ἀρκτικὸς
3205 2498 3309 2551 τῶν
3332 2499 3644 2568 ἐλαχίστων,
3669 2500 3762 2552 καὶ
3785 2499 3896 2568 περὶ
3916 2497 3979 2548 τὸν

840 2581 1098 2651 descripti
1122 2591 1270 2646 sunt,
1293 2585 1526 2638 medium
1549 2587 1744 2654 ipsum,
1776 2588 1922 2641 velut
1941 2599 2207 2653 centrum,
2235 2605 2383 2642 com-

2363 2618 2383 2630 -
2481 2592 2685 2664 βόρειον
2701 2591 2878 2653 πόλον,
2893 2590 3041 2652 ἐντὸς
3058 2589 3194 2658 ἔχων
3212 2588 3528 2659 μεσαίτατον
3543 2587 3632 2641 τὸν
3648 2587 3801 2640 πόλον
3815 2586 3980 2653 ὡσπρ-

835 2673 1096 2742 plectens,
1119 2675 1210 2742 qui
1240 2675 1476 2728 arcticus
1501 2684 1718 2745 propter
1750 2675 1938 2739 Ursas,
1971 2693 2104 2746 quas
2133 2693 2382 2748 compre-

2479 2683 2528 2734 εὶ
2554 2682 2771 2752 κέντρον
2795 2680 2979 2734 αὐτοῦ.
3021 2679 3279 2734 Καλεῖται
3317 2677 3373 2731 δέ
3415 2677 3667 2749 ἀρκτικὸς
3691 2676 3795 2730 ἀπὸ
3813 2675 3891 2728 τοῦ
3917 2677 3979 2725 iv-

839 2764 1064 2831 luendit;
1111 2776 1164 2818 et
1188 2765 1445 2829 borealis,
1491 2765 1637 2834 quod
1682 2766 1746 2819 ad
1793 2781 1911 2822 eam
1953 2768 2138 2821 mundi
2179 2776 2381 2838 partem

2364 2783 2381 2821 ι
2478 2773 2569 2835 τὸς
2595 2771 2738 2842 ἔχειν
2776 2771 2872 2834 τὰς
2901 2771 3184 2841 ’Λρκτουςο
3210 2770 3302 2824 καὶ
3327 2768 3552 2840 βόρειος,
3581 2768 3667 2821 διὰ
3695 2767 3754 2820 τὸ
3782 2765 3898 2836 πρὸς
3918 2764 3981 2833 βο-

837 2854 1031 2923 vergit,
1080 2855 1416 2923 appellatur:
1465 2854 1606 2909 idem
1651 2871 1933 2925 apparens
1972 2858 2190 2922 dicitur,
2237 2859 2380 2928 quod

2363 2859 2380 2913 Ι
2483 2864 2608 2935 ρέαν
2636 2860 2773 2916 εἶναι
2793 2862 2897 2916 ἀεί.
2917 2863 3152 2933 Φανερὸς
3171 2861 3228 2915 δέ
3251 2864 3366 2914 ἐστι
3386 2861 3406 2890 ⁸
3427 2860 3515 2912 διὰ
3537 2860 3598 2913 τὸ
3616 2861 3701 2912 ἀεὶ
3726 2855 3980 2928 φαίνεσθαι.

839 2958 1051 3012 semper
1092 2945 1324 3007 eminet,
1377 2960 1474 2999 nec
1509 2947 1706 3000 occidit
1752 2963 2007 3016 unquam.
2049 2948 2186 3004 lluic
2215 2966 2383 3020 oppo-

2364 2980 2383 2992 -
2481 2958 2574 3010 καὶ
2608 2957 2682 3026 μὴ
2709 2955 2901 3008 δύνειν.
2948 2955 3007 3007 '0
3037 2955 3092 3006 δέ
3119 2953 3291 3022 τούτῳ
3312 2952 3677 3022 ἀντικείμενος
3702 2952 3859 3012 νότιος
3876 2947 3981 3001 κατὰ

840 3036 978 3090 situs
1005 3036 1260 3090 australis
1279 3037 1537 3105 aqualem
1576 3051 1697 3091 cum
1724 3052 1788 3091 eo
1817 3039 1979 3093 situm
2011 3040 2191 3104 habet,
2223 3050 2382 3111 atque

2365 3058 2382 3098 Ξ
2478 3047 2577 3118 τὴν
2599 3048 2744 3100 θέσιν
2766 3049 2878 3109 ίσος
2908 3047 3003 3117 μὲν
3027 3046 3171 3096 ἐστιν
3197 3043 3366 3111 αὐτῷ,
3393 3043 3635 3112 περιέχει
3661 3044 3719 3096 δὲ
3748 3042 3831 3094 τὸν
3850 3038 3982 3092 νότιον

841 3126 1129 3179 australem
1175 3126 1412 3178 continet
1458 3127 1671 3195 polum;
1725 3132 2052 3185 antarcticus
2095 3141 2271 3187 autem
2317 3149 2382 3188 ex
2409 3144 2452 3202 ε

2437 3145 2452 3200 1
2485 3141 2662 3193 πόλον.
2697 3139 2926 3206 Λέγεται
2961 3137 3018 3190 δὲ
3045 3135 3398 3208 ἀνταρκτικὸς
3417 3134 3526 3188 ἀπὸ
3543 3134 3635 3187 τοῦ
3658 3134 3875 3195 ἐναντίος
3901 3133 3983 3183 κείς

840 3232 907 3270 eo
935 3219 1264 3280 nominatur,
1306 3217 1448 3286 quod
1497 3228 1683 3272 contra
1719 3228 1877 3288 atque
1913 3223 2149 3278 arcticus
2178 3225 2386 3295 positus

2364 3242 2386 3282 s
2488 3228 2608 3281 σθαι
2635 3227 2712 3298 τῷ
2745 3225 3006 3298 ἀρκτικῷ·
3041 3225 3069 3276 ὁ
3106 3225 3203 3295 μὲν
3235 3224 3342 3293 γὰρ
3373 3225 3628 3296 ἀρκτικὸς
3655 3223 3790 3277 κατὰ
3814 3222 3981 3292 βορέαν.

841 3308 931 3362 sit.
963 3306 1095 3360 Nam
1129 3312 1362 3363 arcticus
1389 3308 1454 3363 ad
1507 3309 1747 3370 boream.
1778 3311 1879 3364 iste
1913 3311 1978 3364 ad
2012 3321 2277 3378 austrum,
2313 3316 2390 3371 si-

2364 3346 2390 3357 -
2485 3315 2636 3384 οὗτος
2657 3320 2712 3372 δέ
2738 3319 2877 3372 κατὰ
2908 3319 3056 3372 νότον
3081 3318 3214 3372 ἐστί.
3257 3318 3368 3370 Καὶ
3407 3318 3436 3368 ὁ
3476 3316 3586 3385 μὲν
3611 3313 3853 3387 ἀρκτικὸς
3879 3310 3981 3364 κατὰ

840 3405 931 3452 tus
958 3406 1040 3452 est
1065 3416 1080 3462 ;
1109 3399 1196 3452 ille
1227 3399 1527 3456 altissimus
1569 3411 1652 3457 est
1683 3407 1735 3456 in
1761 3404 1967 3471 sphaera
1994 3423 2007 3458 :
2043 3405 2127 3459 hic
2159 3409 2388 3463 maxime

2364 3424 2388 3463 e
2485 3414 2582 3483 τὴν
2614 3415 2842 3483 σφαῖραν
2885 3410 3211 3481 ὑψηλότατος
3245 3411 3412 3472 ἐστιν,
3457 3410 3486 3461 ὁ
3529 3409 3586 3461 δὲ
3632 3407 3981 3487 ταπεινότατος.

841 3486 1152 3558 depressus.
1178 3487 1260 3543 Ob
1290 3491 1340 3543 id
1365 3492 1598 3546 arcticus
1629 3509 1838 3563 semper
1864 3511 2124 3566 apparens
2164 3509 2245 3553 cst
2271 3517 2284 3552 :
2311 3500 2387 3552 al-

2364 3529 2387 3538 -
2485 3507 2574 3558 Διὸ
2595 3507 2623 3557 6
2657 3505 2752 3574 μὲν
2790 3503 3046 3576 ἀρκτικὸς
3070 3503 3330 3572 ἀειφανής
3355 3504 3520 3554 ἐστιν·
3549 3497 3699 3562 οὗτος
3733 3486 3786 3553 δὲ
3814 3499 3865 3551 οὐ
3891 3495 3981 3565 φαί-

840 3585 926 3630 ter
957 3587 1178 3647 apparet
1211 3595 1504 3648 nunquam.
1549 3581 1733 3634 Potest
1770 3593 1823 3638 et
1871 3589 2150 3640 antaretici
2190 3604 2386 3642 nomen

2364 3606 2386 3642 τὶ
2485 3613 2629 3648 νεται
2668 3597 2826 3665 ἡμῖν(
2848 3596 2916 3646 Ἢ
2954 3594 3035 3646 ὃτι
3076 3593 3188 3655 ῐσος
3217 3593 3330 3644 ὲο-τὶ
3371 3591 3448 3660 τῷ
3485 3592 3745 3661 ἀρκτικῷ,
3778 3585 3866 3658 τῆς
3895 3586 3981 3638 ἀντὶ

757 3696 773 3702 -
842 3664 967 3718 inde
1009 3664 1265 3725 derivari,
1307 3668 1449 3735 quod
1497 3671 1698 3722 arctico
1739 3686 1803 3726 ex
1858 3687 2012 3742 aequo
2042 3679 2374 3744 respondeat.

2370 3718 2384 3731 -
2486 3664 2787 3757 προθέσεως
2817 3685 2876 3737 τὸ
2901 3684 3011 3736 ἴσον
3045 3681 3426 3753 σημαινούσης,
3448 3682 3523 3744 ὡς
3550 3683 3607 3733 ἐν
3637 3681 3715 3751 τῷ
3747 3703 3763 3731 ι
3791 3678 3980 3733 ἀντίθεον

838 3753 976 3806 Nam
1011 3757 1315 3824 praepositio
1347 3757 1486 3823 ἀντί,
1526 3778 1545 3809 ‹
1573 3763 1778 3830 aequale
1809 3783 1828 3815 ι
1865 3765 2128 3834 significat
2154 3785 2169 3833 ;
2200 3779 2258 3821 ut
2295 3771 2388 3824 ἁν-

2359 3790 2388 3812 ὀ
2486 3753 2808 3846 θεράποντα.
2852 3793 2870 3826 ι
2915 3772 3173 3826 Καλεῖται
3213 3771 3271 3824 δὲ
3310 3771 3666 3842 ἀνταρκτικὸς
3705 3772 3794 3824 καὶ
3830 3769 3976 3826 νότιος-

839 3843 1032 3908 τίθεος,
1085 3846 1140 3899 id
1188 3855 1273 3902 est
1302 3867 1320 3900 ι
1349 3851 1572 3918 aequalis
1623 3851 1796 3915 Deo,»
1838 3853 2090 3910 famulus.
2142 3855 2285 3912 Idem
2336 3869 2388 3916 et

1473 3851 1572 3905 alis
1623 3851 1751 3915 Deo,
1778 3872 1796 3905 ι
1838 3853 2090 3910 famulus.
2142 3855 2285 3912 Idem
2336 3869 2388 3916 et
2489 3843 2642 3920 Ἔστι
2673 3866 2728 3918 δὲ
2753 3867 2838 3919 ἀεὶ
2862 3866 3090 3935 ἀφανής.

841 3935 1094 3990 australis
1132 3947 1373 4010 vocatur,
1402 3949 1592 4009 estque
1615 3957 1826 4011 semper
1855 3947 2120 3999 occultus.

910 4025 1174 4097 Trapicus
1219 4029 1439 4084 aestivus
1485 4033 1622 4084 inter
1658 4034 1914 4088 arcticum
1957 4047 2010 4090 et
2045 4038 2389 4107 azquinoetia-

2361 4060 2389 4093 l-
2563 4042 2622 4094 Ὃ
2645 4043 2700 4095 δὲ
2728 4042 2935 4112 θερινὸς
2957 4040 3209 4112 τροπικδς
3233 4041 3407 4092 κεῖται
3436 4039 3633 4110 μεταξὺ
3656 4040 3749 4094 τοῦ
3774 4030 3978 4108 ἀρκτιηῦ

841 4113 944 4168 lem
979 4116 1116 4170 situs
1159 4126 1264 4180 est,
1294 4133 1358 4170 ac
1409 4119 1696 4173 solstitium
1728 4125 1973 4177 azstivum
2025 4127 2078 4180 in
2117 4143 2176 4182 se
2213 4131 2387 4183 conti-

2358 4159 2387 4181 η·
2487 4135 2576 4186 καὶ
2600 4115 2691 4186 τοῦ
2728 4132 3058 4203 ίσημερινοῠ.
3096 4133 3246 4200 Ἔχει
3274 4131 3331 4182 δὲ
3369 4133 3426 4183 ἐν
3463 4126 3638 4200 ἑαυτῷ
3677 4131 3774 4192 τὰς
3812 4124 3975 4196 θερινάς

843 4215 951 4255 net.
986 4203 1118 4257 Nam
1164 4222 1286 4259 cum
1331 4209 1409 4261 sol
1455 4208 1506 4262 in
1538 4210 1750 4265 cancro
1793 4224 2056 4280 versatur,
2103 4219 2193 4272 ubi
2234 4221 2385 4276 illum

2359 4237 2385 4276 η
2484 4224 2693 4291 τροπὰς
2723 4223 2815 4275 τοῦ
2845 4223 3014 4292 ἡλίου.
3055 4222 3182 4275 ’Ὀτε
3210 4221 3317 4291 γὰρ
3353 4223 3382 4273 6
3405 4220 3555 4290 ἥλιος
3588 4221 3646 4273 ἐν
3679 4221 3755 4291 τῷ
3776 4217 3976 4289 Καρκξνῳ

841 4293 1040 4362 attigit,
1079 4296 1324 4349 mstivum
1375 4300 1665 4354 solstitium
1710 4300 1859 4358 facit.
1917 4301 2041 4357 Ideo
2086 4308 2387 4365 solstitialis

2361 4327 2387 4365 s
2485 4315 2726 4384 γένηται,
2769 4313 3111 4383 ἐφαψάμενος
3149 4311 3334 4376 αὐτοῦ,
3366 4310 3464 4382 τὴν
3490 4310 3707 4382 θερινὴν
3733 4311 3863 4362 ποιεῖ
3886 4321 3974 4374 sm-

841 4385 1061 4438 acstivus
1108 4386 1322 4440 dicitur.
1375 4389 1466 4443 Est
1508 4400 1687 4445 autem
1722 4399 1780 4447 ut
1813 4395 2016 4448 arctico
2067 4399 2258 4467 major,
2307 4404 2385 4456 sic
2416 4464 2452 4475 _

2359 4417 2385 4456 ο
2416 4464 2452 4475 _
2488 4407 2614 4474 πήν.
2643 4405 2731 4456 Διὸ
2755 4405 2847 4456 καὶ
2878 4403 3085 4474 θερινὸς
3105 4403 3360 4475 τροπικὸς
3381 4401 3661 4472 κέκληται.
3686 4403 3829 4455 Ἔστι
3847 4399 3894 4452 δὲ
3910 4393 3976 4447 τοῦ

840 4475 1201 4543 aequinoctiali
1231 4478 1426 4532 minor.
1464 4482 1540 4536 Ac
1567 4484 1611 4537 si
1637 4485 1760 4553 quis
1792 4485 1964 4554 ipsum
2011 4486 2065 4539 in
2097 4464 2218 4543 octo
2242 4464 2384 4561 ﬁpar-
2416 4464 2457 4518 D

2358 4515 2384 4532 ο
2416 4464 2458 4518 D
2490 4464 2862 4566 tté'vﬁpmxoﬁ
2889 4464 3101 4566 μέίζων·
3127 4464 3221 4549 τοῦ
3247 4495 3306 4548 δὲ
3335 4464 3648 4566 ίσημερίνοῦ
3682 4493 3975 4567 βραχύτερος.

841 4572 924 4618 tes
947 4568 1242 4620 secundum
1287 4567 1506 4622 Aratum
1536 4570 1772 4638 dividat,
1819 4583 1976 4629 erunt
2023 4578 2260 4649 quinque
2291 4595 2382 4635 su-

2360 4612 2382 4622 -
2485 4589 2546 4639 Ei
2571 4575 2626 4638 δέ
2654 4605 2732 4651 τις
2763 4587 2921 4641 αὑτὸν
2945 4587 3102 4640 διέλοι
3135 4587 3214 4650 είς
3243 4585 3386 4639 ὀκτὼ
3421 4586 3560 4656 μέρη
3586 4586 3728 4639 κατὰ
3754 4587 3835 4638 τὸν
3854 4584 3977 4649 ’Δρα-

840 4666 937 4721 pra
969 4665 1183 4723 terram,
1214 4666 1324 4714 tres
1351 4658 1512 4712 inira.
1541 4658 1714 4716 Verba
1737 4665 1888 4718 Arati
1924 4683 1938 4719 :

2484 4693 2594 4740 τον,
2625 4675 2773 4730 ἔσται
2799 4677 2894 4746 μὲν
2917 4675 3076 4728 αὐτοῦ
3103 4674 3267 4728 πέντε·
3287 4673 3383 4744 μὲν
3405 4674 3543 4743 ὑπὲρ
3564 4673 3688 4744 γῆν,
3706 4675 3825 4744 τρία
3840 4671 3886 4722 δὲ
3903 4665 3978 4719 ὑπὸ

853 4761 857 4764 ·
954 4784 956 4786 τ
2483 4767 2605 4836 γῆν.
2635 4768 2769 4837 Φησὶ
2791 4767 2845 4819 δὲ
2869 4769 2996 4836 περὶ
3018 4763 3180 4818 αὑτοῦ
3203 4763 3374 4828 οὕτως
3407 4765 3639 4836 Ἀρατος
3665 4781 3684 4797 ·

843 4850 1152 4948 Quinquein
1191 4853 1313 4908 caelo
1352 4866 1623 4936 versantur
1645 4873 1802 4937 supra
1829 4869 2045 4918 terram.

2484 4878 2666 4932 Πέντε
2821 4879 2985 4931 ἕνδια
3013 4877 3321 4948 στρέφεται
3347 4879 3474 4948 καθ’
3494 4878 3780 4948 ὑπέρτερα
3801 4877 3951 4948 ruins-

844 4892 1078 4919 κπιιῡιικν
1101 4892 1152 4904 πυ
1191 4892 1313 4908 νυνιν
1355 4892 1423 4908 vol
1439 4892 1611 4910 σωιιιιιι
1645 4892 1757 4924 ou'll
1773 4892 1802 4912 υ
1829 4892 2045 4918 tcnum.

843 4921 968 4974 Tres
1001 4922 1055 4973 in
1075 4923 1178 4974 imo
1195 4939 1214 4973 :
1236 4928 1438 4978 testati:
1467 4937 1640 4981 autem
1660 4929 1713 4980 in
1756 4945 1818 4983 eo
1838 4941 1958 4983 sunt
1993 4934 2381 5000 conversiones;

2484 4892 2666 4932 ιιεντε
2687 4892 2801 4946 μεν
2821 4892 2985 4931 arma
3013 4892 3321 4946 στρεφεται
3347 4892 3474 4951 καθ’
3494 4892 3952 5001 ῡπερτερααῖαιηςο

2362 4951 2381 5000 ἶ
2491 4949 2567 5000 Τὰ
2593 4950 2718 5014 τρία
2738 4948 2787 4999 δ’
2807 4950 2876 5002 ἐν
2898 4948 3138 5017 περάτῃ·
3158 4947 3356 5016 θέρεος
3375 4948 3442 5004 δέ
3471 4952 3526 5002 οἱ
3541 4950 3758 5016 arma:
3831 4949 3974 4999 εισιν’

838 5029 1036 5099 quibus
1067 5032 1246 5086 verbis
1280 5045 1342 5087 ex
1381 5043 1504 5088 octo
1536 5037 1780 5105 partibus
1818 5041 2052 5111 quinque
2079 5045 2231 5098 illum
2277 5046 2386 5100 ha-

2359 5076 2386 5088 ··
2483 5058 2589 5111 ἀπὸ
2609 5059 2715 5112 τῶν
2741 5059 2883 5111 ὀκτὼ
2908 5057 3085 5129 μερῶν
3111 5059 3285 5129 δηλῶν
3311 5060 3380 5114 τὰ
3402 5060 3560 5113 πέντε
3584 5060 3721 5129 ὑπὲρ
3741 5058 3834 5128 γῆν
3852 5057 3975 5126 ἔχειν.

839 5120 966 5174 bere
999 5136 1159 5191 supra
1184 5132 1404 5186 terram,
1436 5133 1546 5180 tres
1577 5129 1855 5192 subterra,
1888 5133 2168 5200 signiﬁcat.
2197 5136 2254 5190 In
2281 5137 2384 5192 hoc

2360 5152 2384 5192 Β
2484 5149 2550 5200 τὰ
2576 5149 2630 5201 δὲ
2651 5149 2776 5218 τρία
2802 5120 3051 5217 ὐπογῆν.
3077 5120 3233 5202 Κατὰ
3257 5151 3457 5217 ταύτην
3474 5151 3574 5219 τὴν
3596 5120 3851 5218 “civ-si};
3869 5120 3977 5212 ὧραί·

838 5207 1061 5275 sphazra:
1090 5211 1218 5272 situ,
1237 5213 1327 5280 qui
1361 5212 1709 5283 Hellesponti,
1733 5218 2058 5276 Macedoniae
2086 5234 2138 5278 et
2158 5224 2380 5282 Gratciae

2358 5244 2380 5282 Β
2487 5255 2606 5308 ρας,
2637 5207 2754 5308 ἥτις
2787 5207 3025 5292 κατέατο
3063 5240 3226 5311 κλίμα
3257 5240 3347 5294 τοῦ
3388 5207 3773 5310 Ἑλλησπόντου
3805 5207 3881 5292 καὶ

836 5299 1041 5355 elimati
1087 5304 1391 5370 respondet,
1435 5309 1653 5375 quando
1697 5313 1776 5364 sol
1821 5316 2063 5369 :estivum
2106 5321 2378 5388 tr0picum

2356 5336 2378 5373 1
2486 5299 2814 5392 blaisdoviac
2839 5329 2972 5393 ἐστὶ,
3012 5333 3104 5384 καὶ
3138 5299 3236 5402 τῆς
3277 5299 3545 5396 Ἐλλάδοςξ
3569 5332 3663 5386 τοῦ
3697 5333 3837 5403 ἡλίου
3862 5340 3973 5396 γενο-

836 5393 1004 5496 :enet,
1035 5394 1302 5448 maximus
1333 5398 1448 5453 dies
1468 5402 1723 5458 horarqu
1754 5418 1835 5460 est
1870 5406 1963 5471 15;
1997 5409 2216 5462 minima
2245 5427 2376 5473 nox,
2443 5451 2446 5456 η

2363 5451 2376 5473 ν
2443 5451 2446 5456 ι
2489 5420 2644 5487 μένου
2687 5421 2777 5472 ἐπὶ
2816 5420 2908 5472 τοῦ
2952 5421 3159 5492 θερινοῦ
3192 5393 3480 5492 ’τροπικοῶ
3600 5393 3819 5494 μεγίστη
3841 5393 3973 5490 ἡμέρα

838 5476 903 5544 9;
927 5493 1047 5534 cum
1087 5484 1284 5554 ubique
1323 5493 1497 5548 noctis
1536 5510 1597 5550 ac
1623 5496 1725 5552 diei
1753 5501 1924 5568 spatia
1957 5501 2114 5556 simul
2155 5515 2372 5575 sumpta

2358 5523 2372 5561 ι
2484 5476 2626 5562 ἐστὶν
2659 5509 2814 5580 ὡρῶν
2842 5519 2918 5564 ιε’·
2953 5513 2984 5583 ἡ
3093 5476 3345 5585 ἐλαχίστη
3375 5476 3532 5585 dipth
3544 5476 3619 5580 θ’,

910 5632 983 5704 cf
1022 5635 1107 5679 μ)
