4094 6328
749 374 852 430 97s
1748 371 1838 426 AD
1875 368 2141 426 susse“
2177 363 2566 424 cunomcou
2606 363 2966 420 APPENDIX.
3833 366 3920 424 ωδ

820 489 1067 546 Paralleli
1095 487 1332 560 quinque
1360 487 1549 544 circuli
1583 496 1843 544 vocamur
1877 488 2141 543 translata
2167 502 2199 541 a
2232 487 2286 541 li-

2466 482 2799 556 Παράλληλοι
2817 483 2874 536 δὲ
2895 481 3194 554 ἐκλήθησαν
3211 479 3259 534 οἱ
3277 478 3316 534 ε’
3341 479 3527 535 κύκλοι
3547 480 3656 535 ἀπὸ
3669 477 3775 536 τῶν
3795 486 3917 556 παρὰ

752 583 869 638 ncis
919 580 1311 652 appellatione,
1361 593 1498 650 quas
1542 586 1834 650 geometra:
1877 578 2164 649 parallelas
2211 592 2286 633 vol

2399 579 2510 641 τοῖς
2540 575 2876 646 γεωμέτραις
2903 572 3252 646 παραλλήλων
3289 573 3581 644 γραμμῶν.
3609 575 3917 647 Παράλληλα

749 685 894 728 cant.
928 670 1204 741 Ejusmodi
1246 671 1591 725 nominantur
1630 671 1696 726 ab
1742 672 1808 725 iis
1854 670 2039 734 linea,
2087 685 2208 740 qua:
2247 671 2286 725 ir

2398 667 2456 720 δὲ
2481 667 2734 738 γραμμαὶ
2755 665 2998 733 λέγονται
3025 665 3154 734 παρ’
3180 665 3360 727 αὐτοῖς
3380 666 3432 716 αἱ
3462 665 3520 718 ὲν
3545 663 3624 736 τῷ
3653 665 3798 736 αὐτῷ
3817 669 3914 720 sm.

749 764 938 818 eodem
981 762 1143 832 plano
1189 761 1379 830 positae
1418 761 1564 817 nulla
1593 770 1744 832 parte
1773 762 1830 816 in
1859 777 1918 817 se
1946 762 2186 816 invicem
2218 763 2286 816 in-

2398 758 2542 828 πέδῳ
2563 753 2736 822 οὖσαι,
2757 757 2850 809 καὶ
2873 755 2944 827 μή
2967 756 3363 827 συμπίπτουσαι
3385 756 3476 808 ἐπὶ
3492 757 3763 827 μηδέτερα
3778 759 3910 830 μέρη.

693 857 697 862 ’
750 854 976 908 clinant.
1022 849 1129 906 Sed
1173 866 1271 905 nos
1296 849 1570 910 facilitatis
1605 853 1775 924 gratia
1806 853 1874 908 ab
1901 868 1967 907 eo
1993 851 2137 922 quod
2166 867 2286 907 con-

2398 849 2696 921 Σαφηνείας
2726 848 2783 902 δὲ
2815 848 2972 902 ἓνεκα
3006 849 3070 901 ὲκ
3101 847 3192 915 τοῦ
3229 846 3749 917 παρακολουθοῦντος
3780 848 3913 903 clm-

750 867 976 908 cunant.
1022 867 1129 906 aea
1173 867 1271 905 nos
1296 867 1570 910 iacuitaus
1605 867 1775 924 graua
1806 867 1874 908 an
1901 868 1967 907 eo
1993 867 2137 922 quou
2166 867 2286 907 con.

694 929 702 942 ’
751 956 988 1013 sequens
1033 947 1117 996 est
1147 954 1240 995 eos
1271 940 1620 1012 explicemus.
1655 940 1947 998 Parallelos
1981 942 2162 1012 itaque
2194 941 2286 996 cir-

2398 867 2696 921 λιαφηνειας
2726 867 2783 902 οε
2816 867 2972 902 ενεκα
3006 867 3070 901 εκ
3101 867 3192 915 του
3229 867 3749 917 παρακολουυουντος
3780 867 3911 903 ειπω-

2402 958 2518 1011 μεν.
2551 941 2732 1010 Φαμὲν
2775 935 2888 1004 οὖν,
2914 941 2994 993 ὅτι
3036 938 3362 1011 παράλληλοί
3387 941 3519 992 εἰσιν
3551 941 3600 991 οί
3635 940 3812 993 κύκλοι
3835 958 3911 1012 με-

750 1034 904 1089 culos
948 1047 1071 1089 esse
1117 1031 1345 1086 dicimus
1388 1038 1512 1096 eos,
1545 1033 1640 1100 qui
1689 1047 1719 1086 a
1763 1033 2198 1089 circumferentia
2235 1033 2286 1086 ari

2397 1032 2527 1098 ταξὺ
2565 1032 2803 1104 ἀλλήλων
2839 1032 2946 1086 ἀπὸ
2983 1029 3332 1102 περιφερείας
3363 1030 3454 1084 ἐπὶ
3496 1032 3835 1101 περιφέρειαν
3867 1033 3912 1085 τὸ

749 1123 1240 1181 circumferentiam
1289 1123 1532 1180 eamdem
1563 1109 1924 1196 undequaque
1958 1125 2286 1179 latitudinem

2399 1123 2510 1174 ίσον
2540 1121 2638 1190 μὲν
2676 1120 2876 1184 πλάτος
2903 1120 3113 1190 ἔχοντες
3152 1119 3502 1190 πανταχόθεν,
3531 1121 3590 1172 οὐ
3628 1121 3800 1190 μέντοι
3825 1121 3911 1176 ἴσον

750 1217 990 1283 habent;
1039 1217 1142 1272 etsi
1193 1231 1302 1272 non
1340 1217 1560 1288 aequalis
1612 1218 1754 1272 inter
1797 1230 1988 1271 omnes
2017 1215 2286 1285 interjecta

2397 1212 2492 1264 καὶ
2516 1212 2576 1265 τὸ
2600 1211 2796 1276 πλάτος
2817 1211 2876 1265 τὸ
2908 1211 3104 1281 μεταξὺ
3138 1211 3334 1264 αὐτῶν.

748 1309 973 1365 latitudo
1003 1309 1090 1365 sit.

989 1423 1068 1477 De
1106 1425 1357 1476 zonarum
1389 1439 1421 1474 a
1450 1438 1503 1475 se
1532 1422 1749 1475 invicem
1779 1419 2054 1476 distantia.
2093 1493 2102 1500 ν

812 1513 900 1569 26.
940 1513 1113 1585 Atque
1143 1522 1201 1567 ut
1241 1513 1430 1566 horum
1462 1513 1738 1566 intervalla
1764 1526 2182 1582 cognoscamus,
2217 1513 2298 1567 di-

744 1603 958 1657 vidatur
987 1603 1196 1673 sphaera
1235 1616 1330 1672 per
1362 1609 1605 1656 centrum
1630 1641 1646 1665 ,
1677 1601 1756 1655 sic
1789 1611 1844 1655 ut
1875 1603 2115 1670 paralleli
2163 1603 2298 1656 bifa-

675 1757 681 1764 _
743 1694 880 1748 riam
938 1700 1210 1758 secentur,
1258 1691 1404 1745 velut
1449 1705 1542 1746 eos
1569 1692 1739 1746 coluri
1787 1692 2069 1759 dividunt;
2122 1695 2296 1764 sitque

745 1784 985 1839 circulus
1017 1783 1106 1838 ille
1134 1784 1366 1852 partium
1395 1782 1463 1836 60
1489 1783 1861 1853 hemisphmria
1881 1825 1895 1849 ,
1923 1799 2055 1854 ergo
2082 1785 2293 1855 singula

2395 1415 2531 1485 Περὶ
2561 1414 2670 1484 τῆς
2700 1414 2847 1484 πρὸς
2875 1412 3149 1478 ἀλλήλας
3185 1411 3300 1466 τῶν
3329 1410 3520 1473 ζωῶν
3555 1412 3907 1478 διαστάσεως.

2463 1513 2574 1572 κς’.
2606 1507 2721 1560 Ἵνα
2761 1505 2818 1558 δὲ
2873 1507 2965 1559 καὶ
3009 1506 3076 1560 τὰ
3112 1506 3309 1577 μεταξὺ
3356 1504 3556 1558 τούτων
3604 1505 3910 1574 διαστήματα

2397 1598 2671 1670 μάθωμεν,
2700 1597 2838 1651 ἔστω
2860 1599 3162 1669 τεμνομένη
3187 1599 3220 1670 ὴ
3255 1599 3456 1668 σφαῖρα
3488 1596 3576 1650 διὰ
3604 1595 3692 1649 τοῦ
3715 1596 3907 1665 κέντρου
3936 1607 3942 1614 ·

2393 1691 2580 1761 αὐτῆς,
2610 1689 2746 1742 ὥστε
2779 1690 2898 1760 δίχα
2921 1689 3206 1760 τέμνεσθαι
3235 1690 3357 1752 τοὺς
3393 1687 3775 1760 παραλλήλους,
3801 1686 3909 1740 καθ-

2394 1784 2534 1853 άπερ
2598 1783 2700 1834 ὑπὸ
2757 1782 2864 1835 τῶν
2913 1782 3178 1854 κολούρων
3224 1782 3546 1851 τέμνονταιο
3595 1782 3686 1832 καὶ
3721 1780 3909 1844 ἐστωὸ

748 1875 966 1944 triginta
997 1876 1228 1944 partium
1257 1883 1434 1930 erunt.
1481 1873 1646 1945 Igitur
1671 1863 1745 1930 ab
1770 1875 2046 1930 borizonte
2085 1876 2150 1929 ad
2195 1877 2286 1930 bo-

2397 1873 2584 1936 κύκλος
2629 1868 2780 1936 οὗτος
2823 1873 3024 1943 μοιρῶν
3063 1873 3124 1938 ξ’.
3165 1874 3430 1928 Ἕκαστον
3466 1868 3558 1926 οὖν
3586 1870 3910 1943 ἡμισφαίριον

745 1967 942 2021 realem
973 1967 1152 2036 polum
1184 1984 1276 2022 sex
1321 1970 1423 2022 erit
1465 1968 1697 2037 partium
1743 1968 2119 2032 intervallum,
2165 1970 2289 2022 toti-

743 2055 865 2110 dem
891 2095 906 2121 ,
938 2065 1069 2126 quot
1100 2057 1318 2127 triginta
1351 2068 1476 2112 sunt
1501 2059 1556 2112 in
1584 2057 1961 2128 hemisphaerio
1989 2058 2285 2127 superiore.

684 2153 686 2157 '
743 2149 916 2202 Tanta
944 2157 1027 2204 est
1053 2149 1194 2204 enim
1225 2149 1514 2206 eminentis
1541 2150 1650 2218 poli
1680 2149 1748 2203 ab
1780 2149 2057 2204 horizonte
2083 2149 2290 2204 distan-

743 2239 841 2293 tia.
887 2237 1164 2308 Siquidem
1210 2239 1381 2292 centri
1428 2239 1601 2294 instar
1644 2235 1726 2293 ést
1759 2239 1995 2294 borealis
2037 2241 2194 2310 polus
2224 2241 2290 2294 ad
2335 2279 2340 2282 -

743 2329 1006 2384 ambitum
1039 2330 1222 2384 arctici
1255 2329 1465 2384 circuli.
1497 2329 1556 2382 ln
1585 2330 1730 2383 omni
1765 2337 1944 2383 autem
1974 2330 2179 2384 circulo
2206 2347 2289 2384 re-

742 2425 844 2474 cta:
887 2433 1072 2475 omnes
1117 2435 1160 2473 a»
1195 2427 1380 2475 centro
1419 2421 1592 2474 ducta:
1635 2421 1700 2474 ad
1751 2421 2014 2476 ambitum
2055 2423 2289 2492 atqualcs

638 2533 640 2536 ν
743 2496 870 2566 sunt
918 2510 1166 2565 invicem.
1224 2510 1565 2566 Intervallum
1621 2514 1687 2567 ab
1735 2515 1939 2567 arctico
1981 2507 2190 2568 birculo
2221 2515 2286 2568 ad

739 2601 1009 2670 tropicum
1039 2603 1282 2656 aestivum
1310 2604 1542 2672 partium
1570 2605 1672 2658 erit
1698 2606 1973 2674 quinque;
2003 2606 2070 2658 ab
2101 2607 2287 2660 austivo

742 2691 951 2760 tropico
1003 2691 1068 2743 ad
1119 2693 1546 2760 aequinoctialem
1601 2695 1836 2762 partium
1892 2702 2162 2763 quatuor;
2221 2695 2288 2747 ab

739 2782 1097 2850 equinoctiali
1133 2782 1198 2834 ad
1242 2784 1528 2839 hibernum
1572 2786 1875 2854 tropicum,
1919 2786 2110 2839 itidem
2154 2802 2288 2854 qua-

737 2879 903 2935 tuor;
934 2871 1000 2925 ab
1029 2872 1251 2927 hiberno
1286 2875 1495 2943 tropico
1538 2874 1605 2928 ad
1643 2861 1977 2930 horizontem
2005 2916 2019 2939 ,
2054 2878 2285 2944 partium

738 2961 1017 3032 quinque;
1067 2964 1134 3019 ab
1181 2964 1462 3026 borizmte
1515 2964 1580 3019 ad
1635 2965 1815 3035 polum
1863 2969 2185 3032 australem,
2233 2976 2286 3021 et

741 3069 952 3123 semper
982 3051 1280 3121 occultum,
1311 3065 1491 3126 partes
1519 3067 1678 3112 erunt
1710 3075 1801 3114 sex
1827 3077 1840 3127 ;
1882 3060 1949 3113 ab
1977 3059 2160 3114 eodem
2193 3075 2286 3112 au-

740 3147 894 3202 strali
937 3150 1061 3216 polo
1102 3148 1170 3201 ad
1208 3148 1516 3204 inferiorem
1553 3152 1810 3206 ambitum
1853 3153 2044 3228 circuli
2093 3159 2283 3205 autar-
2308 3190 2351 3248 ε

736 3234 900 3314 elici,
929 3251 1019 3291 ses
1051 3246 1273 3307 partes;
1322 3240 1388 3293 ab
1417 3243 1713 3297 antarctico
1758 3239 1961 3296 cireulo
2007 3243 2062 3296 in
2104 3244 2278 3297 hemi-

738 3326 969 3403 sphaerio
997 3327 1250 3384 inferiare
1275 3329 1339 3382 ad
1365 3331 1695 3388 horizontem
1712 3373 1726 3397 ,
1757 3342 1811 3388 et
1833 3341 2135 3388 contactum
2164 3336 2282 3404 ejus

738 3426 900 3486 atque
935 3420 1122 3473 arctici
1157 3421 1383 3488 circuli,
1424 3424 1607 3479 eadem
1640 3440 1745 3496 qua
1778 3425 1831 3478 in
1862 3427 2125 3495 superiori
2158 3442 2284 3497 pro-

739 3509 1016 3578 portione,
1048 3511 1268 3581 reliquaa
1299 3524 1424 3569 sunt
1457 3524 1636 3584 partes
1665 3515 1988 3571 octodecim.
2027 3515 2280 3572 Nonnulli

743 3599 1004 3666 spbaaram
1035 3616 1129 3669 per
1162 3603 1317 3672 polos
1345 3603 1650 3660 dividentes
1671 3646 1685 3667 ,
1733 3608 1874 3661 velut
1909 3624 2004 3677 per
2031 3610 2280 3678 coluros,

720 3687 1019 3743 intervalla
1052 3692 1432 3760 parallelorum
1462 3695 1516 3747 in
1546 3696 1712 3749 latum
1747 3713 1854 3751 non
1898 3701 1951 3753 in
1982 3708 2160 3768 partes
2188 3701 2278 3766 60,

739 3777 833 3832 sed
866 3777 920 3832 in
952 3779 1054 3834 560
1085 3781 1413 3837 distribuunt
1442 3800 1455 3847 ;
1487 3786 1920 3855 quandoquidem
1967 3806 2142 3846 annus
2178 3793 2282 3845 565

739 3868 930 3926 diebus
977 3880 1207 3927 constat.
1255 3874 1419 3930 Aiunt
1467 3892 1596 3946 ergo
1643 3878 1922 3932 dimidium
1969 3881 2121 3950 ejus,
2170 3885 2282 3939 sive

739 3963 990 4032 superius
1017 3964 1444 4034 bemispluerium
1464 4005 1480 4032 ,
1515 3975 1699 4038 partes
1727 3970 1970 4026 obtinere
1999 3972 2102 4025 180
2129 3989 2142 4037 ;
2176 3981 2281 4026 ιοῑ-

738 4052 878 4107 idem
919 4054 1160 4110 inferius.
1196 4055 1272 4110 Ex
1312 4058 1509 4127 quibus
1539 4059 1605 4113 ab
1635 4061 1915 4117 horizonte
1959 4063 2026 4116 ad
2057 4065 2278 4120 borcum

738 4141 920 4209 po!um
940 4180 955 4204 ,
989 4149 1042 4196 et
1070 4143 1314 4197 altiorem
1346 4146 1603 4200 ambitum
1631 4150 2068 4218 circuli‘arctici,
2100 4165 2279 4224 partes

738 4240 862 4282 sunt
887 4229 955 4282 38
976 4246 1000 4294 ;.
1022 4245 1051 4283 a
1082 4231 1242 4286 boreo
1271 4235 1394 4302 polo
1422 4234 1488 4287 ad
1512 4238 1768 4292 arcticum
1796 4241 2060 4297 circulum
2091 4253 2278 4314 partes

643 4316 646 4319 ’
739 4320 857 4374 alia:
883 4321 990 4384 58;
1039 4322 1105 4375 ab
1150 4324 1353 4378 arctico
1383 4325 1450 4378 ad
1497 4327 1738 4383 aestivum
1773 4333 2064 4399 tropicum,
2100 4343 2279 4403 partes

737 4411 843 4477 24;
874 4426 903 4465 a
932 4414 1140 4482 tr0pico
1166 4416 1350 4469 aestivo
1381 4418 1448 4472 ad
1475 4419 1899 4488 aequinoctialem
1919 4461 1933 4485 ,
1962 4432 2142 4491 partes
2165 4426 2234 4479 24
2259 4443 2274 4490 ;

2387 1965 2492 2020 ἀνά
2513 1966 2554 2017 λ’
2585 1964 2782 2036 μοιρῶν
2806 1964 2935 2028 ἕξει.
2979 1965 3109 2018 Ἀπὸ
3127 1965 3304 2018 τοίνυν
3327 1965 3419 2019 τοῦ
3443 1965 3707 2036 ὁρίζοντος
3727 1964 3811 2018 ἐπὶ
3833 1963 3910 2013 τὸν

2390 2057 2594 2128 βόρειον
2615 2057 2773 2110 πόλον
2792 2058 2851 2122 ἒξ
2870 2057 3068 2129 μοιρῶν
3090 2057 3239 2112 ἔσται
3262 2057 3530 2127 διάστημα
3556 2057 3660 2110 τῶν
3676 2057 3806 2126 ὑπὲρ
3821 2055 3908 2124 γῆν

2388 2150 2479 2202 τοῦ
2499 2151 2850 2222 ἡμισφαιρίου
2878 2152 2920 2203 λ’
2947 2149 3146 2222 μοιρῶν
3165 2167 3178 2181 ’
3197 2149 3442 2202 τοσοῦτον
3466 2149 3572 2220 γὰρ
3599 2149 3700 2202 ἀπὸ
3715 2147 3801 2201 τοῦ
3819 2147 3908 2216 ὁρί-

2388 2241 2567 2306 ζοντος
2597 2244 2688 2295 ὲπὶ
2717 2243 2806 2296 τὸν
2837 2243 3041 2314 βόρειον
3089 2242 3246 2298 πόλον
3285 2242 3399 2294 ἐστὶ
3437 2240 3494 2292 τὸ
3535 2239 3759 2311 ἑξαρμα.
3796 2239 3908 2291 Ἀπὸ

2389 2335 2486 2402 μὲν
2517 2335 2623 2406 γὰρ
2651 2335 2744 2388 τοῦ
2774 2335 2978 2407 βορείου
3011 2336 3171 2388 πόλου
3193 2337 3283 2389 ἐπὶ
3312 2335 3409 2405 τὴν
3438 2333 3550 2386 ἄνω
3585 2330 3906 2403 περιφέρειαν

2385 2424 2476 2477 τοῦ
2519 2426 2777 2496 ἀρκτικοῦ
2816 2425 3014 2478 κύκλου
3059 2425 3283 2497 κέντρου
3329 2425 3481 2490 τάξιν
3522 2423 3633 2494 ἔχει
3663 2425 3691 2477 ὁ
3724 2421 3904 2492 βόρειος

2385 2517 2570 2580 πόλοςο
2605 2518 2711 2569 ἀπὸ
2735 2517 2790 2569 δὲ
2818 2517 2910 2568 τοῦ
2947 2518 3108 2586 μέσου
3139 2517 3359 2587 κέντρου
3388 2517 3587 2579 παντὸς
3612 2515 3702 2569 τοῦ
3729 2514 3904 2568 κύκλου

2385 2607 2439 2658 αἱ
2467 2605 2850 2674 ἐκϐαλλόμεναι
2880 2605 3082 2656 εὐθεῖαι
3119 2608 3198 2666 είς
3233 2607 3329 2676 τὴν
3375 2607 3719 2677 περιφέρειαν
3756 2607 3907 2658 πᾶσαι

2386 2696 2496 2749 ἴσαι
2521 2695 2774 2765 ἀλλήλαις
2822 2695 2946 2747 είσί.
2973 2695 3046 2748 Τὸ
3072 2695 3127 2748 δὲ
3159 2697 3266 2750 ἀπὸ
3305 2696 3397 2749 τοῦ
3431 2696 3687 2766 ἀρκτικοῦ
3725 2696 3902 2750 κύκλου

2383 2787 2653 2856 διάστημα
2680 2788 2770 2838 ἐπὶ
2795 2786 2883 2839 τὸν
2915 2786 3119 2858 θερινὸν
3153 2787 3404 2859 τροπικὸν
3447 2787 3596 2842 ἔσται
3637 2788 3824 2859 μοιρῶν
3839 2792 3899 2839 ε’·

2382 2877 2442 2929 τὸ
2465 2877 2521 2930 δὲ
2553 2877 2658 2930 ἀπὸ
2691 2876 2782 2930 τοῦ
2821 2877 3032 2950 θερινοῢ
3071 2878 3325 2950 τροπικοῦ
3364 2881 3454 2932 ἐπὶ
3491 2879 3584 2932 τὸν
3621 2878 3901 2950 ἰσημερινὸν

2383 2968 2532 3021 ἔσται
2564 2969 2763 3040 μοιρῶν
2781 2970 2822 3022 δ’
2842 2985 2856 3000 °
2894 2970 2954 3022 τὸ
2980 2972 3034 3023 δὲ
3057 2971 3162 3024 ἀπὸ
3201 2971 3292 3025 τοῦ
3321 2973 3630 3044 ίσημερινοῦ
3655 2971 3901 3043 μέχριτοῦ

2381 3061 2687 3132 χειμερινοῦ
2729 3053 2987 3132 τροπικοῦ
3027 3062 3178 3116 ἔσται
3217 3063 3322 3116 τῶν
3361 3065 3489 3117 ἴσων
3526 3064 3820 3135 τεσσάρων·
3852 3062 3903 3113 τὸ

2382 3153 2436 3205 δὲ
2470 3153 2576 3206 ἀπὸ
2608 3153 2698 3205 τοῦ
2730 3152 3032 3224 χειμερινοῦ
3061 3149 3316 3223 τροπικοῦ
3350 3154 3508 3224 μέχρι
3539 3155 3630 3208 τοῦ
3659 3155 3898 3226 ὁρίζοντος

2389 3243 2592 3312 μοιρῶν
2623 3241 2690 3295 ε”
2716 3243 2823 3296 ἀπο
2840 3243 2896 3296 δὲ
2923 3242 3015 3295 τοῦ
3037 3243 3303 3314 ὁρίζοντος
3326 3246 3416 3297 ἐπὶ
3440 3245 3529 3298 τὸν
3549 3246 3712 3298 νότιον
3739 3243 3900 3304 πόλον,

2381 3333 2473 3384 καὶ
2497 3333 2582 3384 ἀεὶ
2610 3333 2806 3402 ἀφανῆ,
2838 3334 3017 3403 μοῖραι
3047 3336 3150 3387 είσι
3175 3341 3226 3399 ς’
3249 3353 3263 3366 ·
3295 3335 3402 3388 ἀπὸ
3431 3335 3488 3388 δὲ
3523 3336 3614 3388 τοῦ
3645 3334 3795 3389 αὐτοῦ
3824 3351 3899 3386 voc

2381 3425 2492 3478 τίου
2528 3425 2687 3478 πόλου
2714 3427 2804 3478 ἐπὶ
2829 3426 2924 3498 τὴν
2951 3428 3096 3481 κάτω
3121 3428 3418 3500 περιφοράν
3446 3427 3537 3481 τοῦ
3569 3425 3896 3498 άνταρκτικοῦ

2381 3516 2436 3566 αί
2465 3515 2642 3568 λοιπαὶ
2664 3516 2794 3592 ,ἑξῆς
2835 3525 2902 3587 ιη’
2930 3520 3110 3588 μοῖραι
3128 3536 3142 3551 ο
3167 3518 3272 3572 ἀπὸ
3306 3519 3416 3572 ὁὲν
3435 3519 3530 3572 τοῦ
3573 3513 3896 3587 ἀνταρκτικοῦ

2380 3608 2438 3658 ἐν
2463 3606 2540 3677 τῷ
2570 3609 2717 3661 κάτω
2755 3611 3090 3681 ἡμισφαιρίῳ
3133 3610 3291 3682 μέχρι
3332 3610 3424 3664 τοῦ
3465 3611 3744 3682 ὁρίζοντος,
3781 3607 3900 3661 καθὸ

2379 3686 2674 3765 ἐφάπτεται
2699 3701 2725 3750 ὁ
2757 3700 3009 3769 ἀρκτικὸς
3042 3700 3236 3763 κύκλος
3264 3702 3449 3765 αὑτοῦ,
3501 3702 3766 3768 ἀναλόγως
3801 3699 3895 3758 τοῖς

2380 3787 2786 3857 προειρημένοις
2827 3790 2963 3861 ὑπὲρ
2999 3790 3102 3859 γῆς
3140 3791 3517 3863 εὑρεθήσονται
3542 3793 3607 3844 ¹⁶.
3651 3791 3794 3852 Τινὲς
3828 3789 3892 3844 δὲ.

2377 3879 2659 3948 τέμνοντες
2695 3881 2791 3952 τὴν
2837 3886 3066 3954 σφαῖραν
3095 3881 3184 3936 διὰ
3222 3882 3328 3936 τῶν
3377 3883 3572 3948 πόλων,
3608 3883 3784 3951 ῶσπρ
3822 3878 3897 3932 διὰ

2377 3969 2484 4023 τῶν
2523 3968 2823 4043 ’κολούρων,
2850 3977 2919 4026 τά
2956 3974 3151 4044 μεταξὺ
3185 3975 3290 4046 τῶν
3319 3975 3667 4046 παραλλήλων
3694 3972 3890 4039 διαστή-

2382 4079 2523 4131 ματα
2551 4063 2689 4115 κατὰ
2723 4063 2919 4127 πλάτος
2947 4067 3045 4118 οὐκ
3086 4068 3163 4129 είς
3192 4065 3231 4129 ξ’
3261 4067 3448 4138 μοίρας
3484 4067 3775 4137 τέμνουσιν,
3797 4061 3890 4114 ἀλλ’

2378 4153 2457 4215 εἰς
2502 4152 2609 4216 σιξΗ
2643 4153 2824 4225 ἐπειδὴ
2867 4156 2956 4206 καὶ
2997 4157 3025 4207 ὁ
3059 4156 3294 4219 ἐνιαυτὸς
3343 4155 3448 4222 τξε]
3476 4158 3619 4210 ἐστὶν
3665 4153 3888 4226 ἡμερῶν

2378 4243 2470 4294 καί
2508 4259 2667 4311 φασιν
2711 4241 2797 4314 ρπ⁹
2826 4238 2962 4297 εἶναι
3014 4246 3201 4314 μοίρας
3228 4247 3288 4299 τὸ
3328 4247 3520 4316 ἥμισυ,
3547 4248 3660 4316 ήτοι
3685 4245 3744 4297 τὸ
3773 4243 3892 4311 ὑπὲρ

2377 4334 2477 4402 γῆς
2504 4333 2850 4404 ἡμισφαίριον
2875 4351 2887 4363 ⁸
2925 4336 3017 4388 καὶ
3046 4335 3143 4388 πά)
3156 4355 3202 4390 ιν
3232 4344 3320 4409 ρπ¹
3350 4337 3410 4390 τὸ
3441 4337 3544 4390 ὑπὸ
3565 4341 3678 4409 γῆν.
3720 4335 3805 4399 Ἐξ
3830 4327 3893 4386 ὧν

2377 4425 2482 4476 ἀπὸ
2517 4425 2614 4493 μὲν
2647 4423 2736 4476 τοῦ
2770 4425 3038 4495 ὁρίζοντος
3068 4427 3226 4498 μέχρι
3257 4428 3466 4499 βορείου
3504 4428 3660 4480 πόλου
3689 4428 3776 4480 καὶ
3809 4423 3892 4493 τῆς

738 4505 807 4558 ab
829 4505 1186 4573 arquinoctiali
1213 4507 1278 4559 ad
1308 4509 1590 4563 hibernum
1624 4512 1888 4580 tr0picum
1907 4551 1922 4576 ,
1956 4521 2134 4582 partes
2164 4516 2233 4570 24
2261 4533 2276 4581 ;

2397 4515 2727 4586 περιφερείας
2741 4517 2832 4570 τοῦ
2851 4517 3106 4589 άρκτικοῦ
3123 4519 3319 4574 κύκλου
3344 4521 3443 4589 τῆς
3469 4520 3785 4591 ὑψηλοτέρας
3801 4519 3889 4572 εἰσὶ

739 4592 866 4675 liinc
905 4595 971 4648 ad
1016 4596 1400 4663 antarcticum,
1453 4601 1543 4670 qui
1594 4602 1929 4657 horizontem
1977 4605 2273 4675 contingit,

729 4670 855 4736 'alize
884 4695 1060 4753 partes
1088 4686 1172 4740 52.
1204 4685 1294 4741 Ha:
1324 4702 1514 4744 omnes
1541 4693 1700 4746 simul
1731 4694 1969 4748 collecta:
1996 4693 2127 4748 ﬁunt
2154 4670 2272 4751 1'80.

691 4836 696 4840 _
741 4770 832 4824 Sic
859 4773 996 4828 infra
1037 4784 1235 4831 terram
1274 4778 1462 4834 eodem
1505 4782 1662 4835 modo
1704 4791 1887 4851 partes
1919 4784 2140 4839 totidem
2171 4787 2276 4840 180

738 4856 1109 4921 numerantur.
1154 4867 1450 4924 Possumus
1490 4880 1543 4924 et
1593 4874 1875 4941 parallelos
1925 4874 2056 4929 istos
2098 4885 2276 4932 rectos

738 4954 1038 5009 nominare.
1070 4956 1171 5021 Qui
1201 4960 1271 5012 ob
1302 4960 1352 5014 id
1383 4971 1757 5034 assumuntur,
1788 4971 1847 5017 ut
1893 4965 2136 5020 boreales
2177 4981 2274 5021 au-

740 5044 1036 5114 stralesquc
1064 5054 1242 5115 partes
1266 5063 1357 5116 per
1381 5051 1492 5120 88
1519 5066 1610 5105 eas
1639 5051 1848 5107 facilius
1879 5069 2233 5124 agnoscamus
2256 5074 2268 5108 :

742 5141 851 5185 tum
885 5134 1041 5187 etiam
1074 5140 1451 5192 conversiones
1480 5140 1731 5195 hibernas
1782 5149 1834 5194 et
1886 5144 2121 5210 aestivas,
2176 5159 2275 5201 nec

737 5236 846 5277 non
879 5223 1274 5290 aequinoctiales
1301 5240 1492 5280 vernas
1523 5237 1576 5282 et
1607 5231 1958 5287 autumnalcs.

2384 4608 2563 4676 μοῖραι
2584 4604 2663 4675 λη’
2682 4624 2694 4636 ³
2724 4607 2830 4660 ἀπὸ
2850 4609 2906 4662 δὲ
2929 4609 3019 4663 τοῦ
3047 4610 3251 4680 βορείου
3275 4613 3367 4664 ἐπὶ
3399 4611 3491 4664 τὸν
3524 4613 3768 4684 ἀρκτικὸν
3795 4610 3891 4679 μοῖ-

2382 4712 2471 4764 ραι
2500 4696 2650 4750 άλλαι
2675 4699 2787 4769 λη”
2818 4700 2923 4754 ἀπὸ
2954 4701 3010 4753 δὲ
3045 4703 3136 4756 τοῦ
3168 4701 3424 4774 άρκτικοῦ
3462 4704 3619 4774 μέχρι
3650 4703 3736 4756 τοῦ
3767 4702 3889 4771 θερι-

2378 4784 2468 4836 νοῦ
2491 4787 2745 4858 τροπικοῦ
2781 4792 2962 4862 μοῖραί
2989 4793 3093 4843 εἱσι
3115 4791 3189 4844 κδ’
3208 4810 3220 4823 ο
3248 4793 3353 4845 ἀπὸ
3376 4793 3430 4846 δὲ
3454 4794 3547 4846 τοῦ
3569 4792 3765 4865 θερινού
3783 4807 3887 4861 τρο·

2378 4876 2535 4928 πικοῦ
2569 4879 2727 4950 μέχρι
2753 4881 2843 4934 τοῦ
2889 4882 3200 4952 ἰσημερινοῦ
3237 4887 3416 4955 μοῖραι
3456 4887 3564 4943 κδ’·
3599 4886 3698 4941 ἀπὸ
3726 4887 3779 4940 δὲ
3810 4884 3887 4937 τοῦ

2382 4965 2690 5039 ἰσημερινοῠ
2722 4971 2824 5034 ἕως
2851 4972 2946 5025 τοῦ
2975 4975 3279 5045 χειμερινοῦ
3306 4979 3562 5048 τροπικοῦ
3594 4982 3765 5050 μοῖραι
3796 4974 3884 5029 κδ’·

2378 5058 2483 5110 ἀπὸ
2527 5060 2582 5113 δὲ
2619 5061 2715 5113 τοῦ·
2756 5065 3059 5134 χειμερινοῦ
3112 5067 3213 5131 ἕως
3257 5069 3350 5122 τοῦ
3395 5068 3763 5141 ἀπαρκτικοῦ,
3811 5065 3886 5117 τοῦ

2378 5147 2748 5221 ἐφαπτομένου
2795 5154 2887 5206 τοῦ
2937 5156 3225 5226 ὁρίζοντος,
3263 5159 3415 5214 ἄλλαι
3461 5163 3567 5214 εἰσὶ
3599 5163 3771 5230 μοῖραι
3805 5156 3884 5224 15'-

2379 5235 2542 5294 Λῦται
2574 5243 2651 5307 δὲ,
2703 5246 2793 5298 ἐπὶ
2837 5247 2897 5298 τὸ
2937 5249 3064 5302 αὐτὸ
3095 5251 3390 5322 γινόμεναι,
3434 5252 3510 5314 ῶς
3553 5253 3783 5322 εἴπομεν,
3814 5251 3888 5318 ρκ’

737 5318 988 5416 γίνονται..
1039 5320 1262 5388 Ὁμοίως
1303 5321 1359 5373 δὲ
1401 5321 1493 5416 καί
1536 5323 1635 5377 ὑπὸ
1663 5325 1766 5396 γῆν
1812 5327 1949 5380 κατὰ
1977 5327 2066 5383 τὸν
2114 5332 2271 5384 αὐτὸν
2299 5333 2492 5402 τρόπον
2526 5337 2634 5391 ἴσαι
2671 5340 2823 5394 ἄλλαι
2860 5348 2944 5411 ρπ¹
3001 5318 3500 5416 μοῖραιίΔύνανται
3549 5347 3602 5399 δὲ
3627 5318 3884 5413 οίίπαράλ·

738 5405 1066 5511 ληλοιΑῶτ-οι
1098 5415 1185 5511 καὶ
1224 5417 1369 5511 ὁρθοὶ
1409 5415 1716 5472 καλεῖσθαι·
1750 5423 2164 5496 παρελήφθησαν
2208 5427 2265 5480 δὲ
2292 5428 2427 5499 ὑπὲρ
2455 5433 2546 5485 τοῦ
2579 5405 3107 5511 εύπαρακολούθητον
3129 5442 3256 5511 ἡμῖν
3299 5442 3395 5511 τὴν
3442 5441 3614 5511 Δδεῖξιν
3667 5405 3882 5509 γενέσθαι

736 5499 841 5552 τῶν
889 5502 1228 5605 βορειότερων
1269 5509 1357 5605 καὶ
1399 5511 1718 5605 νοτιωτέρων
1740 5532 1751 5543 ·
1789 5515 1879 5567 καὶ
1912 5515 2048 5569 ὥστε
2078 5519 2275 5585 γνῶναι
2325 5525 2467 5590 ἡμᾶς
2509 5505 2622 5589 τὰς’
2647 5499 2976 5600 χειμερινάς,
3005 5499 3127 5587 ’καί
3149 5499 3278 5598 ’.τὰς
3317 5499 3562 5605 θερινὰςξ
3593 5499 3789 5594 nisi;
3822 5531 3882 5580 la-

736 5592 1013 5657 ημερινὰς,
1045 5596 1133 5646 καὶ
1161 5597 1392 5666 ἐαρινὰς,
1425 5601 1514 5653 καὶ
1546 5605 1912 5676 μετοπωρινάς
1936 5609 2155 5677 τροπάς.

802 5725 844 5754 ⁹⁹
883 5723 997 5793 Lrg.
1034 5730 1381 5801 ἀνταρκτικοῦ
1415 5737 1590 5806 μοῖραί
1613 5741 1744 5792 εἰσιν
1780 5743 1866 5804 ἐξ·
1895 5743 1998 5799 ἀπὸ
2027 5745 2104 5813 δέ,
2139 5753 2246 5804 etc.
2328 5750 2369 5781 ¹⁹
2398 5748 2516 5820 Leg.
2552 5752 2688 5823 ὑπὲρ
2718 5756 2818 5822 γῆς
2840 5757 2895 5809 αἱ
2918 5757 3098 5810 λοιπαὶ
3130 5757 3197 5827 ιη’
3233 5763 3414 5830 μοῖραι
3452 5763 3828 5832 εὑρεθήσονται.
