4008 6328
62 555 67 558 ·
130 552 236 611 977
860 536 1405 610 ACHILLIS‘TA'III
1444 553 1645 610 ISAGO

1769 554 1860 609 AD
1900 555 2103 611 ARATI
2140 554 2598 613 ΡΗᾹΞΝΟΜΕΝΑ.
3221 556 3328 617 978

666 670 803 737 Περὶ
828 672 1145 739 κολούρίιηπ.
1708 678 1755 735 Α

1122 690 1145 727 ..
1708 678 1755 735 Α
2392 673 2467 727 De
2495 675 2705 728 coluris.

202 785 303 853 κζ’.
332 786 394 838 Ol
443 784 499 837 δὲ
544 783 782 854 κόλουροι
809 784 912 836 εἰσι
954 783 1051 853 μὲν
1078 782 1170 836 δύο
1205 784 1330 837 ἀπὸν-
1355 783 1543 855 βορέου
1590 786 1680 838 ἐπὶ

1862 787 1952 839 27.
1998 786 2109 840 Duo
2142 794 2269 841 sunt
2301 786 2471 841 coluri
2506 802 2535 841 a
2569 788 2933 857 septentrione
2979 789 3041 843 ad
3083 797 3325 846 austrum
3358 773 3362 789 ’

121 879 293 940 νότον,
319 876 405 930 διὰ
421 875 525 929 τῶν
541 875 712 929 πόλων
725 874 1009 945 τέμνοντες
1022 876 1121 945 τὴν
1136 878 1364 946 σφαῖραν
1383 877 1476 931 καὶ
1488 878 1609 940 τοὺς
1621 878 1678 930 ὲν

1780 893 1877 948 per
1906 878 2062 947 polos
2116 879 2378 948 sphaeram
2424 880 2649 949 ejusque
2700 880 2932 935 circulos
2973 895 3156 936 omnes
3200 886 3322 952 par-

116 972 259 1042 αὐτῇ
275 971 477 1032 πάντας
490 967 677 1030 ἄλλους
688 965 1061 1030 κύκλους.Είσὶ
1072 966 1127 1019 δὲ
1146 968 1387 1038 μέγιστοι
1403 969 1496 1022 καὶ
1505 969 1673 1033 αὐτοὶ,

1780 968 1997 1026 tientes.
2051 966 2219 1023 Iidem
2270 970 2495 1023 maximi
2540 978 2700 1035 sunt,
2734 980 2793 1025 ut
2820 972 2910 1040 qui
2944 987 3039 1041 per
3083 981 3319 1028 centrum

115 1059 195 1123 ὼς
216 1059 281 1112 ἂν
298 1058 383 1111 διὰ
411 1056 505 1111 τοῦ
526 1056 749 1126 κέντρου
773 1056 873 1127 τῆς
890 1055 1124 1128 σφαίρας
1146 1056 1389 1128 ἠγμένοι.
1414 1056 1676 1127 Τέμνουσι

1779 1056 2005 1127 sphaera:
2037 1066 2341 1113 transeunt.
2380 1056 2577 1113 Secant
2606 1067 2782 1116 autem
2826 1060 3062 1126 idcirco,
3105 1068 3163 1116 ut
3198 1064 3320 1117 anni

114 1150 197 1215 δὲ,
233 1150 316 1205 ἵνα
341 1150 439 1213 τὰς
465 1150 505 1203 δ’
536 1150 684 1223 ὥρας
707 1149 801 1203 τοῦ
832 1148 1072 1203 ἐνιαυτοῦ
1107 1148 1301 1221 ῥαδίως
1330 1148 1678 1219 καταλᾱμὸά-

1776 1155 2121 1220 tempestates
2146 1143 2184 1220 'q
2198 1159 2391 1205 uatuor
2419 1151 2574 1207 facile
2604 1140 2998 1210 discernamus.
3033 1152 3165 1208 Nam
3198 1140 3348 1208 cum'

116 1260 316 1315 νωμεν.
342 1245 410 1297 Τε
419 1229 653 1315 μνόντων
675 1243 782 1315 γὰρ
809 1243 1009 1296 τούτων
1028 1241 1288 1313 ἀλλήλους
1303 1242 1397 1294 καὶ
1415 1242 1512 1314 τὴν
1529 1242 1678 1309 σφαῖ-

1776 1256 1897 1297 sese
1940 1248 2128 1295 mutuo
2166 1240 2441 1306 dividant,
2478 1242 2744 1312 spheram
2782 1243 2955 1313 ipsam
3000 1258 3213 1315 quoque
3240 1244 3322 1299 di-

114 1353 242 1407 ραν,
275 1337 602 1408 συμϐήσεται
628 1337 709 1401 εἰς
733 1336 972 1406 τέσσαρα
1002 1334 1336 1406 τετμῆσθαι·
1367 1332 1507 1388 ὥστε
1548 1333 1675 1388 ἔκα-

1774 1330 1881 1386 vidi
1911 1346 2133 1387 necesse
2176 1338 2259 1386 est
2285 1333 2350 1402 {in
2403 1341 2585 1403 partes
2615 1342 2865 1404 quatuor,
2897 1336 3031 1390 adeo
3061 1343 3119 1389 ut
3147 1335 3319 1405 quod-

118 1443 243 1481 στον
267 1427 373 1480 τῶν
407 1428 684 1499 τεσσάρων
714 1428 1013 1499 τμημάτων
1050 1427 1175 1499 μίαν
1200 1426 1345 1497 ὥραν
1377 1425 1468 1480 τοῦ
1495 1428 1671 1479 ἐνιαυ-

1772 1424 1904 1479 lihet
1944 1440 1976 1479 e
2020 1425 2315 1496 segmentis
2343 1434 2580 1496 quatuor
2610 1441 2762 1483 suam
2792 1427 2917 1481 anni
2948 1418 3316 1498 tempestatem

112 1517 211 1571 τοῦ
248 1518 408 1589 ἔχειν.
440 1520 548 1574 Καὶ
576 1522 604 1573 ὁ
626 1519 726 1589 μὲν
759 1518 935 1574 αὐτῶν
984 1519 1123 1573 κατὰ
1153 1518 1422 1588 Καρκίνον
1452 1518 1545 1572 καὶ
1580 1518 1673 1570 Al-

1772 1514 2031 1570 obtineat.
2061 1514 2102 1567 E
2128 1515 2334 1570 coluris
2364 1516 2486 1572 istis
2513 1516 2743 1572 alterius
2780 1516 3015 1572 ambitus
3053 1532 3150 1587 per
3175 1517 3316 1572 Can-

111 1611 393 1682 γοκέρωτα
416 1610 529 1681 ἔχει
559 1615 655 1683 τὴν
679 1605 1025 1684 περιφέρειαν
1041 1629 1054 1641 ·
1083 1611 1169 1665 διὰ
1192 1611 1289 1681 μὲν
1309 1610 1400 1663 τοῦ
1421 1610 1672 1681 ὲνὸςήμι-

1770 1622 1920 1663 crum
1961 1615 2014 1663 et
2063 1608 2454 1679 Capricornum
2490 1608 2736 1675 ducitur,
2778 1622 2840 1663 ac
2869 1622 2965 1680 per
3000 1608 3314 1663 semicircu-

111 1702 333 1757 κυκλίου
365 1703 621 1758 δεικνύων
656 1704 713 1757 ὲν
737 1704 997 1774 Καρκίνῳ
1025 1702 1200 1773 θέρος,
1222 1702 1383 1757 διὰδὲ
1418 1702 1511 1755 τοῦ
1548 1702 1668 1755 ἑτέ-

1769 1697 1881 1752 Ιυω
1910 1714 2075 1754 unum
2109 1708 2349 1755 aestatem
2380 1700 2585 1756 indicat
2612 1700 2666 1754 in
2694 1699 2903 1757 Cancro
2923 1743 2937 1766 ,
2967 1715 3063 1771 per
3086 1700 3310 1755 alterum

107 1813 210 1868 pou
248 1798 304 1850 ὲν
334 1795 664 1867 Αίγοκὲρωτι
708 1795 965 1867 χειμῶνα.
1002 1795 1058 1848 '0
1095 1795 1152 1848 δὲ
1182 1794 1321 1848 κατὰ
1364 1793 1531 1865 Κριὸν
1576 1793 1667 1846 καὶ

1763 1788 2000 1845 hiemem
2026 1792 2083 1846 in
2101 1792 2451 1863 Capricorno.
2479 1792 2712 1849 Alterius
2742 1793 2973 1848 ambitus
2998 1793 3192 1848 transit
3216 1808 3312 1863 per

108 1887 295 1958 Χηλὰς
318 1886 412 1959 τὴν
444 1887 793 1957 περιφέρειαν
816 1886 925 1956 ἔχει
946 1902 959 1916 ·
979 1870 1085 1939 ’καὶ
1107 1884 1255 1956 δηλοῖ
1274 1883 1370 1948 τὰς
1393 1883 1556 1946 ἄλλας
1575 1882 1667 1937 δύο

1764 1878 2001 1936 Arietem
2045 1891 2100 1937 et
2145 1881 2360 1938 Libram
2385 1923 2403 1950 ,
2432 1898 2495 1938 ac
2523 1883 2658 1939 duas
2697 1884 2832 1941 alias
2869 1884 3309 1955 aequinoctiorum

107 1982 256 2049 ὠρας
269 1981 366 2045 τὰς
390 1980 722 2053 ίσημερινάς·
746 1980 843 2050 τὴν
873 1979 967 2049 μὲν
984 1979 1201 2050 ἐαρινὴν
1222 1979 1279 2031 ὲν
1294 1977 1466 2048 Κριῷ,
1493 1975 1590 2047 τὴν
1605 1975 1663 2029 δὲ

1725 2044 1731 2053 _
1768 1978 2115 2051 tempestates
2145 1974 2362 2030 exhibet
2389 1993 2402 2028 :
2437 1990 2661 2030 vernam
2690 1978 2745 2030 in
2769 1976 2949 2032 Ariete
2977 1992 2993 2043 ;
3026 1983 3308 2030 autumna-

111 2039 569 2142 peto-‘rrwptvij‘yév
582 2039 1075 2141 ΧηλαῖςίΚύλουροι
1106 2039 1169 2122 δὲ¹
1191 2039 1500 2138 κέκληνται,
1526 2039 1658 2119 διότι
1690 2042 1694 2094 λ

1725 2044 1732 2091 ⁵
1763 2039 1955 2117 ιοωίίιι
1986 2047 2168 2119 Libra.
2203 2062 2307 2129 Qui
2340 2065 2515 2120 coluri
2550 2074 2833 2135 propterea
2864 2039 3145 2131 vocantur,
3184 2071 3308 2139 quia

100 2162 349 2216 δοκοῦσιν
375 2164 500 2233 ἡμῖν
517 2161 800 2215 κολούσθαι
826 2160 971 2214 ὥσπε
979 2177 1010 2231 ρ
1024 2160 1121 2223 τὰς
1136 2158 1319 2241 ούρὰς,
1336 2158 1423 2213 διὰ
1448 2157 1506 2211 τὸ
1529 2159 1658 2229 ἡμῖν

1760 2151 1917 2205 nobis
1953 2152 2101 2207 velut
2130 2153 2302 2208 cauda
2336 2154 2570 2208 mutilati
2616 2154 2888 2215 videntur.
2922 2172 2989 2236 ep
3016 2158 3157 2227 quod
3185 2172 3307 2229 par-

108 2258 183 2327 μὴ
212 2256 491 2325 φαίνεσθαι
529 2254 707 2307 αὐτῶν
745 2253 812 2306 τὰ
838 2254 928 2306 ἐπὶ
966 2253 1057 2306 τοῦ
1103 2250 1459 2323 ἀνταρκτικοῦ
1496 2251 1656 2323 μέρη,

1758 2252 1841 2301 tes
1874 2244 2089 2300 illorum
2121 2246 2187 2299 ad
2213 2247 2393 2316 polum
2415 2243 2767 2302 antarCticum
2790 2247 3160 2304 occultantur:
3188 2252 3306 2320 qui-

105 2350 200 2401 xal.
224 2348 394 2400 δοκεῖν
449 2345 733 2399 κολοῦσθαι
769 2346 963 2409 αὐτοὺς
1008 2344 1145 2398 κατὰ
1185 2344 1341 2397 τοῦτο
1371 2344 1430 2396 τὸ
1474 2344 1658 2415 μέρος.

1758 2340 1862 2394 bus
1890 2351 1943 2394 et
1978 2340 2211 2394 mutilati
2240 2328 2515 2397 videntur.
2546 2339 2680 2396 Nam
2725 2358 2844 2412 quae
2880 2358 3090 2412 semper
3140 2358 3303 2414 appa-

106 2436 422 2508 Συμϐἐὸηκε
467 2438 573 2507 γὰρ
603 2434 669 2489 τὰ
703 2436 799 2506 μὲν
842 2435 947 2488 ἀπὸ
973 2434 1065 2489 τοῦ
1110 2433 1395 2504 ἀειφανοῦς
1439 2434 1658 2500 κύκλου,

1756 2440 1909 2486 rente
1938 2431 2171 2497 circulo,
2210 2432 2262 2487 id
2298 2442 2381 2489 est
2420 2433 2659 2498 arctico,
2695 2435 3061 2498 continentur,
3089 2435 3299 2490 illorum

104 2523 345 2577 τουτέστι
368 2523 461 2576 τοῦ
488 2524 770 2593 ἀρκτικοῦ,
800 2523 937 2594 μέρη
968 2522 1279 2592 φαίνεσθαι·
1304 2523 1474 2577 ταῦτα
1505 2523 1561 2575 δὲ
1589 2523 1658 2577 τὰ

1756 2523 2065 2591 conspicuae
2094 2533 2219 2580 sunt
2252 2532 2465 2595 partes:
2501 2540 2621 2595 qua:
2652 2541 2781 2581 vero
2810 2527 3106 2583 antarctico
3130 2524 3302 2585 inclué

106 2614 246 2686 μέρη
296 2614 403 2668 τῶν
442 2614 710 2686 κολούρων
757 2614 968 2668 κύκλων
1019 2615 1088 2668 τὰ
1140 2615 1233 2668 τοῦ
1297 2614 1653 2687 ἀπαρκτικοῦ

901 2632 968 2668 ων
1019 2615 1088 2668 τὰ
1140 2615 1233 2668 τοῦ
1297 2614 1653 2687 ἀνταρκτικοῦ
1754 2613 1974 2678 duntur,
2008 2630 2216 2686 semper
2244 2618 2484 2671 occultae.

104 2710 189 2761 ἀεὶ
217 2710 391 2780 ἁφανῆ
427 2703 584 2761 ἐῐναι.

612 2847 762 2916 Περὶ.
778 2848 881 2901 τοῦ
902 2848 1138 2913 ἄξονος.
1323 2902 1329 2911 ς

1056 2866 1138 2913 ος,
1323 2902 1329 2911 ⁴
2415 2839 2488 2893 De
2524 2858 2639 2896 axe.

171 2967 270 3030 κη’.
306 2961 488 3031 Διήκει
520 2961 576 3013 δὲ
594 2962 629 3039 ﬁ
659 2961 800 3026 ἄξων
833 2964 939 3016 ὰπὸ
964 2963 1056 3016 τοῦ
1097 2964 1318 3036 κέντρου
1344 2967 1435 3019 τοῦ
1468 2966 1653 3037 ἀρκτι-

1818 2951 1907 3005 28.
1947 2953 2029 3007 Ab
2058 2954 2244 3009 arctici
2296 2956 2487 3011 circuli
2536 2965 2722 3012 centro
2770 2973 2865 3028 per
2915 2959 3135 3029 sphaerae
3171 2974 3297 3016 cen-

101 3052 194 3103 κοῦ
223 3050 417 3104 κύκλου
470 3051 556 3103 διὰ
604 3052 698 3105 τοῦ
745 3054 965 3123 κέντρου
999 3056 1097 3125 τῆς
1147 3056 1377 3126 σφαίρας
1424 3057 1527 3120 ἕως
1556 3056 1649 3111 τοῦ

1750 3049 1929 3108 trum,
1984 3044 2050 3098 ad
2100 3054 2343 3101 centrum
2394 3048 2539 3103 aliud
2583 3050 2864 3105 antarctici
2913 3053 3109 3107 transit
3156 3051 3292 3107 axis.

96 3142 319 3212 κέντρου
350 3141 441 3194 τοῦ
474 3144 850 3229 ἁνταρκτικοῦ.
883 3145 1253 3217 Παρείληπται
1286 3148 1361 3211 δὲ,
1398 3149 1483 3202 ἵνα
1510 3150 1651 3218 γνῶ-

1749 3129 1852 3196 Qui
1882 3133 1953 3188 ob
1992 3135 2043 3189 id
2088 3146 2399 3225 assumptus
2437 3147 2551 3213 est,
2586 3147 2644 3195 ut
2685 3141 3048 3212 intelligamus
3089 3142 3293 3211 circum

102 3250 197 3303 μεν
249 3235 329 3287 ὅτι
380 3235 509 3306 ’περὶ
552 3219 837 3290 «statim
874 3236 940 3289 τὰ
969 3238 1110 3307 ἄκρα
1155 3238 1317 3292 αὐτοῦ
1373 3239 1592 3292 δινεῖται
1619 3243 1648 3294 ὀ

1747 3222 1893 3278 hunc
1921 3226 2122 3295 et'ejus
2150 3219 2391 3285 extrema
2417 3231 2770 3287 circumvolvi
2800 3234 2995 3288 cmlum
3022 3251 3035 3299 ;
3070 3232 3295 3302 perinde

95 3326 317 3397 οὐρανός
338 3344 351 3357 ·
385 3327 571 3400 ὥσπερ
602 3329 729 3400 περὶ
776 3330 1064 3401 ἁρμάτειον
1103 3329 1265 3397 ἄξονα
1300 3329 1559 3384 δινοῦνται
1595 3335 1644 3385 ot
1670 3376 1678 3401 Α

1710 3372 1711 3379 γ
1748 3320 1908 3383 atque
1932 3316 2134 3370 circum
2157 3333 2353 3376 currus
2380 3336 2533 3377 axem
2556 3332 2687 3377 rotae
2707 3324 3011 3378 volvuntur.
3039 3324 3109 3379 De
3131 3324 3293 3395 hujus

96 3419 293 3489 τροχοί.
318 3420 426 3489 Τὴν
456 3420 513 3473 δὲ
551 3419 679 3491 ὓλην
709 3421 871 3474 αὐτοῦ
903 3422 1001 3475 οὐκ
1040 3422 1271 3487 ἐδίδαξεν
1311 3424 1454 3493 ἡμᾶς
1478 3426 1644 3494 Ἀρα-
1672 3404 1679 3417 ’

1710 3404 1967 3459 “materia
2019 3408 2154 3461 nihil
2198 3426 2297 3466 nos
2342 3411 2539 3469 Aratus
2570 3414 2770 3492 docuit.
2826 3413 2928 3470 Sed
2976 3410 3182 3485 poetica
3228 3417 3293 3471 li—

95 3528 216 3573 τος·
246 3511 356 3565 ἀλλ’
394 3513 469 3575 ὡς
510 3514 567 3565 ἐν
606 3515 820 3583 ποιήσει
869 3506 1251 3585 μυθικώτερον,
1304 3515 1488 3588 ὥσπερ
1520 3517 1641 3569 ὀϐε-

1742 3500 1918 3553 centia
1950 3500 2252 3559 fabulosius
2282 3505 2509 3574 loquens
2554 3506 2728 3561 veruti
2773 3506 2946 3592 instar
2980 3522 3101 3563 esse
3132 3507 3287 3565 dixit.

93 3602 275 3658 λίσκον
310 3604 468 3656 αὐτὸν
507 3600 674 3657 εἶπεν,
705 3605 765 3658 Εἰ
808 3604 903 3674 μὲν
928 3602 1019 3659 οὖν
1063 3606 1206 3674 λέγοι
1236 3624 1317 3671 τις
1358 3610 1516 3661 αὐτοῦ
1545 3609 1642 3679 τὴν

1742 3589 1932 3662 Itaque
1962 3594 2076 3650 sive
2104 3596 2229 3665 quis
2258 3597 2408 3652 illum
2452 3615 2519 3653 ex
2547 3599 2700 3670 igne,
2734 3615 2833 3655 ceu
2865 3589 3119 3666 materia,
3161 3616 3289 3655 con-

95 3692 222 3761 ὖλην
251 3693 313 3744 ἐκ
341 3693 530 3763 πυρὸς,
565 3691 730 3745 ἐλθὼν
773 3693 864 3745 ἐπὶ
907 3692 1003 3763 τὴν
1035 3693 1126 3747 τοῦ
1170 3694 1359 3757 ὕδατος
1410 3700 1640 3768 σφαῖραν

1742 3691 1887 3739 stare
1916 3686 2073 3753 velit,
2105 3701 2229 3741 cum
2272 3703 2368 3758 per
2409 3703 2562 3759 aquae
2600 3690 2863 3760 sphaeram
2902 3700 3176 3758 transeat,
3208 3692 3284 3747 ibi

96 3783 442 3854 σϐεσθήσεται
460 3800 477 3817 ο
502 3784 535 3855 ἢ
559 3783 663 3837 ὑπὸ
682 3786 781 3855 τῆς
813 3784 903 3837 τοῦ
924 3785 1092 3859 πυρὸς
1119 3786 1351 3855 σφαίρας
1381 3788 1639 3857 καταφλε-

1782 3776 2150 3845 estinguetur;
2212 3785 2304 3831 aut
2350 3780 2416 3833 ab
2463 3781 2602 3851 ignis
2652 3781 2862 3851 sphaera
2912 3791 3278 3847 consumetur,
3361 3779 3365 3786 “

92 3876 374 3946 χθήσεται·
407 3873 536 3929 εϊδὲ
558 3876 622 3929 ἐκ
648 3876 744 3948 τῆς
781 3877 887 3935 τῶν
919 3876 1135 3941 λοιπῶν,
1172 3878 1330 3949 ἀέρος
1357 3879 1389 3948 ἢ
1425 3877 1633 3945 ὓδατος,

1738 3868 1852 3921 sive
1878 3882 1943 3922 ex
1978 3868 2207 3922 aliorum
2260 3870 2647 3926 elementorum
2678 3874 2937 3940 materia,
2974 3883 3101 3945 puta
3142 3876 3283 3933 aeris

90 3968 288 4039 ἀμιγὴς
314 3968 462 4023 ἔσται
487 3971 597 4032 τοῖς
624 3968 821 4034 ἄλλοις,
852 3970 944 4023 καὶ
968 3970 1069 4023 ὑπὸ
1087 3970 1194 4022 τῶν
1220 3970 1471 4024 ἐναντίων
1496 3972 1636 4040 ἀφα-

1735 3966 1827 4012 aut
1855 3974 2024 4029 aquae,
2055 3960 2271 4015 misceri
2302 3976 2423 4017 cum
2469 3964 2590 4019 aliis
2619 3980 2724 4018 non
2750 3957 2945 4034 poterit
2972 3983 2986 4031 ;
3013 3974 3066 4021 et
3094 3981 3123 4020 a
3149 3981 3283 4022 con-

90 4060 411 4132 νισθήσεται.
455 4063 763 4134 Γεωμέτραι
796 4063 853 4116 δὲ
896 4063 1053 4116 αὑτὸν
1086 4063 1419 4117 ὑποτίθενται
1460 4080 1635 4135 γραμ-

1734 4049 1917 4104 trariis
1942 4048 2229 4105 delebitur.
2255 4050 2488 4106 Proinde
2511 4061 2798 4123 geometrae
2826 4055 3020 4110 lineam
3052 4071 3172 4110 esse
3198 4056 3280 4109 di-

92 4154 195 4224 μήν
219 4170 339 4207 τινα
378 4154 599 4227 λεπτὴν,
646 4154 936 4225 διήκουσαν
980 4155 1085 4207 ἀπὸ
1126 4154 1219 4207 τοῦ
1270 4157 1491 4226 κέντρου
1537 4156 1631 4209 τοῦ

1733 4148 1864 4193 cunt
1888 4141 2079 4195 exilem
2106 4142 2387 4197 ab'arctici
2414 4152 2602 4198 centro
2629 4144 2697 4198 ad
2722 4152 2965 4199 centrum
2994 4143 3279 4200 antarctici

89 4244 340 4316 ἀρκτικοῦ
384 4245 586 4309 κύκλου
628 4246 786 4317 μέχρι
819 4247 911 4299 τοῦ
961 4247 1338 4317 ἁνταρκτικοῦ,
1384 4248 1631 4320 καθάπερ

1731 4232 2093 4302 pertinentem
2113 4273 2128 4301 ,
2153 4234 2232 4288 uti
2258 4234 2517 4291 diximus.
2550 4235 2618 4290 At
2645 4235 2852 4307 physici
2878 4237 3155 4308 spiritum,
3183 4237 3278 4311 qui

89 4334 309 4405 εἴρηται.
356 4338 419 4391 Οἱ
452 4338 509 4391 δὲ
547 4338 763 4407 φυσικοὶ
805 4338 1076 4408 φιλόσοφοι
1120 4340 1178 4392 τὸ
1210 4340 1408 4410 μεταξὺ
1446 4341 1637 4412 διῆκον

1731 4339 1829 4394 per
1852 4325 2195 4395 interjectum
2228 4326 2461 4396 spatium
2482 4328 2707 4392 transit,
2736 4343 2890 4383 axem
2919 4336 3108 4402 putant
3132 4346 3274 4389 esse.

88 4425 296 4497 πνεῦμα
325 4427 569 4497 λέγουσιν
597 4426 779 4494 ἄξονα.
811 4429 1093 4499 Μέμνηται
1124 4430 1179 4484 δὲ
1207 4429 1367 4484 αὑτοῦ
1410 4432 1627 4485 Ἐοατο-

1411 4432 1627 4485 anm.
1728 4414 1896 4486 Cujus
1925 4416 1980 4469 in
2008 4414 2271 4472 Mercurio
2298 4420 2539 4474 meminit
2568 4418 2951 4477 Eratosthenes
2983 4442 2994 4477 :

88 4516 269 4589 σθένης
299 4518 355 4572 ὲν
382 4518 460 4590 τῷ
493 4506 672 4589 Ἔξρμῇ
693 4518 863 4588 λέγων
882 4535 897 4551 ⁵

300 4653 414 4753 μέν
434 4672 541 4753 μιν
582 4654 783 4753 ἔτετμε
821 4654 1624 4753 ιέερνήὲεῗεπαντὶζρλύμπω
1657 4698 1669 4753 1

1581 4677 1624 4753 ῖτξ
1657 4698 1701 4753 n
1797 4657 1984 4753 έξὶιῇ
2003 4658 2654 4753 41‘€€r_*3€*€“_'zte4‘9a
2674 4681 2888 4753 κινοῖεν
2904 4665 3164 4753 ,οιειηιρεν

86 4720 329 4790 Κέντροὺ
349 4720 469 4779 dab
504 4720 763 4795 (γεραίρεις
781 4741 796 4757 ⁶
822 4720 927 4778 ’διὰ
962 4720 1013 4778 δ’
1041 4725 1257 4793 ἄξονος
1280 4720 1621 4797 ἡρήρεὶστο·
1657 4720 1669 4753 ¹

1585 4747 1621 4779 ι·
1657 4720 1701 4753 ν
1797 4720 1986 4782 Centro
2016 4720 2079 4782 ub
2108 4731 2362 4799 sphwrw;
2393 4748 2483 4800 per
2511 4720 2807 4789 axem'vero
2837 4720 3168 4804 fulciehat'ur:

86 4834 185 4888 Καὶ
204 4835 232 4886 ὁ
258 4836 488 4907 Ἀρατος
514 4838 685 4908 λέγων
700 4857 713 4869 ·
1600 4868 1601 4871 ‘

617 4857 713 4894 ων·
1600 4868 1601 4871 η
1721 4837 1918 4895 Aratus
1943 4856 2157 4912 quoque
2189 4861 2200 4895 :

86 4947 266 5016 Αὐτὰρ
294 4947 378 5019 ὅγ’
400 4950 526 5005 οὐδ’
560 4953 767 5024 ὀλίγον
802 4956 1223 5025 μετανίσσεται
1240 4971 1252 4984 ·
1479 4956 1623 5041 ,μάλ’

1791 4922 1962 5005 Porro
1995 4954 2078 5007 hic
2098 4970 2159 5008 ne
2185 4956 2455 5008 minimum
2481 4955 2686 5027 quidem
2714 4957 2971 5041 άεειὶηιξι.ν
2998 4959 3088 5013 ,ςεά
3103 4959 3270 5041 [plum

90 5086 271 5152 Ἄξων
293 5070 422 5144 ater
449 5089 665 5161 ἄρηρεν
686 5107 702 5123 ⁸
730 5093 854 5164 ἔχει
877 5094 928 5147 δ’
950 5095 1281 5151 ἀτάλαντον
1302 5025 1621 5164 (intristi;sz

2494 5025 2501 5027 ⁷
2900 5025 3268 5099 [immoliiliter

1792 5091 1924 5144 Axis
1954 5108 2152 5161 semper
2182 5094 2423 5162 ﬁrmatus
2454 5105 2528 5150 est
2551 5114 2570 5161 ;
2601 5097 2848 5169 habetque
2877 5098 3123 5180 libratam
3150 5115 3266 5180 οτη-

85 5224 389 5298 Μεσσηγὺς
414 5227 585 5299 γαῖαν
601 5245 615 5259 ·
646 5229 779 5299 περὶ
818 5231 871 5285 δ’
895 5234 1143 5320 οὐρανὸς
1184 5232 1369 5288 αὐτὸν
1408 5234 1613 5317 ἀγινεῖ.

3144 5185 3265 5221 mna

1790 5229 1857 5285 In
1902 5232 2066 5286 medio
2112 5240 2348 5299 terram;
2378 5237 2580 5290 circum
2619 5245 2791 5290 autem
2831 5167 3185 5379 hunc'cuelgtm
3212 5254 3265 5292 se

3073 5318 3260 5362 versat.

3073 5318 3260 5362 versat.

158 5399 460 5471 Ὦνόμασται
483 5404 530 5458 δ’
560 5405 703 5470 ἄξων
723 5406 809 5461 διὰ
829 5408 889 5461 τὺ
918 5409 1046 5480 περὶ
1070 5410 1229 5465 αὐτὸν
1253 5410 1508 5497 ἄγεσθαιι
1522 5414 1613 5466 καὶ⁵

1783 5413 1913 5470 Axis
1939 5415 2259 5471 vocabulum
2284 5418 2407 5473 ideo
2433 5419 2660 5482 meruit,
2683 5418 2827 5489 quod
2855 5418 3060 5474 circum
3084 5421 3234 5490 ipsur.

100 5490 446 5583 τεριδινείσθαι
466 5496 557 5551 τὸν
580 5498 821 5571 οὐρανόν.
850 5500 930 5553 Τὰ
964 5501 1021 5554 δὲ
1057 5503 1266 5574 πέρατα
1292 5502 1453 5556 αὐτοῦ
1479 5490 1613 5574 ¹ἱιρὺς

1712 5518 1918 5577 agatur,
1947 5508 2299 5580 volvaturque
2328 5511 2543 5566 coelum.
2577 5510 2751 5583 Hujus
2781 5523 3019 5570 extrema
3048 5520 3174 5569 sunt
3202 5514 3235 5567 ἱι

95 5580 183 5641 ,τοῖς
213 5580 448 5653 κέντροις
475 5585 568 5639 τοῦ
592 5605 651 5641 τε
689 5588 947 5660 ἀρκτικοῦ
990 5592 1081 5644 καὶ
1116 5593 1210 5646 τοῦ
1254 5593 1609 5664 ἀνταρκτικοῦ

1712 5598 1915 5653 centris
1947 5598 2135 5651 arctici
2176 5606 2231 5653 et
2278 5598 2561 5654 antarctici
2589 5580 2915 5659 circulorum
2959 5613 3097 5669 quos
3156 5606 3256 5668 p‘o-

114 5686 205 5723 στι.
228 5672 458 5729 Καλοῦσι
485 5678 530 5731 δ’
556 5679 697 5733 αὐτὰ
714 5681 909 5745 πόλους
928 5680 1035 5734 ἀπὸ
1061 5682 1153 5735 τοῦ
1184 5684 1607 5755 περιπολεῖσθαι,

1709 5687 1791 5742 los
1820 5680 2133 5757 nominant,
2165 5704 2231 5745 eo
2257 5690 2402 5760 quod
2439 5690 2644 5745 circum
2686 5692 2776 5747 illa
2815 5688 3236 5747 cmium-assidur

95 5761 172 5850 καὶ
198 5764 507 5836 στρέφεσθαι
553 5772 679 5843 περὶ
709 5773 847 5827 αὐτὰ
884 5772 973 5829 τὸν
1013 5774 1256 5846 οὐρανόν.
1302 5777 1515 5831 Τούτων
1551 5780 1608 5832 δὲ

1710 5778 1970 5848 vertigine
2011 5787 2350 5850 torqueatur.
2387 5778 2467 5835 Ex
2509 5781 2575 5838 iis
2617 5783 2751 5838 alter
2792 5783 2988 5837 boreus
3029 5780 3234 5834 dicitu‘

86 5848 112 5945 ἦ
136 5855 222 5922 μὲν
244 5858 479 5915 καλεῖται
505 5860 730 5935 βόρειος,
755 5867 842 5920 ἀεὶ
879 5867 1106 5937 φανερὸς
1132 5868 1206 5921 ὧν
1223 5884 1237 5899 ο
1272 5872 1300 5923 ὀ
1327 5870 1382 5926 δὲ
1416 5870 1603 5943 νότιος,

1709 5885 1921 5941 semper
1949 5848 2213 5943 apparens
2238 5892 2249 5927 :
2286 5872 2420 5928 alter
2441 5876 2693 5933 australis
2714 5916 2727 5942 ,
2751 5888 2961 5945 semper
2985 5871 3205 5929 occulta

86 5941 163 6006 ﬁat
189 5947 408 6027 ἀφανής.
429 5954 710 6030 Μέμνηται
745 5957 923 6017 αὐτῶν
948 5960 1039 6014 καὶ
1068 5960 1327 6033 ’Δρατοςη
1589 5941 1593 5943 γ

1708 5964 1910 6021 Horum
1941 5941 2182 6024 meminit
2216 5968 2415 6025 Aratus
2433 5986 2446 6022 ;
