4008 6328
101 546 194 616 981

828 554 984 610 ACHI
1005 553 1156 608 LLIS
1189 554 1367 608 TATII
1409 553 1698 608 lSAGOGE
1736 551 1824 606 AD
1850 551 2054 605 ARATI
2087 552 2522 608 ΡΗΑΞΝΟΜΕΝΑ

3173 539 3276 607 98⁸

99 675 156 729 δὲ
188 679 242 729 έν
288 674 543 745 Καρκίνῳ
566 674 818 743 γένηται,
854 674 882 725 ὅ
915 675 1031 725 ἐστι
1081 672 1221 725 κατὰ
1248 674 1534 743 διάμετρον
1569 672 1645 741 τῷ

1768 673 1829 725 iit
1869 675 1937 725 ad
1968 671 2259 733 Cancrum,
2301 671 2393 740 qui
2436 687 2465 723 a
2512 670 2836 739 Capricorno
2864 676 2972 724 tota
3014 671 3277 722 diametro

103 766 460 837 Αἰγοκέρωτι,
518 765 637 817 τότε
693 764 915 834 πλησίον
954 760 1108 834 ἡμῶν
1138 765 1280 827 ἐστι,
1325 765 1416 817 καὶ
1457 763 1642 834 καῦμα

104 859 237 911 πολὺ
264 858 387 926 παρ’
417 860 566 926 ήμῖν.
607 857 665 910 ’0
702 856 759 909 δὲ
786 856 1056 925 Καρκίνος
1082 855 1191 908 τῶν
1221 856 1284 923 ιβ’
1325 854 1527 918 ζωδίων
1558 856 1642 924 βο-

107 948 371 1019 ρειότερός
398 949 533 1000 ἑστι.
573 948 740 1016 Δῆλον
771 943 885 1009 οῦν,
912 948 991 999 ὅτι
1022 947 1117 1016 τὴν
1156 946 1356 1017 βόρειον
1391 946 1643 1017 οἰκοῦμεν

104 1039 295 1111 ζώνην.
314 1040 399 1092 Ἐν
432 1038 538 1109 γὰρ
566 1037 815 1108 Καρκίνῳ
834 1038 1117 1107 γενόμενος
1140 1039 1167 1089 ὁ
1194 1038 1341 1107 ἣλιος
1364 1036 1643 1109 ἀριστερὸς

103 1133 259 1201 ήμῶν
289 1130 583 1195 ἀνατέλλει,
620 1129 718 1199 τὴν
749 1129 904 1181 σκιὰν
942 1127 1099 1199 ἡμῶν
1134 1131 1211 1189 εἰς
1239 1127 1305 1181 τὰ
1335 1127 1479 1192 δεξιὰ
1507 1130 1642 1198 μέρη

103 1220 329 1273 κλίνων*
374 1220 402 1272 ὃ
446 1220 559 1271 ἐστι
601 1220 822 1289 σημεῖον
860 1218 1086 1289 ἐναργὲς
1126 1217 1217 1269 τοῦ
1256 1218 1403 1286 ἡμᾶς
1446 1215 1647 1281 δεξιοὺς

99 1305 246 1363 εἶναι
289 1308 382 1361 τοῦ
425 1308 592 1379 ήλίου.
623 1308 686 1360 Εἰ
721 1308 825 1377 γάρ
847 1309 937 1371 ’τις
991 1305 1178 1375 λύχνον
1223 1306 1363 1374 ἅψας
1403 1308 1459 1357 ὲν
1502 1305 1649 1375 μέσῳ

98 1402 399 1472 οἰκήματος
428 1399 567 1470 Θείη,
590 1399 646 1451 ὲν
674 1398 821 1467 δεξιᾷ
841 1398 895 1450 δὲ
927 1396 1088 1450 αὐτοῦ
1115 1397 1268 1466 σταίη
1290 1412 1302 1425 ·
1330 1398 1390 1449 τὸ
1415 1395 1649 1465 σκίασμα

99 1490 202 1542 τοῦ
234 1490 460 1553 ἑστῶτος
488 1490 549 1542 οὐ
586 1488 721 1559 πρὸς
765 1488 853 1540 τὸν
886 1488 1107 1557 λύχνον,
1147 1486 1260 1540 ἀλλ’
1294 1487 1349 1539 ἐν
1385 1486 1533 1555 δεξιᾷ
1556 1485 1648 1537 τοῦ

99 1578 387 1651 ἀνθρώπου
414 1577 685 1649 τρέψεται.
722 1579 784 1631 Εἰ
812 1578 987 1631 τοίνυν
1018 1577 1110 1629 καὶ
1138 1575 1293 1646 ήμῶν
1330 1577 1384 1627 αί
1420 1574 1566 1627 σκιαὶ
1596 1576 1651 1626 ἐν

94 1670 256 1739 δεξιᾷ
281 1673 312 1739 ή
322 1670 433 1740 μῶν
458 1670 713 1737 γίνονται,
732 1668 904 1738 δῆλον,
923 1669 1002 1720 ὅτι
1026 1668 1308 1738 ἀριστερὸς
1327 1669 1359 1737 ή
1369 1666 1481 1737 μῶν
1509 1666 1653 1717 ἐστιν

98 1763 131 1815 ὁ
160 1762 332 1829 ἥλιος.
358 1759 642 1813 Ἀνάπαλιν
663 1760 719 1812 δὲ
752 1747 862 1822 τοίς
893 1761 948 1812 έν
970 1761 1034 1828 τῇ
1058 1758 1213 1827 νοτίῳ
1243 1757 1386 1829 ζώνῃ
1417 1756 1652 1810 οἰκοῦσιν

100 1853 162 1904 ὲν
202 1850 350 1920 δεξιᾷ
388 1851 485 1922 μὲν
517 1851 662 1904 ἐστιν
701 1853 728 1903 ὁ
756 1851 921 1921 ἥλιος·
954 1852 1010 1903 ἐν
1047 1851 1305 1921 ἀριστερᾷ
1328 1849 1381 1901 δὲ
1410 1848 1586 1900 αὐτῶν
1617 1850 1649 1918 ή

101 1942 240 1996 σκιὰ
262 1942 395 2015 πρὸς
415 1943 561 1996 νότον
589 1942 946 2013 ἐκπέμπεται.
964 1941 1144 2003 Οὕτως
1170 1934 1259 1993 οὖν
1280 1938 1652 1992 ἀποδείκνυται

98 2035 256 2103 ήμᾶς
294 2033 389 2105 τὴν
420 2033 623 2105 βόρειον
664 2032 835 2103 ζώνην
868 2033 963 2103 τὴν
1002 2031 1257 2103 εὔκρατον
1291 2032 1473 2083 οἰκεῖν.
1502 2029 1655 2091 Τινὲς
1683 2017 1725 2071 Β

99 2124 162 2177 δὲ
207 2125 302 2177 καὶ
345 2124 515 2179 ταῦτα
546 2126 671 2195 περὶ
702 2126 809 2177 τῶν
842 2123 1023 2187 ζωνῶν
1055 2125 1318 2195 εἰρήκασι.
1352 2121 1521 2175 Ζῶναί
1553 2122 1655 2172 εἰσι

100 2217 207 2287 τῆς
253 2217 356 2286 γῆς
384 2217 487 2269 ὑπὸ
524 2218 649 2287 τοῦς
698 2215 1067 2286 παραλλήλους
1108 2213 1303 2283 ὁμοίως
1342 2210 1531 2263 ἰ’-.έντε⁸
1572 2209 1659 2278 βό-

100 2284 275 2375 ρειος,
292 2284 384 2375 δλη
414 2284 695 2375 μετέωρος,
722 2284 989 2373 ἀοίκητος,
1016 2298 1656 2371 κατεψυγμένη,Κρὸνου,

100 2397 415 2467 ἑξηκοστῶν
450 2398 545 2468 μὲν
567 2403 641 2461 ς’,
670 2396 893 2447 σταδίων
921 2394 976 2446 δὲ
999 2394 1295 2463 δισμυρίων
1323 2398 1410 2461 leo"
1428 2408 1441 2421 ο
1467 2391 1527 2441 τὸ
1553 2388 1659 2460 γὰρ

102 2489 397 2561 ἑξηκοστὸν
433 2488 660 2542 σταδίων
690 2489 804 2539 ἐστὶ
835 2485 942 2555 ,δσ’,
978 2483 1179 2556 Οερινὴ,
1215 2483 1431 2535 πλείονα
1468 2480 1659 2550 ἔχουσα

102 2583 175 2635 τὰ
221 2582 360 2652 ὑπὲρ
396 2581 485 2635 τὸν
522 2579 799 2651 ὁρίζονταο
832 2578 1112 2651 εῦκρατος,
1144 2581 1199 2629 ἐν
1300 2576 1444 2627 ἐστιν
1482 2571 1659 2643 ήκαο’

102 2674 259 2744 ἡμᾶς
292 2670 579 2742 οἰκουμένη
600 2688 612 2701 ·
638 2670 777 2734 Διὸς,
807 2667 1109 2740 ὲξηκοστῶν
1133 2673 1193 2729 ε’,
1220 2666 1443 2717 σταδίων
1462 2664 1517 2716 δὲ
1548 2664 1659 2715 δισ-

102 2762 321 2834 μυρίων
360 2763 559 2832 καὶμ·
609 2760 928 2832 ίσημερινὴ,
988 2758 1098 2811 ἴσον
1158 2756 1352 2827 ἔχουσα
1390 2755 1479 2806 τὸν
1524 2753 1662 2823 ὑπὲρ

102 2855 213 2925 γῆς
238 2852 482 2923 ὁρίζοντα
508 2852 585 2923 τῷ
606 2853 697 2905 ὑπ’
722 2851 888 2904 αὐτόν
908 2867 919 2879 ·
947 2849 1215 2919 ἀοίκητος,
1236 2843 1628 2914 διακεκαυμένη
1645 2860 1657 2871 ο

108 2948 334 3015 Ἄρεος,
374 2942 675 3014 ὲξηκοστῶν
709 2944 804 3013 μὲν
838 2948 909 3011 η’,
957 2940 1015 3007 ἐξ
1053 2938 1307 3009 ἑκατέρου
1352 2934 1545 3007 μέρους
1572 2932 1662 2987 τοῦ

106 3036 432 3107 ίσημερινοῦ
473 3035 778 3107 τεσσάρων·
830 3026 981 3097 οὗτος
1037 3033 1145 3105 γὰρ
1187 3031 1352 3101 αὐτὴν
1397 3030 1522 3100 ὃλην
1568 3027 1666 3099 τὴν

105 3134 351 3200 σφαῖραν
386 3130 567 3199 τέμνει
619 3128 813 3198 μέσην·
859 3126 1083 3179 σταδίων
1118 3125 1173 3177 δὲ
1211 3123 1545 3194 τρισμυρίων
1574 3122 1668 3174 καὶ

105 3228 210 3295 ,δίχ’
234 3240 246 3250 ·
286 3220 587 3291 χειμερινὴ,
614 3218 881 3274 ἀνάπαλιν
905 3220 970 3288 τῇ
1005 3216 1210 3287 θερινῇ,
1254 3216 1434 3267 πλεῖον
1474 3215 1668 3284 ἔχουσα

1746 765 1949 827 distat,
2005 765 2436 833 appropinquare
2490 763 2669 827 nobis,
2720 778 2783 817 ac
2831 777 3096 817 summum
3135 761 3277 830 apud

1744 870 1845 909 nos
1872 862 2064 909 aestum
2100 855 2379 909 exsistere.
2420 854 2488 907 At
2529 854 2734 909 Cancer
2772 854 3045 909 duodecim
3096 856 3279 924 signo-

1744 964 1865 1002 rum
1903 948 2136 1001 maxime
2161 947 2392 1001 borealis
2421 954 2524 1001 est.
2555 944 2902 1015 Perspicuum
2930 956 3010 1001 est
3035 962 3157 1017 ergo
3191 949 3281 1003 bo-

1744 1037 1945 1090 realem
1977 1051 2006 1089 a
2037 1036 2193 1089 nobis
2222 1050 2411 1089 zonam
2453 1036 2635 1090 incoli.
2660 1035 2793 1089 Nam
2825 1036 2905 1089 sol
2942 1052 3061 1090 cum
3093 1047 3175 1092 est
3225 1040 3280 1093 in

1750 1130 1965 1184 Cancro
2004 1129 2223 1211 sinister
2270 1127 2426 1183 nobis
2465 1128 2664 1192 oritur,
2710 1129 2953 1183 umbram
2999 1145 3150 1184 suam
3191 1130 3283 1185 ﬂe-

1747 1227 1901 1275 ctens
1935 1219 2001 1272 ad
2050 1218 2347 1273 dexteram.
2412 1218 2565 1283 Quod
2622 1219 2938 1287 argumento
2966 1230 3175 1275 estnos
3218 1221 3284 1273 ad

1756 1309 1999 1364 dextram
2039 1308 2296 1363 obversos
2339 1324 2459 1364 esse
2498 1310 2619 1365 soli.
2666 1309 2871 1364 Etenim
2894 1310 2941 1367 si
2968 1312 3089 1379 quis
3114 1311 3287 1365 lucer-

1750 1415 1874 1453 nam
1901 1399 2200 1454 accendens
2228 1401 2399 1455 media
2430 1402 2480 1454 in
2512 1400 2672 1454 domo
2708 1402 3036 1466 collocet,-et
3059 1402 3125 1456 ad
3159 1402 3289 1455 dex-

1752 1495 1891 1540 tram
1928 1486 2048 1556 ejus
2080 1496 2203 1554 stet,
2240 1490 2439 1544 stantis
2490 1489 2658 1559 ipsius
2714 1489 2905 1553 umbra
2938 1506 3047 1546 non
3094 1493 3160 1547 ad
3207 1492 3289 1545 lu-

1752 1591 1990 1642 cernam,
2034 1580 2123 1633 sed
2159 1579 2223 1632 ad
2264 1579 2503 1634 dextram
2530 1579 2765 1635 hominis
2796 1580 2994 1635 tendet.
3024 1582 3290 1646 Quocirca

1753 1683 1875 1722 cum
1918 1670 2120 1722 umbrae
2150 1684 2439 1739 corporum
2470 1677 2777 1725 nostrorum
2808 1672 3006 1726 dextrae
3044 1673 3153 1727 sint
3202 1690 3290 1729 no—

1752 1760 1856 1824 bis,
1907 1754 2375 1815 manifestum'est
2406 1762 2685 1814 sinistrum
2730 1776 2941 1829 quoque
2968 1761 3125 1815 nobis
3168 1776 3291 1816 esse

1753 1853 1941 1906 solem.
1983 1850 2024 1903 E
2084 1852 2359 1906 contrario
2407 1867 2534 1906 vero
2569 1852 2658 1915 iis,
2684 1853 2776 1922 qui
2805 1852 2859 1906 in
2896 1854 3117 1907 australi
3155 1868 3293 1907 zona

1753 1944 1975 2013 degunt,
2008 1944 2088 1998 sol
2114 1943 2303 1998 dexter
2342 1952 2464 2009 est;
2516 1943 2581 1997 ad
2613 1944 2888 1998 sinistram
2919 1960 3044 2000 vero
3078 1946 3291 1999 illorum

1758 2034 1946 2086 umbra
1994 2034 2192 2102 jacitur
2225 2033 2500 2088 meridiem
2546 2049 2754 2089 versus.
2808 2033 2918 2089 llac
2968 2037 3173 2089 ratione
3200 2036 3297 2091 de-

1756 2131 2087 2179 monstratur
2119 2139 2223 2178 nos
2252 2124 2303 2177 in
2330 2132 2624 2193 temperata
2655 2140 2789 2178 zona
2818 2126 3031 2195 degere.
3068 2125 3296 2192 Quidam

1756 2216 1915 2270 etiam
1942 2215 2009 2269 de
2039 2215 2191 2269 zonis
2218 2215 2321 2269 ista
2350 2214 2699 2284 scripserunt.
2731 2213 2889 2268 Zona:
2924 2223 3050 2270 sunt
3076 2217 3129 2269 in
3154 2222 3298 2271 terra

1760 2309 1862 2362 sub
1899 2307 2170 2377 parallelis
2208 2306 2460 2362 similiter
2483 2308 2721 2376 quinque
2754 2325 2767 2360 :
2800 2304 2989 2371 Borea,
3025 2314 3133 2361 tota
3160 2307 3293 2363 sub-

1761 2402 1925 2464 limis,
1954 2400 2343 2461 inhabitabilis,
2390 2398 2612 2468 frigida;
2650 2396 2924 2464 Saturnia,
2970 2400 3299 2469 sexagesima

1762 2492 2018 2561 scrupula
2054 2506 2144 2545 sex
2172 2498 2382 2559 patens,
2416 2505 2536 2559 quae
2574 2497 2701 2543 sunt
2730 2488 2902 2544 stadia
2939 2487 3135 2543 25200.
3167 2486 3301 2541 Nam

1762 2584 2075 2651 scrupulum
2129 2597 2293 2635 unum
2347 2580 2536 2636 stadiis
2592 2586 2801 2633 constat
2841 2578 2995 2632 i200.
3046 2575 3301 2641 z’Estiva,

1761 2676 1923 2744 cujus
1967 2674 2351 2742 parallelorum
2398 2686 2559 2740 supra
2597 2670 2927 2723 horizontem
2966 2664 3174 2743 minora
3216 2682 3304 2721 se—

1762 2772 1979 2837 gmenta
2013 2772 2163 2820 sunt.
2189 2763 2528 2833 Temperata,
2561 2764 2614 2817 in
2642 2777 2747 2833 qua
2778 2762 2914 2817 situs
2934 2768 3016 2816 est
3038 2760 3183 2814 orbis
3209 2774 3306 2813 no-
3356 2832 3359 2833 ν

1764 2864 1895 2922 ster,
1932 2857 1997 2912 ad
2027 2855 2211 2911 Jovem
2243 2857 2517 2926 pertinens
2549 2871 2667 2924 qua:
2698 2855 2756 2908 in
2788 2854 3115 2924 sexagesima
3143 2851 3303 2921 quin-

1764 2964 1870 3019 que
1912 2948 2234 3019 porrigitur;
2268 2948 2437 3003 stadia
2463 2946 2655 3001 21000.
2682 2944 3117 3015 .‘Equinoctialis,
3150 2944 3307 3011 cujus

1765 3039 1990 3093 horizon
2023 3038 2280 3108 aqualem
2310 3037 2437 3091 facit
2470 3037 2611 3091 inira
2657 3053 2926 3108 supraque
2958 3036 3256 3107 portionem
3291 3055 3304 3086 :

1769 3129 2160 3192 inhabitabilis,
2207 3129 2446 3183 torrida:
2479 3129 2657 3183 dicata
2684 3128 2869 3196 Marti;
2914 3144 3031 3199 qua:
3057 3128 3311 3197 scrupula
3366 3146 3370 3150 ’

1769 3232 1894 3276 octo
1931 3228 2097 3285 tenet,
2141 3220 2243 3273 hoc
2283 3228 2366 3275 est
2404 3220 2654 3290 utrinque
2685 3221 2752 3275 ab
2787 3220 3148 3290 aequinoctiali
3179 3234 3313 3287 qua-

102 3315 171 3367 τὸ
201 3312 311 3366 ὑπὸ
352 3312 439 3365 τὸν
481 3310 745 3383 ὁρίζοντα,
783 3309 1102 3380 οἰκουμένη,
1137 3306 1425 3377 εῦκρατος·
1472 3306 1665 3375 ’Λφρο-

1768 3321 1909 3365 tuor.
1950 3310 2048 3365 Hic
2086 3312 2228 3364 enim
2268 3312 2529 3380 sphaeram
2564 3320 2726 3364 totam
2762 3313 2814 3364 in
2846 3310 3024 3364 medio
3060 3311 3307 3378 partitur.

102 3404 289 3474 δίτης,
321 3402 623 3476 ἑξηκοστῶν
658 3402 720 3468 ε’,
761 3400 984 3454 σταδίων
1013 3399 1069 3453 δὲ
1118 3396 1415 3469 δισμυρίων
1444 3395 1536 3448 καὶ
1584 3412 1631 3464 ,α
1651 3411 1663 3423 ·

103 3498 315 3562 νότιος,
335 3497 430 3568 ὅλη
455 3494 679 3566 ἀφανὴς,
706 3494 971 3564 ἀοίκητος,
1010 3488 1389 3559 κατεψυγμένη
1405 3504 1418 3518 ·
1445 3485 1665 3559 Ἑρμοῦ,

105 3588 429 3660 ὲξηκοστῶν
474 3588 571 3657 μὲν
602 3592 676 3650 ς’,
729 3583 953 3637 σταδίων
1002 3582 1058 3635 δὲ
1104 3580 1396 3651 δισμυρίων
1425 3586 1532 3650 ,εο-’.
1583 3580 1669 3643 Ὧς

106 3677 266 3733 εἶναι
315 3678 374 3731 τὸ
420 3678 557 3747 ὑπὲρ
603 3676 694 3729 τὸν
746 3673 992 3745 ὁρίζοντα
1047 3673 1373 3743 περίμετρον
1422 3673 1520 3743 τῆς
1568 3672 1670 3742 γῆς

106 3768 427 3845 ἑξηκοστῶν
467 3768 563 3839 μὲν
604 3768 914 3839 τριάκοντα,
956 3764 1181 3819 σταδίων
1217 3764 1275 3817 δὲ
1306 3765 1577 3835 μυριάδων
1607 3762 1670 3833 ιβ’

104 3864 214 3917 καὶ
237 3879 317 3933 ος.
359 3858 658 3914 Καλοῦνται
681 3859 738 3911 δὲ
765 3859 813 3910 οἱ
840 3857 937 3928 μὲν
971 3856 1063 3909 ἐπὶ
1086 3854 1179 3907 τοῦ
1210 3854 1370 3907 αὐτοῦ
1413 3857 1673 3924 ἡμισφαι-

108 3956 241 4028 ρίου
265 3952 460 4023 βόρειοι
478 3969 539 4005 τε
560 3950 654 4005 καὶ
676 3949 837 4003 νότιοι
862 3947 1233 4009 κατοικοῦντες
1264 3945 1576 4016 αὐτόχθονες
1595 3946 1668 3977 “-

107 4048 162 4100 oi.
190 4046 240 4098 δ’
266 4046 350 4114 ἐφ’
381 4043 613 4114 ἑκάτερα
644 4040 749 4096 τῶν
784 4039 1150 4112 ἡμισφαιρίων
1184 4037 1323 4109 ὑπὲρ
1356 4037 1456 4107 γῆς
1484 4054 1542 4089 τε
1582 4037 1675 4088 καὶ

108 4138 229 4192 ὑπὸ
258 4137 384 4207 γῆν,
419 4129 715 4198 ἀντίποδες.

1772 3398 1867 3455 Est
1887 3407 2065 3453 autem
2095 3400 2388 3453 stadiorum
2420 3399 2610 3453 55600.
2645 3399 2919 3462 lliemalis,
2941 3408 3128 3453 contra
3151 3413 3315 3467 quam
3403 3444 3407 3449 .

1772 3491 1957 3545 aestiva
2004 3489 2264 3559 majorem
2315 3489 2416 3543 sub
2470 3489 2749 3544 horizonte
2800 3491 3096 3556 portionem
3148 3490 3315 3543 relin-

1772 3597 1982 3651 quens;
2034 3581 2646 3650 babitatatemperata,
2696 3582 2949 3635 attributa
2994 3578 3226 3643 Veneri;
3260 3579 3318 3632 in

1774 3674 2105 3744 sexagesima
2128 3676 2366 3744 quinque
2384 3672 2575 3727 diﬁ'usa
2597 3693 2608 3727 :
2634 3689 2757 3743 qua:
2778 3682 2904 3726 sunt
2930 3671 3102 3727 stadia
3121 3669 3315 3723 21000.

1776 3766 2047 3820 Australis
2076 3780 2182 3819 non
2220 3780 2486 3835 apparens
2515 3764 2737 3817 omnino
2774 3764 3159 3828 inhabitabilis,
3212 3762 3316 3816 fri-

1778 3870 1906 3925 gore
1944 3855 2151 3923 rigens;
2206 3854 2456 3908 Mercurii
2503 3852 2813 3923 peculiaris,
2861 3854 3193 3923 sexagesima
3226 3871 3323 3910 sex

1779 3944 2028 3999 obtinens
2062 3962 2073 3997 :
2111 3958 2230 4013 qua:
2282 3943 2457 3998 stadia
2485 3944 2688 3997 faciunt
2712 3942 2905 3997 25200.
2956 3941 3031 3997 lta
3066 3943 3323 3999 dimidius

1782 4051 1947 4105 supra
1982 4035 2316 4091 horizontem
2356 4036 2591 4091 ambitus
2629 4044 2785 4091 terra:
2825 4035 3078 4103 scrupula
3120 4035 3325 4103 colligit

1782 4128 2025 4198 triginta,
2054 4127 2229 4203 stadia
2264 4127 2487 4181 126000.
2521 4127 2691 4181 Porro
2719 4127 2811 4196 qui
2844 4127 2897 4178 in
2932 4125 3119 4179 eodem
3153 4124 3325 4179 berni—

108 4232 364 4303 sphaerio
407 4230 535 4284 hinc
585 4229 654 4283 ad
708 4226 1123 4298 septentriones,
1177 4223 1303 4279 inde
1358 4222 1425 4275 ad
1464 4222 1740 4275 meridiem
1791 4208 2055 4292 habitant,
2109 4222 2495 4278 anticbthones
2544 4226 2841 4286 vocantur;
2895 4218 2986 4285 qui
3038 4224 3218 4272 autem
3271 4217 3328 4271 in

108 4327 359 4386 diversis
378 4322 775 4396 hemisphaeriis,
796 4338 957 4393 supra
974 4320 1220 4390 infraque
1234 4327 1455 4382 terram,
1474 4317 1758 4403 antipodes

152 4447 308 4517 Περί
331 4445 539 4501 τῶνὲν
568 4442 695 4509 ταῖς
726 4444 1032 4513 εὐκράτως
1060 4439 1263 4505 ζώναις
1302 4440 1641 4492 οἰκούντων.

188 4562 264 4613 λ’.
295 4558 415 4612 Τῶν
446 4557 504 4610 δὲ
530 4557 589 4608 ὲν
612 4556 733 4617 ταῖς
763 4553 913 4606 δυσὶν
938 4552 1220 4623 εὑκράτοις
1250 4549 1443 4615 ζώναις
1473 4549 1680 4603 οἰκούν-

111 4672 255 4718 των,
282 4652 368 4706 ἵνα
394 4649 719 4718 σαφέστερον
750 4645 1030 4715 διέλωμεν,
1068 4646 1117 4698 οἰ
1146 4644 1244 4714 μέν
1270 4644 1374 4696 εἰσι
1402 4644 1686 4713 περίοικοι,

113 4747 168 4799 οἰ
201 4743 267 4796 δὲ
301 4742 554 4804 ἄντοικοι,
583 4740 631 4792 οἱ
660 4737 715 4789 δὲ
744 4735 1065 4804 ἁντίχθονες,
1093 4736 1219 4807 οἰ-δὲ
1244 4734 1522 4796 ἀντίποδες
1544 4750 1556 4762 ·
1594 4750 1689 4784 πε-

72 4856 75 4859 '
116 4838 328 4910 ρίοικοι
358 4833 480 4903 μὲν.
513 4834 626 4886 ὅσοι
646 4830 741 4900 τὴν
778 4827 944 4899 αὐτὴν
971 4828 1180 4896 οἴκησιν
1203 4827 1466 4880 οἰκοῦσινο
1503 4824 1611 4878 οἷον
1640 4825 1689 4877 οἰ

114 4931 228 5000 τὴν
271 4926 478 4997 βόρειον
509 4923 782 4985 οἰκοῦντες
820 4918 1085 4991 περίοικοι
1112 4920 1249 4971 εἰσιν
1280 4918 1555 4987 ἀλλήλοις·
1597 4915 1691 4970 καὶ

93 5017 297 5072 ’πάλιν
322 5016 369 5067 οἰ
405 5014 503 5083 τὴν
534 5014 705 5068 νότιον
736 5008 999 5081 περίοικοι
1033 5010 1168 5060 εἰσιν
1202 5005 1478 5076 ἀλλήλοις·
1520 5005 1692 5059 ἄντοι-

119 5128 215 5165 κοι
239 5106 303 5161 δὲ
326 5105 376 5158 οἱ
404 5103 499 5175 τὴν
521 5104 692 5155 νότιον
715 5100 986 5163 οἰκοῦντες
1006 5100 1117 5161 τοῖς
1134 5098 1228 5167 τὴν
1259 5096 1463 5167 βόρειον
1485 5094 1691 5147 οἰκοῦσι

120 5199 339 5267 ζώνην,
362 5195 473 5247 Καὶ
514 5192 900 5261 ἀντοικουμένη
940 5189 1086 5242 ἐστὶν
1113 5190 1145 5259 ή
1189 5185 1393 5256 βόρειος
1422 5186 1487 5253 τῇ
1516 5184 1691 5251 νοτίῳ,

125 5291 229 5345 καὶ
271 5290 308 5359 ἠ
334 5286 507 5347 νότιος
538 5285 603 5353 τῇ
638 5281 832 5352 βορείῳ
852 5299 865 5311 ’
897 5279 1203 5350 ἀντίχθονες
1243 5276 1300 5327 δὲ
1322 5276 1370 5327 οἰ
1412 5272 1549 5359 κατὰ
1585 5272 1697 5325 διὰ-

127 5357 353 5453 μέετρον¹
372 5377 430 5429 ὲν
456 5375 575 5436 ταῖς
595 5372 807 5442 ὁμοίαις
835 5369 1029 5433 ζώναις
1056 5365 1327 5453 οἰκοῦντες
1346 5379 1361 5393 ⁸
1394 5357 1501 5415 οἷον
1544 5363 1603 5415 ὲν
1629 5364 1695 5431 τῇ

127 5450 339 5543 βορείῳ
361 5471 418 5521 ὲν
444 5466 525 5536 τῷ
563 5464 697 5537 ὑπὲρ
724 5462 829 5532 γῆς
861 5450 1224 5531 ἡμισφαιρίῳ·
1267 5455 1466 5527 ὁμοίως
1512 5454 1569 5506 δὲ
1606 5454 1698 5506 καὶ

122 5564 187 5615 ὲν
219 5558 309 5628 τῷ
339 5556 521 5627 νοτίῳ.
549 5554 845 5617 Ἀντίποδες
865 5554 919 5605 δὲ
949 5555 995 5605 oi
1025 5552 1163 5605 κατὰ
1188 5550 1470 5619 διάμετρον
1490 5547 1547 5597 ὲν
1577 5545 1695 5605 ταῖς

125 5647 409 5709 ἐναντίαις
437 5645 631 5710 ζώναις
662 5644 931 5708 οἰκοῦντες
951 5659 963 5673 ·
1001 5640 1110 5697 οἷον
1135 5642 1240 5696 τῶν
1279 5639 1413 5710 πρὸς
1439 5635 1517 5706 τῷ
1547 5637 1695 5706 Καρ-

124 5743 275 5813 κίνῳ
308 5733 601 5791 οἰκούντων
634 5723 908 5807 ἀντίποδές
936 5736 1071 5789 εἰσιν
1109 5736 1157 5788 οἰ
1188 5732 1323 5804 πρὸς
1364 5729 1439 5800 τῷ
1464 5726 1689 5797 Αἰγοκέ-

204 5926 257 5963 ¹⁵
284 5923 418 5996 Ley.
446 5920 765 5992 ἀντίχθονες.

1988 4433 2067 4489 De
2096 4434 2177 4487 his
2204 4434 2294 4503 qui
2340 4404 2653 4501 temperatus
2691 4445 2849 4484 zonas
2879 4427 3134 4485 incolunt.

1852 4531 1938 4585 50.
1967 4530 2069 4596 Qui
2101 4530 2155 4584 in
2184 4527 2491 4597 temperatis
2518 4526 2728 4581 duabus
2761 4523 3020 4585 habitant,
3042 4521 3255 4586 horum,
3274 4528 3334 4573 ut

1721 4648 1762 4702 ο
1794 4622 2109 4678 distinctius
2141 4620 2498 4691 explicemus,
2533 4618 2623 4671 alii
2667 4615 2887 4693 periteci
2916 4618 3209 4674 vocantur;
3241 4610 3333 4663 alii

1797 4714 2037 4781 antaaci;
2076 4713 2166 4767 alii
2202 4711 2618 4775 anticbthones;
2656 4708 2744 4762 alii
2774 4704 3073 4774 antipodes.
3104 4702 3337 4757 Perimci

1795 4815 1923 4861 sunt
1954 4806 2047 4878 qui
2073 4806 2319 4863 eamdem
2356 4802 2743 4860 habitationem
2770 4796 3043 4851 incolunt.
3091 4793 3335 4867 Exempli

1791 4919 1978 4969 causa,
2001 4904 2094 4974 qui
2128 4902 2396 4957 borealem
2433 4912 2621 4953 zonam
2653 4903 2938 4963 occupant,
2959 4891 3180 4961 periteci
3212 4895 3343 4943 sunt

1792 4994 2045 5051 invicem.
2081 4991 2291 5050 Antmci
2323 4997 2451 5046 sunt
2478 5003 2627 5043 zonae
2658 4986 2910 5042 australis
2936 4985 3124 5039 incolae
3151 4982 3330 5034 borea-

1794 5085 1937 5140 libus
1981 5104 1995 5139 :
2058 5092 2245 5152 estque
2284 5079 2509 5133 australi
2553 5077 2797 5147 opposita
2852 5073 3084 5129 borealis
3123 5069 3337 5123 habita-

1794 5177 1909 5242 tio,
1945 5184 1999 5231 et
2046 5148 2302 5227 australis
2346 5170 2581 5227 boreali.
2629 5169 2738 5239 90
2786 5164 3177 5220 Antichthones
3216 5168 3343 5214 sunt
3430 5148 3440 5154 ’

1798 5269 1891 5337 qui
1920 5282 1988 5321 ex
2018 5266 2287 5319 diametro
2312 5263 2583 5319 similibus
2620 5262 2674 5314 in
2715 5259 2865 5312 zonis
2902 5256 3167 5317 habitant,
3195 5252 3344 5307 velut

1799 5360 1891 5429 qui
1935 5359 1990 5410 in
2031 5342 2234 5409 boreali
2274 5353 2570 5423 superioris
2616 5348 2980 5418 hemisphaerii
3022 5345 3243 5414 degunt,
3289 5350 3345 5395 et

1800 5450 1896 5520 qui
1945 5450 1999 5503 in
2057 5446 2307 5501 australi.
2362 5443 2656 5512 Antipodes
2690 5448 2817 5495 sunt
2855 5440 2947 5508 qui
2976 5439 3031 5491 in
3070 5434 3220 5489 zonis
3247 5446 3346 5502 op-

1807 5538 2000 5611 positis
2029 5552 2093 5591 ex
2149 5537 2415 5590 diametro
2457 5533 2545 5588 siti
2576 5538 2723 5586 sunt.
2786 5530 2862 5583 ita
2896 5528 2985 5598 qui
3015 5526 3127 5579 sub
3156 5520 3347 5589 Capri-

1801 5648 1974 5687 corno
2012 5638 2300 5684 versanlur
2320 5641 2505 5681 eorum
2536 5631 2663 5677 sunt
2691 5620 2991 5694 antipodes.
3017 5616 3111 5686 qui
3137 5612 3343 5666 Cancrc

1804 5720 2102 5793 subjaéeiit.
2146 5720 2309 5793 Igitur
2336 5715 2557 5789 ρετίωεί
2590 5724 2775 5770 noctes
2803 5726 2863 5765 ac
2893 5709 3029 5772 dies,
3059 5711 3112 5759 et
3136 5706 3335 5767 annua:
