4008 6328
672 421 774 477 985

1670 428 1762 484 an
1792 428 2059 489 EUSEBII
2080 383 2474 488 annomcon
2505 431 2860 488 APPENDIX.
3784 430 3871 486 ast

673 544 1025 608 tempestates
1059 539 1260 596 habent
1289 541 1529 598 easdem.
1561 543 1774 598 Antaei
1802 546 2216 601 eamdem-invi-

2331 567 2479 620 ρωτι.
2501 552 2563 602 Οἱ
2607 551 2703 619 μὲν
2741 545 2832 602 οῦν
2878 546 3140 618 περίοικοι
3183 545 3279 617 τὴν
3321 545 3496 617 αὐτὴν
3535 544 3759 615 ἔχουσιν
3797 545 3870 598 ἀεὶ

561 631 569 638 ’
667 642 789 683 cem
820 639 1032 686 noctem
1072 631 1294 699 habent,
1330 642 1384 688 et
1409 633 1552 688 diem
1587 654 1598 687 :
1634 636 1728 690 sed
1775 636 1990 692 diversa
2032 639 2217 693 solsti-

671 719 766 776 tia.
795 719 930 774 Nam
969 722 1050 776 sol
1087 721 1143 776 in
1172 722 1382 779 Cancro
1409 725 1620 794 positus
1657 733 1718 780 ut
1755 735 1996 782 astatem
2035 729 2216 792 nobis,

671 811 762 882 qui
795 812 862 867 ad
903 814 1300 883 septentriones
1339 816 1683 883 accedimus;
1727 818 1807 872 sic
1858 820 1985 885 illis,
2024 821 2117 890 qui
2151 821 2217 875 ad

670 909 915 958 austrum
947 911 1204 974 vergunt,
1253 904 1406 959 affert
1444 908 1698 963 hiemem.
1754 907 2005 963 Vicissim
2037 923 2216 965 autem

670 993 737 1051 ad
765 991 1155 1063 Capricornum
1177 993 1387 1050 delatus
1416 996 1574 1051 nobis
1604 996 1834 1052 hiemem
1863 1002 2218 1068 septentrioni

673 1083 1188 1154 pr0pinquioribus;
1217 1089 1282 1141 ad
1314 1094 1562 1142 austrum
1596 1105 1724 1144 vero
1756 1091 1947 1160 positis
1977 1101 2219 1146 astatem

670 1174 851 1228 elﬁcit.
890 1174 1123 1242 Rursus,
1165 1192 1288 1232 cum
1330 1178 1440 1232 sint
1473 1179 1800 1249 aquinoctia
1842 1182 1972 1247 duo,
2001 1181 2222 1252 quando

670 1267 750 1320 sol
784 1266 1019 1322 Arietem
1055 1269 1247 1341 attigit,
1271 1269 1584 1326 borealibus
1609 1271 1770 1327 nobis
1798 1286 2025 1326 vernum
2048 1272 2225 1344 aquis

668 1358 912 1412 noctium
942 1359 1091 1425 facit,
1128 1364 1353 1418 antacis
1390 1365 1718 1418 autumnale.
1755 1363 1812 1417 In
1841 1362 2004 1416 Libra
2032 1372 2222 1418 contra

668 1449 824 1502 nobis
869 1451 1211 1516 autumnale,
1268 1454 1499 1507 antacis
1558 1467 1783 1507 vernum
1835 1439 2220 1520 aequinoctium

637 1539 826 1608 parit.
862 1537 988 1596 Post
1029 1542 1435 1612 aquinoctium,
1472 1541 1618 1612 quod
1651 1541 1708 1596 fit
1750 1541 1908 1595 nobis
1947 1541 2001 1594 in
2040 1542 2224 1594 Ariete

666 1643 916 1695 vernum,
953 1631 1036 1686 sol
1078 1633 1399 1698 ascendens,
1441 1632 1496 1685 in
1530 1633 1741 1686 Cancro
1800 1631 1958 1686 nobis
1983 1638 2224 1686 astalem

665 1720 848 1784 eﬂicit,
881 1731 1149 1794 augetque
1187 1725 1397 1782 dierum
1449 1725 1666 1794 spatia;
1695 1731 1960 1778 nocturna
2005 1730 2222 1778 contra-

651 1810 766 1866 .bit.
799 1812 881 1867 Ab
924 1814 1227 1867 autumnali
1254 1814 1578 1882 aquinoctio
1619 1812 1794 1867 Libra
1824 1815 1891 1868 ad
1935 1813 2224 1884 Capricor-

666 1918 797 1958 num
873 1903 1154 1966 delabcns,
1193 1903 1334 1973 apud
1385 1917 1484 1958 nos
1525 1901 1642 1958 dies
1694 1903 1984 1966 imminuit,
2036 1911 2225 1958 noctes
2255 1885 2294 1939 Β

605 1999 607 2001 ’
667 1994 954 2067 producit;
981 1993 1207 2048 hiemem
1231 1993 1494 2059 alIerens;
1523 1993 1664 2063 apud
1695 1993 1816 2048 illos
1850 2001 1908 2047 ut
1934 2003 2090 2063 auget
2119 1994 2228 2048 die-

667 2101 791 2140 rum
846 2085 1148 2150 intervalla,
1199 2085 1280 2139 sic
1337 2084 1402 2140 de
1444 2085 1731 2140 nocturnis
1765 2086 2020 2150 detrahit,
2060 2094 2223 2140 asta-

667 2184 884 2246 temque
928 2177 1121 2232 reddit.
1172 2177 1344 2247 Atque
1393 2185 1450 2231 ut
1492 2193 1598 2231 uno
1623 2179 1790 2232 verbo
1828 2177 2024 2242 dicam,
2066 2177 2224 2246 quid-

667 2266 801 2338 quid
834 2265 1043 2320 Cancer
1085 2267 1244 2321 nobis
1301 2265 1492 2330 ellicit,
1547 2266 1649 2320 hoc
1682 2267 1790 2320 illis
1821 2265 2222 2335 Capricornus;

668 2355 889 2428 etquod
912 2356 1069 2410 nobis
1093 2355 1484 2425 Capricornus,
1521 2355 1620 2409 hoc
1659 2356 1767 2409 illis
1808 2354 2018 2408 Cancer
2043 2371 2056 2420 ;
2082 2354 2226 2423 quod

669 2448 828 2503 nobis
858 2447 1034 2508 Aries.
1081 2447 1184 2502 hoc
1225 2448 1330 2502 illis
1364 2447 1527 2501 Libra
1559 2457 1648 2503 :et
1674 2463 1704 2501 e
1729 2449 2021 2502 contrario.
2073 2447 2228 2500 Anti-

671 2536 998 2592 chthonibus
1025 2536 1295 2591 alternant
1322 2546 1508 2593 noctes
1539 2546 1592 2592 et
1621 2537 1754 2593 dies.
1781 2537 1912 2591 Nam
1935 2538 2228 2608 superiori-

669 2624 774 2678 bus
804 2638 993 2680 eorum
1033 2635 1154 2679 ortu
1203 2639 1304 2680 suo
1332 2625 1475 2679 diem
1517 2625 1595 2681 sol
1627 2626 1864 2681 infundit
1895 2647 1907 2680 :
1940 2627 2228 2683 inferiori-

671 2717 774 2773 bus
799 2725 1032 2773 noctem.
1064 2718 1277 2774 Rursus
1313 2719 1469 2773 nobis
1493 2720 1574 2779 sol
1602 2729 1802 2773 occasu
1831 2734 1932 2773 suo
1967 2727 2180 2774 noctem
2208 2737 2223 2785 ;

672 2810 775 2864 sub
801 2817 946 2865 terra
975 2809 1232 2873 conditis,
1263 2809 1407 2863 diem
1437 2807 1664 2863 oriendo
1695 2809 1954 2863 restituit.
1982 2808 2225 2863 Solstitia

671 2907 854 2955 tamen
881 2905 934 2952 et
965 2899 1292 2969 aquinoctia
1333 2897 1624 2966 utrobique
1659 2907 1786 2953 sunt
1819 2899 2005 2952 eadem
2035 2899 2228 2953 borea-

673 2989 814 3042 libus
861 2987 1004 3042 infra
1053 3003 1321 3058 supraque
1359 2989 1570 3058 positis.
1635 2987 1915 3055 Ejusmodi
1957 2995 2082 3043 sunt
2112 3003 2228 3041 -an-

670 3079 1002 3133 tichthones.
1033 3077 1332 3147 Antipodes
1369 3079 1647 3131 contraria
1667 3086 1721 3132 et
1758 3078 2009 3148 opposita
2044 3075 2226 3130 vident

669 3168 872 3224 omnia.
914 3167 1046 3223 Nam
1085 3177 1138 3224 et
1175 3184 1298 3224 cum
1339 3169 1456 3224 dies
1491 3178 1575 3224 est
1612 3169 1787 3234 nobis,
1828 3183 1936 3222 nox
1978 3169 2086 3224 illis
2121 3179 2222 3234 cst;

671 3276 724 3322 et
772 3281 896 3321 cum
953 3266 1095 3336 apud
1135 3265 1256 3320 illos
1305 3274 1470 3320 astas
1508 3273 1611 3328 est,
1677 3264 1735 3318 in
1765 3263 1898 3317 orbe
1933 3271 2120 3318 nostro
2168 3263 2226 3317 ﬁt

671 3359 868 3412 hiems.
897 3355 980 3412 Ad
1015 3372 1280 3412 summam
1307 3371 1431 3410 cum
1471 3355 1726 3411 australis
1752 3369 1901 3414 zona
1943 3355 2225 3409 contraria
2257 3430 2264 3435 ι

672 3449 868 3504 incolis
908 3449 1079 3503 hiems
1119 3455 1213 3501 aut
1245 3447 1361 3501 dies
1400 3446 1620 3510 accidit,
1658 3454 1789 3499 tunc
1816 3447 1882 3500 iis
1906 3446 1996 3515 qui
2036 3446 2227 3501 borea-

672 3541 778 3595 lem
833 3541 1105 3602 incolunt,
1141 3547 1304 3595 astas
1355 3547 1410 3594 et
1461 3553 1573 3592 nox
1611 3537 1942 3608 supervenit.
2000 3536 2078 3590 ita
2115 3545 2224 3591 tam

671 3637 861 3685 noctes
899 3636 952 3684 et
988 3630 1142 3695 dies,
1183 3643 1345 3700 quam
1393 3629 1658 3694 solstitia,
1698 3627 2025 3698 aquinoctia
2070 3627 2225 3682 habi-

671 3723 1013 3792 tationesque
1049 3737 1080 3777 e
1115 3721 1388 3776 contrario
1425 3721 1623 3776 antaci
1662 3721 1928 3776 obtinent.

2319 639 2502 704 νύκτα,
2527 641 2618 693 καί
2637 639 2864 711 ἡμέραν,
2882 638 2976 692 καὶ
2999 637 3096 700 τὰς
3123 637 3368 706 ἐτησίους
3397 636 3582 707 ὥρας’
3613 637 3666 688 οἰ
3693 636 3749 688 δὲ
3765 636 3868 689 ἀνν-
3979 636 3982 658 ί

2326 745 2468 782 οικοι
2505 729 2602 800 τὴν
2653 729 2749 799 μὲν
2787 727 2952 798 αὐτὴν
3000 725 3210 797 ἔχουσιν
3245 725 3494 795 ἀλλήλοις
3542 726 3766 796 ἡμέραν
3794 727 3868 777 καὶ

2325 821 2513 890 νύκτα,
2550 823 2609 874 ού
2643 820 2740 881 τὰς
2786 817 2953 879 αὐτὰς
2979 817 3036 871 δέ
3079 818 3301 888 τροπάς.
3350 818 3439 870 Ἐν
3477 818 3753 887 Καρκίνῳ
3778 818 3869 885 γὰρ

2321 913 2612 982 γενόμενος
2637 913 2664 963 ὁ
2687 911 2835 980 ἥλιος
2864 910 2992 978 ἡμῖν
3019 909 3116 979 μὲν
3149 908 3324 979 θέρος,
3359 908 3730 980 βορειοτέροις
3748 905 3864 967 οὖσι,

2321 1006 2484 1066 ποιεῖ,
2503 1004 2616 1064 τοῖς
2641 1001 2697 1052 δέ
2715 999 3065 1070 νοτιωτέροις,
3081 999 3338 1068 χειμῶνα.
3361 999 3530 1052 Ὅταν
3555 999 3622 1052 δὲ
3647 1002 3708 1052 ἐν
3733 1001 3866 1065 Αἰγο-

2325 1092 2523 1161 κέρωτι
2551 1090 2794 1161 γένηται,
2817 1091 2944 1159 ἡμῖν
2972 1092 3067 1159 μὲν
3095 1088 3333 1159 χειμῶνα
3355 1089 3726 1160 βορειοτέροις
3749 1087 3863 1146 οὖσι.

2320 1188 2429 1248 τοῖς
2462 1184 2519 1236 δὲ
2547 1185 2645 1254 τὴν
2687 1183 2858 1236 νότιον
2902 1184 3106 1235 οἰκοῦσι
3151 1181 3324 1253 ζώνην
3371 1183 3529 1255 θέρος
3557 1187 3734 1238 ποιεῖ.
3777 1184 3866 1235 Καὶ

2323 1274 2484 1328 πάλιν
2509 1275 2615 1328 τῶν
2650 1273 2946 1346 ἰσημεριῶν
2974 1273 3064 1326 δύο
3091 1273 3283 1337 οὐσῶν,
3321 1275 3378 1326 ἐν
3419 1275 3517 1343 μὲν
3546 1275 3596 1326 Κ
3608 1273 3712 1344 ριῷ
3740 1274 3868 1344 ἥλιος

2322 1367 2608 1436 γενόμενος
2638 1368 2766 1436 ἡμῖν
2808 1353 2907 1435 μὲν
2940 1365 3180 1436 ἐαρινὴν,
3212 1368 3325 1428 τοῖς
3360 1366 3458 1435 τὴν
3500 1365 3747 1436 βόρειον,
3774 1367 3866 1428 τοῖς

2321 1459 2378 1511 δὲ
2423 1457 2688 1520 ἀντοίκοις
2733 1455 3101 1527 μετοπωρινὴν
3144 1456 3430 1528 ἰσημερίαν
3463 1460 3630 1508 ποιεῖ.
3659 1457 3794 1509 Ἐὰν
3820 1456 3866 1508 δὲ

2323 1551 2381 1601 ἐν
2406 1547 2611 1619 Χηλαῖς
2638 1548 2892 1616 γένηται,
2926 1549 3056 1618 ἡμῖν
3099 1546 3195 1616 μὲν
3244 1547 3652 1618 μετοπωρινὴν,
3681 1551 3790 1610 τοῖς
3819 1547 3867 1600 ἀὲ

2322 1639 2588 1701 ἀντοίκοις
2624 1639 2840 1708 ἐαρινὴν
2882 1637 3169 1708 ἰσημερίαν
3200 1639 3360 1690 ποιεῖ.
3396 1638 3528 1690 Ἀπὸ
3561 1638 3621 1690 δὲ
3661 1639 3760 1708 τῆς
3786 1637 3863 1690 τοῦ

2327 1728 2500 1798 Κριοῦ
2527 1729 2811 1799 ἰσημερίας
2831 1728 2928 1798 τῆς
2967 1730 3093 1799 παρ’
3122 1729 3249 1799 ἡμῖν
3274 1729 3492 1800 ἐαρινῆς
3514 1730 3542 1780 ό
3570 1729 3727 1798 ἥλιος
3757 1730 3867 1780 ἀναν

2323 1819 2520 1874 ϐαίνων
2546 1822 2605 1873 ἐν
2644 1821 2900 1891 Καρκίνῳ
2923 1820 3092 1894 ,θέρος
3123 1821 3220 1889 μὲν
3249 1823 3376 1890 ἡμῖν
3410 1824 3572 1884 ποιεῖ,
3605 1824 3704 1874 καὶ
3735 1818 3865 1882 αὔξει

2323 1909 2420 1972 τὰς
2449 1909 2677 1980 ἡμέρας,
2715 1910 2813 1972 τὰς
2843 1909 2899 1962 δέ
2925 1908 3120 1971 νύκτας
3149 1909 3402 1971 ἐλάττους
3423 1913 3564 1962 ποιεί
3587 1911 3633 1940 ³⁸
3656 1927 3669 1938 ·
3700 1909 3866 1962 ἀπὸδὲ

2323 1998 2419 2068 τῆς
2445 2000 2500 2051 ἐν
2530 1998 2733 2068 Χηλαῖς
2770 1999 3054 2068 ἰσημερίας
3083 1998 3174 2050 ἐπὶ
3210 1998 3298 2050 τὸν
3324 1999 3676 2070 Δίγοκέρωτα
3715 2014 3865 2051 κατα-

2325 2089 2538 2153 ϐαίνων,
2573 2091 2700 2158 παρ’
2743 2089 2872 2158 ἡμῖν
2928 2088 3025 2157 μὲν
3065 2090 3204 2158 μειοί
3241 2089 3338 2152 τὰς
3366 2090 3610 2159 ἡμέρας,
3649 2090 3740 2141 καὶ
3783 2089 3867 2149 τὰς

2325 2180 2520 2244 νύκτας
2547 2181 2717 2246 αῦξει,
2739 2181 2981 2252 χειμῶνα
3006 2181 3445 2252 ἀπεργαζόμενος
3463 2199 3476 2214 ·
3506 2183 3635 2253 παρ’
3658 2183 3866 2241 ἐκείνοις

2323 2272 2379 2324 δὲ
2405 2271 2555 2338 αὔξει
2592 2272 2689 2340 τὴν
2729 2272 2964 2342 ἡμέραν,
2999 2272 3092 2324 καὶ
3137 2271 3235 2342 τὴν
3265 2272 3434 2325 νύκτα
3474 2276 3614 2342 μοιεί
3635 2275 3697 2332 ⁸⁸,
3727 2272 3865 2341 θέρος

2325 2363 2510 2418 ποιῶν.
2544 2364 2786 2418 Καθόλου
2835 2364 2893 2416 δὲ
2925 2365 3097 2417 εἰπεῖν
3118 2405 3132 2427 ,
3162 2364 3190 2416 ὃ
3226 2365 3357 2434 ἡμῖν
3398 2367 3543 2416 ποιεί
3591 2363 3862 2434 Καρκῖνος,

2305 2452 2467 2506 ι-τοῦτ’
2517 2453 2741 2516 ἐκείνοις
2781 2453 3118 2523 Αἰγόκερως·
3183 2452 3211 2506 ὃ
3249 2453 3294 2504 δ’
3340 2455 3470 2522 ἡμῖν
3531 2453 3862 2521 Δίγόκερως.

2324 2543 2466 2596 τοῦτ’
2487 2544 2712 2606 ἐκείνοις
2728 2544 3031 2613 Καρκίνος·
3068 2543 3098 2595 ὃ
3119 2542 3162 2595 δ’
3191 2545 3324 2614 ἡμῖν
3353 2544 3542 2614 Κριὸς,
3572 2543 3710 2596 τοῦτ’
3735 2544 3863 2595 ἐκεί-

2327 2649 2436 2694 νοις
2470 2631 2646 2702 Χηλαί
2667 2647 2680 2662 ⁸
2717 2631 2895 2685 καὶτὸ
2933 2631 3218 2685 ἀνάπαλιν.
3251 2633 3314 2685 Oi
3361 2632 3418 2685 δὲ
3445 2633 3748 2701 ἀντίχθονες
3779 2632 3864 2694 τὰς

2326 2717 2524 2786 νύκῖεας
2557 2722 2652 2774 καὶ
2676 2722 2773 2784 τὰς
2795 2723 3006 2793 ἡμέρας
3041 2721 3498 2792 παρηλλαγμένας
3528 2723 3723 2791 ἔχουσι.
3755 2723 3865 2782 Τοῖς

2325 2813 2432 2884 γάρ
2459 2813 2596 2882 ὑπὲρ
2623 2813 2727 2880 γῆς
2761 2811 3064 2881 ἀντίχθοσιν
3110 2811 3413 2864 ἀνατέλλων
3441 2813 3468 2864 ὁ
3499 2812 3647 2881 ἥλιος
3674 2812 3863 2881 ἡμέραν

2328 2906 2490 2968 ποιεῖ,
2520 2906 2630 2964 τοῖς
2654 2902 2710 2954 δὲ
2749 2902 2853 2953 ὑπὸ
2885 2902 2988 2971 γῆν
3019 2901 3207 2956 νύκτα.
3237 2902 3350 2958 Καὶ
3385 2901 3546 2954 πάλιν
3588 2897 3714 2972 παρ’
3745 2903 3862 2970 ἡμῖν

2324 2992 2494 3067 δύλνων
2522 2993 2550 3043 ὁ
2573 2991 2720 3067 ἡλιος
2758 2990 2924 3044 νύκτα
2955 2994 3127 3044 ποιεῖ’
3159 2989 3306 3062 παρὰ
3337 2991 3394 3044 δέ
3428 2994 3542 3055 τοῖς
3573 2992 3720 3045 κάτω
3751 2993 3864 3052 ἀλέα-

2325 3083 2495 3135 τέλλει
2535 3083 2743 3154 ἡμέραν
2775 3083 2962 3137 ποιῶν.
3001 3082 3215 3155 Τροπάς
3245 3082 3424 3154 μέντοι
3455 3084 3552 3136 καὶ
3600 3082 3862 3153 ἰσημερίας

2326 3173 2422 3237 τὰς
2456 3173 2625 3237 αὑτὰς
2648 3173 2858 3243 ἔχουσιν
2880 3175 2927 3226 οἱ
2961 3173 3070 3226 ἄνω
3102 3172 3296 3244 βόρειοι
3319 3175 3432 3236 τοῖς
3451 3173 3600 3226 κάτω
3621 3173 3828 3243 βορείοις
3845 3184 3858 3198 ·

2332 3265 2604 3319 τουτέστιν
2635 3267 2682 3318 οἰ
2712 3264 3038 3334 ἁντίχθονες.
3059 3265 3123 3316 Oi
3147 3264 3203 3317 δὲ
3232 3263 3513 3326 ἀντίποδες
3542 3265 3714 3317 πάντα
3731 3265 3862 3315 ἐναν-

2331 3358 2422 3410 τία
2461 3356 2554 3409 καὶ
2589 3355 2869 3425 μαχόμενα
2907 3354 3152 3424 ἔχουσινο
3187 3355 3274 3408 ὅτε
3311 3355 3409 3425 μὲν
3437 3354 3546 3425 γὰρ
3579 3354 3710 3424 πρὸς
3735 3355 3860 3422 ἡμᾶς

2329 3445 2425 3509 νύξ
2446 3448 2580 3509 ἐστι,
2614 3446 2742 3514 παρ’
2765 3445 2991 3507 ἐκείνοις
3020 3444 3201 3516 ἡμέρα
3221 3459 3236 3476 ⁸
3273 3448 3366 3498 καὶ
3395 3443 3485 3497 ὅτε
3511 3444 3636 3512 παρ’
3660 3442 3858 3502 ἐκείνοις

2331 3539 2506 3610 θέρος,
2538 3539 2594 3590 ἐν
2619 3539 2685 3608 τῇ
2722 3537 2841 3602 καθ’
2871 3539 3016 3609 ἡμᾶς
3043 3538 3333 3610 οἰκουμένῃ
3363 3535 3588 3608 χειμών.
3607 3537 3713 3588 Καὶ
3743 3532 3856 3586 καθ-

2325 3630 2444 3682 όλου
2477 3631 2565 3684 ὅτε
2608 3629 2665 3682 ἐν
2689 3631 2801 3692 τοῖς
2823 3631 2978 3700 νοτίῳ
3015 3628 3157 3701 ζώνῃ
3183 3628 3491 3684 ἀντοικοῦσι
3527 3625 3722 3699 χειμών
3742 3627 3852 3676 οέστι

2229 3785 2240 3797 ⁸
2330 3725 2424 3776 καὶ
2470 3723 2682 3794 ἡμέρα,
2733 3723 2854 3776 τότε
2886 3725 2997 3786 τοῖς
3041 3723 3101 3775 ἐν
3144 3722 3444 3800 τῇίβορείῳ
3483 3720 3682 3775 οἰκοῦσι
3723 3717 3856 3787 θέρος

671 3817 786 3867 ἐστί
810 3816 904 3868 καὶ
931 3813 1047 3879 νύξ.
1080 3815 1241 3868 Ὥστε
1278 3816 1371 3868 καί.
1416 3814 1615 3879 νύκτας
1652 3815 1731 3882 δέ,
1770 3816 1864 3870 καί⁸
1911 3816 2140 3889 ἡμέρας,
2199 3809 2292 3872 καί
2335 3819 2571 3890 τροπὰς,
2621 3819 2711 3871 καὶ
2756 3817 3072 3889 ἰσημερίας,
3117 3817 3211 3870 καὶ
3263 3819 3504 3888 οἰκήσεις
3549 3814 3776 3876 ἐναντίας
3813 3812 3852 3863 σί

672 3911 908 3963 ἄντοικοι
929 3911 1162 3980 ἔχουσιν.

670 4022 747 4085 De
774 4022 1080 4096 umbrarum
1114 4023 1432 4094 differentia,
1467 4041 1584 4096 qua:
1619 4027 1674 4079 in
1698 4026 2106 4081 habitationibus
2135 4043 2228 4082 va-

793 4095 890 4148 riis
930 4094 1186 4163 incidunt,
1219 4105 1269 4151 et
1308 4094 1622 4182 quibusnam
1651 4096 1839 4166 degant
1868 4097 1924 4150 in
1955 4098 2103 4151 locis.

739 4209 830 4266 3i.
869 4208 928 4262 1n
966 4210 1359 4266 habitationum
1392 4211 1704 4267 discrimine
1733 4210 1950 4281 quidam
1977 4209 2232 4265 dicuntur

671 4300 830 4364 ascii,
864 4301 955 4355 alii
977 4301 1304 4372 brachyscii,
1325 4303 1416 4357 alii
1444 4302 1753 4366 macroscii,
1780 4301 1999 4373 quidam
2026 4301 2234 4357 hetero-

671 4390 794 4454 scii,
827 4391 919 4444 alii
957 4392 1193 4456 antiscii,
1225 4392 1314 4446 alii
1343 4393 1646 4462 amphiscii.
1721 4393 1869 4449 Ascii
1902 4403 2050 4461 sunt,
2083 4409 2226 4465 quo-

2334 4025 2470 4095 Περί
2506 4021 2790 4095 διαφορᾶς
2824 4020 2941 4095 τῶν
2969 4022 3037 4075 ἐν
3065 4021 3192 4095 ταῖς
3218 4019 3494 4095 οἰκήσεᾳι
3538 4019 3734 4085 σκιῶν,
3767 4021 3849 4073 καί

2635 4093 2783 4160 κατὰ
2809 4094 3016 4158 ποίους
3040 4092 3261 4158 τόπους
3291 4091 3579 4145 οἰκοῦσιν.

2399 4207 2497 4262 λα’.
2532 4205 2652 4259 Τῶν
2680 4205 2736 4260 δέ
2768 4205 2826 4259 ἐν
2858 4205 2978 4268 ταῖς
3004 4204 3279 4275 οἰκήσεσιν
3303 4205 3352 4255 οἰ
3381 4201 3482 4274 μέν
3509 4204 3641 4256 εἰσιν
3672 4203 3843 4263 ᾶσκιοι,

2331 4299 2378 4350 οἰ
2399 4297 2456 4348 δὲ
2485 4295 2822 4368 βραχύσκιοι,
2851 4295 2978 4349 οἱδέ
3015 4294 3358 4368 μακρόσκιοι,
3382 4296 3438 4347 οἰν
3466 4275 3523 4347 de
3557 4295 3846 4365 ἐτερόσκιοι·

2329 4391 2376 4441 οἰ
2429 4388 2487 4441 δὲ
2517 4389 2790 4441 αὐτόσκιοι
2821 4388 2886 4452 ³⁷,
2923 4389 2972 4440 οἰ
3007 4386 3064 4440 δὲ
3094 4387 3398 4458 ἀμφίσκιοι.
3447 4388 3652 4440 Ἀσκιοι
3696 4387 3778 4456 μὲν
3805 4386 3846 4436 οἱ

668 4497 791 4536 rum
815 4481 1072 4537 verticem
1105 4482 1186 4537 sol
1224 4483 1449 4538 incubat
1475 4484 1609 4538 hora
1648 4486 1753 4540 diei
1783 4494 1958 4540 sexta.
1985 4484 2055 4540 Ut
2083 4486 2226 4540 enim

2334 4480 2475 4534 κατά
2503 4479 2747 4550 κορυφὴν
2785 4478 2903 4550 ὥρᾳ
2942 4478 3074 4550 ἕκτῃ
3106 4479 3199 4531 τὸν
3239 4478 3388 4550 ἥλιον
3416 4479 3642 4546 ἔχοντες.
3669 4477 3847 4545 Ὠσπερ

669 4575 717 4630 si
747 4574 871 4645 quis
901 4588 1188 4629 accensum
1212 4581 1417 4633 torrem
1443 4581 1650 4628 rectum
1681 4583 1906 4642 statuat,
1932 4576 2051 4644 ejus
2071 4576 2223 4630 nulla

668 4665 926 4721 reddetur
947 4666 1168 4732 umbra;
1196 4665 1275 4720 sic
1296 4664 1501 4719 nullam
1527 4663 1726 4720 habent
1748 4664 1809 4730 ii,
1836 4681 2068 4736 quorum
2101 4681 2226 4723 ver-

669 4757 759 4811 tici
782 4757 1021 4812 medium
1049 4759 1246 4812 calum
1289 4767 1476 4812 tenens
1509 4757 1588 4812 sol
1617 4757 1883 4813 imminet.
1917 4756 2075 4814 Tales
2099 4767 2226 4814 sunt

667 4850 762 4920 qui
793 4846 897 4906 sub
939 4849 1307 4919 aquinoctiali
1339 4849 1680 4922 degunt,‘qui
1721 4852 1836 4907 sole
1865 4851 2105 4906 Arietem
2140 4853 2227 4907 vel

667 4940 889 5001 Libram
910 4942 1191 4998 obtinente
1210 4942 1378 4997 solem
1413 4959 1578 5013 supra
1616 4937 1781 5015 caput
1808 4944 2098 5014 aspiciunt.
2126 4943 2227 4998 Fe-

665 5041 794 5088 runt
839 5032 982 5104 apud
1021 5031 1235 5106 Syenen
1275 5042 1328 5088 et
1365 5034 1760 5105 Elephantinen
1814 5035 2064 5089 umbram
2104 5049 2226 5090 esse

666 5124 870 5180 nullam
898 5125 1028 5179 hora
1066 5126 1170 5181 diei
1195 5134 1370 5190 sexta,
1402 5141 1526 5180 cum
1557 5129 1612 5181 in
1644 5127 1856 5182 Cancro
1886 5127 1968 5182 sol
2000 5126 2222 5181 residet.

667 5213 1001 5286 Brachyscii,
1049 5215 1105 5270 id
1153 5224 1239 5272 est
1275 5235 1292 5267 ι
1331 5217 1514 5272 brevis
1552 5218 1775 5283 umbra,
1817 5239 1850 5272 »ν
1873 5228 2002 5275 sunt
2039 5234 2069 5273 a
2103 5220 2226 5288 qui-

666 5305 772 5361 bus
801 5320 992 5375 parum
1023 5308 1104 5361 sol
1136 5306 1340 5374 distat;
1395 5309 1708 5377 macroscii,
1753 5329 1773 5361 ι
1812 5312 2074 5382 longioris
2108 5327 2226 5365 um—

665 5392 798 5459 bra,
839 5413 859 5448 ι
894 5403 1025 5450 sunt
1050 5396 1144 5465 qui
1181 5411 1210 5449 a
1238 5397 1350 5452 sole
1387 5397 1600 5470 longius
1640 5399 1874 5466 distant;
1913 5401 2221 5464 heteroscii,

667 5486 718 5541 id
747 5497 831 5544 est
873 5508 893 5542 ι
921 5503 1040 5544 uno.
1064 5489 1232 5545 latere
1255 5492 1501 5546 umbram
1529 5492 1813 5561 jacientes,
1848 5511 1865 5542 ›
1895 5494 2094 5560 iisunt,
2129 5492 2222 5562 qui

666 5576 721 5635 in
756 5590 942 5637 nostro
980 5581 1112 5638 orbe
1141 5592 1444 5638 versantur.
1509 5583 1644 5637 Nam
1684 5582 1750 5636 ad
1808 5583 2035 5637 alterum
2078 5583 2220 5636 latus

746 5760 788 5793 ¹⁸
809 5761 960 5818 Deest
991 5764 1233 5835 opposita
1269 5777 1396 5833 pars
1428 5763 1726 5820 divisionis.
1813 5765 1850 5795 ¹⁶
1883 5761 2002 5834 Leg.
2041 5767 2202 5838 μειοῖ.

2330 4571 2460 4643 γὰρ,
2487 4572 2540 4623 εἰ
2563 4588 2647 4634 τις
2678 4570 2832 4624 δαλὸν
2874 4569 3084 4639 ἀνάψας
3106 4569 3262 4642 ὀρθὸν
3299 4571 3536 4636 στήσειε,
3575 4570 3742 4623 τούτου
3762 4568 3847 4620 οὐκ

2329 4663 2396 4726 ἂν
2420 4663 2628 4731 γένοιτο
2657 4663 2784 4717 σκιά
2800 4678 2813 4690 °
2847 4661 3017 4726 οὕτως
3041 4662 3160 4716 οὑδέ
3177 4662 3285 4717 τῶν
3306 4661 3444 4734 ὑπὲρ
3472 4661 3701 4734 κορυφῆς
3720 4658 3845 4729 ἑχόν-

2329 4772 2438 4808 των
2469 4755 2560 4810 τὸν
2611 4755 2762 4824 ἥλιον
2815 4753 3247 4826 μεσουρανοῦντα
3285 4751 3498 4823 γένοιτο
3539 4752 3622 4808 ἄν.
3657 4751 3762 4806 Εἰσὶ
3796 4747 3846 4801 δὲ

2330 4839 2472 4900 οῧτοι
2515 4844 2679 4905 οἰ’τὸν
2707 4847 3015 4919 ἰσημερινὸν
3034 4843 3306 4908 οἰκοῦντες
3325 4860 3340 4874 '
3363 4838 3527 4911 οὗτοι,
3559 4844 3698 4916 ἡλίου
3722 4855 3848 4909 γενο-

2339 4939 2521 5011 μένου.
2548 4942 2605 4993 ἐν
2637 4939 2794 5011 Κριῷ
2841 4939 2875 5010 ἢ
2924 4941 2982 4991 ἐν
3021 4937 3254 5009 Χηλαίς,
3283 4938 3403 4992 τότε
3452 4937 3594 4992 κατά
3639 4930 3846 5006 κορυφῆς

2334 5029 2514 5101 έχουσι
2533 5031 2624 5084 τὸν
2655 5031 2823 5102 ἥλιον.
2852 5029 2988 5083 Φασί
3009 5027 3066 5082 δὲ
3099 5029 3156 5083 ἐν
3193 5029 3371 5101 Συήνῃ
3410 5029 3505 5084 καὶ
3542 5021 3842 5096 Ἐλεφαντίνΐι

2333 5123 2553 5187 ἀσκίους
2597 5121 2870 5192 γίνεσθαι,
2910 5122 2998 5175 ὅτε
3043 5119 3072 5174 ό
3097 5119 3250 5191 ἥλιος
3288 5120 3500 5191 γίνεται
3538 5122 3594 5173 ἐν
3626 5113 3843 5186 Καρκίνῳ

2331 5215 2458 5285 περὶ
2492 5213 2640 5286 ῶραν
2671 5215 2856 5284 ἐκτην.
2887 5209 3215 5284 Βραχύσκιοι
3237 5211 3374 5285 δέιοί
3401 5211 3493 5265 τὸν
3526 5209 3670 5281 ἥλιον
3703 5205 3843 5272 ὀλίγον

2333 5306 2618 5375 ἀφεστῶτα
2661 5305 2906 5376 ἔχοντες·
2951 5303 3272 5377 μακρόσκιοι
3312 5302 3371 5356 δὲ
3419 5304 3469 5356 οἰ
3507 5301 3690 5375 πόρρω
3717 5295 3843 5354 αὐτὸν

2332 5397 2572 5468 ἔχοντες·
2624 5398 2922 5469 ἐτερόσκιοι
2970 5394 3027 5450 δὲ
3073 5397 3124 5450 οἰ
3172 5395 3232 5450 ἐν
3281 5393 3454 5466 ταύτῃ
3481 5397 3549 5468 τῇ
3598 5389 3846 5462 οἰκουμένῃ

2331 5491 2620 5554 οἰκοῦντες,
2664 5489 2854 5560 ἐπειδὴ
2881 5490 2972 5543 ἐπὶ
3007 5489 3068 5543 τὸ
3086 5488 3271 5560 ἕτερον
3307 5476 3474 5558 μέρος
3511 5489 3539 5560 ἡ
3569 5487 3693 5542 σκιὰ
3720 5480 3845 5556 ἡμῶν

2331 5582 2618 5652 τρέπεται·
2651 5581 2793 5650 λέγω
2819 5580 2875 5635 δέ
2908 5583 2964 5636 ἐν
3001 5581 3146 5652 δεξιᾷ
3175 5580 3267 5634 ἐπὶ
3303 5578 3364 5633 τὸ
3399 5578 3628 5651 βόρειον.
3659 5573 3849 5650 Ὀμδίὺς

2283 5764 2323 5794 ”
2356 5761 2476 5817 Cor.
2510 5763 2789 5817 ἀντίσκιοι.
