4008 6328
129 513 227 570 985

840 513 1157 570 ACHILLIS
1193 515 1377 571 TATll
1406 516 1698 573 iSAGOGE
1734 520 1824 574 AD
1855 521 2061 575 ARATI
2099 520 2559 579 PILENOMENA.

3198 528 3301 586 986

125 620 182 675 δὲ
209 623 294 676 καὶ
320 622 370 676 οί
408 625 639 678 ἄντοικοι
669 624 965 696 ὲτερόσκιοί
1001 629 1138 681 εἰσιν
1157 642 1170 656 '
1201 628 1385 699 ἐπειδὴ
1419 631 1512 682 καὶ
1535 614 1665 684 ’τού-

1771 635 1953 689 umbra
1984 643 2172 690 nostra
2215 633 2535 703 projicitur:
2573 634 2819 690 videlicet
2841 636 3086 691 dextrum
3122 645 3176 691 et
3210 638 3301 693 bo.

127 711 290 781 τωνή
328 714 456 764 σκιά
498 712 589 764 ἐπὶ
626 713 687 765 τὸ
727 714 1012 785 ἀριστερὸν
1049 716 1213 787 μέρος
1251 719 1314 771 τὸ
1353 717 1662 794 νοτιώτερον

126 801 392 872 τρέπεται.
425 801 706 856 Ἀντίσκιοι
746 803 803 856 δὲ
849 807 897 859 οί
941 807 996 859 ὲν
1028 806 1105 876 τῷ
1144 807 1335 880 βορείῳ
1371 809 1445 841 ³⁸⁸
1477 811 1660 883 ἐπειδὴ

126 890 359 955 ἐναντίας
386 890 482 954 τὰς
508 891 663 956 σκιὰς
689 891 897 963 ἔχουσιν
917 912 930 925 ·
954 898 1001 948 οἱ
1021 898 1133 967 ’μὲν
1160 899 1240 961 εἰς
1258 900 1322 953 τά
1348 900 1495 965 δεξιά
1522 903 1659 973 μέρη

126 980 314 1046 αὐτῶν,
354 984 400 1035 οἱ
435 981 491 1035 δὲ
523 983 602 1047 είς
651 983 720 1036 τὰ
760 986 1044 1057 ἀριστερὰ,
1076 988 1161 1041 διὰ
1212 988 1274 1042 τὸ
1323 992 1485 1060 μέσον
1525 989 1663 1047 εἶναι

126 1069 296 1123 αὐτῶν
322 1071 413 1124 τὸν
439 1072 606 1143 ἥλιον.
640 1073 945 1143 Ἀμφίσκιοι
973 1076 1029 1130 δὲ
1074 1077 1309 1145 γίνονται
1348 1080 1397 1132 oi
1441 1082 1538 1151 μὲν
1572 1084 1662 1136 τὸν

130 1160 426 1232 ίσημερινὸν
458 1162 652 1217 κύκλον
680 1164 970 1229 οἰκοῦντες.
994 1168 1055 1219 Οἱ
1083 1168 1139 1221 δὲ
1172 1168 1323 1223 αὐτοὶ
1346 1171 1438 1223 καὶ
1463 1171 1659 1226 ἄσκιοι.

127 1248 248 1301 Ὅτε
278 1250 371 1319 μὲν
395 1251 509 1321 γὰρ.
529 1252 666 1323 ὑπὲρ
697 1254 937 1325 κορυφῆς
965 1255 1140 1309 αὐτῶν
1163 1259 1308 1311 ἐστιν
1347 1261 1375 1312 ὀ
1400 1260 1565 1329 ἥλιος,
1590 1261 1664 1324 ὡς

125 1338 357 1409 εἴπομεν,
389 1332 566 1395 ἄσκιοί
609 1345 771 1396 εἰσιν·
813 1332 899 1398 ὅτε
926 1345 983 1398 δὲ
1027 1347 1317 1414 ἀφίσταται
1346 1349 1521 1404 αὐτῶν
1559 1351 1665 1404 ἀπὸ

125 1428 286 1499 Κριοῦ
314 1432 390 1493 είς
410 1431 614 1502 Ταῦρον
642 1434 734 1486 καὶ
750 1433 816 1487 τὰ
838 1434 963 1503 ἑξῆς
985 1434 1168 1500 ζώδια,
1184 1437 1283 1507 τὴν
1312 1439 1477 1508 αὐτὴν
1506 1440 1664 1494 σκιὰν

104 1513 325 1585 ,ἔχουσιν
349 1518 441 1571 ἐπὶ
472 1520 540 1572 τὰ
570 1519 819 1591 εὐώνυμα
845 1522 1015 1592 μέρηο
1047 1524 1132 1575 ὅτε
1159 1524 1346 1578 δὲάπὸ
1382 1528 1665 1598 ἰσημερίας

120 1606 219 1677 τῆς
242 1609 296 1660 ἐν
322 1608 524 1680 Χηλαίς
563 1612 590 1663 ὁ
624 1610 772 1681 ἥλιος
798 1613 1017 1683 γένηται
1060 1615 1118 1666 ὲν
1154 1616 1407 1687 Σκορπίῳ
1439 1619 1528 1670 καὶ
1555 1622 1665 1682 τοῖς

116 1688 247 1761 ἑξῆς
288 1693 511 1761 ζωδίοις,
543 1696 661 1749 τότε
692 1698 725 1766 ὴ
771 1696 897 1749 σκιὰ
926 1697 1103 1750 αὐτῶν
1133 1700 1225 1752 ἐπὶ
1256 1700 1324 1752 τὰ
1351 1701 1495 1764 δεξιά
1526 1703 1663 1773 μέρη

115 1783 472 1854 ἐκπέμπεται.
513 1786 668 1839 Ὥστε
712 1786 1183 1856 συμϐαίνεινοτοὺς
1222 1789 1345 1858 τῇδε
1387 1792 1664 1855 οἰκοῦντας

116 1876 248 1928 ποτὲ
281 1877 374 1945 μὲν
400 1878 619 1940 ἀσκίους
648 1878 912 1945 γίνεσθαι,
948 1879 1094 1945 ὅταν,
1133 1882 1189 1933 ὲν
1216 1882 1419 1951 Χηλαῖς
1444 1883 1476 1953 ἢ
1510 1884 1663 1954 Κριῷ

1762 739 1935 778 reum.
1974 724 2064 779 Sic
2090 725 2284 778 antmci
2330 724 2614 780 heteroscii
2652 732 2823 791 sunt,
2873 727 3066 797 quippe
3088 727 3297 783 illorum

1763 815 1957 869 umbra
1990 816 2273 869 sinistrum
2295 816 2525 871 adlatus
2547 822 2601 870 et
2628 817 2866 872 australe
2902 817 3162 887 dirigitur.
3191 814 3311 872 An;

1762 906 1903 959 tiscii
1927 906 2233 960 borealibus
2258 918 2382 961 sunt
2414 890 2702 971 australes,
2727 907 2852 977 quia
2890 913 3187 964 contrarias
3208 910 3302 964 ba-

1759 993 1888 1048 bent
1930 995 2192 1060 umbras;
2236 996 2313 1047 illi
2353 996 2611 1050 dextrum
2661 996 2728 1050 ad
2776 997 2938 1062 latus,
2979 999 3033 1052 hi
3065 1000 3127 1053 ad
3169 1001 3303 1055 sini-

1762 1093 1955 1146 strum,
1998 1085 2250 1154 quoniam
2298 1085 2508 1139 medius
2547 1087 2628 1140 sol
2678 1087 2937 1143 ambobus
2990 1083 3303 1159 interjectus

1761 1182 1860 1228 est.
1922 1174 2250 1243 Amphiscii,
2298 1174 2349 1227 id
2392 1181 2495 1240 est,
2554 1175 2623 1228 ad
2666 1184 2956 1247 utrumque
2993 1179 3135 1233 latus
3182 1196 3302 1233 um-

1762 1262 1912 1316 bram
1968 1263 2256 1326 habentes,
2303 1272 2429 1318 sunt
2474 1264 2835 1333 aaquinoctiali
2886 1266 3089 1321 circulo
3118 1266 3303 1334 subje-

1762 1352 1854 1404 cti.
1902 1350 2065 1405 Iidem
2110 1360 2162 1406 et
2203 1354 2365 1413 ascii,
2398 1352 2450 1407 id
2482 1361 2565 1421 est
2608 1353 2807 1407 umbra:
2845 1369 3068 1422 prorsus
3109 1371 3303 1422 exper-

1763 1448 1865 1497 tes.
1923 1441 2056 1495 Nam
2103 1458 2223 1496 cum
2281 1460 2441 1513 supra
2486 1445 2737 1499 verticem
2800 1445 3014 1498 illorum
3070 1447 3149 1499 sol
3188 1456 3300 1508 est,

1764 1532 1916 1594 ﬁunt,
1950 1541 2005 1587 ut
2038 1532 2293 1596 diximus,
2326 1534 2494 1600 ascii;
2519 1550 2638 1588 cum
2663 1534 2811 1587 abiis
2846 1538 3150 1598 recesserit,
3178 1546 3300 1602 puta

1763 1623 1831 1676 ab
1868 1624 2047 1677 Ariete
2081 1624 2149 1678 ad
2179 1623 2415 1678 Taurum
2450 1633 2502 1679 et
2550 1625 2929 1695 consequentia
2962 1625 3131 1694 signa,
3155 1641 3303 1679 eam-

1764 1712 2188 1767 dem'nobiscum
2224 1702 2424 1769 habent
2453 1715 2784 1769 umbramvad
2826 1715 3103 1768 sinistrum
3138 1715 3300 1769 latus.

1766 1800 1868 1856 Sed
1893 1818 2015 1857 cum
2046 1804 2111 1858 ab
2134 1806 2478 1874 aequinoctio,
2530 1806 2672 1875 quod
2725 1805 2779 1859 in
2800 1803 2959 1858 Libra
3014 1804 3090 1867 ﬁt,
3125 1805 3204 1857 sol
3236 1804 3304 1858 ad

1765 1891 2045 1961 Scorpium
2102 1903 2154 1948 et
2190 1897 2294 1949 alia
2332 1897 2481 1973 signa
2516 1897 2799 1967 transitum
2838 1894 2983 1959 facit,
3019 1904 3145 1947 tunc
3174 1896 3304 1948 dex-

111 1967 145 2019 ὁ
179 1965 429 2034 ἦλιοξῶν,
469 1969 607 2021 κατὰ
636 1970 875 2040 κορυφῆς
901 1970 1075 2023 αὐτῶν
1212 1972 1342 2024 ποτὲ
1369 1972 1424 2025 δὲ
1458 1976 1515 2026 ὲν
1538 1975 1660 2045 ἀρι-

1771 1991 2000 2037 Lrorsum
2038 1986 2247 2039 illorum
2300 1968 2487 2040 umbra
2548 1965 2801 2042 mittitur.
2848 1986 2923 2041 Ita
2949 1988 3024 2052 ﬁt,
3066 1997 3119 2039 ut
3162 1987 3304 2040 illius

114 2057 282 2126 στερᾷ
306 2056 442 2127 ἔχειν
472 2058 570 2128 τὴν
610 2058 785 2126 σκιὰν,
813 2061 900 2113 ὅτε
930 2062 986 2113 ὲν
1010 2060 1259 2131 Σκορπίῳ
1287 2062 1379 2115 καὶ
1404 2065 1512 2126 τοῖς
1533 2063 1657 2134 ἑξῆς

1771 2073 1995 2139 regionis
2059 2073 2246 2127 incola:
2279 2074 2546 2129 interdum
2589 2078 2721 2130 ascii
2756 2076 2885 2141 sint,
2915 2092 3035 2130 cum
3065 2077 3114 2129 in
3146 2072 3305 2129 Libra

113 2150 145 2201 ὁ
171 2148 319 2218 ἥλιος
346 2150 569 2218 γίνεται.
605 2150 758 2216 Τινὲς
793 2153 849 2207 δὲ
901 2154 995 2207 καὶ
1032 2155 1344 2233 περισκίους
1377 2157 1495 2219 τοὺς
1533 2158 1660 2228 περὶ

1771 2164 1844 2217 vel
1870 2164 2053 2219 Ariete
2091 2166 2171 2221 sol
2225 2166 2411 2220 vertici
2459 2167 2673 2221 illorum
2721 2167 2965 2222 insidet:
3014 2170 3145 2223 alias
3176 2168 3307 2221 sini-

112 2240 309 2302 αῠτοὺς
335 2240 513 2311 κύκλῳ
544 2240 761 2312 ἔχοντας
786 2244 883 2314 τὴν
914 2243 1072 2297 σκιὰν
1100 2241 1237 2298 εῖναι
1262 2244 1558 2315 βούλονται.

1771 2262 1875 2309 slra
1921 2256 1989 2311 iis
2035 2257 2222 2311 umbra
2270 2257 2359 2310 ﬁat
2397 2257 2612 2327 quando
2647 2258 2725 2312 sol
2762 2256 3045 2328 Scorpium
3085 2266 3137 2312 et
3175 2273 3306 2311 con-

112 2332 391 2401 sequentia
423 2334 573 2402 signa
611 2344 875 2405 peragrat.
939 2336 1077 2390 Sunt
1114 2338 1205 2407 qui
1238 2338 1497 2407 periscios
1545 2340 1668 2396 illos
1706 2362 1823 2402 esse
1862 2350 2065 2414 dicant,
2098 2364 2327 2419 quorum
2368 2349 2422 2403 in
2480 2350 2664 2404 orbem
2702 2350 3123 2420 circumquaque
3188 2364 3306 2402 um-

110 2425 214 2485 bra
250 2427 465 2495 iacitur.

187 2520 401 2591 Πρῶτος
448 2521 505 2573 δὲ
554 2523 892 2594 Παρμενίδης
935 2524 1061 2594 περὶ
1096 2522 1203 2577 τῶν
1230 2523 1413 2587 ζωνῶν
1449 2528 1665 2597 ἐκίνησε

112 2611 292 2678 λόγον.
323 2614 455 2682 Περὶ
485 2612 540 2664 δὲ
576 2615 669 2665 τοῦ
709 2613 940 2684 ἀριθμοῦ
985 2616 1160 2669 αὐτῶν
1204 2616 1370 2685 πολλὴ
1403 2618 1667 2685 διαφωνία

112 2698 228 2764 τοῖς
255 2703 367 2770 μετ’
403 2705 560 2758 αὑτὸν
586 2696 801 2772 γέγονεν
818 2721 831 2733 ⁸
860 2705 907 2756 ot
945 2705 1040 2775 μὲν
1068 2706 1175 2777 γὰρ
1205 2705 1265 2770 ἓξ
1291 2708 1456 2770 αὐτὰς
1483 2704 1632 2761 εἷπον
1651 2727 1663 2740 ·

113 2794 194 2854 ὡς
230 2793 502 2857 Πολύϐιος,
561 2796 652 2849 καὶ
694 2796 1078 2861 Ποσειδώνιος,
1112 2797 1206 2867 τὴν
1239 2798 1667 2869 διακεκαυμένην

113 2887 197 2946 εὶς
227 2884 318 2937 δύο
360 2884 715 2957 διαιροῦντες·
748 2888 795 2937 οἱ
822 2885 877 2937 δὲ
918 2888 1078 2939 πέντε
1114 2885 1411 2957 παρέλαϐον
1432 2905 1443 2917 ’
1480 2887 1664 2957 ὥσπερ

127 2974 514 3046 Ἐρατοσθένης
559 2977 649 3029 καὶ
684 2974 829 3029 ἄλλοι
866 2976 1064 3037 πολλοὶ,
1106 2970 1185 3039 οἷς
1212 2977 1303 3031 καὶ
1333 2978 1486 3047 ἡμεῖς
1536 2994 1663 3029 κατ-

110 3065 577 3137 ηκολουθήσαμεν.
610 3068 743 3136 Περὶ
789 3067 845 3123 δὲ
880 3068 1139 3136 οἰκήσεων
1188 3068 1344 3119 πάλιν
1369 3107 1383 3131 ,
1418 3071 1510 3121 κα¹ι
1563 3068 1667 3120 τῶν

112 3156 482 3219 ἐνοικούντων,
519 3158 610 3209 καὶ
642 3156 949 3225 ὀνομάτων,
992 3157 1181 3224 γέγονε
1213 3158 1380 3228 πολλὴ
1422 3159 1663 3228 ταραχὴ,

109 3248 215 3300 καὶ
244 3248 367 3319 περὶ
394 3248 717 3318 ἀντιχθόνων
736 3288 749 3312 ,
778 3248 870 3302 καὶ
902 3248 1215 3301 ἀντιπόδων.
1467 3253 1469 3257 ‘

404 3362 543 3430 Περὶ
579 3362 914 3431 μεταρσίων
946 3362 1041 3415 καὶ
1084 3361 1395 3430 μετεώρων.

185 3474 289 3543 λβ⁹.
328 3474 577 3545 Διαφέρει
610 3474 910 3545 μεταρσίων
947 3474 1223 3545 μετέωρα·
1319 3473 1384 3528 τὰ
1414 3473 1509 3543 μὲν
1545 3474 1703 3543 μετ-’

110 3566 269 3636 ἐωρα
324 3569 379 3618 ὲν
416 3564 627 3635 οὐρανῷ
675 3565 769 3618 καὶ
816 3565 993 3636 αἰθέρι
1038 3566 1181 3617 ἐστίν
1206 3582 1219 3596 ·
1256 3566 1329 3627 ὼς
1370 3566 1544 3634 ἣλιος,
1583 3566 1673 3619 καὶ

110 3655 188 3707 τὰ
215 3654 396 3718 λοιπὰ,
426 3656 517 3707 καὶ
554 3654 933 3730 οὑρανὸς,ικαὶ
978 3654 1178 3724 αἰθήρ·
1219 3656 1479 3724 μετάρσια
1518 3656 1571 3708 δὲ
1606 3656 1673 3708 τὰ

110 3742 325 3815 μεταξὺ
347 3743 438 3795 τοῦ
469 3742 627 3813 ἀέρος
659 3745 751 3796 καὶ
774 3743 870 3813 τῆς
898 3746 1000 3812 γῆς
1023 3760 1035 3773 ’
1068 3740 1175 3797 οἷον
1211 3745 1417 3815 ἄνεμοι,
1437 3747 1669 3815 νεφέλαι,

103 3833 314 3905 ὄμϐροι
333 3873 348 3896 ,
377 3834 647 3904 ἀστραπαὶ
666 3875 680 3899 ,
715 3834 962 3905 βρονταὶ,
989 3834 1252 3905 κομῆται,
1292 3837 1490 3900 δοκίδες
1516 3877 1530 3902 ,
1563 3855 1673 3890 πω-

102 3925 333 3995 γωνίαι,
364 3924 669 3995 λαμπάδες,
708 3924 890 3996 ἴριδες,
914 3925 1115 3990 ἆλωες,
1143 3926 1459 3996 διᾴττοντες,
1492 3927 1671 3997 ρυμοὶ,

106 4019 343 4090 ρύακες.
376 4018 602 4071 Λεκτέον
639 4018 696 4071 δὲ
720 4019 846 4089 περὶ
887 4017 1188 4089 μεταρσίων
1209 4035 1222 4048 ·
1256 4019 1381 4087 περὶ
1419 4017 1526 4088 γὰρ
1559 4034 1675 4087 μετ-

101 4110 307 4181 εώρων
349 4111 685 4183 προείρηται.
734 4110 952 4181 Πρῶτον
992 4111 1049 4165 δὲ
1092 4110 1217 4167 περὶ
1259 4110 1470 4174 ἀνέμων
1515 4110 1675 4162 εἴπω⁹

108 4218 247 4276 μεν.

102 4310 261 4380 Περὶ
299 4309 550 4381 ἀνέμων,
596 4312 694 4364 καὶ
733 4311 820 4365 ὅτι
856 4312 1116 4381 διαφέρει
1156 4308 1308 4379 αὖρα
1356 4313 1676 4381 ἀναθυμιά-

818 4397 987 4447 σεως.

189 4491 292 4561 λγ’.
342 4492 757 4563 Ἀναξίμανδρος
798 4493 973 4547 τοίνυν
1004 4494 1156 4565 ῥύσιν
1181 4495 1337 4565 ἀέρος
1366 4494 1454 4547 τὸν
1484 4492 1676 4564 ἄνεμον

103 4582 241 4641 εῐπε
262 4603 275 4615 ·
313 4586 458 4648 τινὲς
496 4586 553 4639 δὲ
590 4586 944 4655 ἀναθυμίασιν
975 4587 1151 4657 ἀέρος.
1188 4587 1368 4640 ’Ἄλλοι
1400 4586 1456 4639 δὲ
1491 4586 1674 4654 διαφέ-

105 4692 238 4748 ρειν
264 4675 462 4745 ἄνεμον
492 4676 737 4743 λέγουσιν
762 4673 932 4743 αῦρας
954 4692 967 4704 ⁸
1003 4677 1200 4744 ἄνεμον
1226 4677 1333 4745 γὰρ
1366 4670 1500 4729 εἶναι
1526 4674 1676 4744 ῥύσιν

102 4765 279 4836 ἀέρος
302 4780 316 4797 ·
342 4764 516 4833 αῦραν
548 4764 605 4821 δὲ
643 4763 999 4834 ἀναθυμίασιν
1025 4765 1147 4834 γῆς.
1185 4766 1292 4818 Καὶ
1329 4767 1452 4827 τοὺς
1484 4766 1580 4835 μὲν
1614 4765 1676 4817 ἐκ

101 4856 297 4925 νεφῶν
322 4856 568 4923 λέγουσιν
601 4852 735 4909 εἶναι
768 4855 1017 4925 ἀνέμους,
1055 4856 1148 4907 καὶ
1167 4854 1441 4907 καλεῖσθαι
1481 4874 1498 4904 ι
1523 4858 1674 4907 ἐκνε-

99 4948 247 5019 φίας
270 4964 283 4977 ·
316 4967 336 5000 ι
364 4948 495 5010 τοὺς
512 4948 567 5000 δὲ
591 4947 697 5006 ἀπὸ
724 4947 826 5017 γῆς
854 4947 1182 5018 φερομένους
1207 4945 1491 5013 ἁπογείους
1509 4962 1521 4973 ·
1550 4945 1675 5009 τοὺς

96 5040 163 5095 δὲ
198 5039 316 5094 ἀπὸ
347 5038 605 5109 ποταμῶν
638 5040 883 5111 ὲνυδρίας
907 5055 923 5074 ·
950 5038 1071 5102 τοὺς
1101 5038 1156 5091 δὲ
1184 5038 1289 5091 ἀπὸ
1313 5037 1525 5090 κόλπων
1554 5038 1675 5090 κολ-

99 5134 249 5196 nia;
272 5149 303 5212 χ
324 5129 432 5185 ἀπὸ
458 5129 513 5183 δὲ
544 5130 682 5202 ὀρῶν
715 5130 886 5202 ὁρίας,
909 5130 942 5202 ἢ
966 5131 1240 5201 ὀρεστίας·
1270 5130 1362 5183 καὶ
1392 5128 1499 5197 γὰρ
1528 5129 1676 5200 παρά

116 5229 179 5281 ’Δ
191 5226 494 5298 ριστοτέλει
525 5227 583 5279 ἐν
607 5224 686 5296 τῷ
718 5225 856 5293 Περὶ
896 5224 1147 5294 ἀνέμων,
1186 5224 1278 5277 καὶ
1311 5222 1459 5293 παρά
1480 5222 1679 5275 Καλλι-

104 5320 308 5389 nam.
337 5317 508 5381 οὕτως
559 5315 925 5387 ὀνομάζονται.
976 5316 1135 5368 Ὥστε
1185 5315 1278 5368 καὶ
1333 5312 1438 5365 ἀπὸ
1499 5313 1679 5367 τόπων

96 5408 284 5462 τινῶν
329 5408 460 5478 φασί
501 5425 646 5472 τινας
696 5406 975 5475 λέγεσθαιο
1016 5402 1125 5459 οἷον
1182 5403 1412 5458 Καικίαν
1443 5404 1532 5457 τὸν
1574 5404 1681 5457 ἀπὸ

102 5501 295 5563 Κάῖος
322 5502 364 5534 ¹⁹
403 5501 646 5572 ποταμοῦ
683 5500 912 5554 πνέοντα
936 5512 952 5527 ’
986 5500 1080 5553 καὶ
1121 5499 1394 5569 Σκείρωνα
1435 5496 1527 5550 τὸν
1573 5496 1682 5549 ἀπὸ

101 5590 494 5664 Σκειρωνίδων
519 5592 748 5666 πετρῶν.
784 5590 937 5654 Τινὲς
957 5590 1014 5642 δὲ
1042 5589 1149 5643 ἀπὸ
1180 5590 1351 5659 ὁρμῆς
1374 5587 1680 5657 ὠνομάσθη-

104 5699 237 5747 σαν,
261 5681 340 5745 ὼς
374 5681 612 5753 σφοδρῶς
647 5682 856 5754 ῥέοντες
877 5698 889 5712 ·
920 5679 1013 5734 καὶ
1038 5680 1085 5731 οἱ
1112 5678 1247 5748 μετά
1275 5673 1487 5746 παλμοῦ
1514 5692 1674 5740 τινος,

186 5860 237 5894 ⁸⁸
271 5860 669 5929 Deestah'qut'd,
702 5872 824 5916 nuta
856 5864 964 5923 τοῖς
994 5861 1047 5912 ὲν
1074 5875 1148 5927 τῳ
1172 5856 1348 5923 νοτίῳ.

1836 2528 2050 2581 Primus
2084 2528 2149 2581 de
2182 2528 2335 2582 zonis
2362 2526 2710 2583 Parmenides
2732 2527 2926 2582 dicere
2953 2529 3201 2583 instituit.
3232 2530 3308 2585 De

1766 2632 1991 2683 quarum
2023 2632 2246 2669 numero
2272 2631 2461 2685 magna
2496 2617 2760 2670 dissensio
2784 2624 2884 2671 cst.
2924 2617 3057 2670 Nam
3087 2620 3174 2673 alii
3215 2637 3308 2675 sex

1769 2717 2073 2769 numerant,
2136 2717 2192 2759 ut
2240 2706 2492 2777 Polybius
2529 2714 2581 2760 et
2632 2705 2978 2772 Posidonius,
3016 2702 3121 2777 qui
3152 2714 3311 2765 torri-

1766 2799 1886 2851 dam
1920 2799 1971 2851 in
2001 2798 2136 2850 duas
2158 2796 2442 2862 dividunt;
2472 2797 2710 2866 quinque
2742 2799 2946 2852 malunt
2974 2801 3088 2865 alii,
3122 2818 3152 2857 e
3181 2805 3304 2872 qui-
3348 2796 3351 2797 ⁷

1769 2890 1868 2943 bus
1898 2897 1979 2943 est
2001 2888 2401 2951 Eratosthenes,
2426 2897 2476 2941 et
2507 2904 2605 2941 nos
2634 2888 2821 2942 iisdem
2860 2891 3302 2961 subscripsimus.

1770 2979 1857 3033 Sic
1887 2980 1951 3033 de
1984 2978 2429 3039 habitationibus.
2465 2989 2515 3033 et
2550 2993 2733 3033 earum
2772 2980 2983 3044 incolis,
3013 2998 3307 3053 eorumque

1770 3068 2079 3121 nominibus
2118 3068 2261 3121 haud
2306 3068 2439 3121 levis
2477 3066 2757 3122 conﬂictus
2796 3077 2899 3130 est,
2943 3078 2997 3122 ut
3033 3072 3175 3124 etde
3213 3088 3308 3126 an-

1769 3156 2135 3211 tichthonibus
2161 3165 2213 3210 et
2250 3158 2610 3227 antipodibus.
2710 3142 2713 3147 ί

1808 3359 1911 3428 91
1952 3358 2027 3411 De
2072 3360 2135 3411 iis
2169 3374 2281 3427 qua:
2321 3357 2585 3427 μετάρσια
2625 3367 2673 3411 et
2723 3359 2969 3429 μετέωρα
3009 3359 3273 3413 dicuntur.

1842 3472 1931 3527 ⁸52.
1967 3472 2225 3526 Diil‘erunt
2255 3488 2286 3525 a
2314 3474 2564 3526 metcoris
2594 3488 2712 3540 quae
2740 3474 2999 3541 μετάρσια
3028 3472 3309 3525 nominan-

1774 3574 1859 3616 tnr
1892 3585 1903 3617 :
1940 3580 2061 3617 nam
2100 3572 2333 3624 meteora
2368 3563 2421 3615 in
2454 3564 2590 3617 caelo
2622 3570 2748 3616 sunt
2792 3570 2844 3615 et
2892 3563 3089 3615 :ethcre
3120 3581 3131 3614 :
3170 3563 3313 3615 velut

1772 3658 1872 3719 sol,
1899 3664 1951 3710 et
1986 3656 2037 3709 id
2067 3670 2232 3725 genus
2264 3662 2473 3718 cetera,
2507 3655 2699 3708 cmlum
2722 3692 2736 3716 ,
2786 3652 2982 3717 aether;
3018 3654 3267 3706 metarsia
3296 3692 3310 3716 ,

1772 3764 1891 3818 qme
1916 3763 2091 3801 aerem
2125 3747 2264 3799 inter
2288 3752 2340 3799 et
2379 3754 2573 3799 terram
2600 3744 2888 3801 accidunt:
2925 3750 2982 3795 ut
3014 3744 3177 3803 venti,
3212 3759 3313 3795 nu-

1773 3841 1887 3901 bes,
1918 3838 2139 3899 imbres,
2174 3836 2385 3905 fulgura
2408 3873 2422 3899 ,
2455 3835 2691 3887 tonitrua
2717 3873 2731 3898 ,
2785 3841 3005 3887 cometa:
3027 3870 3041 3897 ,
3094 3831 3273 3886 trabes
3296 3871 3310 3895 ,

1773 3930 2009 3984 barbatae
2040 3928 2225 3991 stellae,
2257 3926 2424 3988 faces,
2459 3925 2653 3991 irides,
2700 3939 2835 3979 areae
2860 3962 2876 3988 ,
2922 3924 3314 3978 transvolantes

1776 4022 1967 4085 stellae,
2011 4028 2289 4083 temones,
2347 4018 2624 4089 proﬂuvia.
2676 4015 2750 4071 De
2782 4016 2848 4071 iis
2880 4031 2999 4086 quae
3053 4014 3315 4085 μετάρσια

1775 4119 2075 4172 vocantur;
2112 4109 2373 4179 agendum
2427 4106 2582 4159 nobis
2612 4113 2715 4158 est.
2766 4102 2898 4155 Nam
2946 4101 3012 4156 de
3062 4100 3314 4155 meteoris

1772 4203 1881 4271 jam
1915 4200 2164 4253 diximus.
2197 4198 2274 4251 Ac
2300 4196 2447 4265 prius
2474 4194 2539 4257 de
2567 4192 2761 4247 ventis.

1782 4311 1854 4364 De
1894 4311 2089 4375 ventis,
2130 4309 2287 4379 deque
2325 4322 2466 4359 aura:
2500 4313 2549 4358 et
2600 4303 2947 4357 exhalationis
2995 4302 3310 4356 discrimine.

1854 4486 2369 4546 53.'Anaximander
2394 4488 2643 4543 ﬂuentem
2677 4500 2856 4539 aerem
2886 4482 3018 4536 dixit
3038 4496 3158 4536 esse
3186 4495 3314 4534 ven-

1786 4590 1935 4646 tum;
1973 4581 2061 4633 alii
2090 4580 2477 4633 exhalationem
2511 4574 2668 4628 aeris.
2714 4573 2817 4625 Alii
2845 4579 3058 4624 ventum
3089 4571 3157 4623 ab
3183 4584 3314 4623 aura

1786 4672 2099 4740 discrepare
2122 4670 2339 4722 volunt:
2370 4668 2564 4735 quippe
2590 4670 2803 4717 ventum
2839 4661 2990 4713 aiunt
3012 4674 3129 4714 esse
3153 4658 3316 4713 fluen-

1786 4766 1886 4810 tem
1939 4771 2150 4821 aerem;
2197 4768 2380 4807 auram
2434 4767 2561 4806 vero
2597 4751 2864 4804 terrenam
2892 4748 3307 4803 exhalationem.

1786 4848 2079 4903 Ventorum
2114 4861 2271 4917 porro
2300 4844 2433 4898 alios
2460 4859 2491 4897 e
2518 4841 2752 4895 nubibus
2790 4840 3003 4909 prodire
3030 4845 3236 4905 putant,
3262 4849 3317 4895 et

1778 4942 1962 4994 vocari
1999 4960 2015 4990 ι
2051 4937 2365 5006 ecnephias;
2407 4953 2425 4985 ι
2462 4932 2595 4988 alios
2630 4948 2659 4987 e
2695 4939 2839 4987 terra
2884 4931 3143 4987 excitatos
3179 4931 3313 4982 dim.

1779 5031 1993 5098 γείουςε
2030 5028 2118 5097 qui
2156 5043 2185 5080 e
2240 5024 2548 5079 ﬂumin’bus
2579 5024 2859 5086 oriuntur,
2894 5020 3186 5091 aquatiles,
3221 5021 3315 5090 qui

1779 5138 1807 5175 a
1841 5119 2123 5175 maritimis
2166 5116 2467 5178 sinibus,

1781 5214 2060 5285 ὀρεστίας;
2095 5205 2362 5279 quomodo
2401 5207 2468 5262 ab
2497 5193 2777 5261 Aristotele
2806 5201 3027 5256 inlibro
3061 5202 3137 5255 De
3182 5217 3316 5255 ven-

1782 5310 1867 5373 tis,
1904 5315 1952 5360 ει
1986 5301 2314 5357 Callimacho
2340 5301 2699 5355 nominantur.
2761 5295 2849 5351 Sic
2877 5311 2907 5350 a
2936 5294 3068 5349 locis
3098 5294 3319 5363 quidam

1781 5413 1973 5454 nomen
2006 5396 2277 5465 accipiunt
2303 5412 2317 5448 :
2352 5403 2409 5448 ut
2426 5393 2623 5448 Caecias
2653 5406 2682 5443 a
2704 5389 2864 5445 Caico
2879 5386 3039 5441 ﬂuvio
3058 5387 3267 5455 spirans
3296 5402 3312 5449 ;

1780 5503 1833 5547 et
1869 5488 2056 5541 Sciron
2088 5502 2116 5539 a
2150 5485 2439 5540 Scl“"icis
2486 5482 2739 5551 scopulis.
2785 5478 3062 5535 Nonnullis
3098 5477 3165 5531 ab
3216 5476 3311 5528 im-

1780 5588 1901 5651 petu
1967 5594 2157 5632 nomen
2219 5576 2483 5631 inditum:
2540 5580 2599 5627 ut
2652 5573 2742 5643 qui
2806 5566 3173 5625 vehementius
3227 5566 3314 5617 in-

1779 5681 2006 5743 gruant;
2060 5677 2112 5724 et
2157 5669 2248 5739 qui
2284 5667 2511 5737 quadam
2566 5679 2685 5719 cum
2727 5660 3020 5717 vibratione
3068 5670 3129 5711 ac
3188 5654 3319 5714 sub-

1463 5855 1502 5884 ¹⁹
1534 5854 1572 5922 f.
1609 5852 1829 5905 Καΐκου.

2555 5115 2656 5181 ἔας,
2687 5129 2717 5167 a
2751 5112 3017 5166 montibus
3049 5112 3199 5181 ὁρίας
3234 5112 3318 5165 vel
3391 5110 3397 5116 ’
