4094 6328
711 475 812 534 987

1726 469 1812 524 AD
1843 465 2108 522 EUSEBII
2135 464 2522 524 CHRONICON
2561 467 2916 523 APPENDIX.

713 592 856 647 sultu
892 590 1140 646 feruntur
1162 632 1177 654 ,
1226 587 1495 660 procellae.
1527 588 1634 641 Alii
1683 602 1713 642 ε
1745 588 1940 659 specie
1969 588 2226 643 dicuntur
2254 606 2266 641 :

2372 585 2466 638 xci.
2498 585 2812 656 πηδήματος
2848 585 3083 640 θύελλαι.
3119 588 3180 643 Οἱ
3207 589 3266 659 δὲ¹
3294 591 3398 643 ἀπὸ
3433 592 3707 662 σχήματος
3737 549 3911 660 λέγον-

646 698 649 700 ·
712 684 857 738 velut
878 684 969 754 qui
1001 682 1235 752 quadam
1270 679 1535 751 vertigine
1559 679 1872 748 volvuntur,
1903 678 2270 750 appellantur-

711 790 818 845 que
851 773 1116 828 turbines.
1147 771 1279 826 Item
1310 772 1402 842 qui
1450 771 1518 826 ab
1544 771 1652 826 imo
1681 786 1900 826 sursum
1930 771 2265 834 attolluntur,

713 873 1003 935 presteres.
1033 863 1262 934 Scripsit
1285 863 1352 919 de
1377 863 1552 918 ventis
1583 864 1744 917 etiam
1767 862 2171 918 Eratosthenes.
2201 862 2269 916 At

712 955 1016 1011 cardinales
1055 955 1199 1010 venti
1246 961 1374 1009 sunt
1405 961 1673 1024 quatuor:
1706 968 1738 1008 e
1765 953 1963 1024 quibus
2013 952 2140 1017 ille,
2175 953 2268 1024 qui

714 1047 784 1100 ab
813 1054 936 1100 ortu
967 1044 1095 1109 ﬁat,
1151 1045 1479 1100 subsolanus
1528 1043 1761 1112 dicitur;
1821 1044 1915 1114 qui
1967 1043 2036 1098 ab
2068 1045 2268 1099 arctico

713 1139 860 1209 polo,
885 1138 1114 1203 boreas;
1148 1138 1239 1208 qui
1263 1139 1332 1192 ab
1361 1137 1681 1202 antarctico,
1711 1145 1922 1204 auster;
1951 1135 2021 1191 ab
2045 1151 2267 1202 occasu,

715 1229 1005 1302 :ephyrus.
1040 1226 1176 1284 Nam
1206 1229 1369 1298 ζέφος
1399 1229 1610 1299 poetice
1633 1242 1890 1284 occasum
1915 1226 2203 1300 signiﬁcat.

1319 1409 1397 1467 De
1434 1405 1669 1465 cometis.

781 1503 870 1558 34.
906 1502 984 1560 De
1010 1501 1237 1558 cometis
1267 1511 1321 1556 et
1351 1501 1594 1558 trabibus
1626 1499 1896 1572 scripsere
1917 1501 2221 1572 complures
2250 1519 2262 1555 :

712 1597 859 1651 velut
886 1595 1212 1650 Demetrius.
1242 1593 1420 1649 Locus
1444 1607 1631 1650 eorum
1667 1604 1751 1649 est
1796 1593 1852 1649 in
1889 1608 2032 1660 aere,
2063 1610 2173 1649 non
2211 1597 2268 1650 in

714 1687 870 1742 ccelo.
904 1686 980 1740 Ex
1014 1687 1084 1742 iis
1116 1699 1349 1756 quorum
1396 1684 1577 1738 lumen
1620 1683 1877 1741 deorsum
1919 1686 2177 1755 respicit,
2211 1693 2268 1739 ut

713 1793 904 1833 versus
933 1791 1053 1832 eam
1075 1783 1280 1847 partem
1297 1789 1583 1832 coruscare
1599 1775 1885 1830 videantur
1900 1813 1917 1840 ,
1957 1794 1975 1826 ι
2000 1785 2221 1831 cometae
2243 1794 2262 1826 ι
2296 1809 2339 1865 Β

712 1867 1107 1932 nominantur;
1175 1879 1409 1935 quorum
1472 1864 1728 1934 splendor.
1781 1879 1998 1920 sursum
2057 1864 2264 1934 vergit,

721 1977 740 2011 ι
777 1957 961 2024 faces;
1002 1974 1022 2010 ι
1057 1971 1181 2011 cum
1209 1957 1299 2011 lux
1331 1958 1545 2011 tractim
1575 1955 1910 2025 producitur,
1938 1974 1956 2019 ς
1993 1955 2210 2022 trabes;
2243 1975 2261 2008 ι

714 2049 934 2120 quando
975 2048 1248 2106 roscidum
1299 2049 1481 2104 lumen
1527 2059 1768 2118 apparet,
1800 2067 1820 2100 ‹
1856 2048 1954 2102 iris
1991 2067 2009 2101 ι
2047 2047 2264 2103 dicitur.

713 2139 944 2210 Quando
977 2140 1146 2195 solem
1175 2139 1346 2194 ambit
1378 2138 1616 2194 circulus
1646 2157 1658 2192 :
1691 2137 1994 2208 cujusmodi
2018 2153 2270 2192 nonnun-

713 2247 876 2303 quam
920 2230 1029 2286 duo
1061 2238 1243 2286 tresve
1271 2229 1408 2285 ﬁunt
1433 2249 1445 2284 :
1483 2227 1624 2284 unde
1650 2239 1704 2285 et
1729 2228 1928 2282 Aratus
1954 2226 2091 2282 dixit
2120 2243 2141 2279 σ
2171 2226 2271 2281 tri-

713 2325 969 2394 plicatam
1002 2338 1205 2386 aream,
1250 2342 1270 2375 ι
1314 2331 1536 2377 vocatur
1563 2323 1741 2387 ἅλως,
1785 2321 1837 2375 id
1869 2327 1954 2375 est
2003 2337 2022 2370 ι
2062 2331 2208 2372 area.
2244 2335 2263 2369 ι

717 2415 774 2469 Si
803 2415 872 2470 ab
902 2415 1067 2469 astris
1121 2413 1259 2484 ignis
1304 2413 1372 2467 ad
1407 2408 1661 2470 inferiora
1707 2412 2068 2482 pr0pellatur,
2126 2429 2145 2462 ι
2189 2417 2270 2463 te-

714 2521 924 2571 mones,
947 2526 966 2558 ›
984 2513 1038 2561 et
1057 2524 1077 2557 ‹
1110 2505 1369 2577 proﬁuvia
1395 2525 1414 2559 ι
1445 2513 1846 2574 nuncupantur.
1863 2502 1964 2570 Qui
1982 2501 2267 2558 subsultim

715 2600 823 2654 huc
871 2605 927 2654 et
964 2599 1093 2653 illuc
1127 2598 1432 2669 agitantur,
1493 2615 1511 2648 ι
1554 2597 1806 2653 salientes
1846 2615 1866 2648 ι
1925 2603 1978 2651 et
2011 2614 2028 2647 ‹
2069 2594 2270 2650 transi-

714 2691 949 2747 lientes-z
979 2691 1123 2762 qu;d
1157 2691 1216 2746 ﬁt
1248 2691 1419 2746 stellis
1464 2701 1624 2746 vento
1649 2688 1930 2745 concussis
1951 2730 1964 2751 ,
2005 2696 2059 2743 et
2112 2689 2267 2758 quasi
2311 2712 2318 2716 σ

714 2783 975 2838 scintillas
1008 2782 1400 2838 emittentibus.
1436 2778 1575 2835 Hinc
1621 2779 1757 2834 illud
1807 2787 2089 2834 ventorum
2131 2793 2269 2848 pra:-

714 2875 924 2944 sagium
976 2873 1154 2928 facere
1198 2871 1356 2927 docet
1403 2859 1622 2926 Aratus.
1654 2870 1736 2923 Ad
1769 2869 1882 2924 haec
1916 2887 1935 2920 ι
1971 2884 2211 2938 praesepe
2244 2888 2262 2919 ι

711 2977 906 3022 vocant
941 2967 1144 3046 nuteml
1192 2966 1479 3035 quamdam
1539 2966 1684 3019 circa
1736 2963 2006 3017 Cancrum
2042 2961 2265 3031 congio.

712 3060 894 3114 batam
951 3069 1004 3112 et
1051 3057 1416 3127 splendidam,
1469 3063 1526 3109 ut
1574 3057 1772 3109 Aratus
1819 3054 2124 3125 signiﬁcat:
2180 3052 2267 3105 cui

2360 691 2455 737 ,ται
2480 692 2491 704 ·
2516 675 2700 747 ὥσπερ
2733 678 2781 729 οἱ
2821 676 2970 746 μετά’
3002 677 3257 749 δινήσεως
3290 681 3586 752 στρόϐιλον
3613 685 3710 737 καὶ
3732 684 3783 736 οἱ
3825 685 3910 739 κά-

2367 765 2534 819 τωθεν
2560 767 2638 830 είς
2671 766 2802 836 ὕψος
2828 768 3112 838 φερόμενοι
3135 772 3464 841 πρηστῆρες,
3509 774 3910 846 Ἐπραγματεύ-

2368 875 2497 911 σατο
2532 858 2590 911 δὲ
2627 859 2756 930 περὶ
2780 860 2994 929 ἀνέμων
3019 862 3111 914 καὶ
3145 863 3547 934 Ἐρατοσθένης.
3583 867 3645 919 Οἱ
3683 867 3742 920 δὲ
3778 884 3910 934 γενι-

2367 949 2598 1004 κώτατοι
2636 951 2824 1020 ἄνεμοι
2851 951 3116 1022 τέσσαρές
3153 955 3285 1006 εἰσιο
3321 955 3415 1006 καὶ
3445 959 3474 1008 ό
3511 957 3609 1026 μὲν
3653 959 3765 1011 ἀπὸ
3796 961 3911 1012 ἀνα-

2364 1041 2539 1095 τολῶν
2585 1042 2783 1095 ’πνέων¹
2822 1043 3064 1097 καλεῖται
3108 1045 3450 1116 ἀπηλιώτης,
3491 1050 3519 1100 ὁ
3564 1049 3620 1100 δὲ
3673 1049 3782 1103 ἀπὺ
3830 1050 3909 1103 τσῦ

2367 1135 2625 1206 ἀρκτικοῦ
2671 1136 2830 1190 πόλου
2879 1137 3090 1209 βορέας,
3122 1139 3150 1190 ό
3179 1139 3233 1190 δὲ
3278 1140 3384 1192 ἀπὸ
3427 1139 3520 1191 τοῦ
3561 1141 3908 1212 ἀνταρκτικοῦ

2368 1229 2537 1292 νότος,
2566 1230 2594 1281 ό
2623 1227 2678 1280 δὲ
2707 1228 2815 1281 ἀπὸ
2848 1228 3048 1292 δύσεως
3086 1228 3316 1300 ζέφυρος
3339 1247 3353 1260 ·
3382 1228 3543 1300 ζέφος
3576 1231 3684 1304 γὰρ
3715 1235 3748 1303 ἡ
3777 1233 3912 1295 δύσις

2368 1319 2508 1392 κατά
2528 1321 2653 1382 τοὺς
2687 1321 2930 1389 ποιητάς.

2918 1413 3055 1480 Περὶ
3083 1411 3371 1482 κομητῶν.

2437 1501 2530 1554 λδ¹.
2552 1501 2686 1572 Περὶ
2706 1501 2760 1554 δὲ
2787 1503 3040 1574 κομητῶν
3055 1505 3148 1557 καὶ
3167 1504 3388 1558 δοκίδων
3406 1507 3911 1577 ἐπραγματεύσαντο

2367 1591 2580 1643 πολλοί·
2627 1592 2812 1664 ὥσπερ
2860 1594 2953 1645 καὶ
2997 1583 3320 1667 Δημήτριος.
3359 1598 3479 1651 Εἰσὶ
3523 1600 3579 1652 δὲ
3612 1600 3711 1653 οὐκ
3744 1602 3802 1653 ὲν
3830 1601 3910 1652 ούο

2370 1680 2536 1752 ρανῶ,
2587 1681 2700 1736 ἀλλ’
2749 1684 2808 1737 ὲν
2855 1683 2933 1754 τῷ
2964 1685 3102 1757 ἀέρι.
3133 1687 3194 1740 Ol
3244 1688 3341 1757 μὲν
3378 1685 3469 1743 οὖν
3507 1691 3654 1743 κάτω
3696 1690 3761 1743 τὸ
3808 1691 3911 1759 φῶς

2368 1774 2577 1845 ἔχοντες
2600 1817 2615 1841 ,
2652 1777 2744 1830 καὶ
2787 1777 2887 1840 τὰς
2926 1780 3286 1850 μαρμαρυγὰς
3321 1781 3468 1834 κάτω
3507 1783 3796 1849 νευούσας,
3819 1801 3910 1837 κα-

2366 1864 2577 1919 λοῦνται
2635 1884 2654 1918 ι
2697 1867 2963 1937 κομῆταιο
3011 1886 3030 1918 ›
3079 1870 3128 1920 οἱ
3166 1868 3223 1922 δὲ
3256 1869 3474 1924 ἀνωτὸ
3515 1872 3629 1941 φῶς
3671 1874 3910 1936 νενευκὸς

2366 1954 2576 2024 ἔχοντες
2614 1955 2895 2009 καλοῦνται
2933 1975 2950 2007 ι
2970 1956 3264 2028 λαμπάδες.
3298 1978 3316 2011 ι
3354 1961 3541 2015 Ὁπότε
3567 1963 3623 2015 δὲ
3653 1961 3911 2034 ὲπίμήκες

2366 2045 2546 2116 έχουσι
2576 2046 2637 2098 τὸ
2669 2047 2802 2114 φῶς,
2837 2047 3120 2102 καλοῦνται
3153 2068 3172 2101 ι
3191 2050 3393 2114 δοκίδες
3411 2068 3426 2082 ο
3455 2072 3475 2105 ι
3505 2055 3658 2127 όπότε
3675 2056 3732 2108 δὲ
3761 2058 3909 2126 ἰκμα-

2365 2138 2530 2200 τῶδες
2576 2138 2689 2207 φῶς
2728 2141 2916 2209 ὁρᾶται
2941 2181 2954 2205 ,
2989 2141 3230 2196 καλεῖται
3265 2162 3283 2194 ι
3312 2143 3449 2214 ῐρις·
3485 2163 3503 2197 ι
3537 2147 3664 2199 ὅταν
3690 2147 3748 2199 δὲ
3793 2148 3911 2218 περὶ

2366 2229 2456 2281 τὸν
2480 2229 2628 2300 ἥλιον
2726 2229 2950 2295 κύκλοςο
2983 2231 3150 2286 ἐνίοτε
3182 2233 3276 2286 καὶ
3301 2234 3346 2265 ’⁸
3385 2234 3497 2297 δύο,
3531 2237 3624 2289 καὶ
3659 2241 3808 2308 τρεῖς
3830 2238 3905 2306 γί-

2367 2339 2572 2376 νονταισ
2615 2323 2735 2399 ὅθεν
2761 2324 2852 2376 καὶ
2881 2325 3112 2394 Ἀρατος
3150 2321 3272 2379 εἷπε
3317 2345 3337 2377 ι
3357 2326 3655 2396 τριέλικτον
3680 2329 3902 2400 ἀλωήν-ι

2373 2412 2570 2475 «ἄλως»
2595 2412 2856 2468 καλεῖται.
2873 2413 2996 2466 Ἐὰν
3011 2413 3065 2466 δὲ
3088 2415 3194 2468 ἀπὸ
3211 2415 3451 2487 ἀστέρων
3467 2411 3594 2480 ὧσις
3625 2417 3714 2471 τοῦ
3744 2420 3905 2487 φωτὸς

2367 2504 2590 2574 γένηται
2623 2506 2714 2556 ἐπὶ
2741 2504 2807 2558 τὰ
2835 2504 3003 2568 κάτω,
3031 2505 3311 2560 καλοῦνται
3340 2525 3358 2558 ι
3386 2507 3546 2578 ρυμοὶ
3576 2526 3595 2558 ι
3633 2510 3722 2560 καὶ
3753 2509 3904 2579 «ῥύα-

2367 2612 2461 2659 κες
2481 2610 2492 2623 ·
2523 2614 2543 2646 ›
2575 2597 2624 2649 οἱ
2654 2595 2711 2648 δὲ
2754 2595 2861 2648 ἀπὸ
2889 2596 3054 2649 τόπου
3092 2599 3172 2660 είς
3199 2597 3360 2650 τόπον
3403 2598 3781 2670 μετερχόμενοι
3814 2595 3913 2651 κα-’

2366 2685 2577 2740 λοῦνξαι
2626 2706 2643 2739 ι
2672 2687 2917 2758 ᾄττοντες
2955 2707 2972 2738 ι
3020 2688 3112 2740 καὶ
3158 2707 3176 2739 ι
3199 2688 3526 2758 διᾴττοντες·
3558 2709 3577 2740 ι
3614 2689 3813 2758 γίνεται
3853 2689 3905 2742 δὲ

2367 2777 2552 2842 τοῦτο,
2582 2778 2688 2831 τῶν
2735 2779 2975 2849 ἀστέρων
3017 2778 3120 2831 ὑπὸ
3165 2778 3466 2848 πνεύματος
3500 2781 3903 2850 τινασσομένων,

2367 2871 2461 2923 καὶ
2495 2869 2656 2924 οίονεὶ
2708 2869 3007 2940 σπινθῆρας
3050 2871 3349 2938 ἀφιέντων’
3392 2871 3472 2924 διὸ
3520 2871 3662 2924 κατὰ
3698 2875 3906 2942 σημεῖδν

2368 2962 2580 3032 ἀνέμων
2618 2958 2768 3015 εἶπεν
2803 2964 3033 3035 Ἀρατος
3073 2963 3247 3016 τοῦτο.
3286 2963 3394 3017 Καὶ
3422 2965 3624 3034 φάτνην
3670 2965 3722 3017 δὲ
3761 2964 3905 3032 νέφος

2370 3053 2772 3123 πεφωτισμένον
2830 3054 2955 3124 περὶ
3009 3053 3099 3106 τὸν
3142 3055 3411 3123 Καρκίνον
3463 3054 3660 3122 φασίν·
3703 3055 3777 3112 ὡς
3821 3070 3905 3106 και

726 3156 1150 3205 consentaneum
1182 3157 1282 3211 est,
1299 3146 1440 3216 quod
1467 3147 1519 3199 in
1549 3145 1734 3201 eadem
1756 3153 1908 3216 parte
1932 3143 2099 3198 stella:
2122 3157 2269 3213 quae-

2374 3143 2621 3212 Ἀρατος.
2664 3143 2989 3207 Ἀκολούθως
3029 3143 3084 3196 δὲ
3109 3143 3286 3214 ,ταύτῃ
3317 3145 3411 3198 καὶ
3444 3161 3462 3194 ι
3486 3145 3637 3209 ὅνους
3661 3165 3676 3196 ι
3705 3145 3903 3213 λέγουσι

714 3242 840 3297 dam
872 3241 1017 3296 circa
1045 3239 1334 3306 Cancrum,
1368 3257 1386 3289 ι
1426 3239 1564 3292 asini
1603 3256 1622 3288 ι
1658 3235 1934 3291 dicuntur.
1965 3234 2136 3289 Porro
2177 3247 2269 3288 co-

715 3341 887 3389 metas
921 3338 974 3386 et
1004 3330 1057 3385 id
1085 3345 1255 3400 genus
1295 3329 1432 3391 alia,
1479 3328 1696 3398 quidam
1745 3344 1775 3383 e
1814 3326 1984 3383 stellis
2031 3324 2267 3380 densatis

716 3431 769 3478 et
798 3421 1115 3476 illuminatis
1153 3419 1283 3474 oriri
1315 3418 1554 3474 sentiunt
1584 3437 1594 3471 :
1629 3419 1720 3472 alii
1749 3433 1816 3473 ex
1849 3418 2081 3472 nubibus
2112 3416 2268 3472 undi-

715 3529 822 3582 que
849 3511 1211 3576 collustratis;
1244 3505 1510 3565 'nonnulli
1540 3525 1602 3564 ex
1645 3508 1858 3563 aﬁ‘rictu
1887 3508 2144 3565 succendi
2175 3523 2270 3562 vo-

715 3605 853 3664 lunt.
883 3602 1069 3672 Neque
1102 3617 1228 3657 vero
1261 3617 1473 3672 semper
1498 3607 1775 3671 apparent,
1799 3600 1892 3656 sed
1916 3601 2077 3654 certis
2109 3591 2277 3654 inter?

715 3693 876 3747 vallis
908 3701 1226 3763 temporum.
1276 3693 1542 3747 Caeterum
1586 3692 1760 3747 nubes
1793 3692 1934 3746 inter
1972 3706 2031 3745 se
2067 3690 2270 3745 collisa:

715 3786 956 3838 tonitrua
988 3785 1230 3850 faciunt;
1286 3784 1427 3839 ﬁssa:
1455 3799 1611 3847 vero,
1653 3791 1707 3838 et
1761 3797 1886 3837 cum
1940 3781 2143 3851 impetu
2204 3793 2269 3835 ac

717 3871 1052 3927 vehementia
1085 3870 1267 3924 ﬂatum
1300 3872 1608 3925 emittentes
1629 3912 1645 3936 ,
1707 3870 1967 3925 fulmina:
2001 3884 2124 3924 cum
2155 3869 2272 3939 agi-

717 3965 922 4019 tatione
953 3964 1114 4021 ﬁatus
1159 3963 1510 4030 accenditur;
1565 3962 1776 4034 fulgura
1828 3961 1913 4016 vel
1952 3976 1984 4015 e
2032 3960 2268 4014 nubibus

718 4057 852 4127 ipsis
905 4061 1189 4121 oriuntur,
1245 4071 1476 4112 accenso
1528 4055 1650 4126 igne
1707 4069 1770 4108 ac
1827 4052 2130 4108 restincto:
2183 4052 2269 4107 vel

718 4148 972 4217 Splendor
999 4157 1080 4203 est
1109 4165 1174 4202 ex
1205 4149 1327 4218 igne
1357 4161 1673 4202 coruscans.
1719 4145 1923 4200 Imbres
1945 4159 2012 4198 ex
2053 4141 2269 4196 madido

717 4254 938 4307 vapore,
979 4247 1033 4293 et
1084 4239 1318 4294 humidis
1359 4238 1606 4292 nubibus.
1637 4237 1925 4292 exsistunt.
1968 4233 2090 4289 Haec
2121 4247 2277 4288 sum-.

720 4329 905 4382 malim
957 4329 1024 4384 de
1071 4331 1213 4384 aeris
1244 4328 1613 4384 affectionibus
1641 4367 1658 4393 ,
1709 4343 1829 4397 quae
1881 4327 2140 4396 μετάρσια
2167 4339 2266 4380 no-

720 4420 950 4474 minant.

1212 4587 1288 4644 De
1321 4589 1494 4658 positu
1543 4588 1778 4655 sphaera.

787 4678 876 4734 35.
913 4676 1142 4749 Sphzera:
1173 4682 1345 4747 situs,
1375 4682 1519 4751 quod
1565 4683 1817 4752 ignorare
1868 4695 1976 4734 non
2027 4688 2265 4749 oportet,

720 4766 863 4821 haud
892 4769 1056 4823 unius
1095 4771 1307 4839 generis
1354 4779 1437 4826 est
1459 4809 1474 4835 ,
1521 4771 1613 4826 sed
1648 4787 1746 4842 pro
1775 4779 1931 4826 terrae
1967 4770 2267 4827 inclinatio-

721 4859 880 4920 nibus
909 4860 1047 4913 varii
1085 4867 1213 4914 sunt
1267 4862 1488 4930 sphaera:
1539 4862 1694 4917 situs.
1745 4861 1786 4914 E
1841 4862 2036 4931 quibus
2065 4876 2266 4932 paucos

719 4951 1196 5022 perstringemus:
1257 4960 1312 5008 et
1363 4953 1430 5007 ad
1491 4952 1700 5008 Arateae
1759 4953 1980 5024 sphaerae
2035 4954 2269 5024 positum

719 5054 907 5115 postea
935 5046 1232 5102 veniemus.
1282 5043 1378 5099 Est
1426 5044 1586 5114 igitur
1613 5045 1749 5100 situs
1801 5045 2045 5115 inprimis
2094 5043 2270 5099 Helle-

676 5122 680 5126 ⁷
720 5137 922 5207 sponti,
949 5153 1010 5191 ac
1038 5137 1360 5194 Macedonia:
1385 5138 1588 5192 climati
1618 5153 1938 5207 congruens.
1963 5137 2098 5193 Cum
2123 5137 2268 5192 enim

721 5229 861 5296 apud
910 5229 1235 5300 Antigonum
1276 5229 1601 5284 Macedoniae
1647 5228 1825 5300 regem
1859 5236 2000 5284 esset
2028 5227 2225 5284 Aratus
2249 5267 2264 5293 ,

721 5319 788 5373 ad
819 5319 965 5374 illius
1012 5318 1115 5396 loci
1160 5318 1319 5373 clima
1345 5319 1718 5390 apparentium
1747 5319 2047 5372 doctrinam
2093 5317 2270 5389 exegit

720 5427 951 5466 omnem.
984 5409 1152 5469 Porro
1191 5412 1402 5481 quoties
1428 5411 1537 5481 poli
1565 5410 1899 5466 horizontem
1926 5410 2264 5481 contingunt,

721 5505 916 5559 accidit
944 5511 1003 5558 ut
1035 5520 1134 5561 nec
1163 5504 1399 5560 arcticus
1452 5504 1727 5567 circulus,
1781 5517 1883 5556 nec
1934 5504 2266 5558 antarcticus

722 5609 934 5664 semper
980 5602 1313 5666 appareant:
1346 5596 1441 5652 sed
1494 5595 1929 5666 hemisphzerium
1977 5603 2267 5665 utrumque

721 5685 928 5741 oriatur
989 5695 1042 5743 et
1099 5689 1329 5744 occidat.
1416 5688 1509 5743 Sin
1541 5688 1809 5744 borealem
1864 5687 2042 5758 polum
2101 5703 2265 5761 supra

803 5869 849 5905 ιθ
876 5868 917 5939 ί,
943 5869 1111 5924 ἐνίοτε
1131 5870 1207 5925 δέ.
1286 5872 1348 5904 ³⁸·
1375 5871 1416 5942 Ι.
1436 5873 1592 5928 κατὰ.
1620 5872 1773 5929 Eutr.

2371 3235 2496 3304 περὶ
2522 3233 2610 3287 τὸν
2640 3233 2909 3304 Καρκίνον
2953 3233 3184 3300 ἀστέρας
3222 3225 3377 3285 εἶναι.
3408 3233 3544 3295 Τοὺς
3580 3233 3636 3286 δὲ
3680 3234 3905 3304 κομήτας

2370 3326 2461 3378 καὶ
2488 3324 2612 3387 τοὺς
2640 3323 2913 3386 τοιούτους
2937 3323 2984 3375 οἱ
3024 3324 3120 3392 μὲν
3149 3323 3392 3390 λέγουσιν
3436 3322 3494 3387 ἐξ
3526 3323 3762 3393 ἀστέρων
3794 3340 3903 3375 aw-

2341 3405 2346 3409 l
2368 3435 2393 3470 ε
2400 3417 2671 3487 ρχομένων
2683 3414 2919 3483 γίνεσθαι
2936 3415 3026 3467 καὶ
3047 3416 3069 3466 ὲ
3078 3415 3516 3485 μφωτιζομένων,
3532 3417 3579 3466 οἱ
3602 3415 3658 3468 δὲ
3673 3419 3734 3468 ὲκ
3745 3415 3903 3483 νεφῶν

2369 3507 2914 3578 περιπεφαπισμὲνων
2933 3523 2946 3536 ο
2979 3506 3126 3561 ἄλλοι
3154 3507 3208 3559 δὲ
3235 3508 3298 3560 ὲκ
3324 3506 3700 3578 παρατρίψεως
3727 3505 3904 3566 αὐτοὺς

2360 3579 2692 3668 ’φωτίζεσθαι
2714 3596 2976 3665 λέγουσιν.
3007 3597 3079 3651 Οὐ
3117 3597 3388 3666 φαίνονται
3431 3597 3489 3650 δὲ
3526 3597 3644 3651 ἀεί·
3679 3597 3808 3650 ἀλλά
3832 3596 3903 3664 γί-

2370 3707 2545 3744 νονται
2580 3691 2672 3742 καὶ
2706 3687 2774 3719 ¹⁰⁴
2799 3690 3074 3760 περιόδους
3105 3688 3341 3758 χρόνων.
3369 3689 3496 3741 Ὅτε
3533 3688 3627 3758 μὲν
3663 3684 3752 3740 οὖν
3784 3702 3902 3754 συγο

2358 3779 2652 3851 ’κρούονται
2671 3780 2726 3831 αἱ
2758 3777 2972 3847 νεφέλαι
3003 3777 3134 3848 πρὸς
3158 3777 3410 3848 ἀλλήλας,
3433 3777 3658 3851 βροντὰς
3687 3777 3900 3831 ποιοῦσι·

2371 3869 2615 3941 ραγεῖσαι
2654 3869 2730 3931 δὲ,
2764 3868 2854 3921 καὶ
2885 3865 3099 3937 πνεῦμα
3148 3866 3284 3936 μετά
3337 3867 3514 3938 ῥύμης
3557 3868 3649 3920 καὶ
3687 3867 3902 3937 σφοδρᾶς

2369 3961 2540 4030 ὁρμῆς
2582 3959 2834 4028 ἀφεῖσαι,
2865 3958 3180 4030 κεραυνοὺς.
3205 3956 3452 4030 ποιοῦσι,
3489 3955 3577 4010 διὰ
3611 3957 3706 4026 τῆς
3741 3957 3900 4030 ῥύμης

2368 4049 2735 4119 ἀναπτομένου
2769 4047 2862 4100 τοῦ
2899 4047 3202 4117 πνεύματος
3231 4063 3244 4075 ο
3279 4047 3548 4119 ἀστραπαὶ
3589 4047 3645 4100 δὲ
3683 4047 3900 4116 γίνονται

2367 4139 2484 4209 ἦτοι
2517 4139 2574 4204 ἐξ
2613 4131 2789 4192 αὐτῶν
2829 4140 2987 4193 πάλιν
3023 4139 3130 4191 τῶν
3161 4139 3366 4207 νεφῶν,
3396 4138 3569 4208 φωτὸς
3613 4136 3898 4208 ἀναπτομέ-

2369 4245 2458 4280 νου
2487 4230 2580 4282 καὶ
2610 4229 2961 4300 σϐεννυμένου
2987 4245 3001 4258 θ
3025 4229 3062 4299 ἦ
3093 4231 3156 4282 ὲκ
3185 4232 3356 4302 πυρὸς
3395 4231 3745 4303 μαρμαρυγαί
3782 4231 3898 4283 είσιν

2369 4318 2800 4388 ὲκπεμπόμεναι.
2845 4318 3074 4388 Ὀμὸροι
3107 4319 3162 4371 δὲ
3207 4318 3264 4384 ἐξ
3305 4319 3476 4388 ὑγρᾶς
3509 4317 3801 4380 ἀναδόσεως
3821 4314 3898 4368 καὶ

2369 4408 2604 4476 νεφελῶν
2635 4407 2815 4478 ὑγρῶν
2845 4407 3099 4476 γίνονται.
3129 4409 3311 4462 Ταῦτα
3343 4409 3440 4479 μὲν
3464 4402 3556 4462 οὖν
3578 4408 3653 4471 ὡς
3675 4409 3730 4460 ὲν
3756 4405 3898 4475 ὀλίγῳ

2299 4480 2346 4538 D
2373 4501 2498 4573 περὶ
2533 4499 2858 4570 μεταρσίων.

2716 4588 2854 4656 Περὶ
2874 4587 3090 4654 θέσεως
3118 4589 3248 4661 [τῆς
3275 4589 3574 4661 σφώραςῖ.

2443 4680 2530 4734 λε’,
2555 4680 2876 4751 Εἰδέναιῖχρὴ
2893 4674 3129 4752 περὶτῆς
3150 4680 3346 4744 θέσεως
3362 4677 3897 4756 τῆςισφαίραςμῦςούκ

2373 4771 2485 4824 ἐστι
2521 4771 2635 4841 μία,
2670 4770 2805 4825 ἀλλά
2832 4771 2966 4843 πρὸς
2990 4770 3057 4824 τὰ
3085 4771 3321 4842 κλίματα
3360 4771 3459 4841 τῆς
3485 4770 3585 4841 γῆς
3620 4770 3711 4824 καὶ
3742 4771 3798 4823 αἱ
3827 4767 3897 4821 θέ-

2373 4881 2485 4926 σεις
2517 4864 2610 4933 τῆς
2649 4862 2878 4934 σφαίρας
2918 4863 3172 4931 γίνονται.
3203 4861 3431 4914 Λεκτέον
3455 4861 3513 4914 δὲ
3539 4861 3663 4933 περὶ
3686 4861 3892 4929 ὀλίγων·

2371 4956 2464 5008 καὶ
2495 4955 2614 5007 τότε
2643 4955 2744 5024 τῆς
2778 4953 2916 5008 κατά
2947 4953 3038 5006 τὸν
3075 4955 3304 5024 Ἄρατον
3332 4953 3598 5026 ἀψόμεθα.
3635 4955 3791 5016 Θέσις
3829 4950 3898 5011 τίς

2370 5049 2485 5099 ἐστι
2518 5047 2659 5101 κατά
2705 5046 2765 5098 τὸ
2806 5045 3285 5116 Ἐλλησποντιακὸν
3319 5047 3413 5100 καὶ
3455 5048 3551 5118 τῆς
3590 5041 3896 5116 Μακεδονίας

2370 5139 2557 5210 κλίμα.
2592 5139 2746 5211 Παρά
2778 5139 2884 5210 γὰρ
2921 5138 3202 5210 Ἀντιγόνῳ
3231 5139 3514 5212 διατρίϐων
3549 5141 3806 5209 ΙἌρατος,
3833 5131 3894 5202 τῷ

2367 5233 2465 5303 τῆς
2495 5233 2827 5294 Μακεδονίας
2873 5229 3096 5300 βασιλεῖ,
3142 5231 3278 5302 πρὸς
3310 5231 3371 5284 τὸ
3400 5230 3582 5284 αὐτόθι
3621 5229 3784 5299 κλίμα
3820 5225 3892 5278 καὶ

2367 5324 2464 5395 τὴν
2512 5322 2854 5377 διδασκαλίαν
2906 5321 3013 5376 τῶν
3062 5323 3395 5393 φαινομένων
3440 5320 3742 5391 sumina-at.
3793 5317 3892 5372 Ἐὰν

2370 5418 2467 5488 μὲν
2495 5412 2585 5471 οὖν
2609 5420 2657 5470 oi
2683 5417 2833 5468 πόλοι
2863 5415 2998 5486 πρὸς
3029 5415 3106 5486 τῷ
3132 5415 3361 5487 ὁρίζοντι
3395 5413 3493 5483 τὴν
3529 5413 3675 5467 θέσιν
3706 5414 3889 5484 ἔχωσιν.

2365 5507 2504 5561 ὥστε
2551 5506 2883 5576 ἐφάπτεσθαι
2931 5505 3024 5558 τοῦ
3073 5506 3370 5576 ὁρίζοντος,
3403 5502 3736 5574 συμϐήσεται
3783 5501 3889 5572 μήτε

2365 5599 2455 5653 τὸν
2482 5598 2737 5672 ἀρκτικὸν
2785 5599 2919 5668 μήτε
2962 5597 3052 5650 τὸν
3092 5595 3446 5669 ἀνταρκτικὸν
3486 5596 3718 5665 ἀειφανῆ
3759 5590 3887 5648 εἶναι.

2368 5691 2479 5745 ἀλλ’
2508 5691 2761 5762 ἑκάτερον
2792 5687 2994 5744 τούτων
3023 5687 3342 5762 ἡμικύκλιον
3373 5686 3678 5744 ἀνατέλλειν
3715 5685 3795 5741 ἀεὶ
3817 5681 3886 5738 καὶ
