4008 6328
89 518 202 575 989

830 520 1149 605 AGIIILLIS
1188 521 1367 578 TATll
1406 523 1700 587 ISAGOGE
1740 526 1827 579 AD
1862 522 2067 578 ABATI
2106 522 2567 579 ΡΠᾹΞΝΟΜΕΝΑ.

3186 530 3289 587 990

87 632 291 695 δύνειν.
331 632 454 703 Ἐὰν
481 635 538 688 δὲ
575 636 667 689 τὸν
697 635 900 707 βόρειον
934 639 1094 691 πόλον
1133 639 1457 712 ὑψηλότερον
1502 644 1633 714 ποιή¹

1754 642 2088 695 horizontem
2115 638 2411 692 attollimus
2436 678 2449 701 ,
2493 653 2588 707 pro
2628 638 2923 693 altitudinis
2947 648 3174 701 ratione,
3202 656 3293 694 va-

91 743 281 795 υωμεν
307 726 398 778 τοῦ
429 726 716 797 ὁρίζοντος,
747 728 880 799 πρὸς
912 731 972 782 τὸ
992 732 1265 800 γινόμενον
1297 731 1525 803 ἕξαρμα,
1550 734 1642 785 καὶ

92 814 231 884 ἄξιος
260 815 443 881 αὑτοῦ,
473 819 567 871 καὶ
589 817 657 871 τά
688 819 921 889 κλίματα
950 822 1049 891 τῆς
1078 822 1178 892 γῆς
1207 821 1315 885 ἕξει
1338 823 1405 875 τὰ
1439 822 1637 892 μεγέθη

88 907 202 960 τῶν
222 907 439 978 ἡμερῶν
471 908 693 961 καὶτῶν
727 909 933 963 νυκτῶν
962 911 1205 982 διάφορα.
1234 912 1418 981 Δῶμεν
1447 912 1489 977 ξ’
1523 930 1639 982 μοι-

90 997 205 1066 ρῶν
245 997 440 1051 κύκλον
468 999 728 1068 τέμνοντα
752 999 849 1070 τὴν
896 1004 1127 1072 σφαῖραν
1164 1002 1252 1054 διὰ
1294 1001 1399 1054 τῶν
1444 1002 1638 1065 πόλων,

86 1084 283 1157 ὥσπερ
312 1088 434 1151 τοὺς
466 1087 768 1157 κολούρους.
802 1088 966 1159 Δῆλον
1004 1084 1094 1143 οὖν
1114 1130 1128 1151 ,
1162 1091 1242 1141 ὅτι
1282 1090 1504 1144 ἕκαστον
1536 1090 1639 1143 τῶν

87 1177 464 1247 ἡμισφαιρίων
490 1176 600 1243 ἔξει
625 1176 729 1231 ἀνά
752 1178 793 1229 λ’
812 1194 825 1208 ·
859 1178 965 1231 τῶν
992 1178 1049 1231 δὲ
1079 1179 1119 1209 ¹¹
1151 1180 1285 1250 ὑπὲρ
1316 1181 1418 1249 γῆς
1451 1180 1641 1251 μοίρας

86 1267 132 1319 λ’
164 1267 275 1319 ἀπὸ
310 1267 401 1320 τοῦ
432 1267 702 1339 ὁρίζοντος
736 1268 893 1339 μέχρι
915 1268 1009 1321 τοῦ
1025 1269 1205 1323 πόλου.
1247 1270 1368 1323 Ἐὰν
1397 1268 1490 1323 οὖν
1518 1287 1641 1340 μετ-

84 1358 309 1427 εωρίσω
373 1359 464 1411 τὸν
512 1360 716 1429 βόρειον
760 1361 922 1413 πόλον
972 1362 1162 1433 μοίρας
1222 1367 1294 1426 ς’,
1342 1361 1493 1415 ἔσται
1545 1362 1638 1415 τοῦ

98 1446 492 1517 Ἑλλησπόντου
539 1449 598 1501 τὸ
644 1449 812 1521 κλίμα
852 1449 975 1521 ἕχον
1020 1446 1117 1522 τὴν
1160 1451 1257 1522 μὲν
1299 1452 1506 1523 ἡμέραν
1542 1452 1638 1523 τὴν

88 1541 356 1609 μεγίστην
405 1540 561 1611 ὡρῶν
588 1548 686 1607 ιε’,
735 1542 834 1612 τὴν
883 1542 939 1596 δὲ
992 1542 1158 1597 νύκτα
1200 1544 1299 1612 τὴν
1358 1544 1639 1613 ἐλαχίστην

80 1632 248 1701 ὡρῶν
282 1633 347 1687 θ’.
387 1634 510 1687 Ἐὰν
541 1633 597 1687 δὲ
640 1634 713 1705 μὴ
751 1634 907 1702 μόνον
945 1633 1003 1699 ἒξ
1025 1675 1041 1701 ,
1071 1635 1185 1688 ἀλλ’
1221 1638 1373 1689 ἐννέα
1409 1636 1514 1688 ἀπὸ
1545 1635 1637 1689 τοῦ

79 1724 359 1797 ὁρίζοντος
392 1726 701 1797 μετεωρίσω
736 1725 826 1778 τὸν
865 1724 1069 1797 βόρειον
1096 1726 1286 1790 πόλον,
1333 1727 1641 1797 μακροτέρα

78 1815 238 1867 ἔσται
280 1817 313 1886 ἡ
345 1816 570 1887 μεγίστη
604 1816 784 1888 ἡμέρα
813 1818 962 1887 παρά
992 1820 1103 1881 τοῖς
1132 1816 1299 1881 οὕτως
1335 1820 1569 1871 οἰκοῦσιν
1605 1819 1636 1888 ἢ

77 1906 203 1967 τοῖς
242 1907 654 1977 προειρημένοις
692 1909 750 1960 ὲν
789 1906 863 1977 τῷ
896 1907 1281 1979 Ἑλλησπόντῳ.
1327 1909 1435 1962 Καὶ
1480 1910 1638 1962 πάλιν

1746 734 1825 786 ria
1860 743 2015 787 terra:
2051 731 2359 784 climatibus
2387 729 2593 783 dierum
2626 736 2676 783 ct
2706 731 2940 783 noctium
2981 731 3290 799 magnitudo

1745 822 2034 878 constabit.
2068 821 2359 891 Fingamus
2421 824 2648 890 partium
2708 820 2981 889 sexaginta
3028 821 3289 873 circulum

1743 927 1900 976 esse,
1956 912 2050 981 qui
2109 911 2373 980 sphaaram
2420 925 2516 978 per
2555 910 2707 979 polos
2756 910 3021 963 transiens
3054 908 3287 972 dividit,

1742 999 1847 1069 92
1880 984 2387 1073 utcolurif'aciunt.
2443 997 2610 1069 Igitur
2662 989 3033 1067 hemisphaari'a
3081 1000 3286 1066 singula

1744 1089 1966 1144 tricenis
2002 1090 2260 1157 gradibus
2294 1091 2641 1153 constabunt,
2689 1088 2927 1159 adeoque
2956 1089 3099 1158 quod
3129 1104 3289 1157 supra

1745 1189 1940 1234 terram
1968 1180 2189 1242 eminet,
2226 1180 2424 1247 gradus
2475 1180 2712 1235 tricenos
2763 1180 2982 1235 habebit
3029 1179 3096 1234 ab
3142 1181 3289 1233 hori-

1746 1279 1902 1327 zonte
1921 1272 1987 1326 ad
2015 1273 2215 1342 polum.
2242 1270 2420 1336 Quare
2464 1270 2509 1325 si
2540 1272 2603 1324 ad
2631 1279 2813 1338 partes
2837 1286 2931 1326 sex
2972 1272 3154 1340 polum
3192 1285 3287 1323 ex-

1746 1362 2019 1426 tnlero,in
2049 1361 2376 1431 Hellesponti
2402 1361 2614 1413 climate
2641 1361 2986 1429 longissimus
3034 1362 3151 1415 dies
3194 1361 3287 1415 ho.

1746 1468 1925 1507 rarum
1954 1452 2043 1506 ﬁet
2066 1453 2165 1517 15;
2197 1452 2515 1507 brevissima
2554 1445 2659 1506 nox
2700 1455 2951 1505 horarum
2979 1453 3032 1506 9.
3088 1451 3293 1517 Quodsi

1743 1561 1849 1599 non
1883 1552 2090 1598 tantum
2133 1558 2227 1597 sex
2256 1543 2549 1614 gradibus,
2595 1543 2688 1596 sed
2722 1556 2913 1596 novem
2946 1558 3108 1611 supra
3145 1542 3291 1597 hori-
3334 1572 3343 1583 -

1744 1642 1953 1691 zontem
1987 1634 2169 1702 polum
2196 1634 2465 1688 borealem
2489 1647 2730 1695 crexero,
2777 1633 3005 1702 longior,
3041 1648 3201 1701 quam
3232 1632 3286 1686 in

1746 1725 2109 1793 Hellesponto,
2142 1722 2230 1777 ﬁet
2265 1724 2411 1788 dies,
2448 1724 2592 1778 illius
2629 1731 2833 1777 tractus
2879 1723 3090 1777 incolis.
3151 1722 3291 1775 Bur-

1744 1832 1838 1871 sus
1864 1830 1992 1871 vero
2035 1816 2081 1869 si
2128 1814 2355 1868 arduum
2383 1816 2585 1883 magis,
2639 1829 2703 1868 ac
2745 1829 2907 1883 supra
2957 1814 3288 1867 horizontem

1744 1909 2067 1962 eminentem
2114 1906 2294 1975 polum
2345 1913 2623 1967 statuero,
2672 1906 2817 1959 horae
2874 1905 3141 1974 longiores
3196 1919 3288 1957 ex-
3346 1908 3351 1913 ’

78 1995 184 2049 ὲάν
229 1996 549 2067 ὑψηλότερον
590 2000 752 2051 αὑτὸν
790 2000 1025 2069 ποιήσω,
1061 2000 1153 2052 καὶ
1185 2001 1315 2053 πολὺ
1354 2000 1514 2053 αὑτοῦ
1546 2000 1633 2053 τοῦ

1737 1999 1963 2061 sistent,
2018 1999 2192 2052 donec
2241 1994 2473 2050 bor’ealis
2526 1996 2683 2064 polus
2730 1996 3005 2050 culminet.
3054 1994 3129 2047 Ac
3161 2002 3289 2048 tunc

78 2086 356 2159 ὁρίζοντος
416 2088 711 2158 ἀπέχοντα,
763 2092 1090 2161 μακρότεραι
1146 2090 1522 2161 εὑρεθήσονται
1587 2095 1642 2145 αί

76 2170 225 2243 ὧραι
252 2178 295 2208 υ
316 2218 329 2241 ,
364 2178 467 2242 ἕως
504 2179 569 2232 ἂν
595 2182 623 2231 ὁ
655 2178 863 2251 βόρειος
911 2181 1285 2252 μεσουρανήσῃ
1330 2180 1487 2243 πόλος
1511 2198 1524 2209 ο
1552 2183 1643 2233 καὶ

78 2267 208 2319 τότε
233 2307 248 2331 ,
278 2268 447 2333 οὕτως
478 2271 735 2341 κειμένης
770 2272 869 2340 τῆς
911 2271 1174 2340 σφαίρας,
1208 2271 1541 2341 συμϐήσεται
1588 2270 1646 2335 ἒξ

82 2360 273 2429 μηνῶν
304 2357 441 2414 εἷναι
467 2363 566 2432 τὴν
611 2364 841 2435 ἡμέραν,
877 2363 970 2415 καὶ
1001 2361 1057 2426 ἒξ
1088 2362 1271 2432 μηνῶν
1301 2362 1399 2432 τὴν
1439 2363 1604 2415 νύκτα
1627 2380 1639 2392 ⁵

80 2452 542 2522 μεσουρανοῦντος
591 2454 696 2524 γὰρ
743 2452 837 2506 τοῦ
878 2453 1085 2525 βορείου
1123 2453 1283 2506 πόλου
1309 2492 1323 2516 ,
1357 2454 1644 2525 εὑρεθήσε-

74 2554 172 2590 ται
202 2542 232 2591 ὁ
262 2540 519 2603 ζωδιακὸς
552 2542 654 2592 ὑπὸ
684 2539 778 2593 τοῦ
825 2540 1092 2611 ὁρίζοντος
1136 2544 1213 2603 είς
1244 2540 1337 2593 δύο
1376 2542 1641 2611 τεμνόμε-

74 2644 171 2689 νος
196 2643 212 2659 °
240 2630 333 2681 καὶ
361 2629 421 2680 τὸ
461 2630 557 2699 μὲν
581 2630 749 2698 ἥμισυ
776 2630 912 2701 ὑπὲρ
940 2631 1062 2700 γῆς,
1091 2630 1151 2683 τὸ
1177 2630 1235 2682 δὲ
1260 2630 1440 2682 λοιπὸν
1472 2631 1638 2700 ἥμισυ

75 2717 187 2769 ὑπὸ
209 2718 309 2787 γῆν
338 2718 423 2769 ἀεὶ
450 2717 605 2788 ἔχων.
634 2718 833 2771 Τούτου
863 2719 918 2772 δὲ
962 2719 1130 2783 οὕτως
1166 2720 1336 2785 ὄντος,
1362 2719 1534 2789 δῆλον,
1565 2721 1638 2785 ὼς

75 2808 174 2862 καὶ
200 2807 261 2874 ἒξ
286 2808 448 2875 ζώδια
474 2811 612 2882 ὑπὲρ
646 2812 747 2882 γῆς
783 2809 953 2876 ἔσται,
978 2810 1148 2866 ταῦτα
1180 2812 1434 2881 δηλονότι,
1476 2814 1533 2865 ὲν
1557 2809 1638 2876 οἷς

74 2902 105 2952 ὁ
124 2900 277 2970 ἡλιος
308 2902 610 2972 γενόμενος,
636 2904 726 2956 καὶ
753 2904 1111 2957 καθ’έκαστον
1139 2904 1183 2956 λ’
1211 2904 1421 2975 ἡμέρας
1447 2904 1632 2970 ποιῶν,

76 2996 298 3065 ποιήσει
326 2994 420 3065 τὴν
450 2996 659 3065 ἡμέραν
692 2996 874 3066 μηνῶν
910 3001 960 3058 ς’
988 3013 1001 3027 ·
1034 2996 1101 3049 τά
1134 2994 1188 3048 δὲ
1223 2996 1355 3051 ἄλλα
1390 3003 1443 3061 ς’
1472 2995 1637 3059 ζώδια

76 3084 165 3137 ἀεὶ
195 3084 396 3152 ἀφανῆ,
430 3085 522 3137 καὶ
544 3084 646 3137 ὑπὸ
680 3085 781 3155 γῆν
826 3084 973 3137 ἔσται
998 3126 1011 3148 ,
1040 3087 1097 3137 ὲν
1127 3081 1207 3148 οἷς
1244 3092 1272 3138 ὁ
1310 3088 1458 3157 ἥλιος
1486 3088 1635 3155 γενό-

79 3191 240 3243 μενος
273 3174 484 3244 ποιήσει
513 3174 609 3245 τὴν
632 3174 800 3227 νύκτα
840 3176 1019 3244 μηνῶν
1056 3182 1127 3239 ς’,
1174 3175 1260 3227 διὰ
1294 3176 1354 3228 τὸ
1392 3177 1465 3246 μὴ
1504 3178 1633 3228 ἀνα-

1744 2088 2023 2148 semestris
2062 2088 2179 2142 dies
2216 2088 2320 2141 erit
2354 2086 2736 2152 semestrisque
2763 2100 2889 2140 nox.
2940 2084 3073 2138 Nam
3110 2085 3155 2139 si
3194 2084 3292 2139 δο-

1743 2178 1904 2231 realis
1935 2178 2092 2245 polus
2142 2178 2199 2230 in
2248 2177 2450 2231 vertice
2500 2178 2600 2241 sit,
2638 2175 2889 2229 zodiacus
2918 2176 2985 2227 ab
3014 2176 3290 2229 horizonte

1743 2267 1995 2336 bipertito
2022 2267 2329 2330 secabitur;
2362 2264 2585 2335 ejusque
2633 2280 2757 2331 pars
2784 2262 3001 2317 dimidia
3032 2274 3290 2332 perpetuo

1743 2373 1905 2427 supra
1944 2368 2143 2413 terram
2169 2358 2417 2419 exstabit,
2446 2356 2611 2409 altera
2646 2358 2746 2410 sub
2778 2362 2975 2409 terram
3001 2355 3286 2410 condetur.

1742 2448 1855 2503 [loc
1897 2464 2024 2503 vero
2074 2450 2285 2519 posito,
2342 2448 2687 2518 perspicuum
2721 2456 2804 2500 est
2850 2461 2943 2499 sex
2985 2445 3097 2499 fore
3138 2446 3288 2515 signa

1741 2555 1903 2609 supra
1926 2547 2125 2593 terram
2154 2558 2171 2593 :
2213 2538 2266 2591 in
2306 2539 2503 2609 quibus
2534 2539 2741 2593 scilicet
2774 2538 2982 2606 positus
3016 2538 3119 2599 sol,
3150 2546 3202 2591 et
3235 2539 3288 2590 in

1740 2646 2065 2700 unoquoque
2093 2630 2312 2699 triginta
2342 2629 2455 2683 dies
2480 2644 2845 2693 commorans,
2880 2636 3189 2687 semestrem
3213 2627 3288 2682 ef-

1737 2724 1877 2778 ﬁciet
1909 2722 2082 2787 diem;
2112 2722 2318 2789 reliqua
2351 2737 2443 2776 sex
2461 2721 2615 2790 signa
2644 2734 2855 2789 semper
2875 2720 3087 2773 occulta
3108 2727 3287 2781 erunt,

1734 2821 1787 2869 et
1816 2812 1916 2867 sub
1938 2821 2083 2866 terra
2119 2812 2335 2865 condita
2363 2831 2375 2865 :
2409 2826 2528 2881 qua:
2558 2827 2679 2865 cum
2722 2812 2801 2865 sol
2836 2811 3161 2879 peragrablt,
3196 2827 3288 2865 sex

1736 2905 2004 2961 mensium
2036 2910 2247 2959 noctem
2269 2903 2457 2965 £aciet,
2486 2919 2550 2957 eo
2573 2903 2717 2972 quod
2745 2906 2801 2956 in
2828 2903 2935 2956 illis
2976 2903 3114 2957 situs
3143 2918 3286 2956 nun-

1733 3012 1893 3067 quam
1919 2996 2107 3051 oritur.
2148 2994 2272 3049 Haec
2318 2995 2383 3047 ad
2415 2995 2622 3050 dierum
2681 3007 2735 3049 et
2778 2994 3015 3047 noctium
3049 2994 3285 3063 inmqua-

1732 3089 1937 3143 litatem
1964 3086 2334 3156 explicandam
2368 3086 2779 3154 assumpsimus.
2834 3082 2908 3138 De
2951 3083 3151 3151 quibus
3206 3084 3287 3137 sic

1732 3180 2035 3235 habendum
2061 3186 2176 3245 est;
2214 3169 2453 3240 ratione,
2503 3193 2566 3231 ac
2607 3176 3057 3237 consideratione,
3094 3189 3288 3229 conse-

76 3265 282 3317 τέλλειν
310 3266 366 3317 ὲν
391 3257 502 3328 τοῖς
527 3272 579 3329 ς’
612 3266 819 3330 τούτοις
844 3266 1129 3337 γενόμενον
1158 3267 1335 3319 αὐτόν.
1370 3267 1550 3319 Ταῦτα
1573 3266 1627 3319 δὲ

1735 3278 2061 3340 quenterque
2090 3270 2156 3325 iis
2186 3285 2306 3339 qua:
2357 3275 2652 3338 apparent,
2710 3268 2823 3320 haec
2876 3281 2904 3318 a
2949 3266 3108 3319 nobis
3163 3279 3287 3318 esse

74 3360 213 3428 ἡμῖν
248 3356 484 3427 εἰλήφθω
526 3358 623 3428 τῆς
664 3331 983 3427 ἀνωμαλίας,
1022 3358 1129 3411 τῶν
1177 3358 1395 3429 ἡμερῶν
1437 3375 1494 3410 τε
1539 3358 1631 3411 καὶ⁵

1735 3362 1955 3415 collecta
1981 3378 1995 3424 ;
2029 3375 2149 3413 cum
2188 3361 2297 3414 sint
2326 3346 2537 3414 occulta
2569 3373 2812 3427 prorsus.
2840 3356 2957 3411 Non
2989 3357 3131 3410 enim
3173 3357 3282 3411 ulla

76 3447 285 3501 νυκτῶν
321 3448 497 3518 χάριν.
540 3448 657 3520 Χρὴ
686 3448 742 3500 δὲ
774 3448 987 3513 ειδέναι,
1019 3450 1099 3502 ὃτι
1139 3450 1279 3520 λόγῳ
1312 3450 1405 3501 καὶ
1436 3448 1633 3521 θεωρίᾳ

74 3539 248 3591 ταῦτα
297 3540 413 3593 κατ’
469 3539 785 3593 ἀκολουθίαν
830 3542 893 3591 ὲκ
951 3539 1058 3593 τῶν
1107 3542 1351 3611 φανερῶν
1397 3542 1627 3611 ἐδείχθη,

75 3631 259 3699 ἀφανῆ
284 3630 428 3682 ὄντα.
464 3631 537 3682 Οὐ
565 3629 673 3701 γὰρ
721 3630 911 3701 ἔχομεν
950 3631 1057 3683 ἀπὸ
1095 3634 1379 3703 ἐμπειρίας
1416 3633 1475 3695 ἒξ
1527 3650 1628 3701 μη-

75 3721 179 3772 νῶν
210 3720 306 3790 τὴν
331 3720 558 3791 ἡμέραν,
595 3722 685 3775 καὶ
705 3722 802 3792 τὴν
834 3722 997 3774 νύκτα
1028 3723 1290 3776 τοσούτων
1319 3723 1503 3789 δεῖξαι.
1532 3724 1627 3776 Τι-

76 3811 159 3873 νὲς
202 3810 259 3863 δὲ
294 3810 591 3881 ἱστοροῦσιν
622 3819 669 3883 η’
704 3812 924 3883 ἡμερῶν
967 3811 1183 3866 ἔκτασιν
1232 3815 1359 3883 μιᾶς
1397 3815 1624 3885 ἡμέρας,

78 3901 226 3955 ἄλλοι
249 3900 304 3954 δὲ
324 3908 377 3954 π’
398 3902 617 3973 ἡμερῶν
639 3920 651 3933 ·
686 3902 791 3955 είσὶ
823 3904 877 3956 δὲ
904 3899 1042 3958 οὗτοι
1073 3905 1122 3956 οἱ
1144 3905 1281 3975 ὑπὲρ
1307 3904 1508 3976 Θούλην
1532 3906 1627 3975 τὴν

78 3992 239 4061 νῆσον
268 3991 542 4061 λεγόμενοι
575 3987 731 4047 εἶναι.
770 3992 830 4045 Ἢ
864 3995 961 4063 μὲν
996 3990 1085 4046 οὖν
1128 3994 1267 4047 κατά
1298 3994 1365 4046 τὰ
1394 3981 1628 4064 κλίματα

78 4081 305 4153 διαφορά
333 4082 437 4135 τῶν
465 4084 684 4155 ἡμερῶν
724 4101 783 4137 τε
829 4086 921 4138 καὶ
956 4086 1162 4138 νυκτῶν
1198 4086 1628 4157 παραδείγματος

77 4173 232 4241 χάριν
262 4170 443 4223 τοῦτον
470 4172 559 4225 τὸν
590 4174 786 4243 τρόπον
817 4177 947 4246 ἡμῖν
983 4176 1219 4246 είρηται’
1248 4178 1279 4247 ἡ
1312 4177 1366 4229 δὲ
1394 4176 1535 4229 κατά
1561 4177 1628 4230 τὰ

81 4262 407 4329 Φαινόμενιι
448 4263 672 4333 Ἀράτου
697 4266 794 4335 τῆς
829 4266 1058 4337 σφαίρας
1089 4267 1237 4329 θέσις
1262 4267 1461 4335 ὀφείλει
1486 4268 1627 4338 ἔχειν

79 4353 160 4417 τὸν
192 4354 447 4423 ἀρκτικὸν
472 4353 667 4407 κύκλον
702 4355 794 4410 τοῦ
820 4358 1083 4426 ὁρίζοντος
1112 4358 1497 4426 ἐφαπτόμενον,
1528 4360 1626 4429 τήν

1732 3451 1889 3505 nobis
1918 3452 2245 3520 experientia
2276 3459 2590 3505 semestrem
2635 3447 2772 3502 diem
2814 3456 3135 3515 noctemque
3188 3461 3285 3515 pa-

1729 3542 1931 3596 tefecit.
1983 3541 2101 3595 Sint
2132 3542 2222 3611 qui
2256 3541 2450 3595 alicubi
2484 3540 2691 3594 dierum
2743 3548 2865 3592 octo
2910 3553 3031 3593 esse
3071 3540 3283 3605 lucem;

1729 3634 1820 3686 alii
1848 3635 2117 3702 octoginta
2166 3630 2402 3685 referant
2432 3650 2443 3683 :
2478 3630 2621 3700 quod
2654 3630 2721 3684 iis
2753 3629 2948 3682 accidit
2981 3628 3073 3697 qui
3120 3643 3285 3697 supra

1728 3722 1935 3777 Thulen
1981 3724 2209 3778 insulam
2246 3722 2511 3776 habitant.
2560 3721 2641 3775 Ad
2680 3738 2801 3776 eum
2853 3722 3033 3789 itaque
3062 3721 3281 3775 modum

1725 3816 1933 3869 dierum
1979 3816 2324 3885 noctiumque
2376 3830 2473 3883 pro
2501 3814 2775 3868 climatum
2828 3814 3036 3867 ratione
3084 3813 3281 3868 discri-

1726 3923 1847 3961 men
1903 3922 1933 3960 a
1994 3907 2153 3961 nobis
2206 3906 2527 3975 explicatum
2578 3913 2683 3961 est.
2732 3904 2929 3960 Verum
2986 3906 3126 3961 situs
3182 3906 3275 3961 ille

1723 3999 1966 4069 Sphaarae,
1995 3998 2085 4067 qui
2120 3998 2187 4051 ad
2228 3997 2377 4051 Arati
2412 3998 2759 4051 Pltwnomena
2786 3997 3075 4060 convenit,
3133 3996 3279 4063 ejus-

1725 4087 1867 4141 modi
1891 4102 2010 4143 esse
2032 4088 2210 4151 debet,
2237 4096 2293 4141 ut
2320 4089 2375 4141 in
2412 4104 2474 4141 eo
2508 4088 2744 4142 circulus
2774 4088 3008 4141 arcticus
3062 4088 3279 4140 contin-

1733 4186 1823 4247 gat
1859 4178 2213 4242 horizontem,
2244 4193 2474 4247 eumque
2501 4179 2764 4231 circulum
2796 4185 2980 4245 tangat
3016 4176 3277 4235 Draconis

1731 4278 1891 4337 caput
1919 4288 1931 4321 :
1965 4270 2043 4323 sic
2073 4277 2133 4322 ut
2162 4271 2399 4323 arcticus
2428 4270 2515 4324 ille
2535 4271 2782 4339 attingat,
2800 4283 2862 4323 ac
2880 4268 3276 4340 quodammodo

1729 4361 1881 4413 radat
1910 4359 2264 4414 horizontem.
2297 4358 2435 4416 Hinc
2466 4361 2665 4415 Aratus
2692 4381 2704 4415 :

77 4463 127 4500 τε
156 4448 254 4502 τοῦ
289 4450 584 4540 Δράκοντος
624 4450 858 4520 κεφαλὴν
900 4453 1275 4523 ἐφαπτομένην
1312 4452 1403 4505 τοῦ
1458 4446 1712 4524 ἀρκτικοῦ
1779 4455 1974 4510 κύκλου
1996 4499 2011 4524 ,
2044 4457 2207 4511 αὐτοῦ
2245 4458 2302 4512 δὲ
2338 4457 2429 4511 τοῦ
2480 4458 2736 4529 ἀρκτικοῦ
2778 4460 3146 4530 ἐφαπτομένου
3181 4460 3279 4515 τοῦ.

78 4544 340 4613 ὁρίζοντος
365 4587 379 4610 ,
404 4547 496 4599 καὶ
526 4546 712 4618 ὥσπερ
742 4545 879 4609 ξέειν
911 4548 1088 4601 αὐτόν.
1132 4549 1222 4600 Διὸ
1262 4548 1353 4601 καὶ
1396 4550 1626 4621 Ἄρατός
1659 4567 1820 4619 φησι·

79 4662 247 4734 Κείνη
280 4674 397 4715 που
422 4661 651 4734 κεφαλὴ
676 4660 747 4729 τῇ
772 4662 1043 4734 νίσσεται
1072 4664 1137 4734 η,
1170 4659 1272 4733 ᾗχί
1309 4678 1417 4733 περ
1448 4666 1619 4734 ἄκραι
1652 4670 1697 4728 D

78 4731 398 4798 Μίσγονται,
418 4730 623 4797 δύσιές
649 4748 710 4784 τε
737 4732 833 4784 καὶ
867 4733 1112 4785 ἀντολαὶ
1140 4730 1464 4804 ἀλλήλῃσι.

138 4842 240 4892 Τὸν
272 4841 381 4911 γὰρ
410 4841 656 4912 ὁρίζοντα
700 4840 899 4911 μεταξὺ
938 4841 1031 4893 τοῦ
1076 4843 1213 4912 ὑπὲρ
1240 4844 1341 4911 γῆς
1384 4845 1477 4897 καὶ
1518 4843 1619 4895 ὑπὸ

80 4928 549 5002 ήννὴμισφαιρίου
582 4926 719 4985 εἶναι
758 4932 1085 5003 συμϐέϐηκε.
1132 4934 1286 4996 Τινὲς
1313 4935 1367 4987 δὲ
1398 4938 1494 4988 οὐκ
1529 4936 1619 4988 ἐπὶ

80 5020 161 5073 τοῦ
179 5020 447 5091 ὁρίζοντος
474 5022 907 5089 ἀκούουσιν,ἀλλ’
935 5024 1027 5077 ἐπὶ
1054 5025 1143 5079 τοῦ
1166 5028 1530 5099 μεσημϐρινοῦ
1558 5030 1618 5081 τὸ

82 5112 172 5180 ὑπό
194 5111 289 5189 τοῦ
327 5112 549 5181 Ἀράτου
572 5113 779 5184 λεχθέψ
804 5116 934 5169 διότι
961 5118 1055 5170 τοῦ
1084 5119 1221 5189 ὑπὲρ
1237 5119 1337 5189 γῆς
1357 5122 1616 5189 ἡμισφαι-

84 5201 184 5270 ρίου
217 5202 543 5273 τεμνομένου
581 5204 684 5256 ὑπὸ
720 5205 813 5259 τοῦ
856 5208 1223 5278 μεσημϐρινοῦ
1261 5209 1320 5261 τὸ
1358 5212 1454 5278 μὲν
1499 5211 1613 5263 ἐστι

81 5294 201 5367 πρὸς
243 5296 309 5365 τῇ
347 5294 597 5365 ἀνατολῇ,
620 5296 680 5348 τὸ
720 5296 776 5349 δὲ
810 5298 943 5369 πρὸς
976 5303 1037 5371 τῇ
1069 5300 1233 5356 δύσει.
1277 5302 1427 5371 Ἐμοὶ
1458 5303 1513 5355 δὲ
1552 5304 1612 5356 ού

80 5382 203 5435 πάνυ
236 5399 289 5437 τι
318 5384 463 5437 δοκεῖ
496 5385 651 5438 τοῦτο
692 5384 868 5455 λέγειν
907 5390 1164 5459 ’Ἄρατος⁹
1208 5393 1255 5443 εί
1287 5392 1359 5462 μὴ
1403 5394 1508 5465 ἄρα
1536 5411 1618 5457 τις

82 5469 203 5525 οὔτω
233 5472 380 5542 λέγοι
415 5474 513 5546 τὴν
548 5475 785 5546 κεφαλὴν
813 5477 904 5529 τοῦ
936 5480 1234 5549 Δράκοντος
1265 5480 1608 5549 πορεύεσθαι,

82 5649 387 5721 Μίσγονται
420 5654 625 5723 δύσιές
659 5674 722 5711 τε
1139 5590 1449 5728 minae
1469 5682 1481 5693 -

1939 4666 2083 4737 (llud
2120 4676 2275 4735 caput
2308 4684 2366 4720 eo
2401 4668 2645 4737 pervenit,
2673 4667 2759 4718 ubi
2791 4665 3006 4737 extremi

1947 4736 2235 4791 Miscentur
2270 4752 2503 4800 occasus,
2538 4747 2586 4788 et
2616 4745 2760 4789 ortus
2794 4736 3023 4789 invicem.

1791 4847 1924 4903 Nam
1978 4850 2201 4903 horizon
2270 4849 2412 4903 inter
2475 4849 2908 4917 hemisphaarium
2983 4853 3274 4916 utrumque

1723 4940 1973 5008 superius
2030 4947 2084 4992 et
2134 4938 2359 4993 inferius
2416 4939 2732 5009 interjectus
2772 4947 2871 4993 est.
2922 4934 3037 4988 Non
3074 4934 3269 4992 desunt

1724 5039 1922 5092 tamen,
1947 5032 2037 5098 qui
2061 5031 2213 5083 Arati
2237 5031 2398 5085 verba
2434 5032 2525 5084 illa
2560 5045 2666 5084 non
2695 5030 2761 5082 ad
2790 5028 3140 5103 horizontem,
3170 5026 3263 5079 sed

1722 5122 1788 5175 ad
1822 5121 2179 5175 meridianum
2231 5121 2509 5177 referant:
2540 5121 2795 5190 quoniam
2847 5134 2969 5171 cum
3019 5118 3268 5186 superius

1720 5211 2154 5281 hemisphaerium
2188 5228 2218 5266 a
2248 5214 2543 5267 meridiano
2573 5212 2775 5266 circulo
2822 5210 3108 5271 dividitur,
3144 5208 3267 5275 ejus

1719 5302 1897 5356 altera
1926 5317 2053 5372 pars
2076 5303 2142 5357 ad
2172 5313 2349 5359 ortum
2373 5345 2387 5370 ,
2420 5304 2585 5357 altera
2618 5302 2684 5355 ad
2730 5316 2981 5373 occasum
3010 5298 3261 5367 pertinet.

1722 5391 1849 5447 Mihi
1876 5409 2021 5471 vero.
2052 5411 2161 5449 non
2211 5396 2314 5450 hoc
2346 5396 2480 5449 velle
2507 5393 2608 5447 sibi
2656 5376 2865 5447 videtur
2896 5392 3121 5452 Aratus,
3157 5388 3258 5442 nisi

1715 5485 1835 5553 quis
1857 5481 2088 5540 fortasse
2110 5485 2307 5541 dixerit
2332 5484 2591 5539 Draconis
2622 5490 2782 5553 caput
2807 5496 2870 5536 eo
2898 5479 3055 5543 ferri,

2020 5636 2034 5646 .
2113 5637 2127 5651 .
2294 5640 2309 5655 .
2421 5630 2439 5651 .
2476 5594 2812 5649 ιιὸίεειιτειηί
2996 5640 2999 5643 ,

1931 5665 2221 5720 Miscentur
2232 5681 2467 5730 occasus,
2491 5675 2539 5719 et
2566 5678 2710 5719 ortus
2731 5663 2939 5715 invicem
2959 5676 2981 5724 ;

81 5740 197 5797 καθὸ
223 5744 319 5837 τοῦ
355 5744 623 5819 ὁρίζοντος
664 5751 1012 5823 ἐφαπτομένη
1042 5752 1185 5805 ἐστὶν
1218 5754 1248 5823 η
1280 5754 1483 5825 κεφαλὴ
1515 5756 1606 5811 τοῦ

1735 5758 1804 5814 ibi
1839 5758 2103 5830 contingit
2142 5758 2474 5814 horizontem
2508 5754 2767 5812 Draconis
2796 5758 2954 5822 caput
2999 5750 3065 5805 ad
3098 5749 3243 5805 meri-

142 5899 176 5931 ιι
264 5899 423 5975 τδήδή,
496 5904 541 5989 ξ’
575 5904 615 5974 ί,
638 5904 855 5977 ἡμέραι.
925 5906 968 5939 ³³
1002 5923 1087 5975 γρ.
1120 5907 1354 5977 vive-rat.
