4008 6328
700 471 800 532 991

1713 473 1798 526 AD
1840 472 2103 527 EUSEBII
2139 473 2534 543 CllRONlCON
2579 474 2928 529 APPENDIX.

3795 476 3880 534 993

699 594 921 646 manum
961 589 1264 653 circulum,
1309 606 1414 660 qua
1459 598 1610 660 parte
1664 605 1786 644 cum
1841 590 2118 646 horizonte
2164 593 2244 665 ille

2355 591 2673 660 Δράκοντος,
2709 592 2800 644 καὶ
2831 589 2961 662 πρὸς
2983 591 3059 662 τῷ
3093 593 3479 665 μεσημϐρινῷ,
3507 593 3643 648 καθὸ
3674 593 3874 664 συμβολὴ

701 682 1078 746 committitur,
1105 697 1171 735 ac
1199 697 1258 736 se
1288 682 1390 752 ipsi
1426 690 1608 737 secant
1661 682 1911 737 invicem.
1963 661 2252 752 Propte’rea

702 773 770 826 de
795 771 1010 843 Cepheo
1041 775 1266 842 loquens
1300 773 1517 841 Aratus,
1550 774 1799 830 eumdem
1851 775 2008 828 nobis
2049 774 2256 828 indica-

702 854 796 929 vit.
824 865 955 919 Nam
984 866 1143 934 hujus
1165 880 1291 935 pars
1326 867 1416 920 illa
1442 873 1575 930 tota,
1610 881 1731 936 quae
1755 881 1783 918 a
1810 865 2028 935 cingulo
2068 865 2134 920 ad
2164 881 2255 935 pe-

699 953 800 1007 des
830 954 1077 1023 pertinet,
1111 955 1253 1008 intra
1273 954 1534 1008 circulum
1564 957 1830 1010 arcticum
1861 964 1963 1010 est.
1987 955 2252 1022 Quoniam

705 1061 832 1100 vero
862 1046 1100 1101 circulus
1153 1048 1390 1102 arcticus
1439 1048 1640 1101 occidit
1689 1063 2004 1117 nunquam;
2044 1048 2252 1102 balteus

702 1150 831 1190 vero
861 1136 1060 1206 Cephei
1094 1138 1149 1192 in
1189 1139 1392 1193 ambitu
1426 1149 1510 1194 est
1561 1139 1802 1208 ejusdem
1860 1139 2076 1206 arctici;
2126 1139 2253 1193 hinc

700 1226 1037 1282 horizontem
1067 1242 1162 1298 per
1191 1228 1308 1299 ejus
1345 1230 1582 1296 balteum
1615 1229 1883 1300 signiﬁcat
1923 1248 1936 1283 :

1264 1442 1278 1455 .
1358 1442 1369 1454 .
1448 1441 1464 1456 .
1507 1401 1734 1471 Cepheus
1768 1413 1937 1456 autem
1972 1403 2180 1472 cingulo

704 1469 920 1524 Terram
952 1471 1129 1524 radit:
1162 1488 1278 1542 qua:
1321 1483 1442 1526 sunt
1495 1474 1548 1524 iu
1578 1469 1750 1541 capite
1771 1473 2006 1542 quidem,
2037 1469 2248 1556 prorsus

703 1608 922 1680 Tingens
955 1610 1200 1666 Oceano:
1235 1611 1332 1665 illa
1383 1627 1500 1664 vero
1554 1629 1656 1666 non
1709 1613 1867 1667 licet:
1901 1613 1989 1667 sed
2023 1543 2250 1681 eitmipztc:

706 1743 852 1800 Ursie
881 1747 1168 1815 prohibent,
1199 1747 1370 1814 pedes,
1404 1758 1451 1800 et
1479 1764 1628 1818 genu,
1653 1759 1701 1801 et
1725 1747 1943 1801 lumbos.

773 1857 894 1912 Haec
913 1865 1038 1912 sunt
1055 1873 1172 1928 qua:
1198 1858 1264 1912 de
1287 1859 1507 1928 sphaera:
1531 1861 1707 1928 positu
1737 1859 1964 1913 dicenda
1991 1858 2245 1914 videban-

2356 677 2559 742 γίνεται
2602 677 2692 730 τοῦ
2748 679 3115 751 μεσημϐρινοῦ
3169 681 3258 734 καὶ
3306 681 3400 735 τοῦ
3452 682 3756 753 ὁρίζοντος,
3803 686 3875 736 καὶ

2354 768 2636 837 τέμνουσιν
2665 769 2942 840 ἀλλήλους.
2980 773 3087 826 Καὶ
3115 772 3199 826 διὰ
3217 772 3379 826 ’τοῦτο
3410 769 3539 845 περὶ
3565 774 3786 844 Κηφέως
3806 775 3874 827 λέ-

2354 876 2493 925 γων,
2525 861 2617 912 τὸν
2663 861 2823 914 αὑτὸν
2862 862 3116 932 ἐνέφηνεν
3162 867 3292 934 ἡμῖν
3340 865 3369 916 6
3408 866 3661 935 Ἄρατος.
3710 866 3870 919 Τοὺτω

2353 949 2460 1020 γὰρ
2495 951 2563 1002 τὰ
2607 951 2713 1004 ἀπὸ
2755 953 2852 1022 τῆς
2891 951 3064 1024 ζώνης
3104 955 3207 1019 ἕως
3244 955 3353 1008 τῶν
3397 952 3574 1009 ποδῶν
3608 957 3750 1019 ἐντός
3783 959 3871 1010 ἐστι

2352 1039 2444 1090 τοῦ
2474 1038 2754 1108 ἁρκτικοῦ.
2797 1041 2947 1094 Ἐπεὶ
2991 1042 3046 1096 δὲ
3079 1046 3107 1096 6
3139 1044 3393 1114 ἀρκτικὸς
3433 1044 3634 1106 κιῖκλος
3660 1045 3870 1098 οὐδέποτε

2354 1129 2692 1196 καταδύεται,
2725 1133 2756 1201 ἡ
2787 1131 2843 1183 δὲ
2873 1131 3013 1204 ζώνη
3038 1132 3130 1186 τοῦ
3158 1135 3390 1204 Κηφέως
3417 1137 3475 1188 ἐν
3493 1136 3560 1205 τῇ
3589 1137 3871 1206 περιφερείᾳ

2341 1217 2467 1271 ἐστὶ
2499 1217 2590 1270 τοῦ
2627 1220 2883 1291 ἀρκτικοῦ
2917 1221 3112 1276 κύκλου
3154 1223 3243 1276 τὸν
3281 1223 3529 1296 ὁρίζοντα
3559 1224 3648 1278 διὰ
3676 1225 3765 1288 τῆς
3793 1225 3871 1288 ζώ-

2350 1324 2445 1378 νης
2471 1309 2632 1384 αὑτοῦ
2660 1311 2910 1381 ἐμφαίνει

2778 1406 2904 1456 ..μό
2924 1402 2990 1456 δὲ
3026 1402 3172 1472 ζώνῃ
3200 1405 3330 1458 τότε
3355 1404 3595 1472 Κηφεὺς

2349 1471 2538 1525 Γαῖαν
2559 1471 2790 1534 ὲπιξύει
2817 1488 2830 1500 '
2860 1473 2932 1526 τὰ
2961 1472 3079 1542 μὲν
3105 1471 3174 1527 ἐν
3201 1473 3431 1544 κεφαλῇ
3447 1471 3620 1544 μάλα
3644 1473 3816 1527 πάντα

2348 1604 2599 1660 Βάπτων
2637 1606 2934 1661 Ὠκεανοῖο
2959 1622 2974 1637 ο
3014 1605 3086 1660 τὰ
3122 1606 3172 1660 δ’
3201 1571 3272 1660 οὐ
3305 1607 3468 1676 θέμις
3489 1624 3502 1636 ·
3535 1604 3791 1726 ἀλλὰῐτᾴ

3728 1692 3820 1726 αυτ

2352 1737 2578 1810 Ἀρκτοι
2608 1745 2929 1809 κωλύουσι,
2968 1746 3176 1812 πόδας,
3205 1746 3300 1801 καὶ
3332 1746 3539 1816 γοῦνα,
3565 1745 3664 1799 καὶ

2417 1854 2497 1906 Τὰ
2528 1855 2625 1925 μὲν
2654 1850 2746 1908 οὖν
2783 1855 2880 1924 τῆς
2922 1856 3120 1920 θέσεως
3149 1856 3320 1908 ταῦτα
3347 1873 3360 1885 ·
3399 1856 3488 1909 τὸν
3521 1856 3578 1908 δὲ
3613 1856 3872 1926 ἐξηγούμε-

697 1955 809 2004 tur.
848 1947 1018 2013 Quam
1057 1949 1150 2017 qui
1182 1949 1451 2017 explicare
1478 1951 1604 2003 velit
1632 1952 1669 2016 ,'
1704 1949 1846 2003 hunc
1893 1949 1960 2003 ad
2002 1949 2244 2005 dextram

2348 1963 2436 1999 νον
2462 1948 2518 1998 ἐν
2545 1944 2691 2015 δεξιᾷ
2721 1945 2824 2016 χρὴ
2848 1946 2938 1997 τὸν
2969 1945 3170 2017 βόρειον
3209 1947 3366 1999 πόλον
3390 1945 3553 2015 ἔχειν,
3579 1948 3675 1999 καὶ
3706 1949 3760 2026 ἐν
3782 1949 3873 2018 ape

699 2039 968 2094 borealem
1000 2040 1196 2094 habere
1227 2041 1406 2109 polum
1437 2049 1650 2112 oportet
1682 2060 1695 2096 :
1747 2043 2036 2097 australem
2079 2042 2145 2096 ad
2171 2043 2247 2096 si-

701 2131 950 2184 nistram.
980 2128 1112 2184 Nam
1142 2128 1295 2185 Ursae
1318 2132 1371 2184 in
1394 2133 1604 2187 oriente
1630 2133 1834 2187 dextrae
1866 2142 2026 2197 sunt;
2064 2143 2247 2189 auster

697 2236 826 2276 vero
863 2221 1101 2276 sinister.
1133 2221 1362 2287 Quidam
1396 2231 1572 2278 tamen
1616 2240 1735 2279 cum
1771 2226 1918 2278 illam
1955 2226 2242 2295 explicant,

697 2311 906 2364 malunt
937 2319 1061 2366 aute
1093 2328 1150 2367 se
1191 2310 1358 2367 Ursas
1393 2313 1630 2380 habere;
1688 2330 1828 2383 pone
1862 2325 2106 2369 austrum
2135 2335 2149 2372 :
2188 2327 2246 2371 ut

695 2401 886 2456 dexter
915 2404 982 2456 sit
1022 2403 1152 2470 ipsis
1182 2405 1395 2468 oriens,
1429 2405 1651 2460 sinister
1688 2407 1960 2463 occidens.
1995 2407 2148 2474 Quod
2178 2425 2244 2465 ex

697 2491 998 2549 Homericis
1029 2494 1272 2576 versibus
1303 2494 1535 2551 fortasse
1563 2497 1869 2552 didicerunt
1913 2518 1925 2554 :

698 2602 816 2675 Sive
843 2603 1170 2659 dextrorsum
1192 2616 1308 2659 eant
1340 2607 1406 2659 ad
1430 2624 1674 2662 auroram
1697 2620 1746 2662 et
1768 2611 1964 2675 solem;

695 2674 814 2730 Sive
839 2675 1196 2730 sinistrorsum
1220 2677 1287 2731 ad
1320 2694 1559 2733 occasum
1589 2680 1930 2736 tenebrosum.

2350 2054 2436 2090 στε
2447 2039 2512 2106 ρᾷ
2534 2035 2621 2088 τὸν
2647 2037 2834 2090 νότιον.
2873 2037 3087 2109 Ἐπειδὴ
3117 2040 3170 2090 αἱ
3203 2037 3388 2108 ἄρκτοι
3419 2039 3511 2092 ἐπὶ
3531 2039 3792 2092 ἀνατολῶν
3819 2043 3862 2091 ἐν

2346 2127 2492 2198 δεξιᾷ
2513 2131 2713 2180 κεῖνται
2739 2143 2754 2158 ⁸
2789 2129 2848 2180 ἐν
2886 2129 3144 2200 ἀριστερᾷ
3173 2129 3228 2182 δὲ
3260 2132 3288 2183 6
3316 2130 3483 2192 νότος.
3518 2132 3673 2194 Τινὲς
3703 2131 3755 2183 δὲ
3781 2132 3868 2183 τῶν

2345 2215 2716 2286 ἐξηγουμένων
2738 2216 3010 2286 βούλονται
3035 2217 3334 2289 ἔμπροσθεν
3361 2219 3457 2288 μὲν
3486 2219 3585 2280 τὰς
3615 2221 3873 2290 Ἀρκτους.

2343 2308 2515 2360 ὀπίσω
2538 2308 2593 2361 δὲ
2623 2308 2711 2361 τὸν
2745 2309 2912 2373 νότον,
2941 2309 3087 2376 δεξιὰ
3122 2310 3177 2363 δὲ
3205 2310 3302 2372 τὰς
3323 2309 3616 2373 ἀνατολὰς,
3643 2312 3874 2383 ἀριστερὰ

2343 2398 2398 2451 δὲ
2427 2401 2524 2470 τίτί
2553 2400 2700 2453 δύσιν
2728 2401 2900 2471 ἔχειν’
2935 2400 3062 2464 ἴσως
3103 2400 3209 2454 ἀπὸ
3248 2402 3354 2454 τῶν
3400 2400 3710 2473 Ὁμηρικῶν
3755 2402 3875 2454 entia-4

2344 2491 2650 2560 κινηθέντες
2665 2509 2679 2522 ’

2343 2605 2388 2636 ’⁸
2419 2607 2538 2658 Εἶτ’
2569 2607 2663 2658 ἐπὶ
2692 2606 2834 2669 δεξί’
2861 2606 2991 2659 ἴωσι
3024 2605 3170 2675 πρὸς
3195 2605 3280 2672 ἠὼ
3306 2605 3354 2657 τ’
3383 2606 3597 2673 ἠέλιόν
3617 2623 3699 2663 τε.

2336 2675 2455 2727 Εἶτ’
2490 2677 2579 2727 ἐπ’
2601 2674 2886 2745 ἀριστερὰ
2914 2674 3070 2744 τοίγε
3092 2676 3225 2728 ποτὶ
3247 2675 3430 2743 ζόφον
3455 2677 3768 2743 ἠερόεν-ται

696 2784 1005 2846 Nescieules
1033 2795 1246 2856 poetam
1279 2791 1681 2847 accommodate
1724 2793 1790 2846 ad
1825 2793 2040 2847 illorum
2076 2796 2239 2852 situm

2340 2792 2436 2843 οὐκ
2499 2791 2822 2853 εἰδότες,.ώς
2879 2794 2906 2842 6
2949 2790 3174 2860 ποιητὴς
3218 2788 3352 2860 πρὸς
3409 2789 3506 2859 τὴν
3561 2788 3670 2840 τῶν
3721 2789 3877 2842 τόπων

690 2877 910 2933 dextras
941 2880 1240 2948 appellasse
1279 2888 1457 2950 partes
1504 2883 1832 2948 orientales,
1880 2886 2240 2942 occidentales

2340 2882 2557 2933 ἐκείνων
2607 2881 2750 2932 θέσιν
2813 2880 2957 2944 δεξιὰ
3014 2880 3110 2950 μὲν
3150 2879 3219 2932 τὰ
3263 2879 3589 2943 ἀνατολικὰ,
3643 2881 3876 2950 ἀριστερὰ

691 2970 965 3024 sinistras.
995 2973 1060 3024 At
1081 2973 1134 3024 in
1169 2973 1354 3031 mundi
1391 2975 1570 3043 positu
1600 2974 1803 3030 dextra:
1827 2983 1954 3031 sunt
1983 2977 2154 3042 Ursae,
2187 2986 2240 3033 et

2340 2973 2394 3026 δὲ
2434 2973 2502 3024 τὰ
2531 2973 2719 3025 δυτικὰ
2748 2969 2915 3025 εἶπεν.
2959 2972 3020 3024 Ἥ
3067 2972 3122 3024 δέ
3161 2971 3250 3045 τοῦ
3297 2972 3502 3042 κόσμου
3542 2973 3726 3037 θέσις,
3755 2971 3878 3025 καθὰ

687 3077 756 3117 eo
782 3062 940 3117 modo
970 3064 1231 3132 sphazram
1283 3067 1617 3124 constituere
1666 3067 1824 3123 debet
1854 3069 1946 3140 qui
1979 3069 2124 3127 illius
2154 3085 2240 3124 ra-

689 3154 894 3208 tionem
924 3154 1118 3210 docere
1146 3157 1288 3212 velit.

1328 3247 1405 3303 De
1450 3259 1612 3306 motu.

757 3337 846 3392 36.
879 3336 981 3403 Qui
1011 3339 1272 3407 sphaeram
1302 3342 1554 3410 explicat,
1583 3343 1636 3397 in
1677 3344 1945 3399 contraria
1974 3345 2238 3416 sphaeram

691 3437 957 3499 torqueat.
982 3429 1113 3485 Nam
1140 3431 1233 3501 qui
1262 3442 1449 3486 contra
1474 3434 1735 3504 sphaeram
1783 3453 1975 3493 versus
2001 3439 2240 3508 seipsum

685 3519 796 3590 93
830 3520 1023 3586 ciebit;
1063 3519 1211 3577 Ursae
1247 3521 1480 3580 sinistrae
1508 3531 1666 3578 erunt
1692 3525 1925 3579 orienti:
1960 3534 2144 3581 auster
2173 3526 2239 3581 ad

689 3611 974 3668 dextram:
1011 3612 1155 3683 quod
1205 3613 1318 3669 ﬁeri
1374 3615 1580 3684 nequit.
1631 3616 1785 3682 Quod
1843 3629 2017 3673 autem
2053 3620 2147 3684 ita,
2181 3627 2240 3676 ut

688 3703 956 3769 diximus,
997 3707 1260 3762 movenda
1291 3708 1500 3777 sphaera
1532 3709 1623 3774 sit,
1648 3710 1866 3768 docebit
1889 3728 1988 3770 nos
2011 3714 2235 3782 Aratus,

687 3795 782 3867 qui
815 3795 880 3851 de
909 3795 1058 3852 Ursis
1081 3799 1213 3852 alias
1248 3799 1471 3869 loquens
1496 3818 1510 3854 :

831 3971 1115 4049 ._..Semper
1135 3992 1251 4049 vero
1283 3978 1336 4049 in
1363 3978 1632 4032 humerum
1664 3980 1917 4049 feruntur,

829 4043 1155 4111 Prwpostere
1186 4048 1238 4100 in
1276 4047 1514 4103 humeros
1540 4043 1815 4109 conversae.

693 4134 836 4190 Alias
869 4135 933 4190 de
969 4135 1245 4207 Ophiucho
1281 4157 1295 4193 :

693 4225 759 4302 [η
781 4227 1019 4280 humeros
1050 4228 1655 4302 demittita'rumnosum
1684 4232 2006 4302 Ophiuchum

691 4295 890 4350 Cancer
913 4313 940 4350 e
976 4297 1229 4366 genibus:
1262 4298 1489 4380 demittit
1533 4320 1650 4357 vero
1691 4295 1989 4380 serpentem
2022 4310 2232 4378 propius

1945 4375 2226 4448 [cervicem

688 4455 815 4511 Item
851 4475 864 4512 :

690 4548 872 4620 Oritur
900 4546 1096 4617 Hydra:
1127 4556 1304 4615 caput,
1331 4557 1379 4601 et
1407 4550 1770 4620 cwsiusLepus

688 4620 760 4671 Ac
791 4618 1030 4688 Procyon
1059 4633 1076 4670 :
1104 4619 1488 4689 anterioresque
1520 4618 1683 4676 Canis
1702 4622 1851 4690 pedes
1876 4625 2126 4682 ardentis.

687 4776 896 4830 Rursus

684 4866 974 4922 Dimidium
1004 4864 1244 4928 Coronae,
1267 4874 1315 4919 et
1336 4867 1501 4932 ipsam
1532 4878 1843 4933 postremam
1867 4875 2089 4928 caudam

683 4937 932 4990 Centauri
964 4937 1135 5003 ferunt
1156 4936 1490 4990 ascendentes
1522 4939 1693 4992 adhuc
1718 4939 1910 4998 Chelas.

680 5026 755 5081 De
782 5025 914 5080 Ceto
943 5042 1071 5081 vero
1101 5043 1114 5077 :

683 5119 758 5172 Ac
787 5115 924 5188 quod
955 5117 1022 5170 ad
1051 5120 1294 5174 cervicem
1320 5137 1479 5187 usque
1504 5137 1802 5178 conversum
1837 5138 1914 5183 est

683 5253 923 5318 Occidit;
956 5269 1110 5323 porro
1145 5253 1372 5324 Cepheus
1407 5259 1594 5328 capite,
1620 5269 1668 5313 et
1703 5279 1882 5330 manu,
1914 5277 1961 5321 et
1989 5269 2217 5328 humero.

680 5411 812 5465 Item
846 5430 859 5464 :

679 5499 859 5573 Equus
878 5513 1049 5557 autem
1079 5520 1307 5573 aquario
1329 5509 1653 5563 commodum
1679 5513 1872 5570 oriente

2341 3067 2616 3136 προεῖπον,
2657 3064 2834 3130 δεξιὰς
2869 3065 2977 3134 ἔχει
3011 3064 3106 3126 τὰς
3142 3064 3406 3134 Ἀρκτους
3431 3082 3444 3094 ·
3476 3066 3573 3118 καὶ
3611 3064 3776 3129 οὕτως
3814 3083 3879 3117 τι·

2341 3156 2486 3208 Οέναι
2519 3157 2621 3227 χρὴ
2656 3158 2752 3227 τὴν
2786 3159 3016 3225 σφαῖραν
3048 3155 3136 3206 τὸν
3169 3153 3551 3225 ἐξηγούμενον.

2873 3246 3012 3313 Περὶ
3051 3244 3361 3311 κινήσεως.

2410 3340 2516 3406 λς’.
2538 3339 2654 3409 Χρὴ
2669 3338 2758 3390 τὸν
2783 3337 3138 3407 ἐξηγούμενον
3166 3337 3256 3388 ἐπὶ
3278 3337 3348 3389 τὰ
3373 3336 3590 3390 ἐναντξα
3614 3337 3876 3408 περιδινεῐν

2340 3431 2437 3501 τὴν
2468 3433 2716 3499 σφαῖραν.
2754 3429 2816 3484 Ei
2846 3428 2952 3499 γάρ
2987 3445 3070 3490 τις
3103 3427 3221 3502 ἀπὸ⁴
3251 3429 3358 3481 τῶν
3389 3430 3646 3483 ἐναντίων
3673 3429 3751 3497 ἐφ’
3775 3431 3878 3481 ἑαν-

2338 3523 2427 3575 τὸν
2459 3519 2916 3592 περιδινήσειντὴν
2961 3521 3189 3590 σφαῖραν
3213 3559 3228 3582 ,
3261 3521 3316 3572 αἱ
3353 3521 3580 3591 Ἀρκτοι
3619 3521 3876 3591 ὰριετεραὶ

2339 3612 2548 3664 ἔσονται
2590 3610 2696 3662 τῶν
2743 3610 3012 3663 ἀνατολῶν
3041 3629 3052 3640 ·
3099 3613 3126 3662 6
3168 3609 3224 3662 δὲ
3267 3610 3416 3674 νότος
3450 3614 3511 3663 ἐν
3542 3611 3723 3682 δεξιᾷ*
3761 3613 3874 3680 ὅπερ

2338 3703 2613 3758 ἀδύνατον.
2647 3703 2762 3756 Ὅτι
2792 3703 2868 3766 δὲ,
2894 3702 2967 3766 ὠς
2994 3696 3164 3767 εἷπον,
3190 3700 3293 3772 χρὴ
3317 3701 3418 3771 τὴν
3448 3705 3684 3773 σφαῖραν
3711 3704 3872 3760 κινεῖν,

2337 3795 2534 3862 διδάξει
2585 3797 2731 3866 ἡμᾶς
2781 3794 2941 3857 αὐτὸς
2986 3795 3216 3864 ’Δρατος
3284 3793 3416 3845 ποτέ
3465 3793 3566 3862 μὲν
3623 3793 3874 3863 περὶτῶν

2341 3889 2587 3958 ’Λρκτων
2610 3888 2800 3958 λέγων.

2341 4020 2354 4032 .
2495 3956 3111 4043 ,Αὶεὶ-δέκατωμιίδιαι
3143 3971 3474 4043 φορέονται,

2340 4050 2636 4117 Ἕμπιιλιν
2659 4050 2745 4112 εις
2782 4041 2973 4114 ὤμους
3008 4041 3410 4110 τετραμμέναι.

2337 4139 2469 4191 Ποτὲ
2507 4137 2562 4190 δὲ
2597 4137 2688 4190 ἐπὶ
2719 4136 2810 4188 τοῦ
2857 4133 3131 4203 Ὁφιούχου
3164 4133 3366 4200 λέγων’
3424 4159 3428 4164 ~

2341 4228 2450 4281 Τὸν
2477 4228 2543 4280 δὲ
2572 4229 2666 4281 καὶ
2694 4231 2778 4293 εὶς
2805 4227 3000 4294 ὤμους
3027 4222 3263 4296 κατάγει
3287 4225 3549 4296 μογερὸν
3593 4227 3870 4296 Ὀφιοῧχον

2336 4299 2625 4365 Καρκίνος
2661 4298 2728 4350 ἐκ
2762 4293 3049 4365 γονάτων·
3090 4293 3327 4364 κατάγει
3352 4295 3404 4348 δ’
3428 4293 3863 4437 "Cyrri-fugerem

3635 4385 3797 4435 ΤΓυς·

3635 4385 3797 4435 Τγυς-

2334 4461 2444 4514 Καὶ
2472 4459 2627 4513 πάλιν
2647 4478 2659 4489 ·

2347 4552 2641 4605 Ἀντὲλλει
2661 4551 2712 4603 δ’
2733 4549 2943 4618 ’Ὑδρης
2978 4551 3228 4621 κεφαλὴ,
3247 4552 3511 4620 χαροπδς
3542 4569 3602 4605 τε
3631 4555 3865 4620 Amic.

2265 4612 2309 4667 Ῐ)
2333 4623 2442 4676 Καὶ
2472 4623 2791 4690 Προκύων·
2825 4612 3098 4690 ὰρὸτεροί
3128 4612 3409 4686 τεῈυνὸς
3445 4612 3869 4692 ποδεςίαὶὸομέ-

3627 4691 3798 4765 [νοιο.

2332 4781 2442 4834 Καὶ
2468 4780 2623 4833 πάλιν
2640 4797 2658 4815 ο

2331 4875 2546 4940 Ἥμισυ
2582 4873 2649 4926 δὲ
2675 4872 3014 4942 Στεφάνοιο,
3044 4873 3141 4926 καὶ
3172 4869 3366 4938 αὐτὴν
3402 4871 3666 4940 ἔσχατον
3704 4873 3868 4942 οὐρὴν

2327 4944 2658 5010 Κενταύρου
2683 4943 3005 5013 φορέουσιν
3031 4943 3422 5010 ἀνερχόμεναι
3451 4945 3540 4998 ἔτι
3571 4947 3781 5013 Χηλσὶ.

2330 5033 2438 5086 Καὶ
2465 5034 2589 5105 περὶ
2612 5035 2705 5088 τοῦ
2738 5036 2978 5105 Κήιιτους⁸
3247 5092 3262 5097 -

2328 5125 2437 5178 Καὶ
2490 5125 2555 5178 τὸ
2593 5127 2709 5196 μὲν
2753 5128 2817 5192 ἐς
2860 5123 3082 5193 λοφιὴν
3134 5124 3533 5194 τετραμμένον
3567 5127 3707 5194 ὄτρι
3730 5123 3866 5196 ,παρ’

2328 5265 2527 5319 Δύνει·
2585 5265 2729 5334 ἀτὰρ
2787 5264 3024 5335 Κηφεὺς
3081 5262 3349 5334 κεφαλῇ,
3395 5264 3494 5318 καὶ
3546 5208 3865 5405 ἵππω

3727 5351 3799 5401 ,μ

3625 5352 3784 5405 Uni"?

2327 5428 2435 5479 Καὶ
2467 5425 2624 5480 πάλιν
2639 5444 2653 5457 ·

2325 5517 2526 5581 Ἵππος
2557 5517 2608 5569 δ’
2645 5517 2964 5586 ’Υδροχόοιο
3005 5517 3145 5571 νέον
3175 5516 3698 5586 περιτελλομένοιο

681 5568 928 5637 Pedibus,
958 5584 1006 5628 et
1028 5568 1192 5642 capite
1220 5576 1515 5631 revolvitur.
1539 5579 1622 5633 Ea;
1652 5568 1867 5639 adverso
1891 5598 2060 5646 autem
2086 5593 2220 5664 Equi

2340 5568 2518 5640 flcer
2566 5568 2628 5640 τε
2662 5568 3064 5656 ’ἱέέςὲώῆ
3081 5568 3779 5664 ’ἀνελισσεταῖίένῖτία
3823 5581 3866 5631 δ’

677 5705 720 5761 Α
756 5705 924 5759 cauda
943 5704 1259 5763 Centaurum
1285 5711 1502 5764 attrahit
1533 5715 1750 5773 occidua
1771 5735 1890 5775 nox.

678 5795 802 5852 Hec
820 5800 884 5849 de
921 5807 1067 5853 motu
1092 5801 1275 5871 paucis
1302 5801 1443 5858 dicta
1473 5812 1614 5860 sunt.

706 5939 710 5942 -
756 5912 802 5944 "
826 5910 898 5969 Il.
933 5915 1004 5968 Μ.

2333 5726 2433 5788 Ἐξ
2456 5726 2638 5792 οὐρῆς
2665 5726 2997 5795 Κένταυρον
3023 5727 3331 5795 ἐφέλκεται
3356 5655 3811 5796 ἐσπερίειζξυὲἓυ

2323 5817 2501 5870 Ταῦτα
2540 5818 2633 5887 μὲν
2663 5820 2735 5882 ὡς
2762 5821 2818 5872 ἐν
2847 5820 3031 5891 βραχεί
3060 5819 3184 5891 περὶ
3215 5817 3498 5891 κινήσεως.
