4094 6328
183 357 308 416 993

363 469 501 540 Περὶ
533 468 763 539 ἄστρων
788 470 1015 538 δύσεως
1050 488 1113 525 τε
1146 472 1242 526 καὶ
1277 472 1594 542 ἀνατολῆς.

270 583 369 649 λζ’.
406 584 526 637 Τῶν
555 584 766 656 ἄστρων
788 584 856 638 τά
884 585 980 655 μὲν
1010 585 1152 639 ἔστιν
1182 587 1433 658 ἀειφανῆ,
1465 588 1599 642 τὰδὲ
1624 591 1752 642 ποτὲ

183 674 303 743 μὲν
347 674 661 745 φαινόμενα,
713 675 840 729 ποτὲ
888 677 944 730 δὲ
989 678 1167 749 ἁφανῆ
1192 678 1463 749 γινόμενα.
1504 681 1749 751 Ἀειφανῆ

180 766 304 835 μὲν
328 761 418 818 οὖν
447 767 561 818 ἐστι
584 766 654 820 τὰ
679 767 826 831 ὲντὸς
848 767 938 821 τοῦ
963 768 1219 840 ἀρκτικοῢ
1246 768 1441 822 κύκλου
1460 788 1472 800 ·
1504 770 1753 823 οὐδέποτε

173 855 311 925 γὰρ
362 855 678 911 καταδύεται
735 858 936 913 ταῦτα·
993 860 1176 931 ἐπειδὴ
1230 860 1362 930 μηδὲ
1407 862 1435 913 6
1490 860 1751 930 περιέχων

172 946 342 999 αὐτὰ
368 947 591 1013 κύκλος·
626 951 741 1004 ἀλλ’
770 951 913 1003 ἔστιν
953 953 1039 1007 ἀεὶ
1082 956 1137 1005 έν
1182 951 1258 1022 τῷ
1305 952 1443 1023 ὑπὲρ
1486 954 1586 1024 γῆς
1627 955 1752 1024 ἡμι-

177 1036 438 1107 σφαιρίῳ
488 1039 746 1111 ἀειφανὴς
797 1040 935 1112 μετὰ
980 1042 1071 1094 καὶ
1107 1042 1213 1095 τῶν
1242 1044 1296 1096 ἐν
1333 1043 1477 1113 αὐτῷ
1507 1044 1747 1117 ἄστρων’

174 1127 381 1197 ἀφανῆ
406 1128 461 1181 δὲ
491 1130 555 1183 τὰ
585 1131 732 1194 ἐντὸς
773 1131 864 1184 τοῦ
905 1132 1256 1204 ἀνταρκτικωῖ
1295 1133 1491 1187 κύκλου
1512 1151 1525 1165 ο
1571 1136 1752 1207 ἐπειδὴ

174 1217 293 1269 καὶ
332 1218 489 1283 αὐτὸς
523 1223 608 1274 ἀεὶ
656 1224 864 1293 ἀφανὴς
899 1225 1030 1279 ἐστι.
1081 1225 1200 1277 Τῶν
1231 1226 1287 1278 δὲ
1315 1227 1752 1300 λοιπῶν’ἄστρων

173 1309 265 1362 τὰ
294 1312 391 1382 μὲν
427 1314 556 1367 ποτὲ
606 1316 701 1385 μὲν
746 1312 1035 1380 ἀνατέλλει,
1072 1318 1197 1371 ποτὲ
1238 1319 1294 1372 δὲ
1338 1319 1477 1374 δύνει
1504 1338 1516 1351 ’
1572 1320 1639 1374 τὰ
1696 1320 1751 1374 δὲ

173 1398 291 1452 ἐπὶ
324 1401 421 1471 τῆς
447 1402 614 1471 αὐτῆς
642 1404 831 1469 νυκτὸς
864 1407 954 1459 καὶ
986 1407 1260 1461 ἀνατέλλει
1291 1410 1385 1462 καὶ
1423 1409 1585 1464 δύνει.
1629 1405 1753 1465 Οἷον

175 1486 340 1542 ἔστω
373 1492 401 1542 6
439 1491 586 1561 ἡλιος
620 1494 676 1546 ὲν
712 1494 897 1565 Κριῷ·
943 1496 1127 1549 τούτου
1189 1497 1582 1565 ἀνατέλλοντος,
1620 1518 1751 1573 προ-

175 1578 472 1631 ανατέλλει
504 1580 727 1644 Ἵππος·
774 1583 831 1634 ὲν
879 1583 1081 1651 Χηλαῖς
1125 1582 1181 1634 δὲ
1236 1584 1385 1647 ὄντος
1436 1585 1529 1638 τοῦ
1579 1587 1749 1657 ἡλίου,

175 1671 292 1723 καὶ
333 1671 737 1735 ἀνατέλλοντος,
774 1671 986 1726 δέδυκεν
1036 1674 1135 1744 ἡδη
1172 1675 1384 1739 Ἵππος.
1423 1678 1749 1732 ’Ὠστεθποτὲ

180 1763 300 1830 μὲν
330 1762 572 1831 φαίνεται
605 1764 900 1818 ἀνατέλλων
936 1766 963 1816 6
997 1765 1187 1829 Ἵππος
1211 1809 1223 1832 ,
1270 1770 1394 1822 ποτὲ
1444 1770 1500 1822 δὲ
1550 1771 1748 1829 δύνωνῗ

174 1828 395 1924 δμοίὼς
436 1854 493 1908 δὲ
534 1856 630 1908 καὶ
658 1855 727 1909 τὰ
758 1857 889 1910 ἄλλα
924 1858 1093 1928 ἄστρα
1254 1860 1460 1932 Θερινοῦ
1495 1864 1750 1935 τροπικοῦ
1781 1828 1824 1882 Β

165 1945 360 2015 ίμέχρι
390 1946 482 1999 τοῦ
512 1948 838 2018 χειμερινοῦ.
876 1950 953 2003 Τά
984 1951 1089 2023 γὰρ
1134 1954 1192 2006 ὲν
1224 1953 1298 2023 τῷ
1322 1956 1658 2026 ἀνταρκτικῷ
1677 1957 1753 2027 τῷ

180 2038 335 2109 πρὸς
357 2041 491 2111 νότῳ
510 2041 635 2094 ὅντα
658 2041 869 2113 βράδιον
892 2045 1243 2100 ἀνατέλλοντα
1258 2047 1398 2101 δύνει
1425 2050 1647 2118 ταχέως,
1667 2049 1754 2103 διὰ

188 2128 265 2181 τὺ
296 2131 471 2183 πλεῖον
497 2128 631 2185 εἶναι
665 2133 827 2203 μέρος
859 2136 957 2203 τῆς
987 2137 1215 2207 σφαίρας
1250 2136 1352 2190 ὑπὸ
1384 2139 1485 2208 γῆν
1520 2141 1656 2210 πρὸς
1678 2141 1754 2212 τῷ

189 2217 372 2289 νότῳ·
404 2220 664 2274 ἀνάπαλιν
695 2223 751 2275 δὲ
775 2223 840 2275 τὰ
866 2224 1190 2296 βορειότερα,
1219 2230 1308 2279 καὶ
1349 2228 1543 2297 μεταξὺ
1569 2231 1752 2301 ἀρκτι-

182 2308 295 2361 κοῦ
335 2309 529 2363 κύκλου
576 2314 670 2366 καὶ
726 2315 1069 2384 ίσημερινοῦ,
1128 2317 1334 2385 ταχέως
1380 2321 1749 2387 ἀνατέλλοντα,

183 2397 435 2468 βραδέως
460 2400 619 2467 δύνει,
657 2403 743 2455 διὰ
779 2403 837 2456 τὸ
883 2405 1062 2458 πλεῖον
1096 2406 1237 2483 ἔχειν
1274 2409 1435 2479 μέρος
1484 2412 1622 2482 ὑπὲρ
1651 2414 1752 2483 γῆν

180 2485 295 2551 τὴν
333 2490 558 2558 σφαῖραν
603 2490 736 2561 πρὸς
783 2492 857 2562 τῷ
900 2494 1079 2566 βορέα.
1114 2498 1451 2569 Συμϐήσεται
1496 2497 1587 2555 οὖν
1632 2520 1751 2556 τινα

179 2578 305 2631 τῶν
342 2580 568 2635 ἐνταῦθα
600 2584 862 2653 κειμένων
904 2586 1115 2658 ἄστρων
1161 2591 1265 2643 ὑπὸ
1304 2591 1403 2660 τῆς
1450 2594 1614 2663 αὐτῆς
1658 2611 1750 2646 νυ-

185 2669 325 2732 κτδς
358 2670 657 2725 ἀνατέλλειν
700 2674 793 2727 καὶ
838 2675 1041 2741 δύνειν,
1079 2676 1112 2731 ἃ
1154 2678 1394 2731 καλεῖται
1447 2683 1747 2752 ἀμφιφανῆ.

182 2759 635 2833 Παραδείγματος
674 2766 732 2818 δὲ
766 2767 925 2837 χάριν
969 2770 1319 2840 παρειλὴφθω
1367 2772 1394 2823 ὁ
1439 2774 1494 2826 ὲν
1544 2775 1747 2841 γόνασι,

182 2852 293 2905 καὶ
335 2853 469 2906 ἔστω
510 2857 539 2908 6
582 2856 728 2925 ἡλιος
763 2859 819 2909 ὲν
870 2859 1101 2931 Τοξότῃ,
1151 2862 1241 2914 καὶ
1286 2863 1561 2917 ἀνατέλλει
1608 2868 1652 2898 ³³
1695 2870 1751 2920 ἐν

174 2940 364 3020 ξαὺτῷ.
395 2942 559 2995 Πάλιν
586 2942 756 2999 δυέτω
788 2944 1029 3011 δύνοντος
1061 2948 1207 3018 ἡλίου
1228 2968 1241 2980 ·
1270 2953 1471 3022 ἑσπέρα
1511 2954 1627 3007 ἐστὶ
1661 2958 1751 3009 καὶ

172 3017 294 3097 ,νύξ
312 3050 325 3062 ⁶
354 3034 382 3084 ὁ
407 3033 463 3085 δὲ
490 3036 546 3088 ὲν
572 3034 784 3102 γόνασιν
811 3038 1016 3092 οὐδέπω
1044 3040 1258 3094 δέδυκεν
1276 3059 1289 3071 ·
1325 3042 1435 3095 ἀλλ’
1470 3046 1752 3114 ἐπιμείνας

183 3124 251 3175 ὲν
298 3122 375 3193 τῷ
413 3124 549 3195 ὑπὲρ
592 3130 692 3197 γῆς
726 3130 1077 3201 ἡμισφαιρίῳ,
1116 3133 1247 3202 πρὸς
1289 3137 1352 3204 τῇ
1378 3134 1521 3187 δύσει
1559 3136 1745 3200 δύνων,
1776 3158 1816 3214 C

187 3214 422 3287 ὕστερον
452 3218 545 3270 ἐπὶ
577 3219 673 3287 τῆς
711 3220 878 3289 αὐτῆς
903 3222 1091 3286 νυκτὸς
1137 3225 1501 3295 προλαμϐάνει
1534 3226 1627 3297 τὴν
1655 3226 1746 3279 τοῦ

184 3306 345 3377 ἡλίου
393 3310 645 3381 ἀνατολὴν
686 3313 776 3364 καὶ
805 3313 899 3365 τοῦ
928 3314 1175 3378 Τοξὸτου,
1216 3318 1621 3387 προανατέλλων
1654 3320 1751 3372 αὑ-

184 3398 327 3461 τῶν,
377 3400 469 3451 καὶ
523 3399 743 3471 ὕστερον
788 3402 963 3456 αὐτῶν
1015 3404 1202 3459 δύνων.
1237 3408 1397 3477 Δηλοῖ
1435 3408 1561 3475 γοῦν
1596 3410 1749 3463 τοῦτο

191 3490 430 3557 Ἀρατος
466 3490 636 3558 λέγων
654 3509 667 3521 ·

189 3578 435 3655 ’ξοντινςα
493 3582 704 3655 τοῦτον
753 3583 961 3639 ἇὶὶγτον
1013 3587 1113 3640 ὑπ’
1163 3590 1451 3655 οὐρανίων
1494 3593 1749 3647 εἰδώλων

201 3648 865 3727 ᾉιιςίᾴτερον-δύνοντα,
899 3656 995 3707 καὶ
1027 3656 1096 3720 ἐξ
1126 3648 1331 3727 ἑτέρης
1359 3661 1598 3715 ἀνιόντα

188 3718 496 3785 Πολλάκις
524 3722 806 3790 αὐτονυχὶ
834 3718 1141 3794 θηεύμεθα.

462 3830 580 3884 Ὅτι
603 3831 806 3899 δύσεις
827 3834 1031 3901 διτταὶ,
1058 3839 1155 3891 καὶ
1187 3840 1487 3898 ἁνατολαί.

265 3920 367 3990 λη’.
400 3921 559 3984 Λύσις
581 3922 635 3975 δὲ
664 3924 874 3996 ἄστρων
904 3929 1020 3979 ἐστὶ
1049 3928 1216 4001 διττὴ,
1244 3934 1334 3985 καὶ
1366 3935 1591 4005 ἀνατολὴ
1612 3954 1625 3966 ’
1656 3940 1749 3991 καὶ

190 4017 227 4079 ἡ
256 4010 358 4080 μὲν
382 4009 491 4079 ἑῴα
520 4011 754 4079 λέγεται,
777 4018 809 4084 ἡ
837 4016 891 4069 δὲ
924 4018 1167 4088 έσπερία.
1208 4020 1344 4092 Ἐῴα
1373 4025 1468 4093 μὲν
1499 4027 1746 4098 ἀνατολὴ,

189 4100 324 4153 ὅταν
354 4103 706 4174 συνανατέλλῃ
736 4104 812 4174 τῷ
845 4106 975 4176 ἡλίῳ
1015 4107 1135 4180 [ὡς]
1168 4112 1360 4183 ἄστρα,
1394 4115 1485 4167 καὶ
1522 4117 1595 4189 μὴ
1633 4123 1747 4189 μετ’

189 4190 363 4244 αὑτοῦ
402 4192 481 4223 ¹⁶·
518 4194 742 4266 έσπερία
786 4196 861 4259 δὲ,
909 4199 1054 4266 ὅταν,
1102 4201 1341 4268 δύνοντος
1391 4206 1573 4277 ἡλίου,
1613 4211 1748 4272 ,ἀνα-

188 4281 355 4353 στέλλῃ
387 4283 505 4337 τινὰ
554 4284 657 4364 τῶν
687 4287 919 4358 ἄστρων.
965 4291 1123 4355 Δύσις
1156 4293 1209 4347 δὲ
1247 4294 1353 4364 ἑῴα
1392 4299 1556 4363 ἐστὶν,
1601 4301 1746 4364 ὅταν,

184 4352 351 4440 ἡλίου
393 4352 956 4453 ἀνατέλλδντοςξδύνῃ
1008 4381 1076 4435 τά
1104 4352 1300 4454 ’ἄστραι
1346 4387 1467 4441 τάδε
1510 4352 1742 4461 ἥῖτάδεῂὶ

193 4460 425 4531 ἑσπερία
449 4462 527 4526 δὲ,
555 4464 679 4519 ὅταν
710 4469 1049 4540 συγκαταδύῃ
1089 4472 1252 4542 αὐτῷ.

458 4574 587 4630 Ὀτι
613 4577 872 4648 διαφέρει
902 4581 1165 4650 ἀνατολὴ
1194 4585 1494 4656 ἐπιτολῆς.

262 4660 365 4716 λθκ
386 4665 636 4736 Διαφέρει
651 4666 707 4719 δὲ
726 4668 952 4739 ἀνατολὴ
972 4671 1240 4741 ὲπιτολῆς.
1272 4674 1524 4746 Ἀνατολὴ
1539 4677 1750 4748 μὲνγὰρ

192 4768 345 4805 εστιν
381 4754 413 4821 ἡ
452 4755 566 4825 ἅμα
596 4757 672 4826 τῷ
697 4758 832 4829 ἡλίῳ
867 4760 1002 4831 ὑπὲρ
1044 4762 1134 4813 τὸν
1181 4764 1426 4834 ὁρίζοντα
1472 4768 1746 4839 ἀναφορὰ·

194 4843 420 4913 ἑπιτολὴ
448 4845 524 4907 δὲ,
557 4846 684 4901 ὅταν
711 4851 815 4920 πρὸ
855 4852 1004 4922 ἡλίου
1037 4854 1138 4905 ὑπὸ
1176 4854 1271 4923 τὴν
1315 4854 1452 4924 ἑῴαν
1502 4859 1751 4932 ἀνατείλῃ

195 4930 414 5002 ἄστρον,
447 4928 566 4987 εἶτα
602 4934 687 4988 ἐπ’
716 4938 860 5008 αὐτῷ
905 4942 933 4993 6
973 4942 1117 5011 ἡλιος
1149 4943 1407 5015 ἐπιτείλῃ.
1442 4947 1534 4998 Δεῖ
1572 4948 1627 5000 δὲ
1664 4928 1742 5001 si;

197 5020 365 5084 δέναι,
396 5024 499 5089 ὅτι,
533 5026 709 5097 πάσης
738 5026 884 5100 ὥρας
923 5034 1366 5103 περιφερομένης,
1406 5037 1496 5089 καὶ
1542 5040 1745 5109 περιδι-

197 5114 463 5186 νουμένης
500 5117 883 5190 τῆςησφαίρας,
931 5123 1140 5194 ἀνάγκη
1175 5126 1299 5177 ιὲστὶ
1327 5127 1420 5179 καὶ
1462 5128 1529 5180 τά
1573 5129 1745 5201 ἄστρα

199 5206 362 5257 παντὶ
412 5209 608 5279 καιρῷ,
660 5211 751 5263 καὶ
784 5212 840 5262 ὲν
872 5213 1049 5284 ἡμέρᾳ
1088 5217 1180 5269 καὶ
1225 5219 1282 5271 έν
1322 5218 1473 5270 νυκτί¹
1506 5214 1640 5275 εἶναι
1686 5225 1743 5274 έν

200 5295 410 5365 οὐρανῷ
439 5302 955 5373 συμπεριδινούμενα
974 5320 987 5332 °
1015 5306 1085 5375 μὴ
1109 5308 1385 5375 φαῖνεσθαι
1406 5309 1462 5361 δὲ
1488 5312 1543 5362 έν
1565 5312 1745 5383 ἡμέρᾳ

200 5388 265 5456 τῇ
295 5388 561 5459 ὑπερϐολῇ
602 5392 698 5461 τῆς
732 5388 1115 5463 ’λαμπρότητος
1157 5398 1249 5451 τοῦ
1290 5398 1435 5468 ἡλίου
1477 5401 1744 5455 καλυπτό-

207 5492 358 5545 μενα.
399 5478 677 5549 Ἀνατολὴν
723 5482 778 5535 δὲ
808 5483 867 5536 οὐ
897 5484 1110 5537 λεκτέον
1149 5488 1363 5559 ἄστρου,
1398 5490 1489 5543 ὲάν
1521 5491 1744 5565 δευτέρᾳ

203 5565 370 5638 ὥρᾳὴ
399 5568 553 5641 τρίτῃ
574 5570 901 5644 ἀναφέρηται
930 5576 1068 5638 ὑπὲρ
1098 5579 1196 5648 γῆς
1218 5595 1231 5609 ι
1264 5580 1393 5633 ἀλλά
1421 5582 1537 5635 τότε
1564 5585 1739 5653 μόνον,

274 5723 315 5788 ί.
349 5725 397 5757 ³⁸
428 5725 705 5801 ἀνατέλλῃ.

923 356 1234 412 ACIIILLIS
1273 314 1786 418 TATlllSACOC-E
1824 361 1912 415 AD
1949 362 2158 416 ARATI
2198 362 2666 420 ΡΙΙΑΞΝΟΜΕΝΑ.

3304 371 3445 428 994⁷

2247 462 2321 531 De
2349 478 2579 531 siderum
2604 495 2788 532 occasu
2816 486 2863 532 et
2882 489 3018 536 ortu.

1921 586 2008 661 :57.
2041 587 2288 643 Siderum
2311 590 2416 644 alia
2443 606 2655 661 semper
2679 602 2968 663 apparent;
3020 595 3123 648 alia
3155 596 3405 652 videntur

1856 678 2124 736 interdum
2151 723 2165 745 ,
2220 683 2355 739 alias
2398 686 2610 739 occulta
2641 694 2787 741 sunt.
2825 688 3096 757 Apparent
3124 698 3401 763 perpetuo,

1855 782 1976 836 qua:
1998 772 2531 838 comprehenduntur
2571 777 2775 829 arctico
2820 777 3026 830 circulo
3073 796 3085 831 :
3127 793 3403 847 nunquam

1862 860 2004 912 enim
2035 863 2324 929 occidunt;
2356 865 2432 917 uti
2458 875 2633 933 neque
2661 868 2975 936 complexus
3020 868 3110 923 illa
3141 870 3401 933 circulus,

1851 949 1943 1017 qui
1972 948 2025 1002 in
2059 953 2336 1020 superiore
2368 963 2550 1007 manet
2604 954 2982 1026 hemisphaerio
3025 973 3237 1029 semper
3280 976 3400 1015 cum

1852 1041 2023 1095 stellis
2054 1043 2168 1095 suis
2204 1058 2490 1112 apparens.
2535 1043 2820 1122 Nunquam
2875 1054 3135 1119 apparent
3182 1068 3244 1106 ea
3286 1069 3398 1122 qua

1856 1133 2155 1185 antarctico
2183 1134 2389 1188 circulo
2434 1119 2801 1201 continentur,
2868 1140 3125 1207 quoniam
3180 1150 3232 1196 ct
3290 1145 3402 1213 ipsc

1852 1235 2067 1290 semper
2089 1225 2334 1278 occultus
2362 1234 2464 1279 est.
2496 1224 2849 1295 Reliquorum
2895 1233 3133 1286 siderum
3184 1234 3288 1286 alia
3324 1236 3400 1286 in-

1850 1313 2062 1367 terdum
2114 1315 2365 1370 oriuntur
2425 1335 2438 1371 :
2485 1318 2754 1373 interdum
2810 1323 3097 1389 occidunt;
3157 1326 3401 1395 quaedam

1851 1400 2038 1455 eadem
2067 1403 2119 1456 in
2147 1394 2303 1458 nocte
2360 1407 2611 1461 oriuntur
2637 1416 2688 1461 et
2717 1410 2992 1464 occidunt.
3059 1406 3139 1465 Sit
3170 1415 3406 1484 exempli
3502 1406 3525 1417 ”

1852 1506 2015 1561 causa
2047 1496 2126 1547 sol
2153 1496 2204 1548 in
2229 1496 2410 1552 Ariete
2443 1518 2455 1551 :
2484 1507 2607 1554 ante
2637 1501 2779 1555 hunc
2812 1504 2985 1556 oritur
3018 1503 3217 1572 Equus.
3257 1503 3399 1562 Idem

1852 1584 1964 1637 sole
1992 1584 2044 1637 in
2078 1585 2238 1662 Libra
2299 1592 2599 1644 constituto
2638 1599 2761 1645 ante
2806 1592 2951 1647 hunc
3003 1596 3229 1650 occidet.
3264 1594 3406 1650 llinc

1851 1675 2141 1748 aliquando
2192 1682 2435 1735 cernitur
2484 1682 2667 1752 Equus
2696 1686 2902 1748 oriens,
2940 1686 3073 1741 alias
3098 1688 3351 1744 occidens
3384 1708 3397 1743 :

1853 1764 1931 1818 sic
1981 1777 2125 1820 astra
2182 1771 2387 1840 reliqua
2428 1774 2496 1826 ab
2531 1775 2719 1829 aestivo
2746 1778 2956 1846 tropico
2989 1778 3055 1831 ad
3092 1779 3397 1833 hibernum.

1850 1853 1983 1908 Nam
2005 1873 2124 1925 quae
2160 1859 2210 1912 in
2252 1864 2550 1917 antarctico
2583 1874 2708 1917 sunt
2764 1868 2830 1920 ad
2881 1877 3147 1932 austrum,
3195 1871 3406 1925 tardius

1852 1942 2077 1997 orientia
2120 1945 2279 2001 citius
2329 1950 2589 2003 occidunt
2642 1955 2831 2021 :quod
2886 1959 3076 2024 majori
3124 1974 3187 2011 ex
3247 1968 3405 2027 parte

1854 2033 2059 2102 sphaera
2090 2037 2226 2090 infra
2257 2046 2455 2093 terram
2490 2042 2706 2096 condita
2736 2045 2807 2097 sit
2833 2047 2897 2098 ad
2934 2047 3241 2114 meridiem;
3268 2066 3401 2107 con—

1851 2131 1934 2177 tra
1968 2140 2086 2194 quae
2114 2126 2347 2180 horealia
2372 2141 2496 2183 sunt
2526 2132 2664 2185 inter
2718 2136 2977 2188 arcticutn
3035 2138 3299 2191 circulum
3344 2147 3399 2192 et

1852 2217 2279 2285 atquinoctialem
2314 2222 2510 2289 posita,
2540 2223 2702 2278 citius
2732 2235 2908 2279 ortum
2937 2226 3163 2293 faciunt,
3194 2232 3405 2284 tardius
3473 2248 3475 2252 ·

1851 2320 2103 2360 occasum
2142 2325 2154 2359 :
2189 2319 2467 2379 propterea
2495 2314 2638 2383 quod
2662 2315 2851 2384 majori
2887 2327 3037 2386 parte
3072 2320 3159 2373 sui
3188 2323 3397 2391 sphaera

1852 2411 2013 2463 supra
2044 2405 2240 2452 terram
2302 2404 2528 2472 emergit
2574 2407 2637 2457 ad
2686 2410 3124 2475 septentrionem.
3180 2415 3404 2469 Aceidet

1850 2500 1977 2553 ergo
2009 2487 2251 2554 quaedam
2292 2500 2349 2542 ut
2376 2492 2449 2544 ibi
2482 2494 2743 2547 collocata
2797 2496 2974 2551 sidera
3019 2501 3203 2555 eadem
3241 2516 3401 2558 noete

1850 2572 2093 2625 oriantur
2112 2581 2165 2626 et
2196 2575 2443 2630 occidant
2472 2593 2485 2629 :
2518 2595 2637 2647 quae
2654 2583 2934 2655 ἀμφιφανῆ
2956 2598 3167 2642 vocant.
3202 2589 3397 2646 Exem-

1849 2662 1921 2730 pli
1953 2664 2123 2733 gratia
2155 2667 2223 2717 sit
2254 2662 2618 2736 Ingenieulus.
2652 2672 2829 2741 sitque
2861 2676 2942 2728 sol
2992 2678 3045 2730 in
3077 2676 3402 2748 Sagittario;

1849 2752 1902 2806 in
1930 2769 1992 2808 eo
2015 2755 2165 2810 sidus
2198 2757 2329 2811 illud
2353 2759 2577 2813 orietur.
2598 2759 2808 2819 Rursus
2847 2768 3058 2821 occidat
3090 2771 3192 2824 sub
3239 2787 3398 2826 occa-

1851 2859 1970 2898 sum
2010 2847 2163 2910 solis,
2188 2864 2411 2917 vespera
2436 2853 2558 2915 erit,
2586 2862 2638 2907 et
2662 2869 2767 2908 nox
2793 2872 2807 2909 :
2853 2859 3079 2912 necdum
3115 2859 3398 2932 lngenicn-

1850 2933 1935 2986 lns
1954 2934 2211 2989 occiderit
2238 2954 2250 2990 :
2279 2938 2372 2992 sed
2405 2941 2455 2992 in
2487 2941 2860 3012 hemisphterio
2890 2951 3169 3025 superiore
3213 2958 3396 3009 consi-

1850 3032 1999 3078 stens
2021 3027 2215 3091 adhuc,
2239 3044 2301 3082 ac
2332 3031 2433 3084 sub
2462 3048 2711 3088 occasum
2758 3039 3032 3102 occidens,
3060 3053 3241 3111 postea
3305 3063 3402 3114 per

1850 3116 2088 3168 eamdem
2120 3127 2329 3173 itm-tem
2362 3123 2492 3177 solis
2510 3134 2560 3177 et
2589 3118 2862 3199 Sagittarii
2890 3144 3168 3200 praevertet
3190 3146 3390 3202 ortum,

1850 3212 1973 3259 ante
1996 3206 2140 3274 ipsos
2173 3211 2376 3274 oriens,
2406 3222 2458 3265 et
2492 3226 2611 3281 post
2641 3234 2733 3274 eos
2759 3223 3030 3295 occidens.
3069 3227 3222 3292 Quod
3251 3230 3393 3284 Ara-

1790 3316 1793 3319 ν
1846 3304 1933 3349 tus
1967 3296 2048 3351 his
2074 3290 2247 3359 verbis
2262 3302 2512 3371 exprimit
2550 3324 2561 3358 :

1918 3579 2079 3669 Quem
2110 3585 2313 3669 quidem
2340 3588 2567 3655 ignotum
2594 3594 2727 3669 inter
2754 3598 2978 3669 cgnlestes
3005 3600 3253 3669 imagines

1916 3651 2128 3723 lfariler
2162 3651 2498 3717 occideri-lem.
2533 3671 2580 3713 et
2610 3664 2822 3718 aliunde
2848 3671 3096 3723 orientem

1920 3718 2067 3789 Swpe
2092 3724 2269 3776 eadem
2293 3738 2439 3780 nocte
2475 3734 2754 3788 ceruintus.

2077 3834 2222 3891 Duos
2254 3856 2469 3895 occasus
2492 3859 2625 3909 esse,
2658 3858 2900 3919 ortusque
2924 3853 3155 3910 totidem.

1914 3925 2001 3981 '58.
2040 3926 2288 3985 Siderum
2311 3949 2540 3991 occasus
2571 3948 2835 4009 ortusque
2860 3945 3055 4013 duplex
3079 3955 3161 4001 est
3193 3966 3206 4001 :
3255 3951 3401 4005 alter

1846 4020 2184 4084 matutinus,
2232 4028 2569 4093 vespertinus
2630 4032 2768 4083 alter
2812 4033 3029 4087 dicitur.
3100 4036 3398 4097 Matutinus

1846 4115 1997 4162 ortus
2029 4109 2105 4172 ﬁt,
2139 4127 2260 4165 cum
2287 4116 2492 4170 oriente
2520 4122 2632 4173 sole
2659 4122 2908 4175 oriuntur
2932 4139 3053 4178 cum
3097 4142 3162 4181 eo
3192 4130 3393 4197 sidera,

1846 4212 1954 4251 non
1986 4194 2328 4269 postipsum.
2378 4203 2751 4274 Vespertinus,
2787 4227 2909 4266 cum
2957 4216 3236 4275 occidente
3278 4225 3392 4278 sole

1846 4288 2022 4341 sidera
2080 4291 2323 4359 quadam
2381 4297 2649 4353 oriuntur.
2686 4298 2977 4361 Matutinus
3037 4323 3264 4366 occasus
3311 4321 3397 4368 est

1845 4393 1966 4432 eum
1998 4382 2205 4437 oriente
2232 4386 2346 4439 sole
2382 4389 2634 4443 occidunt
2666 4392 2777 4445 haec
2805 4396 2887 4449 vel
2920 4397 3009 4451 illa
3052 4400 3264 4469 sidera;
3299 4420 3397 4458 ve-

1846 4472 2115 4540 spertinus
2147 4491 2269 4529 cum
2296 4494 2401 4531 una
2430 4494 2551 4533 cum
2588 4484 2701 4537 sole
2734 4486 3006 4543 conditur.

2052 4588 2190 4653 Quid
2222 4591 2483 4659 ἀνατολὴ
2518 4604 2564 4646 et
2596 4596 2842 4667 ἐπιτολή
2880 4600 3150 4671 diﬁ‘erant.

1912 4680 1999 4733 '59.
2033 4680 2217 4735 Dillert
2256 4692 2431 4738 autem
2473 4687 2698 4760 ἀνατολὴ
2729 4698 2783 4746 et
2808 4694 3047 4766 ἐπιτολή.
3077 4696 3217 4760 Nam‘
3265 4699 3368 4753 ἀνα

1844 4770 1967 4842 τολή
1990 4781 2071 4828 est
2097 4777 2414 4829 conscensio
2450 4794 2573 4832 cum
2614 4783 2729 4837 sole
2754 4798 2917 4855 SUpra
2942 4787 3241 4856 finitoretn;
3271 4794 3392 4845 ἐπι-

1846 4863 1972 4934 τολὴ
2029 4881 2152 4918 cum
2199 4875 2323 4921 ante
2353 4870 2518 4923 solem
2576 4875 2750 4941 primo
2793 4892 2951 4931 mane
2997 4881 3170 4934 oritur
3201 4887 3390 4948 stella;

1846 4969 2007 5023 quam
2042 4957 2171 5010 solis
2200 4966 2349 5015 ortus
2371 4964 2635 5031 sequitur.
2662 4965 2770 5038 94
2808 4968 2915 5023 Nec
2955 4969 3084 5026 illud
3136 4974 3391 5043 ignoran-

1847 5048 1972 5099 dum
1998 5055 2111 5111 est;
2140 5048 2270 5102 hora
2305 5054 2562 5120 qualibet,
2606 5058 2930 5113 circumacta
2967 5071 3021 5116 et
3059 5065 3305 5119 volvente
3334 5082 3395 5118 se

1849 5138 2076 5206 sphaera,
2120 5141 2297 5196 sidera
2353 5144 2467 5213 ipsa
2522 5150 2825 5203 necessario
2856 5168 2952 5221 per
2982 5169 3138 5209 omne
3181 5166 3398 5222 tempus

1850 5236 2007 5282 nocte
2033 5243 2094 5282 ac
2123 5230 2209 5285 die
2235 5230 2354 5291 cum
2380 5238 2516 5290 caelo
2547 5238 2881 5294 circumferri
2920 5261 2932 5297 :
2968 5259 3075 5298 non
3111 5255 3285 5299 tamen
3310 5247 3362 5299 in

1850 5315 2026 5369 terdiu
2070 5317 2261 5381 videri,
2304 5323 2700 5379 vehementiori
2724 5330 3009 5397 splendore
3036 5333 3166 5387 solis
3194 5333 3389 5388 oﬂ‘usa.

1848 5406 2113 5461 Caeterum
2174 5422 2324 5467 ortus
2381 5416 2547 5468 stellae
2599 5421 2781 5473 vocari
2812 5436 2917 5485 non
2947 5422 3123 5483 debet,
3173 5427 3395 5496 quando

1849 5498 2083 5553 secunda
2112 5505 2333 5559 tertiave
2354 5513 2471 5574 post
2510 5507 2641 5562 hora
2670 5514 2985 5567 conscendit
3013 5514 3389 5584 horizontem;

1850 5589 1941 5644 sed
1970 5601 2095 5648 tunc
2133 5595 2339 5661 solum,
2372 5613 2495 5653 cum
2522 5616 2627 5657 una
2652 5620 2772 5660 cum
2814 5609 2927 5663 sole
2953 5608 3147 5662 oritur.
3204 5609 3291 5665 Sic
3337 5620 3392 5665 et
