4008 6328
745 386 883 442 1005

1650 339 1652 342 ’
1712 383 1798 438 AD
1829 379 2092 438 ensem:
2129 379 2523 439 cnnomcos
2557 381 2914 439 APPENDIX.

3807 382 3919 438 ιωι

744 501 834 557 dio
863 510 915 556 te
942 516 1068 570 erga
1101 501 1415 570 disciplinas
1441 516 1503 555 ac
1533 500 1803 556 voluntate
1844 516 1962 554 esse
1991 500 2275 556 constanti.

2383 497 2642 568 λομαθίαν
2669 499 3001 562 οἱκειώσεως.
3037 499 3116 552 Τά
3131 515 3188 550 τε
3215 496 3551 568 γάρξφυσικά
3566 495 3676 550 τῶν
3694 493 3918 565 ἐπιζητε-

744 524 834 557 αιυ
864 524 915 556 ιθ
942 524 1001 555 Cl'
1019 524 1068 553 'il
1101 524 1415 570 υιδυψιιιιῖιε
1441 524 1503 555 ac
1534 524 1803 556 νυιιιιιιίιω
1844 524 1962 554 εδδιτ
1991 524 2280 556 ευιιδιξιιιιι.

743 593 952 648 Etenim
985 524 1104 737 ἧσε
1141 592 1210 645 de
1247 591 1582 647 naturalibus
1610 592 1804 652 rebus,
1835 589 2008 660 deque
2054 590 2121 644 iis
2168 604 2286 658 qua:

743 683 812 737 ah
841 683 1007 737 Arato
1081 681 1251 737 crinta
1282 691 1407 737 sunt
1436 681 1491 736 in
1523 680 1822 737 coortihus.
1854 695 1886 733 a
1929 693 2012 733 me
2040 678 2286 732 sciscita-

743 683 812 738 ah
841 683 1007 737 Arato
1050 678 1251 751 scripta
1282 691 1407 737 sunt
1436 681 1491 736 in
1523 680 1822 744 coortihus,
1854 695 1886 733 a
1929 693 2012 733 me
2040 678 2287 732 sciscita-

740 775 854 836 ris,
893 788 1216 844 propensum
1261 773 1314 827 in
1348 773 1514 828 bonas
1544 781 1687 827 artes
1734 773 1973 826 animum
2016 777 2169 824 tuum
2212 769 2286 823 si-

737 866 1033 938 ’guiﬂcant;
1065 872 1223 935 atque
1245 865 1344 919 hoe
1371 873 1520 919 tanto
1545 864 1767 934 majoris
1799 879 1828 917 a
1857 879 1942 919 me
1973 861 2050 925 lit,
2083 869 2285 931 quanto

743 975 808 1012 ex
857 957 1281 1011 clarissimorum
1325 955 1552 1011 fratrum
1597 966 1907 1011 nostrorum
1953 956 2122 1016 obitu.
2179 954 2284 1008 fre-

743 1048 1116 1118 quentioribus
1143 1048 1263 1102 vitae
1285 1048 1444 1117 hujus
1473 1050 1700 1119 negotiis
1729 1048 2034 1117 implicatus
2061 1047 2282 1100 teneris.

746 1141 822 1193 Ac
855 1139 921 1194 de
951 1140 1157 1193 caeteris
1181 1137 1398 1209 quidem
1447 1138 1574 1208 quid
1618 1139 1843 1192 sentiam
1877 1147 2064 1207 postea
2103 1136 2283 1190 decla-

743 1230 904 1286 rabo;
931 1243 1073 1282 nunc
1100 1229 1166 1284 de
1192 1230 1258 1282 iis
1282 1243 1398 1298 quae
1420 1230 1472 1282 in
1505 1227 1860 1282 Phamomem's
1885 1226 2094 1296 prodita
2125 1232 2288 1279 suunt

747 1319 815 1372 ab
845 1318 1027 1383 Arato,
1071 1317 1280 1372 institui
1301 1319 1378 1372 .ad
1416 1326 1468 1372 te
1497 1319 1755 1380 scribere,
1790 1328 1845 1370 ut
1879 1317 2125 1370 universe
2158 1315 2286 1384 quid

745 1416 888 1463 recte
920 1417 1011 1462 aut
1052 1422 1211 1464 secus
1256 1408 1310 1462 in
1351 1407 1458 1462 illis
1496 1409 1754 1477 scriptum
1793 1407 1864 1459 s'it
1910 1406 2184 1475 aperiam:
2221 1422 2282 1459 ex

743 1499 940 1568 quibus
986 1512 1108 1552 eum
1161 1497 1445 1567 perspicua
1494 1497 1591 1550 tibi
1634 1505 1794 1550 erunt
1833 1498 2034 1575 omnia,
2068 1506 2178 1550 tum
2221 1511 2284 1550 ea

741 1591 994 1653 maxime,
1023 1603 1144 1658 qua:
1182 1590 1235 1642 in
1267 1597 1359 1640 tua
1402 1589 1800 1658 percontatione
1829 1587 2076 1657 posuisti.

811 1684 986 1748 Atque
1018 1679 1167 1730 Arati
1210 1677 1424 1746 quidem
1459 1675 1805 1731 Phwnomena
1854 1693 1973 1731 cum
2019 1679 2108 1730 alii
2138 1692 2286 1731 com-

2385 590 2583 645 θέντων
2597 591 2700 644 ὑπὸ
2715 591 2806 644 σοῦ
2833 592 2926 645 καὶ
2956 590 3022 643 τά
3043 590 3169 662 περὶ
3184 591 3289 643 τῶν
3311 590 3464 661 παρά
3494 589 3707 660 Ἀράτῳ
3726 588 3918 657 λεγομέ-

2384 698 2486 733 νων
2509 693 2566 733 εν
2578 685 2698 745 ταῖς
2725 682 3100 744 συνανατολαῖς
3127 681 3462 751 ἱκανωτέραν
3486 680 3733 749 ὲνέεξαινὲ
3756 697 3837 749 μοι
3853 697 3917 746 τις

2385 772 2654 842 λοτεχνίαν
2673 789 2687 802 ⁸
2709 774 2801 826 καὶ
2829 772 3005 844 πολλῷ
3023 789 3086 841 γε
3116 771 3334 843 μᾶλλον,
3353 772 3464 840 ὅσῳ
3489 771 3856 830 πεπλεόνακας
3876 772 3916 822 ἐν

2385 865 2500 925 ταῖς
2529 862 2803 931 βιωτικαῖς
2835 863 3110 933 ἀσχολίαις
3137 863 3225 916 διὰ
3253 862 3351 932 τὴν
3372 861 3480 915 τῶν
3502 861 3915 929 ἀξιολογωτὰωῖ

2385 952 2624 1021 ἀδελφῶν
2669 953 2824 1024 ἡμῶν
2852 946 3125 1022 τελευτήν.
3176 953 3312 1023 Περὶ
3359 951 3459 1021 μὲν
3490 947 3588 1004 οὖν
3619 950 3731 1002 τῶν
3773 949 3915 1003 ἄλλων

2389 1037 2524 1113 μετᾶ
2547 1043 2717 1096 ταῦτα
2741 1060 2821 1096 σοι
2850 1045 2945 1114 τὴν
2977 1044 3110 1097 ἰδίαν
3129 1044 3308 1115 κρίσιν
3329 1043 3654 1111 διασαφήσω
3671 1057 3685 1070 ·
3720 1042 3839 1110 περὶ
3871 1041 3912 1090 Ei

2379 1134 2492 1187 τῶν
2511 1135 2616 1187 ὑπὸ
2651 1134 2872 1206 Ἀράτου
2901 1134 3202 1204 λεγομένων
3221 1136 3277 1186 ὲν
3297 1137 3409 1196 τοῖς
3429 1131 3812 1199 «Parrch
3841 1130 3912 1183 νέν

2386 1225 2738 1296 προτεθειμαί
2779 1243 2859 1278 σοι
2913 1227 3150 1297 γράψαι,
3205 1229 3311 1280 πᾶν
3361 1225 3590 1278 καθόλου
3654 1223 3720 1276 τὺ
3763 1224 3910 1285 καλῶς

2385 1320 2416 1389 ἢ
2475 1319 2658 1383 κακῶς
2713 1319 2998 1388 λεγόμενον
3068 1321 3248 1383 αὐτοῖς
3291 1317 3694 1373 ὑποδεικνύων·
3749 1318 3807 1380 ἐξ
3853 1311 3909 1368 ὦν

2384 1411 2533 1464 ἔσται
2567 1429 2650 1464 σοι
2678 1411 2883 1482 φανερά
2917 1412 3110 1478 πάντα,
3140 1413 3232 1466 καὶ
3267 1412 3334 1466 τὰ
3374 1411 3526 1482 παρὰ
3557 1410 3654 1464 σοῦ
3683 1410 3910 1488 Euam-

2384 1501 2562 1556 θέντα.

2453 1684 2683 1753 Ζήτησιν
2707 1682 2750 1712 ⁸⁷
2778 1681 2874 1752 μὲν
2887 1677 2979 1736 οὖν
3005 1679 3112 1734 τῶν
3153 1680 3376 1751 ’Δράτου
3409 1679 3808 1748 Φαινομένων,
3839 1680 3909 1729 ni

741 1772 925 1842 plures
953 1769 1289 1840 interpretati
1317 1776 1444 1823 sunt
1472 1788 1484 1822 :
1529 1779 1641 1822 tum
1696 1769 1786 1824 ille
1820 1770 1954 1838 ipse,
1999 1769 2092 1838 qui
2127 1776 2275 1823 aetate

2382 1775 2526 1827 ἄλλοι
2557 1774 2774 1836 πλέονες
2805 1775 3185 1844 συντετάχασιν
3204 1791 3218 1803 ⁸
3263 1774 3669 1851 ἐπιμελέστατα
3710 1773 3768 1824 δὲ
3796 1771 3910 1823 δοκεῖ

742 1867 928 1915 nostra
957 1859 1106 1924 vixit,
1129 1859 1539 1914 mathematicus
1567 1860 1805 1913 omnium
1829 1860 2040 1914 videtur
2065 1875 2284 1916 accura-

731 1950 949 2005 tissime
976 1948 1486 2019 diligentissimeque
1520 1949 1825 2018 scripsisse.
1849 1947 2047 2003 Verum
2088 1950 2285 2003 carmi-

741 2055 870 2093 num
897 2040 1054 2096 istius
1090 2046 1256 2108 poette
1284 2039 1578 2094 sententias
1623 2040 1916 2108 explicare,
1951 2054 2037 2094 res
2064 2050 2283 2093 estnon

740 2145 952 2201 magna,
987 2145 1106 2185 meo
1135 2131 1346 2199 quidem
1369 2129 1594 2198 judicio,
1629 2144 1760 2183 cura
1787 2137 1840 2184 et
1878 2131 2172 2183 attentiow:
2201 2129 2284 2183 di-

741 2237 864 2291 gna.
894 2221 990 2276 Est
1015 2223 1156 2274 enim
1179 2213 1402 2289 simplex
1452 2228 1506 2274 et
1537 2222 1791 2276 concisus
1823 2220 1911 2274 hic
1946 2229 2100 2289 poeta
2127 2238 2139 2272 :
2170 2231 2282 2274 tum

737 2313 825 2367 vel
867 2312 1122 2367 mediocri
1164 2326 1342 2366 rerum
1394 2310 1740 2380 intelligentia
1783 2312 2018 2380 praeditis
2064 2314 2281 2382 cognitu

740 2405 917 2459 facilis
954 2422 968 2457 :
1009 2418 1128 2473 quae
1175 2416 1352 2458 autem
1399 2403 1712 2459 coelestibus
1752 2403 1819 2457 de
1870 2403 2032 2458 rebus
2073 2404 2140 2458 ab
2189 2405 2281 2460 illo

738 2494 937 2564 scripta
969 2503 1116 2556 sunt,
1163 2493 1342 2547 animo
1373 2509 1584 2564 capere,
1619 2509 1682 2549 ac
1733 2496 1862 2565 quid
1911 2497 2278 2565 apparentium

732 2575 916 2640 rerum
959 2584 1339 2655 experimentis
1384 2593 1774 2650 consentanee,
1832 2587 1960 2656 quid
2011 2589 2280 2642 contrarie

735 2676 938 2730 dictum
967 2676 1057 2738 sit,
1087 2689 1382 2745 agnoscere
1406 2694 1421 2741 ;
1451 2676 1552 2730 hoc
1578 2685 1629 2729 et
1655 2677 1810 2746 longe
1846 2677 2085 2732 omnium
2111 2679 2282 2734 utilis-

726 2765 954 2826 simum,
988 2774 1042 2818 et
1088 2764 1357 2833 imprimis
1394 2765 1767 2818 mathematica
1797 2764 2024 2820 scientia
2062 2766 2279 2836 dignum

737 2857 966 2910 videtur.
1007 2854 1364 2919 Quamobrem
1410 2869 1530 2910 cum
1568 2854 1622 2908 in
1663 2855 1953 2924 plerisque,
1997 2865 2051 2910 et
2095 2858 2282 2928 praeci-

735 2949 864 3019 puis
893 2948 1112 3001 Aratum
1151 2961 1427 3002 cernerem
1470 2947 1537 3001 ab
1567 2948 1950 3016 apparentibus
1977 2948 2281 3018 cujusmodi

734 3040 912 3111 reipsa
939 3041 1257 3110 contingunt
1284 3038 1538 3094 aberrare
1564 3058 1576 3092 :
1607 3049 1659 3094 et
1691 3043 1742 3093 in
1771 3040 1959 3096 iisdem
2003 3056 2139 3110 pene
2167 3056 2281 3096 om-

737 3133 897 3188 nibus
930 3132 1202 3187 erroribus
1232 3140 1341 3186 nan
1374 3130 1549 3186 solum
1583 3129 1840 3199 reliquos,
1877 3131 1970 3186 sed
2004 3133 2165 3186 etiam
2189 3133 2275 3187 At-

2379 3132 2698 3203 φιλομαθίας
2731 3132 2947 3202 καὶτῆς
2989 3131 3172 3201 κοινῆς
3203 3131 3464 3198 ὠφελείας
3507 3129 3812 3199 ἀναγράψαι
3850 3126 3904 3179 τὶ

737 3225 902 3279 talum
933 3223 1106 3292 ipsum
1135 3237 1256 3276 esse
1282 3223 1572 3283 versatum,
1603 3220 1775 3274 visum
1822 3221 1952 3274 mihi
1995 3230 2098 3284 est,
2129 3231 2187 3277 ut
2225 3233 2278 3279 et

735 3312 914 3367 studio
941 3301 1066 3382 erga
1098 3311 1305 3365 litteras
1337 3319 1450 3376 tuo,
1477 3317 1531 3363 et
1572 3309 1844 3363 communi
1888 3310 2103 3364 utilitati
2148 3328 2276 3367 con-

734 3403 993 3464 sulerem,
1026 3416 1089 3455 ea
1119 3398 1373 3454 mandare
1402 3399 1530 3453 huic
1551 3399 1709 3462 libro,
1735 3399 1790 3452 in
1822 3401 2017 3468 quibus
2040 3411 2275 3456 erratum

735 3493 803 3544 ab
826 3491 933 3546 illis
961 3505 1080 3544 esse
1107 3491 1370 3559 perspexi.
1405 3489 1558 3556 Quod
1585 3489 1819 3560 sanun
1852 3505 1915 3546 eo
1940 3491 2200 3561 suscipio,
2219 3497 2278 3546 ut

735 3596 802 3634 ex
831 3581 1060 3634 aliorum
1087 3580 1504 3648 reprehensione
1525 3580 1988 3646 inaniseujusdam
2006 3581 2275 3650 opinionis

739 3671 970 3724 fructum
1003 3669 1282 3737 colligam;
1313 3668 1365 3721 id
1387 3671 1529 3723 enim
1551 3683 1768 3734 vanum,
1793 3679 1846 3725 et
1873 3672 2130 3728 illiberale
2155 3688 2276 3728 esse

737 3757 949 3831 iudico;
995 3758 1102 3812 imo
1139 3773 1264 3821 vero
1304 3758 1369 3811 iis
1406 3758 1657 3812 omnibus
1701 3774 1732 3813 e
1767 3762 2038 3815 contrario
2076 3765 2274 3832 gratias

735 3849 1008 3904 habendas
1057 3863 1274 3912 censeo,
1302 3847 1412 3918 {qui
1459 3850 1761 3904 communis
1805 3851 2055 3907 utilitatis
2105 3857 2274 3924 gratia

736 3938 984 4008 privatim
1015 3937 1290 3992 elaborare
1320 3938 1638 4004 voluerunt;
1667 3939 1759 3994 sed
1788 3948 1844 3993 ut
1872 3955 2044 4009 neque
2073 3951 2151 4007 tu,
2183 3961 2274 3999 ne-

735 4044 840 4097 que
879 4027 1104 4081 studiosi
1145 4027 1320 4081 cmteri
1374 4029 1428 4080 in
1476 4029 1774 4084 cmlestium
1825 4031 2274 4101 contemplatione

735 4132 914 4173 rerum
941 4131 973 4170 a
1005 4117 1226 4171 veritate
1253 4118 1463 4186 longius
1501 4119 1864 4188 abhorreatls;
1895 4123 2041 4192 quod
2080 4125 2273 4180 merito

737 4207 1001 4276 plerisque
1042 4206 1256 4259 accidit.
1291 4205 1423 4259 Nam
1463 4208 1704 4285 poeticus
1746 4209 1893 4278 lepor
1923 4213 2010 4278 iis,
2039 4229 2160 4282 quae
2187 4215 2273 4270 di-

735 4304 950 4359 cuntur,
985 4295 1166 4350 nescio
1193 4309 1353 4363 quam
1411 4293 1565 4348 iidem
1599 4305 1651 4349 et
1679 4299 2053 4366 auctoritatem
2087 4305 2273 4358 conci-

736 4385 856 4445 liat;
883 4399 946 4438 ac
970 4385 1350 4453 propemodum
1372 4399 1577 4447 omnes,
1606 4385 1695 4454 qui
1722 4394 1934 4455 poetam
1959 4387 2099 4444 hunc
2123 4406 2272 4448 com-

736 4471 1011 4527 mentariis
1061 4474 1175 4526 suis
1219 4473 1574 4536 illustrarunt,
1622 4474 1688 4526 iis
1742 4489 1860 4543 quae
1917 4477 1985 4530 ab
2033 4493 2098 4533 eo
2144 4494 2272 4538 sunt

2379 4503 2488 4555 φεν,
2519 4487 2761 4556 Εὺλόγως
2783 4483 2873 4540 οὖν
2901 4489 2992 4540 καὶ
3014 4489 3077 4540 ὲκ
3102 4487 3200 4557 τῆς
3243 4487 3351 4540 τῶν
3373 4486 3635 4551 τοσούτων
3671 4485 3760 4536 καὶ
3807 4496 3884 4548 τη-

803 4645 844 4675 ⁸⁷
883 4643 921 4698 θ’.
945 4642 1215 4713 ἐξήγησιν.
1292 4644 1337 4673 ⁸⁸
1364 4644 1402 4711 Ῑ-
1441 4644 1712 4707 Ἄτταλος·
1791 4648 1833 4678 ⁸⁸
1945 4647 2067 4715 W9-

736 4821 926 4894 nomia
949 4828 1114 4894 totam
1134 4836 1249 4874 eam
1274 4830 1475 4894 partem
1497 4821 1710 4894 duobus
1731 4823 1888 4878 libris
1916 4825 2261 4894 comprehen-

735 4890 905 4959 derat.
946 4890 1144 4959 Aratus
1173 4905 1298 4944 γει-ι)
1329 4891 1536 4958 poetico
1592 4892 1771 4959 lepore
1823 4890 2114 4948 conditam
2139 4910 2264 4948 cum

734 4957 924 5030 iisdem
941 4958 1085 5030 vitiis
1115 4957 1467 5030 pericuIOsius
1497 4957 1656 5012 etiam
1709 4963 1771 5013 ad
1799 4972 2044 5030 posteros
2093 4972 2271 5018 trans-

742 5026 989 5098 miserat.
1019 5027 1352 5098 _,§ccessit_et
1384 5030 1574 5098 tertius
1606 5026 2084 5098 Aratei'poematis
2107 5033 2268 5085 inter-

736 5109 878 5174 pres,
902 5095 994 5162 qui
1019 5091 1323 5174 Hipparcbi,
1357 5105 1414 5148 ut
1449 5097 1659 5174 opinor,
1693 5091 1908 5160 sreeulo,
1951 5101 2264 5174 pauloante

735 5166 933 5237 ipsum,
968 5167 1388 5237 conmentarios
1408 5166 1475 5217 ad
1509 5166 1655 5237 illum
1696 5166 1971 5237 auctiorem
2025 5170 2263 5237 scripse-

736 5231 1074 5305 rat,_Attalus_
1112 5234 1526 5305 gramm_aticus._
1560 5234 1760 5288 Contra
1813 5236 1911 5290 hos
1962 5245 2073 5291 tres
2129 5231 2264 5305 opus

739 5301 877 5369 istud
902 5300 1242 5369 elucubravit
1284 5299 1638 5369 Hipparchus,
1670 5317 1734 5354 ae
1772 5311 1941 5356 totum
1987 5299 2265 5359 distribuit

737 5368 791 5419 in
839 5370 1178 5443 lib_ros_tres.
1228 5368 1439 5443 Primus
1490 5372 1644 5423 initio
1696 5374 2016 5443 testimoniis
2060 5377 2264 5443 aliquot

739 5437 987 5512 ostendit,
1005 5440 1220 5512 Aratum
1235 5438 1302 5491 ab
1321 5438 1535 5493 Eudoxo
1547 5449 1727 5512 mutuo
1739 5441 1914 5512 omnia
1933 5437 2260 5512 sumpsisse;

739 5504 816 5582 sic
851 5514 906 5557 ut
936 5510 990 5582 in
1033 5507 1213 5562 multis
1238 5509 1604 5582 tantummodo
1643 5509 2026 5582 paraphrasten
2057 5504 2258 5582 'egerit.

738 5570 864 5624 Post
885 5576 1171 5646 amborum
1204 5585 1378 5630 errata
1414 5585 1561 5629 notat
1590 5570 1658 5631 in'
1679 5570 1851 5632 stellis
1880 5596 1972 5646 per
2017 5570 2156 5643 sese,
2209 5590 2261 5635 et

735 5655 918 5717 earum
947 5645 1072 5718 sign,
1097 5645 1178 5718 vel
1198 5646 1577 5718 descriptione,
1642 5663 1740 5701 nec
1776 5645 1895 5700 noni
1925 5651 2110 5712 Attali,
2162 5652 2257 5718 qui

734 5714 1014 5778 utriusque
1037 5714 1255 5781 vestigia
1290 5727 1603 5783 persecutus
1634 5725 1739 5782 est,
1800 5719 2026 5772 maxime
2075 5714 2256 5774 autem

2383 1865 2596 1917 πάντων
2624 1864 2782 1926 αὐτὸς
2822 1864 2866 1896 ⁸⁸
2899 1866 2928 1916 ὁ
2959 1865 3078 1916 καθ’
3108 1865 3251 1934 ἡμᾶς
3282 1863 3662 1934 μαθηματικὸς
3689 1863 3780 1914 τὸν
3811 1865 3908 1930 περὶ

2382 1953 2560 2006 αὐτῶν
2583 1953 2908 2022 πεποιῆσθαι
2935 1954 3106 2020 λόγον.
3149 1953 3304 2005 Ἀλλά
3329 1954 3392 2006 τὸ
3424 1954 3524 2023 μὲν
3565 1952 3906 2023 ἐξηγήσασθαι

2380 2044 2479 2113 τὴν
2501 2045 2558 2095 ὲν
2581 2045 2692 2106 τοῖς
2748 2045 3011 2113 ποιήμασι
3034 2042 3267 2095 διάνοιαν
3297 2043 3355 2094 οὐ
3394 2042 3644 2113 μεγάλης
3685 2045 3905 2112 ἐπιστρο-

2383 2135 2486 2204 φῆς
2520 2133 2857 2204 προσδεῖσθαι
2897 2133 3130 2206 νομίζω·
3160 2132 3362 2196 ἀπλοῦς
3394 2150 3452 2185 τε
3476 2134 3583 2203 γὰρ
3629 2134 3724 2185 καὶ
3754 2133 3906 2184 σύν-το-

2383 2225 2482 2292 μός
2525 2226 2638 2277 ἐστι
2669 2226 2922 2295 ποιητής·
2973 2223 3053 2276 ἔτι
3083 2222 3139 2276 δὲ
3187 2224 3359 2294 σαφὴς
3403 2225 3517 2286 τοῖς
3558 2224 3659 2274 καὶ
3701 2222 3906 2292 μετρίως

2380 2314 2908 2385 παρηκολουθηκόσι·
2946 2315 3006 2368 τὸ
3033 2315 3089 2368 δὲ
3120 2316 3353 2367 συνεῖναι
3394 2314 3463 2366 τὰ
3497 2313 3770 2381 λεγόμενα
3808 2313 3906 2380 περὶ

2377 2403 2484 2456 τῶν
2533 2405 2794 2476 οὐρανίων
2846 2406 2935 2458 ὑπ’
2978 2404 3179 2471 αὑτοῦ,.
3207 2405 3327 2457 τίνα
3365 2421 3428 2456 τε
3488 2403 3794 2474 συμφώνως
3821 2405 3906 2463 τοῖς

2380 2500 2716 2567 φαινομένοις
2737 2497 3160 2568 ἀναγέγραπται,
3191 2497 3284 2549 καὶ
3303 2497 3422 2550 τίνα
3454 2495 3905 2566 διημαρτημένως.

2377 2587 2519 2641 τοῦτ’
2542 2587 2957 2658 ὠφελιμώτατον
2988 2589 3232 2658 ἡγήσαιτ’
3262 2587 3326 2640 ἄν
3361 2605 3463 2651 τις,
3498 2588 3591 2640 καὶ
3621 2588 3904 2658 μαθηματι-

2379 2678 2478 2747 κῆς
2529 2678 2657 2731 [διον
2695 2679 3000 2749 ἐμπειρίας.
3035 2676 3262 2747 Θεωρῶν
3293 2677 3338 2729 δ’
3383 2673 3478 2730 οὖν
3517 2679 3630 2739 τοῖς
3661 2677 3904 2736 πλείστοις

2379 2767 2470 2819 καὶ
2509 2768 2938 2837 χρησιμωτάτοις
2972 2767 3339 2836 διαφωνοῦντα
3381 2761 3473 2820 τὸν
3508 2768 3744 2838 ’Δρατον
3793 2767 3905 2836 πρὸς

2380 2857 2446 2910 τὰ
2471 2859 2784 2928 φαινόμενα,
2829 2860 2921 2913 καὶ
2945 2859 3198 2930 γινόμενα
3241 2860 3382 2914 κατά
3419 2859 3694 2928 ἀλήθειαν,
3721 2858 3907 2917 τούτοις

2379 2949 2435 3001 δὲ
2464 2948 2631 3002 ἅπασι
2663 2947 2844 3019 σχεδὸν
2871 2951 2930 3004 οὐ
2967 2952 3125 3021 μόνον
3151 2951 3276 3014 τοὺς
3302 2950 3512 3015 ἀλλους,
3715 2949 3806 3001 καὶ
3832 2945 3906 2998 τὸν
4005 2963 4008 3021 1

2385 3041 2642 3095 Ἀτταλον
2673 3043 3200 3112 συνεπιγραφόμενον
3221 3059 3234 3072 ·
3269 3041 3455 3112 ἔκρινα
3487 3041 3587 3109 τῆς
3629 3041 3725 3110 σῆς
3766 3039 3905 3092 ἕνεκα

2380 3223 2634 3278 δοκοῦντά
2661 3234 2750 3292 μοι
2801 3223 3218 3294 διημρτῆσθαι.
3253 3220 3421 3274 Τοῦτο
3450 3220 3508 3273 δὲ
3540 3221 3758 3289 ποιῆσαι
3793 3235 3904 3287 προ-

2381 3316 2577 3386 εθέμην
2608 3316 2706 3369 οὐκ
2735 3318 2799 3368 ἐκ
2838 3315 2932 3370 τοῦ
2975 3316 3099 3378 τοὺς
3143 3313 3330 3376 ἄλλους
3376 3313 3618 3382 ἐλέγχειν
3636 3311 3902 3379 φαντασίαν

2379 3403 2777 3472 ἀπενέγκασθαι
2809 3402 3226 3475 προαιρούμενος
3249 3418 3261 3429 ·
3293 3399 3444 3454 κενὸν
3473 3401 3579 3471 γὰρ
3610 3399 3703 3452 καὶ
3734 3397 3901 3469 μικρὸ-

2379 3493 2544 3562 ψυχον
2577 3494 2879 3555 παντελῶς·
2933 3492 3238 3546 τούναντίον
3283 3491 3341 3544 δὲ
3392 3491 3502 3544 δεῖν
3529 3491 3707 3559 οἴομαι
3764 3490 3901 3541 πᾶσιν

2378 3586 2525 3653 ἡμᾶς
2550 3584 2905 3654 εὐχαριστεῖν,
2939 3585 3053 3636 ὅσοι
3087 3583 3183 3651 τῆς
3211 3582 3395 3674 κοινῇς
3439 3582 3622 3634 ἕνεκεν

2381 3673 2485 3725 ῑδια
2519 3672 2561 3703 ⁸⁸
2592 3668 2770 3724 πονεῖν
2803 3671 3180 3740 ἀναδεχόμενοι
3206 3667 3560 3739 τυγχᾶνουσιν
3579 3685 3592 3697 ·
3620 3668 3732 3720 ἀλλ’
3762 3667 3898 3719 ἕνεκα

2377 3765 2469 3818 τοῦ
2501 3766 2633 3836 μήτε
2659 3765 2739 3828 σὲ,
2771 3768 2907 3834 μήτε
2936 3763 3060 3825 τοὺς
3089 3762 3302 3822 λοιποὺς
3329 3760 3437 3813 τῶν
3459 3759 3766 3828 φιλομαθῶν
3789 3759 3899 3810 ἀπα
3999 3773 4001 3879 4

2381 3856 2439 3879 ,Α
2455 3857 2668 3879 .._.2-n._-
2705 3856 2801 3879 -12-
2836 3853 2954 3879 ---ἴ
2988 3852 3054 3879 -1.
3097 3852 3386 3879 .--ηιλ-...η-
3423 3851 3561 3879 ..-ολ-
3603 3850 3693 3879 ολ..
3721 3849 3896 3879 ulna-1

2379 3856 2674 3910 πλανᾶσθαι
2703 3856 2801 3926 τῆς
2833 3853 2959 3925 περὶ
2987 3852 3055 3907 τὰ
3094 3852 3390 3922 φαινόμενα
3423 3851 3562 3904 κατά
3603 3850 3693 3904 τὸν
3721 3849 3896 3917 κόσμον

2378 3947 2638 4018 θεωρίας·
2687 3948 2823 4017 ὅπερ
2850 3946 3080 4014 εὐλόγως
3116 3943 3297 3997 πολλοὶ
3325 3941 3673 3997 πεπόνθασιν.
3712 3942 3774 3993 Ἦ
3807 3940 3896 4008 γὰρ

2376 4013 2498 4090 τῶν⁷
2518 4013 2832 4108 ποιημάτων
2859 4013 3016 4108 χάρις
3043 4035 3377 4100 ἀξιοπιστίαν
3412 4036 3533 4089 τινὰ
3562 4037 3674 4096 τοῖς
3997 4013 3999 4125 4

2377 4143 2486 4188 νοις
2512 4125 2850 4197 περιτίθησι·
2899 4128 2993 4179 καὶ
3037 4127 3233 4188 πάντες
3277 4127 3461 4196 σχεδὸν
3499 4126 3550 4177 οἱ
3579 4126 3668 4176 τὸν
3696 4123 3890 4192 ποιητὴν

2377 4215 2559 4269 τοῦτον
2604 4216 2950 4286 ἐξηγούμενοι
2985 4217 3356 4287 προστίθενται
3384 4218 3496 4277 τοῖς
3524 4213 3613 4266 ὑπ’
3641 4211 3798 4266 αὑτοῦ
3820 4212 3892 4262 λε-
3996 4261 3997 4270 η

2377 4307 2641 4375 γομένοις.
2701 4305 3112 4376 Ἐμπειρότερον
3147 4306 3204 4359 δὲ
3243 4304 3468 4371 Εὔδοξος
3513 4305 3608 4374 τὴν
3644 4303 3802 4370 αὐτὴν
3830 4299 3889 4366 τῷ
3996 4293 3997 4369 ι

2389 4397 2594 4466 Ἀράτῳ
2640 4398 2765 4466 περὶ
2807 4395 2912 4448 τῶν
2943 4396 3276 4466 φαινομένων
3319 4393 3563 4458 σύνταξιν
3607 4392 3882 4461 ἀναγέγρα-

3993 4521 3995 4613 l

2364 4843 2419 4881 ,η
2463 4826 2795 4897 delineandis
2819 4826 3108 4896 parallelis,
3135 4826 3365 4897 aliisque
3391 4828 3612 4886 circulis
3639 4830 3887 4885 εδει-ηδε
3992 4767 3993 4857 ί

2366 4896 2639 4950 convincit
2657 4911 2869 4950 omnes.

2438 4963 2717 5038 Secundus
2741 4966 2876 5018 liber
2904 4963 3164 5021 bifariam.
3203 4976 3387 5038 sectus
3417 4973 3521 5021 est.
3557 4966 3723 5021 Prima
3779 4979 3882 5035 pars
3990 5025 3991 5038 χ

2366 5033 2528 5086 trium
2559 5034 2772 5104 illorum
2821 5036 3322 5104 peceataieastigat
3370 5037 3426 5090 in
3471 5044 3728 5089 astrorum
3775 5033 3880 5086 συν-
3987 5033 3992 5104 1

2365 5102 2783 5174 avaroka'iggal
2814 5101 3263 5174 σύγκαταδύσεσιζ
3290 5119 3434 5174 quos
3451 5116 3678 5174 coortu,
3698 5115 3881 5158 θίασοι·-

2364 5188 2515 5242 casus
2537 5173 2806 5239 appellare
2835 5171 2997 5242 licet;
3044 5170 3322 5242 posterior
3376 5173 3448 5226 de
3478 5170 3664 5228 iisdem
3698 5175 3800 5242 agit
3826 5187 3878 5225 ex

2363 5240 2439 5309 rei
2471 5244 2713 5302 veritate,
2734 5253 2787 5292 et
2819 5240 3073 5309 opinione
3096 5255 3195 5294 sua
3233 5243 3550 5296 constitutis
3591 5244 3641 5296 in
3673 5240 3875 5297 boreali-

2363 5308 2469 5376 bus
2495 5309 2813 5362 asterismis.
2867 5308 2870 5309 ⁷
3231 5371 3237 5376 _

2433 5375 2646 5431 Tertius
2675 5377 2989 5430 australium
3046 5375 3454 5447 asterismorum
3495 5389 3642 5434 ortus
3670 5389 3721 5435 et
3748 5393 3874 5434 octa-

2363 5460 2458 5518 s_us
2490 5447 2754 5515 explicat;
2788 5447 2978 5500 deinde
2998 5447 3283 5518 duodecim
3314 5449 3612 5518 imaginum
3634 5459 3773 5504 ortus
3803 5448 3872 5500 iti-

2362 5512 2481 5567 dem
2590 5529 2816 5596 occasus
2837 5533 2851 5578 ;
2873 5524 3152 5596 postremo
3179 5517 3246 5571 de
3272 5512 3574 5596 intervallis
3595 5522 3869 5596 asterisptff

2363 5583 2743 5658 rum_disserit_,
2796 5586 2992 5652 quibus
3043 5585 3301 5642 horarum
3348 5595 3584 5658 quatuor
3610 5597 3663 5647 et
3689 5583 3866 5658 ,νὶριιὶ

2362 5653 2533 5721 spatia
2559 5653 2915 5721 complentur.
3365 5652 3384 5658 “
3689 5652 3709 5662 ’
