4008 6328
194 475 337 532 1013

189 697 361 779 φησιν
381 683 568 751 οὓτως,
599 685 737 779 ὥστε
765 691 917 761 λόγον
946 694 1085 766 ἔχειν
1111 700 1175 753 τὰ
1203 709 1456 776 τμήματα
1493 683 1623 779 πρὸς
1651 710 1740 763 ἀλ-

187 772 332 842 ληλα
359 776 446 830 τὸν
469 779 648 845 αὐτὸν,
680 778 790 835 οἷον
818 783 929 855 ἕχει
961 788 1029 842 τὰ
1065 796 1105 843 ε’
1137 793 1271 863 πρὸς
1298 772 1364 848 τὰ
1397 805 1463 865 γ’.

266 890 351 983 A'.
376 891 493 945 Ὅτι
529 894 625 964 μὲν
655 892 746 951 οῦν
770 899 979 973 Εὐδόξῳ
1004 905 1438 979 ἐπακολουθήσας
1458 914 1486 963 ό
1511 914 1739 983 Ἀρατος

188 982 484 1053 συντέταχε
517 985 583 1038 τὰ
609 990 954 1060 Φαινόμενα,
980 996 1174 1061 ἱκανῶς
1201 995 1349 1069 οἶμαι
1369 982 1630 1058 δεικνύναι
1654 1007 1738 1059 διὰ

183 1070 303 1126 τῶν
328 1079 760 1149 προειρημένων·
795 1086 853 1136 ἐν
882 1080 962 1149 οἷς
996 1086 1051 1140 δὲ
1095 1089 1468 1146 διαπίπτουσιν
1496 1091 1639 1150 οὗτοί
1677 1115 1736 1149 τε

186 1165 287 1216 καί
307 1167 353 1218 οἱ
379 1174 897 1245 συνεπιγραφόμενοι
923 1179 1123 1246 αὐτοῖς,
1142 1177 1215 1237 ὧν
1237 1186 1350 1239 ἐστι
1376 1189 1468 1241 καὶ
1496 1190 1523 1241 ό
1546 1192 1738 1246 Ἀττα-

186 1253 304 1344 λος,
335 1256 426 1311 νῦν
455 1260 802 1337 ὐποδείξομεν
826 1285 841 1299 ·
874 1269 1216 1343 ἐκθησόμεθα
1248 1277 1302 1329 δέ
1326 1278 1522 1344 εὐθέως
1558 1284 1651 1336 καὶ
1680 1286 1737 1339 ἐν

183 1338 272 1439 οἷς
300 1346 403 1419 ἰδίᾳ⁵
424 1350 647 1417 ἕκαστος
675 1357 852 1411 αὐτῶν
882 1338 1254 1435 διαμαρτάνει.
1285 1338 1622 1439 Προληπτέον
1657 1375 1734 1438 δὲ,

181 1435 324 1535 διότι
369 1442 626 1535 ξΑτταλος
675 1450 805 1502 πᾶσι
854 1454 1035 1522 σχεδὸν
1073 1459 1184 1520 τοῖς
1226 1435 1348 1511 ὐπὸ-
1376 1435 1468 1515 τοῦ
1514 1435 1734 1535 Ἀράτου

182 1526 498 1599 λεγομένοις
532 1538 657 1606 περὶ
693 1540 799 1594 τῶν
840 1544 1101 1612 οὐρανίων
1141 1526 1622 1622 συνεπιγράφεταί,
1662 1558 1735 1620 ὡς

182 1622 491 1690 συμφώνως
537 1630 646 1691 τοῖς
691 1634 1030 1703 φαινομένοις
1064 1638 1155 1691 ὐπ’
1197 1640 1359 1693 αὐτοῦ
1406 1644 1731 1716 λεγομένοις,

184 1712 331 1809 πλὴν
354 1715 590 1809 ἐφ’ἐνὸς
628 1723 719 1776 καὶ
764 1724 1042 1798 δευτέρου·
1080 1730 1115 1784 ἃ
1157 1732 1219 1804 δὴ
1259 1735 1351 1786 καὶ
1390 1712 1733 1809 ὐποδέίξομεν

181 1803 249 1855 ἐν
289 1808 401 1869 τοῖς
444 1808 655 1881 ἐφεξῆς.
717 1816 876 1883 Λέγει
911 1820 1038 1887 γοῦν
1103 1824 1160 1877 ἐν
1341 1803 1602 1899 προοιμίιρ
1637 1803 1733 1884 ’τὸν

178 1899 387 2010 ξρόπον
418 1901 637 2010 τοῦτον;
686 1924 705 1957 t
730 1909 819 1963 Διὸ
858 1911 921 1981 δὴ
962 1916 1079 1967 τότε
1130 1916 1222 1970 τοῦ
1261 1920 1481 1990 Ἀράτου
1533 1922 1731 1991 βιϐλίον
1758 1952 1804 2010 Β

178 1987 661 2084 ἐξαπεστάλκαμέν
687 2015 767 2052 σοι
793 2000 1161 2076 διωρθωμένον
1192 2008 1280 2077 ὐφ’
1309 1987 1484 2081 ήμῶν,
1514 1987 1605 2066 καὶ
1633 2016 1730 2084 τὴν

179 2081 447 2153 ἐξήγησιν
496 2088 692 2155 αὐτοῦ,
719 2096 827 2155 τοῖς
868 2112 927 2147 τε
962 2100 1301 2169 φαινομένοις
1346 2103 1547 2159 ἕκαστα
1593 2081 1728 2175 σύμ-

181 2190 339 2240 φωνα
368 2179 693 2248 »ποιήσαντες
721 2186 811 2237 καὶ
839 2191 947 2251 τοῖς
978 2190 1080 2243 ὑπὸ
1110 2192 1203 2245 τοῦ
1239 2196 1458 2265 ποιητοῦ
1490 2214 1732 2270 γεγραμ-

182 2264 370 2359 μένοις
396 2270 671 2359 ἀκόλουθα.
703 2294 719 2324 ι
754 2278 861 2329 Καὶ
900 2280 1056 2333 πάλιν
1088 2283 1215 2353 ἑξῆς
1259 2264 1387 2354 φησι
1407 2306 1419 2317 ·
1456 2307 1473 2338 ι
1668 2264 1729 2344 δέ

176 2370 329 2445 τινες
353 2358 662 2426 ἐπιζητοῦσι
685 2364 785 2417 τίνι
809 2366 949 2438 λόγῳ
981 2372 1283 2436 πεισθέντες
1314 2378 1487 2445 φαμὲν
1512 2358 1731 2433 ἀκολού-

178 2443 293 2507 θως
321 2449 386 2518 τῇ
431 2448 523 2502 τοῦ
568 2455 790 2523 ποιητοῦ
829 2460 1135 2530 προαιρέσει
1176 2463 1273 2533 τὴν
1317 2465 1594 2536 διόρθωσιν
1636 2471 1727 2525 τοῦ

180 2534 395 2603 βιϐλίου
427 2543 770 2613 πεποιῆσθαι.
805 2548 989 2619 Ἡμεῖς
1013 2551 1070 2616 δὲ
1101 2534 1527 2629 ἀναγκαιοτάτην
1552 2562 1729 2615 αἰτίαν

178 2629 503 2723 ἀποδίδομεν
531 2634 626 2706 τὴν
654 2637 742 2690 τοῦ
788 2641 1008 2711 ποιητοῦ
1052 2647 1381 2714 συμφωνίαν.
1418 2668 1435 2699 ι
1466 2652 1727 2723 Τοιαύτην

176 2714 275 2771 οὖν
302 2719 513 2791 ἔχοντος
534 2726 625 2780 τοῦ
662 2730 910 2786 Ἀττάλου
940 2735 1037 2807 τὴν
1068 2736 1332 2809 διάληψιν,
1366 2742 1468 2796 ὅσα
1503 2742 1569 2797 ἂν
1594 2714 1726 2798 ἀπό-

176 2809 511 2886 δεικνύωμεν
539 2818 645 2871 τῶν
669 2821 770 2873 ὐπὸ
788 2823 879 2876 τοῦ
917 2826 1140 2897 ’Λράτου
1168 2831 1256 2883 καὶ
1286 2832 1512 2900 Εὐδόξου
1540 2836 1728 2900 κοινῶς

176 2900 488 2992 λεγομένων
511 2906 879 2991 διαφωνοῦντα
906 2917 1041 2985 πρὸς
1069 2918 1137 2972 τὰ
1168 2921 1482 2992 φαινόμενα,
1520 2924 1600 2977 δεῖ
1623 2926 1728 2980 δια-

177 2990 478 3060 λαμὸάνειν
500 2988 591 3051 καὶ
618 3000 705 3052 τὸν
731 3002 987 3058 ’Ἄτταλον
1020 3009 1147 3079 περὶ
1175 3010 1283 3065 τῶν
1308 2988 1482 3067 αὐτῶν
1501 3016 1728 3087 διημαρ-

174 3084 427 3153 τημένως
458 3092 998 3163 συναποφαινόμενον.
1356 3105 1360 3109 “

1168 496 1526 557 lllPPARClll
1570 506 1657 557 AD
1699 505 2136 567 PILENOMENA
2180 515 2301 570 LIB.
2332 519 2371 572 1.

190 588 275 653 τῷ
300 590 715 697 ἐπιγραφομένῳ
749 598 1037 697 ’ξνόπτρῳ
1064 606 1153 660 τὸν
1175 613 1426 680 τροπικὸν
1455 607 1741 685 τέμνεσθαί
1771 624 1811 676 Α
1843 636 2001 687 quem
2056 627 2385 697 Ἕνοπτρον

3245 541 3379 598 1οη

2429 632 2732 705 inscripsit,
2782 643 3044 711 tr0picum
3092 648 3163 702 ita
3205 658 3375 707 secari

1840 712 2019 776 docet,
2060 726 2115 769 ut
2150 733 2212 771 ea
2250 722 2318 773 sit
2352 724 2489 777 ratio
2522 738 2919 796 segmentorutn
2964 736 3103 792 inter
3143 756 3219 804 se,
3259 760 3377 799 ante

1838 812 1919 859 est
1943 807 1975 859 5
1998 807 2062 861 ad
2096 810 2147 862 3.
2384 832 2389 833 ί

1913 919 2059 989 101
2094 922 2179 977 IV.
2200 925 2418 981 Aratum
2437 929 2601 998 igitur
2616 932 2836 991 Eudoxo
2854 938 3169 997 inomnibus
3188 959 3342 1000 assen
3356 978 3374 990 ς

1840 1008 2055 1064 tientein
2110 1010 2458 1095 Phrenomena
2508 1035 2604 1075 sua
2658 1028 3068 1097 conscripsisse,
3118 1034 3249 1088 satis
3292 1052 3376 1089 me

1840 1101 2073 1156 arbitror
2096 1104 2359 1164 hactenus
2385 1105 2707 1169 ostendisse.
2765 1117 2918 1173 Nunc
2948 1129 3015 1175 eat
3031 1115 3375 1179 demonstra-

1835 1192 2032 1258 bimus,
2087 1198 2142 1250 in
2198 1201 2394 1268 quibus
2448 1212 2556 1259 tam
2619 1200 2937 1266 aberrarunt
2972 1214 3142 1269 iidem
3195 1218 3372 1280 ambo,

1836 1298 1999 1351 quam
2033 1287 2124 1354 qui
2153 1288 2259 1343 illis
2297 1291 2735 1363 subscripserunt
2770 1318 2781 1351 ε
2822 1315 2852 1354 e
2880 1282 3074 1369 quibus
3109 1311 3190 1359 est
3221 1304 3373 1358 Atla-

1838 1370 1941 1425 lus.
1976 1376 2182 1439 Quibus
2219 1393 2282 1433 ea
2323 1380 2574 1454 deinceps
2611 1386 2944 1454 adjiciemus,
2980 1408 3099 1461 quae
3129 1396 3374 1464 privatim

1838 1462 1905 1516 ab
1940 1479 2261 1556 unoquoque
2290 1480 2505 1538 peccata
2550 1484 2695 1531 sunt.
2738 1476 2841 1532 Sed
2880 1481 3007 1535 illud
3046 1462 3200 1539 antea
3230 1488 3375 1556 cogi-

1836 1555 2058 1609 tandum
2103 1568 2184 1613 est
2217 1578 2229 1613 :
2264 1559 2493 1616 Attalum
2524 1566 2774 1622 omnibus
2808 1568 2938 1635 fere,
2974 1588 3092 1641 quae
3118 1574 3185 1629 ab
3210 1555 3374 1631 Arato

1835 1645 2148 1701 cmlestibus
2189 1649 2255 1703 de
2301 1651 2463 1707 rebus
2497 1655 2707 1724 prodita
2750 1668 2898 1722 sunt,
2940 1664 3215 1727 assentiri,
3252 1674 3374 1719 tan-

1834 1749 1994 1802 quam
2050 1746 2196 1792 recte
2241 1749 2295 1792 et
2351 1732 2710 1812 congruenter
2770 1748 2858 1811 iis,
2912 1765 3030 1818 quae
3091 1762 3370 1823 apparent,

1832 1826 2101 1895 explicata
2148 1828 2385 1897 fuerint;
2431 1834 2476 1887 si
2520 1850 2693 1911 unum
2737 1839 2820 1893 vel
2863 1840 3084 1895 alterum
3110 1844 3369 1914 excipias,

1832 1917 1898 1972 de
1941 1919 2138 1986 quibus
2186 1930 2367 1991 postea
2418 1925 2646 1982 dicetur.
2685 1928 2775 1985 Sic
2811 1931 2973 2000 igitur
3012 1933 3066 1986 in
3113 1937 3387 2002 procemio.

1836 2009 2073 2079 loquitur
2110 2006 2319 2071 Attalu’s
2378 2036 2389 2069 :
2444 2035 2463 2067 ι
2515 2017 2803 2089 Propterea
2843 2037 2944 2077 nos
2986 2024 3134 2077 Arati
3177 2025 3371 2081 librum

1831 2101 1895 2155 ad
1938 2110 1990 2157 te
2024 2104 2267 2162 misimus
2295 2108 2634 2164 emendatum
2663 2125 2693 2165 a
2722 2112 2896 2176 nobis,
2930 2129 3035 2168 una
3072 2130 3193 2170 cum
3229 2118 3373 2173 illius

1834 2193 2290 2266 interpretatione,
2346 2199 2479 2255 adeo
2533 2209 2591 2255 ut
2641 2211 2695 2257 et
2750 2205 3082 2274 apparentiis
3140 2222 3373 2263 consen-

1833 2291 1992 2340 tanea
2036 2292 2090 2340 et
2146 2302 2268 2343 cum
2307 2298 2481 2369 poeta:
2518 2294 2828 2350 narratione
2874 2296 3371 2371 congruentiasin-

1832 2379 1956 2447 gula
2001 2378 2321 2437 faceremus.
2364 2400 2384 2434 ι
2424 2381 2564 2438 Idem
2607 2385 2862 2456 deinceps
2895 2387 2962 2441 ad
3001 2402 3122 2442 eum
3152 2388 3369 2443 modum

1832 2470 2017 2523 scribit
2079 2487 2090 2519 :
2139 2489 2157 2521 σ
2220 2470 2470 2539 Ωιιεετοηι
2518 2475 2682 2545 aliqui
2730 2475 2959 2532 fortasse
3007 2492 3114 2546 qua
3165 2478 3373 2532 ratione

1832 2560 1955 2615 freti
1998 2562 2316 2627 dixerimus,
2347 2575 2709 2622 consentanee
2748 2576 2917 2637 poeta:
2945 2566 3220 2639 proposito
3250 2571 3371 2625 libri

1830 2668 1931 2709 nos
1975 2654 2122 2710 illius
2171 2657 2599 2713 emendationem
2653 2659 2971 2717 instituisse.
3023 2651 3203 2731 Hujus
3246 2678 3372 2717 vero

1802 2759 2051 2821 causam
2074 2762 2173 2802 nos
2208 2747 2531 2818 praecipuam
2572 2748 2909 2815 adducimus,
2941 2759 3111 2821 poetae
3141 2767 3373 2808 consen-
3432 2786 3436 2789 -

1832 2837 2058 2894 sionem.
2130 2858 2151 2891 ‹
2195 2840 2328 2895 Cum
2394 2842 2509 2896 haec
2564 2843 2723 2897 Attali
2773 2845 3034 2899 sententia
3084 2846 3174 2907 sit,
3232 2861 3371 2914 quae-

1832 2945 2045 3000 cunque
2084 2932 2153 2986 ab
2203 2931 2386 2997 Arato,
2429 2936 2510 2990 vel
2565 2936 2786 2991 Eudoxo
2834 2937 3187 2992 communiter
3225 2938 3368 2991 dicta

1831 3021 2055 3077 minime
2109 3037 2230 3078 cum
2288 3025 2612 3095 apparentiis
2673 3027 2962 3080 convenire
3034 3028 3369 3081 demonstra-
3438 3101 3443 3106 '

1767 3179 1771 3182 γ
1834 3112 2033 3179 bimus,
2065 3114 2253 3169 eadem
2286 3117 2353 3170 ab
2388 3116 2563 3195 Attalo
2590 3133 2802 3188 quoque
2837 3114 3128 3193 putandum
3169 3120 3367 3187 scripta

1828 3220 1948 3260 esse
1979 3206 2255 3262 mendose.

254 3278 326 3344 E'.
362 3281 582 3352 Πρῶτον
618 3286 715 3359 μὲν
749 3283 840 3342 οὖν
878 3292 906 3343 ό
949 3292 1179 3361 ’Ἄρατος
1215 3295 1422 3363 ἀγνοεῖν
1458 3314 1545 3367 μοι
1587 3298 1727 3351 δοκεῖ

1878 3312 1966 3367 -V.
2002 3314 2242 3369 Primum
2270 3316 2431 3387 igitur
2445 3318 2642 3372 Aratus
2668 3319 2719 3371 in
2744 3318 2927 3373 mundi
2962 3320 3068 3373 situ
3089 3298 3369 3373 aberrasse

176 3370 245 3480 vs)
294 3371 524 3445 ἕτκλιμα
549 3375 643 3429 τοῦ
688 3380 910 3450 κόσμου,
958 3384 1189 3453 νομίζων
1217 3389 1274 3439 ἐν
1306 3391 1416 3451 τοῖς
1458 3390 1584 3461 περὶ
1634 3391 1728 3462 τήν

1830 3406 2044 3461 videtur
2082 3427 2094 3461 :
2133 3408 2224 3478 qui
2252 3370 2513 3478 ejuusmodi
2551 3410 2698 3464 illum
2733 3425 2853 3465 esse
2890 3419 3039 3480 putat
3063 3410 3114 3463 in
3137 3408 3364 3475 Grai-cia,

190 3460 420 3525 Ἐλλάδα
450 3467 633 3531 τόποις
678 3472 914 3526 τοιοῦτον
958 3471 1112 3543 εἶναι,
1149 3477 1287 3531 ὥστε
1319 3481 1416 3547 τὴν
1472 3483 1727 3555 μεγίστην

178 3554 395 3625 ἡμέραν
444 3556 597 3626 λόγον
629 3558 769 3630 ἐχειν
807 3564 942 3633 πρὸς
971 3565 1069 3636 τὴν
1101 3568 1382 3639 ἐλαχίστην
1426 3572 1516 3625 τὸν
1548 3554 1724 3638 αὐτὸν,

177 3648 243 3700 ὃν
268 3648 376 3718 ἔχει
403 3650 471 3703 τὰ
495 3658 535 3704 ε’
575 3653 709 3723 πρὸς
746 3654 813 3707 τὰ
844 3664 909 3724 γ’.
945 3660 1103 3727 Λέγει
1132 3662 1238 3732 γὰρ
1266 3664 1357 3718 ἐπὶ
1395 3666 1489 3718 τοῦ
1519 3667 1726 3738 θερινοῦ

178 3756 442 3809 τροπικου
466 3758 479 3773 ·

330 3898 457 3979 μὲν.
474 3900 631 3979 50:01:
650 3921 711 3957 τε
734 3905 997 3979 μάλιστα
1026 3908 1099 3961 δι’
1124 3909 1275 3979 ὀκτὼ
1302 3914 1691 3979 μετρηθέντος

186 3930 300 3961 ,νυ
330 3930 445 3968 [Lor
474 3930 621 3955 uuu-r
650 3930 711 3957 τε
734 3930 997 3974 μαλιστα
1026 3930 1083 3961 οι
1124 3930 1275 3979 οκτω
1287 3930 1691 4033 ἐμετρησεντος

177 3966 369 4051 gens
383 3969 697 4051 μέζέγδια
720 3977 1052 4051 στρέφεται,
1076 3980 1172 4033 καὶ
1205 3983 1287 4033 ὑπ
1310 3998 1491 4049 ρτερα
1521 3984 1690 4051 γαίης
1710 4002 1723 4015 ο

185 4038 268 4091 Τὰ
302 4042 432 4106 τρία
461 4040 520 4093 ’δ’
546 4043 616 4095 ἐν
641 4038 883 4116 περάτῃῖ

253 4192 324 4243 Συ
330 4196 624 4262 μφωνεῖται
649 4196 733 4266 δὴ,
749 4199 882 4253 διότι
912 4203 970 4253 ἐν
996 4202 1091 4273 μὲν
1108 4206 1218 4267 τοῖς
1239 4206 1366 4276 περὶ
1388 4207 1486 4276 τὴν
1510 4206 1727 4262 Ἐλλάδα

156 4281 369 4347 ητὸποις
403 4284 431 4336 ὁ
475 4285 707 4355 γνώμων
748 4289 904 4357 λόγον
952 4290 1064 4361 ἔχει
1099 4294 1234 4363 πρὸς
1269 4294 1368 4365 τὴν
1414 4298 1727 4368 ἰσημερινήν

181 4373 363 4439 σκιὰν,
402 4375 462 4429 ὃν
494 4376 605 4447 ἔχει
635 4378 701 4431 τὰ
731 4380 969 4452 τέσσαρα
1013 4376 1151 4455 πρὸς
1184 4386 1253 4440 τὰ
1290 4388 1435 4459 τρία.
1488 4390 1632 4442 Ἐκεῖ
1664 4392 1727 4462 δὴ

177 4466 418 4538 τοίνυνή
452 4469 679 4541 μεγίστη
714 4471 893 4541 ἡμέρα
934 4475 1081 4528 ἐστὶν
1117 4476 1272 4547 ὡρῶν
1312 4481 1638 4553 ίσημερινῶν
1670 4481 1725 4534 ιδ’

1833 3505 1893 3551 ut
1917 3499 2148 3553 maxima
2177 3500 2293 3555 dies
2311 3515 2428 3554 eam
2461 3501 2526 3554 ad
2553 3502 2827 3555 minimam
2859 3499 3118 3556 rationem
3151 3501 3363 3567 habeat,

1828 3603 1988 3657 quam
2028 3592 2265 3661 quinque
2297 3593 2492 3648 habent
2523 3592 2586 3646 ad
2620 3592 2739 3646 tria.
2771 3590 2903 3646 Nam
2944 3592 3012 3646 de
3049 3591 3233 3647 aestivo
3259 3597 3369 3663 trou

1826 3683 1946 3750 pico
1974 3682 2051 3735 sic
2075 3683 2309 3753 loquitur
2338 3702 2351 3736 :

1834 3921 1945 3993 floc
1973 3940 2118 3985 sane,
2146 3933 2370 3992 quantus
2390 3934 2612 3993 quantus
2640 3934 2737 3987 est,
2769 3925 2824 3977 in
2850 3934 2961 3978 octo
2987 3932 3158 3993 partes
3180 3923 3362 3991 diviso,

1830 3992 2065 4062 Quinque
2092 3993 2295 4062 quidem
2320 3992 2590 4048 volvuntur
2609 4009 2767 4062 supra
2802 3992 2993 4047 terram
3019 4011 3039 4058 ;

1830 4061 1954 4116 Tres
1985 4061 2164 4141 autem
2186 4064 2346 4131 infra.

1899 4218 2009 4274 Est.
2033 4227 2210 4274 autem
2258 4219 2397 4289 apud
2444 4235 2630 4275 omnes
2668 4220 2723 4274 in
2761 4219 3033 4287 confesso,
3065 4219 3122 4275 in
3148 4219 3365 4275 Graeciae

1830 4315 2005 4361 tractu
2037 4297 2356 4378 gnomonem
2405 4308 2543 4364 hanc
2574 4308 2640 4362 ad
2666 4309 3090 4379 aaquinoetialem
3122 4309 3365 4363 umbram

1830 4397 2230 4467 proportionem
2269 4398 2496 4461 habere,
2548 4413 2669 4468 quae
2714 4406 2799 4454 est
2831 4405 3067 4473 quatuor
3117 4396 3184 4451 ad
3239 4398 3363 4451 tria.

1828 4485 2005 4552 Quare
2062 4488 2255 4544 ibidem
2315 4489 2546 4543 maxima
2600 4487 2714 4544 dies
2767 4489 3021 4542 horarum
3071 4497 3151 4543 est
3202 4489 3366 4556 aequi-

180 4558 278 4611 καὶ
317 4565 367 4625 γ’
406 4560 631 4628 ἔγγιστα
680 4564 1126 4632 πεμπτημορίων.
1162 4565 1234 4618 Τὸ
1282 4566 1337 4618 δὲ
1382 4567 1591 4639 ξξαρμα
1633 4571 1725 4625 τοῦ

1832 4578 2146 4634 noctialium
2175 4580 2239 4633 Η
2279 4587 2333 4636 et
2382 4579 2463 4667 3Q:
2492 4580 2725 4633 circiter.
2760 4578 2876 4633 Poli
2921 4586 3095 4633 autem
3140 4578 3365 4632 altitudo

179 4650 347 4703 πόλου
384 4652 587 4723 μοιρῶν
630 4652 705 4718 λζ’
734 4653 809 4716 ὡς
852 4652 1096 4721 ἔγγιστα.
1141 4658 1312 4712 Ὅπου
1348 4660 1463 4732 δέή
1499 4664 1721 4735 μεγίστη

1830 4668 2061 4737 partium
2092 4668 2313 4725 est-fere
2347 4650 2539 4723 57AM
2585 4668 2673 4723 ubi
2712 4668 2957 4723 maxima:
3001 4669 3105 4723 diei
3143 4670 3277 4722 ratio
3299 4668 3365 4723 ad

140 4772 144 4775 -
181 4741 366 4814 ἡμέρα
402 4743 561 4814 λόγον
605 4745 717 4816 ἔχει
763 4748 896 4819 πρὸς
936 4749 1032 4819 τὴν
1062 4750 1372 4821 ἐλαχίστην,
1407 4754 1465 4808 ὃν
1512 4756 1622 4827 ἔχει
1662 4759 1729 4810 τὰ

182 4840 224 4887 ε’
253 4834 389 4904 πρὸς
414 4835 483 4889 τὰ
509 4843 577 4906 γ’,
598 4838 714 4891 ἐκεῖ
742 4841 774 4909 ή
808 4840 905 4910 μὲν
935 4840 1164 4912 μεγίστη
1196 4844 1375 4915 ἡμέρα
1408 4847 1551 4900 ἐστὶν
1570 4848 1727 4918 ὡρῶν

186 4930 249 4977 ιε’
268 4939 282 4953 ·
307 4922 369 4975 τὸ
390 4923 446 4976 δὲ
473 4925 687 4998 ἐξαρμα
717 4929 825 4981 τοῦ.
848 4930 1007 4982 πόλου
1035 4931 1235 5002 μοιρῶν
1258 4940 1344 5002 μα’
1375 4935 1451 4997 ὡς
1484 4934 1726 5004 ἔγγιστα.

182 5014 352 5084 Δῆλον
375 5014 572 5079 τοίνυν,
591 5016 670 5071 ὅτι
694 5018 763 5070 οὐκ
778 5017 999 5072 δυνατὸν
1022 5020 1079 5072 ἐν
1106 5022 1217 5081 τοῖς
1241 5021 1367 5091 περὶ
1388 5022 1486 5093 τὴν
1509 5022 1730 5077 Ἐλλάδα

179 5104 279 5157 τὸν
310 5105 699 5174 προειρημένον
730 5103 869 5160 εἶναι
903 5107 1057 5175 λόγον
1092 5109 1192 5179 τῆς
1228 5110 1487 5181 μεγίστης
1521 5114 1731 5185 ἡμέρας

178 5195 325 5267 πρὸς
351 5196 450 5267 τὴν
495 5195 801 5268 ἐλαχίστην,
832 5199 969 5253 ἀλλὰ
1002 5200 1197 5270 μᾶλλον
1224 5203 1279 5253 ἐν
1331 5205 1440 5264 τοῖς
1471 5205 1598 5274 περὶ
1639 5206 1728 5257 τὸν

193 5286 589 5362 Ἑλλήσποντον
631 5289 833 5352 τόποις.
872 5291 1126 5360 Καίτοιγε
1167 5294 1196 5346 ὁ
1231 5294 1326 5363 μὲν
1353 5293 1604 5363 Ἄρατος,
1633 5296 1729 5348 οὐκ

183 5376 286 5447 ἀφ’
308 5379 501 5441 ἑαυτοῦ
527 5380 705 5451 κρίσιν
734 5382 860 5451 περὶ
888 5383 995 5436 τῶν
1024 5384 1276 5437 τοιούτων
1311 5386 1729 5457 προφερόμενος,

185 5470 466 5540 γέγραφεν
491 5513 506 5535 ,
542 5471 678 5525 ἀλλὰ
720 5473 797 5543 τῷ
824 5474 1039 5544 Εὐδόξῳ
1070 5477 1164 5529 καὶ
1208 5478 1335 5548 περὶ
1378 5476 1564 5530 τούτου
1599 5496 1729 5531 κατ-

148 5601 152 5604 .
182 5560 553 5635 ικολουθήσας
570 5582 584 5595 ·
623 5568 671 5619 εί
693 5566 749 5620 δὲ
776 5566 868 5621 καὶ
896 5568 1209 5637 ἀφ’,ἐαυτοῦ
1230 5570 1520 5641 γέγραφεν,
1539 5571 1597 5623 οὐ
1620 5572 1732 5624 δια-

188 5655 444 5727 σαφήσας
480 5658 536 5709 ἐν
556 5658 724 5724 ποίοις
743 5661 889 5730 ἐστὶν
917 5663 948 5734 ὴ
975 5663 1337 5736 προειρημένη
1379 5663 1612 5732 ἔγκλισις
1637 5664 1729 5720 τοῦ

188 5751 433 5821 κόσμου,
486 5752 623 5822 τάχα
680 5753 745 5806 ἂν
800 5755 939 5810 κατά
984 5772 1046 5823 γε
1091 5754 1246 5808 τοῦτο
1292 5756 1622 5828 διακρούοιτο
1671 5758 1732 5810 τὸ

187 5840 462 5916 ἔγκλημα.
543 5843 599 5897 Ὀ
659 5843 902 5915 μέντοιγε
968 5846 1224 5911 Ἄτταλος
1298 5848 1730 5925 ὁμολογουμένως

1832 4758 2205 4814 brevissimam
2242 4758 2505 4824 eiusmodi
2537 4767 2640 4823 est,
2675 4746 2851 4827 qualis
2875 4766 2957 4813 est
2978 4760 3011 4813 5
3042 4757 3105 4811 ad
3126 4757 3179 4819 3,
3213 4757 3283 4809 ibi
3312 4765 3366 4810 et

1830 4849 1946 4905 dies
1988 4850 2220 4903 maxima
2269 4847 2522 4901 horarum
2563 4859 2647 4904 est
2689 4849 2774 4913 l5,
2826 4857 2880 4913 et
2919 4850 3075 4919 polus
3112 4847 3364 4917 gradibus

1826 4941 1889 4992 41
1924 4941 2141 4995 circiter
2170 4939 2450 4993 attollitur.
2485 4938 2720 5009 Apparet
2744 4954 2874 5010 ergo
2906 4939 3019 4993 fieri
3044 4953 3149 4992 non
3184 4951 3361 5006 posse,

1831 5038 1891 5084 ut
1928 5031 1982 5085 iu
2022 5028 2227 5084 Graecia
2262 5028 2401 5083 ratio
2438 5030 2529 5084 illa
2571 5033 2641 5085 sit
2677 5031 2923 5085 maximae
2958 5030 3061 5083 dici
3106 5028 3172 5082 ad
3214 5031 3367 5084 mini-

1828 5137 1970 5177 mam
1998 5164 2012 5188 ,
2071 5120 2163 5177 sed
2215 5120 2394 5190 potius
2439 5123 2493 5177 id
2544 5122 2601 5176 in
2643 5121 2969 5192 Hellesponti
3008 5130 3183 5175 tractu
3236 5137 3363 5176 conv

1828 5212 2051 5281 tingere.
2106 5209 2423 5280 Quanquam
2465 5228 2572 5267 non
2608 5229 2673 5266 ex
2714 5218 2903 5281 su0pte
2934 5211 3139 5279 judicio
3186 5213 3251 5266 iis
3301 5217 3367 5267 de

1828 5304 1990 5358 rebus
2023 5303 2379 5371 pronuntians
2426 5305 2529 5359 ista
2557 5302 2773 5372 scripsit
2798 5301 3026 5367 Aratus;
3058 5303 3147 5356 sed
3178 5303 3231 5355 in
3260 5302 3366 5355 illis

1828 5396 1989 5451 etlam
2033 5395 2273 5451 imitatus
2318 5395 2618 5451 Eudoxum.
2665 5394 2816 5459 Quod
2863 5394 2907 5448 si
2956 5393 3216 5464 judicium
3253 5392 3367 5460 ipse

1831 5501 1991 5541 suum
2034 5487 2440 5558 interposuerit,
2505 5497 2680 5543 tamen
2731 5502 2853 5541 cum
2898 5487 2951 5541 id
2991 5501 3097 5539 non
3146 5499 3368 5553 expres-

1831 5579 1995 5642 serit,
2040 5580 2365 5649 quibusnam
2421 5577 2728 5649 regionibus
2770 5578 2926 5637 talem
2971 5575 3091 5630 cmli
3136 5578 3366 5642 positum

1831 5671 2169 5734 attribuerit,
2239 5674 2343 5727 hac
2386 5672 2593 5725 ratione
2651 5670 2862 5741 culpam
2906 5683 2937 5721 a
2988 5682 3046 5721 se
3090 5667 3368 5735 deprecari
3439 5718 3449 5727 ,

1831 5763 2061 5818 videtur.
2096 5762 2308 5819 Attalus
2348 5778 2474 5817 vero
2520 5761 2654 5815 citra
2687 5756 3105 5815 controversiam
3136 5756 3367 5824 castiga-

1837 5856 1985 5915 tione
2031 5854 2225 5925 dignus
2276 5860 2378 5920 est,
2431 5854 2521 5926 qui
2579 5853 2775 5919 diserte
2829 5849 3017 5909 scribit
3064 5848 3120 5903 iu
3167 5846 3371 5904 Graecia
