4094 6328
737 404 873 460 1015

1709 379 1802 455 AD
1839 400 2104 458 EUSEBII
2143 399 2533 458 cuaomcon
2567 401 2924 460 APPE‘NDIX.

3797 401 3911 455 i016

685 551 689 555 -
728 516 1000 588 ejusmodi
1027 529 1148 571 esse
1179 515 1425 570 maximae
1455 513 1560 569 diei
1593 515 1855 570 rationem
1881 515 1948 569 ad
1982 516 2265 576 minimam

2385 519 2593 589 ἠγνόει,
2620 519 2791 587 λέγων
2829 520 2886 572 ἐν
2911 521 3020 582 τοῖς
3061 518 3190 590 περὶ
3231 518 3327 589 τὴν
3363 515 3586 572 Ἐλλάδα
3621 516 3802 582 τόποις
3831 519 3912 589 τὴν

728 622 891 677 quam
941 606 1139 660 habent
1183 607 1215 659 5
1256 605 1322 658 ad
1369 605 1420 658 3.
1460 604 1755 674 Postquam
1798 605 1938 659 enim
1979 605 2127 657 Arati
2161 618 2283 658 car-

729 699 874 752 mina
899 697 964 752 de
1005 697 1192 751 aestivo
1214 696 1422 763 tropico
1452 695 1673 748 adduxit
1717 695 1770 748 in
1815 693 2069 757 medium,
2099 695 2281 748 statim

728 787 832 840 ista
861 787 1091 856 subjecit
1121 802 1136 837 :
1177 804 1195 837 ι
1243 784 1299 838 ln
1324 785 1440 854 ihoc
1470 801 1597 840 vero
1630 787 1910 854 perspicue
1949 785 2182 840 declarat
2223 801 2282 839 se

728 884 902 931 totum
935 877 987 931 id
1025 878 1206 946 operis
1232 877 1287 932 in
1319 877 1538 934 Gratcize
1571 876 1878 946 regionibus
1913 876 2278 930 elucubrasse.

733 966 866 1020 Nam
922 967 1062 1036 apud
1109 969 1230 1022 illos
1275 981 1336 1022 ea
1377 968 1517 1019 ratio
1561 974 1644 1021 est
1693 967 2022 1036 longissima:
2062 967 2169 1021 diei
2212 966 2280 1019 ad

733 1056 1112 1115 brevissimam
1149 1065 1382 1121 noctem,
1423 1070 1542 1125 quae
1570 1063 1654 1110 est
1689 1055 1722 1110 5
1751 1057 1816 1111 ad
1854 1058 1907 1112 5.
1949 1077 1968 1111 ι

839 1259 846 1268 ’
894 1251 950 1305 in
991 1251 1119 1306 illud
1162 1262 1320 1323 auget
1353 1252 1786 1318 admirationem,
1823 1252 1967 1324 quod
1997 1254 2281 1307 Eudoxum

739 1337 843 1391 alio
872 1335 924 1390 in
955 1338 1090 1394 libro
1120 1341 1276 1411 longe
1305 1342 1460 1397 aliter
1491 1343 1777 1413 scripsisse
1809 1360 1915 1397 non
1945 1342 2281 1406 auiinadvenv

735 1427 880 1490 terit,
925 1439 1254 1486 asserentem
1311 1443 1645 1504 segmentum
1694 1434 1824 1488 illud
1869 1425 2082 1503 tropici,
2135 1433 2279 1502 quod

734 1529 895 1582 supra
937 1523 1136 1569 terram
1191 1528 1294 1584 est,
1359 1523 1425 1574 ad
1479 1524 1728 1587 alterum,
1789 1523 1933 1591 quod
1979 1524 2080 1576 sub
2135 1531 2278 1576 terra

731 1605 1002 1670 conditur,
1049 1623 1167 1662 eam
1213 1612 1477 1665 rationem
1530 1613 1727 1667 habere
1769 1629 1888 1684 quae
1923 1623 2006 1668 est
2034 1614 2099 1668 12
2132 1615 2197 1667 ad
2225 1613 2276 1670 7.

729 1696 827 1749 Cui
861 1708 1224 1762 consentanea
1253 1700 1551 1773 Philippus,
1579 1714 1633 1759 et
1679 1706 1982 1775 complures
2014 1707 2104 1760 alii
2149 1705 2281 1760 scri-

727 1798 976 1858 pserunt,
1039 1798 1093 1844 ct
1149 1791 1503 1848 nihilominus
1557 1804 1799 1859 coortus,
1867 1805 1920 1850 et
1982 1811 2277 1852 cooccasus

728 1878 965 1934 siderum
997 1880 1070 1933 ita
1104 1883 1548 1953 perscripserunt,
1581 1896 1832 1956 tanquam
1868 1885 2016 1956 ipsos
2049 1887 2103 1940 in
2135 1887 2277 1942 Grat-

727 1967 827 2023 cia:
890 1971 1185 2046 provinciis
1251 1974 1652 2030 observassent.
1704 1978 1784 2029 Ita
1839 1978 1895 2030 in
1949 1977 2054 2031 loci
2111 1978 2274 2047 hujus

728 2059 1076 2119 inclinatione
1103 2063 1236 2134 fugit
1262 2065 1382 2121 illos
1404 2069 1561 2121 ratio.
1590 2067 1697 2122 Nos
1720 2077 1898 2122 autem
1927 2069 2027 2122 hoc
2057 2070 2274 2124 illorum

724 2166 909 2206 errore
962 2156 1342 2222 praetermisso,
1385 2165 1550 2212 totam
1607 2174 1792 2214 eorum
1845 2157 2274 2216 lucubratiou‘em

723 2241 791 2294 ad
823 2242 1047 2298 Gracia
1088 2246 1418 2302 horizontem
1454 2250 1750 2318 exegimus.
1799 2248 1914 2302 Non
1954 2252 2096 2305 enim
2132 2254 2274 2307 veri-

724 2330 854 2386 tatis
901 2341 1202 2398 amantem,
1251 2337 1344 2390 sed
1393 2338 1628 2392 inaniter
1683 2339 1960 2394 curiosum
2011 2343 2164 2396 decet
2216 2344 2271 2397 in

727 2419 859 2474 falsa
899 2422 1113 2480 illorum
1165 2426 1448 2498 bypotbesi
1487 2430 1880 2493 convincenda,
1927 2443 1979 2486 et
2026 2435 2093 2488 iis
2137 2435 2271 2505 ipsis

724 2514 1178 2585 reprehendendis
1225 2527 1395 2573 totum
1439 2521 1737 2587 immorari,
1777 2523 1869 2578 sed
1910 2525 1956 2578 si
1985 2526 2048 2578 ad
2078 2527 2269 2582 obser-

720 2605 965 2661 vationes
997 2606 1166 2664 factas
1207 2609 1260 2663 in
1307 2609 1512 2672 Graecia
1553 2615 1948 2669 accommodari
1989 2627 2265 2686 queant...

717 2694 1052 2754 Adhibcatur
1079 2699 1243 2769 igitur
1273 2701 1340 2756 ad
1369 2717 1486 2756 eam
1523 2705 2008 2762 considerationem
2041 2707 2268 2764 horizon

713 2786 1074 2855 Athenarum;
1102 2790 1192 2843 ubi
1224 2793 1456 2846 maxima
1486 2793 1602 2873 dies
1632 2805 1714 2849 est
1728 2795 2001 2868 horarum
2033 2799 2118 2862 M,
2147 2800 2263 2867 56';

715 2878 942 2932 altitudo
966 2897 1090 2937 vero
1115 2884 1219 2952 poli
1248 2883 1507 2952 graduum
1543 2886 1629 2938 '57.

787 2968 862 3022 Ac
894 2969 961 3024 de
1001 2971 1200 3026 boreali
1230 2975 1352 3043 polo
1391 2974 1558 3030 falsus
1591 2984 1674 3030 est
1703 2977 1981 3043 Eudoxus,
2025 2967 2266 3034 dum-sic

714 3059 905 3112 scribit
946 3076 959 3111 :
1009 3080 1027 3112 ι
1065 3062 1157 3117 Est
1185 3080 1314 3119 vero
1344 3067 1494 3121 stella
1525 3069 1767 3136 quaadam
1815 3070 1868 3124 in
1897 3070 2083 3124 eodem
2127 3087 2266 3125 sem-

2389 611 2654 680 μεγίστην
2706 610 2916 682 ἡμέραν
2948 610 3082 681 πρὸς
3118 611 3215 680 τὴν
3255 609 3538 679 ἐλαχίστην
3579 608 3733 676 λόγον
3771 609 3909 678 ἔχειν,

2361 701 2440 753 ’ὃν
2473 700 2540 751 τὰ
2574 707 2612 751 ε’
2652 701 2786 768 πρὸς
2823 701 2891 752 τὰ
2918 707 2985 767 γ’.
3028 700 3424 770 Προεκθέμενος
3454 701 3564 772 γάρ
3593 699 3665 752 τὰ
3707 701 3799 752 ἐπὶ
3832 701 3910 753 τσῖι

2387 789 2601 862 θερινίοῦ
2637 791 2894 861 τροπικοῦ
2925 793 3219 861 ποιήματα,
3249 792 3564 862 ἐπιφέρεται
3587 791 3769 844 ταυτί·
3793 809 3811 840 ‹
3832 792 3911 843 Διὰ

2379 881 2437 934 δέ
2469 882 2659 934 τούτου
2683 883 2911 954 φανερὸν
2937 886 3096 944 ποιεί,
3122 883 3252 935 διότι
3279 882 3374 954 τὴν
3399 883 3525 952 ὅλην
3553 884 3910 956 πραγματείαν

2379 974 2438 1025 ἐν
2483 976 2596 1035 τοῖς
2635 973 2761 1044 περὶ
2805 973 2902 1043 τὴν
2941 973 3162 1028 Ἐλλάδα
3210 974 3390 1036 τόποις
3437 975 3746 1042 πεποίηται.
3793 973 3910 1041 Παρ⁹

2383 1063 2613 1125 ἐκείνοις
2665 1063 2774 1132 γάρ
2822 1065 3028 1134 ἐστινὴ
3074 1063 3383 1133 μακροτάτη
3408 1053 3610 1134 ’ἡμέρα
3655 1063 3790 1134 πρὸς
3829 1064 3911 1132 τὴν

2387 1153 2721 1224 μικροτάτην
2751 1152 2937 1215 νύκτα,
2970 1153 3043 1215 ὡς
3067 1152 3133 1206 τὰ
3157 1151 3194 1204 ε’
3224 1154 3356 1222 πρὸς
3392 1153 3460 1206 τά
3482 1160 3550 1220 γ.
3587 1171 3607 1204 ι

2454 1265 2578 1316 Ἔτι
2631 1264 2688 1317 δὲ
2731 1264 2926 1333 μᾶλλον
2961 1264 3285 1333 θαυμάσειεν
3315 1264 3488 1327 aut;
3523 1263 3638 1328 πῶς
3671 1281 3799 1316 ποτε
3828 1264 3910 1316 οὐκ

2381 1355 2646 1425 ἐπέστησε
2673 1355 2766 1407 τοῦ
2798 1355 3023 1420 Εὐδόξου
3063 1358 3117 1408 ἐν
3144 1355 3219 1425 τῷ
3256 1355 3425 1427 ἑτέρῳ
3449 1356 3780 1425 συντάγματι
3813 1355 3910 1407 δια-

2379 1445 2562 1516 φόρως
2603 1445 2916 1515 ἐκθεμένου,
2951 1447 3043 1499 καὶ
3083 1446 3398 1515 γράφοντος,
3444 1445 3525 1498 ὅτι
3558 1446 3616 1498 τὸ
3660 1446 3794 1516 ὑπὲρ
3823 1446 3911 1515 γῆν

2377 1537 2472 1589 τοῦ
2499 1535 2758 1606 τροπικοῦ
2790 1537 2983 1608 τμῆμα
3005 1537 3138 1604 πρὸς
3170 1539 3228 1590 τὸ
3251 1537 3355 1590 ὑπὸ
3382 1538 3482 1607 γῆν
3517 1537 3670 1604 λόγον
3693 1537 3822 1606 ἔχει,
3859 1537 3911 1589 δν

2377 1626 2444 1678 τὰ
2479 1627 2543 1696 ιβ’
2575 1628 2707 1698 πρὸς
2739 1628 2804 1681 τὰ
2855 1628 2897 1692 ς’
2921 1645 2934 1657 ·
2981 1629 3179 1698 ὁμοίως
3216 1628 3272 1681 δὲ
3309 1628 3480 1698 τούτῳ
3523 1629 3614 1680 καὶ
3661 1628 3767 1679 τῶν
3800 1627 3911 1696 περὶ

2376 1717 2644 1771 Φίλιππον
2676 1720 3116 1790 ἀναγραφόντων,
3147 1720 3240 1772 καί⁷
3274 1719 3446 1773 ἄλλων
3477 1720 3751 1772 πλειόνων.
3779 1718 3911 1788 Πλὴν

2379 1813 2833 1880 ἐπισυντετάχασι
2868 1811 3092 1886 μὲντάς
3117 1811 3472 1873 συνανατολάς
3504 1827 3563 1863 τε
3597 1813 3687 1862 καὶ
3725 1826 3912 1876 συγκαο

2376 1901 2624 1965 ταδόσεις
2652 1903 2759 1954 τῶν
2802 1903 3033 1973 ἄστρων,
3067 1902 3141 1964 ὡς
3178 1903 3234 1953 ἐν
3266 1905 3377 1964 τοῖς
3407 1902 3532 1971 περ)⁵
3569 1901 3664 1970 τὴν
3703 1900 3912 1952 Ἐᾒάδα

2373 1995 2557 2060 τόποις
2585 1989 2964 2063 τετηρημένων
2984 2008 2998 2023 ο
3034 1992 3170 2045 κατὰ
3191 1992 3247 2044 δὲ
3275 1993 3335 2044 τὸ
3363 1992 3594 2062 ἒγκλιμα
3618 1992 3723 2044 τῶν
3745 1993 3912 2044 τόπων

2373 2086 2799 2154 διημαρτήκασι,
2831 2084 3300 2155 Παραπέμψαντες
3318 2085 3362 2116 ⁵⁸
3392 2086 3546 2138 τοῦτο
3568 2085 3630 2137 τὸ
3653 2084 3910 2153 ἀγνόημα,

2373 2177 2470 2246 τὴν
2494 2177 2620 2246 ὃλην
2645 2175 2820 2229 αὐτῶν
2852 2175 3095 2242 σύνταξιν
3135 2175 3552 2246 ἐπεσκεψάμεθα
3591 2175 3723 2246 πρὸς
3746 2174 3836 2226 τὸν
3861 2175 3912 2225 ὲν

2372 2273 2438 2340 τῇ
2482 2268 2690 2322 Ἑλλάδι
2738 2268 3006 2338 ὁρίζοντα.
3051 2267 3183 2321 Οὐδέ
3227 2269 3336 2340 γὰρ
3387 2268 3738 2338 φιλαλήθους,
3790 2267 3912 2318 am

2373 2360 2752 2424 κενοσπούδου,
2787 2360 2847 2412 τὸ
2888 2359 3029 2413 κατὰ
3066 2359 3244 2412 πάντα
3279 2359 3578 2428 μαχόμενον
3606 2362 3672 2429 τῂ
3707 2359 3912 2426 διεψευ-

2363 2431 2544 2524 κσμένῃ
2592 2452 2842 2506 ὑποθέσει
2886 2451 3345 2522 ἐπιλαμϐάνεσθαι
3378 2452 3589 2515 αὐτῶν,
3634 2451 3737 2503 κᾶν
3785 2449 3913 2521 τύχῃ

2370 2544 2675 2614 συμφώνως
2703 2543 2968 2612 λεγόμενα
2986 2545 3099 2606 τοῖς
3125 2544 3181 2595 ἐν
3211 2545 3276 2612 τῇ
3317 2541 3523 2594 Ἑλλάδι
3555 2541 3907 2610 φαινομένοις.

2379 2632 2716 2686 Ὑποκείσθω
2741 2633 2796 2684 δὲ
2820 2635 2948 2702 ἡμῖν
2972 2632 3167 2701 ὁρίζων
3197 2631 3329 2700 πρὸς
3353 2629 3450 2698 τὴν
3492 2630 3778 2698 ἐπίσκεψιν
3807 2631 3833 2681 ὁ
3859 2633 3910 2682 ἐν

2381 2726 2661 2794 Ἀθήναις·
2705 2715 2765 2775 οὗ
2797 2725 2941 2775 ἐστιν
2981 2724 3012 2792 ή
3050 2720 3278 2790 μεγίστη
3311 2721 3488 2791 ἡμέρα
3529 2720 3682 2790 ὡρῶν
3726 2723 3909 2791 ἰσημε-

2371 2814 2530 2886 ρινῶν
2558 2816 2615 2866 ιδ’
2666 2815 2758 2866 καὶ
2787 2819 2833 2880 γ’
2871 2811 3334 2882 πεμπτημορίωνο
3378 2811 3438 2864 τὸ
3477 2810 3533 2862 δὲ
3577 2808 3789 2882 ἓξαρμα
3823 2811 3907 2865 τοῦ

2369 2905 2531 2956 πόλου
2562 2904 2688 2973 περὶ
2716 2901 2916 2974 μοιρῶν
2939 2901 3038 2963 λζ’,
3321 2894 3346 2916 ’“

2437 2996 2570 3065 Περὶ
2628 2995 2724 3064 μὲν
2758 2990 2848 3045 οὖν
2877 2992 2971 3045 τοῦ
3016 2991 3221 3062 βορείου
3263 2990 3421 3042 πόλου
3456 2990 3676 3055 Εὔδοξος
3715 2991 3907 3058 ἀγνοεῖ,

2367 3087 2536 3155 λέγων
2570 3084 2741 3147 οὕτως
2761 3101 2772 3114 ·
2805 3103 2823 3135 ι
2852 3085 3006 3136 Ἐστι
3034 3082 3090 3134 δέ
3128 3099 3208 3144 τις
3245 3082 3418 3151 ἀστὴρ
3453 3082 3624 3152 μένων
3661 3083 3746 3136 ἀεὶ
3779 3083 3910 3134 κατὰ

713 3163 809 3216 per
832 3150 1138 3206 consistens
1165 3153 1280 3208 loco
1301 3171 1419 3224 quae
1449 3157 1662 3226 quidem
1696 3159 1851 3228 polus
1882 3168 1965 3214 est
1991 3161 2200 3214 mundi.
2239 3180 2257 3213 ι

2366 3150 2454 3232 τὸν
2486 3178 2642 3232 ac;sz
2677 3177 2860 3232 τόπον.
2902 3170 3067 3237 Οὗτος
3104 3173 3158 3225 δὲ
3190 3174 3218 3223 ὁ
3259 3150 3430 3242 ἀστὴρ
3456 3150 3635 3236 πόλος
3668 3175 3787 3232 ἐστὶ
3821 3172 3908 3225 τοῦ

711 3238 849 3294 Nam
880 3241 931 3297 in
961 3244 1086 3313 polo
1118 3246 1233 3314 ipso
1270 3249 1421 3303 stella
1457 3251 1603 3304 nulla
1639 3251 1742 3306 sita
1768 3237 1854 3306 est
1885 3272 1897 3306 :
1928 3238 2028 3308 sed
2061 3269 2263 3310 vacuus

711 3343 796 3388 est
840 3337 1013 3401 locus,
1067 3341 1152 3394 cui
1207 3343 1376 3396 stella:
1423 3350 1533 3398 tres
1576 3344 1823 3412 adjacent
1873 3365 1886 3399 :

712 3437 970 3497 punctum
1004 3431 1177 3501 ipsum
1203 3433 1308 3502 poli
1335 3435 1758 3505 quadrangulum
1789 3437 2007 3492 circiter
2037 3439 2264 3508 ﬁguram

686 3519 870 3597 'eﬂicit
903 3538 916 3573 :
951 3527 1010 3574 ut
1038 3528 1093 3575 et
1129 3520 1359 3592 Pytheas
1388 3522 1741 3582 hlassiiiensis
1772 3527 1868 3581 ait.

782 3699 934 3768 102
983 3698 1070 3753 Vl.
1111 3696 1416 3754 Secundum
1455 3699 1566 3754 haec
1611 3716 1710 3771 par
1735 3703 1975 3758 omnium
2018 3719 2172 3759 error
2206 3704 2263 3759 in

707 3787 970 3851 Draconis
1008 3791 1384 3844 constituendo
1421 3791 1528 3844 situ
1578 3810 1590 3845 :
1634 3793 1790 3862 cujus
1843 3795 2035 3848 ﬂexum
2076 3797 2264 3852 existi-

705 3886 856 3931 mant
916 3879 1063 3933 circa
1122 3880 1346 3934 minoris
1407 3879 1557 3934 Ursae
1623 3890 1783 3950 caput
1858 3883 1992 3938 ﬁeri.
2051 3884 2261 3940 Etenim

705 3969 1052 4025 lucidissima:
1094 3971 1582 4042 antecedentesque
1628 3974 1926 4037 stellarum,
1983 3991 2105 4044 quae.
2134 3986 2261 4031 sunt

705 4063 756 4115 iu
833 4062 978 4117 illius
1061 4062 1348 4123 laterculo,
1411 4079 1639 4133 quarum
1713 4064 1912 4118 alterca
1994 4065 2263 4120 borealior

702 4153 998 4206 secundum
1068 4155 1188 4208 illos
1243 4169 1406 4222 supra
1456 4161 1615 4222 caput
1665 4154 1836 4222 ipsius
1896 4163 2025 4221 est;
2093 4155 2258 4209 altera

703 4247 992 4306 australior
1022 4247 1075 4299 in
1106 4249 1466 4302 anterioribus
1518 4249 1784 4316 pedibus;
1835 4251 2102 4319 porallelas
2137 4257 2262 4306 sunt

710 4339 929 4393 circiter
973 4339 1159 4393 caudae
1192 4338 1472 4393 Draconis.
1519 4337 1680 4395 Falso
1710 4342 1870 4412 igitur
1906 4342 2018 4398 haec
2058 4344 2260 4420 scripta

701 4440 828 4491 sunt
854 4451 868 4464 ·

1936 3347 2261 3415 quibuscum
2298 3386 2305 3390 -

2366 3273 2589 3340 κόσμου.
2617 3289 2635 3318 ι
2677 3268 2798 3320 Ἐπὶ
2819 3266 2926 3336 γὰρ
2962 3264 3053 3318 τοῦ
3083 3264 3245 3316 πόλου
3266 3264 3385 3316 οὐδὲ
3408 3258 3487 3326 εἷς
3519 3266 3688 3336 ἀστὴρ
3717 3268 3907 3333 κεῖται,

2365 3363 2498 3416 ἀλλὰ
2527 3361 2680 3421 κενός
2705 3361 2819 3410 ἐστι
2842 3344 3022 3419 τόπος,
3047 3348 3090 3423 ᾧ
3117 3354 3472 3425 παράκεινται
3493 3359 3639 3427 τρεῖς
3666 3357 3906 3427 ἀστέρες,

2369 3453 2486 3524 μεθ’
2517 3445 2591 3504 ὧν
2636 3452 2697 3504 τὸ
2726 3452 2946 3520 σημεῖον
2973 3450 3032 3502 τὸ
3074 3447 3214 3504 κατὰ
3251 3447 3342 3499 τὸν
3380 3448 3540 3502 πόλον
3583 3450 3907 3520 τετράγωνον

2366 3545 2592 3617 ἔγγιστα
2628 3543 2809 3613 σχῆμα
2826 3542 3083 3615 περιέχει·
3117 3539 3365 3610 καθάπερ
3397 3543 3490 3596 καὶ
3517 3542 3724 3604 Πυθέας
3753 3541 3907 3611 φησὶν

2365 3636 2392 3687 ό
2409 3633 2822 3696 Μασσαλιώτης.

2435 3729 2525 3792 CT"
2565 3725 2865 3795 Ἐχομένως
2889 3723 2946 3776 δὲ
2975 3723 3068 3777 καὶ
3092 3725 3512 3795 διαμαρτάνουσι
3540 3723 3734 3786 πάντες
3758 3723 3814 3773 ἐν
3840 3724 3900 3791 τῇ

2363 3814 2453 3867 τοῦ
2506 3815 2803 3883 Δράκοντος
2845 3812 3017 3876 θέσει,
3053 3813 3516 3884 ὑπολαμϐάνοντες
3556 3812 3652 3881 τὴν
3689 3809 3905 3880 καμπὴν

2363 3905 2527 3957 αὑτοῦ
2563 3903 2826 3957 ποιεῖσθαι
2857 3905 2983 3973 περὶ
3014 3905 3110 3975 τὴν
3154 3904 3391 3974 κεφαλὴν
3431 3905 3527 3972 τῆς
3552 3904 3750 3974 μικρᾶς
3781 3905 3903 3972 Ἀρ-

2363 4014 2512 4050 κτου.
2547 3997 2608 4048 Ol
2641 3995 2748 4064 γὰρ
2780 3995 3147 4070 λαμπρότατοι
3180 3997 3272 4048 καὶ
3308 3995 3594 4066 ἡγούμενοι
3616 3995 3722 4048 τῶν
3751 3997 3807 4047 ἐν
3835 3992 3902 4061 τῷ

2361 4088 2589 4158 πλινθίῳ
2617 4088 2819 4158 ταύτης
2858 4088 3120 4158 ἀστέρων,
3148 4080 3222 4139 ὧν
3256 4090 3284 4140 ὁ
3318 4087 3414 4158 μὲν
3443 4086 3773 4158 βορειότερὸς
3800 4086 3901 4137 ἐστι

2363 4180 2502 4233 κατὰ
2530 4180 2622 4232 τοῦ
2640 4181 2686 4211 ³⁸
2751 4180 2842 4232 ἐπὶ
2883 4179 2981 4249 τῆς
3013 4177 3271 4248 κεφαλῆς,
3301 4181 3329 4231 ό
3370 4178 3425 4231 δὲ
3463 4177 3777 4248 νοτιώτερος
3820 4176 3902 4229 ἐπὶ

2361 4272 2470 4324 τῶν
2494 4271 2837 4341 ἐμπροσθίων
2866 4269 3060 4335 ποδῶν,
3089 4270 3444 4343 παραλλήλως
3461 4271 3688 4341 ἔγγιστα
3707 4275 3901 4333 κεῖνται

2361 4366 2426 4434 τῇ
2450 4363 2584 4434 οὐρᾷ
2616 4354 2706 4414 τοῦ
2738 4360 3054 4429 Δράκοντος.
3087 4349 3292 4426 Ψεῦδος
3317 4359 3408 4416 οὖν
3436 4365 3552 4414 ἐστι
3584 4361 3663 4414 τό·

2286 4512 2330 4566 D

805 4591 870 4660 ζη
898 4591 1043 4660 spira
1067 4600 1241 4642 autem
1269 4588 1544 4660 Cynosura
1574 4586 1726 4658 Eaput
1757 4588 1928 4660 habet.
1974 4589 2100 4644 Ha’c
2133 4608 2248 4647 vero

2364 4583 2578 4660 ἔπεζρῃ
2602 4581 2652 4633 δ’
2683 4582 2751 4634 ἐν
2771 4584 3121 4660 Κυνόσουρα
3143 4583 3294 4653 κάρη
3323 4582 3445 4652 ἔχει
3463 4597 3479 4612 θ
3505 4582 3544 4650 ἠ
3570 4581 3637 4634 δὲ
3655 4582 3783 4660 aegr:
3804 4582 3899 4634 αὑ·

809 4650 1044 4713 Voluilur
1073 4669 1249 4728 caput.
1314 4650 1336 4660 ⁷
1616 4650 1647 4701 -’
1807 4659 1969 4729 [circa
2007 4663 2176 4729 ipsum
2353 4655 2604 4707 Είλεῖται
2639 4653 2928 4720 κεφαλήν·
3041 4650 3052 4652 _
3218 4650 3230 4653 ⁷
3356 4650 3388 4652 Π
3702 4650 3837 4723 [τὴν

691 4815 901 4888 Quibus
936 4816 1133 4871 similia
1183 4817 1406 4885 scripsit
1459 4815 1735 4873 Eudoxus.
1800 4815 1904 4871 Sed
1958 4818 2249 4886 peculiaris

2371 4810 2602 4881 Ὁμοίως
2639 4811 2694 4864 δέ
2719 4813 2812 4864 καὶ
2840 4815 2868 4865 ό
2891 4811 3117 4878 Εὔδοξος
3142 4812 3358 4882 γράφει.
3390 4810 3514 4881 Ἰδίᾳ
3537 4811 3593 4864 δὲ
3615 4811 3646 4863 ὁ
3677 4814 3896 4882 ’Δρατος

681 4646 708 4658 Α

2353 4655 2604 4707 Εἰλεῖται
2639 4653 2928 4720 κεφαλήν.

689 4909 841 4962 Arati
895 4907 959 4962 de
1021 4906 1266 4962 Dracone
1319 4916 1403 4963 est
1451 4909 1678 4976 inscitiae
1718 4910 1902 4979 lapsus
1953 4925 1964 4959 :
2015 4911 2247 4979 primum

689 4999 834 5068 quod
898 4999 966 5054 ab
1019 5003 1247 5070 utraque
1303 5001 1463 5069 spira:
1509 5010 1659 5070 parte
1711 5003 1997 5056 collocavit
2054 4997 2241 5057 Ursas.

690 5092 830 5146 Sunt
893 5080 1038 5148 enim.
1098 5092 1383 5161 utrinque,
1441 5107 1549 5146 non
1603 5093 1747 5162 spira
1796 5092 2098 5162 interjecta,
2153 5094 2248 5148 sed

690 5182 884 5237 cauda.
921 5180 1054 5234 Nam
1087 5199 1209 5235 cum
1251 5184 1493 5238 obversa:
1531 5183 1660 5246 sint,
1694 5199 1756 5237 ac
1791 5185 1929 5238 velut
1954 5185 2243 5253 parallelze,

689 5274 950 5329 Draconis
979 5274 1150 5332 cauda
1179 5274 1364 5328 ambas
1397 5275 1537 5328 inter
1567 5274 1617 5326 in
1647 5274 1862 5342 longum
1903 5276 2194 5344 porrigitur
2227 5293 2242 5341 ;

685 5373 740 5417 at
788 5363 935 5432 spira
980 5363 1244 5415 minorem
1295 5361 1484 5418 Ursam
1530 5363 1868 5432 amplexatur
1912 5384 1926 5418 :
1978 5380 2007 5418 a
2041 5365 2246 5432 majore

685 5455 1008 5526 sejungitur.
1027 5453 1109 5508 Ob
1132 5455 1373 5508 eamdem
1392 5471 1606 5526 quoque
1629 5469 1848 5509 causam
1877 5456 2040 5509 etiam
2077 5456 2243 5520 istud,

690 5565 709 5596 ‹
747 5546 1071 5616 Circumque
1107 5547 1333 5609 fractus,
1375 5567 1392 5599 ι
1429 5563 1711 5618 perperam
1756 5546 1977 5603 dicitur.
2015 5545 2152 5600 Tum
2189 5545 2244 5599 id

683 5638 826 5691 enim
855 5654 1041 5694 verum
1072 5645 1237 5702 esset,
1272 5638 1316 5692 si
1344 5639 1411 5692 ab
1438 5649 1666 5710 utraque
1696 5639 1857 5709 spirze
1887 5646 2038 5710 parte
2073 5639 2241 5692 collo-

2358 4903 2448 4955 ἐπὶ
2486 4904 2577 4956 τοῦ
2620 4905 2914 4974 Δράκοντος
2939 4905 3147 4972 ἀγνοεῖ·
3182 4901 3393 4974 πρῶτον
3429 4902 3526 4972 μὲν
3564 4901 3642 4972 τῷ
3681 4903 3895 4970 φάσκειν

2357 4995 2585 5066 σπείρης
2628 4996 2883 5067 ἑκάτερθε
2915 4993 3170 5066 φέρεσθαι
3209 4994 3306 5057 τὰς
3343 4995 3635 5066 Ἀρκτους·
3671 4994 3768 5062 τῆς
3797 4992 3892 5063 γάρ

2357 5087 2523 5157 οὐρᾶς
2551 5087 2882 5159 ἑκατέρωθέν
2912 5088 3038 5149 εἰσι,
3065 5087 3176 5139 ’καὶ
3204 5087 3263 5139 οὐ
3306 5086 3405 5164 τῆς
3444 5086 3690 5154 σπείρης.
3755 5085 3892 5136 Ἀντ-

2353 5180 2743 5250 εστραμμένων
2791 5179 2899 5249 γάρ
2922 5178 3129 5246 αὐτῶν,
3161 5180 3254 5232 καὶ
3302 5179 3499 5232 ὡσανεὶ
3547 5176 3889 5247 παραλλήλως

2353 5272 2639 5340 κειμένων,
2674 5273 2706 5341 ἡ
2739 5267 2874 5340 οὐρά
2902 5268 2992 5322 τοῦ
3035 5269 3331 5342 Δράκοντος
3365 5267 3564 5339 μεταξὺ
3605 5267 3784 5320 αὐτῶν
3813 5265 3890 5319 διὰ

2356 5364 2560 5432 μήκους
2593 5363 2986 5433 παρατέταται·
3017 5365 3049 5433 ἡ
3083 5362 3140 5415 δὲ
3191 5363 3385 5430 σπεῖρα
3432 5359 3530 5428 τὴν
3569 5359 3668 5428 μὲν
3703 5356 3889 5429 μικρὰν

2352 5457 2588 5527 Ἀρκτον
2617 5454 3037 5526 περιλαμϐάνεισ
3069 5454 3172 5522 τῆς
3190 5453 3248 5506 δὲ
3289 5448 3527 5520 μεγάλης
3555 5450 3690 5504 πολὺ

2350 5565 2550 5620 ρισται.
2602 5546 2699 5599 Διὰ
2760 5546 2856 5617 τὴν
2903 5545 3069 5616 αὐτὴν
3116 5545 3173 5596 δὲ
3224 5542 3401 5597 αἰτίαν
3441 5543 3533 5596 καὶ
3578 5542 3658 5606 τὸ,
3729 5538 3890 5610 Ἀμςςι

2351 5633 2397 5688 τ’
2434 5638 2638 5706 ἑαγὼς,
2671 5637 3068 5710 ἡμαρτημένως
3105 5634 3338 5714 λέγεται.
3376 5633 3662 5688 Συνὲὃαινε
3690 5632 3796 5708 γάρ
3828 5628 3886 5684 ἂν

772 5814 821 5849 ⁵⁵
861 5815 1011 5870 Deest
1033 5816 1251 5887 ah'quid,
1284 5827 1408 5886 puta
1435 5819 1589 5889 ἡμεῖς
1615 5813 1706 5873 οὖν
1743 5834 1951 5891 παραπ.
2030 5819 2072 5851 ¹⁶
2101 5815 2223 5874 Cor.
2254 5817 2368 5871 κατ’
2401 5817 2613 5881 αὐτούς.
