4008 6328
731 454 867 508 {0’25

1709 449 1800 502 AD
1839 449 2110 506 EUSEBII-
2147 447 2534 504 CHRONICON
2573 447 2912 512 APPE‘NDIX

3823 453 3916 510 £035

725 527 936 638 Quibus
965 572 1178 628 Attalus
1218 573 1508 642 caeterique
1559 572 1912 628 subscribunt
1953 584 2160 630 omnes.
2223 569 2242 622 1

2349 560 2476 628 ,Οἷς
2505 566 2532 618 ὅ
2561 582 2620 618 τε
2657 566 2918 628 Ἄτταλος
2975 563 3068 618 καὶ
3120 567 3168 618 οἱ
3225 567 3402 644 λοιποὶ
3469 569 3686 634 πάντες
3749 587 3912 624 συνετι-

725 661 826 715 boc
858 677 988 715 vero
1019 661 1152 725 falli.
1195 677 1260 714 ex
1287 675 1354 716 eo
1389 659 1736 715 manifestum
1757 667 1860 716 est.
1893 657 2026 712 Nam
2057 657 2277 726 majoris

725 749 878 804 Ursae
912 760 1078 820 caput
1109 767 1176 804 cx
1199 752 1440 814 illorum,
1465 767 1606 820 quos
1636 752 1768 814 dixi,
1795 753 2084 816 sententia,
2123 751 2276 805 stella

719 847 804 893 est
832 843 1104 894 borealior
1131 841 1364 895 duarum
1397 841 1830 896 antecedentium
1864 843 1918 894 in
1963 843 2226 896 laterculo
2257 855 2272 892 .'

719 921 776 982 at
811 931 865 984 in
905 933 1132 1000 pedibus
1157 934 1518 988 anterioribus
1548 934 1649 987 sita
1689 941 1774 988 est
1801 935 2112 988 earumdem
2145 935 2268 988 stel-

719 1021 896 1076 larum
931 1024 1240 1077 australior.
1287 1022 1438 1088 Quod
1483 1025 1624 1079 enim
1665 1025 1876 1078 stellam
1909 1027 2066 1078 istam
2105 1025 2158 1078 in
2185 1041 2276 1080 ca-

721 1111 834 1180 pite
862 1113 1151 1178 collocent,
1189 1117 1320 1168 satis
1355 1129 1420 1169 eo
1451 1115 1844 1182 demonstrant,
1873 1120 2016 1187 quod
2062 1119 2272 1172 stellam

719 1203 775 1254 in
801 1212 1042 1256 extrema
1075 1203 1334 1260 Draconis
1357 1208 1528 1261 cauda
1559 1209 1812 1276 positam,
1841 1209 1895 1261 in
1917 1209 2070 1264 Ursae
2097 1211 2274 1278 capite

719 1290 1069 1344 constitutam
1101 1308 1222 1347 esse
1269 1295 1470 1349 dicant.
1505 1295 1666 1364 Atqui
1693 1297 1840 1349 nulla
1869 1305 1953 1350 est
1981 1299 2083 1350 alia
2117 1299 2272 1353 stella

713 1377 870 1444 juxta
897 1396 1012 1435 eam
1036 1423 1052 1446 ,
1086 1401 1206 1453 quae
1245 1395 1332 1440 est
1373 1387 1426 1440 in
1481 1395 1722 1442 extrema
1765 1387 1938 1442 cauda
1984 1389 2268 1454 Draconis,

717 1473 1075 1540 praeterquam
1121 1475 1392 1530 borealior
1431 1479 1864 1532 antecedentium
1896 1479 1950 1534 in
1983 1480 2265 1536 laterculo.

718 1556 996 1628 Siquidem
1028 1566 1182 1618 stella
1219 1567 1323 1620 ista
1355 1584 1478 1636 qua:
1502 1577 1582 1620 est
1617 1569 1672 1622 in
1717 1572 2058 1626 extremitate
2085 1573 2270 1628 cauda:

715 1645 998 1712 Draconis,
1029 1653 1235 1708 obtinet
1269 1657 1322 1708 in
1369 1659 1625 1724 parallelo
1673 1661 1880 1714 circulo
1919 1660 2114 1717 Leonis
2146 1679 2268 1732 par-

714 1746 822 1792 tem
853 1741 1098 1806 tertiam;
1134 1743 1288 1796 stella
1319 1759 1480 1810 vero,
1507 1747 1573 1800 de
1597 1763 1704 1816 qua
1731 1748 1988 1814 diximus,
2019 1753 2076 1804 in
2105 1753 2266 1808 later-

711 1829 838 1881 culo
870 1831 996 1892 sita,
1028 1831 1190 1899 paulo
1244 1835 1428 1888 minus
1485 1839 1646 1891 tertia
1677 1847 1830 1908 parte
1852 1842 1970 1910 ejus
2013 1853 2260 1913 occupat.

2385 656 2700 726 γράφονται.
2727 657 2848 714 Ὀτι
2883 654 2938 708 δὲ
2971 655 3273 722 ἀγνοοῦσιν,
3305 659 3370 710 ἐκ
3399 659 3620 712 τούτων
3653 663 3910 730 ἐστὶ-φανε-

2387 747 2494 816 ρόν.
2541 746 2604 798 Ἦ
2633 746 2729 816 μὲν
2753 745 2860 816 γὰρ
2903 747 3110 817 κεφαλὴ
3139 748 3238 817 τῆς
3267 750 3523 820 μεγάλης
3561 751 3790 820 Ἀρκτου
3814 757 3910 804 κατὰ

2383 838 2510 896 τοὺς
2537 852 2758 906 7:962th
2767 835 2960 904 μένους
2983 835 3184 906 ἄνδρας
3207 839 3351 889 ἐστὶν
3367 841 3398 890 6
3427 839 3768 910 popstétspo;
3785 843 3908 912 ἁστίςξε

2381 925 2485 978 τῶν
2503 925 2546 996 β’
2565 925 2669 978 τῶν
2689 927 2996 996 ἡγουμένων
3013 927 3071 980 ὲν
3087 927 3164 1004 τῷ
3181 927 3430 998 πλινθίῳ·
3451 931 3550 981 ἐπὶ
3575 929 3636 982 δὲ
3651 931 3752 984 τῶν
3763 933 3904 1002 ius,»

2383 1015 2543 1068 σθίων
2573 1017 2742 1070 ποδῶν
2771 1011 2997 1070 κεῖταιὸ
3022 1019 3238 1071 νοτιὼτε
3249 1037 3338 1090 ρος
3355 1020 3472 1072 τῶν
3495 1023 3684 1074 αὐτῶν
3697 1023 3900 1093 ἀστέρων.

2381 1105 2502 1156 Ὅτι
2539 1107 2632 1176 μὲν
2659 1107 2765 1176 γὰρ
2792 1109 2820 1159 ὁ
2849 1110 3243 1181 προειρημένος
3271 1111 3450 1182 ἀστὴρ
3486 1113 3618 1164 κατ’
3651 1114 3824 1177 αὐτοὺς
3843 1115 3902 1165 ἐπὶ

2377 1199 2474 1266 τῆς
2523 1199 2760 1268 κεφαλῆς
2792 1203 2986 1264 κεῖται,
3031 1204 3265 1272 φανερὸν
3321 1203 3488 1256 τοῦτο
3521 1206 3766 1260 ποιοῦσιν
3795 1209 3842 1258 Ex
3863 1223 3900 1258 π

2377 1288 2468 1340 τοῦ
2489 1289 2661 1362 λέγειν
2683 1291 2774 1344 τὸν
2789 1293 2845 1342 ἐν
2871 1291 3011 1362 ἄκρᾳ
3039 1295 3102 1362 τῇ
3135 1294 3270 1364 οὐρᾷ
3289 1294 3382 1347 τοῦ
3410 1297 3726 1365 Δράκοντος
3751 1299 3902 1366 ἀστέρι

2307 1377 2314 1386 ’
2378 1379 2583 1432 κεῖσθαι
2611 1381 2746 1434 κατὰ
2773 1381 2868 1452 τὴν
2911 1383 3148 1452 κεφαλὴν
3175 1385 3272 1452 τῆς
3309 1387 3586 1455 Ἀρκτου.
3639 1389 3748 1441 Ούκ
3787 1389 3900 1450 ἄλλος

2375 1467 2480 1540 γὰρ
2533 1474 2704 1525 κεῖται
2753 1473 2926 1542 ἀστὴρ
2979 1473 3120 1526 κατὰ
3167 1475 3260 1528 τὸν
3291 1479 3350 1530 ὲν
3391 1477 3550 1549 ἄκρᾳ
3581 1483 3650 1550 τῇ
3685 1481 3804 1551 οὐρᾷ
3835 1480 3898 1534 τοῦ

2373 1559 2686 1628 Δράκοντος,
2719 1562 2829 1614 ἀλλ’
2857 1563 2886 1614 6
2915 1561 3249 1636 βορειότερος
3279 1567 3389 1618 τῶν
3425 1571 3752 1639 ἡγουμένων
3780 1573 3828 1622 ἐν

2373 1650 2614 1722 πλινθίῳ·
2651 1653 2680 1704 6
2711 1654 2806 1723 μὲν
2861 1657 2966 1725 γὰρ
2995 1658 3056 1708 ,ἐν
3081 1657 3228 1728 ἄκρᾳ
3256 1661 3322 1730 τῇ
3350 1659 3494 1732 οὐρᾷ
3522 1662 3624 1714 τοῦ
3653 1663 3898 1732 Δράκοντος

2371 1739 2576 1809 ἐπέχει,
2623 1741 2698 1804 ὡς
2742 1743 2880 1796 κατὰ
2921 1745 3258 1815 παράλληλον
3315 1748 3543 1815 κύκλον,
3595 1751 3692 1804 τοῦ
3721 1753 3898 1814 Λέοντος

2373 1831 2482 1899 μοί.
2515 1839 2562 1900 γ’
2582 1851 2595 1862 ·
2624 1835 2652 1886 ὁ
2677 1833 2730 1886 δὲ
2770 1836 3051 1906 εἰρημένος
3089 1839 3262 1908 ἀστὴρ
3299 1841 3356 1892 ὲν
3385 1840 3466 1910 τῷ
3499 1843 3735 1914 πλινθίῳ
3756 1844 3897 1912 ἐπέχει

711 1917 846 1972 Nam
883 1921 1026 1989 quod
1063 1923 1116 1976 in
1147 1928 1512 1982 anterioribus
1543 1931 1769 1999 pedibus
1791 1935 2083 1988 australior
2112 1945 2247 1992 ante-

2363 1917 2456 1970 τοῦ
2471 1920 2886 1992 Λέοντοςμικρῷ
2923 1923 3142 1978 ἔλασσον
3162 1926 3269 1978 τῶν
3293 1933 3344 1993 γ’
3363 1928 3600 1998 μοιρῶν.
3633 1932 3750 1983 Ὅτι
3771 1929 3816 1983 δὲ
3833 1931 3898 1981 ἐπὶ

711 2009 1024 2064 cedentiuni
1061 2013 1112 2066 in
1155 2015 1416 2072 laterculo
1439 2020 1542 2072 sita
1574 2023 1664 2086 sit,
1693 2022 1850 2076 docet
1885 2023 2137 2080 Eudoxus
2181 2027 2266 2082 his

711 2100 892 2156 verbis
927 2121 938 2156 :
983 2123 1002 2154 ι
1047 2105 1188 2160 Ante
1225 2109 1392 2176 pedes
1453 2113 1755 2169 anteriores
1783 2113 1936 2171 Ursae
1985 2119 2139 2172 stella
2181 2129 2266 2173 est

711 2190 913 2244 lucida.
955 2211 974 2244 ι
1005 2192 1138 2248 Tum
1166 2197 1364 2252 Aratus
1390 2215 1402 2250 :

710 2364 900 2486 gratis
933 2369 982 2421 ei
1015 2379 1134 2424 ante
1166 2373 1316 2440 pedes
1349 2375 1518 2444 fertur
1542 2377 1788 2450 claraque
1821 2398 2142 2452 magnaque,

761 2451 832 2486 na
859 2439 1070 2486 auidem
1105 2442 1199 2486 sub
1229 2445 1460 2486 [tunam-ie
1511 2464 1615 2486 una
1649 2465 1768 2486 οωηι
1800 2451 1972 2486 ΙηηιΙιη
2003 2465 2142 2486 ιιηιιει

761 2451 832 2488 na
859 2439 1070 2504 quidem
1105 2442 1199 2496 sub
1227 2439 1484 2512 humeris,
1511 2464 1615 2502 una
1649 2439 1768 2503 vero
1797 2439 1972 2504 ιιιηιῦο
2001 2439 2145 2506 fenus
2173 2453 2266 2508 de-

1857 2521 2258 2592 [scendentibus.

773 2614 908 2670 Nam
959 2624 1338 2681 australiorem
1391 2631 1826 2686 antecedentium
1883 2636 1938 2689 in
1999 2637 2260 2694 laterculo

703 2709 960 2774 praecedit
985 2727 1092 2766 una
1117 2720 1492 2774 tantummodo
1513 2722 1690 2776 lucida
1725 2725 1878 2780 stella
1901 2745 1914 2792 ;
1937 2743 2058 2797 «piat
2084 2731 2138 2783 iu
2163 2745 2260 2785 an-

703 2799 996 2856 terioribns
1023 2808 1274 2863 cruribus
1299 2810 1564 2884 hodieque
1593 2826 1947 2874 monstratur.

773 2891 966 2960 Atque,
987 2903 1045 2948 ut
1071 2899 1321 2955 universe
1343 2903 1594 2970 dixerim,
1620 2915 1828 2963 veteres
1847 2926 2034 2966 omnes
2051 2919 2256 2980 septem

701 2981 836 3036 solis
873 2985 1044 3040 stellis
1092 2987 1288 3044 Ursam
1331 2993 1670 3064 conﬁgurare
1713 2999 1974 3056 solebant.
2025 3001 2110 3056 Fit
2155 3019 2254 3057 au-

699 3081 827 3138 tem,
856 3077 1000 3144 quod
1031 3091 1060 3130 a
1095 3080 1254 3136 nobis
1279 3081 1484 3139 dictum
1519 3095 1622 3154 est,
1654 3089 1706 3142 in
1731 3091 1938 3146 minore
1972 3093 2106 3148 Ursa
2141 3085 2256 3150 ma?

699 3163 974 3222 nifestius.
1005 3167 1234 3226 Constat
1263 3173 1408 3228 enim
1440 3186 1602 3247 caput
1637 3179 1756 3248 ejus
1786 3195 1848 3245 ac
1881 3183 2044 3252 pedes
2083 3187 2136 3240 in
2182 3187 2250 3244 iis

2367 2009 2474 2060 τῶν
2525 2010 2870 2080 ἐμπροσθίων
2923 2013 3098 2066 ποδῶν
3146 2019 3319 2070 κεῖται
3358 2020 3387 2070 6
3449 2019 3772 2090 νοτιὼτερος
3815 2019 3898 2070 τῶν

2367 2100 2680 2168 ἡγουμένων
2727 2105 2784 2154 ὲν
2821 2103 2897 2173 τῷ
2925 2103 3168 2176 πλινθίῳ,
3198 2109 3429 2179 φανερὸν
3459 2115 3616 2164 ποιεῖ
3645 2115 3674 2163 6
3703 2113 3791 2182 μὲν
3822 2110 3896 2164 E5-

2365 2187 2513 2251 δοξος
2545 2187 2714 2257 λέγων
2743 2189 2912 2254 οὕτως
2933 2209 2944 2223 ·
2980 2211 2998 2244 ι
3023 2194 3136 2265 Πρὸ
3155 2196 3212 2249 δὲ
3229 2195 3337 2250 τῶν
3369 2198 3724 2269 ἐμπροσθίων
3761 2199 3896 2254 πηδῶν

2363 2273 2462 2342 τῆς
2495 2276 2728 2346 ’Ἄρκτου
2765 2278 2933 2349 ἀστήρ
2960 2281 3075 2332 ἐστι
3100 2281 3350 2354 λαμπρός
3370 2303 3382 2314 ·
3417 2305 3436 2338 ι
3456 2289 3483 2339 6
3515 2287 3582 2339 δὲ
3611 2289 3842 2358 Ἄρατος·

2525 2391 2578 2471 οι
2605 2389 2724 2471 προ
2751 2391 2950 2471 ποδῶν
2978 2394 3212 2471 φέρεται
3235 2401 3430 2471 ,καλός
3455 2418 3518 2454 τε
3553 2403 3744 2471 μέγας
3767 2419 3823 2456 τε

2353 2451 2601 2526 Εἶςίμὲν
2627 2451 2724 2514 ὑπ’
2751 2451 3008 2531 ὠμαίων”
3033 2451 3120 2530 ἑῖς
3145 2465 3197 2518 δ’
3228 2451 3826 2531 ὶίίυγόθεξν⁷

2431 2633 3001 2710 Τοῦ-γὰρ’)οτιωτέρου
3027 2639 3134 2696 τῶν
3157 2643 3478 2714 ἡγουμένων
3509 2647 3572 2698 ὲν
3599 2645 3680 2716 τῷ
3703 2647 3889 2718 πλινθίῳ

2357 2721 2436 2788 εἷς
2481 2729 2640 2804 μόνος
2685 2734 3002 2800 προηγεῖται
3031 2731 3281 2804 λαμπρὸς
3305 2735 3500 2808 ἀστὴρ,
3533 2738 3567 2789 6
3603 2739 3698 2792 νῦν
3725 2741 3780 2793 ὲν
3801 2743 3888 2801 τοῖς

2355 2819 2705 2889 ἐμπροσθίοις
2735 2822 2946 2875 σκέλεσι
2971 2823 3334 2895 δεικνύμενος.

2425 2907 2676 2964 Καθόλου
2695 2928 2752 2962 τε
2781 2915 2827 2966 oi
2853 2913 3063 2983 ἀρχαῖοι
3094 2915 3292 2981 πάντες
3319 2919 3420 2989 τὴν
3446 2921 3686 2992 ’Ἄρκτον
3713 2923 3772 2975 ὲκ
3800 2921 3886 2974 τῶν

2353 3000 2397 3063 ξ’
2427 3001 2599 3070 μόνων
2626 3003 2865 3074 ἀστέρων
2881 3005 3179 3062 διετύπουν.
3205 3009 3442 3082 Φανερδν
3463 3011 3520 3065 δὲ
3547 3014 3748 3084 μᾶλλον
3771 3013 3886 3083 γίνε-

2350 3105 2436 3144 ται
2466 3093 2525 3145 τὸ
2551 3091 2832 3165 λεγόμενον
2864 3098 2951 3166 ὑφ’
2990 3099 3142 3168 ἡμῶν
3178 3100 3270 3152 ἐπὶ
3295 3101 3398 3170 τῆς
3421 3107 3630 3174 μικρᾶς
3661 3108 3880 3177 Ἄρκτου.

2365 3183 2832 3256 Ὀμολογουμένως
2878 3187 2985 3258 γὰρ
3039 3189 3124 3241 ἐπ’
3165 3189 3382 3261 ἐκείνης
3415 3193 3450 3262 ἥ
3489 3210 3548 3246 τε
3585 3197 3788 3267 κεφαλὴ
3809 3195 3884 3248 καὶ

695 3263 935 3321 quatuor
957 3260 1214 3315 collocari
1236 3265 1429 3330 stellis,
1467 3284 1588 3338 qua:
1615 3251 1936 3328 laterculum
1975 3277 2246 3332 ambiunt:

2350 3273 2399 3323 οἱ
2438 3271 2594 3335 πόδες
2625 3275 2681 3326 ἐν
2713 3277 2823 3336 τοῖς
2855 3275 3144 3347 τέσσαρσιν
3171 3278 3262 3330 ὑπ’
3291 3279 3472 3332 αὐτῶν
3515 3281 3768 3348 τίθενται,
3793 3285 3882 3344 rei;

694 3345 895 3413 quippe
947 3349 1108 3403 nulla:
1149 3351 1284 3422 ipsis
1323 3357 1571 3426 adjacent
1598 3361 1716 3415 alia:
1753 3364 2066 3432 splendidae,
2107 3370 2250 3422 velut

696 3436 888 3504 majori
939 3439 1234 3510 laterculo;
1271 3455 1328 3500 ut
1359 3448 1506 3504 illius
1533 3461 1716 3528 caput
1761 3468 1822 3506 ac
1867 3456 2030 3523 pedes
2070 3457 2249 3512 defor-

694 3535 861 3592 ment,
891 3545 1011 3598 quae
1039 3531 1297 3592 Draconis
1342 3539 1489 3608 spira
1533 3541 1859 3609 circumdat,
1891 3554 1948 3599 ut
1993 3547 2133 3603 idem
2160 3564 2248 3604 as-

693 3619 826 3672 serit
859 3635 872 3671 :

694 3813 761 3870 In
783 3819 928 3892 spira
958 3837 1072 3877 vero
1099 3823 1373 3894 Cynosura
1405 3840 1560 3899 caput
1587 3832 1758 3888 habet.
1791 3835 1916 3892 Ha'c
1939 3849 2112 3894 autem
2137 3846 2244 3896 eir-

1813 3924 1928 3960 cum
1965 3927 2134 3963 ιυδιιηι

1813 3924 1857 3958 c1
1881 3926 1928 3959 m
1965 3927 1981 3960 ι
2049 3929 2100 3962 ιιι

705 3954 940 4016 Volvitur
965 3973 1153 4030 caput,
1187 3965 1332 4038 eique
1360 3970 1428 4022 ad
1451 3970 1629 4038 pedem
1657 3904 1818 4044 ειεᾳηὶ
1849 3927 2116 4046 pervgfit.’

761 4067 890 4133 Quae
913 4087 1034 4126 cum
1061 4073 1136 4128 ita
1166 4093 1224 4132 se
1257 4079 1508 4148 habeant,
1542 4085 1634 4154 qui
1679 4085 1795 4140 ﬁeri
1827 4097 2023 4156 potest,
2049 4099 2106 4144 ut
2139 4095 2240 4146 sub

691 4157 826 4214 Ursa
857 4159 1067 4217 Gemini
1122 4180 1185 4220 ac
1215 4167 1420 4225 Cancer
1442 4174 1690 4242 jaceant,
1722 4181 1772 4232 si
1805 4181 2020 4246 quidem
2078 4193 2239 4253 caput

685 4251 1096 4322 anterioresque
1123 4258 1284 4326 pedes
1309 4263 1364 4314 in
1391 4261 1587 4318 Leonis
1609 4275 1762 4335 parte
1793 4271 1948 4324 tertia
1967 4273 2236 4330 collocen—

685 4342 813 4394 tur?
861 4345 1130 4408 Quocirca
1173 4351 1320 4406 solus
1369 4355 1472 4407 sub
1504 4353 1642 4410 Ursa
1689 4356 1797 4411 Leo
1821 4364 2234 4420 constituendus

681 4441 784 4488 est.
823 4433 956 4488 Nam
976 4453 1096 4506 quae
1125 4439 1176 4492 in
1211 4445 1600 4510 posterioribus
1629 4448 1766 4502 inest
1793 4448 1943 4506 Ursze
1981 4455 2230 4522 pedibus,

2347 3362 2410 3415 τὸ
2435 3361 2671 3416 πλινθίον
2698 3365 3062 3434 περιέχουσινο
3096 3367 3243 3421 ἄλλοι
3291 3367 3400 3440 γὰρ
3440 3372 3628 3436 αὐτοῖς
3663 3375 3880 3442 ἐκφανεῖς

2314 3491 2320 3507 ι
2348 3452 2406 3503 οὐ
2453 3453 2822 3522 παράκεινται,
2845 3455 3091 3527 καθάπερ
3117 3457 3194 3528 τῷ
3228 3460 3448 3532 μεγάλῳ
3477 3460 3731 3532 πλινθίῳ·
3765 3461 3878 3514 ὥστε

2349 3547 2746 3618 συσχηματίσαι
2779 3547 2877 3618 τὴν
2910 3549 3147 3619 κεφαλὴν
3183 3549 3350 3620 αὐτῆς
3403 3552 3500 3604 καὶ
3547 3555 3674 3616 τοὺς
3723 3551 3874 3614 πόδας,

2347 3635 2908 3707 περιλαμϐανομένους
2948 3639 3049 3690 ὑπὸ
3077 3639 3174 3710 τῆς
3206 3640 3434 3712 σπείρας
3461 3642 3556 3695 τοῦ
3583 3645 3872 3716 Δράκοντος

2344 3724 2418 3788 ὣς
2450 3743 2578 3796 φησι
2601 3744 2613 3756 ·
2801 3801 2803 3804 ι

2345 3839 2561 3908 Σπείρῃ
2604 3839 2656 3891 δ’
2706 3839 2775 3892 ἐν
2830 3821 3180 3907 Κυνόσουρα
3227 3840 3376 3910 κάρη
3415 3844 3574 3914 ἔχει·
3607 3847 3648 3934 ᾖ
3681 3847 3874 3934 βέβαι’

2339 3969 2592 4023 Εἱυζεῖται
2621 3972 2912 4040 κεφαλὴν,
2939 3977 3038 4056 καί
3067 3981 3121 4032 οἱ
3143 3977 3328 4045 ποδὸς
3351 3914 3810 4055 ἔρχεται

2410 4080 2608 4135 Τούτου
2639 4083 2684 4135 δ’
2712 4083 2881 4148 οὕτως
2905 4085 3133 4156 ἔχοντος,
3158 4089 3273 4154 πῶς
3297 4095 3412 4146 ἐστι
3429 4093 3654 4152 δυνατὸν
3673 4097 3772 4150 ὑπὸ
3791 4099 3870 4166 τὴν

2343 4174 2570 4244 ’Ἄρκτον
2597 4176 2719 4237 τούς
2751 4193 2807 4228 τε
2831 4177 3091 4248 Διδύμους
3121 4181 3213 4234 καὶ
3241 4182 3332 4236 τὸν
3363 4185 3640 4258 Καρκίνον
3667 4187 3866 4250 κεῖσθαι.

2337 4261 2492 4332 εἴπερ
2516 4264 2548 4332 ἦ
2580 4281 2636 4316 τε
2665 4265 2888 4336 κεφαλὴ,
2908 4268 2999 4318 καὶ
3034 4268 3082 4320 οἱ
3107 4269 3422 4342 ἐμπρόσθιοι
3448 4277 3604 4341 πόδες
3629 4278 3764 4332 κατὰ
3789 4277 3866 4347 τὴν

2335 4361 2383 4421 γ’
2415 4355 2506 4407 τοῦ
2533 4355 2756 4418 Λέοντος
2796 4361 2999 4412 κεῖνται
3029 4365 3253 4432 μοῖραν;
3283 4369 3376 4418 Δεῖ
3395 4363 3488 4420 οὖν
3514 4369 3618 4422 ὑπὸ
3655 4371 3750 4440 μὲν
3785 4370 3864 4440 τήν

2339 4446 2568 4514 ’Δρκτον
2596 4447 2684 4497 τὸν
2701 4447 2901 4501 Λέοντα
2943 4449 3396 4523 μόνονιτετάχθαι.
3431 4459 3494 4510 Οἱ
3513 4458 3676 4530 γὰρ⁶²
3692 4463 3758 4529 ἐνΔ
3775 4461 3862 4520 toi;

681 4523 736 4578 in
764 4525 963 4593 quibus
993 4531 1288 4586 australior
1321 4537 1726 4592 succedentium
1759 4539 1812 4592 in
1845 4541 2104 4599 laterculo
2126 4547 2230 4599 sita

681 4623 758 4640 Α...
817 4615 836 4640 1
863 4619 1009 4640 ΑΑ..Ξ..
1055 4621 1228 4640 ..Αξμηᾼ
1276 4624 1372 4640 ,l.’
1456 4635 1466 4640 -
1606 4637 1615 4640 _
1680 4629 1747 4640 Α..
1805 4629 1839 4640 Α
1945 4633 1955 4640 ..

2349 4535 2594 4598 Ξπισθίοις
2618 4537 2784 4606 αὐτῆς
2811 4539 2987 4602 ποσὶν,
3009 4543 3091 4609 ἐφ’
3113 4537 3187 4596 ὧν
3220 4547 3365 4598 ἐστιν
3386 4549 3416 4600 ὁ
3442 4550 3752 4623 νοτιὼτερος
3773 4549 3860 4602 τῶν

677 4623 782 4681 cst,
815 4615 1012 4671 Leonis
1055 4621 1234 4676 minus
1265 4624 1474 4678 obtinet
1503 4637 1654 4696 parte
1679 4629 1768 4682 25.
1801 4629 2033 4688 Omnino
2078 4651 2226 4702 vero,

677 4706 722 4758 si
778 4707 1118 4774 propositum
1169 4709 1268 4762 hoc
1314 4725 1478 4780 esset,
1517 4731 1612 4785 per
1657 4725 1820 4771 totam
1861 4718 2050 4775 Ursam
2083 4733 2226 4779 aste-

675 4794 875 4848 rismos
929 4796 1070 4848 ullos
1100 4797 1420 4868 designare;
1449 4807 1558 4857 sub
1583 4822 1644 4860 ea
1669 4806 1946 4878 Virginem
1991 4815 2224 4870 maxime

672 4877 872 4950 ponere
905 4888 1147 4952 oportuit
1177 4907 1187 4940 :
1223 4889 1332 4942 imo
1371 4891 1656 4948 Chelarum
1707 4877 1955 4966 profecto
1991 4911 2217 4970 partem.

669 4973 880 5027 Etenim
909 4993 1028 5044 quae
1055 4987 1138 5033 est
1162 4981 1213 5032 in
1239 4991 1478 5036 extrema
1501 4984 1647 5041 Ursae
1674 4991 1867 5054 cauda,
1899 4992 1966 5045 dc
1992 5003 2216 5062 septem,

664 5079 786 5132 quae
817 5075 945 5119 sunt
991 5068 1058 5121 ad
1085 5073 1370 5152 orientem,
1401 5075 1588 5128 ultima
1609 5116 1624 5140 ,
1657 5083 1952 5136 secundum
1984 5087 2216 5154 paralle-

663 5155 774 5207 lum
807 5140 1168 5224 aequinoctiali
1201 5163 1464 5218 circulum
1496 5175 1702 5236 partem
1741 5140 2026 5228 Chelarum
2061 5177 2216 5246 105

659 5245 870 5297 obtinet
891 5257 1138 5314 quartam
1165 5253 1340 5320 ;quod
1362 5256 1441 5308 sic
1473 5257 1696 5328 intelligi
1725 5263 1866 5326 volo,
1897 5272 1954 5318 ut
1984 5245 2212 5334 tropica,

660 5343 712 5385 et
745 5338 1148 5404 aequinoctialia
1187 5353 1384 5411 puncta
1427 5347 1477 5400 in
1511 5349 1786 5419 signorum
1818 5356 2098 5426 principiis
2129 5358 2212 5410 lo-

659 5435 876 5482 centur.
912 5426 1008 5481 Sin
1037 5445 1098 5483 ea
1149 5447 1270 5486 cum
1303 5435 1522 5494 Eudoxo
1553 5441 1747 5496 mediis
1800 5443 1968 5514 signis
2019 5447 2214 5502 inscri-

729 5581 772 5610 "
807 5583 844 5648 f.
881 5583 909 5635 6
939 5585 1062 5654 γάρ.

728 5733 836 5812 (Siti)
868 5739 1218 5816 Ελμέγτοιγε
1259 5743 1328 5796 τὰ
1357 5744 1648 5814 εἰρημένα.
1685 5746 1820 5801 Vide
1852 5764 1968 5816 quae
1999 5751 2063 5804 de
2099 5753 2200 5806 Eur

656 5801 780 5856 duxi
815 5801 1104 5874 sententia,
1155 5801 1206 5866 et
1249 5801 1418 5868 mira.
1447 5801 1738 5884 liipparcbi
1789 5801 2204 5878 hal'lucinatione

2337 4627 2612 4694 ἑπομένων
2637 4630 2693 4680 έν
2725 4630 2800 4700 τῷ
2822 4629 3064 4701 πλινθίῳ,
3089 4634 3180 4686 τοῦ
3207 4634 3434 4700 Λέοντος
3459 4637 3642 4710 ἐπέχει
3667 4642 3859 4695 ἔλασσον

2331 4703 2438 4768 τῶν
2457 4723 2530 4768 κε’
2551 4719 2770 4787 μοιρῶν.
2799 4721 2921 4784 Τοῖς
2945 4721 2988 4773 δ’
3003 4723 3162 4786 ὅλοις,
3179 4725 3336 4796 εἴπερ
3351 4728 3636 4797 προέκειτο
3651 4729 3856 4802 σημῆνιιί

2329 4826 2447 4860 τινα
2470 4809 2630 4872 ζώδια
2647 4811 2766 4864 καθ’
2785 4813 2908 4884 ὃλην
2940 4814 3035 4884 τὴν
3075 4815 3324 4886 Ἄρκτον,
3352 4819 3458 4872 ἔδει
3483 4821 3582 4892 τὴν
3613 4825 3854 4894 Παρθένον

2329 4901 2418 4964 ὑπ’
2449 4901 2615 4970 αὐτὴν
2652 4902 2828 4966 τάξαι,
2861 4905 2950 4956 καὶ
2984 4905 3046 4976 νὴ
3095 4907 3192 4958 Δία
3235 4907 3397 4978 μέρος
3431 4911 3542 4966 τῶν
3579 4915 3780 4984 Χηλῶν.
3809 4915 3853 4964 '0

2327 4991 2433 5062 γὰρ
2460 4994 2518 5046 ἐν
2544 4993 2688 5064 ἄκρᾳ
2723 4997 2786 5064 τῇ
2813 4995 2947 5066 οὐρᾷ
2975 4997 3072 5064 τῆς
3107 4997 3361 5068 Ἄρκτου,
3385 5002 3444 5065 ὃς
3473 5005 3628 5059 ,ἐστιν
3659 5007 3850 5075 ἔσχατος

2323 5085 2428 5137 τῶν
2457 5085 2588 5156 πρὸς
2622 5087 2880 5151 ἀνατολὰς
2898 5087 3004 5140 τῶν
3029 5088 3071 5151 ζ’
3113 5079 3252 5144 κατὰ
3289 5094 3630 5168 παράλληλον
3657 5097 3728 5168 τῷ
3757 5097 3850 5168 ἰση-

2325 5177 2524 5246 μερινῷ
2569 5177 2768 5247 κύκλῳ,
2801 5177 2984 5248 ἐπέχει
3031 5180 3223 5251 Χηλῶν
3265 5187 3372 5253 μοί.
3399 5187 3470 5239 δ”
3535 5187 3676 5254 λέγω
3710 5189 3760 5240 δὲ
3787 5187 3846 5248 1's;

2319 5247 2426 5318 τῶν
2474 5269 2746 5338 τροπικῶν
2774 5271 2866 5322 καὶ
2909 5247 3230 5344 ἰσημερινῶν
3265 5247 3506 5347 σημείων
3539 5247 3738 5342 ἐν-ταίς
3764 5281 3844 5352 ἁρ-

2321 5361 2438 5427 χαῖς
2475 5360 2579 5414 τῶν
2625 5361 2826 5425 ζωδίων
2849 5362 3216 5433 ὑπαρχόντων.
3241 5367 3304 5420 Εἰ
3334 5369 3516 5444 μέντοι
3541 5387 3602 5438 γε
3633 5371 3700 5424 τὰ
3719 5373 3842 5442 είρτξ·

2323 5451 2454 5520 μένα
2491 5453 2602 5522 (55)
2633 5453 2772 5505 κατὰ
2822 5454 2960 5524 μέσα
2997 5457 3064 5508 τὰ
3097 5455 3260 5520 ζώδια
3285 5461 3484 5522 κεῖται,
3522 5462 3598 5528 ὡς
3647 5459 3840 5524 Εὔδοξός

2309 5756 2644 5841 disputamus
2669 5759 2826 5841 infra,
2855 5765 2964 5820 col.
2987 5765 3136 5838 1544.
3161 5764 3454 5835 Depravata
3473 5781 3598 5827 sunt
3625 5787 3738 5841 qua

2311 5836 2566 5898 quuntur.
2613 5829 2918 5902 Legendum
2975 5835 3156 5891 asSero
3203 5829 3348 5894 nono
3391 5841 3516 5898 inde
3569 5829 3718 5900 versu
3757 5837 3830 5897 sit!
