4008 6328
148 392 281 449 1θ29

152 503 295 557 Toiol
326 504 379 555 οι
412 498 641 569 κερμλῇ
675 454 1052 569 ὑποκείρείοοι
1078 495 1288 569 ἀγλαοὶ
1314 489 1457 569 ὦμοι

144 572 412 625 Elaea-rat
433 586 445 599 '
478 562 660 623 Ξιὲῖνοί
684 586 749 636 τε
775 569 872 621 καὶ
888 562 973 619 *ἂν
996 566 1272 634 διχόμηνι
1300 562 1532 632 σελήνῃ

144 641 399 697 Εὶσωποὶ
428 639 737 693 τελέθοιεν.

218 751 403 823 Σχεδὸν
433 750 488 803 δὲ
528 752 620 805 καὶ
656 751 763 804 τῶν
794 752 853 803 ὲν
877 753 941 820 τῇ
989 717 1307 820 Ἀνδρομέδᾳ
1336 748 1697 818 λαμπρότεροί

140 848 263 909 εἱσι,
292 844 426 913 πλὴν
449 844 554 896 τῶν
586 846 641 895 ἐν
672 846 737 914 τῇ
767 843 1004 913 κεφαλῇ,
1040 840 1134 895 καὶ
1165 841 1257 894 τοῦ
1300 842 1562 910 ἑπομένου
1590 840 1697 893 τῶν

140 940 198 989 ὲν
220 940 285 1006 τῇ
313 935 475 1008 ζώνῃ,
502 934 628 1006 περὶ
658 932 724 1007 ἧς
758 951 920 1005 φησιν
944 951 956 963 ·

905 1134 986 1187 Οὔ
1008 1150 1081 1188 σε
1270 1132 1372 1185 οἴω

138 1209 338 1261 Νύκτα
370 1207 840 1275 περισκέψαονθαι
865 1222 879 1234 ο
912 1206 987 1257 ἶν’
1015 1200 1227 1258 αὐτίκα
1245 1202 1483 1275 μᾶλλον
1512 1200 1693 1270 ἴδηαι.

148 1278 281 1345 Τοίη
310 1280 362 1331 ol
394 1273 634 1345 κεφαλή
652 1295 665 1307 ·
697 1277 841 1329 τοῖοι
869 1275 936 1328 δέ
962 1279 1013 1328 οὶ
1045 1273 1453 1345 ἀμφοτέρωθεν

136 1342 304 1417 mea
324 1388 339 1413 ,
364 1342 667 1413 xal'addec
694 1347 1023 1415 ἁκρότατοι,
1058 1342 1155 1399 real
1192 1343 1417 1413 ζώματα
1445 1342 1657 1394 πάντα.

214 1462 377 1516 Πάλιν
408 1461 463 1513 δὲ
493 1463 641 1530 παρὰ
682 1460 759 1529 τῷ
789 1458 999 1528 Εὐδόξῳ
1032 1456 1426 1527 ἀναστρέφεται
1461 1454 1696 1526 διημαρ-

1120 378 1483 436 lllPPAllCﬂl
1523 376 1612 431 AD
1645 375 2089 429 PHA'JNOMENA
2129 376 2257 430 LIB.
2286 376 2343 455 _l.

1727 491 1770 546 Α
1837 488 1987 541 Tales
2021 492 2066 543 ei
2096 490 2254 557 capiti
2281 487 2606 555 subjaceutes
2634 487 2767 540 clari
2788 486 2987 540 humeri

3226 376 3364 435 £050

1837 562 2098 626 Apparent
2134 576 2151 612 :
2185 560 2265 612 illi
2293 560 2501 627 quidem
2535 559 2693 610 etiam
2716 561 2870 625 plena
2901 558 3024 610 luna

1832 629 2114 706 Conspicati
2140 640 2329 683 essent.

1829 751 1836 769 '
1866 740 1979 795 Imo
2013 756 2142 797 vero
2169 740 2558 811 prapemodum
2585 742 2748 795 etiam
2772 741 2860 803 iis,
2897 756 3017 809 qua:
3049 741 3101 793 in
3152 741 3361 795 Andro--

1797 834 2134 907 medasunt,
2185 834 2584 903 splendidiores
2631 834 2913 897 videntur,
2958 835 3202 903 exceptis
3252 836 3360 895 his,

1795 940 1916 995 quae
1942 927 1998 979 in
2028 925 2207 994 capite
2240 935 2387 987 sunt,
2420 934 2475 979 et
2505 926 2835 982 succedente
2854 942 3066 994 earum,
3093 944 3212 998 qua)
3236 937 3356 983 sunt

1798 1016 1852 1070 in
1882 1030 2055 1081 zona;
2092 1016 2160 1071 de
2189 1031 2297 1085 qua
2331 1016 2469 1070 idem
2505 1036 2518 1071 :

2366 1171 2379 1183 .
2409 1172 2420 1183 .
2452 1172 2465 1184 .
2487 1132 2645 1184 Haud
2679 1143 2726 1185 te
2759 1134 2979 1188 mullum
3004 1152 3120 1188 reor

1836 1198 2055 1273 {faelem
2084 1200 2370 1269 disquirere
2396 1218 2414 1254 :
2443 1213 2499 1254 ut
2530 1204 2750 1256 subinde
2794 1207 2963 1273 magis
3000 1207 3255 1259 intueare.

1837 1270 1967 1345 Tum
1993 1272 2197 1345 clarum
2223 1274 2445 1345 ei_caput
2476 1282 2554 1325 est
2583 1286 2602 1325 :
2628 1284 2735 1325 tam
2760 1270 2900 1345 clari
2918 1276 3038 1327 item
3061 1278 3109 1328 ei
3125 1277 3359 1345 utriuun

1833 1340 2073 1405 Numeri,
2102 1352 2149 1394 et
2183 1342 2335 1410 pedes
2365 1345 2606 1408 extremi,
2635 1353 2684 1397 et
2711 1344 2920 1415 cingula
2952 1347 3149 1399 omnia.

1782 1510 1789 1516 ,
1868 1453 2132 1509 Praeterea
2144 1456 2286 1527 apud
2307 1456 2585 1512 Eudoxum
2607 1474 2885 1528 perperam
2904 1467 3066 1527 caput
3088 1459 3234 1515 Ursa:
3253 1476 3358 1515 ma-

134 1552 385 1623 τημένως
410 1554 649 1623 περὶτῆς
676 1551 914 1621 κεφαλῆς
947 1550 1045 1619 τῆς
1078 1548 1315 1618 μεγάλης
1346 1550 1579 1620 Ἀρκτου
1602 1566 1613 1576 ·
1639 1550 1697 1601 ὲν

1801 1546 1932 1615 iuris
1960 1548 2282 1617 explicatur.
2306 1548 2437 1602 Nam
2461 1550 2515 1603 in
2535 1566 2697 1619 opere
2732 1551 3010 1619 illo..quod
3043 1551 3361 1621 inscriptqu

139 1647 243 1715 μὲν
267 1645 344 1714 τῷ
390 1646 467 1698 ἑνὶ
500 1646 861 1713 συντάγματι,
895 1642 922 1693 ὂ
953 1642 1314 1713 ἐπιγράφεται
1344 1641 1693 1709 Φαινόμενιι,

135 1734 230 1787 τὸν
257 1734 453 1805 τρόπον
490 1732 673 1785 τοῦτον
704 1750 717 1762 ·
753 1750 772 1782 ι
808 1730 943 1782 Ὑπὸ
984 1730 1041 1783 δὲ
1086 1730 1177 1782 τὸν
1216 1731 1428 1800 Περσέα
1474 1731 1567 1781 καὶ
1596 1730 1696 1799 τὴν

1795 1646 1877 1691 est
1912 1638 2280 1704 l’hwnomeua,
2311 1641 2413 1694 hoc
2442 1642 2601 1696 modo
2626 1642 2866 1712 loquitur
2902 1662 2913 1695 :
2956 1662 2974 1693 c
3010 1642 3123 1697 Sub
3164 1642 3360 1699 Perseo

1796 1736 1850 1781 et
1874 1726 2164 1797 Cassiepea
2188 1746 2296 1785 non
2328 1732 2483 1787 valde
2500 1733 2708 1788 distans
2730 1742 2813 1788 est
2842 1734 3064 1802 majoris
3097 1732 3244 1789 Ursxe
3271 1750 3357 1788 ca-

138 1824 506 1877 Κασσιέπειαν
531 1823 590 1875 οὐ
630 1822 761 1875 πολὺ
798 1821 1048 1892 διέχουσα
1086 1823 1230 1874 ἐστιν
1278 1824 1311 1892 ὴ
1356 1822 1560 1891 κεφαλὴ
1599 1822 1695 1890 τῆς

1801 1831 1915 1891 put.
1942 1822 2243 1891 lnterjectaa
2279 1839 2409 1878 vero
2454 1827 2624 1880 stella:
2658 1835 2788 1881 sunt
2826 1828 3091 1881 obscurm.
3122 1848 3140 1879 ι
3190 1829 3257 1882 At
3308 1831 3361 1882 in

141 1916 378 1986 μεγάλης
420 1916 672 1984 ΙἌρκτου.
704 1916 768 1966 Ol
795 1913 851 1966 δὲ
890 1912 1091 1983 μεταξὺ
1127 1913 1327 1966 τούτων
1370 1912 1595 1983 ἀστέρες
1625 1912 1701 1963 εί-

139 2010 225 2061 σὶν
267 2008 535 2078 ἀμαυροί·
563 2024 580 2056 ι
626 2006 683 2059 ὲν
723 2006 781 2059 δὲ
828 2006 905 2077 τῷ
950 2004 1371 2075 ἐπιγραφομένῳ
1413 2004 1701 2072 Ἐνόπτρῳ

135 2098 308 2161 οὕτως
331 2114 345 2128 ο
366 2097 656 2151 «Ὀπισθεν
678 2099 734 2150 δὲ
756 2098 848 2150 τοῦ
878 2097 1130 2168 Περσέως
1162 2096 1254 2149 καὶ
1283 2096 1432 2166 παρὰ
1464 2094 1529 2149 τὰ
1556 2096 1699 2165 ἰσχία

137 2192 237 2261 τῆς
267 2189 629 2253 Κασσιεπείας
654 2191 711 2243 οὐ
745 2189 876 2242 πολὺ
916 2187 1258 2241 διαλείπουσα
1291 2190 1323 2257 ή
1360 2186 1564 2257 κεφαλὴ
1602 2188 1699 2256 τῆς

122 2282 383 2351 ,μεγάλης
408 2281 642 2351 ’Λρκτου
670 2283 866 2333 κεῖται.
889 2279 953 2333 Οἱ
983 2280 1039 2331 δὲ
1077 2278 1275 2349 μεταξὺ
1304 2279 1530 2349 ἀστέρες
1562 2279 1698 2329 εἰσὶν

138 2371 395 2442 ἀμαυροί.
436 2389 454 2420 ›
505 2369 639 2422 Οὔτε
666 2370 771 2440 γὰρ
800 2368 941 2421 κατὰ
968 2368 1061 2438 τὴν
1088 2370 1450 2422 Κασσιέπειαν
1483 2371 1573 2421 καὶ
1610 2372 1697 2423 τὸν

143 2462 356 2533 Περσέα
388 2464 561 2515 κεῖται
584 2464 621 2531 ἡ
648 2461 854 2530 κεφαλὴ
882 2461 980 2530 τῆς
1014 2460 1251 2530 μεγάλης
1284 2462 1516 2529 Ἀρκτου
1538 2476 1549 2489 ⁸
1576 2459 1699 2512 οὕτε

147 2553 338 2624 μικρὸν
372 2552 549 2605 αὑτῶν
584 2553 795 2622 ἀπέχει.
838 2552 903 2604 Ἠ
938 2552 1036 2622 μὲν
1070 2552 1175 2622 γὰρ
1214 2552 1547 2605 Κασσιέπεια
1584 2554 1697 2605 ἐστι

141 2642 282 2695 κατά
328 2643 425 2713 τὴν
468 2642 575 2693 τῶν
618 2634 832 2711 ’ἰχθύων
862 2643 971 2712 μοῖ.
1012 2640 1105 2693 ιδ’·
1142 2640 1248 2693 ὁδὲ
1285 2641 1521 2711 Περσεὺς
1561 2640 1700 2693 κατὰ

137 2735 228 2786 τὸν
260 2734 427 2805 Κριόν
450 2750 463 2763 ⁸
500 2734 533 2803 ἡ
560 2733 616 2785 δὲ
645 2732 785 2786 κατά
829 2732 917 2784 τὸν
963 2730 1186 2797 Εὔδοξον
1219 2730 1328 2799 (58)
1359 2728 1566 2799 κεφαλὴ
1600 2728 1698 2799 τῆς

141 2824 383 2895 μεγάλης
416 2826 645 2894 Ι’Δκριιτου
678 2822 816 2876 κατὰ
871 2822 971 2893 τὴν
1028 2823 1091 2873 ιδ’
1123 2825 1230 2891 μοί.
1259 2822 1303 2853 ⁸³
1332 2821 1423 2874 τοῦ
1452 2820 1694 2883 Λέοντος.

141 2919 364 2984 Ἐγγιον
395 2912 485 2968 οὖν
512 2916 681 2967 εἰπεῖν
715 2913 805 2966 τὸν
836 2912 1049 2983 Περσέα
1080 2913 1174 2965 καὶ
1202 2912 1297 2983 τὴν
1329 2913 1698 2966 Κασσιέπειαν

139 3007 354 3061 κεῖσθαι
382 3005 517 3060 κατά
554 3005 727 3075 ἄκραν
758 3004 855 3076 τὴν
884 3002 1047 3074 οὐρὰν
1074 3003 1174 3073 τῆς
1212 3005 1412 3074 μικρᾶς
1442 3004 1693 3073 Ἄρκτου.

138 3098 355 3167 Ταύτης
399 3097 505 3169 γὰρ
536 3100 564 3150 ὁ
593 3096 816 3166 ἔσχατος
845 3095 937 3149 καὶ
979 3094 1355 3165 λαμπρότατος
1387 3091 1558 3162 ἀστὴρ
1588 3095 1697 3145 κεῖ-

138 3208 231 3243 ται
257 3190 399 3243 κατά
441 3190 538 3260 τὴν
568 3195 636 3259 ιη’
672 3190 780 3258 μοῖ.
808 3186 916 3241 τῶν
951 3186 1190 3256 Ἰχθύων.
1230 3185 1287 3237 '0
1313 3184 1369 3238 δὲ
1399 3184 1624 3247 Εὔδοξος
1653 3183 1697 3215 ⁸⁸

136 3284 337 3353 διαιρεῖ
377 3282 467 3334 τὸν
507 3280 765 3345 ζωδιακὸν
804 3278 1001 3334 κύκλον
1046 3277 1186 3331 κατά
1228 3278 1324 3347 τὴν
1359 3283 1406 3345 γ’
1448 3278 1554 3347 μοί.
1603 3274 1695 3328 τοῦ
1790 3294 1793 3299 ν

139 3374 342 3427 Κοιοῢ.

235 3393 251 3427 :
284 3393 342 3427 υ.

195 3392 311 3517 ξιξ.
359 3460 479 3513 Ἐπὶ
505 3461 562 3513 δὲ
602 3459 697 3512 τοῦ
728 3458 895 3529 Κριοῦ
921 3461 950 3511 ὁ
982 3460 1213 3529 ’Ἄρατος
1256 3460 1466 3525 ἀγνοεῖν
1508 3476 1593 3528 μοι
1617 3459 1701 3511 δο-

138 3557 245 3618 κεῖ,
278 3554 449 3620 λέγων
482 3552 641 3605 αὑτὸν
676 3552 853 3621 ἀφανῆ
900 3550 1142 3619 γίνεσθαι
1186 3552 1243 3601 ὲν
1276 3552 1342 3619 τῇ
1384 3551 1700 3620 πανσελήνῳ

137 3643 227 3696 διὰ
256 3642 357 3712 τὴν
384 3643 679 3713 μικρότητα
699 3640 806 3693 τῶν
829 3641 1070 3710 ἀστέρων
1099 3646 1115 3669 ³
1144 3641 1251 3692 δεῖν
1273 3640 1327 3691 δὲ
1349 3640 1701 3711 σημειοῦσθαι

136 3735 237 3805 τὴν
266 3733 415 3786 θέσιν
444 3733 606 3786 αὐτοῦ
640 3733 702 3785 ἐκ
728 3751 786 3784 τε
807 3732 913 3785 τῶν
938 3734 994 3783 ὲν
1028 3734 1092 3802 τῇ
1121 3732 1263 3804 ζώνῃ
1285 3732 1381 3801 τῆς
1419 3732 1702 3801 Ἀνδρομέ-

136 3826 236 3888 δας
280 3824 524 3893 ἀστέρων
576 3824 669 3876 καὶ
720 3825 783 3875 ὲκ
835 3821 927 3874 τοῦ
971 3822 1371 3891 παρακειμένου
1417 3821 1565 3892 αὑτῷ
1608 3823 1703 3875 ἀπ’

142 3916 385 3985 ¹’Δρπιιτου
413 3910 696 3982 τριγώνου.
723 3912 881 3979 Λέγει
903 3910 1013 3980 γὰρ
1037 3910 1207 3974 οὕτως
1243 3910 1368 3980 περὶ
1397 3912 1557 3964 αὑτοῦ
1582 3928 1594 3939 '

223 4115 421 4171 Αὑτοῦ
446 4114 543 4167 καὶ
569 4112 763 4183 Κριοῖο
786 4112 1065 4165 θοώταταί
1093 4112 1207 4163 εἱσι
1243 4109 1531 4165 κέλευθοι.

139 4230 254 4284 Καὶ
290 4228 409 4301 μετ’
434 4227 609 4296 ὀλίγον
646 4226 894 4296 ἐπιφέρει
923 4242 932 4255 ·

138 4344 338 4406 Αὐτὸς
360 4339 473 4409 μὲν
493 4338 687 4409 νωθὴς
718 4336 1192 4409 καὶ-ἀνᾴστερος,
1224 4353 1318 4390 om
1351 4336 1582 4409 σελήνῃ

90 4466 99 4472 ,
138 4406 519 4480 Σκέψαοθαι·
550 4408 695 4475 Wa
729 4407 796 4499 δ’,
814 4406 889 4460 ἃν
913 4407 1066 4475 ὅμως
1094 4406 1504 4475 ἐπιτεκμήραιο

1801 1913 1992 1980 altero,
2009 1915 2153 1984 quod
2168 1912 2518 1983 Ἕνοπτρον,
2542 1916 2595 1971 id
2612 1924 2694 1973 est
2710 1916 3004 1986 Speculum,
3018 1920 3361 1975 inscribitur:

1806 2024 1823 2056 ι
1860 2004 2006 2060 Pone
2033 2021 2161 2060 vero
2188 2006 2443 2062 Perseum
2478 2017 2533 2062 et
2557 2009 2625 2062 ad
2656 2008 2958 2080 Cassiopen:
2989 2027 3175 2078 coxas,
3219 2014 3361 2068 haud

1800 2096 1959 2171 longo
1988 2098 2270 2167 interjecto
2297 2100 2472 2168 spatio
2514 2100 2678 2155 situm
2708 2109 2794 2155 est
2836 2104 3058 2171 majoris
3092 2103 3240 2159 Ursa:
3266 2121 3359 2159 ca-

1799 2198 1931 2258 put;
1969 2190 2141 2245 stella:
2167 2200 2347 2245 autem
2398 2191 2732 2262 interposita:
2758 2202 2887 2248 sunt
2907 2196 3177 2249 obscurae.
3211 2216 3229 2247 ›
3259 2195 3357 2250 Vc-

1800 2296 1921 2334 rum
1958 2297 2057 2336 nec
2084 2282 2148 2336 ad
2180 2282 2527 2353 Cassiepeam
2566 2299 2628 2337 ac
2655 2282 2911 2340 Perseum
2942 2285 3104 2340 situm
3126 2294 3209 2342 est
3256 2302 3358 2340 ma-

1795 2372 1929 2441 joris
1956 2372 2108 2429 Ursa:
2137 2384 2298 2444 caput
2327 2394 2339 2429 :
2382 2392 2481 2431 nec
2514 2376 2583 2430 ab
2607 2377 2713 2432 illis
2742 2377 2937 2447 exiguo
2964 2379 3246 2432 intervallo
3279 2396 3356 2433 re-

1799 2473 2063 2519 movetur.
2098 2466 2193 2521 Est
2222 2468 2365 2522 enim
2399 2469 2685 2538 Cassiepea
2731 2470 2876 2523 circa
2895 2478 3099 2539 partem
3128 2470 3361 2526 Piscium

1800 2554 1901 2620 l2;
1936 2554 2169 2611 Perseus
2200 2559 2347 2611 circa
2376 2558 2641 2625 Arietem;
2668 2567 2722 2612 at
2747 2560 2969 2628 majoris
3017 2559 3169 2615 Ursae
3200 2572 3359 2631 caput

1796 2646 1868 2700 ab
1914 2645 2136 2701 Eudoxo
2178 2647 2376 2711 Leonis
2430 2647 2865 2704 dodecatemorio
2916 2649 3192 2703 tribuitur.
3216 2649 3359 2719 _Pro-

1800 2739 1921 2806 plus
1953 2738 2118 2809 igitur
2154 2739 2221 2793 ad
2253 2740 2531 2794 veritatem
2586 2740 2827 2804 accedet,
2882 2740 2972 2811 qui
3009 2738 3264 2795 Perseum
3310 2750 3360 2795 ct

1798 2829 2143 2899 Cassiepeam
2185 2831 2251 2884 ad
2294 2839 2588 2885 extremam
2621 2832 2851 2885 caudam
2906 2832 3098 2885 locarit
3136 2832 3360 2886 minoris

1801 2919 1970 2976 Ursae.
2008 2919 2141 2973 Nam
2180 2929 2451 2991 postrema
2488 2922 2673 2991 hujus,
2720 2930 2775 2976 et
2825 2922 3159 2977 lucidissima
3207 2924 3360 2978 stella

1799 3011 1901 3065 sita
1924 3018 2008 3067 est
2037 3011 2103 3064 ad
2130 3009 2370 3066 Piscium
2398 3021 2603 3081 partem
2641 3013 2706 3065 18
2734 3032 2746 3067 :
2779 3022 2836 3067 ut
2881 3022 3058 3069 autem
3106 3013 3360 3069 Eudoxus

1799 3103 2078 3156 zodiacum
2126 3104 2394 3157 circulum
2444 3103 2656 3168 dividit,
2705 3108 2851 3160 circa
2909 3114 3118 3175 partem
3165 3104 3359 3160 Arietis

1800 3194 2037 3248 tertiam.

1882 3459 2017 3512 XIII.
2050 3459 2106 3511 In
2137 3459 2317 3513 Ariete
2347 3474 2563 3527 quoque
2624 3459 2753 3511 mihi
2784 3458 2997 3513 videtur
3035 3456 3247 3512 inscitia
3286 3457 3356 3511 la-

1802 3567 1931 3621 psus
1964 3551 2186 3613 Aratus,
2219 3551 2346 3603 dum
2386 3552 2578 3605 asserit
2618 3551 2817 3619 ipsum,
2858 3565 2953 3619 per
2985 3548 3358 3618 plenilunium,

1802 3645 1871 3699 ob
1903 3644 2179 3699 stellarum
2204 3642 2523 3713 parvitatem
2552 3658 2658 3696 non
2686 3657 2845 3707 posse
2874 3641 3117 3711 conspici
3148 3660 3159 3693 :
3194 3655 3359 3710 quare

1802 3736 1966 3790 situm
1993 3734 2158 3800 illius,
2182 3736 2376 3803 partim
2403 3750 2467 3788 ex
2493 3735 2558 3789 iis
2588 3735 2759 3789 stellis
2779 3750 2897 3804 qua:
2923 3740 3050 3787 sunt
3072 3734 3124 3787 in
3152 3733 3357 3788 Androv

1802 3827 1973 3881 medae
1997 3841 2161 3890 zona,
2187 3827 2382 3895 partim
2408 3842 2473 3881 ex
2498 3825 2778 3895 adjacente
2800 3824 2902 3892 ipsi
2927 3839 2956 3875 a
2993 3823 3359 3891 septentrione

1801 3917 2076 3985 triangula
2101 3916 2492 3997 designandum
2523 3929 2664 3968 esse.
2695 3911 2828 3965 Nam
2871 3911 2985 3965 hac
3020 3911 3165 3964 illius
3198 3911 3359 3965 verba

1802 4016 1931 4063 aunt
1964 4027 1976 4061 :

1876 4099 2079 4152 Ibidem
2110 4107 2159 4151 et
2188 4098 2380 4151 Arietis
2401 4096 2681 4150 celerrima:
2712 4102 2833 4147 sunt
2862 4094 2976 4147 viae.

1803 4212 1879 4266 Ac
1912 4212 2073 4283 paulo
2100 4219 2224 4281 post
2258 4229 2271 4264 :

1808 4324 1926 4391 Ipse
1944 4325 2147 4395 quidem
2175 4325 2476 4394 languidus,
2504 4333 2552 4377 et
2576 4324 2827 4395 obscurus
2848 4343 2860 4377 :
2882 4331 3057 4395 utpote
3075 4336 3166 4395 per
3182 4320 3359 4373 lunam

1808 4390 2233 4451 Observautibus.
2266 4390 2635 4451 Verumtamen
2659 4409 2749 4461 per
2784 4394 3046 4532 cingulfém
3084 4390 3359 4469 depretiet:-

3001 4476 3084 4514 ere
3103 4473 3291 4527 poteris

3001 4476 3084 4514 ere
3103 4473 3291 4527 poteris

150 4538 541 4609 Ἀνδρομέδης
566 4555 577 4565 ·
607 4537 813 4605 ὀλίγον
845 4538 954 4604 γὰρ
982 4537 1081 4590 ὑπ’
1107 4536 1296 4604 αὐτὴν
1323 4537 1660 4606 ἐστήρικται
1685 4553 1697 4566 ·

1805 4534 2187 4591 Andromedw:
2216 4534 2356 4587 haud
2387 4535 2534 4603 longe
2563 4534 2698 4586 enim
2722 4530 2815 4585 sub
2846 4498 3013 4597 ipsdm
3043 4498 3173 4583 sit'us
3196 4538 3292 4581 est.

137 4657 238 4709 καὶ
266 4653 433 4707 πάλιν
455 4668 469 4683 ⁶

140 4772 316 4822 Ἔστι
339 4766 406 4820 δέ
430 4785 518 4821 τοι
538 4766 637 4820 καὶ
656 4767 735 4820 ἔτ’
761 4766 914 4821 ἄλλο
937 4764 1291 4886 τπυέμέγον
1316 4765 1514 4833 ἐγγύθι
1538 4765 1704 4834 σῆμα

140 4839 468 4886 summa
506 4835 841 4886 πλευοῆσιν
875 4840 1068 4886 ῑσαιοιι
1106 4850 1283 4886 matr
1309 4833 1502 4886 ἐοικὸς

136 4839 468 4900 Δελτωτὸν,
506 4835 841 4903 πλευρῇσιν
875 4833 1289 4903 ἰσαιομένῃσινί
1309 4833 1502 4903 ἐοικρς

150 4905 530 4978 Ἀμφοτέραις
552 4922 565 4934 ·
595 4906 634 4971 ἡ
656 4901 731 4957 ’8⁵
762 4906 833 4959 οὔ
876 4922 931 4958 τι
977 4901 1128 4971 τόση
1147 4942 1162 4968 ,
1210 4902 1373 4970 μάλα
1429 4901 1481 4953 δ’
1513 4904 1705 4978 Δἐστὶν

136 5044 444 5114 Ερρέσθαι
467 5060 481 5074 ’
511 5043 639 5111 περὶ
671 5042 780 5114 γὰρ
805 5041 1039 5114 «odeum
1062 5042 1382 5114 εὐαστερός
1401 4972 1700 5114 duritiam

142 5106 271 5169 7⁸(ῖῆ-
301 5106 507 5183 ὀλίγον
537 5106 715 5181 κριοῦ
742 5106 1071 5181 τοτιώτεροι
1099 5106 1345 5178 ἀστέρες
1365 5112 1541 5167 εἰσίν.

148 5225 297 5280 Ἀλλ’
332 5225 393 5278 οὐ
418 5226 574 5296 χρεία
604 5223 953 5297 σημειοῦσθαι
985 5225 1076 5277 τὸν
1108 5226 1275 5297 Κριὸν
1300 5227 1362 5279 ἐκ
1386 5226 1606 5278 τούτων.
1642 5229 1702 5280 υἱ

136 5317 250 5388 γὰρ
284 5318 348 5369 ἐν
376 5317 442 5386 τῇ
477 5316 682 5387 κεφαλῇ
722 5314 883 5368 αὐτοῦ
935 5314 1171 5384 κείμενοι
1210 5314 1436 5385 ἀστέρες
1478 5322 1524 5381 γ’
1570 5316 1703 5386 λαμ-

225 5493 268 5524 ⁸⁸
287 5493 332 5561 f.
372 5493 431 5544 τὸ
456 5490 519 5561 ιβ’
553 5490 756 5562 μόριον.
826 5491 871 5521 ⁸⁸
899 5490 941 5558 f.
970 5490 1042 5573 ᾡς
1073 5488 1127 5541 δὲ
1150 5488 1390 5554 Εὔδοξος-

211 5647 332 5716 (58)
378 5646 448 5700 Ἠ
470 5646 536 5699 δὲ
572 5647 717 5701 κατὰ
748 5648 852 5701 τὸν
877 5644 1165 5708 Εὔδοξον.
1199 5642 1362 5698 Recte
1390 5641 1683 5716 castigavit

1803 4642 1933 4698 Item
1960 4664 1975 4699 ε

1805 4757 1901 4811 Est
1932 4776 2046 4813 vero
2074 4768 2121 4811 et
2152 4756 2297 4809 aliud
2323 4756 2635 4827 dispositum
2671 4772 2827 4825 prope
2857 4758 3061 4825 signum

1805 4827 2069 4893 Deltoton,
2098 4828 2344 4879 lateribus
2368 4828 2654 4897 wqualibus
2692 4828 2861 4881 simile

1806 4890 2104 4963 Ambobus;
2132 4896 2341 4949 tertium
2363 4890 2594 4977 veropon
2619 4908 2841 4950 tantum.
2869 4890 3360 5033 Tameﬁadrtod‘um

3064 4978 3141 5014 ac:
3169 4976 3195 5013 e
3213 4977 3265 5013 es

3064 4976 3195 5014 acue
3213 4977 3265 5013 εδ

1810 5038 2048 5103 Inventa,
2074 5054 2181 5105 pra'
2213 5039 2391 5092 multis
2416 5038 2550 5090 enim
2583 5034 2841 5103 fulgidum
2879 5042 2975 5085 est.

1810 5110 2009 5176 Quibus
2039 5101 2313 5174 paululum
2337 5108 2533 5160 Arietis
2566 5101 2908 5157 australiores
2938 5101 3104 5155 stella:
3136 5106 3275 5151 sunt.

1883 5224 2035 5293 107
2064 5224 2238 5293 Atque
2272 5223 2407 5277 nihil
2441 5220 2676 5274 Arietem
2710 5234 2772 5273 ex
2798 5217 2903 5273 illis
2926 5214 3103 5269 notari
3136 5224 3360 5265 necesse

1808 5323 1910 5371 est.
1948 5314 2079 5367 Nam
2116 5330 2234 5384 qua:
2261 5320 2387 5370 sunt
2423 5312 2479 5365 iu
2512 5309 2633 5380 ejus
2666 5310 2841 5377 capite
2875 5316 3007 5371 tres,
3030 5302 3358 5375 splendidio-

1791 5642 1949 5711 paulo
1976 5641 2153 5695 minus
2183 5646 2334 5709 Parte
2367 5638 2551 5692 tertia.
2580 5634 2888 5711 V_ide_l_ipri
2911 5632 3074 5703 hujus
3099 5646 3248 5686 num.
3283 5628 3355 5695 Χ,

141 5705 268 5773 unus
306 5705 364 5769 in
392 5718 839 5785 nota-marginali.
866 5719 993 5768 Nam
1028 5705 1279 5785 Eudoxus
1300 5728 1365 5765 ex
1390 5705 1683 5785 Hipparchi
1790 5705 1979 5781 etquae
2008 5711 2148 5765 infra
2177 5705 2523 5779 disputamus
2557 5706 2664 5762 col.
2698 5705 2854 5759 1547.

143 5788 598 5857 interpretatione
644 5782 801 5857 caput
858 5784 1005 5841 Ursa:
1051 5784 1350 5840 collocabat
1401 5782 1457 5837 in
1486 5782 1682 5837 Leonis
