4008 6328
701 379 834 444 1051

1653 363 1656 366 ’
1707 383 1796 438 ιο
1831 379 2100 442 eusser:
2139 379 2532 440 CHRONICON
2567 379 2926 436 APPENDII.

697 518 788 558 res
823 511 948 556 sunt
977 501 1042 556 iis
1067 505 1186 572 qua:
1221 511 1348 556 sunt
1377 499 1432 553 in
1487 499 1842 554 Andromedae
1873 501 2090 572 cingulo
2131 516 2146 554 :
2183 516 2247 556 ac

2360 499 2602 572 πρότεροί
2635 503 2738 554 εισι
2773 499 2880 552 τῶν
2909 500 2964 550 ὲν
2991 501 3056 568 τῇ
3087 499 3231 572 ζώνῃ
3261 499 3364 570 τῆς
3397 499 3762 572 ’Δνδρομέδας
3781 517 3794 530 ·
3823 501 3884 568 ἑτ-

697 594 944 663 proxime
973 591 1038 646 ad
1065 606 1156 646 eas
1181 590 1446 644 accedunt
1477 605 1596 658 quas
1653 591 1708 644 in
1751 593 2026 662 triangulo
2067 602 2196 648 sunt
2233 611 2246 646 :

699 689 760 738 ut
789 683 858 736 ab
881 683 960 736 eis
989 695 1100 734 non
1127 679 1354 732 multum
1379 687 1734 748 superentur;
1767 680 1860 734 sed
1895 689 1950 734 et
2003 681 2094 734 illa
2141 695 2254 748 prae

699 776 911 830 caeteris
945 772 1236 840 conspicua
1272 779 1376 834 est,
1425 785 1544 839 quae
1599 771 1654 824 in
1715 771 2076 826 auterioribus
2109 771 2256 827 illius

701 866 930 936 pedibus
957 871 1040 918 est
1061 864 1254 932 posita.
1285 861 1444 916 Falso
1481 861 1703 932 insuper
1731 869 1786 916 et
1825 862 1958 916 illud
1983 863 2052 918 ab
2087 863 2256 916 Arato

699 959 906 1010 dictum
931 965 1053 1010 est:

707 1067 830 1120 Ilia:
854 1082 968 1119 vero
991 1065 1156 1118 adhuc
1181 1066 1446 1130 anterius;
1472 1075 1722 1134 preter-ea
1747 1075 1918 1117 autem
1946 1065 1998 1116 in
2033 1079 2256 1130 procur-

1821 1135 1983 1204 [sibus
2011 1135 2180 1186 austri

707 1205 958 1259 Pisces...

775 1297 908 1352 Nam
939 1313 1274 1366 nequaquam
1321 1297 1480 1350 ambo
1507 1303 1636 1352 sunt
1661 1295 1846 1348 Pisces
1899 1285 2256 1356 australibres

705 1389 886 1442 Ariete
911 1430 924 1453 ,
955 1390 1046 1443 sed
1103 1405 1244 1444 unus
1285 1391 1546 1442 duntaxat
1583 1389 1820 1442 illorum.
1879 1384 2092 1439 Etenim
2137 1401 2258 1454 quze

707 1489 834 1530 Sunt
867 1479 918 1531 in
949 1489 1124 1532 rostro
1157 1479 1476 1532 borealioris
1501 1476 1758 1538 Piscium,
1795 1476 1954 1543 paulo
1987 1489 2110 1527 cum
2145 1475 2256 1528 sint

706 1569 1056 1624 australiores
1081 1569 1405 1624 succedente
1435 1581 1619 1620 carum
1645 1581 1764 1634 qua:
1795 1566 1846 1618 in
1902 1565 2258 1620 Andromeda:

706 1661 922 1728 cingulo
943 1675 972 1711 a
1001 1649 1406 1726 septeiftrionali
1443 1659 1564 1727 polo
1591 1657 1795 1710 distant
1851 1657 2097 1726 partibus
2141 1655 2210 1708 70
2237 1674 2252 1722 ;

705 1751 1036 1803 antecedens
1061 1763 1186 1802 vero
1208 1763 1392 1800 earum
1425 1763 1542 1816 qua:
1563 1757 1690 1800 sunt
1721 1749 1774 1799 in
1811 1746 1980 1800 cauda
2011 1747 2176 1800 distat
2227 1761 2256 1797 a

2355 605 2514 656 γιστα
2537 589 2594 642 δὲ
2615 589 2708 641 καὶ
2739 589 2844 642 τῶν
2881 591 2938 641 ὲν
2961 588 3036 656 τῷ
3059 589 3307 660 τριγώνῳ
3359 591 3426 644 οὗ
3457 591 3602 644 πολὺ
3633 590 3884 660 λειπόμενοι

2355 679 2552 734 αὐτῶν.
2601 679 2796 742 Καλῶς
2831 679 2888 732 δέ
2931 680 3076 730 ἔστιν
3117 681 3358 752 ἐκφανὴς
3385 683 3488 734 καὶ
3525 685 3556 735 ό
3607 685 3666 736 ὲν
3709 687 3802 745 toi;
3819 685 3884 752 ὲμο

2355 771 2630 843 προσθίοις
2663 770 2823 824 αὑτοῦ
2865 773 2988 824 ποσὶ
3025 771 3292 841 κείμενος.
3329 775 3570 837 Ψευδῶς
3623 774 3684 828 δὲ
3723 775 3884 842 iterm:

2355 865 2448 916 καὶ
2473 863 2644 916 ταῦτα
2669 863 2772 916 ὑπὸ
2791 861 2884 914 τοῦ
2927 863 3154 932 ’Λρὰτου
3177 879 3192 894 ε

2361 1069 2424 1118 οι
2453 1063 2506 1118 δ’
2539 1063 2628 1132 ἄρ’
2655 1065 2739 1118 ἔτι
2761 1061 3042 1131 προτέρω·
3075 1063 3162 1116 ἑτι
3187 1063 3238 1115 δ’
3266 1063 3338 1116 ἐν·
3363 1063 3714 1132 προϐολῇσι
3739 1065 3884 1118 rerum

2369 1199 2580 1268 Ὶχθύες
2592 1243 2604 1254 .
2615 1243 2628 1254 .
2637 1240 2650 1252 .
2661 1241 2674 1252 .

2427 1295 2498 1345 Οὐ
2529 1293 2636 1362 γὰρ
2653 1291 2944 1362 ἀμφότεροι
2957 1289 3262 1358 νοτιώτεροῐ
3287 1289 3394 1342 εἱσι
3411 1287 3508 1340 τοῦ
3529 1287 3733 1358 Κριοῦ,
3763 1287 3886 1340 ἀλλ’ζι

2355 1379 2436 1447 εἷς
2467 1385 2660 1436 αὐτῶν.
2699 1384 2802 1436 Τοῦ
2847 1383 2954 1454 γὰρ
2983 1382 3316 1453 βορειοτέρου
3353 1379 3564 1450 Ἰχθύος
3605 1382 3658 1432 οἱ
3709 1379 3792 1448 μὲν
3821 1379 3888 1430 ἐπὶ

2355 1475 2448 1528 τοῦ
2489 1477 2738 1546 ῥύγχους,
2785 1475 2962 1546 μικρῷ
3005 1474 3310 1543 ωτιιῦτεροι
3343 1475 3498 1534 ὄντες
3529 1471 3634 1523 τοῦ
3673 1469 3886 1538 ἑπομένου

2355 1567 2460 1618 τῶν
2501 1569 2554 1619 ἐν
2591 1569 2654 1636 τῇ
2701 1566 2842 1636 ζώνῃ
2872 1565 2970 1640 τῆς
3007 1565 3382 1636 Ἀνδρομέδας,
3425 1564 3538 1617 ἀπὸ
3575 1561 3678 1614 τοῦ
3727 1560 3888 1630 βορεὲω

2357 1657 2518 1710 πόλου
2559 1657 2816 1726 ἀπέχουσι
2871 1657 2978 1727 μοί.
3013 1657 3072 1708 0"
3107 1659 3136 1710 ὁ
3177 1655 3232 1708 δὲ
3275 1655 3588 1724 ἡγούμενος
3639 1647 3742 1705 τῶν
3777 1653 3888 1718 ὲντῇ

2357 1750 2490 1822 οὐρᾷ
2513 1751 2700 1818 ἀπέχει
2723 1749 2816 1800 τοῦ
2847 1747 3053 1818 βορείου
3079 1747 3243 1798 πόλου
3271 1747 3384 1815 μοί.
3407 1751 3488 1812 οη¹
3505 1763 3520 1773 ’
3547 1743 3666 1796 τῶν
3695 1743 3746 1794 δὲ
3771 1743 3816 1792 ὲν
3837 1739 3890 1808 τῷ

705 1845 832 1912 polo
853 1843 1054 1896 bureali
1083 1841 1328 1910 partibus
1355 1839 1452 1904 78;
1481 1841 1759 1894 stellarum
1791 1855 1952 1910 porro
1980 1855 2100 1908 quae
2131 1847 2256 1892 sunt

2360 1841 2810 1910 Κριῷάστέρωνὸ
2843 1839 2938 1908 μὲν
2963 1839 3294 1908 βορειότερος
3319 1837 3414 1890 καὶ
3435 1837 3532 1887 ἐπὶ
3571 1834 3674 1888 τοῦ
3705 1833 3892 1904 ῥύγχους

707 1935 762 1987 in
795 1935 972 1987 Ariete
1003 1933 1268 1986 borcalior
1295 1935 1346 1984 in
1381 1939 1557 1985 rostro
1595 1932 1698 1985 sita
1751 1932 1904 1984 abest
1931 1946 1962 1982 a
1991 1931 2114 1998 polo
2137 1943 2260 1996 par-

705 2025 852 2078 tibus
881 2025 1036 2092 paulo
1081 2023 1256 2076 minus
1293 2021 1358 2074 78
1413 2041 1426 2074 :
1465 2023 1542 2075 sic
1587 2021 1748 2075 etiam
1775 2037 1834 2074 se
1875 2021 2036 2074 habet
2071 2033 2260 2073 earum

709 2131 828 2184 quae
862 2121 988 2168 sunt
1025 2114 1080 2166 in
1136 2115 1304 2166 cauda
1341 2113 1630 2166 borcalior.
1677 2111 1744 2164 At
1771 2126 1890 2180 qua
1941 2126 2037 2179 per
2088 2117 2262 2162 totum

707 2221 908 2274 corpus
929 2205 1130 2257 Arietis
1158 2204 1342 2255 insunt
1373 2203 1556 2262 stellaz,
1595 2217 1782 2256 omnes
1821 2201 1942 2260 jllis
1976 2199 2262 2253 australio-

711 2313 798 2350 res
835 2302 978 2348 sunt.
1011 2293 1188 2357 Quare
1215 2309 1322 2346 non
1352 2293 1572 2345 dubium
1592 2300 1674 2345 est
1701 2293 1830 2360 quin
1861 2289 2098 2346 Piscium
2131 2290 2264 2344 alter

713 2385 784 2440 sit
807 2383 988 2438 Ariete
1009 2383 1296 2436 borealior.
1939 2375 1946 2380 ’

783 2473 978 2531 Verum
1029 2474 1170 2544 quod
1207 2473 1270 2526 ad
1303 2473 1538 2528 Arictcm
1585 2471 1824 2542 spectat,’
1865 2471 1918 2524 in
1973 2471 2057 2526 his
2089 2471 2260 2526 Attali

711 2569 892 2624 verbis
921 2569 1086 2621 altera
1111 2567 1328 2636 insuper
1359 2565 1574 2620 inscitia
1601 2572 1704 2620 est.
1735 2583 1754 2616 ι
1791 2563 1926 2617 Cum
1957 2565 2102 2618 enim
2143 2563 2264 2616 ani-

715 2658 1075 2712 madverteret
1099 2657 1334 2710 Arietem
1359 2671 1530 2724 neque
1559 2655 1690 2710 satis
1710 2669 1969 2723 expresse
2023 2653 2262 2707 delinea-

713 2759 850 2811 tum,
883 2763 1052 2816 neque
1083 2745 1280 2799 lucidis
1324 2745 1498 2798 stellis
1535 2759 1656 2797 esse
1687 2743 1966 2811 prmditum
1989 2783 2004 2806 ,
2037 2757 2158 2811 quae
2179 2742 2264 2794 lu-

710 2847 866 2893 cente
893 2839 1016 2891 luna
1041 2837 1250 2906 plenam
1273 2835 1488 2888 videndi
1515 2835 1598 2888 sui
1632 2835 1840 2902 copiam
1871 2831 2074 2886 faciant
2099 2849 2114 2898 ;
2141 2847 2264 2886 cum

711 2929 1190 3000 prOpinquioribus
1220 2927 1448 2981 estellis
1495 2927 1658 2980 situm
1724 2925 1938 2978 illarum
1992 2925 2264 2993 explicare

713 3021 931 3086 nititur,
973 3029 1084 3073 tum
1115 3035 1184 3072 ex
1215 3019 1281 3071 iis
1315 3033 1434 3086 quae
1463 3020 1518 3070 in
1549 3017 1736 3071 eodem
1765 3033 1888 3072 cum
1921 3017 2102 3072 Ariete
2156 3018 2264 3070 cir-

711 3111 838 3164 culo
873 3117 1178 3162 moventur.
1216 3125 1234 3158 ι
1277 3105 1381 3158 Sed
1411 3113 1472 3157 ut
1493 3105 1736 3156 omittam
1765 3104 1972 3156 lucidas
2003 3105 2056 3158 in
2082 3103 2264 3158 Ariete

712 3197 900 3252 stellas
929 3210 1070 3256 esse,
1093 3210 1210 3262 qua:
1239 3200 1386 3258 sunt,
1440 3201 1498 3245 ut
1530 3192 1786 3254 diximus,
1815 3192 1866 3244 in
1897 3194 2104 3260 capite,
2167 3209 2264 3250 nec

713 3303 822 3342 non
853 3287 906 3339 in
932 3286 1296 3340 anterioribus
1332 3283 1558 3352 pedibus
1595 3301 1606 3335 ε
1645 3283 1774 3335 illud
1800 3283 1958 3336 etiam
1984 3297 2262 3350 perperam

712 3378 988 3446 accepisse
1027 3375 1258 3438 videtur,
1295 3375 1610 3436 existimans
1657 3374 1820 3427 situm
1853 3373 2052 3428 Arietis
2085 3371 2266 3425 decla-

712 3483 864 3523 rasse
887 3479 1096 3536 poetam
1129 3465 1472 3535 perspicuum
1515 3465 1628 3518 fore
1673 3465 1738 3517 iis
1769 3480 1796 3517 e
1825 3465 1997 3518 stellis
2046 3479 2165 3534 quae
2209 3465 2264 3516 in

713 3561 902 3612 eodem
935 3573 1056 3610 cum
1087 3559 1203 3626 ipso
1223 3557 1426 3610 circulo
1457 3556 1703 3608 feruntur
1731 3574 1742 3608 :
1777 3556 1933 3624 cujus
1973 3555 2050 3608 rei
2093 3556 2264 3623 gratia

715 3647 848 3701 illud
881 3648 1148 3701 observat.
1185 3645 1382 3699 Verum
1435 3645 1582 3715 quod
1628 3645 1864 3699 Arietem
1913 3647 2264 3715 consequitur

715 3754 1009 3808 exponens,
1039 3742 1138 3792 ista
1159 3738 1380 3805 subjicit
1417 3755 1428 3790 :

789 3851 854 3903 In
883 3849 1048 3903 medio
1079 3867 1192 3904 vero
1231 3851 1348 3902 (erit
1377 3853 1552 3918 ingens
1579 3849 1760 3901 caelum
1789 3864 1804 3900 :
1837 3849 1926 3900 ubi
1953 3857 2198 3902 extrema:

789 3919 980 3982 Chelas,
1007 3931 1054 3974 et
1089 3922 1350 3989 cingulum
1385 3923 1552 3972 oritur
1588 3919 1824 3974 Orionis.

785 4035 922 4090 XIV.
947 4035 1002 4089 ιιι
1039 4037 1386 4104 sequentibus
1421 4049 1550 4088 vero
1585 4033 1724 4086 alius
1780 4045 1936 4086 error
1973 4039 2058 4085 est
2089 4030 2262 4094 Arati,

718 4141 840 4182 cum
867 4128 932 4181 de
965 4127 1159 4182 Perseo
1183 4129 1260 4180 sic
1285 4127 1518 4194 loquitur
1555 4143 1568 4177 :

789 4239 1032 4292 Proxime
1064 4255 1178 4289 vero
1205 4240 1474 4290 sinistrum
1507 4253 1636 4304 genu
1669 4235 1954 4289 admodum
1979 4253 2152 4290 omnes

795 4309 1032 4376 Vergilio:
1065 4309 1322 4372 feruntur.
1749 4339 1754 4344 -

787 4398 920 4450 Nam
969 4398 1124 4465 longe
1169 4397 1316 4450 abest
1355 4411 1386 4450 a
1437 4389 1718 4464 Vergiliis
1753 4395 2034 4448 sinistrum
2079 4395 2262 4448 Persei

2363 1931 2608 1999 κείμενος
2653 1930 2842 1998 ἀπέχει
2887 1931 3079 2000 μοίρας
3125 1929 3306 1998 μικρῴ
3348 1929 3651 1990 λειπούσας
3677 1929 3778 1980 τῶν

2363 2021 2560 2090 ὁμοὶως
2583 2021 2640 2072 δὲ
2667 2021 2838 2090 τούτῳ
2879 2019 2972 2072 καὶ
3003 2024 3032 2072 ὁ
3065 2020 3398 2090 βορειότερος
3431 2021 3540 2073 τῶν
3571 2023 3634 2073 ὲν
3663 2023 3728 2090 τῇ
3771 2019 3892 2088 οὐρᾷ.

2363 2111 2423 2163 Οἱ
2451 2110 2506 2162 δὲ
2545 2113 2600 2162 ἐν
2625 2111 2729 2179 ὅλῳ
2769 2109 2846 2179 τῷ
2873 2109 3080 2179 σώματι
3125 2111 3368 2180 κείμενοι
3397 2109 3494 2162 τοῦ
3521 2111 3700 2179 Κριοῦ
3737 2111 3896 2169 πάντες

2364 2203 2468 2254 εἰσὶ
2513 2201 2814 2274 νοτιώτεροι
2855 2201 3074 2254 τούτων.
3107 2201 3276 2271 Δῆλον
3324 2197 3418 2254 οὖν
3469 2203 3552 2253 ὅτι
3597 2200 3898 2270 βορειότερὲ

2363 2292 2508 2344 ἐστιν
2537 2294 2566 2344 ὁ
2585 2287 2664 2355 εἷς
2687 2293 2794 2344 τῶν
2825 2291 3051 2362 ,Ἰχθύων
3081 2290 3176 2344 τοῦ
3203 2291 3396 2362 Κριοῦ.

2445 2469 2610 2523 Ἕν·δὲ
2638 2473 2748 2532 τοῖς
2775 2471 2900 2538 περὶ
2923 2473 3010 2524 τὸν
3043 2461 3212 2541 Κριὸν
3239 2473 3334 2524 καὶ
3361 2474 3390 2524 ὁ
3427 2474 3698 2536 Ἄτταλος
3729 2473 3898 2540 ἀγνοεῖ,

2362 2559 2534 2628 λέγων
2562 2559 2730 2622 οὕτως
2751 2578 2764 2590 ·
2801 2580 2819 2610 ι
2853 2561 3140 2614 Κατανοῶν
3165 2562 3222 2614 δὲ
3249 2564 3340 2614 τὸν
3383 2565 3555 2634 Κριὸν
3613 2565 3736 2618 οὔτε
3775 2567 3900 2633 ἀκρεο

2365 2649 2472 2712 ϐὡς
2497 2649 2978 2720 διατετυπωμένον.
3007 2650 3127 2703 οὔτε
3147 2651 3434 2722 λαμπροὺς
3453 2657 3696 2724 ἀστέρας
3723 2655 3898 2724 ἔχοντα,

2363 2741 2686 2810 δυναμένους
2731 2741 2786 2795 δὲ
2831 2743 2922 2795 καὶ
2953 2744 3008 2796 ἐν
3041 2743 3236 2814 σελήνῃ
3279 2743 3552 2814 λαμπρῶς
3591 2745 3898 2816 θεωρεῖσθαι,

2364 2831 2452 2884 διά
2475 2849 2534 2884 τε
2561 2831 2668 2885 τῶν
2685 2834 3095 2904 παρακειμένων
3127 2835 3368 2904 ἀστέρων
3389 2839 3646 2907 πειρᾶται
3671 2839 3768 2907 τὴν
3781 2837 3902 2888 Θέσιν

2365 2921 2537 2974 αὐτῶν
2553 2923 2830 2991 διασαφεῖν
2849 2963 2866 2988 ,
2895 2925 2986 2976 καὶ
3008 2924 3092 2976 διὰ
3111 2924 3216 2976 τῶν
3248 2925 3338 2976 τὸν
3359 2927 3520 2978 αὑτὸν
3553 2927 3706 2998 αὐτῷ
3735 2925 3901 2980 κύκλον

2365 3015 2694 3085 φερομένων.
2727 3036 2746 3066 ι
2789 3017 2970 3086 Χωρὶς
3007 3017 3114 3085 γὰρ
3149 3017 3244 3068 τοῦ
3283 3019 3570 3088 λαμπροὺς
3593 3019 3756 3071 αὑτὸν
3787 3017 3902 3088 ἔχειν

2365 3104 2616 3172 ἀστέρας,
2641 3106 2766 3166 τοὺς
2795 3105 2850 3155 ὲν
2877 3108 2942 3174 τῇ
2973 3105 3200 3174 κεφαλῇ,
3227 3105 3302 3166 ὡς
3339 3107 3570 3176 ἔφαμεν,
3601 3111 3700 3160 καὶ
3725 3111 3837 3170 τοὺς
3857 3108 3904 3158 ἐν

2291 3177 2332 3235 C
2363 3197 2474 3255 τοῖς
2517 3195 2862 3264 ἐμπροσθίοις
2901 3196 3046 3258 ποσὶ,
3077 3196 3168 3247 καὶ
3201 3196 3596 3265 ἀπεκδέχεσθαε
3645 3217 3736 3267 μοι
3761 3199 3900 3258 δοκεῖ,

2368 3286 2757 3354 ὑπολαμϐάνων
2790 3287 3064 3354 διασαφεῖν
3107 3287 3268 3342 αὑτὸν
3309 3289 3408 3357 τὴν
3441 3289 3588 3340 θέσιν
3625 3290 3718 3341 τοῦ
3759 3288 3902 3356 Κριοῦ

2367 3377 2601 3446 φανερὰν
2631 3377 2844 3430 ἔσεσθαι
2875 3377 2961 3430 διὰ
2994 3378 3100 3430 τῶν
3129 3378 3218 3430 τὸν
3245 3379 3408 3431 αὐτὸν
3447 3379 3648 3432 κύκλον
3675 3381 3752 3449 τῷ
3775 3377 3904 3448 Κριῴ

2367 3468 2712 3538 φερομένων·
2745 3470 2836 3521 καὶ
2873 3469 3057 3521 τούτου
3083 3469 3240 3539 χάριν
3281 3471 3730 3540 ἐπισημαίνεται.
3771 3471 3903 3522 Ἀ).ὶά

2363 3561 2424 3611 τὸ
2497 3561 2872 3630 παρεπόμενον
2923 3561 3000 3632 τῷ
3071 3561 3224 3630 Κριῷ
3289 3562 3606 3632 διασαφῶν,
3691 3563 3904 3628 ἐπιλέγει

2364 3653 2532 3716 οὕτως
2551 3669 2566 3683 ⁸

2365 3851 2624 3902 Mein."th
2663 3849 2730 3900 δὲ
2763 3849 2940 3916 τρίϐει
2965 3848 3154 3918 μέγαν
3177 3849 3455 3915 οἰρανέν,
3479 3843 3586 3919 ᾗχί
3607 3865 3722 3919 περ
3757 3849 3908 3916 ἄκραι

2364 3921 2550 3984 Χηλαὶ
2583 3919 2678 3978 καὶ
2714 3919 2858 3986 ζώνη
2895 3920 3296 3985 περιτέλλεται
3347 3919 3642 3984 Ὠρίωνος.

2433 4029 2528 4082 1Δ’.
2570 4031 2654 4082 Ἐν
2689 4031 2743 4083 δὲ
2775 4033 2886 4092 τοῖς
2915 4029 3040 4100 ἑξῆς
3061 4032 3240 4097 ἀγνοεῖ
3265 4033 3294 4083 ὁ
3321 4031 3576 4101 Ἄρατος,
3603 4032 3782 4100 λέγων
3801 4031 3906 4100 re?!

2363 4119 2454 4171 τοῦ
2483 4122 2730 4189 Περσέως
2749 4134 2762 4148 ’

2437 4237 2594 4303 Ἂγχι
2625 4235 2690 4286 δέ
2718 4239 2769 4288 οἱ
2797 4233 3014 4300 σκαιῆς
3043 4232 3419 4298 ἐπιγουνίδος
3457 4233 3634 4299 ἤλιθα
3667 4231 3850 4286 πᾶσαι

2433 4305 2724 4370 Πληϊάδες
2753 4305 3078 4372 φορέονται.

2433 4395 2570 4446 Πολὺ
2614 4393 2720 4462 γὰρ
2763 4393 2952 4460 ἀπέχει
2985 4393 3043 4444 τὸ
3077 4391 3358 4463 ἁριστερὺν
3385 4391 3516 4460 γόνυ
3555 4389 3646 4442 τοῦ
3675 4389 3908 4462 Περσέως

718 4506 875 4560 genu.
907 4489 1118 4542 Attalus
1163 4503 1292 4540 vero
1350 4489 1510 4542 etiam
1567 4486 1886 4556 particulam
1928 4487 2054 4554 ἄγχι
2101 4494 2260 4556 negat

2365 4484 2469 4536 ἀπὸ
2493 4483 2598 4534 τῶν
2630 4482 2926 4550 Πληϊάδων.
2980 4484 3036 4535 ’0
3060 4483 3114 4535 δὲ
3144 4483 3406 4547 "Attalo;
3451 4500 3582 4553 φησι
3615 4483 3752 4552 μηδὲ
3781 4479 3908 4534 ἐνδέ-

719 4582 968 4648 usurpari
993 4593 1090 4647 pro
1123 4591 1188 4631 eo
1213 4577 1354 4645 quod
1392 4587 1470 4630 est
1503 4593 1688 4645 pmpe;
1733 4577 1827 4630 sed
1859 4575 2000 4629 idem
2039 4592 2160 4630 esse
2199 4591 2261 4632 ac

718 4672 968 4736 proxime.
1013 4669 1170 4720 Putat
1241 4667 1384 4720 enim
1445 4665 1694 4736 Vergillis
1739 4667 2262 4736 propinquissimum

719 4761 956 4814 omnium
979 4760 1251 4812 stellarum
1269 4772 1388 4811 esse
1418 4771 1552 4824 genu
1571 4757 1870 4812 sinistrum.
1889 4755 2050 4810 Falso
2071 4755 2120 4808 id
2152 4755 2264 4824 qui—

719 4851 861 4904 dem.
883 4851 1086 4904 Etenim
1115 4849 1232 4904 dua:
1248 4848 1454 4912 lucidze,
1477 4863 1595 4917 qum
1614 4859 1739 4902 sunt
1755 4851 1808 4902 in
1831 4849 2055 4902 sinistro
2078 4847 2262 4901 Persei

720 4939 874 5006 pede,
907 4945 1020 4990 tum
1051 4955 1170 5006 quae
1223 4939 1278 4991 in
1333 4938 1552 4992 sinistra
1615 4937 1766 5000 tibia,
1817 4939 2098 5008 prOpiorcs
2137 4943 2263 4992 sunt

721 5027 971 5099 Vergiliis
991 5043 1149 5097 quam
1169 5045 1307 5099 genu
1331 5029 1612 5082 sinistrum
1627 5067 1640 5080 .

787 5203 882 5256 Est
917 5201 970 5256 id
997 5203 1156 5256 etiam
1183 5203 1334 5256 Arati
1363 5203 1576 5268 falsum,
1595 5203 1864 5272 Vergilias
1899 5219 1992 5258 sex
2019 5211 2265 5258 tantum-

719 5293 880 5348 modo
907 5299 1154 5348 constare
1183 5293 1376 5356 stellis,
1397 5295 1594 5364 quippe

791 5441 852 5472 ...
883 5411 1091 5469 septem.
1121 5403 1314 5472 inquit,
1341 5403 1446 5457 illa!
1475 5417 1645 5472 aperte
1677 5413 1946 5468 vocantur,

789 5471 892 5524 Sea:
922 5473 1046 5524 sola:
1067 5471 1294 5540 quamvis
1321 5471 1572 5528 exsistant
1605 5477 1896 5544 conspicuae
1925 5475 2112 5532 oculis.

785 5579 896 5634 Sed“
911 5584 1010 5636 hoc
1041 5585 1190 5639 illum
1214 5585 1362 5657 fugit.
1396 5585 1528 5640 Nam
1574 5591 1616 5644 si
1655 5591 1778 5661 quis
1807 5603 1996 5668 serena
2029 5599 2078 5644 et
2111 5587 2262 5642 illuni

719 5677 878 5723 nocte
924 5671 1160 5736 intendat
1197 5678 1402 5740 oculos,
1461 5689 1658 5745 septem
1717 5681 1772 5732 in
1823 5680 1913 5732 illa
1979 5679 2262 5732 constella-

717 5759 866 5814 tione
895 5760 1056 5816 stellae
1110 5765 1366 5822 contineri
1415 5767 1680 5826 videntur.
1719 5766 1870 5826 Unde
1921 5768 2067 5826 subit
2122 5767 2256 5823 illud

2365 4573 2550 4643 χεσϐαι
2617 4573 2673 4626 τὸ
2719 4573 2856 4640 ἄγχι
2906 4573 3024 4626 ἀντὶ
3055 4573 3147 4626 τοῦ
3211 4573 3424 4642 ἐγγὺς,
3487 4574 3599 4626 ἀλλ’
3651 4573 3774 4625 ἀντὶ⁵
3827 4565 3906 4624 τώ

2363 4661 2678 4728 ἐγγυτάτω.
2729 4661 2979 4714 Βούλεται
3030 4663 3138 4734 γὰρ
3182 4663 3392 4730 λέγειν,
3457 4665 3640 4731 φησὶν,
3693 4659 3906 4732 ἐγγυτά-

2361 4771 2436 4804 τω
2463 4753 2566 4804 τῶν
2605 4753 2882 4822 Πληϊάδων
2920 4737 3130 4805 κεῖσθαί
3155 4753 3214 4805 τὸ
3260 4753 3552 4823 ἀριστερὸν
3597 4753 3724 4822 γόνυ

2362 4844 2484 4904 τοὺς
2507 4842 2724 4904 λοιποὺς
2754 4843 3008 4912 ἀστέρας.
3035 4843 3146 4894 Οὐκ
3177 4839 3234 4896 εὖ
3259 4843 3314 4895 δὲ
3355 4843 3501 4910 λέγει
3532 4844 3708 4898 τοῦτο.
3735 4845 3796 4897 0i
3815 4843 3906 4911 γὰρ

2365 4935 2420 4984 ἐν
2453 4933 2527 5002 τῷ
2573 4933 2839 5003 ἀριστερῷ
2873 4933 2991 4986 ποδὶ
3032 4931 3126 4984 τοῦ
3165 4933 3418 5001 Περσέως
3453 4931 3498 5002 β’
3537 4933 3796 5006 λαμπροὶ,
3829 4929 3908 4980 καὶ

2364 5020 2441 5072 ἔτι
2467 5025 2522 5074 ὲν
2559 5025 2624 5092 τῇ
2668 5021 2925 5090 ἀριστερᾷ
2963 5021 3164 5093 κνήμῃ,
3191 5011 3372 5090 ⁵’πολλῷ
3397 5019 3643 5087 ὲγγῑονὲς
3681 5019 3786 5070 εἱσι
3815 5015 3908 5068 τῶν

2365 5113 2640 5182 Πληῖὰδων
2662 5113 2803 5182 ἥπερ
2827 5113 2886 5164 τὸ
2913 5111 3194 5182 ἀριστερὸν
3219 5112 3372 5178 γόνυ.

2433 5203 2654 5265 Ψευδῶς
2691 5203 2747 5254 δὲ
2789 5201 3002 5268 λέγεται
3051 5203 3152 5255 ὑπὸ
3185 5201 3278 5254 τοῦ
3323 5204 3553 5272 Ἀράτου
3603 5204 3693 5257 καὶ
3725 5203 3790 5256 τὺ
3825 5199 3906 5260 τὰς

2365 5293 2631 5364 Πληϊάδας
2657 5291 2714 5356 ἒξ
2747 5291 2903 5360 μόνον
2931 5291 3162 5361 ἀστέρας
3197 5291 3506 5362 περιέχειν

2367 5403 2602 5472 ..ηὲπζὰ
2627 5404 2752 5470 γὰρ,
2785 5404 2964 5472 φησιν,
2989 5403 3208 5457 ἐκεῖναι
3233 5401 3562 5472 emptam
3591 5403 3901 5460 καλέονται,

2371 5473 2476 5536 ’Ἐξ
2509 5470 2626 5525 οἶαι
2661 5489 2768 5538 περ
2793 5470 3003 5527 ἐοῦσαι
3031 5473 3360 5538 ἐπόψιοι....

2413 5585 2694 5664 ⁸[λανθάνει
2709 5584 2764 5636 δὲ
2788 5583 2966 5638 αὐτόν.
2991 5582 3080 5652 Τῷ
3098 5582 3205 5652 γὰρ
3219 5583 3524 5637 ἀτενίσαντι
3543 5584 3600 5638 ἐν
3617 5579 3900 5653 ,αἰθρξῳκιῑ

2365 5675 2605 5746 ἀσελήνῳ
2651 5677 2804 5730 νυκτὶ
2841 5675 3132 5746 φαίνονται·
3151 5675 3378 5744 ἀστέρες
3419 5673 3462 5738 ζ’
3499 5677 3557 5728 ὲν
3599 5677 3730 5730 αὺτῆ
3767 5687 3900 5734 περι·

2366 5765 2625 5836 εχόμενοι.
2685 5767 2816 5820 ῠοεν
2849 5765 2946 5820 καὶ
2974 5763 3348 5834 διαπορήσειεν
3385 5763 3451 5817 ἄν
3477 5777 3564 5826 τις
3599 5761 3710 5822 πῶς
3731 5767 3768 5812 ὀ
3791 5759 3898 5812 ’λιι

3991 1410 3994 1562 ζ

3991 1593 3996 1790 ἱ

3997 2118 3999 2220 ι
