4094 6328
825 420 956 480 10ιῖ

1782 424 1870 479 AD
1908 421 2173 484 EUSEBll
2204 418 2588 479 CHRONICON
2625 421 2981 487 APPENDIX.

3855 421 3968 475 1οη

822 535 915 592 sed
954 534 1351 605 obscuriorilac
1391 538 1676 608 perexiguo
1722 538 2052 595 discrimine.
2083 559 2101 591 ι
2149 537 2345 592 Verum
2373 543 2419 598 A

2373 543 2419 598 Α
2444 536 2645 608 ὁδῆλιος
2676 539 3020 609 ποιούμενοςο
3050 540 3373 610 ἀδηλοτέραν
3412 537 3468 591 δὲ
3498 535 3702 607 πολλῷ,
3737 535 3829 589 καὶ
3859 553 3971 589 παν-

820 620 922 677 bac
953 620 1007 681 in
1041 636 1096 676 re
1143 621 1412 688 inscitiam
1446 640 1596 678 suam
1642 627 1940 695 prodidisse
1971 629 2096 682 mihi
2146 627 2350 683 videtur

819 710 1051 775 Attalus,
1085 727 1206 766 cum
1251 713 1520 767 existimat
1554 716 1716 770 solem
1757 716 2021 772 interdum
2062 720 2346 774 australio-

824 816 945 864 res,
996 802 1264 855 interdum
1310 804 1630 860 borealiores
1668 807 1880 862 habere
1931 816 2343 865 conversiones:

819 890 1048 958 ideoque
1068 890 1214 969 [latos
1237 892 1360 962 ﬁngi
1395 894 1627 950 circulus
1648 880 1914 966 oportere.
1934 898 2141 953 Etenim
2172 903 2215 955 si
2241 917 2348 955 non

821 994 920 1047 per
951 978 1180 1034 medium
1201 984 1471 1051 signorum
1494 986 1752 1039 circulum
1777 989 1856 1041 sol
1880 998 2140 1053 movetur,
2168 991 2261 1045 sed
2282 992 2348 1045 ab

818 1082 884 1122 eo
911 1068 1139 1127 declinat
1173 1072 1222 1125 in
1256 1076 1667 1145 septentrionem
1709 1079 1790 1132 vel
1832 1080 2127 1145 meridiem,
2156 1097 2345 1151 quem-

825 1158 1106 1214 admodum
1149 1163 1271 1217 luna
1301 1183 1319 1218 :-
1345 1180 1679 1235 consequens
1709 1178 1791 1222 est
1838 1172 2105 1235 umbram,
2156 1187 2274 1241 qua:
2316 1187 2347 1226 a

824 1261 965 1305 terra
993 1254 1253 1321 provenit,
1285 1256 1467 1310 eodem
1514 1259 1668 1312 modo
1710 1262 1923 1314 variari.
1982 1262 2099 1327 Quo
2150 1264 2343 1331 posito,

823 1339 963 1395 lunae
1009 1342 1237 1411 deliquia
1287 1344 1571 1414 plurimum
1625 1349 1690 1402 ab
1737 1352 2121 1419 astrologorum
2156 1354 2346 1421 praedi-

819 1427 1089 1485 clionibus
1125 1433 1434 1503 discrepare
1474 1451 1693 1491 necesse
1720 1439 1808 1500 sit,
1862 1456 1982 1492 cum
2016 1441 2113 1495 hoc
2143 1443 2216 1497 illi
2255 1459 2345 1497 su-

816 1526 963 1569 mant
1000 1518 1051 1571 in
1083 1520 1227 1579 omni
1262 1524 1571 1590 operatione
1609 1540 1706 1578 sua
1736 1545 1749 1589 ;
1784 1526 2013 1580 medium
2059 1530 2258 1586 umbrae
2289 1531 2342 1585 in

815 1612 1125 1660 transeunte
1152 1623 1245 1676 per
1270 1609 1445 1663 media
1482 1612 1635 1681 signa
1669 1614 1872 1670 circulo
1917 1618 2134 1673 moveri.
2180 1621 2339 1691 Atqui

813 1708 919 1747 non
946 1695 1066 1763 plus
1097 1694 1277 1765 digitis
1311 1697 1520 1754 duobus
1544 1702 1808 1755 interdum
1840 1744 1853 1769 ,
1886 1704 2043 1775 idque
2082 1723 2338 1777 perraro;

2452 628 2615 692 τελῶς
2651 630 2853 701 ὀλίγην.
2889 648 2906 680 ι
2956 632 3111 682 Δοκεῖ
3139 630 3202 700 δή
3238 646 3327 700 μοι
3364 628 3456 682 καὶ
3482 630 3539 681 ἐν
3566 628 3782 690 τούτοις
3806 628 3833 679 ὁ
3860 630 3968 680 Ἀτ-

2449 720 2603 783 ταλος
2630 721 2856 787 ἀγνοεῖν,
2895 719 3282 790 ὑπολαμϐάνων
3321 720 3409 772 τὸν
3431 721 3576 789 ἣλιον
3606 719 3743 772 ποτὲ
3773 718 3865 789 μὲν
3903 738 3967 771 νο-

2450 816 2723 886 τιωτέρας,
2748 816 2873 868 ποτὲ
2901 816 2955 867 δὲ
2986 815 3318 885 βορειοτέρας
3344 815 3602 868 ποιεῖσθαι
3633 812 3739 878 τὰς
3760 813 3963 884 τροπάς·

2450 906 2540 957 καὶ
2568 906 2652 959 διὰ
2672 905 2825 958 τοῦτο
2845 906 2950 957 δεῖν
2975 908 3097 969 τοὺς
3122 906 3350 969 κύκλους
3378 905 3590 969 πλατεῖς
3617 906 3961 959 ὑποτίθεσθαι.

2449 994 2511 1044 El
2540 993 2645 1063 γὰρ
2681 994 2752 1063 μὴ
2780 993 2871 1047 τὸν
2902 994 2988 1047 διὰ
3030 996 3203 1065 μέσων
3245 995 3351 1049 τῶν
3390 994 3588 1059 ζωδίων
3622 996 3841 1065 φέρεται
3884 1000 3963 1050 κύ-

2450 1084 2572 1135 κλον
2600 1087 2628 1137 ὁ
2657 1085 2821 1154 ἥλιος,
2851 1085 2981 1138 ἀλλά
3008 1086 3367 1155 παραλλάσσει
3391 1085 3574 1139 τούτου
3600 1086 3740 1159 πρὸς
3760 1087 3962 1157 ἄρκτους

2449 1173 2540 1225 καὶ
2574 1173 2706 1243 πρὸς
2740 1173 3097 1243 μεσημϐρίαν,
3132 1172 3206 1235 ὡς
3237 1173 3385 1243 καὶὴ
3435 1172 3627 1241 σελήνη
3656 1186 3666 1198 ·
3703 1171 3869 1240 δῆλον,
3898 1171 3961 1224 ὅτι

2448 1265 2539 1315 καὶ
2567 1265 2597 1331 ἡ
2630 1264 2735 1315 ἀπὸ
2764 1264 2860 1331 τῆς
2901 1264 3000 1332 γῆς
3028 1263 3152 1317 σκιά
3178 1264 3372 1333 ὁμοίως
3397 1264 3577 1325 αὐτοῖς
3599 1261 3956 1332 παραλλάσσει.

2446 1354 2641 1407 Τούτου
2676 1355 2730 1407 δὲ
2758 1355 3057 1424 γινομένου,
3080 1355 3183 1407 ἔδει
3210 1356 3307 1417 τὰς
3341 1354 3437 1424 τῆς
3466 1354 3697 1424 σελήνης
3727 1353 3959 1420 ἐκλείψεις

2445 1446 2575 1498 πολὺ
2628 1446 2908 1515 διαφωνεῖν
2960 1446 3094 1515 πρὸς
3133 1446 3229 1509 τὰς
3275 1446 3714 1514 συντασσομένας
3754 1445 3849 1497 ὑπὸ
3874 1444 3957 1495 τῶν

2442 1538 2773 1609 ἀστρολόγων
2799 1538 3122 1608 προρρήσεις
3143 1553 3159 1568 ·
3192 1536 3587 1607 ὑποτιθεμένων
3617 1535 3685 1606 δὴ
3720 1536 3884 1589 αὐτῶν
3913 1537 3955 1586 ἐν

2440 1631 2557 1692 ταῖς
2583 1629 2976 1699 πραγματείαις
3006 1628 3065 1682 τὸ
3098 1627 3254 1698 μέσον
3286 1627 3384 1696 τῆς
3416 1628 3569 1689 σκιᾶς
3602 1624 3856 1697 φέρεσθαι
3888 1627 3954 1677 ἐπὶ

2440 1718 2531 1770 τοῦ
2558 1717 2643 1788 διᾲ
2676 1719 2850 1788 μέσων
2878 1719 2981 1771 τῶν
3008 1718 3207 1782 ζωδίων
3234 1717 3447 1771 κύκλου.
3475 1718 3549 1769 υύ
3577 1716 3893 1784 διαφωνοῦσι
3914 1716 3955 1769 ἃ

820 1784 887 1851 ab
911 1786 1353 1856 exquisitissimis
1376 1791 1672 1845 ratiociniis
1699 1792 1968 1850 diﬂ‘erunt.
2001 1798 2189 1854 Dicere
2216 1816 2341 1855 vero
2373 1873 2408 1880 _

2332 1820 2408 1880 ι-
2443 1781 2968 1880 πλέονθῆ-ιδακτύλοις
3010 1781 3147 1873 δυσὶ,
3203 1808 3437 1869 σπανίως
3479 1807 3535 1859 δὲ
3581 1781 3791 1877 σφόδρα
3834 1805 3949 1867 ποτὶ,

810 1880 1013 1927 tantam
1060 1874 1283 1930 circulis
1330 1877 1447 1932 istis
1496 1880 1672 1936 inesse
1717 1883 2071 1954 latitudinem,
2124 1890 2343 1958 perinde
2373 1873 2415 1927 Β

2331 1907 2343 1945 3
2373 1873 2415 1927 Β
2446 1900 2579 1967 πρὸς
2618 1873 2710 1962 ei;
2745 1900 3069 1971 χαριέστατα
3113 1899 3535 1968 συντεταγμένας
3584 1873 3948 1968 πραγματείας-

809 1971 893 2017 cst
934 1978 996 2017 ac
1039 1964 1332 2022 latitudinis
1375 1979 1618 2038 expertes
1669 1971 1843 2031 facere
1879 1992 1892 2027 :
1924 1986 1983 2031 ut
2032 1978 2163 2031 illud
2193 1981 2345 2034 omit-

812 2060 942 2117 tam,
977 2066 1081 2106 non
1116 2055 1245 2109 satis
1272 2066 1536 2125 constare,
1567 2070 1744 2116 utrum
1762 2080 1824 2118 ex
1850 2066 1981 2121 solis
2018 2082 2085 2121 an
2109 2084 2173 2123 ex
2205 2069 2343 2123 luna:

812 2149 960 2193 motu
987 2143 1278 2214 contingat,
1328 2149 1473 2201 utin
1517 2150 1792 2209 lunaribus
1838 2157 2087 2226 deliquiis
2137 2167 2341 2213 tantum

812 2231 1084 2298 varietatis
1112 2233 1331 2291 incidat.
1362 2240 1440 2303 Ad
1469 2240 1581 2296 haec
1610 2247 1843 2313 tropicos
1884 2246 2140 2301 duntaxat
2170 2250 2343 2303 circu-

814 2322 893 2375 los
926 2338 987 2377 ea
1011 2325 1075 2379 de
1095 2340 1256 2381 causa
1276 2330 1609 2385 latitudinem
1629 2333 1825 2388 habere
1843 2341 1947 2388 tam
1966 2337 2161 2391 Aratus
2180 2354 2341 2407 quam

812 2413 1167 2468 mathematici
1196 2414 1495 2480 tinxerunt;
1534 2420 1959 2488 aequinoctialem
1983 2441 2109 2481 vero
2140 2443 2340 2497 nequa-

811 2516 989 2570 quam.
1020 2502 1123 2569 Sed
1148 2514 1203 2559 ut
1238 2510 1484 2564 universe
1518 2510 1725 2581 loquar,
1770 2516 2174 2575 mathematicos
2206 2521 2339 2577 istos

810 2606 1017 2674 omnes,
1063 2610 1198 2663 quos
1245 2596 1376 2657 dixi,
1414 2600 1641 2656 arbitror
1669 2605 1867 2658 nullam
1909 2610 2127 2677 tropicis
2161 2613 2338 2666 circu-

814 2668 899 2747 lis,
945 2696 1037 2739 aut
1082 2688 1475 2758 aequinoctiali,
1525 2702 1615 2747 aut
1666 2692 1874 2767 semper
1908 2707 2204 2770 apparenti,
2257 2708 2338 2761 vel

811 2788 1020 2843 semper
1046 2778 1274 2841 occulto,
1307 2781 1637 2838 latitudinem
1675 2788 1945 2844 tribuisse.
2000 2790 2131 2844 Nam
2163 2810 2228 2848 ne
2256 2811 2340 2848 co-

810 2863 1026 2931 gitando
1055 2868 1267 2935 quidem
1303 2869 1427 2939 fingi
1472 2882 1663 2942 potest,
1701 2877 1860 2928 ullam
1915 2879 2059 2947 ipsos
2104 2882 2340 2936 latitudi-

809 2972 927 3009 nem
957 2958 1169 3015 habere.
1224 2957 1301 3013 lta
1350 2964 1545 3032 quippe
1592 2966 1831 3035 singulos
1879 2969 2167 3028 informare
2211 2989 2338 3029 con-

807 3050 1111 3117 templando
1141 3052 1393 3118 solemus,
1418 3064 1475 3107 ut
1510 3058 1831 3125 cogitatione
1867 3072 2195 3119 constantem
2225 3068 2336 3120 sola

809 3135 1026 3198 lineam,
1068 3153 1164 3191 nec
1203 3139 1482 3195 latitudine
1520 3144 1791 3211 praeditam
1825 3149 2074 3205 habeant.
2121 3151 2337 3207 Prmtcr-

807 3240 870 3279 ea
917 3241 1036 3280 cum
1088 3221 1336 3283 asserunt
1406 3234 1826 3301 aequinoctialem
1882 3248 1935 3293 ct
1993 3241 2267 3299 zodiacum
2308 3261 2336 3299 e

808 3317 1053 3374 maximis
1083 3320 1136 3373 in
1184 3322 1389 3391 sphazra
1422 3323 1661 3381 'circulis
1708 3345 1847 3392 esse,
1910 3342 1961 3386 et
1993 3334 2061 3387 ab
2098 3340 2335 3405 utroque

807 3408 1048 3475 bipertiri
1082 3412 1340 3479 Sphazram
1377 3435 1390 3469 :
1421 3424 1531 3469 tum
1568 3418 1794 3482 zodiaci,
1832 3424 2137 3489 :equatoris,
2193 3425 2336 3479 hori-

808 3494 979 3553 zontis
1006 3503 1060 3549 et
1092 3500 1369 3563 meridiani
1404 3503 1540 3556 idem
1571 3520 1689 3559 esse
1722 3516 1960 3561 centrum
1992 3529 2005 3573 ;
2058 3513 2332 3568 zodiacum

807 3583 1023 3652 insuper
1054 3586 1106 3639 in
1164 3603 1270 3641 uno
1310 3602 1507 3658 puncto
1558 3597 1791 3663 trapicos
1841 3601 2187 3670 contingere;
2238 3620 2335 3657 nec

807 3684 914 3729 non
948 3670 1213 3739 ejusmodi
1261 3679 1361 3729 alia
1416 3680 1666 3750 pleraque
1701 3699 1714 3734 :
1749 3686 1879 3739 satis
1909 3690 2158 3743 omnibus
2207 3692 2336 3745 iisce

805 3759 1172 3819 demonstrant
1217 3767 1446 3822 circulos
1476 3770 1594 3824 illos
1639 3772 1933 3830 latitudinis
1970 3792 2087 3831 esse
2117 3794 2335 3847 prorsus

805 3860 1068 3919 expertes.
1115 3854 1251 3908 Nihil
1289 3858 1428 3910 enim
1470 3874 1533 3913 ex
1568 3860 1633 3913 iis
1676 3864 1921 3918 omnibus
1966 3874 2108 3920 recte
2157 3878 2336 3935 posset

805 3946 1073 4012 usurpari,
1102 3946 1145 3999 si
1178 3946 1266 3999 lati
1296 3959 1473 4003 essent
1505 3951 1662 4006 iidem
1711 3954 1895 4008 circuli
1922 3974 1935 4021 ;
1991 3973 2087 4012 nec
2136 3959 2188 4011 in
2231 3976 2333 4013 una

805 4040 1008 4086 tantum
1034 4034 1137 4099 die,
1164 4037 1252 4090 sed
1284 4038 1523 4106 pluribus
1545 4045 1923 4110 aequinoctium
1951 4046 2335 4119 ﬁeret.Quippe

805 4123 885 4177 sol
920 4124 1146 4191 plurium
1194 4129 1244 4181 in
1289 4132 1641 4198 aequinoctiali
1669 4134 1871 4188 circulo
1902 4137 2104 4191 dierum
2132 4155 2330 4193 moram

806 4210 1022 4277 faceret,
1059 4217 1103 4268 si
1142 4218 1186 4269 is
1210 4220 1488 4276 latitudine
1517 4234 1807 4279 constaret.
1857 4227 1989 4279 Tum
2022 4229 2074 4281 in
2113 4246 2335 4298 gnomo-

806 4302 943 4355 nicis
984 4306 1233 4364 omnibus
1277 4312 1621 4365 conﬁciendis
1660 4316 1959 4370 rationibus
2005 4318 2106 4371 boc
2141 4318 2332 4375 fitnda-

804 4394 965 4446 menti
994 4394 1160 4447 instar
1201 4397 1517 4467 adhibetur;
1562 4403 1723 4455 latum
1746 4405 1973 4459 istorum
2006 4409 2330 4463 circulorum

2446 1989 2517 2040 Τό
2544 2004 2605 2055 γε
2645 1988 2746 2057 μὴν
2773 1987 2944 2055 λέγειν
2977 1987 3285 2056 τηλικοῦτον
3315 1988 3508 2051 πλάτος
3549 1988 3697 2058 ἔχειν
3732 1986 3825 2039 καὶ
3857 1986 3950 2045 τοὺς

2447 2075 2669 2137 κύκλους
2704 2076 2812 2129 ἴσον
2841 2078 2954 2127 ἐστὶ
2980 2076 3057 2145 τῷ
3085 2074 3339 2138 ἀπλατεῖς
3376 2077 3567 2139 αὐτοὺς
3601 2072 3946 2128 ὑποτίθεσθαιθ

2445 2167 2607 2236 χωρὶς
2636 2166 2727 2218 τοῦ
2756 2167 2845 2218 καὶ
2866 2165 2993 2218 αὐτὸ
3015 2164 3167 2217 τοῦτο
3188 2164 3374 2235 ἀδηλον
3396 2160 3553 2230 εῖναι,
3584 2166 3808 2233 πότερον
3835 2164 3939 2232 παρὰ

2444 2258 2541 2325 τὴν
2578 2256 2669 2309 τοῦ
2699 2256 2847 2326 ἡλίου
2898 2256 3106 2325 κίνησιν
3137 2255 3168 2326 ἢ
3206 2255 3353 2326 παρὰ
3390 2258 3485 2326 τὴν
3518 2257 3617 2326 τῆς
3663 2256 3881 2324 σελήνης
3901 2254 3943 2304 τὰ

2446 2346 2642 2418 μεγέθη
2670 2347 2772 2399 τῶν
2798 2346 2895 2415 τῆς
2922 2346 3145 2416 σελήνης
3170 2345 3453 2415 ἐκλείψεων
3482 2347 3572 2399 ἐπὶ
3598 2346 3845 2399 τοσοῦτον
3865 2344 3945 2396 6m-

2444 2439 2621 2506 φωνεῖ.
2652 2438 2870 2489 Ἔπειτα
2901 2436 3034 2498 τοὺς
3050 2440 3335 2506 τροπικοὺς
3366 2439 3519 2507 μόνον
3545 2436 3637 2489 διὰ
3664 2437 3817 2489 τοῦτο
3845 2436 3942 2487 πλα-

2441 2530 2550 2590 τεῖς
2578 2528 2604 2579 ὅ
2641 2544 2698 2579 τε
2731 2529 2955 2596 Ἀρατος
2998 2527 3143 2595 ἔλεγε
3190 2528 3283 2580 καὶ
3320 2528 3367 2578 oi
3400 2527 3767 2596 μαθηματικοὶ
3805 2525 3942 2577 ὑπετί-

2442 2617 2619 2670 θεντο·
2648 2617 2737 2670 τδν
2763 2618 2817 2669 δὲ
2852 2617 3152 2687 ἰσημερινὸν
3195 2616 3291 2668 οὐκ
3324 2616 3418 2667 ἔτι.
3452 2615 3695 2667 Καθόλου
3734 2632 3790 2667 τε
3824 2610 3937 2683 οἶμαι

2441 2703 2562 2763 τοὺς
2593 2702 2996 2771 μαθηματικοὺς
3029 2703 3267 2764 ἀπαντας
3297 2703 3418 2765 τοὺς
3443 2703 3765 2773 εἰρημένους
3803 2700 3937 2754 ἀπλα-

2441 2793 2549 2852 τεῖς
2577 2792 2913 2845 ὑποτίθεσθαι
2939 2794 3060 2855 τοὺς
3088 2794 3392 2862 τροπικοῦς,
3417 2793 3507 2847 καὶ
3530 2794 3618 2847 τὸν
3653 2789 3931 2863 ἰσημερινὸν.

2442 2881 2646 2933 καὶτὸν
2689 2884 2773 2935 ἀεὶ
2802 2884 3047 2953 φανερὸν,
3086 2885 3173 2936 καὶ
3213 2884 3302 2935 τὸν
3339 2883 3422 2936 ἀεὶ
3450 2883 3653 2953 ἀφανῆ.
3701 2883 3822 2937 Οὐδὲ
3855 2882 3931 2948 γὰρ

2441 2973 2717 3043 ἐπινοῆσαι
2746 2975 2959 3029 δυνατόν
2998 2977 3111 3028 ἐστι
3150 2974 3365 3038 τούτους
3406 2976 3609 3038 πλάτος
3636 2976 3851 3046 ἔχοντες.
3878 2972 3929 3025 Τὸ

2439 3064 2543 3134 γάρ
2578 3064 2700 3117 ἴδιον
2736 3066 2957 3118 ἑκάστου
2984 3065 3301 3137 περινοητὴν
3332 3066 3377 3097 ⁸⁸
3415 3065 3507 3117 καὶ
3552 3066 3762 3134 ἀπλατῆ
3794 3081 3929 3133 γρσμσ

2443 3154 2545 3225 μὴν
2577 3154 2695 3224 ἔχον
2736 3155 3048 3226 θεωρεῖσθαι
3087 3155 3444 3224 συμϐέϐηκεν.
3472 3155 3591 3207 Ἔτι
3634 3156 3689 3208 δὲ
3720 3155 3803 3208 καὶ
3832 3155 3926 3205 ὅταν

2436 3242 2626 3309 λέγωσι
2675 3243 2761 3295 τὸν
2795 3244 3097 3314 ἰσημερινὸν
3125 3243 3217 3295 καὶ
3258 3244 3346 3296 τὸν
3374 3242 3635 3306 ζωδιακὸν
3673 3245 3774 3295 τῶν
3812 3241 3924 3311 μεγί·

2437 3348 2570 3384 στων
2596 3326 2729 3384 εἶναι
2759 3335 2815 3385 ὲν
2849 3336 2912 3402 τῇ
2947 3332 3145 3405 σφαίρᾳ
3186 3333 3413 3421 κύκλὶων,
3457 3334 3548 3387 καὶ
3579 3331 3920 3404 διχοτομεῖσθαι

2434 3422 2528 3495 τὴν
2563 3426 2789 3493 σφαῖραν
2822 3424 2908 3491 ὑφ’
2946 3423 3203 3493 ἐκατέρου
3231 3423 3424 3486 αὐτῶν,
3456 3428 3549 3477 καὶ
3582 3424 3643 3478 τὸ
3684 3423 3801 3510 αΰτὸ
3831 3421 3919 3474 κέν-

2433 3531 2555 3584 τρον
2579 3513 2672 3566 τοῦ
2706 3512 2988 3577 ζωδιακοῦ,
3015 3514 3109 3567 καὶ
3135 3513 3226 3566 τοῦ
3259 3514 3592 3585 ίσημερινοῦ,
3625 3514 3717 3567 καὶ
3742 3511 3821 3565 τοῦ
3838 3510 3918 3581 ὁρί-

2435 3604 2630 3667 ζοντος,
2658 3605 2749 3655 καὶ
2793 3604 2884 3656 τοῦ
2921 3604 3303 3675 μεσημϐρινοῦ,
3331 3603 3534 3657 καὶτὸν
3559 3603 3806 3668 ζωδιακὸν
3823 3601 3918 3670 ὲφά-

2435 3695 2657 3747 πτεσθαι
2703 3694 2808 3747 τῶν
2853 3696 3121 3765 τροπικῶν
3163 3696 3281 3749 καθ’
3319 3696 3376 3747 ἓν
3418 3699 3673 3765 σημεῖον·
3706 3695 3791 3750 καὶ
3822 3692 3917 3747 ἀλλα

2435 3785 2644 3837 πλείονα
2688 3770 2932 3838 τοιαῦτα·
2966 3787 3215 3848 ἀπλατεῖς
3268 3786 3457 3851 αὐτοὺς
3498 3789 3593 3849 καὶ
3638 3787 3725 3840 διὰ
3762 3784 3915 3838 τούτων

2437 3876 2797 3945 σημαίνουσιν.
2831 3876 2988 3929 Οὐδὲν
3021 3877 3125 3948 γὰρ
3148 3876 3253 3929 τῶν
3280 3877 3685 3947 προειρημένων
3709 3874 3850 3943 ὑγιῶς
3870 3872 3914 3925 ἂν

2434 3965 2651 4032 λέγοιτο,
2681 3967 2738 4020 τὸ
2764 3966 2967 4028 πλάτος·
2985 3966 3157 4020 αὐτῶν
3179 3967 3403 4036 ἐχόντων
3426 3983 3441 3996 °
3470 3968 3751 4039 ἰσημερίαν
3772 3982 3823 4018 τε
3846 3963 3913 4015 οὐκ

2433 4058 2498 4109 ἂν
2530 4061 2585 4110 ὲν
2618 4060 2711 4128 μιᾷ
2743 4057 2918 4129 ἡμέρᾳ
2950 4053 3099 4128 ἦγεν,
3132 4058 3242 4111 ἀλλ’
3276 4061 3332 4113 ἐν
3364 4059 3591 4113 πλείοσι.
3635 4060 3739 4113 Καὶ
3779 4055 3865 4125 γὰρ
3894 4054 3910 4103 ό

2430 4148 2575 4217 ἣλιος
2598 4148 2837 4211 πλείονας
2868 4149 2933 4202 ἂν
2954 4149 3052 4218 τῆς
3080 4150 3206 4219 μιᾶς
3241 4150 3446 4220 ἡμέρας
3472 4152 3529 4202 ὲν
3558 4149 3639 4219 τῷ
3674 4141 3905 4219 ἰσημεριά

2431 4241 2677 4307 ἐποιεῖτο,
2712 4239 2906 4302 πλάτος
2940 4257 3001 4306 γε
3025 4240 3088 4310 δὴ
3118 4240 3324 4315 ἔχοντος
3353 4240 3537 4294 αὑτοῦ.
3567 4242 3650 4293 Τά
3670 4258 3727 4291 τε
3753 4250 3908 4306 γνωμο-

2430 4327 2551 4379 νικά
2579 4326 2900 4396 θεωρήματα
2929 4327 3100 4380 πάντα
3126 4330 3437 4398 γράφουσιν,
3467 4328 3717 4391 ἀπλατεῖς
3754 4327 3906 4383 πάντας

2429 4419 2549 4478 τοὺς
2576 4416 2801 4478 κύκλους
2840 4416 3237 4487 ὑποτιθέμενοι·
3270 4420 3344 4483 ὡς
3376 4419 3442 4472 ἂν
3472 4419 3580 4471 τῶν
3610 4420 3706 4488 μὲν
3735 4416 3822 4471 ὐπδ
3842 4412 3904 4466 τοῦ

804 4494 923 4540 esse
947 4484 1169 4548 nullum,
1201 4500 1323 4558 cum
1351 4491 1542 4557 partim
1574 4492 1639 4543 ab
1668 4492 1781 4561 ipso
1804 4504 1989 4547 centro
2018 4498 2168 4560 solis,
2205 4514 2328 4569 par-
2360 4521 2401 4573 ι)

2284 4515 2328 4551 r-
2360 4521 2401 4573 ῐ)
2431 4506 2647 4575 κέντρου
2669 4505 2759 4558 τοῦ
2781 4506 2926 4575 ἡλίου
2951 4484 3320 4577 γραφομένων.
3353 4508 3460 4562 τῶν
3491 4509 3546 4562 δὲ
3575 4484 3679 4561 ὑπὸ
3703 4509 3790 4578 τῆς
3806 4508 3901 4576 ἠμί·

804 4569 896 4630 tim
940 4570 1006 4624 ab
1048 4574 1205 4627 oculo
1242 4575 1633 4633 describantur.
1673 4582 1891 4636 Aratum
1921 4600 2066 4649 vero,
2108 4589 2327 4655 perinde

802 4674 865 4725 ac
891 4663 1309 4729 mathematicos,
1344 4670 1477 4731 citra
1521 4672 1851 4727 latitudinem
1898 4674 2057 4727 ullam
2097 4677 2326 4734 circulos

803 4754 935 4804 istos
976 4755 1271 4823 concipere,
1331 4775 1392 4811 ex
1437 4776 1501 4815 eo
1549 4763 1723 4831 quivis
1766 4764 2038 4833 intelliget,
2079 4767 2219 4835 quod
2260 4767 2325 4823 de

798 4851 1067 4913 aquatore
1099 4845 1313 4911 scripsit
1348 4868 1358 4901 :

838 4973 903 5053 [η
938 4990 995 5053 e_o
1032 4992 1146 5029 vero
1170 4976 1277 5028 dies
1300 4979 1530 5053 noctibus
1561 4983 1779 5049 (equote:
1808 4994 1923 5037 sum
1951 4985 2178 5053 utrisque

838 5042 1108 5110 Desinente
1137 5056 1346 5111 aestate,
1376 5049 1449 5101 rel
1472 5042 1671 5103 ineunte
1698 5067 1825 5105 rere.

866 5166 997 5226 Nam
1032 5177 1223 5245 alioqui
1257 5196 1359 5233 non
1406 5182 1456 5234 in
1500 5199 1663 5235 unum
1699 5184 1957 5256 duntaxat
1997 5187 2134 5242 diem
2176 5204 2317 5249 vere.

798 5271 1179 5331 autumnoque,
1214 5268 1304 5321 sed
1340 5270 1391 5321 in
1425 5272 1601 5338 plures
1631 5275 2006 5338 equinoctium
2057 5277 2319 5343 redderet,

798 5353 844 5405 si
886 5351 1216 5407 latitudinem
1254 5357 1486 5411 haberet.
1522 5361 1742 5416 Constat
1775 5362 1898 5417 item
1921 5366 2077 5420 exiis
2112 5381 2230 5435 quae
2258 5368 2323 5421 de

800 5442 1002 5514 tropico
1029 5445 1173 5497 canit
1204 5464 1213 5471 -

880 5654 927 5684 ⁸ο
965 5653 1080 5725 Reg.
1133 5663 1516 5733 περινοητικήν.
1593 5664 1630 5696 ⁸⁸
1669 5684 1753 5734 γρ.
1789 5665 1881 5739 τοῦ
1904 5683 1951 5721 τ.

2431 4598 2589 4666 τέρας
2619 4598 2806 4665 ὅψεως.
2836 4600 2951 4651 ’Ότι
2975 4598 3028 4651 δὲ
3055 4599 3147 4652 καὶ
3174 4600 3399 4670 Ἄρατος
3429 4602 3543 4663 τοῖς
3572 4596 3903 4671 μαθηματικοῖς

2430 4686 2727 4750 ἀκολούθως
2758 4688 3010 4751 ἀπλατεῖς
3055 4690 3246 4753 αὐτοὺς
3276 4692 3383 4751 νοεῖ
3414 4690 3755 4760 ὑπάρχοντας,
3786 4682 3900 4757 μάθοι

2430 4777 2493 4830 ἀν
2519 4794 2597 4839 τις
2622 4776 2683 4831 ἐκ
2707 4796 2763 4831 τε
2787 4779 2878 4832 τοῦ
2906 4779 3031 4849 περὶ
3061 4778 3152 4855 τοῦ
3187 4779 3489 4849 ίσημερινοῦ
3518 4780 3715 4849 λέγειν·

2440 4990 2537 5062 ξεττ
2563 4988 2629 5051 δέ
2656 4992 2706 5042 οι
2736 4988 2926 5062 ἤματα
2954 4988 3129 5062 νυείν
3153 4990 3436 5062 φαίνεται
3456 4992 3825 5062 ἀμφοτέρῃσηλ

2426 5059 2738 5123 «Miror-rec
2775 5057 2989 5126 θέρεος,
3016 5058 3144 5110 τότε
3165 5059 3207 5091 ⁸⁸
3233 5061 3285 5112 δ’
3314 5057 3509 5130 εταροξ
3529 5057 3842 5131 [accperam

2427 5188 2499 5238 Οὐ
2539 5190 2647 5260 γὰρ
2676 5192 2766 5243 ἐπὶ
2811 5192 2934 5260 μίαν
2968 5193 3123 5259 μόνον
3162 5193 3370 5265 ἡμέραν
3423 5196 3695 5267 ἰσημερίαν
3724 5189 3891 5264 ἦτενίν

2425 5292 2482 5327 τε
2521 5278 2595 5347 τῷ
2642 5278 2759 5349 ἔαρι
2800 5281 2891 5333 καὶ
2933 5280 3009 5350 τῷ
3048 5282 3386 5354 φθινοπώρῳ.
3431 5284 3565 5338 ἀλλά
3606 5285 3830 5346 πλείονας,
3856 5282 3888 5379 εξ

2426 5367 2619 5432 πλάτος
2666 5366 2793 5440 εἶχε.
2842 5372 2950 5425 Καὶ
2995 5372 3154 5425 πάλιν
3198 5376 3261 5427 ὲκ
3301 5372 3393 5427 τοῦ
3438 5374 3531 5429 ἐπὶ
3570 5375 3658 5430 τοῦ
3689 5367 3885 5447 τροτιωῦ

2424 5455 2596 5523 λέγειν
2622 5476 2634 5489 ·
3078 5470 3119 5513 \
