4008 6328
143 445 297 502 105⁸1

221 558 532 627 Συνεγγίζει
561 558 617 610 δὲ
645 556 736 611 καὶ
762 556 933 611 ταῦτα
954 561 1018 630 τῇ
1036 559 1278 632 ἀληθεία.
1310 564 1367 616 '0
1384 564 1441 617 δὲ
1474 564 1667 630 Εῠδοξο

1764 619 1769 626 _
1864 567 1992 633 Qua:
2012 577 2137 622 sunt
2161 570 2369 623 veritati
2405 571 2665 640 proxima.
2692 572 2945 630 Eudoxus
2969 574 3328 642 autem,cum
3412 622 3417 629 .

135 651 219 706 τὰ
250 651 347 722 μὲν
376 650 506 705 ἄλλα
546 652 741 719 ὁμοίως
769 652 953 722 εἴρηκε
973 668 986 682 ·
1021 651 1131 705 τῶν
1158 652 1213 705 δὲ
1245 653 1434 724 Χηλῶν
1464 656 1532 709 τὰ
1558 658 1695 726 μέσα

139 744 318 814 φησιν
348 742 437 795 ἐπὶ
455 742 547 796 τοῦ
578 742 885 813 ίσημερινοῦ
912 742 1142 805 κεῖσθαι,
1170 744 1261 797 τοῦ
1286 763 1344 798 τε
1386 748 1566 801 Ἀετοῦ
1599 750 1696 819 τὴν

137 830 442 904 ἀριστερὰν
467 832 726 904 πτέρυγα,
748 830 923 885 τοῦθδὲ
946 831 1137 886 Ἵππου
1164 835 1255 887 καὶ
1275 836 1371 904 τὴν
1391 837 1576 904 ὀσφὺν,
1605 837 1698 890 καὶ

134 928 231 979 ἔτι
262 926 369 979 τῶν
407 924 619 995 ’ἰχθύων
657 925 745 978 τὸν
802 924 1127 999 βορειότερον
1170 927 1363 980 αὐτῶν.
1406 928 1539 980 Ούτε
1578 929 1632 980 δὲ
1664 930 1693 981 ὁ

153 1018 342 1081 Ἀετὸς
363 1016 633 1069 ἐπιϐάλλει
659 1018 737 1087 τῷ
767 1016 1077 1087 ἰσημερινῷ,
1115 1018 1142 1071 ὃ
1168 1034 1226 1069 τε
1255 1020 1344 1071 ἐπὶ
1372 1019 1468 1089 τῆς
1497 1021 1691 1088 ὀσφύος

129 1108 242 1162 τοῦ
276 1108 466 1161 Ἵππου
498 1106 821 1178 βορειότερός
853 1110 965 1160 ἐστι
990 1107 1084 1161 τοῦ
1117 1109 1423 1179 ἰσημερινοῠ
1447 1111 1625 1164 πλεῖον
1655 1112 1688 1183 ἢ

133 1201 261 1268 μοί.
301 1206 349 1268 γ’
383 1198 476 1253 S'“
513 1200 541 1251 ὅ
587 1216 649 1267 γε
696 1199 799 1268 μὴν
844 1199 1171 1270 βορειότερος
1209 1200 1314 1252 τῶν
1354 1200 1566 1271 Ἰχθύων
1596 1202 1686 1271 βο-

130 1291 415 1362 ρειότερός
446 1293 558 1343 ἐστι
596 1289 689 1342 τοῦ
725 1289 1037 1361 ἰσημερινού
1068 1290 1288 1358 ἔγγιστα
1324 1293 1427 1361 μοί.
1458 1299 1503 1343 ι’.
1539 1293 1595 1345 Ὀ
1628 1290 1717 1345 δε

131 1383 406 1445 ’Ἄτταλος
444 1384 567 1453 περὶ
593 1382 698 1435 τῶν
725 1383 783 1435 ἐν
820 1386 929 1444 τοῖς
954 1383 1258 1453 εἰρημένοις
1291 1382 1505 1446 κύκλοις
1531 1386 1688 1438 ἀστέ-

128 1492 258 1546 ρων
272 1475 358 1528 τὸν
376 1476 470 1546 μὲν
485 1474 621 1528 κατά
640 1473 793 1545 μέρος
810 1473 962 1541 λόγον
978 1474 1347 1544 παραπέμπει·
1366 1475 1475 1544 (68)
1488 1477 1685 1545 γράφει

121 1568 196 1620 δὲ
222 1566 425 1622 ταῦτα’
453 1585 471 1618 ι
514 1567 598 1619 Ἐν
628 1560 707 1628 οἷς
744 1565 801 1618 δὲ
848 1565 1096 1633 διασαφεῖ
1131 1565 1215 1617 διά
1254 1566 1413 1619 τίνων
1446 1567 1684 1638 ἀστέρων

121 1659 367 1721 ἕκαστος
393 1656 498 1711 τῶν
524 1664 571 1724 γ’
602 1654 951 1727 παραλλήλων
992 1656 1162 1724 διήκει
1193 1654 1236 1707 δ’
1272 1656 1300 1709 ὃ
1329 1657 1682 1727 παραπέμπει

120 1744 458 1823 ὁλοσχερῶς,
483 1750 542 1803 ού
578 1746 882 1818 δυναμένων
912 1746 1212 1817 διέρχεσθαι
1244 1746 1350 1800 τῶν
1380 1747 1591 1801 κύκλων
1613 1740 1679 1801 δι’

121 1840 216 1900 ὧν
250 1861 407 1915 φησιν
435 1843 670 1914 ἀστέρων
702 1842 894 1904 αὐτοὺς
918 1840 1139 1911 διήκειν,
1163 1839 1250 1893 διά
1273 1840 1332 1892 τὸ
1356 1840 1681 1911 παρηκολου-

1133 446 1619 505 HIPPABCHI'AD
1659 450 2101 508 PHABNOMENA
2139 456 2265 512 LIB.
2305 459 2345 511 1.

3200 465 3336 521 1058

1793 656 1849 708 in
1879 657 2095 724 reliquis
2116 674 2220 711 non
2245 660 2552 726 dissentiat,
2583 661 2869 716 Cliclarum
2903 667 3137 720 medium
3167 670 3240 721 ait
3274 671 3329 727 in

1791 747 2148 816 aequinoctiali
2168 750 2328 803 situm
2355 766 2508 817 esse;
2533 767 2637 805 una
2662 768 2781 805 cum
2810 755 3129 810 ala-sinistra
3158 758 3328 828 Aqui-

1792 839 1854 892 lae
1882 857 1898 890 :
1931 854 2031 892 nec
2053 854 2159 892 non
2188 839 2315 909 Equi
2341 842 2580 894 lumbum
2603 850 2656 894 et
2683 841 2915 898 Piscium
2949 846 3320 902 Lorealiorem.

1792 926 1989 1011 Verum
2012 945 2110 983 nec
2147 930 2334 999 Aquila
2365 934 2628 1001 contingit
2653 936 3100 1003 inquinoctialem,
3127 948 3178 993 ct
3208 954 3325 1009 qure

1789 1019 2050 1074 in-lumbo
2074 1028 2155 1074 est
2194 1020 2348 1091 Equi,
2398 1022 2665 1077 borealior
2688 1034 2769 1078 est
2817 1028 3049 1094 amplius
3082 1030 3325 1096 partibus

1787 1109 1823 1162 3
1848 1108 1968 1178 ΝΞ,
2001 1110 2267 1165 borealior
2284 1127 2409 1166 vero
2429 1111 2656 1167 Piscium
2673 1116 3028 1184 aequinoctiali
3064 1118 3324 1175 borealior

1796 1208 1881 1253 est
1908 1200 2150 1268 partibus
2183 1202 2397 1257 circiter
2422 1204 2506 1259 10.
2537 1204 2745 1260 Attalus
2768 1216 2939 1260 autem
2974 1209 3173 1265 omissa
3203 1226 3323 1281 par-

1786 1291 2003 1344 ticulari
2027 1292 2391 1361 disputatione
2420 1294 2486 1349 de
2520 1295 2602 1350 his
2641 1298 2829 1361 stellis,
2859 1313 2977 1367 qua:
3005 1298 3059 1352 in
3099 1302 3323 1357 circulis

1786 1381 1993 1447 insunt,
2024 1397 2159 1451 quos
2184 1398 2345 1452 supra
2369 1378 2912 1452 memoravimus,ita
2942 1390 3127 1444 scribit
3152 1409 3165 1445 :
3200 1409 3219 1441 ι
3248 1391 3321 1445 Ea

1784 1488 1928 1539 vero,
1958 1472 2013 1527 in
2037 1473 2230 1543 quibus
2251 1475 2501 1544 explicat,
2527 1492 2621 1545 per
2652 1493 2911 1547 quasnam
2935 1481 3114 1534 stellas
3141 1490 3318 1538 trans-

1779 1572 1864 1619 eat
1903 1565 2125 1635 quilibet
2165 1563 2325 1619 trium
2358 1567 2733 1635 parallelorum
2760 1573 2847 1592 "“
2872 1585 2995 1624 cum
3045 1573 3080 1626 ii
3124 1576 3316 1630 circuli

1782 1669 1877 1725 per
1900 1670 1993 1710 eas
2026 1656 2258 1710 transire
2293 1656 2476 1711 stellas
2502 1665 2790 1727 nequeant,
2819 1674 2953 1728 quas
2987 1660 3077 1715 ille
3105 1660 3313 1717 descri-

1780 1747 1880 1810 bit,
1907 1763 2158 1802 enarrare
2191 1747 2392 1802 idcirco
2434 1750 2614 1815 nolui;
2646 1750 2787 1821 quod
2827 1766 3009 1805 eorum
3050 1763 3105 1807 tu
3136 1756 3316 1809 SCiCﬂ?

1779 1840 1910 1892 tiam
1955 1854 2020 1893 ex
2052 1854 2186 1901 usu,
2240 1840 2662 1910 tractationeque
2699 1842 2923 1910 dioptrae
2974 1843 3049 1897 sis
3091 1858 3309 1898 assecu-

122 1905 364 2007 ειηκέναι
409 1951 487 1997 σε,
525 1905 613 1989 διά
652 1932 747 2002 τῆς
787 1905 1043 2002 διόπτρας
1087 1905 1668 2000 ὲπεσκεμμένόνναύτά,

1779 1936 1884 1982 lus.
1919 1948 1937 1980 ›
1958 1927 2156 1983 Verum
2182 1929 2235 1983 id
2263 1930 2316 1983 in
2348 1929 2536 1993 primis
2565 1932 2863 1999 oportebat,
2885 1933 2966 1987 vel
2995 1941 3311 1989 caeterorum

122 2028 361 2100 παρῆκα
396 2026 487 2079 νῦν
515 2025 808 2093 διασαφεῖν.
842 2043 859 2075 ι
896 2022 1113 2093 Πρῶτον
1160 2023 1257 2091 μὲν
1296 2016 1388 2075 οὖν
1438 2021 1541 2074 ἔδει
1586 2022 1679 2075 καὶ

122 2115 247 2172 τῶν
268 2118 461 2172 λοιπῶν
498 2119 650 2189 χάριν
682 2117 787 2169 τῶν
832 2114 1290 2185 φιλομαθούντων,
1338 2115 1489 2184 είπερ
1536 2131 1675 2183 παρ-

121 2214 432 2286 ηκολούθει,
466 2210 727 2276 ὑποδεῖξαι
759 2208 894 2271 τίνες
931 2225 988 2259 τε
1031 2206 1205 2259 αὐτῶν
1248 2205 1545 2275 νοτιὼτεροι
1585 2205 1677 2258 καὶ

130 2306 458 2378 βορειότεροι
480 2303 752 2371 ἐφαίνοντο
767 2298 860 2351 τοῦ
879 2296 1083 2368 θερινοῦ
1106 2295 1383 2367 τροπικοῢ,
1402 2298 1493 2349 καὶ
1510 2298 1671 2365 πόσῳ·

128 2397 323 2447 ἔπειτα
350 2392 481 2463 πρὸς
514 2392 571 2443 τὸ
616 2388 745 2440 αὐτὸ
789 2386 943 2439 τοῦτο
990 2385 1145 2455 μόνον
1177 2384 1519 2454 κατανοῆσαι,
1543 2385 1674 2438 διότι
1732 2452 1746 2465 Δ

133 2485 202 2537 οὐ
233 2484 473 2555 φέρονται
503 2480 685 2532 κύκλοι
726 2476 811 2529 διὰ
841 2475 946 2528 τῶν
980 2475 1280 2545 εἰρημένων
1322 2474 1671 2544 ἀστέρων,ζού

138 2575 298 2643 χρεία
345 2573 614 2641 διόπτρας.
662 2567 841 2637 Πολλῷ
887 2565 996 2635 γὰρ
1048 2564 1153 2616 τῶν
1204 2565 1299 2633 μὲν
1349 2564 1672 2632 νοτιωτέρων

140 2662 502 2733 ὑπαρχόντων,
551 2659 655 2712 τῶν
688 2657 1141 2727 δὲβορειοτέρων,
1188 2653 1407 2706 αὐτόθεν
1451 2653 1671 2707 ἀναϐλέ-

134 2755 298 2823 ψαντι
330 2753 550 2823 φανερὸν
594 2751 818 2819 γίνεται,
852 2749 979 2801 διότι
1008 2750 1066 2800 ού
1096 2747 1311 2800 δυνατὸν
1338 2746 1424 2799 διὰ
1455 2745 1559 2797 τῶν
1581 2744 1669 2797 λε-

128 2844 374 2915 γομένων
392 2841 627 2912 ἀστέρων
649 2840 919 2909 γραφῆναι
940 2839 972 2907 ἢ
1002 2837 1089 2890 τὸν
1128 2835 1453 2907 ἰσημερινὸν,
1479 2835 1668 2905 ἧπαρ-

122 2934 356 3003 άλληλόν
379 2949 497 2985 τινα
528 2930 724 2984 τούτων
753 2929 968 2981 κύκλον.

195 3025 339 3090 KG’.
373 3022 549 3092 Χωρὶς
571 3020 624 3072 δὲ
650 3019 753 3073 τῶν
778 3018 1075 3090 εἰρημένων
1108 3023 1155 3085 γ’
1177 3016 1383 3070 κύκλων
1402 3016 1429 3068 ὁ
1450 3014 1669 3081 Εὗδοξος

118 3116 224 3169 καὶ
246 3114 369 3175 τοὺς
401 3114 491 3165 ἐπὶ
517 3111 607 3165 τοῦ
631 3109 882 3182 ἀρκτικοῦ
917 3108 1110 3162 κύκλου
1137 3108 1414 3178 κειμένους
1439 3108 1667 3178 ἀστέρας

1776 2019 1893 2084 eius
1921 2020 2179 2074 doctrinae
2218 2020 2584 2075 studiosorum
2615 2022 2806 2089 gratia,
2842 2024 2886 2076 si
2907 2024 3122 2092 quidem
3155 2025 3311 2079 intel—

1776 2110 1991 2180 ligebat,
2020 2124 2309 2178 exponere,
2355 2124 2474 2179 quae
2518 2118 2793 2180 quantove
2814 2126 2879 2164 ex
2908 2111 2988 2165 iis‘
3013 2114 3182 2169 stellis
3212 2130 3310 2167 au-

1773 2200 2066 2264 straliores,
2108 2200 2188 2253 vel
2237 2199 2564 2255 borealiores
2608 2215 2730 2256 esse
2767 2200 3078 2257 viderentur
3120 2186 3307 2260 aestivo

1772 2292 1997 2361 tropico.
2022 2290 2244 2355 Deinde,
2279 2300 2335 2345 ut
2365 2291 2417 2346 id
2460 2293 2945 2361 comprehendatur
2986 2310 3173 2361 unum,
3211 2312 3308 2365 per

1772 2396 1863 2436 eas
1889 2382 2089 2444 stellas,
2121 2398 2239 2453 qum
2261 2385 2573 2452 percensitaa
2601 2395 2863 2449 sunt,non
2894 2385 3021 2440 duci
3050 2386 3312 2453 circulos,

1771 2474 1906 2527 nihil
1934 2489 2069 2545 opus
2104 2483 2188 2530 est
2225 2474 2456 2545 dioptra.
2487 2477 2618 2530 Cum
2646 2476 2790 2530 enim
2826 2477 2942 2531 alia:
2972 2478 3112 2531 haud
3145 2479 3316 2547 paulo

1770 2564 1897 2618 sint‘
1919 2565 2291 2629 australiores,
2327 2566 2446 2621 aliae
2487 2566 2835 2627 borealiores.
2870 2568 3049 2620 statim
3080 2578 3299 2637 aspectu

1768 2654 1886 2723 ipso
1920 2655 2263 2725 perspicuum
2298 2666 2400 2719 est,
2443 2672 2615 2725 neque
2649 2658 2907 2711 circulum
2953 2658 3304 2728 aequinoctia-

1768 2747 1890 2809 lem,
1921 2763 2095 2817 neque
2118 2750 2341 2803 alterum
2370 2750 2821 2821 :equidistautium
2858 2767 2951 2821 per
2992 2752 3111 2809 illas
3152 2756 3299 2825 ipsas

1766 2838 1952 2893 stellas
1979 2853 2136 2909 posse
2156 2841 2395 2909 perduci.

1824 3034 2013 3095 XXVI.
2026 3035 2222 3094 Praeter
2233 3039 2532 3110 superiores
2546 3040 2665 3095 illos
2678 3040 2908 3097 circulos
2918 3047 3028 3097 tres
3045 3039 3297 3098 Eudoxus

1763 3144 1855 3185 eas
1878 3130 2062 3183 stellas
2089 3132 2371 3195 describit,
2393 3146 2511 3201 quae
2540 3141 2662 3187 sunt
2684 3133 2735 3186 in
2753 3133 2954 3187 arctico
2970 3133 3174 3188 circulo
3200 3152 3213 3187 :
3237 3133 3294 3186 in

112 3208 413 3274 διασαφεῖ·
448 3204 539 3257 καί
585 3220 745 3274 φησιν
781 3200 864 3255 ἐπ’
892 3200 1053 3255 αὑτοῦ
1080 3199 1286 3254 κεῖσθαι
1326 3199 1415 3253 τόν
1460 3216 1518 3251 τε
1548 3200 1667 3270 ἀρι-

264 3300 277 3314 ι
353 3292 378 3313 τ
533 3313 540 3314 ,
579 3296 606 3306 ~
646 3298 689 3314 ῆι
767 3313 803 3314 ,7
862 3313 866 3314 ν
892 3295 928 3314 ις
951 3312 1032 3314 ...Αᾼ
1056 3312 1068 3314 -
1132 3295 1214 3314 ____\
1256 3294 1317 3314 .-1-
1353 3292 1542 3314 ζ...,Δ--.
1572 3291 1660 3314 --Ϊ

1764 3235 1933 3291 eoque
1960 3221 2121 3276 situm
2147 3222 2222 3276 ait
2245 3237 2364 3278 esse
2389 3199 2664 3277 sinistrum
2680 3222 3088 3299 Arctophylacis
3109 3225 3293 3279 hume-

118 3300 318 3372 στερὸν
348 3292 490 3367 ὦμον
517 3296 607 3351 τοῦ
646 3295 1090 3368 Ἀρκτοφύλακος,
1130 3295 1221 3347 καὶ
1252 3294 1319 3346 τά
1345 3292 1543 3348 ἀνωθεν
1570 3291 1662 3345 τοῦ

1764 3326 1882 3366 rum
1914 3322 1966 3367 et
1988 3312 2265 3381 superiora
2288 3307 2527 3377 Coronae,
2556 3330 2675 3368 cum
2698 3291 2873 3386 capite
2901 3291 3174 3385 serpentis
3203 3332 3296 3386 per

113 3391 418 3459 Στεφάνου,
462 3390 551 3442 καί
597 3388 692 3459 τὴν
733 3387 969 3458 κεφαλὴν
1016 3385 1108 3439 τοῦ
1148 3385 1235 3438 διὰ
1280 3384 1385 3437 τῶν
1420 3386 1664 3454 ’Λρκτων

120 3486 343 3553 Ὄφεως
362 3499 374 3513 ·
409 3482 504 3552 τῆς
534 3482 591 3535 δὲ
624 3481 803 3551 Λύρας
832 3480 925 3532 καὶ
960 3479 1054 3549 τὴς
1080 3477 1255 3543 δεξιᾶς
1284 3477 1546 3547 πτέρυγος
1571 3473 1680 3530 τοῦ.

114 3574 376 3647 Ὄρνιθος
398 3573 465 3625 τὰ
490 3571 686 3626 ἀνωθεν
710 3586 722 3601 °
752 3569 844 3623 τοῦ
884 3570 939 3623 δὲ
962 3568 1189 3638 Κηφέως
1227 3569 1287 3621 τὸ
1313 3567 1501 3638 στῆθος
1524 3584 1536 3595 ·
1569 3568 1664 3637 τῆς

107 3667 171 3720 δὲ
212 3664 578 3727 Κασσιεπείας
620 3663 687 3716 τὰ
734 3661 950 3716 ἀνωθεν.
996 3657 1126 3714 Εἶτα
1166 3660 1267 3712 ὑπὸ
1308 3659 1430 3724 τοὺς
1460 3661 1664 3729 ἐμπρο-

112 3759 306 3821 σθίους
339 3758 498 3819 πόδας
531 3757 628 3825 τῆς
659 3754 896 3825 μεγάλης
926 3753 1155 3824 Ἄρκτου
1185 3750 1279 3805 καὶ
1319 3750 1410 3803 τοῦ
1443 3749 1662 3812 Λέοντος

107 3846 244 3919 ἄχρι
283 3846 415 3918 πρὸς
441 3846 528 3897 τὸν
552 3839 697 3915 ὦμον
731 3843 823 3897 τοῦ
864 3842 1307 3913 ’Δρκτοφύλακος,
1339 3840 1448 3911 (69)
1480 3838 1662 3894 νοτιώ-

108 3941 272 4011 τερός
303 3942 415 3992 ἐστι
446 3938 537 3991 τοῦ
568 3940 652 3991 ἀεὶ
677 3935 903 4007 φανεροῦ
925 3935 1017 3989 τοῦ
1052 3938 1108 3988 ὲν
1133 3937 1243 3997 τοῖς
1267 3934 1391 4004 περὶ
1414 3932 1511 4002 τὴν
1547 3933 1661 3984 Ἐλ-

107 4033 246 4086 λάδα
282 4031 483 4092 τόποις,
518 4030 694 4082 πλεῖον
725 4030 757 4099 ἢ
786 4028 893 4099 μοί.
927 4028 987 4079 δ’.
1030 4026 1160 4078 Ἀπὸ
1193 4025 1299 4094 γὰρ
1326 4023 1417 4077 τοῦ
1450 4023 1657 4093 βορείου

108 4122 280 4175 πόλου
324 4121 514 4189 ἀπέχει
548 4119 654 4188 μοί.
692 4100 789 4189 μδ,
815 4117 854 4171 δ’
886 4116 993 4186 (70)
1014 4133 1027 4146 ’
1056 4118 1084 4169 ὁ
1109 4116 1165 4168 δὲ
1190 4116 1275 4168 ἀεὶ
1306 4114 1533 4195 φανερὸς
1558 4113 1656 4165 κύ-

107 4214 238 4275 κλος
270 4212 463 4282 ἀπέχει
495 4210 599 4281 μοί.
626 4210 717 4274 λζ’.
754 4210 825 4263 Τὸ
843 4209 898 4262 δὲ
925 4208 1125 4262 ἀνωθεν
1151 4206 1243 4261 τοῦ
1276 4206 1538 4274 Στεφάνου
1566 4205 1657 4259 καὶ

105 4306 207 4377 τῆς
245 4306 429 4377 Δύρας
470 4304 901 4375 ὁλοσχερέστεροι]
934 4301 1159 4372 εἴρηται.
1182 4301 1278 4379 Ὀὐ
1324 4299 1430 4370 γὰρ
1472 4314 1658 4365 συνεγ-

106 4398 250 4464 γίζει
273 4397 442 4450 ταῦτα
472 4396 546 4466 τῷ
574 4398 815 4464 ἀειφανεῖ
841 4394 1040 4464 κύκλῳ,
1067 4393 1180 4447 ἀλλ’
1211 4393 1460 4463 ἑκάτερον
1480 4389 1654 4444 αὐτῶν

106 4490 293 4559 πολλῷ
324 4486 631 4559 νοτιὼτερόν
666 4489 827 4539 ἐστιν.
860 4488 915 4539 '0
950 4488 1045 4557 μὲν
1065 4486 1172 4557 γὰρ
1200 4485 1523 4555 βορειότερος
1546 4482 1651 4535 τῶν

1765 3398 1933 3460 'lirsas
1978 3405 2307 3460 transeuntis
2338 3423 2350 3459 :
2377 3407 2503 3459 item
2535 3398 2809 3468 Fidiculac,
2858 3421 2921 3459 ac
2967 3406 3167 3462 ἀρχα-ει»
3198 3409 3296 3462 alas

1762 3494 1930 3565 Cygni
1977 3496 2285 3564 superiores
2325 3503 2547 3564 partes:
2589 3495 2783 3565 Cephei
2816 3512 3030 3568 quoque
3073 3506 3290 3567 pectus;

1761 3595 1813 3640 et
1867 3586 2144 3655 superiora
2186 3585 2501 3655 Cassiepete.
2538 3584 2737 3640 Deinde
2785 3587 2887 3641 sub
2930 3588 3293 3645 anterior-ibus

1765 3679 1921 3750 116
1969 3678 2188 3745 maioris
2223 3677 2370 3733 Ursa:
2413 3678 2639 3748 pedibus
2669 3693 2731 3732 ac
2767 3677 2995 3745 Leonis,
3030 3696 3201 3749 usque
3226 3684 3292 3736 ad

1760 3770 2165 3841 Arctophylacis
2194 3768 2498 3831 humerum,
2526 3770 2814 3823 australior
2842 3779 2925 3825 est
2951 3784 3162 3841 semper
3194 3787 3291 3841 ap-

1760 3867 1978 3930 parente
2004 3860 2208 3913 circulo
2233 3857 2452 3913 Grazciae
2476 3860 2716 3929 partibus
2748 3860 2976 3929 amplius
2998 3860 3065 3926 ις
3108 3877 3230 3916 nam
3260 3878 3291 3917 ε

1758 3951 1957 4006 boreali
1983 3950 2105 4020 polo
2149 3949 2312 4003 distat
2352 3950 2596 4017 partibus
2624 3948 2831 4013 44,15’;
2876 3951 3113 4006 circulus
3153 3966 3283 4007 vero

1758 4058 1968 4112 semper
1994 4056 2254 4110 apparens
2272 4040 2421 4094 abest
2442 4040 2682 4110 partibus
2702 4040 2788 4093 57.
2813 4039 2982 4094 Porro
3010 4044 3288 4111 superiora

1753 4132 1977 4189 Corona;
2036 4146 2097 4185 ac
2158 4129 2410 4185 Fidicula:
2462 4130 2641 4184 minus
2702 4140 2956 4186 accurate
3011 4131 3288 4202 designata

1756 4234 1901 4280 sunt.
1930 4222 2047 4277 Non
2098 4223 2239 4277 enim
2276 4238 2485 4292 semper
2538 4223 2815 4291 apparenti
2860 4224 3063 4277 circulo
3111 4226 3286 4279 vicina

1754 4318 1857 4371 ista
1883 4328 2040 4381 sunt;
2075 4314 2168 4369 sed
2200 4320 2487 4383 utrumque
2514 4314 2667 4384 longe
2695 4321 2779 4367 est
2812 4316 3122 4370 australius.
3150 4316 3283 4371 Nam

1753 4405 2021 4461 borealior
2053 4419 2235 4459 earum
2270 4420 2389 4473 quae
2419 4412 2543 4459 sunt
2568 4403 2621 4457 in
2645 4402 2903 4467 Fidicula,
2924 4404 3088 4459 distat
3113 4420 3141 4459 a
3164 4407 3285 4475 polo

1752 4494 1954 4548 boreali
2012 4494 2253 4561 partibus
2292 4494 2391 4557 49;
2440 4502 2773 4562 caput,vero
2819 4495 3096 4564 Serpentis
3127 4493 3282 4550 Ursis

106 4583 164 4634 ὲν
189 4584 257 4653 τῇ
292 4580 444 4653 Λύρα
468 4573 655 4650 ἀῆχει
686 4579 790 4632 ἀπὸ
816 4578 907 4631 τοῦ
946 4578 1150 4649 βορείου
1186 4578 1347 4630 πόλου
1383 4575 1489 4645 μοί.
1524 4573 1607 4645 μθ¹
1632 4589 1646 4602 ⁸

1764 4586 2017 4654 interjecti
2053 4586 2342 4641 australius
2382 4586 2593 4655 quidem
2634 4594 2737 4649 est,
2797 4582 2888 4638 sed
2944 4600 3154 4653 semper
3187 4602 3283 4656 ap-

107 4674 141 4741 ἡ
166 4672 223 4725 δὲ
268 4672 478 4744 κεφαλὴ
525 4672 631 4742 (71)
668 4670 758 4724 τοῦ
806 4669 891 4723 διὰ
932 4669 1037 4721 τῶν
1069 4669 1312 4739 ’Λρκτων
1338 4669 1545 4735 Ὄφεως
1568 4682 1650 4719 νο-

104 4764 340 4835 τιωτέρα
370 4764 488 4834 μὲν,
506 4767 670 4832 ἐγγὺς
694 4763 750 4817 δὲ
770 4762 862 4816 τοῦ
883 4760 1164 4829 ἀειφανοῦς
1185 4760 1380 4815 κύκλου
1407 4758 1644 4829 φέρεται.

118 4852 174 4905 '0
205 4854 323 4925 γὰρ
362 4854 670 4927 νοιὴώτερος
711 4853 907 4918 αὐτῶν,
950 4853 1041 4906 καὶ
1080 4852 1170 4903 ἐπὶ
1224 4849 1318 4903 τοῦ
1362 4847 1647 4921 ἀριστεροῦ

199 4998 289 5071 68)
319 5000 443 5056 Haec
464 5009 595 5056 sunt
633 5002 938 5071 depravata.

198 5071 289 5144 g9)
318 5072 494 5144 Deest,
526 5071 741 5144 opinor,“
770 5072 991 5144 aliquid.

171 5139 289 5211 (70)
315 5139 713 5211 ’ᾼπέχειίμοι
747 5139 871 5209 μδνξ
904 5139 1109 5202 Scribe,
1143 5143 1252 5208 μα’,
1281 5141 1341 5197 δ’.
1387 5141 1520 5197 Nam
1564 5145 1643 5197 al-

108 5204 221 5263 ter'a
254 5204 418 5268 leciio
432 5204 684 5280 corrupta
711 5204 814 5277 est,
845 5220 903 5265 ut
924 5204 1257 5282 Hipparchus
1281 5215 1396 5282 ipse
1422 5214 1643 5269 demon-

108 5284 264 5334 strat.

174 5347 283 5419 (7t)
333 5349 483 5405 Ἡδὲ
510 5346 760 5417 κεφαλή.
801 5347 917 5402 Non
974 5350 1148 5405 solum
1184 5352 1496 5419 mendosus,
1546 5356 1637 5409 scd

106 5418 325 5491 mutilus
355 5425 517 5474 etiam
550 5422 635 5474 hic
666 5423 811 5471 locus
841 5428 943 5491 est.
999 5420 1235 5491 Primum
1278 5438 1517 5491 pugnare
1557 5442 1641 5480 se-

106 5494 224 5537 cum
259 5487 618 5557 Hipparchus,
644 5498 699 5541 ut
732 5504 789 5539 se
841 5489 998 5541 habet
1029 5490 1208 5551 modo,
1242 5487 1469 5546 videtur.
1504 5494 1635 5549 Nam

106 5563 264 5619 caput
289 5558 546 5612 Draconis
574 5560 865 5613 australius
899 5560 1024 5611 facit
1062 5564 1265 5615 arctico
1297 5562 1513 5618 Graeciaa
1537 5569 1637 5617 cir-

108 5625 344 5704 Ctllo.;_et
380 5629 518 5681 idem
543 5638 717 5683 tamen
751 5630 967 5704 praecise
996 5632 1047 5681 in
1070 5648 1133 5685 eo
1168 5634 1373 5687 circulo
1402 5638 1631 5704 reponit,

107 5696 365 5774 Sli‘lllidcm
414 5706 711 5774 plrilmque
751 5696 1019 5774 igradibus
1072 5712 1272 5770 septem
1312 5715 1364 5757 et
1416 5696 1635 5774 triginta

110 5760 266 5842 distat
290 5780 318 5817 a
343 5768 483 5842 polo.
511 5760 921 5823 Prze'tereavcum
949 5771 1058 5842 duo
1104 5760 1282 5825 sidera
1318 5760 1634 5842 proposuis-

108 5838 202 5895 set,
233 5851 351 5904 qua:
366 5840 439 5893 ab
475 5841 674 5897 arctico
702 5841 924 5906 circulo,
974 5841 1059 5895 ubi
1099 5857 1159 5896 ea
1196 5838 1491 5902 collocarat
1525 5847 1631 5901 Eu-

1752 4678 1957 4748 parenti
2006 4686 2182 4731 tamen
2244 4677 2446 4729 circulo
2493 4674 2731 4727 citimum
2781 4681 2882 4727 est.
2935 4673 3141 4749 Quippe
3189 4690 3283 4729 au-

1758 4770 1975 4823 stralior
2008 4768 2241 4827 illarum,
2266 4773 2318 4818 et
2352 4766 2403 4817 in
2445 4766 2663 4819 sinistro
2693 4765 2793 4819 sita
2816 4773 3054 4834 tempore
3076 4766 3225 4821 abest
3252 4783 3281 4819 a

1748 4860 1871 4930 polo
1916 4859 2160 4929 partibus
2207 4856 2294 4921 37,
2324 4864 2454 4925 quot
2493 4871 2704 4926 semper
2734 4871 2999 4927 apparens
3045 4856 3281 4911 circulus

1746 5014 1941 5073 doxus.
1972 5013 2187 5084 longius
2216 5022 2371 5067 erant
2428 5012 2504 5084 ad_
2553 5018 3057 5084 austrumpremota,
3119 5027 3279 5078 supe-

1744 5087 1885 5139 riora
1913 5082 2137 5138 Coronre
2153 5086 2371 5153 pariter,
2396 5098 2456 5136 ac
2484 5082 2665 5152 Lyra;
2691 5083 2777 5153 ubi
2794 5082 2858 5136 de
2876 5082 3137 5153 ambobus
3166 5084 3280 5153 sin-

1742 5155 1965 5224 gillalim
1999 5150 2227 5222 probare
2246 5156 2405 5222 cmpit
2437 5191 2467 5224 ,_
2501 5150 2840 5224 u‘niusLyraa
2892 5152 3133 5224 meminit
3156 5150 3279 5224 ;r_de

1741 5221 1951 5278 Corona
1982 5221 2048 5277 ne
2087 5224 2315 5277 litteram
2338 5221 2557 5291 quidem
2582 5223 2726 5276 fecit.
2754 5222 2956 5275 Desunt
2984 5223 3143 5289 igitur
3166 5221 3277 5284 illa,

1740 5296 1935 5364 quibus
1968 5294 2363 5364 quotpartibus
2389 5309 2417 5344 a
2451 5292 2572 5364 polo
2621 5291 2844 5364 Corona
2874 5291 3117 5353 distaret,
3154 5304 3278 5364 ape-

1738 5360 1866 5417 fuit.
1894 5360 2059 5431 Finge
2109 5360 2467 5431 Hipparchum
2528 5363 2600 5414 ita
2655 5360 2982 5429 scripsisse:
3022 5369 3138 5425 post
3172 5360 3274 5431 ista

1739 5434 1843 5486 ἀπὸ
1863 5434 1955 5485 τοῦ
1992 5429 2197 5503 βορείου
2213 5429 2377 5483 πόλου
2417 5432 2522 5503 μοί).
2552 5432 2658 5501 μθ”
2688 5432 2791 5503 es:
2814 5431 3143 5503 βορειότερος
3172 5429 3275 5503 spy

1738 5507 1791 5555 ἐν
1851 5504 1927 5570 τῷ
1957 5497 2240 5570 Στεφάνῳ,
2287 5497 2657 5580 μοίβνχζῖῌ
2709 5502 2763 5554 δὲ
2812 5497 3016 5580 attigui}!
3054 5497 3146 5579 τοῦ
3193 5497 3277 5580 διὰ

1734 5573 1839 5624 τῶν
1860 5569 2105 5643 ’Λρκτων
2142 5569 2350 5638 Ὄφεως
2402 5572 2491 5624 ἐπὶ
2522 5571 2610 5622 τοῦ
2634 5573 2916 5639 ἀειφανοῦς
2957 5569 3154 5643 κύκλου
3186 5569 3275 5635 φέ-

1774 5659 1906 5695 εται.
1932 5638 2207 5696 Boreulior
2234 5644 2457 5695 Corona:
2499 5638 2785 5709 llippzrchi
2824 5652 3061 5709 tempore
3107 5638 3276 5709 dista-

1774 5722 1825 5763 at
1861 5729 1889 5763 a
1927 5714 2047 5781 polo
2080 5713 2337 5781 gradibus
2362 5713 2591 5778 amplius
2623 5712 2705 5765 55.
2735 5729 2797 5765 ex
2819 5708 3019 5764 nostris
3055 5708 3271 5781 tabulis.

1735 5776 2105 5907 sicteglLyra;
2125 5784 2391 5867 borealior
2422 5776 2665 5851 partibus
2698 5783 2765 5836 ab
2788 5784 2975 5838 eodem
3010 5782 3134 5851 polo
3182 5776 3275 5830 al)-

1736 5868 1827 5907 era
1952 5894 1964 5907 .

1736 5859 1850 5908 erat
1878 5854 1937 5907 5i
1952 5894 1964 5907 .
2266 5864 2271 5867 ’
2780 5866 2781 5869 ‘
