4008 6328
136 461 277 516 ίῧϐί

1091 460 1449 519 HIPPARCHI
1481 462 1569 517 AD
1609 462 2053 521 rnmnonsm
2095 465 2220 527 LIB,
2266 466 2305 519 ι.

3198 467 3335 547 ioca

136 578 383 649 κεφαλῆς
418 578 510 654 τοῦ
542 578 736 649 Ὗδρου
784 579 1071 650 ἡγούμενοι
1114 580 1368 649 ἐπέχουσι
1424 578 1694 648 Καρκίνου

1806 578 1990 634 Cancri
2020 583 2266 637 obtinent
2294 591 2477 653 partes
2504 583 2735 653 amplius
2768 584 2971 638 decem.
2993 582 3220 637 Planum
3251 594 3336 639 est

139 668 329 724 πλεῖον
365 670 397 740 ἢ
445 667 553 736 μοι.
590 675 640 723 ι’.
677 669 842 738 Δῆλον
889 665 1001 735 οὖν,
1031 669 1111 723 ὅτι
1154 670 1328 741 πολλῷ
1356 670 1534 723 πλεῖον
1565 671 1693 722 ὑπο-

140 761 384 815 λείπεται
414 760 506 813 τοῦ
544 762 827 831 εἰρημένου
872 761 1066 815 κύκλου
1101 764 1128 814 6
1160 761 1325 833 αὐχὴν
1352 762 1444 815 τοῦ
1476 761 1687 832 Ὕδρου.

215 855 348 927 KH’.
375 853 507 923 Περὶ
528 853 584 906 δέ
610 855 704 923 τῆς
746 855 966 925 ’Λργοῦς
990 856 1084 924 οὐχ
1115 853 1276 922 ὑγιῶς
1312 855 1543 925 εἴρηται.
1574 855 1693 908 Τῶν

142 946 190 998 δ’
222 946 278 997 ἐν
305 948 369 1014 τῇ
398 946 532 1015 οὐρᾷ
555 945 647 997 τού
700 947 867 999 νοτίου
913 946 1106 1017 Ἰχθύος
1144 945 1374 1017 μάλιστα
1407 949 1433 998 ὁ
1465 946 1696 1017 ἡγούμε-

144 1055 237 1100 νος
276 1037 461 1107 ἀπέχει
510 1036 600 1089 τού
644 1045 691 1090 α’
725 1038 901 1090 πλεῖον
933 1039 963 1109 ἢ
995 1037 1102 1108 μοὶ.
1145 1044 1248 1105 κγ’.
1295 1037 1555 1090 Τοσοῦτον
1586 1039 1693 1107 ἄρα

145 1129 492 1182 ὑπολείπεται
532 1128 624 1182 τοῦ
665 1129 1055 1199 προειρημένου
1099 1127 1314 1189 κύκλου,
1356 1130 1448 1181 καὶ
1483 1130 1581 1181 ούκ
1608 1129 1692 1179 ἐπ’

146 1220 312 1273 αύτού
355 1220 590 1292 φέρεται.
633 1221 685 1272 Ὀ
721 1220 775 1271 δέ
814 1219 1013 1283 Ὀῖστὺς
1057 1221 1173 1283 ὅλος
1219 1220 1558 1299 ὑπολείπεται
1599 1218 1694 1272 τοῦ

148 1312 541 1385 προειρημένου
576 1312 794 1375 κύκλου,
818 1314 910 1366 καὶ
936 1314 995 1364 ού
1021 1313 1106 1365 διὰ
1138 1312 1299 1381 μέσου
1322 1313 1572 1382 τέμνεται
1604 1312 1693 1365 ὑπ’

144 1404 335 1459 αὐτοῦ.
371 1408 426 1458 '0
458 1404 563 1475 γὰρ
600 1398 894 1476 ἡγούμενος
922 1408 976 1458 ἐν
998 1404 1144 1475 αύτῴ
1175 1406 1347 1476 ἀστὴρ
1370 1405 1560 1474 ἀπέχει
1592 1406 1696 1456 ἀπὸ

147 1498 266 1568 μοι.
302 1502 346 1549 α’
376 1497 439 1549 ⁷⁰.
471 1497 582 1549 υύκ
612 1496 719 1566 ἄρα
748 1495 965 1549 δυνατὸν
990 1496 1380 1565 διχοτομεῖσθαι
1408 1496 1566 1549 αὐτὸν
1596 1494 1698 1547 ὑπὸ

142 1585 247 1640 τοῦ
289 1585 676 1657 προειρημένου
715 1585 930 1639 κύκλου.
982 1586 1204 1655 Ὁμοίως
1232 1587 1286 1639 δὲ
1324 1588 1416 1639 καὶ
1456 1591 1483 1641 6
1514 1589 1698 1657 Ὄρνις

144 1678 273 1743 ὅλος
304 1678 434 1750 πρὸς
481 1676 737 1740 ἀνατολὰς
779 1680 946 1729 κεῖται
994 1677 1086 1729 τοῦ
1138 1678 1421 1748 εἰρημένου
1477 1678 1695 1731 κύκλου.

162 1766 222 1824 Ὀ
278 1769 383 1840 γὰρ
430 1767 722 1839 ἡγούμενος
776 1769 863 1820 ἐπ’
912 1768 1072 1821 αύτοῦ
1129 1771 1222 1822 καὶ
1268 1771 1351 1822 ἐπ’
1397 1770 1564 1840 ἄκρου
1604 1769 1699 1821 τοῦ

152 1862 385 1934 ῥύγχους
416 1859 601 1930 ἀπέχει
632 1859 739 1929 μοί.
778 1866 825 1911 α’
852 1859 937 1913 S".
973 1860 1089 1913 Τῶν
1115 1860 1169 1914 δὲ
1197 1863 1252 1914 ἐν
1290 1862 1433 1932 ἄκρᾳ
1461 1865 1527 1931 τῇ
1554 1861 1700 1932 δεξιᾷ

150 1955 384 2025 πτέρυγι
407 1956 433 2006 6
464 1952 690 2022 μάλιστα
724 1953 857 2024 πρὸς
902 1953 1049 2006 δύσιν
1080 1953 1325 2023 κείμενος
1371 1955 1559 2023 ἀπέχει
1604 1954 1697 2007 τοῦ

147 2050 199 2098 α’
236 2044 296 2096 ού
328 2042 534 2111 πλέονῆ
578 2028 686 2112 μοι.
723 2049 774 2107 ς’
803 2044 885 2097 s".
914 2045 1025 2097 Ούκ
1061 2045 1166 2115 ἄρα
1206 2044 1427 2117 δυνατὸν
1460 2045 1577 2098 ούδέ
1613 2046 1701 2099 τὸν

150 2136 357 2205 αὐχένα
378 2135 470 2189 τοῦ
504 2134 746 2204 Ὄρνιθος
782 2134 903 2189 οὔτε
932 2137 1027 2206 τὴν
1058 2135 1235 2200 δεξιὰν
1264 2118 1503 2206 πτέρυγα
1537 2134 1701 2191 αὐτοῦ

153 2227 251 2279 ἐπὶ
280 2226 371 2279 τοῦ
398 2226 681 2298 εἰρημένου
706 2225 899 2280 κύκλου
926 2226 1153 2280 κεῖσθαι.

226 2317 330 2371 Τοῦ
362 2335 424 2387 γε
455 2318 559 2389 μὴν
596 2317 825 2387 Κηφέως
867 2320 899 2387 ή
940 2316 1196 2387 ἀριστερά
1240 2318 1357 2387 χεὶρ
1400 2317 1532 2370 πολὺ
1571 2318 1704 2381 ὅλως

158 2408 520 2480 παραλλάσσει
550 2408 639 2462 τὸν
685 2408 965 2479 εἰρημένον
1011 2406 1204 2460 κύκλον
1243 2408 1379 2477 πρὸς
1420 2408 1699 2472 ἀνατολάς.

162 2502 268 2555 Καὶ
297 2502 403 2572 γὰρ
427 2504 475 2553 oi
509 2504 564 2553 ὲν
589 2503 652 2571 τῇ
687 2500 890 2570 κεφαλῇ
916 2498 1099 2561 αὑτοῦ,
1126 2499 1175 2551 οἱ
1209 2500 1509 2570 ’ἡγούμενοι
1547 2500 1702 2571 μάλι-

171 2608 285 2653 στα,
318 2590 405 2644 τού
444 2592 722 2662 ’Υόροχόου
755 2591 1003 2661 ἐπέχουσι
1044 2591 1220 2644 πλεῖον
1252 2593 1284 2662 ἢ
1318 2595 1422 2662 μοῖ.
1461 2600 1511 2648 ι’.
1551 2594 1610 2646 '0
1648 2594 1705 2647 δὲ

172 2680 229 2732 ὲν
249 2682 310 2751 τῇ
334 2682 581 2752 ἀριστερᾷ
609 2682 747 2753 χειρὶ
784 2681 1026 2752 λαμπρὸς
1058 2682 1249 2753 ἀστὴρ,
1291 2684 1320 2734 6
1358 2685 1413 2735 ἐν
1444 2682 1521 2753 τῷ
1550 2681 1701 2753 ὤμῳ,

168 2772 229 2826 ὃν
277 2789 410 2837 τινες
450 2773 693 2839 τιθέασι,
750 2773 841 2827 τοῦ
884 2774 1159 2846 Ὑδροχὸου
1207 2774 1388 2846 ἐπέχει
1447 2779 1554 2845 μοί.
1606 2776 1701 2829 κε’.

165 2865 316 2938 Παρὰ
345 2866 534 2936 μικρὸν
556 2862 647 2919 οὖν
681 2864 724 2936 β’
741 2866 917 2930 ’ζῴδια
948 2866 1329 2937 παραλλάσσει.
1360 2868 1493 2939 Περὶ
1527 2869 1706 2939 μέντοι

160 2958 258 3026 τῆς
302 2956 521 3027 καμπῆς
547 2956 638 3009 τού
670 2958 876 3025 Ὄφεως
927 2959 1017 3010 καὶ
1046 2957 1144 3028 τῆς
1176 2959 1340 3029 οὐρᾶς
1380 2959 1483 3029 τῆς.
1510 2961 1706 3030 μικρᾶς

161 3049 397 3117 ’Δρκτου
429 3048 599 3119 ὀρθῶς
626 3050 947 3118 ἀπεφήνατο.
1115 3061 1118 3064 ’

229 3137 360 3191 Κῦν.
395 3139 481 3191 Ἐν
512 3139 567 3192 δὲ
592 3137 666 3210 τῷ
690 3139 854 3210 ἑτέρῳ
881 3138 1117 3210 κολούρῳ
1156 3140 1286 3210 φησὶ
1321 3140 1533 3193 κεῖσθαι
1554 3143 1581 3194 6
1611 3142 1708 3211 μὲν

1792 670 1957 741 igitur
1994 671 2190 726 collum
2241 672 2410 745 Ilydri
2440 672 2669 743 longiori
2720 672 2896 727 adbue
2936 673 3005 729 ab
3034 687 3099 727 eo
3133 674 3340 728 circulo

1793 762 1968 831 spatio
1994 760 2218 816 distare.
2618 765 2624 771 ’

1865 850 2095 907 XXVIII.
2134 852 2265 906 Nam
2296 853 2363 907 de
2390 854 2532 924 Argo
2574 854 2710 911 falsa
2745 864 2871 911 sunt
2912 871 3031 927 qua:
3075 856 3214 911 idem
3251 855 3341 911 illa

1794 949 2033 1017 scripsit.
2071 949 2127 1002 In
2166 950 2422 1004 australis
2450 964 2577 1003 vero
2615 948 2788 1003 Piscis
2816 952 2986 1004 cauda
3032 948 3341 1020 praecedens

1772 1048 1779 1055 ’
1797 1041 2030 1094 maxime
2050 1042 2217 1096 distat
2235 1057 2262 1094 a
2283 1046 2451 1111 primo
2468 1042 3057 1119 panibusampliusﬁﬁ.
3082 1040 3342 1095 Tantum-

1798 1129 1919 1182 dem
1948 1144 2076 1198 ergo
2102 1132 2339 1185 abestab
2365 1146 2429 1187 eo
2457 1147 2613 1200 quem
2645 1132 2752 1185 dixi
2781 1132 3008 1193 circulo,
3047 1145 3142 1184 nec
3181 1132 3234 1184 itt
3277 1143 3343 1185 co

1795 1232 2058 1275 moretur.
2091 1224 2165 1274 At
2217 1223 2428 1292 Sagitta
2480 1232 2682 1293 quanta
2719 1230 2921 1291 quanta
2959 1233 3041 1275 e5t
3076 1222 3240 1276 distat
3275 1222 3345 1276 ab

1794 1312 1983 1367 eodem
2011 1313 2241 1377 circulo,
2275 1330 2375 1367 nec
2406 1315 2473 1369 ab
2503 1330 2567 1369 eo
2590 1314 2767 1368 media
2797 1323 3029 1369 secatur.
3052 1311 3184 1365 Nam
3208 1328 3345 1384 prm-
3412 1364 3415 1365 ν

1796 1398 1996 1452 cedens
2022 1398 2081 1451 in
2119 1399 2233 1468 ipsa
2270 1401 2428 1454 stella
2457 1400 2627 1453 distat
2658 1408 2809 1470 parte
2840 1415 2965 1452 uua.
2998 1398 3176 1463 Quare
3201 1398 3343 1475 bifa-

1797 1491 1933 1543 riam
1957 1490 2023 1543 ab
2056 1491 2148 1544 illo
2184 1493 2390 1545 circulo
2432 1491 2598 1544 dividi
2633 1507 2736 1544 non
2772 1500 2964 1560 potest.
3002 1489 3263 1544 Similiter
3291 1496 3346 1545 et

1797 1580 2015 1652 Cygnus
2041 1588 2187 1638 totus
2221 1583 2289 1637 ad
2336 1583 2597 1637 orientem
2630 1582 2893 1635 obversus
2914 1590 2998 1635 est
3030 1583 3079 1635 ci
3114 1582 3341 1636 circulo.
3394 1588 3402 1594 '

1800 1670 1974 1743 Ilujus
2008 1676 2151 1728 enim
2179 1674 2511 1745 praecedens,
2542 1683 2595 1728 et
2627 1676 2679 1728 in
2723 1683 2968 1728 extremo
2997 1683 3178 1728 rostro
3216 1674 3343 1753 sita,

1798 1750 1965 1820 distat
1996 1778 2143 1834 parte
2177 1765 2198 1819 1
2238 1767 2357 1837 1/2.
2379 1766 2575 1820 Earum
2604 1766 2757 1836 117
2778 1782 2919 1828 vero,
2949 1782 3067 1836 qua:
3092 1767 3143 1820 in
3165 1750 3345 1823 extre-

1800 1858 1990 1911 mitate
2007 1866 2134 1912 sunt
2164 1859 2260 1912 ala:
2279 1859 2501 1920 dextrae,
2521 1874 2639 1927 quae
2661 1862 2724 1912 ad
2750 1859 3081 1914 occidentem
3114 1861 3349 1914 maxime

1800 1952 2031 2013 spectat,
2058 1950 2211 2000 abest
2231 1962 2259 1999 a
2292 1949 2455 2017 priori
2475 1960 2627 2017 parte
2655 1964 2760 2005 non
2784 1949 3064 2018 amplius6
3092 1950 3207 2018 I/2.
3229 1949 3347 2006 Non

1801 2039 1977 2100 potest
1999 2032 2161 2099 igitur
2181 2048 2247 2088 ne
2276 2035 2474 2088 collum
2504 2036 2719 2104 quidem
2738 2035 2931 2108 Cygni,
2956 2055 3133 2111 neque
3159 2042 3348 2097 dextra

1799 2124 1918 2194 ejus
1949 2124 2034 2178 ala
2058 2125 2113 2179 in
2136 2126 2228 2180 illo
2259 2125 2465 2182 circulo
2495 2129 2767 2185 collocari.

1868 2302 1987 2358 1am
2028 2306 2247 2361 sinistra
2285 2306 2482 2379 Cephei
2518 2324 2713 2366 manus
2744 2310 2903 2381 longe
2926 2312 2991 2366 ab
3024 2322 3211 2368 cortem
3238 2313 3348 2369 cir-
3410 2299 3414 2307 ’

1802 2397 1926 2450 culo
1963 2397 2201 2452 declinat
2238 2400 2305 2453 ad
2347 2402 2629 2455 orientem.
2672 2400 2807 2456 Nam
2839 2418 2959 2473 qua:
2997 2413 3125 2458 sunt
3175 2406 3230 2460 in
3282 2406 3350 2460 il-

1802 2487 1908 2542 lius
1941 2490 2139 2559 capite,
2181 2494 2476 2560 praesertim
2514 2494 2917 2559 antecedentes,
2954 2497 3174 2567 Aquarii
3224 2512 3349 2569 par-

1803 2586 1909 2633 tem
1943 2580 2187 2635 obtinent
2219 2585 2452 2653 amplius
2494 2576 2779 2639 decimam.
2816 2585 3017 2640 Lucida
3047 2603 3193 2650 vero,
3230 2606 3378 2659 quia,

1802 2680 1884 2724 est
1914 2670 1967 2723 in
1997 2670 2219 2727 sinistra
2253 2689 2432 2735 manu.
2479 2691 2639 2746 quam
2678 2678 2903 2733 humero
2942 2680 3159 2748 quidam
3199 2686 3353 2739 attri-

1803 2762 1998 2828 buunt,
2055 2763 2279 2833 Aquarii
2312 2766 2530 2823 obtinet
2572 2778 2779 2839 partem
2811 2770 2902 2827 9.5.
2957 2770 3351 2842 PrOpenmdnm

1803 2869 1932 2924 ergo
1999 2855 2274 2925 signorum
2335 2850 2565 2914 duorum
2619 2862 2904 2916 intervallo
2966 2862 3218 2919 declinat.
3279 2864 3354 2921 Do

1805 2944 1941 3000 ﬂexu
1983 2944 2260 3019 Serpentis
2291 2960 2345 3006 et
2394 2952 2566 3006 cauda
2619 2954 2842 3023 minoris
2880 2953 3028 3009 Ursa:
3068 2965 3213 3012 recte
3263 2958 3354 3014 illo

1805 3036 2013 3091 statuit.
3312 3096 3313 3099 η

1877 3123 2063 3178 XXIX.
2089 3124 2146 3178 In
2163 3128 2330 3182 altero
2350 3131 2535 3185 coluro
2555 3133 2712 3187 sitam
2734 3149 2853 3189 esse
2876 3136 3063 3192 scribit
3080 3138 3353 3193 sinistram

157 3228 257 3300 τὴν
288 3229 572 3299 ἀριστερὰν
603 3218 760 3301 χεῖρα.
781 3229 873 3283 τού
913 3230 1353 3302 Ἀρκτοιρύλακος,
1372 3232 1473 3285 καὶ
1497 3232 1539 3263 ⁷⁸
1567 3210 1707 3301 μέσα

1808 3210 2217 3285 Arctopltylacis
2244 3233 2480 3284 manum,
2513 3236 2575 3275 ae
2602 3238 2697 3292 per
2729 3226 2961 3284 medium
2991 3229 3165 3297 ipsum
3185 3236 3357 3283 trans-

156 3320 326 3376 αὐτοῦ
360 3320 497 3373 κατὰ
539 3324 706 3393 μῆκος
727 3341 740 3353 ·
768 3319 883 3376 εἶτα
918 3324 986 3376 τὰ
1020 3325 1156 3393 μέσα
1199 3323 1304 3376 τῶν
1347 3324 1536 3394 Χηλῶν
1572 3326 1739 3379 κατὰ»

160 3412 391 3476 πλάτος·
419 3413 509 3467 καὶ
539 3413 629 3465 τοῦ
658 3413 960 3485 Κενταύρου
983 3414 1077 3485 τὴν
1100 3413 1274 3478 δεξιὰν
1299 3419 1471 3485 χεῖρα,
1508 3416 1599 3467 καὶ
1643 3417 1712 3469 τὰ

158 3502 467 3575 ἑμπρόσθια
494 3504 720 3571 γόνατα⁶
749 3505 883 3573 μετὰ
928 3503 983 3554 δὲ
1025 3503 1115 3555 τὸν
1143 3504 1323 3573 ἀφανῆ
1363 3504 1540 3567 πόλον,
1570 3521 1711 3575 καμ-

158 3596 271 3665 πήν
308 3585 367 3647 τε
396 3594 485 3648 τοῦ
523 3593 792 3665 Ποταμού,
822 3595 912 3646 καὶ
949 3594 1157 3663 Κήτους
1190 3594 1287 3664 τὴν
1331 3594 1739 3662 κεφαλὴν,”καὶ’

156 3685 253 3738 τοῦ
283 3684 452 3757 Κριοῦ
486 3688 551 3740 τὰ
574 3685 713 3739 νῶτα
753 3684 893 3738 κατὰ
932 3684 1150 3746 πλάτος,
1198 3685 1289 3737 καὶ
1332 3685 1426 3738 τοῦ
1461 3685 1711 3756 Περσέως

157 3776 257 3847 τὴν
287 3776 522 3847 κεφαλὴν
553 3778 644 3830 καί
678 3777 773 3848 τὴν
798 3776 973 3843 δεξιὰν
1005 3779 1179 3847 χεῖρα.

237 3864 311 3919 Ἡ
363 3856 457 3935 μὲν
505 3863 596 3920 οὖν
652 3868 933 3938 ἀριστερὰν
961 3869 1079 3939 χείρ
1136 3868 1231 3921 τοῦ
1284 3868 1712 3941 Ἀρκτοφύλακος

158 3958 508 4013 ὑπολείπεται
544 3960 634 4013 τοῦ
664 3960 947 4031 εἰρημένου
994 3958 1188 4011 κύκλου
1230 3960 1303 4021 ὼς
1336 3960 1504 4029 ἥμισυ
1551 3962 1713 4031 μέρος

159 4051 377 4116 ζωδὶου,
414 4052 502 4103 καὶ
528 4052 623 4103 ούκ
654 4052 736 4103 ἐπ’
762 4050 921 4103 αύτού
953 4051 1170 4121 φέρεται
1209 4050 1301 4102 τοῦ
1340 4052 1427 4105 διὰ
1455 4050 1560 4102 τῶν
1595 4054 1711 4122 ἰση-

161 4140 400 4214 μιρινῶν
443 4142 677 4212 σημείων
718 4141 935 4202 κύκλου,
961 4140 1033 4203 ὡς
1062 4139 1283 4203 Εὔδοξός
1313 4158 1495 4209 φησιν.
1529 4143 1583 4194 'U
1607 4143 1713 4213 γὰρ

159 4232 458 4304 ἡγούμενος
493 4230 599 4283 τῶν
647 4232 703 4283 ἐν
742 4232 872 4301 αὐτῇ
900 4232 1080 4301 ἐπέχει
1118 4230 1306 4300 Χηλῶν
1340 4230 1573 4302 πλεῖονῆ
1602 4236 1711 4301 μοῖ.

162 4327 253 4389 ιγ.
288 4322 495 4388 Ἀγνοεῖ
520 4320 575 4373 δὲ
602 4321 694 4374 καὶ
723 4320 879 4390 μέσον
908 4320 1070 4372 αὐτοῦ
1097 4321 1157 4371 τὸ
1187 4320 1343 4389 σῶμα
1376 4320 1513 4373 κατὰ
1546 4321 1714 4389 μῆκος

161 4414 268 4466 ὑπὸ
288 4412 385 4465 τού
408 4413 691 4482 εἰρημένου
721 4412 915 4465 κύκλου
938 4412 1221 4482 τέμνεσθαι
1240 4413 1426 4480 λέγων·
1445 4416 1472 4465 6
1491 4413 1587 4482 μὲν
1609 4414 1716 4485 γὰρ

162 4505 255 4557 ἐπὶ
283 4505 383 4573 τῆς
413 4504 648 4573 κεφαλῆς
685 4503 857 4574 ἀστὴρ
891 4504 1071 4573 ἐπέχει
1099 4505 1289 4575 Χηλῶν
1316 4506 1439 4575 περὶ
1481 4507 1587 4575 μοῖ.
1642 4512 1713 4571 ις’

1809 3305 1889 3360 ire
1958 3309 2253 3363 secundum
2324 3313 2746 3383 longitudinem;
2809 3318 3003 3374 deinde
3064 3318 3354 3375 Chelarum

1808 3399 2041 3452 medium
2068 3402 2362 3458 secundum
2402 3408 2765 3464 latitudinem.
2799 3409 3053 3465 Centauri
3095 3421 3356 3481 praeterea

1808 3486 2049 3543 dextram
2096 3507 2311 3547 manum
2374 3502 2429 3549 et
2480 3499 2751 3551 anteriora
2796 3514 2990 3568 genua.
3042 3498 3170 3555 Post
3215 3500 3358 3557 nunc

1806 3595 1968 3647 quam
2002 3593 2345 3651 apparentem
2381 3588 2583 3653 polum,
2612 3589 2806 3643 ﬂexum
2852 3588 3133 3655 Fluminis,
3160 3600 3213 3647 et
3238 3593 3355 3651 Ceti

1807 3680 1984 3737 caput.
2010 3678 2061 3723 et
2098 3672 2296 3728 Arietis
2326 3682 2471 3745 terga
2504 3680 2801 3732 secundum
2846 3680 3207 3747 latitudinem,
3232 3681 3357 3741 Per-

1808 3759 1885 3814 sei
1923 3773 2086 3829 caput
2124 3778 2247 3816 cum
2282 3765 2471 3819 dextra
2508 3783 2693 3823 manu.

1876 3851 2039 3922 Atqui
2072 3854 2202 3907 lteva
2254 3871 2445 3913 niattus
2494 3860 2903 3932 ArctOpltylaeis
2934 3866 3084 3919 abest
3135 3864 3204 3921 ab
3250 3866 3364 3923 isto

1808 3945 2010 3999 circqu
2050 3948 2330 4002 intervallo
2388 3951 2497 4006 fere
2528 3953 2734 4007 dimidii
2772 3956 2951 4025 signi;
3012 3973 3109 4011 nec
3157 3958 3210 4012 in
3241 3960 3360 4029 ipso

1809 4039 2014 4093 circulo
2038 4042 2139 4094 sita
2168 4051 2273 4102 est.
2297 4044 2387 4111 qui
2409 4060 2502 4113 per
2517 4046 2918 4115 mquinoetialia
2945 4056 3141 4116 puncta
3173 4056 3353 4105 trans-

1811 4132 1890 4195 it,
1944 4138 2002 4183 ut
2050 4130 2301 4187 Eudoxus
2348 4134 2589 4191 ailirmat.
2643 4136 2860 4191 Etenim
2904 4140 3230 4194 antecedens
3264 4155 3356 4195 ea-

1811 4237 1951 4281 rum.
1992 4238 2112 4291 qua:
2151 4224 2204 4277 in
2246 4225 2333 4277 illa
2374 4236 2520 4288 sunt.
2555 4228 2842 4282 Cltelarum
2892 4231 3100 4284 obtinet
3149 4238 3361 4301 partem

1812 4314 2043 4383 amplius
2092 4315 2175 4369 I3.
2226 4314 2488 4371 Prieterea
2524 4320 2575 4372 in
2618 4336 2683 4372 eo
2728 4335 2943 4389 quoque
2997 4320 3366 4378 ltallueinatus

1811 4414 1915 4471 est,
1956 4405 2098 4475 quod
2151 4407 2384 4461 medium
2428 4424 2623 4478 corpus
2668 4410 2832 4473 illius,
2865 4413 3161 4465 secundum
3190 4412 3358 4480 longi-

1814 4497 2076 4560 tudinem,
2110 4498 2178 4554 ab
2215 4514 2281 4554 eo
2319 4514 2477 4566 quem
2526 4502 2762 4555 diximus
2810 4503 2982 4556 secari
3026 4503 3230 4555 circulo
3261 4517 3361 4571 pu-

162 4593 261 4647 καὶ
298 4593 565 4664 δίμοιρον·
610 4597 638 4647 6
674 4593 727 4645 δὲ
760 4595 817 4645 ὲν
844 4593 923 4663 τῷ
957 4593 1111 4662 δεξιῷ
1158 4595 1275 4647 ποδὶ
1312 4596 1491 4665 ἐπέχει
1523 4595 1707 4665 Χηλῶν

1815 4597 1910 4643 tat.
1943 4588 2153 4644 Etenim
2182 4606 2301 4659 qum
2328 4598 2410 4644 est
2439 4591 2491 4645 in
2518 4590 2635 4657 ejus
2668 4591 2841 4658 capite
2868 4592 3042 4652 stella,
3069 4591 3365 4647 Chelarum

166 4684 295 4754 περὶ
326 4686 432 4753 μοῖ.
456 4684 529 4736 κδ’
554 4683 638 4748 S",
668 4683 707 4736 δ’
726 4701 737 4713 ’
764 4685 791 4737 ὁ
828 4684 882 4735 δὲ
905 4686 964 4736 ἐν
994 4687 1057 4753 τῇ
1092 4683 1232 4754 ζώνῃ
1259 4685 1502 4755 λαμπρὸς
1531 4686 1715 4755 ἐπέχει

166 4773 360 4846 Χηλῶν
390 4776 514 4845 περὶ
547 4778 651 4844 μοῖ.
702 4774 759 4827 ιδ’
792 4776 883 4827 καὶ
910 4773 985 4841 γ’·
1020 4777 1047 4828 ὁ
1084 4775 1138 4826 δὲ
1175 4776 1233 4826 ἐν
1272 4778 1337 4843 τῇ
1381 4775 1528 4845 δεξιᾷ
1577 4776 1715 4845 χειρὶ

167 4864 259 4919 τοῦ
310 4864 614 4934 Κενταύρου
661 4866 997 4918 ὑπολείπεται
1049 4865 1139 4917 τού
1190 4866 1472 4934 εἰρημένου
1523 4866 1714 4918 κύκλου

169 4956 295 5025 περὶ
326 4952 368 5005 δ’
404 4955 561 5025 μέρος
607 4955 813 5019 ζωδὶου.
860 4957 1065 5025 Ἐπέχει
1118 4955 1223 5026 γὰρ
1267 4956 1455 5025 Χηλῶν
1489 4960 1598 5025 μοῖ.
1644 4965 1711 5027 η’.

179 5046 241 5100 Ἦ
269 5044 328 5099 δὲ
353 5045 557 5115 κεφαλὴ
582 5045 672 5100 τοῦ
706 5047 913 5115 Κήτους
950 5047 1291 5099 ὑπολείπεται
1331 5049 1425 5116 μὲν
1465 5047 1557 5099 τοῦ
1587 5066 1719 5118 προ-

169 5153 287 5209 ιιρη
298 5137 456 5205 μένου
482 5136 675 5189 κύκλου
695 5154 706 5165 ·
736 5138 795 5189 ού
821 5139 953 5192 πολὺ
974 5138 1051 5191 δέ.
1087 5140 1141 5191 '0
1167 5139 1273 5206 γὰρ
1298 5139 1585 5209 σύνδεσμος
1611 5140 1716 5193 τῶν

182 5227 421 5296 Ἰχθύων,
467 5227 524 5289 ὃς
570 5230 744 5279 κεῖται
794 5228 927 5296 μετά
967 5230 1062 5297 τὴν
1116 5228 1350 5300 κεφαλὴν
1387 5216 1478 5282 τοῦ
1514 5228 1717 5300 Κήτους

173 5302 265 5369 ὲπῖ
290 5319 391 5386 τῆς
417 5318 599 5387 λορίας
635 5318 818 5379 αὑτοῦ,
852 5318 1235 5389 ἐπέχειςΚριού
1270 5321 1374 5389 μοῖ.
1406 5328 1474 5387 7'.
1507 5320 1565 5375 δ’.
1611 5323 1717 5373 Καὶ

177 5408 282 5480 μὴν
311 5409 430 5461 οὐδὲ
455 5410 545 5462 τοῦ
586 5408 753 5481 Κριοῦ
780 5410 846 5461 τά
889 5410 1027 5462 νῶτα
1062 5412 1149 5464 ἐπὶ
1188 5411 1277 5463 τοῦ
1307 5413 1591 5482 εἰρημένου
1620 5413 1715 5465 κύ-

172 5499 300 5552 κλου
334 5502 539 5553 κεῖταιο
578 5501 710 5553 ἀλλά
749 5501 1088 5554 ὑπολείπεται
1135 5504 1372 5574 πλεῖονῆ
1409 5504 1585 5573 τρίτον
1626 5503 1718 5571 μέ-

178 5600 267 5655 ρος
298 5586 505 5649 ζωδίου.
550 5588 609 5641 Ὀ
639 5588 743 5660 γὰρ
773 5592 830 5641 ἐν
862 5589 1007 5659 μέσῳ
1046 5590 1123 5658 τῷ
1163 5593 1313 5661 νώτῳ
1344 5590 1504 5643 αὑτοῦ
1538 5592 1720 5660 κείμει-

178 5693 264 5739 νος
288 5677 460 5749 ἀστὴρ
485 5681 665 5751 ἐπέχει
695 5682 861 5749 Κριοῦ
900 5684 1003 5751 poi.
1042 5690 1107 5734 ια’
1151 5682 1232 5735 S".
1281 5685 1505 5753 Ὀμοεως
1547 5683 1599 5736 δὲ
1626 5685 1717 5737 καὶ

247 5832 294 5863 ’⁸
325 5846 414 5901 ελ
449 5834 552 5886 ἀπ’)
575 5836 677 5888 τῶν
708 5845 772 5890 α’.
849 5840 887 5869 ’⁸
919 5840 955 5905 f.
999 5838 1086 5889 καὶ
1114 5840 1199 5889 τά.

1815 4690 2019 4749 partem
2047 4683 2252 4736 obtinet
2279 4682 2496 4737 circiter
2523 4682 2587 4735 16
2618 4683 2758 4754 2/3;
2783 4698 2903 4750 quae
2927 4684 2980 4737 in
3002 4683 3191 4738 dextro
3207 4684 3363 4753 pede,

1776 4842 1789 4847 π
1813 4772 2097 4825 Cbelarum
2131 4772 2346 4825 circiter
2372 4771 2461 4835 24,
2492 4773 2605 4835 63';
2645 4786 2763 4841 qua:
2793 4773 2845 4825 in
2883 4788 3016 4827 zona
3048 4784 3131 4829 est
3163 4774 3364 4838 lucida,

1814 4860 2098 4916 Clielarum
2138 4860 2250 4915 fere
2277 4871 2482 4931 partem
2512 4863 2595 4927 I4,
2620 4863 2736 4929 20’;
2778 4878 2897 4933 quae
2922 4867 2974 4917 in
3006 4866 3193 4919 dextra
3224 4864 3363 4919 Cen«

1815 4952 1958 5005 tauri
1982 4967 2161 5014 manu,
2196 4953 2348 5017 abest
2369 4952 2437 5007 ab
2466 4955 2556 5008 illo
2585 4956 2790 5008 circulo
2819 4956 3115 5023 quadrante
3146 4955 3369 5009 circiter

1817 5043 1978 5113 signi.
1999 5041 2131 5095 Nam
2153 5042 2441 5107 Chelarum
2475 5052 2676 5115 partem
2696 5045 2902 5098 obtinet
2919 5046 2969 5097 8.
2996 5045 3170 5114 Caput
3201 5062 3367 5114 porro

1816 5134 1929 5187 Ceti
1987 5135 2151 5189 distat
2197 5137 2413 5205 quidem
2466 5140 2532 5191 ab
2592 5136 2779 5191 eodem
2835 5138 3065 5202 circulo;
3118 5139 3209 5193 sed
3253 5154 3363 5194 non

1817 5239 2011 5292 magno
2048 5227 2241 5293 spatio.
2269 5225 2475 5296 Quippe
2506 5228 2679 5280 nodus
2706 5226 2963 5291 Piscium,
3006 5232 3094 5297 qui
3121 5238 3241 5298 post
3270 5244 3361 5282 ea-

1817 5324 1911 5383 put
1942 5314 2057 5368 Ceti
2114 5318 2326 5385 positus
2364 5327 2463 5375 est.
2523 5318 2577 5369 in
2611 5320 2837 5387 ejusque
2869 5326 3098 5381 cervice,
3157 5320 3360 5373 obtinet

1816 5407 2013 5460 Arietis
2043 5418 2248 5476 partem
2290 5409 2342 5469 3,
2376 5392 2616 5463 IS’QSed
2651 5427 2747 5464 nec
2780 5412 2976 5464 Arietis
3008 5420 3151 5480 terga
3185 5411 3235 5461 in
3270 5410 3366 5464 illo

1816 5499 2004 5551 eodem
2034 5501 2241 5553 circulo
2280 5500 2593 5555 collocanda
2632 5511 2775 5555 sunt.
2825 5503 2865 5554 Α
2894 5517 3001 5571 quo
3033 5502 3258 5569 amplius
3285 5503 3361 5555 si-

1818 5590 1905 5659 gni
1938 5592 2136 5647 triente
2164 5592 2386 5645 distant.
2427 5591 2560 5647 Nam
2590 5609 2708 5661 quae
2746 5594 2898 5647 Stella
2938 5596 3074 5647 inest
3098 5595 3149 5646 in
3185 5592 3367 5647 medio

1820 5684 1963 5739 illius
1980 5692 2150 5753 tergo,
2181 5685 2377 5740 Arietis
2416 5686 2622 5741 obtinet
2654 5694 2858 5755 partem
2895 5686 3121 5753 amplius
3145 5684 3201 5737 it
3238 5683 3355 5751 1/2.
