4008 6328
80 429 255 483 1065

1054 398 1418 478 lllPPARCl-ll
1446 421 1535 494 an
1557 418 2003 480 PHAENOMENA
2033 426 2157 480 LIB.
2194 426 2264 482 Π.

3167 431 3303 491 1068

79 546 291 597 ϐαίνει
329 543 586 615 διαφορὰν
629 545 686 597 ὲν
726 546 844 606 ταῖς
884 543 1162 605 ἀνατολαῖς
1207 541 1312 600 τῶν
1353 540 1417 610 ιβ’
1449 537 1665 603 ξωδίων,

1774 547 1885 593 tum
1923 542 2212 597 discrimen
2239 552 2320 598 est
2344 545 2398 598 in
2440 544 2721 600 duodecim
2752 545 3024 616 signorum
3057 547 3300 601 ortibus:

80 634 373 703 ἀγνοήσει
409 619 506 702 τὴν
547 631 645 701 τῆς
691 630 880 693 νυκτὸς
922 629 1069 700 ὥραν
1107 631 1135 680 6
1177 629 1254 697 τῷ
1299 627 1670 698 προειρημένῳ

88 721 462 792 συλλογισμῷ
492 721 786 792 χρώμενος.
820 720 1065 775 Μάλιστα
1094 719 1136 773 δ’
1165 719 1228 774 ἄν
1271 735 1351 782 τις
1372 717 1669 788 θαυμάσειε

87 811 232 874 πῶς
291 811 387 864 καὶ
432 814 460 864 6
496 810 752 875 Ἄτταλος
797 808 1240 878 συγκατατίθεται
1293 807 1482 878 τούτῳ.
1511 807 1669 874 Λέγει

87 901 226 972 γὰρ
255 902 348 954 τὸν
370 902 564 972 τρόπον
591 901 806 955 τοῦτον·
842 921 860 952 ι
905 902 991 954 Ἐν
1026 902 1081 954 δὲ
1117 903 1227 963 τοῖς
1252 899 1520 971 ἐχομένοις
1552 915 1669 951 πει-

94 994 280 1063 ρᾶται
310 993 697 1058 ὑποδεικνύειν,
736 993 850 1056 πῶς
880 993 943 1048 ἄν
969 1009 1053 1055 τις
1083 991 1172 1045 διὰ
1205 991 1312 1046 τῶν
1339 992 1547 1061 ἄστρων
1581 988 1670 1043 δύ-

87 1101 264 1137 ναιτο
293 1085 390 1155 τὴν
417 1085 560 1156 ὤραν
594 1085 691 1153 τῆς
714 1085 901 1147 νυκτὸς
927 1074 1354 1153 ἐπιγιγνώσκειν.
1389 1082 1540 1135 Ἐπεὶ
1563 1081 1670 1151 γάρ

87 1176 261 1227 ἐστιν
293 1175 435 1247 ἀρχὴ
461 1175 646 1239 νυκτὸς
667 1175 818 1246 ἡλίου
844 1175 990 1237 δύσις
1007 1191 1020 1203 ·
1058 1175 1085 1225 6
1108 1174 1163 1226 δὲ
1191 1174 1338 1244 ἥλιος
1366 1173 1451 1226 ἀεὶ
1474 1172 1530 1225 ἔν
1566 1189 1669 1224 τινι

86 1267 221 1319 τῶν
246 1268 313 1337 ιβ’
341 1266 542 1330 ζωδίων
568 1268 680 1320 ὲστί
699 1285 712 1298 ο
746 1266 918 1336 δῆλον,
941 1266 1020 1318 ὃτι
1045 1265 1120 1334 τῷ
1144 1263 1459 1333 γινώσκοντι
1487 1265 1545 1316 ὲν
1567 1263 1669 1316 τίνι

82 1375 158 1410 τε
183 1357 368 1428 ζωδίῳ
385 1360 413 1411 6
435 1357 583 1429 ἥλιός
609 1359 743 1420 ἐστι,
763 1358 852 1410 καί
877 1357 934 1408 ὲν
962 1355 1132 1428 πόστῃ
1157 1355 1316 1427 μοίρᾳ
1339 1354 1431 1409 τοῦ
1459 1355 1666 1419 ζωδίου,

85 1450 297 1521 ῥᾴδιόν
332 1451 473 1502 ὲστιν
504 1449 810 1517 ἐπιγνῶναι,
857 1447 951 1500 καὶ
998 1449 1144 1499 ποῖον
1190 1445 1375 1510 ζώδιον
1429 1448 1485 1498 ὲν
1527 1447 1665 1516 ἀρχῇ

84 1542 200 1611 τῆς
240 1541 428 1604 νυκτὸς
459 1539 750 1604 ἀνατέλλει,
779 1538 872 1591 καὶ
911 1537 1036 1607 ποία
1083 1536 1260 1608 μοίρᾳ.
1301 1537 1377 1606 Τῇ
1422 1535 1529 1607 γὰρ
1565 1536 1668 1616 ὑπὸ

83 1633 194 1685 τοῦ
237 1633 386 1703 ἡλίου
415 1630 744 1702 κατεχομένη
782 1629 943 1700 μοίρᾳ.
985 1631 1016 1699 ἡ
1065 1627 1204 1681 κατά
1237 1627 1519 1699 διάμετρον
1555 1644 1666 1679 κει-

92 1726 170 1798 μέ
181 1743 255 1796 νη
281 1725 380 1796 τὴν
404 1725 661 1794 ἀνατολὴν
698 1721 834 1776 κατά
856 1720 949 1792 τὴν
981 1720 1152 1790 ἀρχὴν
1179 1719 1278 1790 τῆς
1299 1718 1488 1780 νυκτὸς
1512 1718 1668 1787 ποιή-

92 1835 212 1873 σει,
250 1817 418 1871 Τοῦτο
453 1818 508 1871 δὲ
549 1815 952 1888 προϊστορηκὼς
983 1815 1074 1868 καὶ
1106 1810 1444 1881 ἐπεγνωκὼς,
1485 1811 1564 1864 ὅτι
1607 1809 1665 1862 ἐν

93 1871 262 1980 πάσῃ
308 1911 458 1962 νυκτὶ
498 1915 550 1972 ς’
593 1871 784 1971 ,ξώδιαι
810 1871 949 1978 τὲρδξ
985 1909 1051 1976 τῇ
1093 1871 1318 1973 ἀνατολῇ
1369 1871 1663 1971 ἀνίσχουσι,

92 2001 378 2068 γνώσεται
431 2001 520 2053 καὶ
568 1999 728 2052 πόσον
763 1999 864 2068 ’τῆς
897 1997 1082 2060 νυκτὸς
1125 1991 1487 2066 παρεληλυθός
1528 1993 1662 2056 ἐστι,

95 2094 200 2146 καὶ
227 2093 390 2145 πόσον
423 2092 482 2144 τὸ
503 2091 683 2144 λοιπὸν
704 2091 806 2154 ’έως
838 2090 934 2160 τῆς
956 2088 1049 2142 τοῦ
1085 2088 1231 2159 ἡλίου
1263 2085 1537 2156 ἀνατολῆς.
1569 2104 1587 2136 ι

177 2271 336 2324 Μετά
376 2271 431 2323 δὲ
475 2268 642 2323 ταῦτα
667 2269 887 2340 λέληθεν
928 2265 1269 2338 ἀμφοτέρους
1309 2265 1539 2328 αὐτοὺς,
1580 2263 1662 2316 ὅτ.

100 2363 218 2415 οὐδ’
249 2362 312 2415 ἂν
331 2361 462 2415 αύτὸ
483 2361 544 2414 τὸ
573 2360 756 2424 ζώδιον
789 2360 956 2430 βλέπῃ
984 2375 1065 2420 τις
1097 2355 1472 2434 ἀνατεταλκδς,
1507 2355 1663 2407 δυνα-

105 2454 201 2517 τός
237 2455 378 2506 ἐστιν
408 2451 647 2523 ἀκριϐῶς
670 2452 768 2522 τὴν
813 2449 961 2520 ὥραν
987 2448 1086 2518 τῆς
1119 2446 1310 2509 νυκτὸς
1350 2444 1662 2513 συλλογίσα-

118 2547 243 2599 σθαι
290 2541 428 2598 κατά
472 2543 563 2596 τὸν
612 2539 1002 2613 προειρημένον
1055 2539 1269 2610 τρόπον.
1312 2537 1376 2589 Ei
1421 2536 1514 2606 μὲν
1553 2535 1660 2607 γὰρ

116 2639 344 2689 ’ἑκαστον
383 2636 490 2689 τῶν
517 2633 918 2706 ὴστερισμένων
953 2632 1047 2685 καὶ
1078 2629 1422 2701 βλεπομένων
1455 2627 1658 2692 ζωδίων

120 2725 510 2797 συνεπληροῦτο
536 2723 655 2778 καθ’
685 2723 742 2776 ἓν
771 2721 1231 2792 δωδεκατημόριον
1264 2718 1361 2772 τοῦ
1395 2715 1658 2780 ζωδιακοῦ

110 2819 334 2881 κύκλου,
356 2818 481 2889 παρ’
508 2815 672 2887 αὐτὴν
706 2817 871 2886 μόνην
897 2814 995 2885 τὴν
1023 2815 1079 2865 ἐν
1107 2816 1221 2872 ταῖς
1245 2809 1526 2871 ἀνατολαῖς
1553 2807 1660 2861 τῶν

112 2911 315 2982 κώνων
359 2909 645 2978 ἀνισότητα
692 2906 1070 2975 διεπίπτομεν·
1122 2903 1243 2958 ἐπεὶ
1281 2901 1336 2954 δὲ
1383 2900 1501 2954 οὐδὲ
1548 2901 1659 2961 τοῖς

107 3003 593 3074 δωδεκατημορίοις
633 3001 722 3054 ἴσα
746 3000 860 3053 ἐστὶ
892 2998 962 3052 τὰ
1002 2996 1297 3066 φαινόμενα
1330 2992 1513 3057 ζῴδια,
1549 2990 1658 3044 οὒτ’

110 3099 166 3149 ὲν
197 3099 308 3159 τοῖς
350 3096 494 3158 ἰδίοις
527 3096 697 3147 κεῖται
739 3092 920 3152 τόποις
964 3089 1174 3143 ἅπαντα
1198 3105 1209 3116 ·
1241 3086 1376 3140 ἀλλά
1414 3085 1534 3138 τινὰ
1563 3084 1658 3154 μὲν

108 3187 286 3240 αὐτῶν
313 3186 576 3240 ἐλάσσονὰ
621 3187 734 3237 ἐστι
771 3182 864 3237 τοῦ
896 3178 1357 3250 δωδεκατημορίου
1381 3217 1395 3241 ,
1441 3175 1561 3230 τινὰ
1601 3174 1658 3228 δὲ
1683 3195 1725 3254 C

111 3279 289 3348 πολλῷ
343 3277 591 3348 μείζονα·
624 3275 871 3345 καθάπερ
912 3271 1111 3334 εὐθέως
1156 3275 1186 3323 6
1242 3271 1337 3340 μὲν
1389 3268 1658 3339 Καρκίνος

105 3371 228 3422 οὐδὲ
251 3371 312 3423 τὸ
350 3371 527 3439 τρίτον
569 3370 733 3438 μέρος
763 3366 944 3436 ἐπέχει
969 3364 1062 3417 τοῦ
1094 3361 1590 3431 δωδεκατημορίουο
1623 3359 1656 3428 ἠ

108 3460 165 3512 δὲ
191 3460 462 3530 Παρθένος
499 3456 591 3510 καὶ
616 3458 706 3509 τοῦ
744 3457 984 3518 Λέοντος,
1025 3452 1119 3506 καὶ
1162 3451 1267 3504 τῶν
1308 3449 1499 3520 Χηλῶν
1541 3447 1658 3500 ἑπι-

113 3551 410 3621 λαμϐάνειτ
441 3549 550 3601 τῶν
575 3548 629 3600 δὲ
665 3545 878 3616 Ἰχθύων
911 3546 938 3596 6
970 3542 1281 3611 νοτιώτερος
1317 3541 1432 3602 ὅλος
1473 3539 1656 3609 σχεδὸν

101 3645 166 3695 tv
190 3641 268 3712 τῷ
301 3640 392 3693 τοῦ
422 3638 697 3710 ’Υδροχόου
738 3641 906 3691 κεῖται
934 3632 1411 3704 δωδεκατημορίῳ·
1446 3629 1560 3692 πῶς
1589 3631 1654 3682 ἂν

108 3735 191 3804 εἴη
224 3731 447 3786 δυνατὸν
500 3733 564 3784 ὲκ
605 3731 701 3801 τῆς
745 3728 995 3798 τοιαύτης
1037 3726 1144 3780 τῶν
1195 3724 1398 3778 δώδεκα
1454 3720 1655 3786 ζωδίων

109 3826 360 3896 ὲπιτολῆς
392 3825 488 3896 τῆς
516 3824 704 3886 νυκτὸς
744 3821 890 3893 ὥραν
921 3817 1366 3889 συλλογίσασθαι;
1398 3815 1564 3868 Ὅταν
1598 3812 1655 3864 δέ

109 3938 228 3973 τινα
253 3918 431 3973 αὐτῶν
467 3917 597 3987 μηδὲ
629 3919 684 3968 ὲν
716 3914 790 3984 τῷ
818 3911 1062 3982 ζωδιακῷ
1089 3910 1270 3980 κύκλῳ
1299 3907 1535 3976 τυγχάνῃ
1559 3905 1655 3957 ὅλα

110 4015 356 4083 κείμενα,
391 4010 520 4063 ἀλλά
549 4007 721 4077 πολλῷ
760 4006 1088 4077 βορειότερα,
1124 4001 1369 4069 καθάπερ
1402 3998 1511 4067 ἔχει
1542 3997 1570 4049 ὃ
1595 4013 1653 4048 τε

110 4106 256 4159 Λέων
314 4103 406 4155 καὶ
452 4103 480 4153 ὁ
529 4099 857 4170 βορειότερος
903 4095 1009 4148 τῶν
1060 4093 1313 4164 Ἰχθύωνο
1348 4090 1524 4161 δῆλον,
1576 4091 1656 4142 ὅτι

112 4195 290 4265 πολλῷ
319 4193 508 4265 μᾶλλον
537 4193 785 4259 ἀγνοήσει
817 4189 913 4258 τὴν
942 4187 1088 4258 ὤραν
1123 4187 1152 4238 6
1181 4187 1243 4237 ὲκ
1274 4185 1372 4256 τῆς
1394 4181 1662 4253 ἀνατολῆς
1713 4247 1728 4263 .

113 4290 213 4344 τῶν
253 4285 588 4358 φαινομένων
621 4282 822 4345 ζωδίων
859 4279 1208 4350 συλλογισμὸς
1242 4277 1438 4332 αὐτῶν.

177 4379 392 4442 Εὐθέως
419 4374 510 4430 οὖν
545 4375 638 4429 τοῦ
662 4373 705 4406 ⁷⁸
737 4372 1123 4443 ἡστερισμένου
1157 4372 1430 4442 Καρκίνου
1465 4371 1657 4424 ἀνατε-

115 4472 438 4540 ταλκότος,ἡ
469 4468 561 4522 τοῦ
609 4466 829 4526 Λέοντος
859 4464 1063 4534 κεφαλὴ
1113 4463 1436 4532 ἀναφέρεται
1483 4464 1540 4514 ὲν
1571 4461 1658 4532 Ιτῷ

118 4563 448 4631 ὑποκειμένῳ
489 4558 750 4632 ὁρίζοντι,
790 4555 1270 4625 συνανατελλούσης
1301 4556 1435 4626 αὐτῇ
1477 4555 1573 4625 τῆς
1605 4563 1653 4624 η’
1685 4541 1729 4596 D

122 4655 304 4724 μοίρας
333 4651 423 4704 τοῦ
462 4649 756 4720 Καρκίνου.
789 4647 844 4698 Ὀ
893 4648 1121 4715 ’Ἄρατος
1170 4645 1386 4715 θεωρῶν
1427 4647 1525 4718 τὴν
1563 4665 1649 4699 κε-

120 4744 282 4816 φαλὴν
309 4742 399 4794 τοῦ
437 4742 658 4802 Λέοντος
689 4737 1092 4800 ἀνατέλλουσαν,
1123 4738 1216 4790 καὶ
1258 4741 1653 4809 ὑπολαμϐάνων

119 4836 175 4888 τὸ
218 4833 353 4888 κατά
388 4833 476 4885 τὸν
519 4833 721 4886 Λέοντα
769 4829 1226 4905 δωδεκατημόριον
1266 4831 1648 4900 ἀναφέρεσθαι,

120 4920 283 4995 τρισὶν
314 4924 448 4986 ὅλοις
477 4922 760 4992 ἡμιωρίοις
783 4921 1054 4990 ἀγνοήσει.
1091 4919 1254 4973 Πάλιν
1293 4922 1321 4971 ό
1355 4920 1452 4990 μὲν
1488 4923 1656 4994 Σκορ-

125 5020 236 5080 πίος
260 5019 478 5090 ἄρχεται
509 5014 604 5084 μὲν
640 5013 813 5065 δύνειν
834 5012 1222 5082 ἀνατελλούσης
1255 5013 1423 5083 Κριοῦ
1460 5015 1652 5085 μοίρας

123 5107 550 5179 τρισκαιδεκάτης
614 5105 812 5174 μέσης·
861 5105 978 5168 ὅλος
1025 5105 1080 5157 δὲ
1125 5105 1227 5157 ὑπὸ
1280 5104 1368 5157 τὸν
1407 5098 1653 5176 ὁρίζοντα

125 5199 318 5266 γίνεται
351 5196 736 5264 ἀνατελλούσης
767 5194 864 5263 τῆς
894 5203 943 5259 ς’
981 5195 1086 5265 μοί.
1118 5195 1208 5248 τοῦ
1240 5195 1477 5268 Ταύρου·
1519 5198 1658 5252 ἀπο-

127 5288 423 5360 δεδείχαμεν
456 5289 561 5360 γὰρ
587 5287 654 5340 τὰ
695 5287 916 5338 τοιαῦτα
951 5288 1124 5340 πάντα
1156 5289 1211 5340 ἐν
1244 5291 1354 5351 τοῖς
1392 5289 1518 5358 περὶ
1548 5291 1655 5344 τῶν

131 5381 500 5435 συνανατολῶν.
539 5380 705 5450 Δῆλον
732 5374 841 5439 οὖν,
887 5379 966 5430 ὅτι
1011 5381 1176 5451 χωρὶς
1220 5381 1312 5434 τοῦ
1345 5383 1401 5432 ἐν
1453 5381 1658 5445 ἀνίσοις

130 5470 321 5540 χρόνοις
349 5470 417 5523 τὰ
439 5473 504 5542 ιβ’
538 5470 699 5535 ζώδια
728 5468 1105 5540 ἀναφέρεσθαι,
1140 5470 1227 5523 διὰ
1253 5470 1313 5524 τὸ
1345 5471 1434 5523 καὶ
1469 5471 1655 5523 ἀνισο-

137 5561 319 5632 μεγέθη
347 5559 478 5615 εἶναι
503 5563 570 5616 τὰ
602 5561 783 5626 ζώδια,
820 5563 912 5614 καὶ
943 5561 1186 5625 ἀτάκτως
1216 5561 1444 5633 κεῖσθαι,
1483 5562 1655 5616 πολλὰ

133 5652 532 5726 διαμαρτήσεται
565 5657 628 5726 τῇ
660 5654 778 5725 ὥρᾳ
798 5655 825 5705 ὁ
855 5653 986 5724 πρὸς
1020 5652 1108 5706 τὸν
1147 5643 1661 5725 φαινόμενον”ἀστεέ

201 5801 245 5834 ’⁸⁸
279 5802 317 5858 f.
347 5802 466 5854 ἐπεὶ
501 5802 611 5855 τοῦ.

293 5949 298 5953 .
355 5895 620 5959 Ρλίηιοι..
667 5895 784 5957 Gn.
830 5888 1003 5958 XIX.
1061 5989 1064 5992 ἢ

1769 632 1860 699 qui
1884 633 2092 686 ratione
2113 633 2198 686 illa
2233 635 2309 689 ιιιί
2327 635 2472 697 velit,
2501 636 2684 690 horam
2716 638 2891 690 noctis
2911 637 3123 706 assequi
3159 638 3307 692 nullo

1768 721 1928 775 modo
1965 724 2184 791 poterit.
2239 723 2342 778 Sed
2382 726 2512 780 illud
2574 725 2762 780 mirari
2820 726 2984 789 subit,
3039 727 3310 796 quomodo

1768 809 1893 865 huic
1928 814 2087 866 etiam
2142 815 2401 870 doctrinae
2445 817 2781 886 subscriptor
2820 817 3032 873 Attalus
3068 817 3303 872 accedat.

1766 898 1846 953 Ita
1898 903 2094 970 quippe
2131 903 2403 971 loquitur:
2444 922 2462 953 ι
2502 902 2563 958 In
2600 906 2950 975 sequentibus
2997 921 3160 975 porro
3213 907 3328 959 de-.

1767 1002 2069 1048 monstrare
2096 1003 2324 1048 conatur
2356 1011 2463 1066 qua
2500 997 2709 1052 ratione
2753 998 3020 1068 quispiam
3057 1013 3088 1052 e
3115 997 3307 1052 sideri-

1768 1082 1870 1137 bus
1893 1091 2213 1138 nocturnam
2249 1086 2432 1141 horam
2461 1086 2755 1155 coniectari
2783 1087 3000 1157 poterit.
3025 1085 3159 1142 Nam
3185 1101 3310 1141 cum

1769 1174 1842 1230 sit
1868 1175 2042 1232 noétis
2069 1177 2288 1232 initium
2329 1179 2460 1233 solis
2490 1193 2740 1244 occasus,
2770 1180 2852 1235 sol
2881 1188 3060 1235 autem
3105 1179 3311 1234 duode-

1768 1267 1872 1321 cim
1913 1267 2186 1338 signorum
2224 1272 2440 1338 semper
2481 1270 2533 1323 in
2581 1271 2760 1340 aliquo
2793 1279 3077 1338 versetur;
3108 1273 3311 1342 perspi-

1767 1373 1930 1412 cuum
1953 1366 2076 1423 est,
2111 1361 2203 1428 qui
2227 1360 2280 1412 id
2307 1363 2638 1430 cognoverit,
2680 1363 2734 1415 in
2769 1378 2876 1432 quo
2920 1363 3075 1433 signo
3101 1364 3182 1418 sol
3214 1378 3310 1434 po-

1768 1450 1905 1505 situs
1939 1451 2029 1513 sit,
2076 1460 2130 1505 et
2186 1467 2290 1521 qua
2333 1453 2450 1520 ejus
2487 1453 2624 1521 signi
2663 1461 2834 1522 parte,
2874 1455 3027 1509 facile
3065 1456 3310 1508 animad-

1765 1555 2051 1595 versurum
2100 1556 2256 1604 esse,-
2305 1542 2445 1611 quod
2489 1543 2721 1620 signum,
2767 1552 2821 1598 et
2867 1558 2974 1612 qua
3028 1543 3184 1613 119
3223 1545 3307 1598 sui

1767 1639 1918 1699 parte
1952 1632 2054 1688 sub
2097 1633 2309 1687 initium
2361 1635 2536 1688 noctis
2570 1618 2797 1689 oriatur.
2839 1633 3045 1704 Quippe
3076 1649 3202 1703 pars
3232 1636 3304 1696 ei.

1766 1736 1929 1790 quam
1959 1723 2039 1777 sol
2066 1725 2292 1788 obtinet,
2323 1741 2390 1780 ex
2415 1725 2677 1780 diametro
2704 1724 3055 1795 respondens,
3087 1726 3307 1779 ineunte

1767 1821 1926 1867 nocte
1965 1815 2314 1870 conscendet.
2356 1815 2470 1870 lloc
2508 1807 2754 1886 quisquis
2787 1827 2914 1871 ante
2949 1815 3217 1880 didicerit,
3251 1825 3307 1870 et

1765 1903 2032 1972 cognorit,
2081 1905 2138 1959 in
2164 1907 2310 1960 omni
2348 1915 2506 1961 nocte
2532 1923 2627 1963 sex
2660 1907 2742 1962 ab'
2764 1908 2968 1962 oriente
3003 1907 3154 1977 signa
3177 1921 3307 1965 can-

1765 2009 2004 2064 surgere,
2038 2010 2144 2049 non
2199 1995 2470 2065 ignorabit
2517 2005 2719 2066 quanta
2761 2011 2889 2066 pars
2921 1997 3096 2052 noctis
3129 2005 3307 2051 trans-

1765 2093 1884 2140 acta
1909 2086 2094 2151 fuerit,
2119 2094 2172 2142 et
2206 2095 2466 2159 quantum
2488 2103 2551 2142 ex
2584 2103 2646 2143 ea
2675 2087 2742 2141 ad
2773 2096 2950 2142 ortum
2976 2105 3148 2157 usque
3175 2091 3306 2145 solis

1764 2179 2019 2248 supersit.
2050 2197 2068 2230 ι

1833 2267 2092 2322 Praeterea
2126 2268 2230 2322 hoc
2260 2268 2417 2322 ambo
2444 2268 2522 2322 illi
2547 2284 2882 2341 nequaquam
2912 2270 3304 2326 animadverte-

1762 2367 1921 2422 runt,
1967 2361 2181 2415 tametsi
2235 2359 2367 2414 illud
2423 2361 2596 2430 ipsum
2648 2363 2859 2432 signum
2898 2374 3144 2418 exortum
3191 2362 3305 2433 jam

1761 2465 1882 2504 esse
1929 2451 2122 2505 viderit
2170 2453 2458 2522 quispiam,
2501 2468 2609 2508 non
2663 2469 2822 2524 posse
2869 2462 3048 2509 tamen
3099 2456 3306 2510 ratione

1762 2541 1889 2604 ista,
1915 2557 2075 2611 quam
2112 2543 2380 2609 diximus,
2412 2553 2612 2599 certam
2662 2548 2835 2622 noctis
2877 2529 3306 2618 horam-cogno-

1761 2644 1933 2684 scere.
1969 2629 2176 2685 Etenim
2217 2633 2259 2685 si
2291 2633 2752 2695 constcllatarum,
2794 2641 2847 2687 et
2894 2635 3316 2703 aspectabilium-

1759 2721 2050 2791 imaginum
2097 2722 2346 2792 quaelibet
2386 2730 2536 2792 parte
2584 2739 2690 2776 una
2734 2723 3050 2778 duodecima
3093 2725 3304 2781 zodiaci

1758 2811 2090 2873 deﬁniretur,
2123 2812 2235 2866 sola
2270 2821 2567 2881 temporum
2609 2814 2661 2866 iu
2709 2815 2918 2869 ortibus
2965 2815 3302 2883 inaequalitas

1757 2919 1994 2958 errorem
2044 2903 2198 2966 nobis
2240 2903 2472 2959 offerret.
2517 2904 2620 2965 Sed
2661 2907 2913 2974 quoniam
2954 2922 3127 2975 neque
3175 2923 3298 2962 cum

1760 2997 2051 3064 segmentis
2089 2994 2219 3064 ipsis
2263 2995 2611 3072 adaequamur
2638 3010 2756 3064 qua:
2795 3011 2824 3047 a
2874 2991 3030 3052 nobis
3070 2982 3322 3052 cernun-i

1761 3091 1849 3137 tur
1900 3084 2181 3153 imagines,
2220 3100 2395 3154 neque
2447 3086 2676 3156 propriis
2723 3086 2776 3140 in
2828 3087 2958 3141 locis
3009 3088 3125 3143 sitae
3176 3098 3304 3144 sunt

1759 3191 1968 3240 omnes,
2017 3177 2109 3234 sed
2151 3179 2391 3248 quaedam
2428 3179 2858 3235 dodecatemorio
2892 3197 2992 3236 suo
3031 3183 3300 3247 minores,

1756 3269 2000 3338 quaedam
2047 3270 2280 3338 majores
2325 3271 2494 3324 multo
2539 3281 2666 3326 sunt
2701 3291 2713 3326 :
2747 3280 2807 3326 ut
2847 3275 3074 3342 exempli
3111 3289 3301 3341 causa,

1755 3360 1964 3417 Cancer
2016 3378 2083 3417 ne
2133 3363 2346 3418 tertiam
2393 3364 2608 3433 quidem
2665 3367 2926 3434 segmenti
2958 3366 3041 3421 sui
3092 3374 3301 3435 partem

1755 3464 2015 3524 occupat;
2044 3462 2234 3509 contra
2274 3453 2433 3526 Virgo
2462 3456 2527 3510 de
2552 3454 2729 3511 Leone
2761 3472 2824 3512 ac
2852 3456 3032 3510 Chelis
3063 3457 3302 3527 decerpit

1757 3546 1978 3615 aliquid,
2016 3545 2250 3601 Piscium
2284 3537 2593 3601 'australior
2634 3555 2778 3601 totus
2829 3547 2938 3601 fere
2980 3548 3034 3601 in
3077 3549 3299 3618 Aquarii

1756 3637 2187 3692 dodecatemorio
2231 3641 2437 3706 positus
2468 3648 2549 3693 est
2582 3658 2594 3693 :
2631 3641 2722 3709 qui
2762 3637 2876 3693 ﬁeri
2903 3646 3098 3710 potest,
3131 3635 3190 3693 ut
3231 3657 3301 3696 ex

1755 3727 2019 3796 ejusmodi
2069 3730 2342 3808 signorum
2389 3730 2670 3786 duodecim
2713 3744 2901 3787 exortu
2945 3735 3123 3788 noctis
3167 3735 3301 3790 hora

1756 3820 2075 3888 colligatur?
2097 3819 2232 3874 Cum
2258 3830 2432 3875 autem
2458 3838 2523 3876 cx
2547 3823 2653 3878 illis
2677 3825 2841 3878 etiam
2875 3825 3050 3894 aliqua
3079 3826 3302 3882 zodiaco

1755 3911 1960 3967 circulo
1987 3927 2091 3965 non
2117 3914 2232 3966 lota
2257 3914 2659 3977 contineantur,
2687 3914 2778 3970 sed
2805 3915 2973 3968 multo
2995 3915 3298 3969 borealiora

1753 4003 1884 4065 sint,
1917 3984 2059 4056 relut
2101 4000 2209 4057 Leo
2249 4012 2302 4057 et
2346 4001 2581 4058 Piscium
2635 4002 2920 4064 borealior,
2958 4001 3179 4057 evidens
3216 4014 3300 4056 est

1757 4092 1971 4146 illorum
2004 4091 2261 4146 rationem
2310 4092 2379 4145 ab
2425 4101 2546 4145 ortu
2593 4091 2962 4161 apparentium
3005 4093 3298 4163 imaginum

1754 4183 2126 4240 aberraturam
2159 4197 2278 4237 esse
2305 4183 2534 4252 longius.

1826 4363 2061 4418 Primum
2089 4363 2232 4418 enim
2263 4365 2470 4419 stellata
2493 4363 2686 4420 Cancri
2713 4363 3070 4435 imaginejam
3093 4375 3300 4436 exorta,

1757 4459 1951 4515 Leonis
1979 4468 2138 4529 caput
2167 4461 2221 4514 in
2257 4477 2322 4516 eo
2348 4477 2506 4531 quem
2545 4463 2830 4516 statuimus
2860 4463 3140 4517 horizonte
3165 4478 3300 4517 con-

1757 4553 1966 4609 scendit
2001 4569 2108 4606 una
2148 4569 2269 4608 cum
2313 4562 2501 4606 octava
2545 4549 2938 4632 partelCancri.
2973 4552 3135 4623 Igitur
3168 4542 3302 4605 Ara-

1760 4632 1846 4700 tus
1875 4645 2070 4701 Leonis
2099 4654 2260 4716 caput
2303 4646 2433 4699 oriri
2478 4629 2834 4714 prospiciens,
2868 4659 2930 4698 ac
2968 4644 3164 4720 Leonis
3203 4629 3322 4697 do?

1757 4740 2176 4795 decutemorium
2219 4746 2411 4807 putans
2459 4735 2768 4798 ascendere,
2803 4733 3117 4804 sesquilmra
3165 4735 3303 4787 inte-

1759 4843 1852 4896 gra
1885 4827 2113 4880 ialletur.
2150 4827 2275 4879 Item
2312 4825 2567 4892 Scorpius
2592 4825 2835 4879 occidere
2880 4825 3067 4891 incipit
3095 4825 3304 4878 oriente

1758 4929 1914 4990 parte
1941 4920 2006 4974 15
2033 4917 2461 4981 media'Arietis;
2504 4925 2648 4970 totus
2679 4933 2805 4972 vero
2835 4918 2936 4972 sub
2970 4917 3302 4969 horizontem
3350 4981 3361 4990 ⁸

1759 5014 2010 5068 conditur
2049 5012 2253 5065 oriente
2285 5017 2432 5062 sexta
2467 5006 2628 5062 Tauri
2667 5017 2836 5078 parte.
2873 5007 3001 5071 Quae
3050 5021 3148 5059 nos
3189 5022 3302 5058 mu-

1758 5107 1847 5160 nia
1897 5108 1953 5158 in
1999 5111 2182 5157 nostra
2233 5102 2298 5155 de
2331 5091 2620 5156 ‘coortibus
2672 5099 3033 5168 disputatione
3081 5097 3306 5150 demon-

1759 5197 2070 5252 stravimus.
2119 5195 2352 5264 Apparet
2395 5209 2522 5262 ergo
2561 5208 2667 5245 non
2711 5192 2882 5246 solum
2922 5189 3063 5258 quod
3103 5187 3314 5244 duode-i

1759 5292 1865 5346 cim
1910 5289 2170 5358 imagines
2214 5289 2563 5356 inaequalibus
2610 5285 2943 5354 temporibus
2983 5281 3302 5338 ascendunt,

1759 5383 1851 5436 sed
1889 5381 2050 5434 etiam
2083 5380 2228 5448 quod
2256 5370 2374 5433 aliis
2406 5381 2521 5431 aliae
2552 5377 2727 5446 majus
2762 5376 2998 5446 spatium
3017 5381 3302 5441 occupant.

1759 5481 1813 5526 ct
1855 5472 1969 5526 sine
2007 5469 2196 5524 ordine
2227 5471 2497 5524 collocatae
2544 5477 2701 5531 sunt;
2735 5466 3023 5537 plurimum
3071 5465 3125 5517 in
3154 5460 3306 5515 testi-

1759 5559 1954 5614 manda
1992 5559 2124 5612 hora
2153 5560 2428 5627 deceptum
2472 5556 2560 5619 iri,
2585 5558 2677 5625 qui
2710 5575 2775 5612 ex
2819 5556 3198 5626 apparentibus
3230 5558 3306 5606 si-

1760 5652 2015 5707 mulacris
2061 5653 2338 5723 signorum
2385 5647 2669 5704 duodecim
2715 5649 3006 5718 coujectari
3049 5647 3300 5702 voluerit.

2995 5900 3073 5960 3'4
