4094 6328
233 494 367 548 1069
1113 490 1119 498 ’
1159 486 1517 549 ΙΙΙΡΡΛΒΟΗΙ
1556 493 1643 546 AD
1672 490 1770 545 ΡΠ.

1880 491 2110 545 OMICNA
2152 491 2275 544 LIB.
2319 489 2378 545 li.

3280 496 3301 546 1
3310 493 3415 549 (ΠΟ

227 624 340 659 ται.
374 608 527 658 Ἐστι
571 608 615 658 δ’
666 609 722 658 ἐν
769 608 938 677 τούτῳ
975 607 1043 659 τά
1094 608 1230 676 μέσα
1277 605 1367 659 τοῦ
1416 608 1710 679 Αίγόκερω.
1752 626 1769 657 ι

1876 605 2029 658 corni
2071 605 2303 658 medium
2348 611 2445 657 est.
2488 624 2503 654 ι
2548 603 2657 657 lioc
2705 590 2877 672 ipsum
2921 606 3264 661 manifestius
3306 608 3415 661 illic
3522 626 3523 629 η

243 695 662 765 Ἐκφανέστερον
710 697 752 748 δ’
800 698 883 749 ἔτι
915 696 1002 749 διὰ
1052 697 1252 749 τούτων
1287 698 1591 749 ἀποδίδωσι.
1642 698 1770 767 Περὶ

1874 696 2035 748 etiam
2075 696 2360 764 signiﬁcat,
2399 696 2488 747 ubi
2522 694 2589 748 de
2621 696 2826 750 coluris
2856 696 3074 749 circulis
3107 711 3291 764 agens,
3321 699 3415 766 qui

224 787 338 858 γὰρ
362 787 468 839 τῶν
497 786 765 854 κολούρων
801 788 1103 857 λεγομένων
1134 788 1364 850 κύκλων,
1391 790 1438 841 οἳ
1477 788 1772 858 γράφονται

223 876 314 929 διὰ
348 877 452 928 τῶν
485 878 685 939 πόλων,
729 878 817 931 καὶ
856 879 941 930 διὰ
966 877 1073 929 τῶν
1107 879 1405 947 τροπικῶν,
1442 878 1533 930 καὶ
1581 879 1771 947 ἰσημε-

228 968 392 1035 ρινῶυ
418 968 671 1035 σημείων,
694 967 853 1037 φησὶν
873 966 1067 1028 οὕτως·
1099 985 1116 1015 ι
1144 967 1353 1037 Ἕτεροι
1380 967 1421 1018 δ’
1444 969 1575 1019 εἰσὶν
1604 968 1645 1035 β’
1680 968 1773 1018 κύ-

225 1058 683 1125 κλοι,,τέμνοντες
715 1057 970 1126 ἀλλήλους
1002 1057 1140 1124 δίχα,
1187 1059 1279 1109 καὶ
1324 1059 1456 1128 πρὸς
1497 1058 1658 1127 ὀρθὰς
1684 1058 1771 1110 διά

223 1150 337 1202 τῶν
368 1151 541 1202 πόλων
587 1150 679 1203 τοῦ
728 1152 947 1220 κόσμου.
997 1152 1146 1202 Ἔστι
1182 1153 1223 1204 δ’
1266 1154 1321 1203 ἐν
1353 1152 1554 1216 τούτοις
1601 1155 1771 1223 ἄστρα

221 1242 382 1294 τάδε·
414 1247 459 1293 α’
488 1241 516 1291 6
555 1240 708 1302 πόλος
735 1244 762 1293 ὁ
788 1242 871 1294 ἀεὶ
907 1240 1136 1309 φανερὸς
1170 1241 1259 1294 τοῦ
1296 1244 1524 1311 κόσμου·
1559 1239 1673 1295 εἶτα
1712 1245 1771 1296 τὸ

225 1332 395 1402 μέσον
420 1332 517 1401 τῆς
542 1333 768 1403 ’Ἄρκτου
797 1332 931 1385 κατὰ
953 1332 1165 1395 πλάτος·
1188 1336 1281 1385 καὶ
1305 1335 1395 1387 τοῦ
1414 1336 1687 1404 Καρκίνου
1712 1336 1772 1388 τὸ

225 1423 413 1491 μέσον.
442 1444 457 1473 ι
497 1424 603 1475 Καὶ
654 1426 767 1493 μετ’
808 1424 985 1490 ὀλίγον
1016 1424 1205 1493 φησίν·
1240 1444 1258 1475 ε
1283 1426 1355 1477 ’Ἥ
1400 1443 1459 1477 τε
1503 1428 1635 1496 ούρά
1662 1428 1768 1493 ,τοῦ

227 1511 401 1563 νοτίου
438 1512 635 1581 ’ἰχθύος
672 1513 763 1563 καὶ
804 1512 863 1563 τὸ
896 1511 1053 1580 μέσον
1094 1512 1184 1563 τοῦ
1232 1514 1535 1583 Αίγόκερω·
1571 1536 1586 1564 ι
1630 1519 1683 1567 ἐν
1714 1517 1767 1567 δὲ

222 1604 338 1663 τοῖς
384 1602 509 1670 ἑξῆς
560 1620 717 1671 φησιν
750 1605 805 1653 ἐν
840 1603 915 1669 τῷ
957 1603 1125 1670 ἑτέρῳ
1172 1600 1276 1653 τῶν
1326 1603 1412 1656 διὰ
1455 1604 1559 1655 τῶν
1595 1605 1768 1656 πόλων

224 1691 440 1743 κύκλων
500 1693 705 1744 κεῖσθαι
748 1694 841 1744 σὺν
880 1696 989 1753 τοῖς
1025 1692 1221 1755 ἄλλοις,
1251 1689 1329 1756 οἷς
1380 1693 1766 1765 ἐξαριθμεῖται,

223 1781 323 1833 καὶ
355 1781 421 1833 τὰ
444 1781 578 1851 μέσα
601 1782 706 1833 τῶν
728 1781 917 1849 Χηλῶν
946 1784 1082 1836 κατά
1113 1784 1328 1845 πλάτος,
1358 1786 1451 1837 καὶ
1486 1785 1766 1855 τούΚριού

230 1874 297 1925 τὰ
334 1874 474 1925 νῶτα
512 1874 650 1925 κατά
683 1874 899 1936 πλάτος.

1871 798 1967 853 per
2010 785 2163 853 polos
2205 792 2258 838 et
2298 784 2501 851 tropica
2555 784 3052 853 ecquinoctialiaque
3082 796 3276 853 puncta
3311 784 3414 837 dn-

1870 881 2086 937 cuntur,
2130 875 2203 925 ita
2246 873 2478 926 scribit:
2522 891 2539 923 ι
2581 872 2686 925 Alii
2732 881 2856 926 sunt
2900 874 3091 928 circuli
3133 875 3239 928 duo
3275 874 3414 928 biia-

1871 962 2007 1015 riam
2038 964 2264 1017 invicem
2298 963 2364 1015 ad
2398 972 2574 1018 rectos
2610 966 2835 1033 angulos
2865 974 3110 1021 secantes
3138 982 3229 1035 per
3262 968 3414 1035 polos

1872 1053 2076 1107 mundi.
2108 1051 2165 1105 In
2200 1053 2396 1122 quibus
2438 1055 2548 1107 haec
2590 1063 2735 1107 astra
2773 1064 2899 1110 sunt
2943 1058 3171 1124 primum
3206 1072 3414 1126 semper

1873 1158 2139 1212 apparens
2184 1146 2370 1197 mundi
2415 1146 2609 1213 polus;
2635 1145 2828 1199 deinde
2862 1148 3094 1201 medium
3140 1147 3287 1202 Ursa:
3330 1164 3415 1202 se-

1873 1234 2108 1288 cundum
2140 1235 2508 1299 latitudinem,
2542 1237 2775 1291 medium
2804 1236 3020 1301 Cancri,
3052 1247 3154 1293 etc.
3196 1258 3213 1289 ι
3250 1238 3414 1292 Paulo

1873 1333 1995 1395 post
2032 1326 2179 1379 addit
2212 1344 2226 1379 :
2267 1344 2285 1375 ‹
2320 1324 2429 1380 Nec
2479 1342 2584 1381 non
2617 1328 2787 1380 cauda
2832 1326 3004 1382 Piscis
3043 1331 3329 1390 australis.
3360 1341 3415 1384 et

1874 1418 2105 1471 medium
2131 1416 2462 1487 Capricorni.
2480 1417 2764 1488 iDeinccps
2785 1435 2909 1473 vero
2937 1420 3146 1481 scribit,
3171 1421 3223 1474 in
3246 1423 3429 1476 altero-

1874 1522 1970 1576 per
2016 1508 2169 1576 polos
2218 1518 2531 1566 transeunte
2578 1513 2783 1567 circulo
2833 1514 2995 1567 situm
3044 1528 3185 1576 esse,
3221 1523 3414 1583 praeter

1874 1599 2008 1661 alia,
2057 1615 2174 1668 quae
2223 1610 2465 1656 recenset
2506 1605 2739 1658 medium
2783 1604 3070 1659 Cbelarum
3116 1606 3412 1659 secundum

1874 1689 2231 1755 latitudinem,
2253 1701 2305 1746 et
2336 1694 2627 1747 secundum
2651 1696 2889 1750 eamdem
2915 1696 3246 1751 latitudinem
3268 1697 3414 1751 Arie-

1871 1780 1941 1833 tis
1962 1788 2127 1850 terga.

344 1911 474 1925 ην...
516 1911 650 1925 ω...
690 1911 899 1936 nam“.

302 1968 370 2018 A'.
408 1964 833 2035 Προδιαληπτέον
862 1966 953 2017 καὶ
982 1964 1155 2028 τοῦτο,
1185 1968 1265 2020 ὅτι
1304 1966 1400 2029 τάς
1434 1966 1603 2037 ἀρχὰς
1640 1968 1767 2019 ὲκά-

1940 1932 2027 1986 ιν.
2056 1935 2460 1994 Observandum
2480 1951 2735 2009 prmterea
2758 1943 2889 1997 illud
2909 1953 3011 2007 est,
3026 1930 3247 2000 Aratum
3265 1947 3416 2016 prin-

224 2072 355 2107 στου
380 2056 484 2107 τῶν
510 2055 571 2122 ιβ’
603 2054 802 2118 ζωδίων
836 2056 1215 2126 ὑποτιθέμενος
1249 2060 1275 2109 6
1296 2060 1521 2127 Ἀρατος
1552 2058 1641 2109 ἐπὶ
1672 2057 1770 2125 τῆς

224 2145 508 2212 ἀνατολῆς,
533 2145 781 2212 διασαφεῖ
804 2146 901 2231 ὅσα
924 2146 1001 2215 τῷ
1028 2148 1402 2218 προειρημένῳ
1427 2147 1572 2217 αὐτῷ
1598 2147 1770 2216 ζωδίῳ

229 2235 684 2288 συνανατέταλκεν
732 2237 764 2306 ἢ
819 2238 1273 2291 ἀντικαταδέδυκε
1313 2238 1421 2290 τῶν
1470 2239 1623 2301 ἐκτὸς
1677 2238 1769 2291 τού

228 2326 492 2385 ζωδιακοῦ
528 2328 737 2398 ἄστρων
758 2345 769 2356 ·
804 2328 831 2379 ὃ
860 2329 952 2381 καὶ
984 2331 1240 2381 συντείνει
1270 2330 1496 2399 μάλιστα
1540 2330 1675 2401 πρὸς
1711 2331 1772 2391 τὸ

229 2416 295 2468 ἐκ
318 2416 423 2467 τῶν
450 2416 621 2469 ἀλλων
656 2416 867 2488 ἄστρων
901 2417 1299 2485 συλλογίζεσθαι
1325 2420 1383 2469 τὸ
1417 2418 1604 2486 μέλλον
1640 2421 1769 2473 ἀνα-

230 2504 435 2556 τέλλειν
494 2506 948 2575 δωδεκατημόριον
998 2504 1091 2557 τοῦ
1155 2506 1436 2569 ζωδιακοῦ.
1498 2508 1663 2576 Δῆλον
1717 2510 1771 2562 δὲ

230 2595 386 2647 τοῦτο
414 2600 554 2649 ποιεῖ
573 2598 664 2650 καὶ
696 2598 785 2648 ἐπὶ
812 2598 908 2667 τῆς
928 2597 1033 2648 τῶν
1062 2597 1276 2665 Ἰχθύων
1300 2592 1579 2668 ἀνατολῆς,
1601 2598 1769 2665 λέγων

230 2684 420 2745 οὕτως.
444 2684 620 2736 Εἰπὼν
659 2684 763 2754 γὰρ
798 2685 923 2755 περὶ¹
954 2684 1044 2736 τοῦ
1080 2686 1296 2754 ’Υδρου,
1324 2688 1403 2739 ὅτι
1433 2688 1499 2739 τὰ
1530 2688 1623 2755 μὲν
1669 2688 1771 2740 ἀπὸ

174 2834 180 2838 .
235 2772 333 2839 τῆς
353 2774 587 2841 κεφαλῆς
614 2773 717 2835 ἕως
738 2774 834 2843 τῆς
868 2775 1089 2845 πρώτης
1116 2777 1343 2845 σπείρας
1369 2776 1458 2827 τοῦ
1493 2777 1770 2847 Ὑδροχόου

240 2864 634 2934 ἀναφερομένου
671 2866 915 2938 μετέωρά
968 2868 1116 2931 ἐστι,
1155 2868 1213 2919 τὸ
1269 2868 1324 2918 δὲ
1372 2867 1553 2919 λοιπὸν
1610 2867 1770 2921 αὑτοῦ

244 2953 396 3023 σῶμα
426 2957 473 3008 oi
509 2955 706 3025 Ἰχθύες
744 2958 1047 3025 ἀνάγουσιν,
1081 2958 1354 3028 ἐπιφέρει·

251 3068 404 3143 ρῦτω
427 3070 787 3143 acciperem!
812 3071 1022 3143 χεῖρες,
1057 3070 1155 3124 καὶ
1186 3073 1389 3143 γοῦνα,
1423 3074 1518 3127 καὶ
1545 3070 1687 3143 ὦμοι

261 3137 644 3208 Ἀνέρεμέὸης-
670 3137 1043 3212 δίχαίπάντα
1063 3157 1075 3168 ·
1110 3137 1321 3209 τὰ
1361 3144 1571 3211 πάρος,
1588 3137 1773 3197 ’ἄλλα

1306 3252 1309 3253 ν
1371 3212 1445 3283 [δ’
1470 3215 1702 3283 ὀπίσσω

1309 3282 1700 3350 πίρογένωνται

256 3346 471 3420 ’ζκθύες
502 3350 840 3420 ᾁμςρότεροι,
874 3352 946 3420 τὰ
975 3349 1089 3420 μέν
1115 3353 1165 3401 οἱ
1199 3346 1360 3403 κατα
1376 3346 1542 3413 δεξιὰ
1575 3354 1768 3420 χειρὸς

230 3417 401 3485 Αὐτοὶ
421 3418 769 3483 ἐφέλκονται
787 3438 798 3448 ·
832 3419 902 3471 τὰ
925 3419 975 3471 δ’
996 3419 1276 3485 ἀριστερὰ
1306 3423 1533 3474 νειόθεν
1557 3417 1716 3475 ἕλκει

235 3484 409 3552 Κριὸς
439 3488 843 3555 ἀνερχόμενος.
870 3526 883 3540 .
910 3527 922 3539 .
944 3527 958 3540 .

233 3592 334 3645 Διά
377 3596 483 3663 γὰρ
525 3594 649 3657 τοῦ,
694 3596 833 3649 νέον
867 3600 1041 3651 ὁπότε
1085 3600 1473 3669 προγένωνται
1525 3603 1768 3670 Ἰχθύες,

233 3683 385 3746 δηλοί
405 3686 502 3740 οὑικ
544 3685 669 3775 ἄλλο
706 3703 778 3749 τι,
800 3687 837 3758 ἢ
876 3688 1001 3743 ὅταν
1030 3689 1295 3759 ἀρχωνται
1322 3694 1369 3743 oi
1398 3690 1598 3760 Ἰχθύες
1644 3693 1772 3745 ἀνα-

232 3773 457 3827 τέλλειν.

248 3277 492 3329 Τείνεται
519 3279 811 3332 Ὠκεανοῖο
832 3296 845 3309 ·
880 3279 1017 3334 νέον
1043 3280 1093 3331 δ’
1114 3281 1289 3333 ὁπότε

310 3866 429 3917 Ἔτι
474 3866 528 3919 δὲ
575 3868 705 3921 αὐτὸ
752 3868 905 3920 τοῦτο
960 3869 1186 3941 φανερὸν
1226 3873 1367 3923 ποιεῖ
1413 3872 1507 3923 καὶ
1558 3870 1649 3922 ἐπὶ
1676 3871 1772 3941 τῆς

247 3955 494 4025 Ἀ-ργοῦς.
519 3959 627 4027 Τῆς
652 3960 757 4027 γὰρ
782 3960 1057 4029 Παρθένου
1086 3962 1491 4031 ἀνατελλούσης,
1524 3963 1655 4033 φησὶ
1676 3962 1773 4029 τὴν

232 4047 488 4117 πρύμναν
512 4050 677 4116 αὐτῆς
707 4051 1009 4103 ἀνατέλλειν
1036 4052 1160 4120 ὃλην
1179 4069 1192 4081 ·
1227 4052 1295 4104 τά
1327 4051 1383 4103 δὲ
1421 4050 1577 4103 λοιπὰ
1606 4054 1773 4121 αὐτῆς

232 4135 340 4196 ἕως
385 4136 475 4186 τοῦ
518 4136 661 4188 ἱστοῦ
698 4137 1018 4200 ἀνατέλλειν,
1062 4138 1138 4190 ὅτ’
1176 4138 1241 4190 ἂν
1284 4137 1380 4206 ὅλη
1426 4140 1458 4206 ἡ
1496 4137 1773 4207 ’Παρθένος

232 4225 509 4296 ἀνατείλῃ.
539 4226 815 4295 Προειπὼν
846 4226 975 4297 γάρ·

235 4341 320 4391 Οὐ
345 4337 460 4406 μέν
486 4345 596 4405 θην
624 4340 858 4406 ὀλίγους
884 4341 1051 4407 γαίης
1082 4339 1198 4392 ὑπὸ
1227 4338 1425 4391 νείατα
1450 4339 1666 4404 βάλλει

231 4409 534 4474 Παρθένος
569 4409 961 4462 ἀντέλλουσα.
986 4448 997 4459 .
1028 4448 1038 4461 .
1068 4448 1081 4461 .

234 4521 356 4589 μετ’
384 4519 559 4587 ὀλίγον
587 4522 716 4590 φησί
736 4538 749 4551 ’

235 4670 250 4702 ε
279 4674 292 4687 .
312 4671 329 4687 .
354 4670 368 4685 .
399 4633 689 4702 φθάμενος
717 4633 784 4686 δὲ
818 4634 985 4685 Κύων
1019 4632 1203 4697 πόδας
1230 4634 1459 4685 αἴνυται
1492 4632 1737 4697 ἄλλους,

234 4698 475 4761 Ἕλκων
506 4698 777 4767 ἐξόπιθεν
804 4704 1076 4769 πρύμναι·
1122 4704 1496 4767 πολυτειρέος
1520 4704 1768 4770 Ἀργοῦς.

241 4771 308 4825 Ἦ
332 4770 402 4823 δὲ
433 4771 545 4824 θέει
569 4772 737 4841 γαίης
762 4773 933 4824 ἱστὸν
952 4772 1207 4838 διχόωσα
1235 4772 1357 4822 κατ’
1382 4771 1565 4823 αὐτόν
1584 4787 1599 4803 ·

235 4902 530 4970 Παρθένος
556 4901 702 4972 ἦμος
732 4905 933 4958 ἅπασα
962 4904 1269 4971 περαιόθεν
1295 4904 1420 4968 ἄρτι
1449 4904 1699 4971 γένηται.

304 5016 414 5067 Kal.
457 5018 484 5066 6
528 5015 746 5081 Εὖδοξος
765 5017 837 5077 δὲ,
868 5011 911 5082 ᾧ
960 5014 1422 5085 κατηκολούθηκεν
1468 5016 1495 5066 6
1521 5017 1768 5085 Ἀρατος,

234 5107 324 5159 τὸν
346 5106 505 5157 αὑτὸν
533 5096 729 5176 τρόπον
758 5108 1062 5160 ὑποτίθεται
1079 5110 1134 5159 ἐν
1150 5108 1265 5169 ταῖς
1284 5106 1656 5167 συνανατολαῖς
1678 5108 1773 5168 τὰς

233 5202 409 5271 ἀρχὰς
436 5201 541 5254 τῶν
588 5202 788 5264 ςωδίων
826 5203 919 5253 ἐπὶ¹
954 5203 1051 5270 τῆς
1094 5200 1382 5268 ἀνατολῆς·
1420 5199 1555 5251 ὥστε
1588 5202 1679 5251 καὶ
1712 5204 1774 5253 ἐκ

233 5290 425 5343 τούτου
454 5292 677 5361 φανερὸν
710 5292 946 5358 γίνεσθαι
984 5293 1043 5343 τὸ
1078 5284 1443 5361 προκείμενον.
1478 5290 1688 5343 Τούτων
1718 5292 1773 5342 δέ

237 5383 798 5454 προῦποδεδειγμένων
844 5384 936 5436 νῦν
968 5382 1383 5452 ἐπισκεψώμεθα
1420 5381 1515 5443 τὰς
1558 5381 1647 5432 ὑπ’
1681 5383 1776 5432 αύ-

235 5470 343 5522 τῶν
363 5462 742 5542 ἀποδιδομένας
764 5473 1113 5535 συνανατολάς
1132 5490 1190 5524 τε
1212 5474 1304 5526 καὶ
1320 5470 1770 5532 ἀντικαταδύσεις.

310 5559 384 5611 Ε’.
402 5559 755 5629 ’Υποθέμενος
774 5564 949 5627 τοίνυν
980 5565 1008 5615 6
1022 5564 1250 5631 ’Ἄρατος
1289 5563 1379 5615 ἐπὶ
1399 5562 1497 5629 τῆς
1519 5560 1774 5629 ἀνατολῆς

236 5647 337 5717 τὴν
367 5650 535 5719 ἀρχὴν
566 5650 657 5703 τοῦ
687 5654 976 5723 Καρκίνου,
997 5654 1126 5720 φησὶ
1153 5651 1242 5703 τοῦ
1272 5652 1368 5721 μὲν
1399 5652 1664 5719 Στεφάνου
1688 5651 1772 5703 δε-

238 5738 455 5790 δυκέναι
478 5740 538 5791 τὸ
565 5742 751 5809 ἥμισυ,
788 5742 877 5794 τοῦ
915 5742 969 5793 δὲ
1004 5742 1169 5793 νοτίου
1211 5741 1407 5808 Ἰχθύος
1444 5739 1504 5791 τὸ
1544 5739 1646 5799 ἓως
1682 5739 1776 5808 τῆς

241 5831 476 5899 ῥάχεως·
514 5831 606 5884 τού
647 5831 703 5883 δὲ
742 5832 827 5885 Ἐν
860 5833 1041 5900 γόνασι
1079 5832 1144 5885 τὰ
1202 5832 1336 5900 ὑπὲρ
1380 5831 1473 5899 τὴν
1506 5829 1771 5899 γαστέρα·

1798 3254 1842 3314 C
1873 3260 2185 3338 Pertingunt
2208 3279 2271 3316 ea:
2304 3264 2529 3338 Oceano,
2561 3284 2731 3321 recens
2763 3273 2966 3338 quando
3002 3254 3251 3338 prodeunt

1870 2027 2007 2095 cipia
2033 2030 2323 2098 cujuslibet
2347 2048 2377 2087 e
2403 2034 2686 2089 duodecim
2716 2038 2888 2105 signis
2923 2038 2976 2090 in
3009 2040 3214 2094 oriente
3248 2041 3414 2095 collo—

1870 2126 2102 2183 cantem,
2131 2123 2433 2189 exprimere
2461 2139 2703 2193 quaenam
2734 2137 2885 2180 extra
2923 2129 3200 2183 zodiacum
3238 2132 3413 2201 posita

1871 2207 2046 2262 sidera
2074 2222 2195 2263 cum
2241 2211 2334 2265 illo
2364 2212 2480 2281 ipso
2524 2215 2679 2282 signo
2712 2214 2917 2284 pariter
2954 2225 3151 2279 ortum,
3178 2229 3269 2270 aut
3314 2235 3413 2271 oc-

1870 2314 2055 2353 casum
2104 2316 2169 2354 ex
2214 2302 2444 2357 adverso
2495 2304 2755 2372 fecerint;
2790 2307 2934 2375 quod
2981 2324 3045 2363 eo
3091 2323 3413 2378 magnopere

1871 2392 2117 2459 pertinet,
2150 2400 2207 2446 ut
2236 2409 2302 2449 ex
2344 2396 2462 2451 aliis
2492 2399 2990 2453 constellationibus
3026 2402 3268 2469 proxime
3302 2403 3411 2456 ori-

1872 2490 2049 2536 turum
2104 2484 2315 2554 signum
2368 2486 2572 2541 zodiaci
2607 2489 2908 2560 colligatur.
2954 2489 3102 2545 ιδιυά
3145 2494 3304 2546 etiam
3351 2493 3410 2546 in

1869 2582 2059 2627 exortu
2088 2573 2324 2630 Piscium
2365 2579 2604 2633 declarat
2641 2578 2727 2635 his
2768 2582 2964 2636 verbis.
2997 2581 3130 2637 Cum
3163 2586 3307 2637 enim
3344 2584 3412 2639 de

1872 2659 2052 2732 Hydro
2095 2664 2342 2729 dixisset,
2387 2684 2505 2737 qua:
2553 2672 2621 2723 ab
2671 2673 2789 2737 ejus
2842 2671 3015 2740 capite
3066 2673 3133 2726 ad
3183 2675 3411 2743 primam

1871 2754 2071 2821 spiram
2120 2758 2410 2825 pertinent,
2443 2761 2763 2817 ascendente
2795 2762 3032 2833 Aquario
3090 2766 3142 2817 in
3192 2768 3409 2821 sublimi

1870 2861 2012 2913 esse,
2056 2848 2321 2918 reliquum
2368 2852 2514 2907 illius
2543 2868 2739 2923 corpus
2784 2870 2907 2909 cum
2935 2855 3180 2913 Piscibus
3221 2873 3410 2914 ascen-

1844 2928 2018 3004 dere,
2051 2955 2175 2995 mox
2206 2943 2424 3012 subjicit
2454 2965 2464 2999 :
2504 2968 2508 2973 ·

1874 3050 1960 3127 Sic
1983 3053 2141 3127 etiam
2161 3055 2330 3127 ilasste
2356 3064 2561 3118 manus,
2588 3068 2635 3111 et
2665 3076 2850 3127 genua,
2879 3071 2927 3114 et
2958 3062 3156 3116 humeri

1875 3123 2237 3191 Andromede,
2265 3127 2541 3179 dimidiata
2564 3123 2771 3192 omnia;
2792 3131 2897 3183 haec
2916 3132 3118 3201 quidem
3140 3141 3276 3194 ante,
3302 3133 3410 3201 alia

3207 3203 3341 3273 {post

1876 3329 2251 3404 fisces'ambo,
2282 3336 2549 3388 dexteram
2578 3329 2784 3404 quidem
2814 3342 2862 3391 ei
2891 3329 3101 3393 manum

1871 3399 2051 3475 Pisces
2076 3405 2344 3457 attrahunt
2377 3420 2393 3455 :
2424 3416 2476 3457 at
2502 3399 2767 3460 sinistram
2795 3410 2857 3460 ub
2882 3412 2984 3461 into
3012 3411 3170 3475 trahit

1870 3471 2018 3523 Aries
2047 3475 2346 3527 ascendens.
3036 3472 3053 3483 ”

1937 3580 2069 3635 Nam
2102 3582 2212 3637 haec
2242 3586 2403 3639 verba
2428 3626 2444 3650 ,
2488 3604 2661 3639 recens
2693 3589 2900 3656 quando
2929 3590 3180 3658 prodeunt
3210 3590 3406 3659 Pisces,
3468 3640 3473 3649 ι

1870 3670 2003 3723 nihil
2056 3673 2220 3737 aliud,
2259 3689 2418 3741 quam
2484 3675 2692 3729 initium
2746 3686 2898 3731 ortus
2946 3677 3180 3733 Piscium
3231 3681 3409 3750 expri-

1871 3771 2042 3815 munt.
2146 3782 2147 3785 “

1940 3850 2175 3920 ldipsum
2208 3861 2260 3907 et
2296 3854 2349 3907 in
2388 3858 2529 3925 Argo
2563 3857 2860 3913 clarissime
2895 3860 3244 3918 demonstrat.
3275 3862 3406 3917 Nam

1873 3941 2079 3997 oriente
2101 3941 2320 4013 Virgine
2347 3954 2512 4000 totam
2540 3948 2682 4003 illius
2704 3953 2901 4004 exoriri
2927 3954 3141 4022 puppim
3175 3958 3367 4010 asserit
3390 3976 3406 4011 :

1872 4043 2063 4087 caetera
2090 4033 2259 4113 ipsius
2291 4052 2462 4106 usque
2492 4039 2558 4093 ad
2588 4040 2784 4093 malum
2816 4057 3236 4112 einergerecum
3270 4048 3408 4099 inte-

1873 4140 1966 4194 gra
1993 4122 2160 4196 Virgo
2193 4129 2585 4183 conscenderit.
2618 4130 2751 4184 Cum
2791 4133 2932 4184 enim
2967 4132 3237 4189 dixisset:

1801 4310 1809 4318 ’
1876 4322 1986 4395 ﬁec
2004 4332 2139 4377 certe
2166 4339 2333 4389 pauca
2362 4326 2535 4377 sidera
2564 4334 2715 4379 terra:
2742 4326 2836 4379 sub
2861 4326 3043 4395 inﬁma
3070 4316 3226 4385 mittit

1884 4392 2036 4463 Virgo
2068 4396 2301 4447 exoriens
2325 4410 2343 4447 :

1874 4506 2033 4574 paulo
2061 4512 2180 4574 post
2218 4508 2293 4560 ait
2325 4528 2337 4562 :

1877 4657 1908 4688 ,γ
1932 4656 1945 4669 .
1983 4654 1995 4669 .
2043 4620 2353 4684 ρναυυεηίεηε
2387 4636 2500 4673 vero
2530 4619 2689 4675 Canis
2721 4623 2870 4688 pedes
2906 4624 3090 4687 arripit
3120 4625 3249 4677 alios

1876 4687 2101 4759 [ra/iens
2135 4706 2165 4739 a
2198 4698 2335 4756 tergo
2361 4692 2567 4757 puppim
2599 4692 2819 4744 stellatw
2845 4692 3033 4759 Argus.

1874 4755 1999 4809 Haec
2046 4768 2216 4810 autent
2261 4755 2437 4810 currit
2465 4755 2631 4825 supra
2673 4769 2882 4823 terram,
2914 4755 3106 4813 mnium
3135 4762 3411 4814 dimidiata

2954 4832 3123 4901 [juxta
3152 4832 3338 4896 ipsum,

1882 4894 2033 4963 Virgo
2061 4898 2268 4964 quando
2292 4906 2399 4949 tota
2432 4896 2494 4948 ab
2526 4896 2856 4964 inferioribus
2880 4894 2993 4966 join
3021 4894 3303 4953 emerierit.

1940 5004 2080 5071 Quin
2126 5014 2177 5059 et
2223 5006 2494 5068 Eudoxus,
2530 5022 2687 5075 quem
2740 5018 3012 5063 auctorem
3056 5017 3274 5063 secutus
3327 5020 3410 5065 est

1873 5093 2089 5153 Aratus,
2119 5095 2304 5148 eodem
2347 5094 2504 5148 modo
2548 5097 2823 5165 signorum
2861 5098 3011 5150 initia
3049 5098 3101 5151 in
3134 5101 3408 5155 coortibus

1875 5187 1937 5238 ad
1968 5188 2231 5239 orientem
2276 5188 2463 5257 statuit
2498 5207 2511 5242 :
2548 5197 2606 5241 ut
2635 5190 2721 5242 vel
2752 5188 2875 5241 inde
2910 5186 3221 5257 planissime
3255 5194 3409 5245 nobis

1873 5277 1937 5331 de
1984 5288 2149 5345 poeta:
2182 5280 2455 5347 proposito
2509 5288 2737 5335 constet.
2797 5278 2892 5334 His
2941 5296 3069 5335 vero
3123 5282 3408 5337 declaratis

1872 5368 2207 5436 inquiramus
2257 5370 2414 5423 modo
2446 5371 2498 5423 in
2530 5378 2745 5424 coortus
2785 5372 3257 5441 oppositarumqne
3286 5387 3410 5440 par-

1872 5459 2007 5511 tium
2038 5472 2282 5521 occasus,
2317 5461 2616 5528 cujusmodi
2651 5462 2716 5515 ab
2747 5462 2854 5516 illis
2886 5463 3069 5516 traditi
3102 5463 3359 5517 fuerunt.’

1944 5549 2008 5603 V.
2032 5549 2513 5620 Constitutoigitur
2534 5552 2715 5604 adorie
2738 5560 2881 5608 ntem
2900 5553 3051 5607 initio
3079 5551 3292 5613 Cancri,
3326 5566 3408 5604 re-

1875 5639 1978 5695 fert
2005 5640 2199 5695 Aratus
2230 5642 2458 5695 mediam
2486 5641 2707 5695 Corona:
2745 5651 2947 5710 partem
2984 5632 3283 5705 occidisse;
3313 5653 3410 5692 au-

1876 5730 2054 5787 Stralis
2085 5732 2211 5785 item
2240 5731 2410 5786 Piscis
2438 5746 2607 5799 usque
2634 5732 2699 5785 ad
2735 5734 2940 5801 spinam
2981 5730 3159 5794 dorsi;
3196 5730 3408 5799 Ingeni-

1876 5826 1982 5879 culi
2005 5820 2264 5895 quidquid
2288 5830 2371 5879 est
2390 5838 2551 5893 supra
2573 5832 2841 5887 ventrem;
2868 5821 3204 5893 Ophiuchum
3222 5822 3409 5878 hume-
