4094 6328
757 422 886 478 1071

1717 416 2101 475 aususnon
2133 397 2524 473 crinoracou
2549 417 2903 476 APPENDIX.

3787 422 3903 482 1071

715 592 721 596 ,
755 539 828 594 ris
877 545 1060 605 tenus;
1104 544 1427 608 serpentem,
1461 543 1623 606 qnem
1652 534 1977 604 Ophiuchus
2027 513 2194 602 tenet,
2234 536 2289 611 ad

2327 542 2372 598 Α
2400 536 2490 590 τὸν
2516 537 2573 590 δὲ
2612 537 2887 608 Ὀφιοῦχον
2935 537 3036 614 ἕως
3073 537 3178 592 τῶν
3223 538 3413 608 ὤμων·
3449 538 3539 590 τὸν
3571 538 3626 590 δὲ
3667 538 3828 606 Ὄφιν,
3854 541 3902 594 ὃν

753 645 924 702 usque
957 631 1188 698 collum;
1216 628 1625 700 Arctophylacis
1661 629 1890 698 amplius
1937 635 2089 698 parte
2135 629 2297 696 dimi-

750 721 860 776 dia.
891 720 971 776 Ad
1007 721 1122 776 haec
1149 734 1340 774 zonam
1371 720 1588 775 Orionis
1618 719 1911 774 secundum
1942 720 2194 774 humeros
2224 720 2298 772 ait

749 813 971 868 exorir-i.
1000 809 1281 877 Quocirca
1327 811 1766 866 constellationes
1818 810 1936 865 ista;
1980 825 2189 874 omnes,
2240 816 2297 864 ut

748 901 839 956 ille
869 907 1074 963 censet,
1107 915 1230 954 cum
1259 898 1500 954 Geminis
1551 901 1743 969 partim
1789 899 2060 964 oriuntur,
2097 899 2294 968 partim

748 1007 813 1048 ex
861 993 1088 1047 adverso
1120 991 1392 1045 occidunt.
1436 993 1504 1046 At
1540 991 1794 1045 Eudoxus
1828 1007 2015 1046 omnes
2055 990 2298 1046 illas're—

749 1100 998 1150 censeas,
1035 1099 1154 1154 quae
1182 1083 1283 1138 sub
1315 1084 1524 1137 initium
1557 1083 1855 1139 occidentis
1881 1082 2079 1138 Cancri
2130 1097 2296 1153 supra

749 1184 949 1230 terram
989 1175 1248 1239 eminent,
1277 1175 1353 1228 ait
1401 1162 1570 1229 totum
1619 1175 1981 1246 lngenieulum
2012 1189 2134 1231 esse
2165 1171 2298 1228 con’-

747 1265 994 1335 spicuum
1025 1282 1038 1318 :
1070 1265 1334 1318 Coronam
1387 1281 1604 1334 quoque
1639 1264 1956 1331 dimidiam;
2004 1263 2298 1334 Arctophy-

749 1359 880 1412 lacis
901 1367 953 1412 et
975 1356 1239 1427 Ophiuchi
1264 1357 1475 1426 capita;
1509 1372 1614 1411 una
1640 1373 1762 1410 cum
1805 1357 1976 1410 cauda
2005 1355 2293 1426 serpentis,

747 1451 838 1522 qui
864 1464 1023 1503 manu
1049 1457 1314 1518 gestatur.
1346 1448 1479 1504 Tum
1504 1450 1572 1504 ad
1605 1458 1847 1504 austrum
1873 1449 2127 1503 Orionem
2156 1434 2297 1502 inte;

746 1540 919 1610 grum,
948 1547 1004 1593 et
1034 1538 1102 1594 de
1139 1541 1362 1595 australi
1399 1539 1557 1598 Pisce
1583 1541 1730 1612 quod
1756 1547 1839 1596 est
1877 1538 2174 1595 secundum
2202 1552 2295 1592 ca-

745 1641 858 1700 put.

811 1729 888 1779 Ac
927 1724 995 1779 de
1035 1723 1248 1779 Corona
1291 1722 1511 1792 quidem
1559 1727 1921 1789 consentanea
1961 1720 2173 1775 veritati
2210 1726 2294 1774 est

745 1816 891 1872 Arati
930 1816 1214 1877 sententia,
1248 1811 1512 1882 siquidem
1561 1812 1617 1865 in
1659 1809 1878 1865 Graecia:
1922 1818 2098 1866 tractu
2145 1810 2291 1865 occi-

743 1907 870 1962 dere
893 1906 1083 1974 incipit
1112 1906 1318 1958 oriente
1338 1903 1408 1957 23
1434 1910 1586 1973 parte
1609 1902 1991 1967 Geminorum;
2024 1910 2135 1956 tota
2162 1917 2289 1958 vero

743 1995 1023 2053 descendit
1050 1996 1255 2051 oriente
1284 2003 1475 2065 quarta
1503 1993 1700 2049 Cancri
1731 2005 1919 2063 .parte.
1952 1991 2055 2048 Sed
2083 1993 2289 2048 Eudoxi

743 2089 885 2144 ratio
938 2088 1219 2159 perspicue
1276 2087 1600 2156 discrepat:
1641 2087 1791 2156 121
1852 2084 2288 2156 quandoquidem

742 2181 953 2236 mitium
996 2181 1065 2234 ab
1091 2195 1157 2234 eo
1189 2179 1383 2234 Cancri
1433 2180 1500 2234 in"
1537 2180 1717 2233 medio
1746 2177 2094 2234 Geminorum
2135 2179 2290 2248 signo

741 2274 980 2344 ponitur.
1009 2273 1163 2339 Quod
1204 2280 1263 2327 ut
1303 2271 1519 2327 assidue
1550 2271 1706 2326 nobis
1734 2286 2160 2327 commemorare
2195 2285 2292 2325 ne-

741 2383 895 2421 cesse
940 2382 1049 2436 non
1099 2365 1188 2427 sit,
1231 2365 1364 2418 illud
1412 2365 1663 2420 universe
1708 2363 1998 2419 tenendum
2034 2371 2136 2427 est,
2167 2378 2288 2417 cum

742 2471 854 2510 non
903 2453 1092 2510 eodem
1138 2460 1364 2524 uterque
1412 2453 1574 2509 modo
1625 2454 1778 2522 signa
1827 2453 2134 2516 describat,
2180 2467 2289 2506 non

742 2557 902 2611 posse
929 2556 1053 2595 cum
1076 2541 1339 2596 ambobus
1365 2542 1735 2612 apparentium
1763 2543 2133 2612 experimenta
2161 2557 2290 2597 con-

741 2649 955 2705 gruere.
986 2635 1121 2689 Illud
1155 2635 1376 2706 insuper
1406 2625 1706 2691 habendum
1737 2647 1838 2698 est,
1869 2650 1989 2705 qua:
2029 2637 2096 2691 ad
2135 2644 2289 2692 ortus

741 2725 1031 2794 pertinent;
1055 2725 1243 2796 paucis
1272 2726 1529 2796 exceptis,
1560 2726 1746 2782 eodem
1779 2727 1846 2780 ab
1877 2735 2111 2798 utroque
2130 2728 2289 2784 modo

742 2817 1027 2886 perscribi.
1071 2816 1270 2872 Aratus
1317 2818 1460 2872 enim
1506 2818 1714 2873 Eudoxi
1764 2820 2005 2899 vestigiis
2045 2821 2285 2876 inhaeret.

743 2906 942 2962 Verum
968 2907 1034 2962 ad
1055 2907 1305 2964 Arateam
1331 2909 1538 2964 zodiaci
1564 2911 1906 2979 partitionem
1931 2911 2102 2982 magis
2127 2927 2288 2982 quam

739 2997 808 3052 ad
836 2997 1166 3065 Eudoxeam,
1197 3008 1482 3055 coortuum
1523 2999 1592 3056 ab
1644 3001 1750 3055 illis
1794 2989 2112 3055 traditorum
2150 3003 2290 3057 ratio

738 3089 992 3143 convenit
1030 3108 1043 3144 :
1079 3089 1220 3158 quod
1250 3105 1316 3143 ex
1351 3089 1418 3145 iis
1455 3088 1546 3144 [iet
1595 3087 1856 3158 apertius,
1891 3103 2011 3159 quae
2055 3088 2123 3144 de
2171 3089 2291 3150 istis

740 3179 1058 3250 singillatim
1085 3180 1498 3250 explicabimus.

811 3334 1114 3390 Australem
1157 3349 1318 3405 porro
1343 3334 1548 3392 Piscem
1587 3336 1794 3406 majore
1825 3337 1908 3392 sui
1936 3347 2089 3406 parte
2121 3352 2286 3407 supra

743 3434 940 3481 terram
991 3434 1202 3496 oportet
1243 3437 1476 3491 exstare,
1507 3445 1614 3484 non
1659 3445 1720 3484 ea
1761 3429 2134 3484 tantummodo
2169 3445 2288 3500 qua:
2338 3427 2342 3431 ’

740 3529 870 3574 sunt
893 3517 1071 3575 vicina
1095 3518 1281 3589 capiti,
1308 3527 1367 3570 ut
1400 3516 1507 3571 illis
1537 3518 1757 3588 placuit.
1789 3517 1998 3573 Etenim
2038 3518 2286 3574 occidere

737 3610 930 3680 incipit
961 3611 1049 3666 ille
1080 3609 1428 3664 Geminorum
1465 3610 1674 3665 oriente
1714 3609 1748 3676 4
1777 3619 1977 3685 parte;
2012 3617 2284 3682 postremo

740 3699 880 3754 idem
911 3698 1108 3753 occidit
1130 3701 1334 3756 oriente
1363 3699 1559 3756 Cancri
1594 3703 1678 3757 18.

808 3791 1106 3861 lngeniculi
1159 3808 1290 3848 vero
1357 3794 1532 3849 solum
1581 3795 1694 3864 jam
1743 3803 1905 3866 caput
1951 3797 2170 3860 occidit,
2232 3804 2284 3851 et

737 3883 925 3936 dexter
979 3882 1235 3939 humerus
1289 3900 1413 3938 cum
1471 3901 1679 3952 manu;
1726 3889 1948 3946 sinister
1988 3889 2280 3952 humerus,

737 3974 1112 4044 reliquumque
1137 3989 1335 4045 corpus
1378 3990 1538 4046 supra
1584 3988 1780 4031 terram
1826 3978 2001 4032 adhuc
2050 3970 2282 4035 exsistit.

736 4065 870 4120 Nam
915 4066 1194 4123 occidente
1241 4068 1429 4124 dextro
1461 4070 1706 4136 humero,
1738 4070 1808 4125 27
1858 4088 1984 4142 pars
2028 4071 2282 4127 Gemino-

739 4171 857 4212 rum
912 4159 1134 4226 oritur;
1191 4161 1417 4216 sinistro
1475 4177 1602 4217 vero
1661 4162 2041 4223 descendente.
2109 4165 2284 4224 oritur

737 4257 1100 4322 octava-pars
1147 4252 1384 4318 Cancri,
1448 4261 1501 4308 et
1566 4270 1684 4322 qua:
1741 4264 1868 4310 sunt
1917 4257 1972 4310 in
2022 4256 2283 4311 lateribus

737 4347 860 4408 post
909 4340 1157 4394 dextrum
1218 4342 1500 4396 humerum
1556 4345 1730 4399 adhuc
1795 4347 2064 4400 oriuntur.
2123 4344 2283 4400 Falso

736 4433 918 4498 itaque
942 4430 1076 4484 dixit
1107 4431 1308 4486 Aratus
1342 4433 1451 4502 jam
1497 4434 1642 4489 illius
1670 4445 1876 4505 partem
1904 4453 1934 4491 a
1963 4447 2150 4494 ventre
2185 4455 2280 4494 ca-

736 4522 846 4590 pite
873 4528 1032 4576 tenus
1060 4521 1348 4579 occidisse.

807 4613 881 4668 De
909 4611 1190 4684 Ophiucho
1231 4623 1377 4672 recte
1407 4618 1646 4672 sentiunt
1673 4617 1872 4676 Aratus
1909 4629 1962 4676 et
1997 4620 2276 4679 Eudoxus.

735 4703 941 4776 Quippe
979 4706 1188 4762 humeri
1217 4725 1284 4762 ex
1311 4709 1537 4765 adverso
1584 4709 1929 4766 Geminorum
1981 4716 2236 4770 occidunt
2264 4735 2278 4782 ;

734 4811 853 4865 qua:
883 4811 1011 4851 vero
1038 4804 1122 4852 est
1168 4798 1223 4852 in
1257 4801 1451 4870 capite,
1494 4803 1690 4858 occidit
1737 4805 1946 4859 oriente
1999 4808 2279 4862 undecima

733 4887 926 4941 Cancri
955 4898 1132 4957 parte.

808 5064 1113 5133 Serpentis,
1155 5085 1314 5139 quem
1366 5077 1508 5124 tenet
1554 5067 1900 5141 Ophiuchus,
1951 5076 2066 5130 sola
2115 5092 2280 5146 supra

735 5160 931 5208 terram
976 5158 1165 5222 cauda,
1221 5169 1279 5212 ut
1309 5153 1780 5228 sentitEudoxus,
1811 5181 1941 5230 non,
1982 5175 2040 5219 ut
2064 5167 2280 5234 Aratus,

733 5252 895 5313 caput
923 5236 1151 5301 exsistit.
1188 5248 1395 5304 Etenim
1437 5262 1598 5321 caput
1635 5254 1802 5322 ipsius
1837 5257 2034 5312 occidit
2086 5259 2277 5314 mediis

732 5338 846 5391 fere
882 5336 1122 5392 Geminis
1166 5343 1464 5400 orientibus
1519 5365 1531 5400 :
1586 5362 1704 5416 quae
1753 5356 1930 5402 autem
1973 5359 2053 5406 est
2094 5353 2149 5407 in
2181 5369 2279 5408 ex-

734 5436 902 5482 trema
933 5431 1126 5498 cauda,
1153 5435 1353 5488 occidit
1379 5437 1585 5494 oriente
1612 5447 1762 5509 parte
1793 5440 1986 5497 Cancri
2020 5444 2072 5497 9.

803 5608 888 5664 Vl.
910 5611 981 5666 De
1004 5615 1389 5686 Arctophylace
1413 5635 1637 5691 prorsus
1661 5624 2082 5684 hallucinantur.
2111 5630 2276 5687 Asse-

839 5789 881 5822 τ·
907 5792 946 5860 ί.
979 5793 1139 5867 ᾗπερ.

2399 627 2508 697 ἔχει
2530 630 2559 680 ό
2601 629 2897 699 Ὀφιοῦχος,
2929 629 3031 691 ἕως
3065 631 3156 682 τοῦ
3201 630 3449 701 αὐχένος·
3487 629 3578 682 τοῦ
3617 630 3672 683 δὲ
3719 630 3901 700 Ἀρκτο-

2397 719 2633 788 φύλακος
2683 721 2842 775 πλέον
2891 722 3055 792 μέρος
3098 721 3131 791 ἢ
3177 721 3236 774 τὸ
3281 723 3468 793 ἥμισυ.
3512 721 3822 776 ’Δνατὲλλειν
3858 722 3901 774 δέ

2396 829 2526 883 φησι
2551 811 2644 865 τοῦ
2683 811 2930 882 Ὠρίωνος
2957 812 3053 883 τὴν
3097 809 3270 881 ζώνην
3305 813 3440 866 κατά
3467 814 3593 874 τοὺς
3619 812 3807 884 ὤμους.
3839 813 3901 866 Τὰ

2396 902 2655 972 εἰρημένα
2681 901 2861 954 τοίνυν
2899 901 3072 970 ἄστρα
3107 903 3220 963 τοῖς
3253 901 3497 970 Διδύμοις
3528 903 3646 954 κατ’
3678 901 3850 965 αὐτὸν,
3875 902 3902 955 ἃ.

2398 993 2495 1063 μὲν
2525 992 2918 1057 συνανατέλλει,
2939 991 2974 1046 ἃ.
2994 992 3050 1045 δὲ
3080 992 3504 1056 ἀντικαταδύνει.
3528 993 3587 1044 '0
3609 992 3665 1044 δὲ
3695 990 3900 1054 Εὔδοξος,

2395 1084 2850 1155 ἐξαριθμούμενος
2899 1084 2997 1137 ὅσα
3030 1084 3178 1137 ἐστὶν
3207 1083 3346 1155 ὑπὲρ
3375 1084 3495 1152 γῆς,
3527 1083 3620 1136 τοῦ
3669 1083 3901 1154 Καρκίνου

2395 1173 2691 1242 ἀρχομένου
2736 1172 3073 1238 ἀνατέλλειν,
3105 1172 3238 1243 φησὶ
3290 1173 3379 1227 τὸν
3430 1173 3516 1225 Ἐν
3561 1175 3775 1241 γόνασιν
3810 1173 3902 1226 ὅλον

2395 1259 2532 1316 εἶναι
2559 1265 2815 1335 φανερόν*
2851 1265 2942 1318 τοῦ
2966 1265 3023 1318 δὲ
3068 1264 3334 1334 Στεφάνου
3362 1265 3422 1318 τὸ
3466 1266 3633 1335 ἥμισυ
3653 1283 3666 1293 ·
3711 1268 3796 1318 καὶ
3828 1264 3902 1335 τὴν

2395 1353 2500 1418 τοῦ,
2522 1355 2952 1425 Ἀρκτοφύλακος
2976 1355 3240 1426 κεφαλήνο
3277 1355 3368 1406 καὶ
3399 1353 3494 1424 τὴν
3523 1354 3616 1406 τοῦ
3661 1356 3900 1424 ὐςιςιούχου

2395 1445 2661 1515 κεφαλήν·
2696 1444 2791 1496 καὶ
2819 1444 2914 1514 τὴν
2955 1444 3120 1516 οὐρὰν
3153 1443 3246 1498 τοῦ
3285 1444 3536 1514 ἐχομένου
3575 1446 3807 1511 ’θ’,ςεωςο
3833 1445 3901 1496 τὸν

2393 1536 2448 1589 δὲ
2478 1536 2614 1608 πρὸς
2639 1535 2788 1590 νότον
2837 1536 3063 1607 Ὠρίωνα
3090 1536 3233 1590 ὄλονο
3270 1537 3362 1590 καὶ
3396 1535 3489 1588 τοῦ
3524 1535 3697 1588 νοτίου
3738 1536 3901 1605 Ἰχθύος

2393 1627 2620 1698 τὸνπρὸς
2649 1627 2746 1698 τὴν
2779 1627 3038 1699 κεφαλήν.
3137 1616 3141 1623 ’

2471 1720 2531 1772 '0
2565 1719 2663 1789 μὲν
2687 1715 2777 1773 οὖν
2810 1719 3075 1788 Στέφανος
3113 1718 3251 1773 κατά
3299 1718 3390 1773 τὸν
3439 1720 3671 1788 Ἀρατον
3719 1718 3901 1786 ἔγγιστα

2394 1812 2704 1881 συμφωνεῖ⁹
2751 1812 2808 1863 έν
2854 1810 2962 1881 γάρ
3013 1813 3124 1873 τοῖς
3184 1811 3311 1881 περὶ
3353 1811 3450 1880 τὴν
3485 1810 3708 1863 Ἐλλάδα
3757 1810 3900 1872 τόποις

2321 1875 2361 1930 Β
2389 1875 2612 1974 ἄρχεται
2645 1903 2742 1973 μὲν
2769 1875 2949 1955 δύνειν.
2985 1875 3370 1972 ἀνατελλούσης
3474 1903 3566 1955 καὶ
3605 1909 3652 1953 κ’
3688 1902 3787 1971 μοί.
3821 1904 3902 1953 τῶν

2387 1995 2634 2064 Διδύμων
2654 2011 2681 2036 ἠ
2699 1994 2814 2057 ὅλος
2840 1994 2898 2047 δὲ
2925 1993 3066 2048 δύνει
3093 1994 3480 2064 ἀνατελλούσης
3511 1996 3609 2064 τῆς
3634 1994 3674 2047 δ’
3707 1994 3808 2063 μοί.
3832 1994 3901 2046 τοῦ

2388 2087 2686 2156 Καρκίνου.
2735 2083 2891 2137 Κατά
2943 2082 3191 2154 μέντοιγε
3240 2085 3330 2138 τὸν
3367 2085 3592 2152 Εὔδοξον
3636 2086 3804 2156 δῆλον,
3843 2086 3901 2138 ὃτι

2387 2175 2668 2243 διαφωνεῖ·
2703 2173 2932 2242 ἐπείπερ
2970 2175 3000 2243 ἠ
3041 2173 3180 2244 ἀρχὴ
3206 2173 3298 2227 τοῦ
3331 2176 3603 2246 Καρκίνου
3635 2179 3749 2230 κατ’
3778 2178 3903 2230 αὑτὸν

2390 2265 2527 2318 κατά
2545 2266 2611 2336 μέ
2621 2282 2709 2318 σον
2730 2266 2844 2318 ἐστὶ
2860 2264 2950 2317 τοῦ
2966 2263 3071 2317 τῶν
3082 2265 3322 2336 Διδύμων
3336 2266 3602 2337 δωδεκατη
3613 2269 3904 2341 μορίου.”1νσ

2388 2352 2443 2405 δὲ
2471 2352 2543 2424 μὴ
2574 2353 2861 2416 διαπαντὸς
2889 2354 3372 2426 ὲπισημαινώμεθα
3404 2358 3594 2424 τοῦτος
3625 2359 3903 2428 διαληπτέον

2390 2445 2636 2510 καθόλου,
2657 2446 2788 2498 διότι
2825 2449 2899 2518 μὴ
2938 2447 3140 2518 ὁμοίως
3177 2447 3577 2518 ἀναγράφουσιν
3617 2451 3901 2520 ἀμφοτέρως

2388 2537 2447 2589 ού
2476 2535 2696 2590 δυνατὸν
2729 2538 2969 2608 ἐκατέρῳ
2992 2537 3170 2590 αὐτῶν
3187 2541 3498 2609 συμφωνεῖν
3519 2541 3578 2593 τὸ
3599 2541 3896 2610 φαινόμενον.

2387 2631 2477 2682 Δεῖ
2518 2629 2575 2684 δὲ
2607 2631 2823 2685 κάκεῖνο
2870 2631 3218 2702 διειληφέναι,
3245 2632 3374 2686 διότι
3421 2633 3600 2687 πάντα
3646 2633 3760 2704 μὲν,
3793 2632 3896 2700 πλὴν

2387 2717 2578 2791 όλίγῶν
2614 2723 2804 2787 τινῶν,
2865 2725 3061 2795 ὁμοίως
3119 2725 3412 2797 ἀμφότεροι
3459 2726 3816 2798 ἀναγράφουσι
3849 2724 3896 2775 τὰ

2389 2817 2516 2888 περὶ
2544 2817 2642 2879 τὰς
2676 2817 2953 2880 ἀνατολάς.
3007 2819 3062 2871 '0
3115 2818 3223 2889 γὰρ
3260 2820 3490 2890 Ἀρατος
3537 2824 3655 2884 τοῖς
3701 2821 3795 2873 ὑπὸ
3827 2818 3894 2871 τοῦ

2387 2903 2612 2968 Εὐδόξου
2635 2905 2941 2982 λεγομένοις
2969 2906 3318 2977 ἠκολούθηκε.
3348 2908 3702 2978 Συμφωνοῦσι
3730 2908 3892 2978 μέντοιο

2389 3012 2451 3063 γε
2495 2998 2549 3048 αἱ
2599 2997 2688 3049 ὑπ’
2737 2997 2913 3050 αὐτῶν
2946 2999 3422 3075 ἀναγεγραμμέναι
3477 2999 3814 3053 συνανατολαὶ
3844 3000 3890 3066 τῇ

2389 3087 2526 3140 κατά
2567 3087 2661 3140 τὸν
2697 3090 2928 3161 Ἄρατον
2965 3090 3160 3162 μᾶλλον
3202 3090 3294 3145 τοῦ
3342 3091 3610 3155 ζωδιακοῦ
3663 3090 3888 3162 διαιρέσει.

2388 3178 2544 3250 εἴπερ
2563 3179 2608 3212 ⁷⁸
2646 3181 2786 3235 κατὰ
2837 3181 2924 3238 τὸν
2954 3182 3204 3250 Εὔδοξον·
3236 3183 3383 3237 ἔσται
3425 3183 3480 3236 δὲ
3525 3183 3683 3237 τοῦτο
3713 3180 3889 3251 φανερὸν

2387 3269 2450 3322 ὲκ
2479 3270 2587 3323 τῶν
2612 3271 2752 3326 κατὰ
2784 3273 2953 3344 μέρος
2978 3275 3103 3346 περὶ
3130 3273 3306 3327 αὐτῶν
3344 3274 3746 3346 ῥηθησομένων.

2454 3363 2558 3415 Τοῦ
2597 3363 2653 3415 δὲ
2680 3364 2852 3416 νοτίου
2885 3365 3080 3434 Ἰχθύος
3112 3365 3172 3418 τὸ
3211 3364 3456 3418 πλεῖστον
3493 3367 3660 3436 μέρος
3688 3365 3761 3418 δεῖ
3787 3363 3886 3433 ὑπὲρ

2383 3456 2483 3525 γῆν
2510 3450 2667 3519 εἷναι,
2693 3457 2928 3526 καὶ,ούχὶ
2951 3458 3011 3510 τὸ
3038 3457 3172 3528 πρὸς
3194 3461 3258 3528 τῇ
3287 3457 3491 3529 κεφαλῇ
3523 3459 3703 3526 μόνον,
3731 3456 3793 3518 ὥς
3816 3472 3885 3524 94-

2384 3563 2486 3599 σιν.
2523 3548 2778 3618 Ἀρχεται
2819 3549 2915 3620 μὲν
2947 3549 3054 3621 γὰρ
3086 3549 3279 3615 δύνειν,
3326 3551 3722 3623 ἀνατελλούσης
3748 3552 3781 3603 δ’
3808 3551 3884 3620 μοί.

2383 3638 2658 3709 Διδύμων·
2709 3639 2930 3709 ἔσχατον
2971 3640 3028 3694 δὲ
3072 3640 3234 3707 δύνει,
3279 3642 3675 3714 ἀνατελλούσης
3720 3643 3802 3713 τῆς
3841 3639 3886 3708 ιη’

2389 3729 2497 3799 μοί.
2529 3729 2621 3782 τοῦ
2653 3731 2948 3802 Καρκίνου.

2453 3822 2558 3875 Τοῦ
2585 3823 2629 3876 δ’
2670 3823 2756 3902 ’,Εν
2779 3823 2997 3890 γόνασιν
3030 3826 3063 3896 ἡ
3107 3826 3312 3896 κεφαλὴ
3348 3827 3504 3896 μόνον
3547 3827 3747 3890 δέδυκε,
3777 3811 3886 3878 καῖὸ

2379 3913 2547 3980 δεξιὸς
2573 3907 2719 3985 ὦμος
2751 3915 2846 3968 σὺν
2869 3919 2935 3986 τῇ
2967 3915 3136 3985 χειρί·
3182 3919 3210 3968 ό
3255 3917 3298 3968 δ’
3329 3917 3616 3988 ἀριστερὸς
3654 3913 3788 3988 ὦμος
3820 3916 3883 3968 iul

2379 4004 2440 4055 τὸ
2463 4003 2643 4057 λοιπὸν
2671 4002 2826 4074 σῶμα
2856 4004 2933 4057 έτι
2971 4005 3117 4058 ἐστὶν
3140 4005 3276 4076 ὑπὲρ
3305 4007 3426 4078 γῆν.
3455 4007 3562 4061 Τοῦ
3586 4009 3684 4079 μὲν
3712 4009 3806 4078 γὰρ
3829 4007 3886 4057 δε-

2381 4094 2493 4160 ξιοῦ
2545 4094 2692 4166 ὤμου
2745 4095 3000 4160 δύνοντος
3025 4096 3297 4150 ἀνατέλλει
3323 4100 3354 4168 ή
3385 4096 3427 4163 ζ’
3461 4101 3556 4153 καὶ
3607 4108 3654 4154 κ’
3693 4098 3882 4171 potuit:

2382 4185 2624 4255 Διδύμων
2643 4202 2656 4216 ·
2694 4185 2789 4238 τοῦ
2822 4185 2877 4239 δὲ
2909 4185 3195 4258 ἀριστεροῦ
3225 4187 3382 4259 ὤμου
3417 4190 3684 4254 δύνοντος,
3714 4186 3882 4245 ἀνατέλ-

2381 4275 2459 4328 λει
2492 4281 2524 4347 ὴ
2563 4284 2612 4347 η’
2640 4280 2747 4347 μοῖ.
2780 4276 2873 4330 τοῦ
2897 4279 3203 4350 Καρκίνουο
3250 4279 3342 4333 τοῦ
3379 4281 3432 4334 δὲ
3461 4281 3634 4349 δεξιοῦ
3661 4282 3795 4352 ὤμου
3831 4278 3884 4331 ἔτι

2383 4366 2603 4435 ὕστερον
2634 4367 2877 4421 δύνουσιν
2922 4367 2971 4419 oi
3003 4370 3060 4420 ὲν
3087 4373 3210 4434 ταῖς
3253 4372 3532 4444 πλευραῖς.
3579 4375 3690 4426 Ούκ
3718 4374 3810 4442 ἄρα
3844 4367 3882 4418 τὺ

2383 4456 2492 4510 ἀπὸ
2517 4458 2614 4528 τῆς
2647 4458 2880 4529 γαστρὸς
2909 4460 3069 4530 μέρος
3104 4463 3266 4516 αὐτοῦ
3297 4465 3399 4529 ἕως
3426 4466 3524 4533 τῆς
3570 4465 3792 4536 κεφαλῆς
3822 4462 3880 4516 δέ·

2310 4549 2353 4603 D
2381 4548 2557 4612 δυκεν,
2591 4550 2666 4612 ὡς
2695 4550 2927 4621 ’Ἄρατός
2952 4569 3104 4622 φησι.

2451 4641 2529 4692 Τὰ
2574 4641 2630 4694 δὲ
2669 4642 2796 4713 περὶ
2831 4643 2921 4696 τὸν
2962 4634 3236 4717 Ὀφὶοῦχον
3277 4647 3579 4717 συμφώνως
3627 4647 3879 4702 ἀποδιδόασι

2380 4728 2456 4798 τῷ
2488 4729 2791 4801 φαινομένῳ
2821 4732 2848 4784 ὃ
2892 4749 2950 4785 τε
2995 4737 3227 4805 ’Ἄρατος
3254 4738 3345 4789 καὶ
3374 4740 3402 4790 ό
3435 4733 3675 4803 Εὔδοξος.
3719 4739 3772 4790 Οί
3808 4736 3877 4803 μὲν

2379 4819 2486 4888 γὰρ
2518 4813 2656 4888 ὦμοι
2695 4823 2805 4885 τοῖς
2845 4823 3092 4895 Διδύμοις
3127 4827 3662 4882 ἀντικαταδύνουσιν·
3699 4831 3725 4882 ὁ
3760 4827 3805 4879 δὲ
3837 4824 3877 4874 ὲν

2378 4911 2443 4978 τῇ
2479 4909 2680 4982 κεφαλῇ
2708 4911 2871 4979 δύνει,
2899 4916 3285 4987 ἀνατελλούσης
3316 4917 3413 4987 τῆς
3444 4925 3509 4972 ια’
3533 4919 3643 4989 μοί.
3670 4918 3753 4971 τοῦ
3775 4917 3875 4981 Καρ-

2380 5001 2550 5058 κίνου.

2449 5093 2554 5146 Τοῦ
2580 5095 2635 5148 δὲ
2667 5097 2898 5165 Ὄφεως,
2927 5097 2985 5150 ὃν
3011 5096 3122 5167 ἔχει
3155 5099 3184 5151 ὁ
3227 5099 3523 5171 Ὀφιοῦχος,
3552 5100 3731 5172 ἡούρὰ
3757 5096 3875 5166 μόνον

2381 5184 2518 5257 ὑπὲρ
2546 5187 2648 5257 γῆς
2681 5189 2846 5253 ἐστιν,
2881 5189 2954 5252 ὡς
2994 5191 3023 5242 ό
3067 5188 3288 5258 Εὕδοξός
3329 5197 3482 5264 φησι,
3515 5195 3607 5248 καὶ
3632 5194 3721 5261 οὐχ
3755 5191 3874 5259 ήκε-

2381 5277 2541 5347 φαλῆν
2567 5278 2642 5341 ὡς
2673 5281 2700 5330 ὁ
2736 5281 2986 5351 Ἄρατος.
3029 5279 3093 5334 Ἦ
3128 5283 3224 5352 μὲν
3255 5284 3362 5356 γὰρ
3387 5284 3593 5354 κεφαλὴ
3626 5278 3771 5335 αὐτοῦ
3804 5275 3872 5329 δύ-

2379 5385 2477 5431 νει,
2514 5369 2906 5424 ἀνατελλόντων
2951 5373 3128 5442 μέσων
3160 5375 3390 5445 μάλιστα
3433 5374 3541 5429 τῶν
3580 5366 3874 5442 Διδύμωνοὸ

2377 5457 2431 5510 δὲ
2464 5462 2520 5512 ὲν
2557 5459 2705 5532 ἄκρᾳ
2732 5464 2797 5533 τῇ
2827 5462 2962 5535 οὐρᾷ
2989 5465 3151 5532 δύνει,
3188 5465 3572 5537 ἀνατελλούσης
3605 5466 3696 5536 τῆς
3723 5463 3760 5516 0'
3786 5456 3868 5530 μοί.

2376 5547 2466 5602 τοῦ
2500 5551 2792 5622 Καρκίνου.
3489 5567 3503 5582 ⁸

2447 5647 2534 5712 q'.
2564 5645 2697 5716 Περὶ
2720 5644 2774 5698 δὲ
2795 5645 2889 5700 τοῦ
2933 5650 3358 5721 Ἀρκτοφύλακος
3385 5653 3674 5724 ὁλοσχερῶς
3699 5637 3868 5701 δοκῶσί

4009 5397 4011 5450 l

3993 5867 4010 6228 J
