4094 6328
681 353 813 409 1075

681 502 740 534 εγ.
770 505 784 518 .
814 464 880 517 At
908 464 988 517 hic
1011 480 1128 517 cum
1155 449 1270 516 luce
1299 473 1526 516 satiatus
1560 465 1738 534 fuerit,
1945 463 2152 534 Mentis.

690 533 902 602 Vespere
946 537 1070 588 item
1109 533 1336 587 continet
1381 549 1398 586 :
1439 535 1555 600 plus
1600 533 1816 588 dimidio
1867 533 2032 590 noctis
2077 538 2157 588 la-

746 645 882 700 Cum
921 647 1064 700 enim
1111 645 1358 700 occidere
1391 661 1514 700 cum
1545 647 1724 701 Chelis
1773 647 1982 715 incipit,
2011 647 2124 702 sole
2157 649 2228 700 ibi

677 746 952 802 versante,
1004 753 1112 808 quo
1155 747 1392 808 tempore
1440 738 1566 792 facit
1613 753 1888 802 cerasum,
1943 751 2130 795 noctes
2173 742 2228 794 in

678 834 910 884 Arcturo
961 831 1252 896 dicuntur;
1292 831 1508 900 quando
1564 845 1614 886 et
1661 845 1821 900 supra
1868 841 2066 887 terram
2117 841 2228 887 tota

679 923 766 978 die
801 922 1008 986 fertur;
1063 923 1314 992 quoniam
1365 923 1541 978 uritur
1583 939 1704 977 cum
1749 923 1990 994 Virgine,
2039 935 2092 979 et
2136 940 2229 978 oc-

679 1013 908 1070 cidendo
949 1015 1070 1084 plus
1105 1013 1328 1068 dimidia
1367 1025 1524 1070 nocte
1555 1015 1848 1078 consumit,
1889 1014 2228 1085 quandoqui-

677 1105 798 1159 dem
835 1119 956 1158 cum
993 1106 1162 1174 signis
1201 1113 1432 1176 quatuor
1469 1105 1684 1160 occidit.
1718 1103 1872 1170 Quod
1911 1111 2090 1160 autem
2121 1120 2226 1180 una

675 1213 801 1250 cum
845 1197 1066 1267 Virgine
1105 1197 1436 1258 conscendat
1479 1215 1541 1251 ex
1589 1199 1738 1252 Arati
1781 1198 2068 1261 sententia,
2115 1197 2226 1251 batc

639 1275 642 1279 ’
675 1289 847 1357 ipsius
869 1289 1028 1343 verba
1053 1289 1358 1344 declarant:

629 1413 634 1424 ‘
679 1399 790 1454 Nec
817 1401 1103 1454 morientes
1131 1399 1324 1462 Chelas,
1363 1417 1424 1452 ac
1451 1403 1670 1453 tenuiter
1701 1400 1924 1454 lucentes

678 1471 880 1538 lgnatw
912 1471 1255 1538 pra'tcrt'eriut
1279 1489 1297 1534 ;
1321 1471 1564 1538 quoniam
1593 1472 1766 1538 ingens
1795 1473 1938 1524 sidus
1969 1471 2153 1524 Bootes

675 1539 952 1608 Confertus
991 1541 1179 1600 oritur,
1209 1541 1566 1592 iuterstiuctus
1591 1543 1830 1593 Arcturo.

707 1645 718 1658 ’
753 1653 858 1708 νιῐ.
893 1655 970 1708 Ac
1009 1669 1114 1708 non
1155 1657 1350 1709 Ara'tus
1385 1654 1680 1718 duntaxat,
1711 1665 1764 1710 et
1813 1655 2086 1718 Eudoxus,
2130 1655 2223 1712 sed

1663 355 1749 408 AD
1787 354 2048 410 EUSEBII
2089 337 2484 410 CHRONICON
2521 356 2876 417 APPENDIX.

3737 359 3864 418 i016

2387 507 2398 517 .
2433 507 2445 520 .
2484 509 2502 542 ,
2551 469 2610 542 ’ρ
2631 469 2704 542 δ’,
2733 470 2890 542 ἐπὴν
2921 471 3104 540 φάεος
3133 473 3460 542 κορέσηται,

2335 537 2868 608 Βοινλυτῷιὲπέχει,
2897 537 3108 596 ετλεῖον
3139 537 3274 612 δίχα
3297 537 3512 609 νὺκτὸς
3543 545 3764 612 ίούσης.

2401 649 2565 702 Ὅταν
2589 649 2696 720 γὰρ
2717 655 2830 714 ταῖς
2857 651 3056 720 Χηλαῖς
3079 651 3307 722 ἄρχηται
3337 654 3862 722 συγκαταδύνειν,τοῦ

2327 741 2476 808 ἡλίου
2503 743 2558 794 ἐν
2591 743 2778 804 αὐταῖς
2807 743 2972 806 ὄντος,
3003 747 3058 796 ἐν
3101 737 3144 810 ᾦ
3175 744 3450 806 καταδύνει
3483 745 3675 816 καιρῷ,
3703 747 3760 798 αἱ
3784 748 3866 800 νύ-

2327 849 2452 894 κτες
2496 835 2580 886 ἐπ’
2627 835 2932 904 ’Δρκτούρῳ
2959 833 3198 902 λέγονται
3217 853 3230 865 ·
3261 829 3346 887 ὅτε
3377 837 3503 906 ὃλην
3531 853 3588 888 τε
3617 838 3713 907 τὴν
3737 839 3863 908 ἡμέ-

2335 941 2434 994 ραν
2471 925 2607 996 ὑπὲρ
2651 927 2754 996 γῆς
2785 927 3022 996 φέρεται,
3057 926 3144 978 διὰ
3195 928 3254 980 τὸ
3301 930 3363 997 τῇ
3413 928 3668 998 Παρθένῳ
3715 931 3863 982 αὑτὸν

2329 1017 2736 1072 συνανατέλλειν
2754 1058 2768 1082 ,
2807 1019 2900 1071 καὶ
2921 1018 3062 1070 δύνει
3093 1019 3308 1073 πλείονα
3337 1021 3523 1090 χρόνον
3547 1021 3579 1090 ἢ
3613 1021 3676 1073 τὸ
3706 1023 3862 1090 ἥμισυ

2327 1109 2426 1180 τῆς
2453 1110 2663 1172 νυκτὸς,
2693 1109 2782 1162 ἐπὶ
2807 1109 2850 1140 ⁷⁸
2881 1113 3002 1172 τοῖς
3023 1109 3278 1182 τέσσαρσι
3302 1109 3507 1175 ζωδίοις
3547 1113 3864 1180 συγκαταδύ-

2326 1219 2422 1255 νει.
2459 1203 2579 1254 ’Ότι
2621 1201 2676 1254 δὲ
2724 1205 2790 1273 τῇ
2829 1201 3084 1274 Παρθένῳ
3117 1205 3236 1255 κατ’
3282 1199 3438 1257 αὐτὸν
3483 1206 3860 1270 ωνανατέλλει,

2327 1292 2552 1362 φανερὸν
2583 1293 2724 1344 ποιεῖ
2754 1295 2810 1344 ὲν
2841 1291 3072 1356 τούτοις·

2327 1403 2462 1458 Οὐδ’
2493 1405 2567 1458 ἂν
2593 1405 2972 1472 ἐπερχόμεναι
3007 1406 3217 1470 xum),
3257 1406 3352 1459 καί
3374 1406 3569 1476 dextri
3591 1407 3860 1476 φάουσαι,

2329 1479 2638 1546 Ἄρραστοι
2667 1477 2932 1546 παρίοιεν
2951 1493 2962 1504 ·
2991 1477 3116 1528 ἐπεὶ
3140 1476 3290 1546 μέγα
3315 1475 3476 1544 σῆμα
3503 1475 3739 1544 Βοώτης

2337 1545 2559 1614 Ἀθρόος
2597 1545 2866 1600 ἀντέλλει
2894 1545 3296 1615 βεϐολημένος
3331 1548 3740 1614 Ἀιρλιτοιζοοιο.ι

2391 1659 2462 1710 Z'.
2495 1658 2569 1710 Οὐ
2603 1657 2759 1728 μόνον
2787 1657 2846 1710 δὲ
2869 1657 2898 1707 6
2923 1657 3150 1726 ’Ἄρατος
3177 1657 3270 1710 καὶ
3293 1657 3321 1707 6
3345 1655 3588 1722 Εὔδοξος,
3623 1655 3760 1709 ἀλλὰ
3783 1657 3864 1710 καὶ

675 1747 837 1800 etiam
870 1745 1062 1815 reliqui
1105 1761 1292 1800 omnes
1339 1745 1448 1801 fere
1495 1748 1877 1812 mathematici,
1919 1749 2215 1818 quicunque

2317 1725 2370 1803 ὀἱ
2399 1749 2571 1802 λοιποὶ
2605 1725 2978 1818 *μαθηματικοὶ
2998 1725 3203 1809 πάντες
3236 1747 3435 1816 σχεδὸν,
3463 1749 3576 1804 ὅσοι
3623 1749 3748 1818 περὶ
3781 1749 3862 1802 τοῦ

675 1836 743 1891 de
791 1837 958 1892 Boote
1003 1837 1378 1908 disputarunt,
1434 1839 1486 1891 in
1533 1839 1720 1892 eodem
1764 1847 1890 1895 sunt
1935 1855 2058 1893 cum
2115 1839 2222 1894 illis

673 1941 859 1984 errore
911 1929 1130 1992 versati,
1199 1928 1526 1982 arbitrantes
1591 1935 1823 1998 quatuor
1883 1929 2033 1982 illum
2099 1945 2222 1982 cum

673 2019 844 2090 signis
885 2021 1150 2076 occidere.
1201 2023 1412 2075 Attalus
1445 2037 1574 2074 vero
1616 2037 1846 2076 occasus
1892 2021 1976 2075 sui
2023 2019 2225 2090 princi—

676 2111 858 2181 pium,
897 2127 1004 2166 non
1046 2126 1168 2165 cum
1221 2111 1477 2179 Scorpio,
1529 2119 1586 2164 ut
1624 2111 2072 2171 ostendebamus,
2129 2111 2222 2165 sed

673 2219 798 2258 cum
825 2203 1007 2256 Chelis
1037 2201 1212 2258 facere
1239 2211 1554 2257 constanter
1585 2211 1862 2258 asseverat
1892 2203 1976 2258 his
2003 2204 2180 2256 verbis
2203 2221 2218 2256 :

679 2313 700 2346 ι
736 2293 962 2359 Quidam
1003 2295 1143 2348 enim
1191 2310 1364 2366 neque
1398 2295 1770 2364 apparentium
1817 2295 2042 2348 scientia
2083 2309 2219 2364 prae-

672 2386 791 2448 diti,
825 2401 999 2454 neque
1045 2383 1215 2454 poetas
1251 2395 1479 2441 mentem
1529 2386 1786 2452 assecuti,
1835 2387 1980 2440 varie
2023 2385 2088 2440 de
2129 2385 2220 2440 illo

671 2477 1108 2548 pronuntiarunt.
1143 2479 1220 2532 Ac
1256 2487 1384 2533 sunt
1422 2478 1688 2545 nonnulli,
1731 2477 1822 2548 qui
1853 2493 1974 2532 cum
2000 2475 2220 2547 Virgine

669 2567 904 2636 primum
939 2567 1184 2622 occidere
1226 2567 1376 2621 illum
1412 2569 1652 2622 sentiunt
1683 2585 1697 2632 ;
1734 2566 1930 2622 deinde
1971 2583 2092 2622 cum
2123 2569 2220 2622 tri-

669 2656 772 2711 lius
803 2657 1212 2726 insequentibus
1268 2658 1484 2728 signis;
1537 2657 1627 2710 alii
1683 2657 1896 2712 initium
1937 2657 2218 2713 occidendi

668 2753 738 2805 ab
776 2751 1003 2821 Scorpio
1035 2749 1232 2814 facere,
1270 2763 1324 2804 et
1367 2751 1422 2813 in
1451 2749 1748 2819 Aquarium
1786 2749 2032 2803 desinere
2069 2743 2218 2818 {qua

669 2843 860 2897 imbuti
893 2844 1145 2910 Opinione
1175 2842 1554 2912 aliqui.coram
1573 2849 1626 2896 te
1649 2841 1883 2896 convicti
1907 2857 1938 2896 a
1961 2841 2136 2905 nobis,
2155 2856 2220 2896 ac

666 2933 878 2990 dedocti
909 2935 976 2989 de
1011 2935 1278 2990 sententia
1327 2935 1715 2989 discesserunt.
1762 2933 1957 3004 Atque,
2007 2941 2064 2988 ut
2109 2948 2216 2987 uno

666 3027 834 3084 verbo
880 3027 1077 3089 dicam,
1108 3042 1229 3080 cum
1270 3035 1324 3082 et
1351 3042 1418 3082 ex
1456 3013 1840 3096 apparentibus
1888 3027 1942 3081 id
1982 3037 2211 3092 constet,

2325 1839 2545 1892 Βοώτεω
2587 1837 2741 1906 λόγον
2787 1838 3125 1906 πεποίηνται,
3171 1837 3368 1908 ὁμοίως
3417 1838 3624 1902 τούτοις
3671 1841 3865 1892 ἀποπε-

2323 1929 2638 2000 πλάνηνται,
2662 1930 2966 2000 νομίζοντες
2993 1928 3248 1998 τέσσαρσι
3271 1928 3475 1992 ζωδίοις
3493 1929 3659 1981 αὐτὸν
3685 1947 3868 1996 συγκτι-

2320 2021 2582 2074 ταδύνειν.
2617 2019 2874 2082 Ἄτταλος
2915 2019 2972 2071 δὲ
3009 2021 3102 2074 καὶ
3143 2021 3268 2090 περὶ
3303 2019 3393 2072 τοῦ
3433 2019 3528 2092 τὴν
3569 2021 3746 2090 ἀρχὴν
3779 2020 3866 2088 τῆς

2321 2113 2522 2176 δύσεως
2567 2113 2733 2178 αὑτὸν⁴
2761 2113 3046 2176 ποιεῖσθαι,
3079 2114 3152 2186 μὴ
3190 2114 3268 2184 τῷ
3309 2114 3555 2185 Σκορπίῳ
3603 2131 3866 2182 συγκατα-

2281 2207 2296 2226 ‘
2321 2202 2636 2272 φερόμενον,
2674 2203 2747 2265 ὡς
2787 2205 2947 2274 ἡμεῖς
2977 2203 3306 2274 ἐδείκνυμεν,
3341 2203 3473 2255 ἀλλὰ
3499 2205 3617 2265 ταῖς
3649 2203 3864 2272 Χηλαίς,

2324 2294 2520 2356 ἱκανῶς
2567 2293 2984 2358 διαϐεϐαιοῦται,
3037 2293 3206 2362 λέγων
3265 2295 3353 2348 τὸν
3403 2295 3602 2364 τρόπον
3657 2293 3864 2346 τοῦτονο

2325 2401 2342 2433 ι
2380 2383 2548 2460 ζΕνιοι
2582 2384 2689 2454 γὰρ
2731 2383 2850 2437 οὕτε
2889 2388 2998 2447 τοῖς
3033 2383 3374 2454 φαινομένοις
3411 2381 3864 2453 παρακολουθοῦν-

2317 2491 2430 2538 τες,
2485 2473 2604 2528 οὔτε
2651 2475 2717 2528 τὰ
2761 2475 2863 2527 ὑπὸ
2892 2475 2984 2544 τοῦ
3018 2475 3238 2544 ποιητοῦ
3287 2475 3548 2544 λεγόμενα
3587 2471 3862 2544 δυνάμενοι

2319 2571 2578 2630 συνεῖναι,
2609 2567 2896 2637 διαφόρους
2923 2567 3220 2634 ἀποφάσεις
3261 2567 3577 2637 πεποίηνται
3613 2567 3742 2638 περὶ
3775 2565 3860 2618 a6-

2317 2661 2428 2714 τοῦ.
2463 2659 2568 2713 Καί
2599 2661 2736 2724 τινές
2777 2677 2906 2728 φασι
2937 2661 3034 2730 μὲν
3077 2661 3237 2712 αὐτὸν
3277 2663 3341 2730 τῇ
3371 2659 3631 2729 Παρθένῳ
3658 2657 3858 2729 πρῶτον

2319 2751 2576 2822 ἄρχεσθαι
2605 2752 3020 2820 συγκαταδύνειν
3043 2769 3056 2781 ·
3100 2749 3216 2805 εἷτα
3251 2754 3308 2804 ὲν
3343 2754 3452 2812 τοῖς
3483 2749 3686 2820 ἐφεξῆς
3727 2749 3858 2820 τρισὶ

2319 2843 2524 2907 ζωδίοις
2549 2863 2560 2876 ·
2599 2844 2724 2897 ἔνιοι
2757 2845 2813 2898 δὲ
2854 2843 3112 2915 ἄρχεσθαι
3161 2845 3255 2914 μὲν
3296 2843 3400 2894 ἀπὸ
3441 2841 3532 2893 τοῦ
3577 2841 3854 2910 Σκορπίου,

2317 2937 2498 3006 λήγειν
2523 2936 2578 2990 δὲ
2605 2937 2694 2989 ἐπὶ
2715 2937 2805 2988 τὸν
2841 2936 3135 3006 Ὑδροχόον,
3171 2929 3242 2987 ὧν
3273 2951 3380 2986 τισι
3409 2935 3500 2986 καὶ
3529 2935 3592 2985 σὺ
3631 2933 3854 3003 παρατέ-

2315 3045 2507 3098 τευχας
2547 3027 2912 3098 ἐλεγχομένοις
2953 3029 3039 3096 ὑφ’
3079 3027 3251 3098 ἡμῶν,
3285 3027 3377 3078 καὶ
3411 3009 3852 3098 μετατιθεμένοις.

665 3125 720 3174 et
761 3127 914 3189 poeta
953 3117 1156 3188 liquido
1183 3125 1432 3184 testetur,
1465 3127 1637 3172 totum
1682 3117 1968 3185 occidisse,
2003 3134 2127 3174 cum
2160 3120 2214 3174 in

2317 3120 2556 3173 Καθόλου
2593 3118 2650 3171 δὲ
2695 3119 2787 3172 καὶ
2826 3117 2916 3170 τοῦ
2957 3119 3276 3189 φαινομένου
3305 3119 3458 3172 τοῦτο
3492 3117 3853 3180 σὐνιστῷντος,

664 3211 871 3266 oriente
899 3209 1035 3266 situs
1059 3219 1142 3266 est
1161 3208 1286 3272 Leo,
1315 3224 1568 3266 occasum
1597 3217 1776 3265 autem
1803 3211 2060 3282 incipere,
2093 3224 2216 3264 cum

663 3302 826 3356 Tauri
875 3305 1037 3358 instat
1073 3313 1324 3368 exortus;
1373 3302 1588 3372 quando
1618 3311 1672 3356 et
1711 3303 1991 3374 oppositus
2033 3301 2106 3354 illi
2151 3316 2216 3356 ex

663 3397 892 3451 adverso
935 3395 1192 3466 Scorpius
1238 3395 1294 3449 in
1337 3409 1536 3450 occasu
1563 3395 1774 3464 positus
1799 3402 1882 3448 est
1917 3410 1930 3457 ;
1961 3403 2014 3444 et
2039 3393 2218 3446 Chela:

661 3505 852 3544 recens
885 3490 1222 3550 occiderunt,
1270 3488 1466 3556 quibus
1506 3503 1630 3542 cum
1665 3485 1992 3540 descendere
2027 3481 2215 3551 incipit

661 3580 1022 3649 ArctOphylax
1049 3597 1064 3644 ;
1101 3577 1444 3633 manifestum
1466 3593 1586 3633 esse
1618 3577 1852 3631 arbitror
1880 3591 1974 3630 eos
2006 3589 2212 3639 omnes,

663 3672 754 3740 qui
781 3671 848 3724 de
873 3671 972 3724 hac
993 3685 1052 3725 re
1080 3669 1406 3744 dissentiunt
1433 3684 1462 3722 a
1492 3669 1671 3730 nobis,
1691 3667 2064 3738 apparentiutn
2096 3681 2214 3721 esse

665 3765 906 3819 funditus
937 3766 1173 3834 ignaros.
1213 3784 1230 3814 ι

724 4037 889 4107 Atqui
945 4036 1158 4091 beasset
1204 4049 1326 4096 nos,
1357 4033 1402 4088 si
1435 4047 1546 4088 non
1582 4031 1772 4091 solam,
1813 4031 1948 4086 citra
1988 4029 2212 4084 demon-

655 4130 972 4182 strationem
1019 4125 1336 4181 sententiam
1385 4125 1564 4178 dicere
1611 4131 1900 4178 contentus
1943 4131 2212 4178 assereret

651 4218 934 4282 convictos
969 4233 996 4270 a
1031 4234 1088 4272 se
1135 4218 1226 4286 qui
1272 4223 1462 4271 contra
1501 4215 1762 4270 sentirent
1797 4215 2052 4285 opinione
2087 4227 2208 4268 ces—

653 4312 818 4372 sisse,
875 4309 970 4364 sed
1010 4307 1138 4362 dicti
1167 4323 1394 4377 quoque
1418 4306 1500 4361 sui
1541 4305 1912 4376 probationem
1955 4304 2208 4358 mandas-

654 4409 736 4457 set
797 4379 1026 4464 litteris;
1083 4405 1142 4450 ut
1193 4404 1247 4452 et
1297 4396 1506 4450 caeteris
1563 4396 1629 4450 ab
1690 4409 1754 4448 eo
1815 4393 2204 4448 dissidentibus

651 4493 968 4566 persuaderi
1015 4497 1215 4562 posset,
1266 4504 1388 4543 cum
1423 4487 1626 4552 Chelis,
1659 4503 1765 4540 non
1812 4501 1934 4540 cum
1981 4484 2206 4554 Scorpio
2239 4481 2282 4536 D

626 4567 802 4642 'iilum
842 4585 1119 4642 occidendi
1155 4581 1505 4654 primordium
1543 4579 1758 4633 habere.
1801 4577 2064 4643 Quoniam
2105 4577 2204 4648 igi-

651 4690 740 4735 tur
773 4681 873 4734 hoc
906 4679 973 4732 ab
1002 4691 1066 4730 eo
1095 4675 1518 4746 praetermissum
1549 4662 1649 4737 est,
1685 4687 1792 4726 non
1836 4669 2024 4738 inutile
2061 4671 2204 4724 futu-

649 4787 772 4826 rum
823 4770 1056 4823 arbitror
1111 4767 1298 4837 paucis
1359 4767 1685 4828 admonere,
1743 4765 1939 4834 quibus
1995 4763 2202 4818 inducti

650 4861 954 4916 rationibus
1023 4857 1384 4918 arbitremur,
1456 4871 1577 4909 cum
1667 4853 1894 4924 Scorpio
1967 4855 2200 4924 primum

650 4951 898 5007 occidere
937 4949 1174 5003 Bootem.
1208 4945 1340 4999 Nam
1383 4947 1738 5014 copiosiorem
1775 4945 1876 4999 hac
1910 4945 1977 4999 de
2006 4960 2064 4999 re
2097 4958 2204 4998 ser-

648 5057 864 5098 monem
909 5047 1106 5094 nostra:
1139 5038 1214 5092 illi
1245 5037 1310 5092 de
1347 5037 1622 5090 coortibus
1658 5035 2010 5104 disputationi
2045 5049 2202 5105 sepo-

649 5135 876 5190 suimus.
899 5129 1191 5202 Fingamus
1217 5131 1398 5200 itaque
1424 5127 1583 5182 modo
1601 5127 1654 5180 in
1673 5127 1949 5182 horizonte
1972 5127 2200 5182 occiduo

650 5225 1098 5284 australissimam
1131 5223 1340 5276 stellam
1373 5237 1582 5282 earum,
1617 5237 1733 5290 qua:
1755 5229 1878 5274 sunt
1901 5221 1954 5274 in
1979 5221 2201 5274 sinistro

649 5317 783 5386 pede
831 5311 1258 5382 ArctOphylacis.
1291 5308 1382 5364 Est
1425 5325 1488 5364 ea
1535 5307 1802 5362 borealior
1841 5306 2196 5377 aequinoctiali

649 5409 856 5464 circulo
885 5405 1130 5476 partibus
1149 5403 1238 5470 27,
1266 5417 1328 5456 ac
1353 5402 1550 5456 triente
1579 5419 1592 5466 ;
1629 5400 1932 5466 cujus-modi
1960 5401 2198 5454 circulus

651 5514 746 5570 per
777 5498 930 5566 polos
955 5496 1223 5550 transiens
1252 5499 1464 5547 constat
1491 5493 1612 5546 560.
1641 5491 1720 5546 Ob
1761 5491 1813 5544 id
1849 5493 2198 5561 atquidistans

649 5591 1014 5660 a'quinoctiali
1057 5589 1294 5644 circulus
1341 5603 1433 5658 per
1477 5589 1620 5642 illam
1672 5589 1878 5644 stellam
1927 5591 2198 5645 transiens

723 5745 762 5778 "
867 5745 1006 5803 ἐπεί.

2318 3211 2412 3264 καὶ
2435 3211 2526 3264 τοῦ
2555 3210 2776 3282 ποιητοῦ
2809 3210 2989 3280 σαφῶς
3019 3211 3284 3280 λέγοντος,
3311 3213 3391 3265 ὃτι
3425 3213 3544 3274 ὅλος
3591 3211 3694 3281 μὲν
3725 3211 3856 3264 δεδυο

2317 3301 2678 3370 κὼςιγίνεται,
2711 3300 2934 3364 Λέοντος
2963 3301 3095 3372 πρὸς
3133 3301 3390 3364 ἀνατολὰς
3425 3301 3604 3364 ὄντος·
3648 3301 3852 3372 ἄρχεται

2314 3394 2370 3446 δὲ
2401 3393 2637 3458 δύεσθαι,
2672 3395 2749 3447 ὅτ’
2779 3396 2844 3448 ἂν
2872 3396 2900 3446 6
2925 3395 3133 3466 Ταῦρος
3163 3395 3326 3465 μέλλῃ
3357 3395 3692 3448 ἀνατέλλειν·
3724 3393 3779 3446 τὸ
3805 3393 3852 3444 δὲ

2316 3487 2453 3540 κατὰ
2495 3487 2780 3558 διάμετρον
2821 3488 2981 3541 αὑτοῦ
3015 3490 3261 3557 κείμενον
3308 3487 3494 3550 ζῴδιον
3537 3490 3566 3540 6
3605 3486 3854 3557 Σκορπίος

2315 3563 2447 3650 πρὸς
2471 3583 2536 3652 τῇ
2570 3579 2716 3633 δύσει
2747 3582 3030 3652 ὑπάρχων·
3063 3583 3118 3636 αἱ
3155 3581 3210 3634 δὲ
3249 3582 3420 3650 Χηλαὶ
3450 3581 3654 3650 ἀρτίως
3679 3595 3854 3632 κατεν-

2313 3667 2603 3744 ηνεγμὲναι
2646 3666 2796 3735 ὦσιν,
2843 3667 2929 3734 αἷς
2965 3672 3078 3742 ἅμα
3106 3669 3608 3740 συγκαταφέρεσθαι
3645 3671 3852 3738 ἄρχεται

2313 3767 2340 3817 6
2375 3765 2757 3836 Ἀρκτοφύλαξ,
2793 3765 3020 3835 φανερὸν
3049 3759 3184 3816 εἶναι
3209 3763 3429 3832 νομίζω,
3455 3761 3590 3814 διότι
3628 3765 3752 3824 τοὺς
3772 3761 3854 3814 ἀν-

2311 3857 2644 3922 τιδοξοῦντας
2673 3859 2802 3928 ἡμῖν
2835 3857 2962 3928 περὶ
2991 3853 3176 3908 τούτου
3207 3852 3480 3916 παντελῶς
3501 3853 3760 3924 ἀπείρους
3781 3845 3850 3903 εἷ-

2312 3965 2398 4002 ναι
2428 3949 2534 4001 τῶν
2561 3949 2894 4018 φαινομένων
2927 3945 3286 4016 συμϐέϐηκεν.
3335 3965 3353 3997 ι

2341 4055 2348 4092 t
2379 4039 2570 4102 Καλῶς
2617 4040 2716 4110 μὲν
2751 4037 2842 4092 οὖν
2875 4034 3038 4108 εἶχεν.
3081 4041 3127 4090 εί
3169 4037 3242 4107 μὴ
3273 4037 3448 4107 μόνον,
3493 4035 3848 4104 ἀναποδείκτῳ

2313 4133 2470 4200 φάσει
2496 4132 2790 4202 χρώμενος,
2819 4130 2968 4198 ἔλεγε
2993 4131 3114 4194 τοὺς
3149 4129 3543 4193 ἀντιδοξοῦντας
3571 4127 3846 4199 ἐλεγχομὲη

2311 4245 2428 4289 νους
2447 4227 2537 4280 ὑπ’
2566 4222 2728 4278 αὑτοῦ
2755 4221 3152 4294 μετατίθεσθαι,
3169 4221 3300 4276 ἀλλὰ
3321 4221 3412 4275 καὶ
3433 4221 3524 4274 νῦν
3553 4221 3846 4294 ἔγγραπτον

2311 4320 2474 4373 ἐτίθει
2505 4319 2601 4388 τὴν
2633 4316 2930 4383 ἀπόδειξιν·
2971 4317 3056 4369 ἵνα
3097 4319 3190 4368 καὶ
3227 4317 3274 4368 oi
3305 4315 3474 4368 λοιποὶ
3503 4315 3612 4366 τῶν
3657 4315 3844 4368 ἀντιδο-

2311 4411 2540 4478 ξούντων
2565 4405 2875 4472 πεισθῶσιν,
2909 4407 2988 4464 ὃτι
3027 4409 3145 4468 ταῖς
3184 4405 3386 4474 Χηλαῖς
3409 4403 3632 4474 ἄρχεται
3662 4419 3844 4472 συγκα-

2309 4503 2569 4564 ταδύνειν,
2599 4502 2690 4553 καὶ
2715 4500 2776 4552 ού
2798 4499 2874 4570 τῷ
2899 4497 3148 4568 Σκορπίῳ
3165 4511 3179 4524 ⁶
3209 4495 3346 4566 πλὴν
3369 4496 3487 4548 ἐπεὶ
3514 4491 3666 4559 οὗτος
3691 4510 3844 4562 παρα-

2309 4595 2568 4656 λέλοιπεν,
2594 4593 2694 4644 οὑκ
2722 4592 2987 4662 ἄχρηστον
3017 4587 3082 4642 ἂν
3116 4588 3199 4655 εἰη
3229 4587 3316 4639 διὰ
3343 4585 3585 4656 βραχέων
3611 4583 3842 4654 ὑπομνῆ-

2311 4705 2418 4750 σαι,
2451 4687 2514 4738 δι’
2559 4678 2632 4737 ὧν
2677 4683 2968 4752 πειθόμεθα
2999 4679 3078 4750 τῷ
3123 4679 3369 4750 Σκορπίῳ
3418 4678 3648 4749 πρώτως
3695 4675 3840 4728 αὐτὸν

2311 4777 2744 4846 συγκαταδύνειν.
2781 4774 2883 4828 Τὸν
2925 4772 3020 4842 μὲν
3045 4769 3152 4840 γὰρ
3197 4770 3286 4822 ἐπὶ
3315 4769 3492 4822 πλεῖον
3533 4771 3660 4840 περὶ
3691 4763 3838 4822 αὑτοῦ

2308 4871 2456 4939 λόγον
2482 4873 2536 4923 ἐν
2563 4873 2626 4940 τῇ
2649 4868 2754 4922 τῶν
2793 4862 3156 4918 συνανατολῶν
3179 4855 3520 4940 πραγματεία
3543 4875 3837 4928 κατακεχωε

2309 4961 2536 5031 ρίκαμεν
2557 4977 2568 4988 ο
2601 4956 2821 5010 νοείσθω
2861 4953 2916 5005 δὲ
2953 4953 3047 5005 νῦν
3080 4952 3170 5004 ἐπὶ
3195 4951 3287 5004 τοῦ
3325 4950 3592 5022 ὁρίζοντος
3619 4949 3750 5018 πρὸς
3779 4949 3834 5014 τῇ

2305 5053 2450 5106 δύσει
2479 5050 2723 5120 κείμενος
2764 5049 2792 5099 6
2833 5043 3145 5106 νοτιώτατος
3172 5037 3345 5113 ἀστὴρ
3383 5041 3490 5093 τῶν
3532 5038 3700 5112 ἐντῷ
3727 5039 3834 5108 ἀρι-

2309 5143 2480 5215 στερῷ
2515 5142 2632 5196 ποδὶ
2671 5138 2764 5193 τοῦ
2799 5137 3266 5208 Ἀρκτοφύλακος.ι
3290 5134 3426 5186 Ἀλλ’
3455 5133 3599 5184 ἔστιν
3629 5125 3774 5192 οὗτος
3813 5129 3837 5179 6

2305 5237 2481 5306 ἀστὴρ
2525 5233 2856 5306 βορειότερος
2893 5231 2984 5284 τοῦ
3023 5227 3331 5300 ἰσημερινοῦ
3375 5225 3568 5278 κύκλου
3617 5225 3724 5294 μοί.
3765 5219 3834 5282 κζ’

2307 5330 2400 5382 καὶ
2423 5333 2470 5396 γ’
2500 5328 2654 5398 μέρει
2685 5324 2894 5394 μοίρας,
2923 5323 3044 5374 οἴων
3071 5323 3216 5373 ἐστὶν
3245 5321 3272 5369 6
3295 5317 3382 5370 διὰ
3421 5317 3526 5370 τῶν
3557 5317 3726 5370 πόλων
3753 5313 3836 5366 κύ-

2307 5419 2428 5480 κλος
2465 5433 2572 5488 μοι.
2607 5413 2699 5477 τξ’.
2729 5413 2826 5466 Διὰ
2859 5412 2920 5481 δὴ
2950 5411 3108 5464 τοῦτο
3147 5411 3174 5462 6
3211 5409 3546 5478 γραφόμενος
3579 5403 3832 5476 παραλλη-

2305 5511 2392 5574 λος
2417 5509 2492 5579 τῷ
2523 5506 2812 5577 ἰσημερινῴ
2839 5505 3028 5566 κύκλος
3055 5501 3141 5554 διὰ
3163 5500 3256 5553 τοῦ
3281 5499 3672 5572 προειρημένου
3693 5491 3834 5549 ἀστέ-

2310 5621 2396 5674 ρος
2427 5603 2522 5674 τὴν
2550 5601 2688 5672 ὑπὲρ
2717 5600 2816 5670 γῆς
2839 5597 3182 5670 περιφέρειαν
3215 5594 3316 5664 ἔχει
3357 5593 3602 5676 τοιούτων
3633 5583 3832 5660 τμημά-
