4008 6328
42 415 49 421 ’
76 397 243 499 ἰο-η

1070 430 1430 502 numnam
1462 414 1551 501 tu
1582 444 2023 503 ΡΗΑΞΝΟΜΕΝΑ
2061 446 2185 500 LIB.
2228 446 2289 501 ll.

3154 450 3301 505 i078

77 581 208 616 των
232 569 295 617 ιε’
336 547 617 620 λείπουσαν
642 572 690 619 κ’
721 568 869 643 μέρει
903 566 977 631 ὡς
1001 566 1239 636 ἔγγιστα,
1280 568 1406 621 οἴων
1437 568 1581 620 ἐστὶν
1618 569 1646 619 6

1749 581 1932 620 arcum
1994 581 2157 635 supra
2204 574 2404 620 terram
2445 566 2605 621 habet
2653 559 2873 623 totidem
2919 567 3149 637 partium
3198 544 3286 634 15,

80 652 187 707 διὰ
215 655 325 706 τῶν
354 656 526 709 πόλων
560 657 752 719 κύκλος
789 658 1084 729 τμημάτων
1116 659 1212 711 κδ’.
1240 658 1312 711 Τὸ
1347 660 1513 728 ἥμισυ
1542 657 1649 728 ἄρα

82 744 196 813 τῆς
218 745 509 816 εἰρημένης
542 747 907 819 περιφερείας,
938 749 998 801 τὸ
1020 748 1125 802 ἀπὸ
1150 748 1240 802 τοῦ
1283 747 1647 819 μεσημϐρινοῦ

82 833 204 895 ἕως
246 834 468 901 δύσεως,
490 836 596 890 τῶν
639 836 813 890 αὐτῶν
851 839 1147 908 τμημάτων
1186 838 1300 891 ἐστὶ
1340 838 1403 901 ζ’,
1443 840 1536 889 καὶ¹
1575 838 1649 899 ὡς

80 924 327 991 ἔγγιστα
349 928 598 997 ἡμίσους.
633 928 770 981 Ἀλλ’
788 931 815 983 6
841 930 1121 1001 εἰρημένος
1150 931 1322 1000 ἀστὴρ
1348 932 1540 997 κεῖται,
1574 930 1648 992 ὼς

80 1015 241 1068 κατὰ
274 1017 610 1087 παράλληλον
653 1019 866 1086 κύκλον,
901 1022 1025 1091 περὶ
1058 1019 1106 1075 α’
1153 1023 1257 1090 μυί.
1290 1020 1397 1074 τῶν
1435 1020 1643 1091 Χηλῶν.

79 1104 355 1170 Δύνοντος
386 1108 491 1177 ἄρα
523 1108 703 1174 αὐτοῦ,
742 1111 836 1163 δεῖ
859 1115 1225 1183 μεσουρανεῖν,
1252 1112 1325 1176 ὡς
1346 1112 1485 1165 κατά
1512 1129 1650 1185 παρ-

80 1196 328 1269 άλληλον
360 1198 573 1264 κύκλον,
603 1201 699 1272 τὴν
730 1208 813 1254 κα¹
837 1202 877 1254 δ’
912 1206 1019 1273 μοῖ.
1049 1202 1141 1255 τοῦ
1174 1204 1449 1275 Αἰγόκερω
1473 1220 1487 1235 °
1518 1204 1648 1257 ταύ-

76 1306 198 1359 της
229 1289 286 1342 δὲ
329 1291 420 1342 ἐπὶ
464 1291 556 1348 τοῦ
593 1292 931 1364 παραλλήλου
978 1295 1428 1365 μεσουρανούσης,
1471 1295 1550 1348 δεῖ
1593 1298 1649 1349 ὲν

77 1378 172 1449 τῷ
208 1378 453 1451 ζωδιακῷ
487 1384 951 1454 μεσουρανεῖντὴν
976 1384 1249 1453 δευτέραν,
1279 1386 1371 1438 καὶ
1403 1388 1649 1458 εἰκοστὴν

84 1475 296 1544 μοῖραν
326 1473 417 1525 τοῦ
462 1474 757 1544 Αίγόκερω.
798 1474 931 1529 Ἀλλ’
978 1479 1034 1529 ὲν
1079 1476 1156 1547 τῷ
1196 1477 1439 1548 ζωδιακῷ
1480 1478 1576 1549 τῆς
1606 1478 1649 1548 β’

80 1564 191 1616 καὶ
224 1564 468 1634 εἰκοστῆς
512 1564 604 1618 τοῦ
645 1566 921 1639 Δίγόκερω
962 1568 1151 1638 μοίρας
1196 1569 1648 1640 μεσουρανούσης,

80 1655 149 1706 ὲν
171 1653 257 1724 τῷ
283 1655 619 1738 ὑποκειμένῳ
646 1656 876 1727 ὁρίζοντι
907 1657 984 1711 δεῖ
1006 1658 1306 1711 ἀνατέλλειν
1328 1659 1423 1730 τὴν
1458 1666 1509 1723 ς’
1546 1662 1648 1730 μά-

81 1746 259 1801 λιστα
293 1749 400 1817 μοί.
424 1746 517 1800 τοῦ
543 1748 783 1819 Ταύρου·
823 1750 1047 1805 ’ἑκαστον
1069 1752 1177 1822 γὰρ
1216 1750 1324 1802 τῶν
1353 1752 1649 1822 εἰρημένων

80 1837 479 1901 ἀποδείκνυται
503 1840 589 1893 διὰ
612 1834 721 1893 τῶν
744 1841 1013 1913 γραμμῶν
1048 1844 1104 1897 ὲν
1124 1846 1241 1907 ταῖς
1272 1842 1493 1897 καθόλου
1524 1846 1649 1916 napi.

80 1932 207 1985 τῶν
248 1932 498 1986 τοιούτων
546 1936 677 2003 ἡμῖν
728 1918 1177 2005 συντεταγμέναις
1232 1938 1646 2007 πραγματείαις.

98 2023 163 2075 '0
198 2020 309 2092 ἄρα
340 2022 621 2093 ἀριστερὸς
646 2022 779 2086 ποῦς
807 2025 900 2078 τοῦ
929 2020 1137 2079 Βοὼτου
1161 2028 1561 2082 ἀντικαταδύνει
1583 2032 1648 2100 τῇ

89 2114 150 2178 ς’
187 2114 301 2184 pol.
329 2111 422 2167 τοῦ
453 2114 685 2185 Ταύρου.
718 2117 837 2169 ’Ὁτι
869 2118 925 2200 οὲ
957 2118 1049 2171 καὶ
1076 2119 1287 2189 πρῶτος
1318 2123 1346 2173 6
1374 2121 1652 2192 ἀριστερὸς

91 2201 239 2265 ποῦς
265 2200 359 2255 τοῦ
402 2201 609 2256 Βοώτου
654 2203 817 2269 δύνει,
853 2206 1018 2276 χωρὶς
1048 2206 1233 2259 τούτου
1279 2209 1650 2262 ἀποδέδεικται

92 2296 156 2351 ἒν
180 2293 261 2365 τῷ
286 2295 415 2366 περὶ
438 2295 598 2349 αὐτοῦ
628 2297 1041 2369 λόγῳ.,Φανερὺν
1071 2299 1115 2352 δ’
1146 2300 1212 2352 ἂν
1241 2299 1326 2369 εἴη
1351 2302 1444 2353 καὶ
1470 2300 1527 2365 ἐξ
1552 2303 1648 2354 αὐ-

96 2387 202 2456 τῆς
231 2386 327 2458 τῆς
360 2387 556 2453 θέσεως
586 2388 942 2443 τοῦᾜοώτου.
979 2390 1162 2462 Ὀρθὸς
1196 2390 1303 2462 γὰρ
1344 2391 1583 2462 βεϐηκὼς
1622 2396 1650 2446 6

104 2476 338 2551 Βοώτης,
364 2478 596 2547 ὲγκλίνει
620 2481 685 2550 τῇ
710 2478 855 2532 θέσει
877 2478 1065 2543 οὕτως,
1100 2480 1236 2533 ὥστε
1260 2482 1346 2533 τὸν
1369 2481 1649 2554 ἀριστερὸν
1696 2474 1697 2477 “

111 2568 247 2620 πόδα
285 2568 455 2639 πολλῷ
487 2570 797 2641 νοτιώτερον
823 2570 949 2623 ὄντα
976 2571 1074 2639 τῆς
1106 2572 1359 2643 κεφαλῆς,
1399 2576 1649 2645 προηγεῖ-

113 2659 240 2713 σθαι
270 2660 357 2714 τοῦ
396 2661 485 2714 διὰ
528 2662 635 2745 τῷν
676 2663 1016 2735 ιιιόλωνηκαί⁵
1058 2666 1154 2735 τῆς
1206 2666 1440 2737 κεφαλῆς
1485 2666 1646 2721 αὑτοῦ

114 2751 443 2823 γραφομένου
483 2752 680 2807 κύκλου
714 2748 1101 2825 .πλεῖον’ἥμισυ
1144 2756 1237 2809 καὶ
1274 2757 1522 2829 τέταρτον
1554 2758 1649 2829 μέ-

108 2860 203 2915 ρος
236 2844 438 2909 ζωδίου.
472 2845 606 2917 Περὶ
636 2844 692 2899 δὲ
715 2844 809 2917 τού
848 2844 1090 2916 Ὠρίωνος
1120 2850 1396 2917 συμφωνεῖ
1424 2850 1452 2902 6
1478 2850 1646 2920 Ἀρα-
1680 2916 1683 2919 _

104 2953 217 3001 τος,
252 2934 639 3007 ὑπολαμϐάνων
670 2933 827 2989 αὐτὸν
853 2934 969 2988 ὅλον
1006 2938 1116 2999 τοίς
1146 2936 1393 3006 Διδύμοις
1426 2956 1650 2993 συνανα·

101 3027 325 3083 τέλλειν.

170 3122 259 3177 H'.
290 3120 396 3174 Τοῦ
424 3119 480 3175 δὲ
521 3120 740 3186 Λέοντος
781 3121 1076 3194 ἀρχομένου
1125 3124 1446 3190 ἀνατέλλειν,
1477 3125 1506 3178 6
1554 3126 1650 3196 μὲν

100 3208 339 3281 ’Ἄρατός
368 3226 497 3279 φησι
527 3211 598 3263 τά
624 3226 684 3263 τε
714 3212 809 3264 σὺν
833 3212 908 3282 τῷ
936 3212 1188 3284 Καρκίνῳ
1222 3214 1492 3268 δεδυκέναι
1515 3232 1528 3246 ·
1556 3214 1647 3269 τοῦ

94 3298 139 3350 δ’
185 3299 275 3351 Ἐν
306 3298 523 3366 γόνασιν
548 3299 623 3353 ἔτι
644 3302 731 3354 τὸν
752 3302 1029 3372 ἀριστερὸν
1052 3303 1201 3367 πόδα,
1230 3305 1323 3357 καὶ
1359 3305 1484 3374 γόνυ
1517 3306 1647 3359 ἀπο-

94 3386 378 3440 λείπεσθαι
398 3404 410 3417 ·
441 3387 507 3440 τά
541 3389 596 3441 δὲ
624 3388 780 3449 λοιπὰ
807 3389 1079 3442 δεδυκέναι
1096 3407 1108 3421 ο
1140 3391 1443 3445 ἀνατέλλειν
1469 3393 1524 3445 δὲ
1551 3393 1648 3464 τὴν

94 3478 341 3547 κεφαλὴν
364 3477 454 3530 τοῦ
485 3478 705 3549 Ὕδρου,
732 3480 824 3532 καὶ
859 3480 947 3532 τὸν
979 3482 1218 3549 Λαγωὸν,
1255 3484 1346 3539 καὶ
1386 3484 1474 3538 τὸν
1513 3484 1649 3555 Πρό-

94 3586 255 3633 κυνα,
294 3568 387 3621 καὶ
415 3570 538 3630 τοὺς
564 3570 919 3642 ἐμπροσθίους
944 3572 1107 3642 πόδαις
1138 3572 1230 3626 τοῦ
1265 3576 1460 3638 Κυνός.
1486 3575 1575 3646 Τῷ
1591 3576 1649 3629 δὲ
1694 3586 1699 3625 ;

103 3659 325 3732 Ἀράτῳ
348 3660 544 3728 ὁμοίως
575 3662 667 3715 καὶ
696 3661 726 3714 6
768 3661 990 3729 Εὔδοξος
1033 3663 1405 3734 ἀποφαίνεται.
1440 3666 1522 3719 Τὰ
1558 3664 1651 3723 οὖν

90 3750 362 3824 είρημένα
385 3750 557 3822 ἄστρα
580 3752 736 3821 δῆλον
774 3753 854 3806 ὅτι
884 3752 961 3822 τῷ
989 3753 1243 3825 Καρκίνῳ
1267 3756 1383 3807 κατ’
1404 3754 1595 3818 αὐτοὺς
1615 3756 1651 3810 ἀ

96 3846 193 3914 μὲν
236 3843 634 3910 συνανατέλλει,
662 3843 699 3898 ἃ.
739 3842 795 3898 δὲ
824 3845 1245 3900 ἀντικαταδύνει.
1277 3847 1384 3900 Καὶ
1412 3848 1506 3901 ἐπὶ
1544 3846 1652 3902 τῶν

92 3935 273 3988 ἄλλων
308 3923 509 3996 ζωδίων
540 3936 600 3989 τδ
637 3935 766 3988 αὐτὸ
806 3936 1266 4007 διαλαμϐανέσθω.
1312 3939 1398 3991 Ἐν
1433 3938 1530 4009 μὲν
1560 3934 1652 3992 οὖν

90 4029 204 4091 τοῖς
234 4027 442 4091 λοιποῖς
472 4026 815 4099 συμφωνοῦσι
840 4031 949 4092 τοῖς
976 4031 1339 4100 φαινομένοις·
1369 4029 1461 4083 τοῦ
1486 4030 1528 4083 δ’
1566 4032 1651 4083 Ἐν

92 4120 321 4187 γόνασιν
350 4120 410 4171 οὐ
456 4119 612 4189 μόνον
639 4118 698 4170 τὸ
740 4118 1024 4191 ἀριστερὸν
1054 4121 1179 4189 γόνυ
1216 4123 1309 4175 καὶ
1352 4125 1379 4176 ὁ
1414 4122 1545 4186 ποῦς
1574 4122 1651 4176 ἔτι
1686 4124 1689 4127 ⁷

94 4210 235 4281 ὑπὲρ
263 4209 370 4279 γῆς
406 4211 571 4272 ἐστιν,
604 4206 737 4261 ἀλλὰ
761 4210 852 4261 καὶ
882 4209 943 4262 τὸ
980 4210 1149 4277 δεξιὸν
1182 4211 1327 4279 γόνυ.
1364 4213 1513 4266 Δύνει
1546 4213 1652 4284 γάρ

95 4301 249 4355 τοῦτο
276 4300 667 4371 ἀνατελλούσης
705 4299 803 4369 τῆς
840 4300 933 4353 τοῦ
963 4302 1184 4366 Λέοντος
1230 4305 1336 4375 μοί.
1374 4313 1468 4370 ις’.
1508 4306 1564 4359 Ὁ
1595 4306 1652 4359 δὲ

99 4392 328 4461 Λαγωὸς
346 4392 405 4445 οὐ
435 4392 591 4462 μόνον
612 4390 687 4461 τῷ
708 4390 962 4463 Καρκίνῳ
986 4384 1377 4460 συνανατέλλει,
1398 4396 1472 4460 ὡς
1496 4398 1655 4469 Ἀρα-

96 4499 182 4546 τος
210 4480 601 4552 ὑπολαμϐάνει,
628 4480 760 4535 ἀλλά
797 4482 889 4534 καὶ
926 4485 1036 4545 τοῖς
1074 4484 1341 4555 Διδύμοις.
1390 4490 1646 4559 Ἀρχεται

1750 659 1933 713 minus
1988 666 2139 726 parte
2199 657 2454 712 vicesima
2512 657 2749 725 circiter,
2803 665 2934 727 quot
2994 672 3089 727 per
3135 660 3288 728 polos

1748 748 2055 818 descriptus
2119 749 2355 803 circulus
2409 749 2569 804 habet
2630 748 2719 806 24.
2777 747 2954 815 Quare
3009 750 3284 804 dimidium

1748 839 2400 903 circumferentiae‘illius,
2444 840 2588 909 quod
2627 853 2657 893 a
2696 839 2995 895 meridiano
3034 839 3097 893 ad
3132 854 3287 893 ocea-

1748 945 1866 985 sum
1910 931 2161 999 pertinet,
2198 930 2506 985 earumdem
2553 930 2665 985 fere
2702 931 2932 1000 partium
2976 939 3059 986 est
3105 931 3285 1002 71/2.

1746 1020 1909 1091 Atqui
1954 1021 2142 1076 eadem
2188 1021 2275 1074 illa
2324 1022 2499 1086 stella,
2530 1019 2825 1077 secundum
2865 1020 3288 1091 tequidistantem

1748 1112 2033 1176 circulum,
2058 1112 2159 1167 sita
2191 1118 2273 1166 est
2304 1112 2355 1165 in
2380 1120 2531 1181 parte
2553 1111 2834 1165 Cltelarum
2859 1111 3285 1180 circiterprima.

1749 1204 1825 1258 Ea
1856 1202 2323 1273 igituroccidente
2344 1240 2359 1266 ,
2394 1202 2689 1257 culminare
2721 1207 2927 1271 oportet
2952 1201 3007 1259 in
3036 1202 3289 1270 parallclo

1749 1295 1953 1348 circulo
2006 1293 2096 1358 21,
2145 1293 2223 1347 15¹
2270 1301 2475 1362 partem
2537 1292 2897 1362 Capricorni;
2944 1305 3052 1362 qua
3096 1307 3288 1347 rursus

1749 1383 2094 1446 culminante,
2144 1398 2367 1437 necesse
2407 1388 2487 1437 est
2526 1382 2583 1436 in
2622 1381 2842 1436 zodiaco
2885 1381 3182 1436 culminare
3218 1382 3288 1435 22

1749 1474 2088 1546 Capricorni.
2116 1473 2288 1529 Porro
2309 1489 2429 1528 cum
2455 1474 2508 1528 in
2536 1474 2756 1529 zodiaco
2776 1474 3027 1529 vicesima
3050 1475 3287 1530 secunda

1751 1584 1877 1637 pars
1907 1568 2224 1639 Capricorni
2255 1568 2534 1631 culminat,
2576 1570 2629 1621 in
2674 1583 2759 1627 eo.
2789 1584 2945 1638 quem
2979 1569 3284 1634 statuimus,

1751 1655 2031 1711 ltorizonte
2081 1664 2234 1712 sexta
2266 1656 2377 1711 fere
2410 1656 2546 1727 pars
2584 1656 2745 1713 Tauri
2789 1657 2943 1712 debet
2984 1674 3282 1728 assurgere.

1751 1746 1875 1801 Haec
1922 1747 2065 1802 enim
2113 1748 2295 1803 omnia
2342 1747 2650 1819 singillatim
2708 1763 2801 1818 per
2853 1748 3025 1805 lineas
3068 1749 3288 1803 demon-

1752 1846 1993 1894 strantur
2021 1840 2073 1893 in
2099 1855 2259 1909 opere
2299 1840 2391 1893 illo
2425 1855 2529 1908 quo
2554 1842 2851 1909 generalem
2886 1841 2950 1895 de
2984 1840 3102 1895 istis
3128 1842 3287 1896 rebus

1753 1930 2520 1999 tractationem,instituimUs.
2570 1929 2926 1995 Quamobrem
2970 1931 3149 1987 Bootae
3194 1948 3287 2001 pes

1752 2020 1971 2076 sinister
2016 2020 2212 2076 occidit
2254 2023 2460 2076 oriente
2516 2030 2666 2076 sexta
2716 2029 2868 2091 parte
2914 2020 3097 2077 Tauri.
3154 2022 3287 2076 Nam

1751 2115 2033 2171 sinistrum
2067 2114 2249 2169 Bootae
2288 2115 2473 2185 pedem
2513 2116 2744 2184 primum
2774 2114 3023 2170 occidere
3063 2113 3288 2169 demon-

1750 2218 1980 2266 stratum
2023 2212 2106 2262 est
2151 2208 2373 2277 insuper
2419 2207 2474 2261 in
2510 2205 2767 2276 peculiari
2795 2204 2863 2261 de
2908 2206 3000 2260 illo
3040 2206 3286 2276 disputa-

1749 2301 1896 2357 tione
1935 2320 1947 2355 :
1984 2300 2128 2371 quod
2152 2308 2205 2355 et
2232 2316 2297 2355 ex
2339 2300 2457 2370 ipso
2495 2299 2845 2369 illiuspositu
2884 2298 3109 2369 intelligi
3142 2298 3287 2361 nullo

1748 2394 1963 2463 negotio
1990 2398 2187 2461 potest.
2220 2390 2352 2446 Cum
2391 2392 2533 2447 enim
2563 2399 2743 2446 rectus
2778 2392 3037 2445 consistat
3071 2390 3284 2456 Bootes,

1746 2483 1821 2538 ita
1853 2491 2030 2537 tamen
2058 2491 2141 2537 est
2184 2483 2458 2552 paululum
2498 2482 2754 2535 inclinato
2785 2481 2913 2546 situ,
2943 2496 3037 2550 pes
3067 2489 3128 2535 ut
3169 2482 3282 2550 ejus

1718 2622 1721 2623 ν
1748 2575 1969 2630 sinister
1990 2574 2147 2645 longe
2172 2573 2463 2628 australior
2485 2572 2683 2642 capite,
2706 2572 2966 2626 circulum
2990 2587 3085 2641 per
3112 2572 3279 2640 polos,

1746 2676 1799 2721 et
1831 2665 2003 2735 ipsius
2036 2673 2198 2735 caput
2224 2664 2549 2735 descriptum
2589 2664 2820 2733 amplius
2856 2662 3117 2718 dodrante
3148 2663 3279 2733 signi

1748 2755 2240 2813 unius'antecedat.
2280 2753 2396 2809 lam
2428 2755 2493 2809 de
2524 2754 2720 2809 Orione
2756 2769 2877 2809 cum
2910 2754 3279 2825 apparentibus

1747 2850 1913 2905 Arato
1935 2851 2205 2915 convenit,
2235 2856 2501 2919 quatenus
2530 2853 2702 2902 totum
2729 2846 2877 2902 illum
2903 2860 3025 2925 cum
3046 2843 3283 2900 Geminis

1747 2942 1878 2997 oriri
1902 2942 2115 2999 asserit.

1822 3109 1954 3175 VIII.
1987 3121 2057 3175 At
2082 3119 2262 3177 Leone
2285 3121 2513 3191 primum
2537 3118 2835 3181 exoriente,
2854 3118 3146 3189 Aratusait
3171 3131 3290 3188 quas

1752 3218 1877 3265 sunt
1918 3225 2041 3266 cum
2068 3210 2299 3271 Cancro,
2341 3209 2451 3277 jam
2497 3207 2799 3273 occidisse;
2831 3205 3123 3276 lngeniculi
3162 3220 3290 3261 vero

1750 3302 2031 3357 sinistrum
2063 3301 2240 3355 adhuc
2268 3299 2420 3369 123
2449 3298 2660 3369 pedem,
2700 3312 2765 3352 ac
2789 3306 2927 3368 genu
2969 3311 3284 3366 superesse;

1748 3394 1955 3449 ueteris
1986 3392 2097 3461 jam
2145 3392 2199 3446 in
2243 3405 2495 3446 occasum
2527 3387 2842 3459 depressis:
2872 3388 3002 3443 oriri
3029 3393 3288 3458 praeterea

1749 3490 1912 3554 caput
1937 3481 2126 3555 Hydri,
2164 3480 2442 3552 Leporem,
2475 3480 2791 3551 Procynem,
2820 3486 2874 3534 et
2912 3478 3287 3535 antecedentes

1746 3574 1912 3630 Canis
1953 3574 2134 3643 pedes.
2173 3572 2370 3627 Eadem
2416 3587 2539 3626 cum
2572 3572 2737 3625 Arato
2779 3569 2969 3633 scribit
3008 3568 3283 3625 Eudoxus.

1750 3664 2012 3731 Quocirca
2037 3664 2215 3721 sidera
2242 3664 2353 3719 hazc
2372 3664 2553 3717 omnia
2582 3663 2797 3734 planum
2819 3667 2904 3718 est
2927 3676 3048 3715 cum
3077 3660 3287 3717 Cancro

1750 3770 1816 3809 ex
1841 3756 2053 3819 illorum
2093 3754 2344 3823 opinione
2383 3756 2574 3823 partim
2618 3752 2773 3817 oriri,
2809 3752 3002 3821 partim
3028 3766 3092 3806 ex
3116 3767 3287 3821 oppo-

1752 3849 1855 3903 sito
1887 3847 2233 3901 descendere.
2266 3845 2406 3899 Idem
2437 3846 2503 3899 de
2531 3846 2739 3899 caeteris
2773 3858 2987 3913 quoque
3008 3843 3178 3913 signis
3199 3843 3288 3910 ju-

1750 3941 1948 3994 dicium
1976 3932 2267 3999 ess'ezvolo.
2307 3937 2470 4005 Atqui
2508 3937 2648 4011 utin
2676 3935 2896 4004 reliquis
2928 3934 2997 3987 ab
3020 3949 3286 4003 apparen-

1750 4035 1883 4087 tinm
1905 4031 2284 4101 experimentis
2306 4030 2523 4084 minime
2543 4027 2851 4097 discrepant
2869 4044 2883 4092 ;
2902 4026 2982 4081 sic
2998 4024 3287 4096 lngeniculi

1751 4141 1859 4179 non
1896 4123 2175 4180 sinistrum
2215 4123 2374 4178 modo
2416 4136 2574 4192 genu,
2629 4135 2829 4192 pesque
2879 4133 3039 4189 supra
3087 4126 3287 4173 terram

1752 4215 1928 4270 adhuc
1954 4214 2174 4280 eminet,
2205 4214 2299 4268 sed
2323 4213 2482 4267 etiam
2524 4212 2768 4266 dextrum
2798 4225 2956 4279 genu.
3004 4206 3117 4263 Hoc
3143 4210 3288 4263 enim

1752 4306 1949 4362 occidit
1968 4306 2176 4361 oriente
2191 4303 2385 4359 Leonis
2410 4310 2559 4373 parte
2581 4299 2665 4356 16.
2693 4301 2759 4354 At
2780 4298 2955 4370 Lepus
2982 4315 3087 4370 non
3114 4301 3287 4356 solum

1752 4413 1875 4453 cum
1901 4396 2111 4451 Cancro
2142 4394 2336 4460 oritur,
2381 4393 2457 4447 uti
2483 4393 2655 4447 visum
2680 4400 2763 4446 est
2792 4389 2978 4458 Arato,
3012 4391 3103 4445 sed
3126 4391 3288 4443 etiam

1751 4504 1873 4543 cum
1908 4486 2171 4543 Geminis.
2213 4485 2353 4540 Oriri
2390 4484 2588 4555 quippe
2616 4484 2801 4561 incipit
2836 4498 2957 4537 cum
3002 4490 3151 4552 parte
3186 4479 3292 4534 Ge-

101 4572 195 4644 μὲν
228 4572 345 4643 γὰρ
375 4573 698 4637 ἀνατέλλειν,
728 4574 821 4644 τῆς
854 4570 897 4637 ξ’
924 4573 1014 4626 καὶ
1042 4580 1088 4626 κ’
1133 4577 1240 4644 μοί.
1273 4579 1379 4631 τῶν
1409 4581 1651 4651 Διδύμων

1749 4578 2027 4632 .minorum
2088 4575 2313 4647 septima
2372 4584 2425 4629 ct
2483 4574 2733 4643 vicesima
2794 4591 2805 4625 :
2855 4569 3051 4625 desinit
3113 4578 3289 4622 autem

98 4662 507 4735 ἀναφερομένης
528 4681 542 4696 ’
572 4664 724 4734 λήγει
749 4664 804 4718 δὲ
829 4664 1147 4729 ἀνατέλλων,
1172 4670 1653 4739 συνανατελλούσης

99 4754 245 4826 αὐτῷ
272 4754 545 4824 Καρκίνου
574 4757 682 4823 μοί.
714 4754 777 4825 ιβ’
805 4753 889 4809 S".
919 4755 975 4807 Ὀ
998 4756 1055 4808 δὲ
1081 4756 1239 4809 Κύων
1270 4758 1387 4820 ὅλος
1413 4759 1486 4828 τῷ
1515 4762 1654 4829 Καρσ

100 4849 233 4917 κίνῳ
272 4843 664 4908 συνανατέλλει,
693 4846 827 4917 πλὴν
859 4847 968 4901 τῶν
1000 4848 1055 4899 έν
1098 4849 1161 4917 τῇ
1204 4848 1335 4917 οὐρᾷ
1356 4865 1367 4877 ο
1414 4852 1503 4901 καὶ
1534 4852 1650 4920 οὐχ,

102 4938 175 5000 ὡς
199 4938 229 4989 6
254 4938 507 5008 Ἄρατος,
536 4936 587 4988 οἱ
622 4937 937 5007 ὲμπρόσθιοι
970 4938 1125 5008 μόνον
1159 4939 1319 4991 αὐτοῦ
1354 4940 1655 5013 πόδεςισυν-

103 5028 448 5082 ανατέλλουσι
480 5026 557 5097 τῷ
590 5027 864 5098 Καρκίνῳ.

170 5143 246 5196 Θθ.
276 5143 386 5214 Τῆς
411 5142 467 5213 δὲ.
497 5140 769 5214 Παρθένου
804 5144 1110 5215 ἀρχομένης
1141 5146 1468 5212 ἀνατέλλειν,

246 5280 406 5345 Λύρη
443 5282 595 5343 τότε,
627 5278 777 5346 φησι,
802 5280 1145 5347 Κυλληναίη

108 5350 210 5401 Kal
239 5350 454 5416 Δελφίς
485 5349 758 5409 δύνουσι,
792 5349 887 5400 καὶ
917 5350 1226 5416 εὐποίητος
1265 5352 1509 5416 Ὀὶὶγτόςκ

107 5418 226 5497 ξίξν
238 5417 363 5497 τοῖς
394 5420 655 5497 ’ρρζιθος
682 5416 879 5497 πρῶτα
904 5420 1085 5497 πτερὰ
1108 5420 1294 5497 μέσςρι
1318 5422 1652 5492 παράὺτὴν

112 5487 328 5556 Οὺρὴν.
357 5489 450 5539 καὶ
479 5487 766 5556 Ποταμοῖο
792 5489 1097 5556 παρηορίαι
1127 5487 1462 5544 σκιόωνται.

107 5555 350 5630 gerere?
388 5557 615 5630 Ἰξτπείῃ
635 5555 1088 5630 θκεφᾳλήξδὺνει
1117 5557 1190 5630 δὲ,
1216 5560 1311 5613 καὶ
1347 5563 1562 5630 αὐχήν.

435 5627 485 5700 δ’
511 5627 681 5700 Ὑδρη
698 5627 1289 5700 μέγ-ἐπὶλπλέονῃᾷῃρι
1310 5625 1458 5700 παρτ
1472 5625 1653 5687 ἀύτὸν

108 5696 396 5765 Κρητῆρα.
437 5696 735 5765 Φθάμεγος
767 5696 833 5749 δὲ
861 5698 1029 5751 Κύων
1067 5696 1246 5763 πόδας
1279 5696 1509 5755 αἵνὺται
1544 5706 1648 5758 ἄλ-

152 5826 185 5839 ς
206 5836 217 5839 ,
390 5835 441 5839 _-,
468 5826 479 5839 ί
1461 5777 1644 5839 Ιλους,

114 5826 347 5889 Ἐλκων
378 5826 646 5902 ἐξόπιθεν
678 5839 947 5907 πρύμναν
971 5840 1340 5908 πολυκηδέος

1753 4662 2078 4721 ascendente
2098 4680 2218 4720 cum
2245 4666 2361 4733 ipso
2380 4662 2573 4718 Cancri
2603 4662 2667 4715 l2
2691 4661 2811 4731 1/2.
2834 4659 2997 4714 Canis
3017 4664 3144 4714 'vero
3167 4675 3289 4713 cum

1758 4761 1966 4813 Cancro
1996 4766 2142 4812 totus
2168 4757 2358 4820 oritur,
2381 4756 2446 4809 iis
2461 4770 2579 4825 quae
2602 4754 2653 4806 in
2672 4750 2841 4805 cauda
2866 4760 2992 4805 sunt
3018 4752 3287 4821 exceptis;

1756 4868 1949 4921 neque,
1982 4858 2039 4904 ut
2067 4850 2230 4902 Arato
2261 4848 2454 4917 placet,
2483 4846 2784 4900 anteriores
2816 4860 2939 4899 cum
2961 4843 3167 4898 Cancro
3206 4860 3293 4913 pe-

1754 4946 1849 4999 des
1878 4943 2135 4997 duntaxat
2164 4941 2426 4993 oriuntur.
2494 4954 2499 4957 ·

1826 5146 1913 5199 IX.
1954 5143 2124 5197 Porro
2148 5142 2423 5196 exoriente
2452 5138 2686 5207 Virgine,

1828 5324 1839 5338 .
1876 5324 1890 5335 .
1926 5321 1938 5335 .
1978 5281 2115 5348 Lyra
2149 5289 2289 5339 tunc,
2323 5277 2414 5338 ait,
2444 5274 2708 5348 Cyllenea,

1756 5354 1819 5407 Et
1857 5338 2069 5418 Delphin
2107 5338 2363 5407 occidunt,
2391 5359 2434 5398 et
2469 5338 2757 5410 fabrefacta
2790 5338 3014 5409 Sagitta.
3050 5410 3059 5418 _
3099 5409 3108 5418 ι

1754 5425 1883 5478 Cum
1912 5410 2095 5489 quibus
2128 5419 2291 5489 Cygni
2319 5418 2568 5489 primores
2597 5430 2775 5482 penna:
2804 5428 2962 5489 usque
2992 5410 3059 5462 ad
3092 5410 3257 5474 ipsam

1754 5483 2015 5550 Caudam,
2046 5500 2091 5541 et
2122 5483 2266 5557 mihi
2296 5483 2644 5540 extremitates
2671 5483 3014 5557 occultantur.

1756 5562 1959 5617 Occidit
1994 5552 2163 5613 autent
2194 5558 2327 5627 Equi
2354 5566 2535 5630 caput;
2566 5554 2751 5607 occidit
2780 5562 2828 5630 et
2861 5552 3051 5630 cervix.

1758 5635 1938 5688 Oritur
1966 5647 2078 5684 vero
2115 5622 2296 5700 Hydra
2325 5626 2545 5692 amplius
2567 5639 2732 5700 usque
2762 5622 2835 5700 ad.
2860 5622 3025 5699 ipsunt

1744 5687 2048 5764 'Cralerem;
2076 5687 2383 5769 ρναῗυεηὶεηδ
2410 5687 2523 5750 ιιενο
2556 5687 2711 5749 Canis
2743 5690 2889 5759 pedes
2915 5690 3099 5759 arripit
3139 5687 3293 5755 alios,

1762 5841 1985 5897 T-raltens
2018 5857 2046 5892 α
2080 5849 2217 5907 (ergo
2242 5828 2445 5905 puppim
2474 5831 2693 5888 stellam:
2721 5832 2908 5909 Argus.

1964 6040 1993 6057 αν
