4008 6328
79 436 209 496 1081

1060 438 1425 498 ΙΠΡΡΑΒΟΗἸ
1459 442 1548 496 Ali
1585 441 2028 504 ΡΗᾸΞΝΟΜΕΝΑ
2067 450 2192 506 LIB.
2223 453 2284 508 ll.

76 558 169 627 τῆς
200 557 492 626 ἀριστερᾶς
535 558 735 626 χειρὸς,
773 557 852 611 ἔτι
891 558 994 612 ὑπὸ
1021 560 1122 632 γῆν
1151 557 1307 626 εἶναι,
1340 563 1430 616 106
1464 565 1621 636 Σκορ-

1735 582 1974 635 manum,
2012 571 2185 626 adhuc
2215 555 2335 628 esse
2373 573 2473 628 sub
2501 581 2664 629 terra.
2695 571 2911 642 quando
2935 571 3192 640 Scorpius
3235 574 3288 626 in

78 647 197 701 πίου
249 647 384 717 πρὸς
437 650 506 719 τῇ
574 649 802 721 ἀνατολῇ
846 649 995 715 ὄντος
1020 666 1034 680 '
1099 653 1196 724 τὴν
1245 654 1299 706 δὲ
1343 654 1631 725 ἀριστερὰν

80 741 227 809 χεῖρα
259 739 354 790 xui.
380 738 480 808 τὴν
505 740 746 810 κεφαλὴν
781 741 1050 813 μετέωρον
1077 743 1376 819 φαίνεσθαι,
1416 743 1508 795 106
1533 743 1632 794 T0-

80 831 222 895 ξότου
255 829 658 894 ἀνατέλλοντος.
707 833 1036 885 Ἀνατέλλειν
1075 833 1130 886 δέ
1163 851 1323 904 φησιν
1366 834 1480 905 ἅμα
1515 838 1632 900 ταῖς

78 921 273 989 Χηλαῖς
297 922 392 974 xui.
413 923 473 975 16
495 924 667 993 ἥμισυ
693 924 785 978 106
812 925 1098 993 Στεφάνου,
1125 927 1217 978 xui.
1237 926 1332 997 τὴν
1356 927 1519 998 ούράν
1539 928 1631 981 106

78 1013 382 1084 Κενταύρου
411 1031 423 1043 ·
455 1015 632 1067 δύνειν
660 1007 721 1069 δὲ’
755 1019 912 1068 πάλιν
944 1019 1003 1069 τό
1027 1035 1084 1068 τε
1117 1018 1273 1086 σῶμα
1310 1017 1402 1070 106
1437 1019 1630 1071 Ἵππου

77 1103 208 1165 ὂλον,
247 1105 340 1157 καὶ
364 1106 465 1175 τὴν
511 1108 677 1177 ούρὲιν
705 1105 810 1160 τοΐ
831 1108 1092 1178 Ὄρνιθος,
1121 1109 1214 1161 xui.
1257 1110 1355 1178 τὴν
1392 1111 1632 1179 κεφαλὴν

77 1195 169 1261 τῆς
208 1195 584 1265 Ἀνδρομέδας,
616 1199 831 1250 καὶτοῦ
871 1199 1079 1268 Κήτους
1117 1199 1176 1251 16
1213 1201 1317 1252 ἀπὸ
1343 1201 1441 1270 τῆς
1468 1201 1632 1271 οὐρᾶς

78 1285 175 1345 ἓως
222 1289 318 1355 τῆς
349 1285 582 1352 λοφίας·
634 1289 724 1340 106
770 1289 826 1340 δὲ
866 1291 1097 1356 Κηφέως
1144 1290 1380 1359 κεφαλήν
1425 1307 1508 1350 τε,’
1540 1292 1631 1343 xui.

79 1376 245 1442 χεῖρα,
281 1375 375 1426 καὶ
411 1374 617 1444 ὤμους,
648 1378 740 1430 καὶ
767 1379 827 1429 16
868 1379 1112 1430 πλεῖστον
1145 1379 1306 1450 μέρος
1341 1380 1433 1431 τοῦ
1462 1382 1631 1432 Ποτα-

83 1468 176 1535 μού
200 1485 213 1496 ο
236 1468 433 1537 ὁμοίως
465 1469 523 1521 δὲ
561 1471 620 1521 ἐν
639 1470 842 1532 τούτοις
865 1472 957 1522 καὶ
981 1473 1008 1523 6
1040 1473 1268 1541 Ἀρατος
1302 1473 1496 1542 τρόπον
1511 1473 1629 1525 τινὰ

79 1558 495 1628 παραγέγραφεν
527 1560 598 1612 τὰ
630 1560 721 1613 τοῦ
755 1561 999 1625 Εὐδόξου.

144 1697 221 1749 Τὰ
243 1697 340 1765 μὲν
374 1693 468 1750 οὖν
497 1695 660 1749 λοιπὰ
693 1697 781 1749 ὑπ’
813 1698 988 1750 αὐτῶν
1027 1696 1190 1766 ὑγιῶς
1219 1684 1455 1768 εἴρηταισ
1502 1697 1628 1768 περὶ

79 1789 130 1841 δὲ
159 1789 248 1841 106
288 1789 604 1862 Κενταύρου
635 1789 929 1860 ὁλοσχερῶς
959 1791 1306 1860 ἠγνοήκασιν.
1341 1791 1475 1842 υύτε
1520 1790 1627 1860 γὰρ

1734 663 1941 718 oriente
1976 673 2222 720 versatur
2253 684 2266 718 :
2299 665 2574 719 sinistram
2605 679 2766 733 porro
2795 677 3008 716 manum
3043 677 3164 715 cum
3195 678 3288 715 ca-

1733 757 1843 826 pite
1891 759 2175 812 sublimem
2215 759 2384 812 videri
2432 760 2640 813 oriente
2682 757 2988 827 Sagittario.
3025 755 3287 810 Caeterum

1733 862 1838 900 una
1859 863 1981 901 eum
2007 848 2187 902 Chelis
2219 849 2350 902 oriri
2379 848 2645 902 Coronam
2677 847 2953 902 dimidiam
2985 848 3196 907 asserit,
3225 861 3288 897 ac

1730 933 1985 987 Centauri
2027 935 2288 1001 caudam;
2335 935 2629 1002 eodemque
2668 943 2906 1003 tempore
2940 949 3004 987 ex
3044 934 3289 1002 Opposita

1731 1024 2057 1080 descendere
2083 1026 2348 1096 integrum
2373 1042 2570 1096 corpus
2594 1025 2728 1094 Equi
2756 1035 2808 1080 et
2834 1025 3061 1079 caudam
3087 1023 3284 1094 Cygni;

1730 1125 1894 1185 caput
1934 1116 2305 1181 Andromedae,
2348 1116 2536 1171 Cetum
2577 1131 2605 1168 a
2650 1117 2822 1170 cauda
2853 1116 3062 1170 cervice
3094 1122 3285 1178 tenus;

1730 1205 1928 1278 Cephei
1979 1218 2139 1278 caput
2194 1217 2248 1264 et
2287 1202 2506 1262 manum
2549 1223 2672 1262 cum
2722 1208 2983 1269 humeris,
3034 1221 3096 1260 ac
3139 1203 3285 1258 ﬂuvii

1730 1303 2015 1361 maximam
2063 1308 2286 1370 partem.
2328 1299 2387 1354 In
2431 1301 2631 1370 quibus
2670 1299 2917 1354 similiter
2952 1299 3150 1352 Aratus
3178 1296 3287 1350 Eu-

1728 1385 1852 1438 doxi
1906 1386 2100 1451 locum,
2146 1389 2490 1442 commutatis
2540 1388 2740 1451 verbis,
2791 1388 2844 1441 in
2893 1387 3088 1441 librum
3124 1400 3282 1440 suum

1730 1478 2024 1532 transtulit.

1793 1676 1872 1731 Ac
1916 1685 2110 1731 caetera
2146 1677 2360 1749 quidem
2389 1677 2456 1730 ab
2494 1647 2916 1731 ambobus‘sunt
2945 1673 3086 1728 dicta
3120 1675 3296 1728 veris-.

1727 1771 1904 1835 sime;
1940 1771 1994 1823 in
2024 1771 2295 1825 Centauro
2325 1771 2482 1840 plane
2513 1769 2720 1836 decepti
2755 1775 2900 1822 sunt.
2933 1767 3064 1820 Nam
3106 1781 3282 1835 neque

82 1881 262 1955 ηούρὰ
289 1882 474 1950 αὑτοῦ,
516 1879 639 1934 οὔτε
682 1882 900 1934 καθόλου
944 1883 1010 1934 τὰ
1043 1881 1260 1934 ὀπίσθια
1298 1884 1471 1934 πάντα
1494 1882 1621 1932 ἁνα-

1727 1861 1897 1914 cauda
1937 1861 2126 1929 ipsius,
2173 1877 2349 1930 neque
2395 1862 2723 1930 posteriores
2756 1875 2943 1913 omnes
2982 1867 3180 1928 partes,
3224 1867 3282 1911 ut

81 1972 262 2036 τέλλει,
307 1971 442 2025 ἀλλὰ
466 1975 493 2025 ὁ
528 1973 812 2052 ἀριστερὸς
840 1968 1014 2042 ὦμος·
1058 1973 1233 2042 πολλῷ
1258 1975 1360 2042 γάρ
1393 1975 1506 2024 ἐστι
1543 1971 1628 2040 βο-

86 2064 370 2134 ρειότερος’
400 2064 524 2116 ούτε
560 2068 627 2133 τῇ
659 2065 915 2135 Παρθένῳ
954 2067 1172 2136 ἄρχεται
1205 2066 1620 2130 συνανατὲλλειν,

83 2152 151 2216 ῶς
173 2171 347 2224 φησιν,
375 2154 512 2207 ἀλλὰ
535 2158 656 2217 ταῖς
677 2156 896 2222 Χηλαῑς.
940 2157 996 2207 '0
1028 2156 1133 2224 γὰρ
1177 2157 1455 2226 ἀριστερὸς
1477 2150 1625 2226 ὦμος

86 2244 233 2297 αὑτοῦ
279 2245 656 2299 συνανατέλλει
695 2249 758 2316 τῇ
795 2253 860 2298 ια’
895 2246 1004 2314 μοί.
1036 2245 1142 2297 τῶν
1178 2247 1386 2316 Χηλῶν.
1429 2249 1536 2316 Τῆς
1569 2247 1623 2299 δὲ

97 2333 435 2405 Ἀνδρομέδας·
451 2337 512 2387 ού
544 2337 704 2406 μόνον
746 2337 778 2404 ἡ
813 2335 1017 2405 κεφαλὴ
1041 2335 1244 2397 δέδυκε,
1288 2335 1393 2387 τῶν
1433 2337 1624 2405 Χηλῶν

92 2428 211 2498 πρὸς
241 2431 301 2498 τῇ
325 2429 549 2500 ἀνατολῇ
593 2425 798 2492 ούσῶν,
823 2429 954 2481 ἀλλὰ
985 2430 1077 2482 xui.
1102 2431 1153 2480 αἱ
1183 2431 1356 2499 χεῖρες
1392 2429 1623 2498 ἀμφότε-

100 2533 196 2584 ραι.
221 2516 286 2569 Τὸ
319 2517 372 2570 δὲ
399 2517 583 2586 Κῆτος
613 2519 670 2568 ού
703 2521 769 2587 τῇ
797 2516 1052 2587 Παρθένῳ
1079 2516 1302 2586 ἄρχεται
1338 2518 1613 2570 ἀντικατα-

101 2607 271 2672 δύνειν,
291 2609 359 2673 ὡς
385 2605 530 2663 οὗτοί
561 2629 745 2676 φασιν,
779 2609 912 2662 ἀλλὰ
953 2609 1029 2678 τῷ
1057 2610 1259 2662 Λέοντι.
1287 2607 1406 2662 Τῶν
1432 2610 1538 2679 γὰρ
1565 2611 1623 2661 ἐν

99 2703 157 2770 τῇ
178 2701 296 2772 οὐρᾷ
316 2702 474 2756 αὑτοῦ
509 2703 550 2772 β’
589 2701 850 2772 λαμπρῶν
878 2703 905 2753 6
937 2702 1030 2770 μὲν
1062 2700 1370 2771 νοτιώτερος
1408 2702 1623 2753 ἁντικα-
1667 2767 1672 2771 ι

98 2790 284 2844 ταδύνει
313 2793 444 2863 μέσῃ
472 2796 540 2861 τῇ
579 2791 624 2854 ζ’
663 2793 755 2844 καὶ
788 2793 834 2845 κ’
865 2794 971 2861 μοί.
1003 2793 1092 2845 106
1126 2793 1374 2853 Λέοντος⁶
1407 2793 1464 2844 τὸ
1496 2792 1622 2861 μένε

93 2897 224 2948 τοιγε
254 2882 429 2936 λοιπὸν
467 2884 625 2952 σῶμα
655 2883 744 2936 τοῦ
784 2884 994 2953 Κήτους
1021 2884 1116 2951 οὐχ
1142 2883 1257 2934 ὅλον
1277 2886 1342 2952 τῇ
1367 2881 1623 2952 Παρθένῳ

93 2972 488 3035 ἀντικαταδύνει,
528 2974 644 3026 ἀλλ’
678 2973 780 3034 ἕως
824 2973 921 3041 τῆς
969 2972 1174 3039 λοφίας,
1220 2972 1294 3032 ὡς
1335 2973 1622 3042 δ”Αρατός

93 3078 258 3129 φησιν.
289 3064 390 3117 T06
423 3065 478 3118 δὲ
519 3064 752 3132 Κηφέως
784 3064 817 3134 ἡ
847 3063 1051 3133 κεφαλὴ
1087 3062 1240 3132 μόνον
1280 3061 1452 3114 δύνει·
1487 3064 1534 3113 οἱ
1565 3062 1621 3113 δὲ

91 3144 216 3221 ὦμοι
236 3155 389 3208 αὑτοῦ
411 3159 468 3210 ἐν
493 3158 572 3226 τῷ
595 3157 838 3225 ἀειφανεί
857 3157 1098 3225 τμήματι
1125 3157 1346 3216 κεῖνται,
1375 3151 1621 3224 καθάπερ

1725 1956 1976 2009 universe
2024 1956 2233 2023 loquar.
2263 1961 2508 2007 exortum
2541 1953 2772 2018 faciunt;
2804 1951 2898 2006 scd
2929 1952 3150 2005 sinister
3181 1950 3280 2002 hu-

1724 2063 1927 2111 merus,
1953 2048 2044 2117 qui
2075 2049 2243 2102 multo
2271 2048 2539 2101 borealior
2564 2056 2666 2108 est,
2691 2063 2864 2115 neque
2885 2062 3005 2100 cum
3038 2045 3277 2114 Virgine,

1724 2147 1784 2192 ut
1822 2139 1911 2195 ille
1959 2139 2110 2201 dicit,
2141 2137 2234 2194 sed
2266 2155 2387 2192 eum
2423 2139 2601 2193 Chelis
2633 2139 2762 2191 oriri
2795 2138 3003 2206 incipit.
3035 2136 3166 2188 Nam
3205 2137 3278 2189 si-

1723 2231 1894 2286 nister
1939 2231 2195 2286 humerus
2246 2231 2416 2300 ipsius
2455 2231 2627 2284 oritur
2657 2246 2778 2284 eum
2815 2239 2964 2299 parte
2987 2230 3276 2284 Chelarum

1723 2320 2026 2375 undecima.
2066 2320 2132 2374 At
2173 2320 2526 2376 Andromedre
2564 2337 2671 2375 non
2719 2323 2892 2376 solum
2926 2329 3088 2390 caput
3120 2337 3278 2376 occa-

1723 2424 1841 2463 sum
1869 2411 1979 2477 jam
2017 2409 2162 2473 fecit,
2195 2412 2412 2480 quando
2443 2410 2619 2465 Chelas
2656 2421 2783 2466 sunt
2813 2412 2864 2464 in
2911 2410 3138 2474 oriente,
3183 2413 3278 2468 sed

1719 2500 1880 2554 etiam
1912 2517 2104 2554 manus
2130 2509 2375 2571 utraque.
2408 2504 2570 2556 Cetus
2596 2517 2808 2570 quoque
2839 2516 2964 2567 non,
2998 2511 3056 2555 ut
3077 2503 3153 2556 illi
3184 2518 3273 2556 ar-

1720 2587 2010 2650 bitrantur,
2069 2589 2275 2642 oriente
2315 2588 2533 2658 Virgine
2577 2603 2643 2642 ex
2687 2589 2914 2644 adverso
2951 2591 3278 2646 descendere

1720 2679 1926 2747 incipit,
1963 2678 2056 2733 sed
2090 2678 2286 2733 Leone.
2311 2679 2443 2732 Nam
2476 2695 2505 2733 e
2535 2679 2730 2735 lucidis
2754 2681 2984 2744 duabus,
3017 2696 3151 2748 quas
3177 2681 3275 2733 ha-

1719 2770 1809 2825 bet
1837 2771 1892 2824 in
1926 2772 2118 2833 cauda,
2151 2773 2437 2827 australior
2465 2772 2655 2826 mediae
2683 2770 2880 2828 Leonis
2912 2773 2978 2826 27
3009 2775 3149 2842 parti
3178 2773 3275 2827 ad-

1719 2871 1875 2917 versa
1919 2859 2146 2930 occidit;
2192 2864 2454 2933 reliquum
2482 2863 2600 2919 Ceti
2638 2880 2835 2932 corpus
2867 2879 2972 2917 non
3010 2865 3281 2934 integrum

1719 2955 1996 3011 descendit
2039 2959 2318 3013 exoriente
2343 2958 2582 3028 Virgine,
2627 2959 2719 3012 sed
2762 2958 2970 3011 cervice
3009 2966 3185 3018 tenus,
3218 2965 3276 3009 ut

1719 3051 1916 3105 Aratus
1944 3051 2153 3105 scribit.
2185 3051 2254 3103 At
2279 3051 2473 3119 Cephei
2507 3051 2682 3104 solum
2716 3057 2877 3119 caput
2909 3049 3133 3115 occidit;
3169 3052 3274 3103 hu-

1719 3142 1854 3195 meri
1899 3143 2066 3212 ipsius
2111 3144 2165 3195 in
2212 3156 2424 3209 semper
2463 3150 2753 3210 apparente
2797 3152 3069 3209 segmento
3115 3141 3275 3209 positi

90 3249 489 3318 προειρήκαμεν.
517 3250 593 3302 Οὐ
622 3249 777 3318 μόνον
793 3249 847 3323 δὲ
872 3251 987 3302 κατ’
1003 3249 1130 3300 αὐτὸ
1155 3247 1454 3316 ἀγνοοῦσιν,
1487 3244 1621 3298 ἀλλὰ

1723 3242 1867 3299 sunt,
1915 3245 1973 3289 ut
2013 3235 2122 3304 jam
2165 3235 2419 3290 diximus.
2457 3235 2640 3306 Neque
2670 3249 2795 3289 vero
2825 3243 3031 3287 tantum
3072 3236 3123 3287 in
3172 3234 3274 3287 hoc
3349 3255 3360 3268 ι

91 3337 198 3389 καθ’
230 3339 256 3390 ὃ
282 3356 407 3407 φασι
438 3344 504 3410 τῇ
561 3340 816 3410 Παρθένῳ
864 3339 1297 3394 ἁντικαταδύνειν
1327 3338 1425 3408 τὴν
1457 3355 1623 3406 κεφα-

90 3431 175 3502 λὴν
205 3435 381 3501 αὐτοῦ.
429 3438 500 3488 Οὐ
541 3436 648 3507 γὰρ
675 3439 740 3505 τῇ
771 3436 1046 3506 Παρθένῳ,
1094 3435 1226 3491 ἀλλὰ
1270 3439 1388 3498 ταῖς
1419 3434 1621 3506 Χηλαῖς

91 3522 295 3591 ἄρχεται
326 3526 778 3580 ἀντικαταδύνειν.
828 3528 884 3579 Ὀ
923 3528 1026 3597 γὰρ
1071 3526 1383 3597 νοτιὼτερος
1427 3525 1534 3577 τῶν
1565 3527 1620 3578 ὲν

89 3617 147 3683 τῇ
190 3617 386 3688 κεφαλῇ
431 3618 597 3682 δύνει,
633 3617 1019 3687 ἀνατελλούσης
1059 3617 1165 3668 τῶν
1212 3616 1402 3686 Χηλῶν
1433 3616 1619 3686 ὀγδόης

92 3703 190 3772 μοί.
213 3705 308 3774 τῆς
331 3708 520 3779 μέσης.

152 3903 242 3956 lA’.
270 3904 370 3955 T06
387 3905 442 3958 δὲ
458 3904 720 3975 Σκορπίου
743 3905 1038 3975 ἀρχομένου
1056 3902 1377 3964 ἀνατέλλειν,
1398 3902 1520 3954 θάτε
1532 3881 1634 3972 ρός

90 4006 207 4059 φησι
239 3992 406 4046 δύνειν
439 3997 534 4064 μὲν
565 3996 633 4048 τά
659 4012 718 4046 τε
746 3996 905 4048 λοιπὰ
940 3996 1078 4066 μέρη
1105 3995 1197 4046 106
1231 3993 1498 4063 Ποταμοῦ,
1525 3995 1618 4046 καὶ

88 4080 147 4132 τὰ
186 4080 336 4134 λοιπὰ
386 4085 522 4155 μέρη
565 4085 662 4153 τῆς
703 4085 1069 4155 Ἀνδρομέδας,
1105 4087 1195 4136 καὶ
1240 4083 1330 4137 106
1383 4084 1614 4152 Κήτους,

90 4169 172 4220 xui.
195 4171 282 4223 106
310 4175 540 4244 Κηφέως
564 4174 624 4225 16
647 4175 750 4227 ἀπὸ
773 4176 877 4228 τῶν
906 4175 1068 4245 ὤμων
1097 4175 1252 4246 μέχρι
1281 4177 1376 4246 τῆς
1405 4174 1578 4244 ζώνης
1599 4156 1628 4205 ·’

91 4263 172 4312 καὶ
201 4264 292 4333 τὴν
321 4267 684 4320 Κασσιέπειαν
717 4267 860 4337 ὅλην,
893 4267 1029 4337 πλὴν
1072 4267 1132 4319 16
1160 4267 1266 4320 ἀπὸ
1291 4266 1398 4319 τῶν
1443 4267 1616 4319 ποδῶν

91 4351 180 4415 ἕως
211 4355 312 4410 τῶν
338 4363 591 4426 γονάτων.
637 4359 964 4413 Ἀνατέλλειν
991 4359 1048 4410 τέ
1076 4377 1238 4428 φησιν
1264 4359 1323 4412 τό
1350 4376 1408 4412 τε
1435 4358 1616 4411 λοιπὸν

91 4444 171 4495 106
214 4448 496 4517 Στεφάνου,
530 4453 621 4504 xui.
665 4451 760 4520 τὴν
794 4450 959 4520 οὐρὰν
1001 4451 1102 4506 106
1129 4451 1347 4521 ’Ύδρου,
1385 4452 1477 4503 xui.
1522 4449 1614 4504 τοῦ

90 4536 377 4614 Κενταύρου
403 4540 462 4598 16
501 4545 685 4599 λοιπὸν
725 4545 901 4614 σῶμα,
944 4544 1080 4614 πλὴν
1127 4545 1234 4596 τῶν
1281 4543 1617 4615 ἐμπροσθίων

1723 4539 1955 4608 exceptis
2014 4557 2028 4593 :

92 4630 248 4685 ποδῶν
269 4650 281 4663 ⁸
330 4637 634 4690 ἀνατέλλειν
672 4638 729 4690 δέ
758 4652 888 4706 φησι
921 4637 1013 4689 καὶ
1042 4635 1102 4689 16
1135 4635 1348 4706 Θηρίον,
1377 4637 1404 4688 ὃ
1451 4636 1561 4706 ἔχει
1587 4638 1614 4688 6

91 4717 372 4793 Κένταυρος
394 4745 406 4757 ·
437 4729 530 4781 xui.
561 4729 652 4781 106
698 4728 974 4798 Ὀφιούχου
1014 4728 1112 4795 τὴν
1140 4729 1374 4797 κεφαλὴν
1401 4727 1493 4779 xui.
1515 4727 1614 4788 τὰς

92 4811 275 4880 χεῖρας
305 4817 395 4869 xui.
415 4817 506 4871 106
528 4821 756 4886 Ὄφεως,
788 4819 845 4872 ὃν
870 4817 980 4888 ἔχει
1008 4819 1036 4868 6
1077 4817 1368 4886 Ὀφιοῢχος,
1400 4817 1496 4888 τὴν
1524 4831 1610 4869 κε-

93 4899 246 4969 φαλὴν
270 4903 368 4967 ἒως
395 4908 491 4976 τῆς
521 4907 736 4978 πρώτης
766 4909 1022 4980 σπείρας-
1053 4909 1146 4960 καὶ
1177 4907 1269 4960 106
1313 4909 1397 4958 Ἐν
1427 4908 1610 4974 γόνασι

91 4987 150 5040 τὰ
175 4990 341 5055 λοιπὰ.
370 4997 503 5068 πλὴν
526 4999 622 5068 τῆς
649 5000 886 5069 κεφαλῆς
925 5000 1018 5052 xui.
1045 4998 1143 5068 τῆς
1181 4998 1469 5068 ἀριστερᾶς
1497 5014 1610 5067 χει-

96 5079 192 5146 ρός.
233 5084 287 5138 '0
310 5087 364 5142 δὲ
394 5088 616 5156 Εὔδοξος
642 5089 711 5144 τὰ
746 5091 842 5160 μὲν
863 5090 1022 5142 λοιπά
1045 5089 1239 5158 ὁμοίως
1268 5090 1574 5158 ἀναγράφει
1593 5107 1606 5118 ·

93 5164 177 5235 τὴν
204 5170 256 5223 δὲ
287 5178 515 5248 κεφαλὴν
546 5177 638 5230 106
679 5177 955 5247 Ὀφιούχου
984 5178 1179 5246 γράφει
1200 5174 1607 5238 ἀνατέλλουσαν,

94 5258 176 5315 καὶ
205 5262 295 5332 τὴν
322 5258 607 5340 ἀριστερὰν
637 5263 790 5338 μόνον
814 5271 993 5337 χεῖρα·
1024 5269 1121 5339 τὴν
1143 5268 1199 5320 δὲ
1229 5267 1410 5336 ἄλλην,
1435 5267 1528 5319 xui.
1549 5267 1610 5319 16

93 5341 286 5412 Θηρίον,
311 5354 366 5404 οὐ
404 5357 495 5408 106
532 5357 814 5428 Σκορτιίου,
845 5356 978 5408 ἀλλὰ
1005 5357 1097 5408 106
1127 5355 1348 5420 Τοξὸτου
1383 5357 1606 5410 ἀνατέλ-

93 5429 271 5500 λοντος,
303 5441 436 5514 ὑπὲρ
480 5449 580 5516 γῆν
611 5438 700 5500 καὶ
750 5447 1047 5515 φαίνεσθαι.
1083 5449 1191 5501 Καὶ
1231 5449 1299 5500 τὰ
1348 5449 1445 5518 μὲν
1477 5449 1609 5503 ἄλλα

97 5527 366 5593 συμφώνως
396 5531 801 5607 παραγράφουσι
833 5542 940 5601 τοῖς
975 5540 1311 5608 φαινομένοις
1345 5541 1388 5572 ⁷⁸
1410 5556 1422 5568 ’
1459 5541 1519 5592 τὸ
1553 5541 1607 5594 δὲ

95 5609 287 5684 θηρίον,
317 5623 432 5678 οὔτε
462 5631 578 5691 ταῖς
610 5631 825 5701 Χηλαῖς.
858 5631 929 5683 T6
951 5631 1004 5682 δὲ
1030 5631 1208 5686 λοιπὸν
1240 5632 1316 5702 τῷ
1345 5633 1604 5702 Σκορπίου

157 5810 196 5840 ⁷⁸
232 5815 350 5874 Haec
400 5825 646 5881 mendosa
679 5839 815 5883 sunt.

1721 3324 2036 3392 hallucinati
2077 3335 2230 3392 sunt;
2276 3327 2368 3380 sed
2406 3326 2457 3379 in
2493 3341 2557 3380 eo
2581 3338 2792 3394 quoque
2826 3324 2967 3391 quod
3012 3323 3152 3378 illius
3178 3338 3276 3388 ca-

1721 3424 1816 3488 put
1870 3433 1936 3471 εκ
1994 3417 2223 3473 adverso
2268 3417 2502 3487 Virginis
2553 3416 2704 3468 aiunt
2761 3413 3106 3468 descendere.
3154 3411 3280 3467 Non.

1720 3509 1862 3563 enim
1891 3507 2122 3578 Virgini,
2157 3508 2247 3563 sed
2273 3507 2453 3562 Chelis
2481 3507 2784 3575 oppositum
2814 3503 2988 3558 facere
3019 3518 3275 3558 occasqu

1721 3601 1925 3670 incipit.
1955 3601 2162 3670 Quippe
2191 3601 2468 3655 stellarum
2499 3613 2619 3668 quae
2646 3599 2697 3650 in
2731 3596 2902 3665 ipsius
2929 3595 3102 3663 capite
3124 3602 3270 3658 sunt,

1720 3694 2007 3748 australior
2033 3693 2233 3746 occidit
2278 3694 2486 3746 oriente
2524 3689 2698 3745 media
2721 3695 2925 3742 octava
2959 3693 3108 3756 parte
3135 3683 3275 3740 Che-

1719 3787 1910 3839 larum.

1785 3897 1879 3953 XI.
1901 3898 2035 3952 Cum
2069 3899 2199 3953 oriri
2228 3896 2483 3966 Scorpius
2515 3892 3019 3965 incipit,amborum
3051 3893 3274 3961 scripto-

1719 4005 1836 4043 rum
1870 3991 2044 4060 placet
2067 3990 2242 4055 alteri,
2265 3990 2501 4058 rcliquas
2526 3985 2672 4039 ﬂuvii
2689 3994 2869 4053 partes
2887 3981 3153 4044 occidere,
3173 3998 3279 4035 nec

1715 4077 1823 4136 non
1852 4081 2206 4136 Andromedze
2235 4095 2297 4133 ac
2317 4078 2469 4143 Ceti;
2499 4085 2552 4129 et
2581 4074 2777 4144 Cephei
2804 4071 3064 4144 quidquid
3094 4085 3176 4126 est
3205 4072 3276 4125 ali

1715 4174 1954 4227 humeris
1993 4175 2059 4225 ad
2095 4170 2367 4240 cingulum
2399 4187 2413 4222 :
2446 4169 2572 4222 item
2607 4166 2946 4236 Cassiepeam
2987 4165 3271 4234 integram,

1716 4262 2088 4334 praterquam'
2108 4277 2170 4317 ea
2199 4277 2319 4331 quae
2348 4275 2381 4314 a
2410 4259 2638 4332 pedibus
2664 4259 2730 4312 ad
2770 4272 2940 4330 genua
2978 4257 3270 4325 pertinent.

1716 4357 1876 4411 Addit
1903 4356 2005 4420 his,
2027 4355 2158 4410 oriri
2187 4354 2413 4408 Coronae
2441 4352 2728 4421 reliquum,
2752 4358 2804 4403 et
2828 4346 2994 4417 Hydri
3021 4345 3272 4406 caudam,

1715 4464 1779 4503 ac
1807 4447 2064 4502 Centauri
2092 4445 2358 4515 ratiquum
2397 4459 2615 4513 corpus,
2652 4441 3012 4496 anterioribus
3044 4439 3274 4509 pedibus

2080 4536 2157 4593 'ad
2217 4537 2332 4594 haec
2379 4534 2646 4606 Ophiuchi
2705 4539 2884 4601 caput,
2943 4541 2996 4585 et
3045 4544 3276 4596 manus;

1718 4639 1771 4685 et
1824 4630 2107 4701 serpentis,
2163 4645 2322 4700 quem
2376 4633 2550 4698 gestat
2603 4624 3150 4693 Ophiuchus,-caput
3202 4621 3275 4677 ad

1719 4723 1950 4792 priorem
1986 4737 2160 4791 usque
2195 4723 2423 4791 spiram;
2462 4718 2664 4787 reliqua
2695 4719 2911 4786 insuper
2955 4713 3268 4784 lngenieuli,

1717 4822 1942 4883 excepto
1973 4815 2149 4882 capite
2176 4827 2238 4864 ac
2269 4811 2488 4865 sinistra
2520 4824 2726 4870 manu.
2763 4809 2829 4860 At
2863 4806 3115 4860 Eudoxus
3145 4819 3271 4857 cum

1719 4905 1772 4956 in
1801 4903 2009 4958 caneris
2038 4901 2357 4962 consentiat,
2389 4897 2656 4968 Ophiuchi
2685 4907 2863 4966 caput,
2901 4911 2962 4947 ac
2996 4895 3269 4948 sinistram

1716 4995 1976 5049 duntaxat
2009 5005 2225 5046 manum
2261 4983 2462 5045 exoriri
2503 4992 2726 5054 asserit;
2767 4976 2989 5040 alteram
3030 5001 3272 5047 manum,

1716 5095 1775 5141 ut
1813 5094 1866 5140 et
1908 5085 2096 5146 feram,
2133 5097 2241 5137 non
2278 5081 2490 5136 oriente
2527 5079 2774 5148 Scorpio,
2817 5078 2909 5132 sed
2956 5077 3267 5147 Sagittario,

1717 5193 1876 5247 supra
1929 5186 2126 5232 terram
2171 5183 2403 5231 exstare.
2449 5175 2624 5243 Atque
2669 5173 2725 5226 in
2772 5173 2998 5226 aliorum
3053 5171 3269 5239 quidem

1715 5269 2080 5337 descriptione
2122 5283 2242 5322 cum
2295 5263 2679 5336 apparentibus
2710 5263 2868 5317 ambo
2919 5259 3267 5316 conveniunt.

1718 5361 1821 5414 Sed
1848 5360 1992 5427 quod
2023 5359 2092 5413 ad
2123 5359 2289 5413 feram
2322 5359 2526 5409 attinet.
2595 5397 2607 5407 .
2689 5396 2701 5408 .
2782 5395 2797 5409 .
2877 5395 2890 5408 .
2970 5390 2984 5402 .
3062 5389 3074 5403 .
3156 5389 3169 5402 .
3252 5391 3265 5402 .

1715 5639 1949 5705 Apparet
2003 5649 2131 5704 ergo
2181 5648 2300 5686 eum
2345 5629 2526 5685 Chelis
2567 5639 2768 5698 partem
2802 5624 2969 5695 ipsius
3030 5622 3266 5691 aiiqnam

3151 457 3292 516 1082
3385 453 3390 456 ’
