4008 6328
69 396 162 454 ι85

992 389 1354 446 ιιιιιιηιιιοιιι
1383 390 1480 444 an
1510 377 1947 448 PIIAENOMENA
1981 393 2105 451 LIB;
2137 393 2210 452 ιι..

3077 397 3212 462 ῒοὸὃ

69 530 115 563 ιν
170 509 286 576 γὰρ
326 504 546 569 Εὔδοξος
589 504 666 574 τῷ
711 503 956 574 Σκορπίῳ
997 504 1158 574 φησιν
1187 501 1625 571 συνανατέλλεινλ

1686 487 1815 558 facit
1863 520 1984 560 cum
2017 506 2244 576 Scorpio
2276 523 2289 559 :
2319 520 2442 561 cum
2479 505 2764 578 Sagittario
2797 509 3060 580 reliquum
3093 530 3214 567 cor-

69 619 113 670 ίν
146 599 332 664 δεξιὰν
362 597 601 667 πτέρυγα
643 594 736 647 τοῦ
777 594 1021 664 Ὄρνιθος
1045 611 1058 624 ’
1093 593 1168 663 τῷ
1199 594 1255 645 δέ
1282 592 1480 663 Τοξότῃ
1520 592 1580 642 τὸ

70 690 207 740 ηιπὸν
238 687 401 741 αὐτοῦ
427 687 582 756 σῶμα
605 703 618 716 ·
647 687 706 749 ἐξ
733 679 806 738 ὧν
834 685 1009 754 δῆλον,
1036 685 1114 735 ὅτι
1131 683 1231 751 ’τὴν
1255 682 1426 744 δεξιὰν
1455 681 1580 734 πτέ-

69 799 163 849 λγα
195 782 293 835 τοῦ
328 781 572 853 Ὄρνιθος
603 774 742 832 κατὰ
780 778 869 830 τὸν
900 776 1122 840 Εὔδοξον
1159 776 1237 827 δεῖ
1283 776 1392 836 τοῖς
1422 775 1578 842 ἐσχά-

69 891 130 936 ιις
186 872 382 942 μέρεσι
435 869 526 923 τοῦ
595 867 854 937 Σκορπίου
914 863 1400 933 συναναφέρεσθαιο
1453 865 1480 914 ὁ
1523 861 1579 914 δὲ

69 960 268 1029 ιρατός
294 975 423 1028 φησι
451 957 526 1027 τῷ
557 957 753 1025 Τοξότῃ
791 956 943 1024 μόνον
977 951 1372 1005 συνανατέλλειν
1400 951 1576 1006 αὐτόν.

70 1055 98 1121 ᾖ
129 1051 190 1102 δὲ
221 1050 449 1120 ἀληθείᾳ
479 1050 524 1100 οί
569 1048 665 1116 μὲν
695 1048 750 1100 ἐν
784 1047 925 1115 ἄκρα
960 1046 1023 1112 τῇ
1056 1041 1202 1111 δεξιᾷ
1231 1040 1455 1110 πτέρυγι
1486 1039 1578 1090 τοῦ

70 1141 290 1211 )ρνιθος
330 1143 438 1203 τοῖς
470 1141 713 1208 ἐσχάτοις
754 1137 940 1206 μέρεσι
985 1135 1090 1186 τῶν
1132 1131 1322 1201 Χηλῶν
1356 1146 1580 1181 συνανα-

70 1233 307 1283 Ξλλουσιν
331 1248 345 1305 ς
370 1233 398 1282 ὁ
435 1230 489 1282 δὲ
528 1232 583 1280 ἐν
607 1227 748 1298 ἄκρα
774 1229 838 1294 τῇ
869 1226 1127 1294 ἀριστερᾷ
1160 1221 1401 1290 πτέρυγι,
1430 1219 1487 1280 ὃς
1515 1217 1578 1286 δὴ

69 1323 118 1374 xi.
149 1322 380 1391 ἔσχατος
404 1315 700 1381 ἀνατέλλει,
730 1319 792 1386 τῇ
829 1316 871 1385 β’
895 1315 987 1366 καὶ
1021 1321 1065 1366 κ’
1100 1314 1205 1383 μοί.
1233 1310 1325 1363 τοῦ
1355 1309 1576 1374 Τοξότου

69 1411 478 1479 ιναναφέρεται.

95 1505 199 1555 IA'.
241 1500 349 1552 Τοῦ
377 1501 432 1551 δὲ
473 1498 747 1569 Ὑδροχὸου
792 1493 1085 1566 ἀρχομένου
1115 1489 1415 1543 ἀνατέλλειν
1445 1488 1577 1558 φησὶ

70 1589 547 1644 δνανατεταλκέναι
577 1589 652 1657 τῷ
692 1578 1087 1652 Αἰγόκεριρ⁹τοῦ
1131 1582 1324 1631 Ἵππου
1353 1577 1448 1648 τὴν
1489 1594 1578 1629 κε-

70 1683 204 1753 αλὴν
236 1683 331 1736 καὶ
357 1682 479 1744 τοὺς
509 1679 695 1740 πόδας·
725 1677 898 1729 δύνειν
925 1674 979 1726 δὲ
1013 1673 1077 1724 τὰ
1102 1670 1318 1722 ὀπίσθια
1335 1668 1426 1721 τοῦ
1451 1668 1580 1719 Κεν-

69 1773 254 1843 ιύρου,
292 1771 383 1824 καὶ
410 1768 498 1822 τοῦ
525 1767 715 1837 Ὕδρου
745 1766 800 1818 τὸ
829 1764 930 1817 ἀπὸ
956 1765 1050 1833 τῆς
1079 1759 1315 1830 κεφαλῆς
1345 1757 1447 1820 ’ἐως
1477 1756 1597 1826 τῆς-

72 1862 253 1933 ρὼτης
300 1862 543 1931 σπείρας.
582 1861 637 1910 '0
667 1858 721 1910 δέ
760 1855 979 1921 Εὔδοξός
1014 1871 1142 1924 φησι
1176 1854 1267 1906 καὶ
1300 1851 1395 1922 τὴν
1425 1852 1572 1902 Κασ-

69 1955 274 2006 ιέπειαν
325 1952 626 2004 ἀνατέλλειν
672 1951 763 2001 καὶ
807 1947 893 2000 τὸν
929 1941 1187 2014 Ἀελφίνα.
1230 1944 1295 1997 Ἃ
1345 1944 1438 2013 μὲν
1486 1936 1576 1994 οὖν

69 2046 177 2112 οινῇ
221 2044 504 2111 εἰρήκασι,
534 2040 710 2110 σχεδὸν
743 2040 1016 2106 συμφωνεῖ
1046 2038 1156 2097 τοῖς
1197 2033 1532 2103 φαινομένοις
1560 2050 1572 2062 ·

71 2133 166 2202 λὴν
203 2133 284 2184 ὅτι
313 2134 344 2200 ἡ
384 2131 586 2201 κεφαλὴ
627 2130 714 2182 τοῦ
742 2129 935 2198 ’Ύδρου
971 2130 1080 2188 τοῖς
1113 2125 1357 2194 ἐσχάτοις
1391 2124 1576 2192 μέρεσι

69 2222 122 2274 οὗ
153 2219 379 2286 Τοξότου
413 2221 631 2290 ἄρχεται
658 2216 1111 2279 ἀντικαταδύνειν,
1147 2215 1236 2267 καὶ
1277 2215 1335 2264 ού
1378 2212 1456 2281 τῷ
1488 2213 1578 2264 Αἰ-

71 2313 263 2383 όκερῳ.
311 2311 415 2364 Τοῦ
460 2311 515 2363 δὲ
541 2311 731 2362 Ἵππου
770 2309 829 2360 οὐ
883 2306 1036 2376 μόνον
1079 2307 1111 2374 ἡ
1158 2302 1361 2372 κεφαλὴ
1402 2304 1492 2354 καὶ
1529 2302 1576 2353 οἱ

69 2404 190 2464 ιάδες
213 2400 648 2463 ἀνατετάλκασιν,
675 2397 806 2451 ἀλλά
831 2399 922 2450 καὶ
943 2399 990 2448 οἱ
1012 2390 1148 2464 ὦμοι
1172 2393 1344 2446 καὶτὸ
1365 2391 1574 2461 στῆθος.

111 2493 335 2564 Παρέχει
384 2492 439 2544 δέ
489 2480 648 2544 τισιν’
672 2492 948 2543 ἐπίστασιν
982 2487 1095 2550 πῶς
1135 2486 1225 2538 ἐπὶ
1269 2483 1374 2536 τῶν
1408 2481 1579 2539 ἄλλων,

69 2587 243 2649 ζωδξων
264 2589 291 2639 ὁ
322 2588 552 2656 Ἀρατος
578 2585 674 2648 τάς
701 2583 870 2654 ἀρχὰς
913 2583 1004 2634 ἐπὶ
1035 2584 1129 2651 τῆς
1161 2579 1415 2647 ἀνατολῆς
1447 2578 1578 2629 ὑπο-

69 2677 333 2747 τιθέμενος,
362 2678 452 2730 καὶ
485 2676 651 2738 οὕτως
670 2675 767 2736 τὰς
799 2673 905 2725 τῶν
938 2672 1106 2726 ἄλλων
1147 2671 1354 2740 ἄστρων
1393 2669 1580 2721 ἀνατο-

69 2767 149 2829 li;
178 2768 266 2819 καὶ
305 2767 474 2829 δύσεις
503 2763 797 2832 διασαφῶν,
827 2765 916 2816 τὸν
957 2762 1233 2835 ’Υδροχόον
1262 2762 1420 2832 μέσον
1457 2760 1582 2813 ἀνα-

69 2857 246 2910 τέλλειν
280 2856 604 2920 ὑποτίθεται,
638 2855 808 2924 λέγων
840 2853 1006 2916 οὕτως
1027 2870 1040 2883 ·

114 3060 314 3126 Ἵππος
344 3059 394 3112 δ’
435 3059 779 3128 Ὑδροχόοιον
796 3055 986 3128 μέσον
1009 3051 1533 3123 περιτελλομένοιο,

115 3132 305 3185 Ποσσί
337 3147 399 3184 τε
426 3126 779 3197 καϊκεφαλῇ
804 3127 1199 3180 ἀνελίσσεται.

69 3241 212 3294 Γοῦτο
229 3242 274 3294 δ’
303 3241 518 3310 ἀπορῶν
545 3242 571 3292 ὁ
605 3238 876 3305 Ἄτταλος,
908 3238 1066 3306 φησιν
1087 3226 1383 3306 ἁμάρτημα
1410 3227 1544 3284 εἶναι
1565 3248 1577 3260 ·

69 3331 154 3390 δεῖν
182 3332 237 3385 δὲ
260 3334 486 3402 γράφειν
519 3329 686 3390 οὕτως
712 3344 726 3358 ·

117 3421 316 3509 "tuaac
341 3443 390 3494 δ’
441 3440 771 3509 ’Υδροχόοιο
807 3436 947 3491 νέον
987 3435 1513 3505 περιτελλομένοιο.

69 3576 303 3629 λανθάνει
347 3564 402 3628 δέ
446 3573 535 3626 τόν
587 3590 644 3624 τε
676 3569 952 3632 Ἄτταλον,
995 3567 1087 3620 καὶ
1132 3568 1253 3629 τοὺς
1296 3565 1487 3629 ἄλλους
1527 3565 1587 3617 τὸ
1650 3607 1655 3615 .

69 3669 287 3740 Ξούλημα
333 3667 425 3721 τοῦ
478 3663 695 3734 ποιητοῦ
721 3680 732 3692 ’
775 3663 910 3731 τάχα
947 3661 1002 3713 δὲ
1035 3659 1128 3712 καὶ
1159 3658 1217 3709 τὸ
1249 3657 1582 3727 φαινόμενον.

69 3756 119 3807 '0
142 3758 245 3826 γὰρ
271 3754 567 3825 ’Υδροχόο;,
587 3755 650 3821 τῇ
682 3751 822 3804 θέσει
847 3748 1090 3818 κείμενος
1115 3746 1220 3800 ἀπὸ
1250 3763 1382 3816 μεση
1393 3745 1587 3816 μὸρίας

69 3847 182 3915 πρὸς
216 3849 474 3918 ἄρκτους,
510 3845 576 3897 τὰ
607 3846 702 3913 μὲν
747 3842 885 3897 κατά
922 3841 980 3892 τὸ
1019 3839 1210 3910 στῆθος
1248 3839 1338 3892 καὶ
1378 3839 1474 3909 τὴν
1501 3855 1588 3890 κε-

69 3936 217 4006 ιπλὴν
252 3939 394 4006 μέρη
428 3935 557 3988 πολὺ
590 3935 915 3988 ἐκπίπτοντα
951 3931 1043 3984 τοῦ
1089 3929 1346 3994 ζωδιακοῦ
1394 3928 1586 3983 κύκλου

69 4030 130 4089 εἰς
160 4030 217 4080 τὸ
261 4028 395 4099 πρὸς
430 4028 658 4098 ἄρκτους
709 4026 870 4096 μέρος
913 4023 1051 4094 ἔχει,
1099 4022 1166 4075 τὰ
1207 4021 1264 4074 δέ
1302 4019 1441 4074 κατὰ
1469 4022 1590 4084 τοὺς

69 4118 214 4179 πόδας
245 4116 531 4186 νοτιώτερα
554 4116 644 4168 τοῦ
685 4116 943 4178 ζωδιακοῦ
974 4112 1169 4168 κύκλου
1191 4129 1203 4142 ·
1229 4114 1286 4166 ἐν
1308 4111 1363 4165 δέ
1388 4110 1463 4180 τῷ
1485 4110 1591 4186 Cm:

69 4208 215 4280 διακῴ
246 4212 313 4265 τὰ
351 4211 486 4281 μέσα
525 4209 686 4261 αὐτοῦ
729 4210 920 4264 κεῖται.
963 4207 1113 4260 Ἐπεὶ
1140 4201 1230 4259 οὖν
1266 4204 1333 4258 τὰ
1359 4204 1590 4285 δωδεκα-

70 4276 279 4374 τημόρια
321 4276 414 4358 τοῦ
454 4302 710 4368 ζωδιακοῦ
755 4302 950 4354 κύκλου
991 4299 1294 4360 ὑποτίθεται
1331 4276 1592 4366 ἀναῖρερό-

76 4405 218 4457 μενα,
248 4393 336 4448 διὰ
385 4392 539 4447 τοῦτο
585 4393 612 4444 ὁ
657 4393 884 4461 ’Ἄρατος
917 4391 1098 4458 λέγει·
1135 4389 1243 4443 Τοῦ
1277 4386 1592 4456 Ὑδροχόου

1679 609 1778 663 pus
1810 595 1981 663 ipsius
2014 609 2027 644 :
2073 596 2214 648 unde
2262 595 2430 664 liquet
2459 596 2596 648 alam
2631 594 2798 667 Cygni
2847 599 3085 652 dextram
3129 617 3214 656 se-

1677 685 1909 738 cundum
1936 683 2215 739 Eudoxum
2245 693 2492 755 oportere
2527 701 2648 740 cum
2680 690 2966 757 postremis
3004 687 3214 758 Scorpti

1677 775 1920 845 partibus
1954 776 2262 829 ascendere.
2313 774 2514 850 Aratus
2578 792 2706 831 vero
2749 793 2872 833 cum
2932 776 3214 848 Sagittario

1676 853 1938 920 duntax'at
1981 867 2231 919 occidere
2273 865 2448 934 ipsum
2485 868 2703 923 asserit.
2734 866 2839 923 Res
2868 884 3029 939 porro
3057 871 3126 922 ita
3156 887 3215 923 se

1675 957 1866 1010 habet:
1899 971 2018 1025 quae
2049 956 2105 1011 in
2135 967 2371 1012 extrema
2399 964 2530 1011 sunt
2557 958 2640 1009 ala
2665 958 2850 1012 dextra
2874 959 3060 1028 Cygni,
3091 975 3214 1012 cum

1676 1046 1930 1099 extremis
1961 1045 2246 1111 Chelarum
2281 1045 2524 1115 partibus
2549 1044 2832 1103 oriuntur:
2873 1062 2990 1115 quae
3032 1048 3087 1100 in
3123 1063 3217 1099 ex-

1677 1139 1945 1192 tremitate
1994 1138 2090 1190 alte
2143 1137 2372 1191 smistrze
2422 1146 2533 1200 est,
2589 1143 2642 1190 et
2695 1145 2961 1204 postrema
3019 1137 3210 1197 oritur,

1676 1243 1797 1281 cum
1843 1228 2096 1282 vicesima
2144 1226 2380 1281 secunda
2435 1224 2711 1296 Sagittarii
2755 1231 2906 1295 parte
2949 1239 3213 1280 conscen-

1675 1317 1775 1374 dit.

1744 1499 1880 1555 XIV.
1897 1500 2006 1554 Sub
2025 1499 2236 1555 initium
2253 1507 2472 1569 exortus
2489 1497 2986 1568 Aquarii,exortum
3004 1497 3078 1550 ait
3093 1512 3214 1552 esse

1674 1605 1797 1645 cum
1848 1590 2178 1659 Capricorno
2232 1589 2367 1661 Equi
2422 1600 2586 1660 caput
2639 1605 2702 1644 ac
2732 1591 2928 1660 pedes;
2967 1588 3214 1642 occidere

1675 1698 1801 1736 vero
1856 1685 2152 1754 posteriora
2185 1684 2459 1748 Centauri,
2513 1700 2575 1738 ac
2627 1685 2695 1739 de
2741 1683 2922 1754 Hydro
2953 1683 3213 1753 quidquid

1675 1789 1705 1827 a
1735 1774 1908 1841 capite
1952 1781 2035 1828 est
2066 1773 2131 1828 ad
2160 1775 2389 1844 primam
2416 1775 2639 1844 spiram.
2688 1775 2756 1827 At
2796 1756 3052 1828 Eudoxus
3080 1774 3214 1828 Cas-

1677 1865 1910 1934 siepeam
1961 1866 2181 1934 insuper
2219 1865 2372 1930 oriri,
2419 1880 2482 1918 ac
2526 1864 2843 1934 Del-phinum
2882 1865 3096 1920 asserit.
3159 1864 3216 1918 In

1672 1956 1759 2010 bis
1805 1970 1930 2009 vero
1983 1971 2101 2024 quae
2141 1955 2210 2009 ab
2239 1955 2498 2010 ambobus
2537 1955 2897 2008 communiter
2939 1954 3216 2016 dicuntur,

1672 2043 2054 2124 propemodum
2106 2044 2474 2112 apparentium
2535 2042 2655 2096 ﬁdei
2704 2038 3063 2112 respondent;
3107 2042 3218 2095 nisi!

1673 2135 1817 2205 quod
1867 2133 2032 2205 Hydri
2082 2143 2241 2204 caput
2287 2136 2586 2190 orientibus
2634 2134 2890 2190 extremis
2943 2132 3216 2203 Sagittarii

1676 2227 1940 2296 partibus,
1961 2243 2068 2282 non
2090 2227 2441 2297 Capricorno,
2469 2227 2793 2282 descendere
2817 2227 3005 2296 incipit
3033 2240 3097 2280 ex
3129 2225 3219 2278 ad-

1674 2333 1849 2374 verso.
1881 2318 2017 2389 Equi
2040 2329 2215 2376 autem
2245 2335 2352 2374 non
2379 2319 2550 2374 solum
2576 2326 2736 2387 caput
2763 2332 2824 2371 ac
2849 2318 3010 2387 pedes
3047 2315 3222 2372 exorti

1676 2419 1840 2478 sunt;
1877 2413 1968 2466 sed
2001 2412 2210 2466 humeri
2235 2411 2395 2466 etiam
2431 2425 2492 2464 ac
2523 2418 2728 2479 pectus.
2969 2417 2974 2421 ‘

1744 2504 1819 2557 Ac
1860 2503 2135 2558 nonnullis
2166 2502 2596 2578 consideratione
2645 2500 2804 2568 digna
2843 2512 2932 2552 res
2987 2497 3218 2562 videtur“,

1676 2610 1774 2650 cur
1825 2609 1946 2647 cum
2001 2591 2198 2647 Aratus
2250 2593 2583 2646 caeterorum'
2613 2589 2768 2643 initia
2823 2589 3096 2658 signorum
3163 2590 3217 2642 in

1677 2688 1886 2743 oriente
1929 2684 2200 2748 statuerit,
2243 2692 2405 2752 atque
2440 2683 2514 2736 ita
2571 2682 3040 2736 constellationum
3073 2679 3215 2732 aliam

1679 2795 1799 2834 rum
1847 2785 1996 2833 ortus
2044 2784 2098 2831 et
2152 2789 2381 2830 occasus
2416 2773 2737 2842 explicarit,
2789 2771 3024 2838 medium
3072 2771 3216 2829 dune

1575 2903 1581 2909 -
1681 2877 1828 2924 taxat
1874 2868 2191 2939 Aquarium.
2227 2866 2555 2921 exorientem
2622 2864 2852 2927 fecerit,
2905 2863 2989 2918 his
3051 2863 3222 2918 versi-

1678 2965 1781 3020 bus
1816 2984 1827 3016 :

1749 3053 1928 3122 Equus
1957 3069 2073 3107 uero
2101 3051 2330 3120 Aquario
2362 3049 2529 3122 medio
2571 3050 2764 3104 oriente

1605 3158 1650 3216 α
1751 3119 1975 3177 Pedibus
2002 3131 2051 3178 et
2076 3119 2241 3188 capite
2264 3119 2556 3174 revolvitur.

1681 3235 1806 3305 Haec
1835 3250 1956 3291 cum
2000 3235 2282 3304 quaesisset
2323 3232 2554 3294 Attalus,
2583 3221 2819 3286 errOrem
2864 3245 2985 3286 esse
3007 3245 3226 3302 respon-

1683 3331 1790 3393 dit,
1831 3330 2009 3398 itaque
2037 3325 2380 3383 scribendum
2411 3322 2579 3378 videri
2608 3342 2622 3378 :

1755 3441 1932 3511 Equus
1967 3457 2082 3495 vero
2115 3439 2345 3509 Aquario
2379 3453 2551 3492 recens
2581 3435 2794 3494 oriente.

1755 3572 1858 3626 Sed
1915 3586 2087 3640 neque
2129 3570 2370 3633 Attalus,
2424 3585 2597 3640 neque
2642 3567 2818 3625 caeteri
2864 3579 3032 3640 poeta:
3074 3587 3195 3626 men

1687 3671 1792 3716 tem
1853 3661 2346 3715 animadverterunt
2393 3678 2406 3713 :
2456 3661 2565 3715 imo
2615 3676 2683 3715 ne
2739 3664 2907 3730 ipsam
2967 3662 3228 3732 quidem,

1693 3761 1751 3807 ut
1781 3753 1992 3822 opinor,
2038 3752 2425 3821 apparentiam.
2479 3751 2689 3806 Etenim
2716 3752 2987 3821 Aquarius
3024 3769 3088 3807 eo
3117 3754 3224 3807 situ

1687 3845 2007 3911 collocatus,
2041 3851 2100 3897 ut
2145 3859 2175 3897 a
2212 3845 2435 3898 meridie
2472 3845 2538 3900 ad
2579 3846 2971 3915 septentriones
3000 3851 3180 3913 vergat
3213 3862 3226 3908 ;

1688 3937 1756 3992 iis
1809 3936 2055 4006 partibus
2099 3950 2218 4005 quae
2261 3945 2384 3990 sunt
2410 3924 2476 3988 ad
2526 3946 2714 4006 pectus
2753 3943 3038 4004 caputque,
3090 3936 3230 3988 mul-

1688 4038 1804 4084 tum
1827 4045 1854 4082 a
1883 4029 2102 4083 zodiaca
2126 4027 2359 4082 declinat
2381 4027 2447 4082 ad
2470 4028 2796 4097 aquilonem;
2821 4042 2938 4097 quae
2957 4027 3021 4080 ad
3046 4026 3229 4096 pedes.

1691 4121 2036 4175 australiores
2050 4126 2175 4174 sunt
2196 4118 2415 4172 zodiaco
2436 4119 2662 4185 circulo;
2684 4117 2860 4173 media
2877 4118 3046 4187 ipsius
3074 4118 3126 4171 in
3149 4132 3233 4172 zo-

1691 4212 1848 4266 diaco
1872 4211 2236 4265 collocantur.
2269 4191 2628 4276 Quamobrem
2655 4226 2776 4266 cum
2808 4211 3004 4266 Aratus
3027 4210 3233 4269 zodiaci

1689 4303 2122 4359 dodecatemoria
2150 4303 2205 4356 in
2243 4302 2362 4373 ipso
2400 4304 2786 4373 contempletur
2815 4317 3060 4364 ascensu,
3092 4301 3231 4363 ideo,

1691 4410 1811 4450 cum
1864 4394 2135 4464 Aquarius
2193 4395 2370 4450 medio
2418 4408 2644 4472 corpore
2683 4393 2874 4460 oritur,
2908 4390 3107 4461 Equus,
3137 4391 3233 4453 ait,

71 4484 197 4537 κατὰ
219 4486 411 4554 μέσον
444 4485 548 4539 τοῦ
578 4483 843 4552 σώματος
867 4481 1320 4545 ἀνατέλλοντος,
1339 4481 1372 4532 ὁ
1395 4478 1595 4541 Ἵππος

1697 4485 2013 4556 pedibusque
2053 4495 2103 4540 et
2153 4487 2322 4555 capite
2357 4486 2674 4540 revolvitur:
2724 4498 2832 4537 non
2881 4490 3058 4536 autem
3110 4495 3233 4542 cum

70 4576 198 4626 ποσί
225 4593 288 4629 τε
313 4577 412 4630 καὶ
453 4574 682 4644 κεφαλῇ
713 4573 1124 4627 ἀνελίσσεται·
1157 4571 1248 4623 καὶ¹
1271 4570 1390 4639 οὐχὶ
1412 4568 1469 4620 τὸ
1505 4567 1598 4638 μέ-

72 4683 151 4718 σον
176 4669 263 4720 τοῦ
291 4671 348 4721 ἐν
384 4669 461 4738 τῷ
503 4665 942 4737 δωδεκατημορίῳ
977 4667 1196 4734 μήκους,
1227 4663 1301 4727 ὡς
1335 4662 1467 4715 οἵτε
1500 4677 1602 4712 πα-

71 4755 194 4810 λαιολ⁵
223 4762 312 4813 καὶ
344 4763 373 4813 ὁ
408 4759 663 4821 Ἄτταλος
689 4759 979 4827 ἐκδέχεται.
1016 4756 1326 4822 Ἀναγκαῖον
1351 4751 1440 4806 οὖν
1465 4750 1600 4804 εἶναι

71 4845 199 4900 δοκεῖ
229 4868 314 4919 μοι
350 4850 424 4920 μὴ
471 4849 806 4918 μετατιθέναι
838 4849 924 4900 τὸν
957 4847 1149 4915 στίχον,
1185 4845 1258 4905 ὡς
1284 4846 1311 4896 ὁ
1347 4843 1601 4903 ’Ἄτταλος

74 4939 424 5004 ὑποδεικνύει,
458 4945 513 4994 ἐν
540 4942 670 4993 πᾶσί
700 4958 761 5009 γε
803 4940 866 5010 δὴ
905 4942 1015 5002 τοῖς
1052 4935 1396 5006 ἀντιγράφοις
1432 4935 1602 4997 οὕτως

74 5031 221 5085 αὑτοῦ
250 5051 283 5102 γ
289 5052 426 5106 ραφο
433 5034 610 5103 μένου.

145 5121 199 5174 Ὁ
234 5126 288 5178 δὲ
333 5124 556 5190 Εὔδοξος
605 5123 786 5189 ἀγνοεῖ
836 5124 959 5194 περί
998 5141 1054 5174 τε
1098 5122 1195 5190 τῆς
1242 5120 1602 5184 Κασσιεπείας

77 5210 158 5260 καὶ
188 5214 276 5265 τοῦ
311 5216 578 5284 Δελφῖνος.
610 5215 681 5265 Οὐ
722 5213 828 5282 γὰρ
865 5213 939 5282 τῷ
982 5213 1254 5284 Αἰγόκερῳ
1296 5213 1603 5264 συνανατέλ-

79 5293 176 5346 λει·
204 5300 311 5355 ἀλλ’
344 5307 375 5374 ή
414 5306 509 5373 μὲν
540 5303 869 5358 Κασσιέπεια
907 5307 1015 5365 τοῖς
1047 5303 1180 5366 δυσὶ,
1205 5302 1280 5372 τῷ
1311 5319 1369 5354 τε
1403 5302 1600 5374 Τοξότῃ

83 5388 162 5437 καὶ
193 5391 265 5461 τῷ
300 5396 592 5465 Αίγὸκερῳ.
634 5396 887 5466 Ἀρχεται
935 5395 1028 5462 μὲν
1063 5395 1168 5465 γὰρ
1210 5394 1602 5446 συνανατέλλειν

83 5478 138 5545 τῇ
173 5488 214 5534 α’
239 5486 327 5538 καὶ
369 5494 415 5538 κ’
447 5489 553 5556 μοί.
579 5487 670 5540 τοῦ
703 5487 926 5551 Τοξὸτου
955 5503 967 5514 '
1013 5486 1230 5555 ἔσχατον
1273 5487 1326 5538 δὲ
1373 5503 1601 5539 συνανα-

85 5569 236 5623 τέλλει
266 5580 329 5647 τῇ
371 5578 433 5647 ιβ’
473 5577 580 5647 μοί.
618 5579 708 5632 τοῦ
742 5579 1036 5649 Λίγόκερω.
1083 5580 1138 5631 '0
1168 5579 1223 5630 δὲ
1251 5576 1440 5646 Δελφίς
1487 5577 1602 5639 ὅλος

85 5659 151 5726 τῷ
181 5664 367 5741 Τοξότῃ
397 5668 760 5724 συνανατὲλθει
794 5674 898 5725 ἀπὸ
936 5674 1031 5741 τῆς
1080 5678 1124 5724 κ’
1168 5671 1327 5724 αὐτοῦ
1361 5670 1466 5742 μοί.
1503 5671 1604 5734 ἕως

87 5755 172 5816 τῆς
197 5755 286 5813 κδ’.

1699 4578 2050 4650 longitudinis
2100 4578 2154 4631 in
2192 4577 2412 4632 zodiaco
2450 4576 2682 4630 medium
2736 4575 2930 4638 oritur,
2979 4571 3235 4641 quemad-

1697 4671 1916 4725 modum
1952 4677 2063 4723 tam
2095 4667 2326 4732 Attalus,
2372 4681 2538 4736 quam.
2579 4673 2788 4720 veteres
2836 4665 3232 4720 intellexerunt.

1699 4761 1855 4816 Nullo
1900 4760 2080 4829 itaque
2133 4758 2292 4812 modo
2357 4756 2798 4812 commutandum
2845 4768 2964 4808 esse
3021 4767 3234 4807 versum

1701 4855 1850 4908 illum
1883 4828 2118 4907 arbitror
2141 4890 2156 4912 ,
2202 4857 2260 4902 ut
2292 4847 2475 4902 Attalo
2513 4849 2723 4918 placet;
2773 4862 2894 4901 cum
2939 4836 3050 4900 non
3084 4828 3253 4899 aliter.

1701 4945 1757 5000 in
1785 4941 2186 5011 exemplaribus
2230 4938 2480 4994 omnibus
2508 4939 2734 5008 legatur.

1771 5118 1886 5174 Jam
1921 5117 1975 5170 in
2004 5113 2291 5184 Cassiepea
2334 5121 2388 5168 et
2437 5111 2697 5182 Delphino
2725 5108 2894 5164 falsus
2937 5115 3018 5163 est
3065 5106 3241 5159 Eudo-

1705 5230 1825 5268 xus.
1859 5210 1976 5264 Non
2023 5210 2165 5264 enim
2198 5224 2318 5262 cum
2352 5206 2682 5277 Capricorno
2707 5203 3075 5258 conscendunt
3107 5217 3117 5250 :
3146 5199 3239 5252 sed

1700 5303 1987 5371 Cassiepea
2017 5316 2139 5356 cum
2175 5301 2406 5360 duobus,
2445 5296 2732 5366 Sagittario
2772 5294 3016 5348 videlicet
3059 5299 3112 5343 et
3140 5289 3242 5341 Ca-

1701 5395 1977 5465 pricorno.
2004 5391 2213 5446 Etenim
2255 5391 2385 5444 oriri
2413 5387 2602 5455 incipit
2631 5402 2752 5440 cum
2781 5384 3035 5439 vicesima
3067 5380 3240 5448 prima

1701 5493 1850 5556 parte
1890 5483 2195 5552 Sagittarii;
2249 5491 2518 5552 postremo
2569 5493 2696 5532 vero
2748 5491 2868 5531 cum
2922 5471 3242 5542 Capricorni

1702 5575 2017 5631 duodecima
2043 5574 2237 5652 oritur.
2267 5573 2336 5624 At
2360 5569 2655 5638 Delphinus
2691 5583 2810 5622 cum
2844 5563 3131 5639 Sagittario
3166 5570 3244 5615 t0-

1705 5679 1790 5723 lus
1836 5668 2076 5719 exoritur
2107 5681 2134 5719 ιι
2172 5673 2321 5736 parte
2367 5663 2539 5732 ipsius
2570 5660 2842 5720 vicesima,
2889 5655 2954 5710 ad
2995 5663 3240 5725 quartam

1705 5769 1757 5816 et
1782 5759 2111 5816 vicesimam.
