4008 6328
35 440 111 494 l9
996 431 1359 523 IllPPAttClll
1399 434 1488 493 AD
1528 398 1972 495 manentem
2013 439 2136 511 LIB.
2173 428 2235 493 ιι.

3082 440 3223 497 1090

38 555 365 625 ἀγνόημα
390 571 401 583 ·
440 554 531 607 καὶ
568 553 647 605 δεῖ
682 568 762 605 τοι
796 551 829 622 ἢ
861 552 934 615 ὡς
974 553 1176 616 ἐκεῖνός
1208 570 1337 624 φησι
1367 554 1561 624 γράφε-

1672 555 1844 608 ciunt.
1870 552 2004 606 Hinc
2033 553 2244 606 Attalus
2265 560 2413 605 recte
2450 551 2549 604 hoc
2585 551 2796 620 quidem
2830 552 3220 610 animadvertit

35 662 159 695 τι*

56 803 278 871 Κριῷ
305 803 529 857 ἀνιόντι
558 801 878 872 φαείνεται,
906 799 945 871 ἣ
978 800 1075 854 ἐπι
1114 801 1308 869 Ταύρῳ
1325 808 1341 835 δ

36 892 95 963 νὴ
145 894 279 947 Δία
310 893 479 957 οὕτως
499 910 513 923 ο

54 985 270 1052 Κριῷ
294 985 570 1053 λήγουσα
595 983 893 1052 φαείνεται
919 999 933 1014 ⁸

36 1089 117 1124 τε
158 1072 271 1139 τὺ,
295 1071 588 1141 λήγουσα.
620 1072 709 1124 ἐπὶ
735 1073 832 1143 τὴν
865 1071 1036 1143 ζώνην
1062 1070 1439 1143 ἀναφέρεσθαι.
1476 1072 1575 1144 A_é-

36 1163 102 1214 35
152 1163 431 1232 μέντοιγε
472 1164 631 1217 αὑτὸν
660 1164 721 1217 τὸ
751 1163 993 1233 βούλημα
1030 1163 1121 1216 τοῦ
1151 1162 1372 1233 ποιητοῦ
1396 1162 1486 1215 καὶ
1518 1164 1574 1214 ὲν

36 1253 249 1315 ὅτοις.
289 1254 453 1320 Λέγει
489 1252 595 1323 γὰρ
626 1253 821 1315 οὕτως·
867 1252 1052 1322 Ἡμεῖς
1089 1253 1292 1322 μέντοι
1339 1253 1437 1305 καὶ
1478 1252 1575 1305 ἐπὶ

36 1348 192 1409 ύτῳ
230 1344 323 1410 τῷ
340 1362 403 1398 τε
429 1344 639 1413 ποιητῇ
664 1344 991 1414 συμφώνως
1017 1345 1112 1398 καὶ
1150 1326 1271 1410 τοῖς
1302 1344 1575 1412 φαινομέ-

36 1454 103 1501 ις
150 1437 524 1502 ἀκολούθως
548 1438 781 1505 οἰόμεθα
804 1434 929 1489 δεῖν
957 1434 1283 1503 γράφεσθαι
1312 1434 1379 1487 τὸ
1406 1434 1574 1501 ποίη-

36 1542 41 1573 ;
78 1525 223 1578 τὸν
265 1528 486 1594 τρόπον
510 1524 749 1578 τοῦτον·

36 1638 150 1705 άτὴ
189 1639 279 1692 δὲ
304 1638 469 1705 ζώνη,
498 1642 595 1692 καί
633 1640 683 1691 κ’
707 1637 1045 1706 ἀμφήριστα
1075 1636 1330 1703 πέλοιτο,

71 1710 272 1777 Κριῷ
297 1710 523 1762 ἀνιόντι
550 1708 867 1777 φαείνεται,
901 1707 937 1775 ἢ
970 1706 1066 1759 ἐπὶ
1104 1710 1317 1776 Ταύρῳ.

38 1796 103 1830 ιν
153 1778 259 1843 τῷ
296 1778 602 1846 πασσυδίῃ
631 1778 1032 1831 ἀνελίσσεται.

1668 653 1928 700 erratum.
1974 644 2049 698 “Et
2073 645 2293 700 omnino
2320 644 2424 706 vel,
2474 651 2532 696 ut
2558 644 2634 696 illi
2659 644 2853 712 placet,
2896 646 2967 697 ita
2998 644 3217 698 conlur-

1669 736 1899 791 mandus
1925 745 2010 791 est
2038 735 2127 790 ille
2154 750 2344 790 versus
2378 754 2390 788 :

1672 825 1749 879 An
1781 826 1874 880 sub
1901 828 2077 881 Ariete
2105 828 2404 881 ascendente
2440 834 2708 894 appareat,
2741 824 2816 878 vel
2844 824 2935 877 sub
2964 822 3157 888 Tauro,

1670 915 1754 969 vel
1777 915 1829 968 in
1869 914 2013 968 hunc
2050 924 2196 969 certe
2227 914 2475 967 modum:

1670 1003 1751 1055 An
1781 1002 1873 1056 sub
1908 1004 2083 1057 Ariete
2112 1004 2348 1057 desinens
2389 1014 2661 1071 appareat,

1673 1104 1731 1149 ut
1778 1097 2114 1165 participium
2172 1097 2405 1149 desinens
2476 1096 2541 1149 ad
2597 1097 2869 1165 cingulum
2930 1096 3212 1165 pertineat.

1672 1186 2033 1243 Nihilominus
2059 1198 2239 1242 tamen
2270 1205 2299 1240 ιι
2330 1195 2498 1257 poeta:
2535 1189 2801 1241 sententia
2834 1190 2993 1241 etiam
3028 1188 3080 1240 in
3130 1188 3215 1241 liis

1675 1278 1906 1333 aberrat.
1931 1281 2006 1332 lta
2033 1280 2229 1348 quippe
2260 1278 2449 1333 scribit
2507 1296 2519 1330 :
2562 1276 2671 1357 Nps
2702 1290 2874 1331 autem
2917 1280 2970 1331 in
3002 1295 3059 1332 eo
3090 1295 3217 1331 con-

1674 1382 1909 1423 sentanee
1951 1387 2063 1423 cum
2095 1379 2266 1437 poeta,
2301 1378 2347 1421 et
2397 1370 2756 1438 apparentium
2802 1370 2906 1437 [ide
2961 1371 3217 1431 credimus

1674 1458 1749 1511 ita
1774 1475 1944 1512 versus
1973 1459 2092 1512 illos
2116 1476 2225 1512 esse
2248 1460 2539 1513 scribendos
2561 1474 2578 1511 :

1676 1632 1863 1707 Ipsum
1887 1644 2059 1707 autem
2088 1637 2349 1704 cingulum
2379 1638 2536 1689 etiam
2560 1639 2858 1707 ambiguum
2886 1642 3047 1707 fuerit

1675 1704 1753 1773 An
1783 1704 1874 1755 sub
1905 1706 2078 1757 Ariete
2104 1708 2407 1759 ascendente
2434 1704 2797 1773 appareat,'an
2830 1704 2921 1761 sub
2950 1711 3144 1765 Tauro.

1675 1772 1804 1825 Cum
1833 1790 1933 1842 quo
1960 1776 2266 1828 cumulatim
2296 1772 2593 1830 revolvitur.

36 1886 169 1939 Γπεὶ
228 1886 380 1954 γὰρ,
403 1884 731 1953 μέλλοντος
766 1883 871 1938 τοῦ
908 1883 1089 1952 Κριοῦ
1128 1882 1506 1947 ἀνατέλλειν,
1540 1885 1568 1937 d

1743 1884 1872 1938 Cum
1899 1886 2035 1938 enim
2064 1886 2291 1941 instante
2309 1890 2498 1943 Arietis
2522 1901 2661 1954 ortu,
2689 1891 2904 1946 Perseus
2935 1895 3069 1947 citra
3095 1912 3216 1948 con-

36 1978 283 2045 ςρσεὺς
313 1976 790 2045 ὁμολογουμένως
819 1977 993 2046 μέχρι
1037 1975 1153 2029 τῶν
1193 1976 1364 2045 ὤμων
1388 1976 1570 2044 ἐκφα-

36 2089 96 2136 ις
150 2071 418 2139 γίνεται·
460 2069 577 2137 ἅμα
617 2068 684 2120 δὲ
728 2067 808 2132 τῷ
852 2067 1143 2136 ἄρξασθαι
1182 2067 1573 2136 ἀναφέρεσθαι

36 2179 88 2212 »ν
132 2160 361 2227 Κριὸν,
392 2160 605 2226 εὐθέως
631 2160 886 2228 ἔκδηλος
924 2162 971 2229 ἡ
996 2160 1099 2214 τοῦ
1128 2160 1397 2228 Περσέως
1427 2156 1571 2227 ζώνη

39 2270 264 2317 retas,
300 2252 396 2306 διὰ
434 2253 498 2307 τὸ
531 2252 729 2321 βραχὺ
767 2252 1072 2317 παντελῶς
1117 2252 1573 2321 παραλλάσσειν

36 2344 98 2411 ig-
132 2345 258 2398 τοῦ
288 2344 465 2412 Κριοῦ
495 2345 686 2415 ἀρχῆς
716 2346 826 2413 τὴν
858 2345 1043 2413 φάσιν
1069 2343 1256 2411 αὐτῆς
1275 2362 1287 2374 ·
1319 2342 1572 2404 διστάζει

36 2434 270 2502 ότερον
299 2436 449 2489 κατὰ
475 2435 586 2503 τὴν
616 2435 720 2489 τοῦ
758 2434 932 2501 Κριοῦ
955 2432 1287 2502 μέλλοντος
1326 2432 1573 2485 ἀνατέλ-

37 2543 136 2577 ειν
182 2525 388 2595 ἀρχὴν
422 2528 708 2593 ὑπόθηται
741 2525 965 2593 φανερὰ
988 2524 1029 2555 ⁸³
1069 2523 1185 2591 ἤδη
1220 2524 1504 2592 γίνεσθαι·
1530 2524 1567 2591 ἢ

36 2615 101 2667 πὶ
149 2616 221 2666 τὸ
255 2615 488 2685 μᾶλλον
530 2618 999 2686 ὁμολογούμενον
1026 2617 1172 2685 ἔλθῃ
1194 2633 1206 2645 ·
1236 2614 1383 2668 διότι
1407 2655 1420 2679 ,
1466 2614 1569 2667 τοῦ

36 2706 251 2770 "aii-pou
289 2705 615 2773 μέλλοντος
663 2708 1091 2776 ἀναφέρεσθαι,
1129 2707 1392 2775 ἐκφανής
1439 2709 1569 2760 ἐστι

36 2792 111 2845 οῦ
137 2795 417 2864 Περσέως
452 2800 489 2866 ἡ
530 2796 674 2866 ζώνη
701 2800 850 2867 μετὰ
884 2800 987 2853 τοῦ
1029 2800 1239 2853 λοιποῦ
1279 2798 1565 2867 σώματος.

36 2886 109 2938 Cal
136 2887 359 2941 τοῦτον
397 2890 503 2942 τὸν
530 2893 748 2957 τρόπον
786 2892 1153 2961 γραφομένου
1181 2891 1285 2945 τοῦ
1324 2890 1571 2959 ποιήμα-

1675 1974 1976 2027 troversiam
2016 1976 2238 2028 humeris
2280 1987 2425 2030 tenus
2449 1990 2729 2044 appareat;
2761 1983 3073 2052 simulatque
3102 2002 3215 2038 vero

1673 2064 1821 2129 cwpit
1880 2062 2029 2116 Aries
2086 2062 2377 2128 ascendere,
2420 2069 2595 2118 statim
2642 2072 2921 2138 conspicua
2963 2073 3031 2124 sit
3085 2092 3217 2128 zona

1677 2153 1874 2220 Persei,
1931 2171 2025 2222 pro
2066 2173 2124 2209 eo
2177 2156 2311 2225 quod
2344 2159 2681 2227 perpusillum
2731 2160 2794 2212 ab
2840 2163 3031 2217 Arietis
3065 2167 3215 2218 initio

1675 2244 1833 2300 distet
1863 2246 2005 2300 illius
2030 2249 2320 2314 apparitio;
2342 2249 2558 2319 ambigit
2587 2261 2756 2319 poeta,
2788 2268 2917 2313 num,
2945 2255 3038 2306 sub
3060 2257 3214 2311 Arie-

1678 2339 1741 2391 tis
1777 2340 1917 2391 ortui
1942 2341 2399 2408 appropinquantis
2432 2341 2636 2393 initium
2658 2358 2902 2408 apparere
2928 2344 3043 2412 jam
3066 2347 3216 2399 illaut

1677 2440 1897 2493 asserat,
1938 2447 2004 2482 an
2044 2430 2098 2482 id
2144 2440 2349 2498 usurpet
2387 2434 2577 2499 potius,
2626 2436 2761 2501 quod
2791 2437 2841 2487 in
2874 2437 3105 2504 confesso
3142 2448 3218 2492 est

1677 2520 1919 2585 maxime,
1993 2522 2219 2575 instante
2268 2522 2430 2574 Tauri
2471 2535 2693 2587 exortu,
2743 2542 2990 2595 apparere
3040 2529 3219 2584 Persei

1678 2610 1937 2679 cingulum
1966 2628 2071 2664 una
2098 2629 2211 2665 cum
2240 2615 2434 2682 reliquo
2468 2630 2697 2683 corpore.
2733 2619 2898 2687 Atque
2925 2619 3019 2687 hoc
3066 2623 3217 2675 modo

1675 2702 1928 2768 conceptis
1971 2704 2327 2767 carminibus,
2370 2720 2485 2755 cum
2533 2706 2597 2758 iis
2648 2708 2917 2776 integritas
2951 2726 3047 2761 sua
3095 2728 3219 2765 con-

1674 2791 1851 2853 stabit,
1885 2802 1993 2843 tum
2022 2793 2084 2846 de
2105 2795 2311 2863 cingulo
2342 2805 2493 2861 poeta
2532 2813 2632 2849 non
2667 2798 2835 2850 solum
2860 2800 3099 2865 scienter,
3126 2780 3231 2857 sed

1675 2886 1832 2937 etiam
1871 2894 2051 2938 exacte
2090 2889 2361 2952 scripsisse
2390 2888 2664 2941 videbitur.

36 2999 121 3047 ος,
171 2982 251 3035 τά
300 3000 363 3037 τε
404 2986 736 3054 γραφόμενα
785 2987 1151 3055 σωθήσεται,
1199 2988 1297 3040 καὶ
1351 2988 1423 3039 τα
1460 2982 1591 3051 περὶ
1644 2978 1774 3047 τῆς·
1809 2977 1988 3047 ᾅῦνης
2020 2982 2051 3033 ό
2085 2980 2331 3049 ποιητὴς
2372 2985 2441 3035 οὐ
2481 2985 2671 3051 μόναν
2708 2985 3023 3054 ἐμπείρως,
3058 2988 3216 3042 ἀλλὰ

36 3072 97 3125 αὶ
128 3073 393 3142 ἀκριϐῶς
416 3075 805 3145 ἐξηγούμενος
834 3076 909 3131 ἂν
935 3080 1219 3147 φαίνοιτο.

67 3186 174 3240 ΙΖ’.
220 3188 449 3259 Πρῶτον
484 3189 579 3259 μὲν
611 3185 703 3243 οὖν
733 3190 819 3243 διὰ
847 3191 1047 3245 τούτων
1076 3196 1103 3246 ὁ
1140 3193 1393 3257 Ἄτταλος
1436 3195 1568 3247 ἀπο-

1742 3178 1899 3234 XVII.
1918 3177 2022 3243 Sed
2051 3170 2300 3247 inprimis
2316 3178 2476 3232 Attali
2498 3179 2761 3235 liiBSllallO
2790 3182 2877 3234 illa
2902 3198 2967 3235 ex
2995 3197 3059 3237 eo
3090 3197 3216 3253 pro-

38 3280 87 3329 εἰ
114 3280 187 3345 δ’,
221 3278 463 3350 νομίζων
510 3282 600 3333 ἐπὶ
634 3282 880 3335 τοσοῦτον
929 3284 1023 3354 τὴν
1061 3284 1340 3355 ἀκρίϐειαν
1377 3287 1433 3337 ἐν
1462 3287 1570 3347 τοῖς

41 3373 365 3441 αινομένοιςι
391 3374 493 3425 ὑπὸ
537 3375 759 3446 Ἀράτου
794 3374 1090 3444 διειλῆφθαι
1116 3417 1130 3439 ,
1157 3374 1293 3428 ὥστε
1321 3376 1447 3446 περὶ
1473 3377 1569 3428 αὐ-

38 3463 109 3513 ὦν
143 3465 255 3515 τῶν
289 3465 348 3516 ὲν
384 3467 448 3533 τῇ
474 3463 614 3537 ζώνῃ
642 3465 733 3517 τοῦ
766 3467 1016 3537 Περσέως
1054 3467 1296 3537 ἀστέρων
1337 3466 1568 3529 διστάζει

38 3553 58 3602 ὃ
91 3555 331 3624 πότερον
374 3554 472 3623 τῆς
507 3556 678 3624 ἀρχῆς
720 3557 811 3608 τοῦ
858 3558 1027 3626 Κριοῦ
1066 3560 1149 3609 ἐπ’
1192 3558 1452 3627 ἀνατολῆς
1482 3558 1570 3609 οὖ-

38 3660 101 3711 ης
126 3684 139 3705 ,
173 3645 273 3697 καὶ
304 3645 440 3713 αὑτὴ
470 3645 567 3716 ήδη
599 3648 803 3716 φανερά
836 3648 980 3700 ἐστιν
1016 3650 1113 3701 σὺν
1142 3653 1248 3712 τοῖς
1279 3648 1446 3719 ὤμοις
1477 3653 1570 3703 καὶ

38 3733 65 3799 ᾗ
93 3734 335 3803 κεφαλῇ,
439 3736 553 3805 μετ’
580 3736 773 3804 ὀλίγον.
807 3735 987 3807 Χωρὶς
1018 3737 1124 3808 γὰρ
1155 3737 1247 3790 τοῦ
1276 3740 1570 3810 ὁλοσχερῶς

38 3824 82 3894 ιη
114 3827 279 3895 μόνον
307 3829 397 3881 τὸν
433 3830 682 3901 Ἄρατον,
717 3830 851 3883 ἀλλὰ
890 3833 981 3884 καὶ
1010 3832 1101 3895 τὸν
1129 3832 1352 3897 Εὔδοξον
1379 3836 1435 3886 ἐν
1460 3837 1569 3897 τοῖς

38 3915 361 3983 ναινομένοις
393 3917 841 3989 ἀναστρέφεσθαι,
871 3920 1120 3991 καθάπερ
1148 3921 1564 3993 ἐπιδεδείχαμεν,

38 4020 85 4056 τι
110 4008 203 4059 καὶ
230 4010 293 4062 οὐ
324 4009 478 4079 μόνον
502 4013 591 4063 ἐπὶ
622 4015 719 4081 τῆς
750 4011 843 4065 τοῦ
864 4014 1116 4084 Περσέως
1140 4012 1311 4085 ζώνης
1340 4015 1481 4067 τοῦτ’
1502 4016 1567 4069 ἂν

37 4098 157 4189 παρὰ
190 4099 273 4169 τῷ
328 4101 537 4171 Ἀράτῳ
564 4102 880 4167 διστάζοιτο,
914 4104 1046 4157 ἀλλά
1079 4106 1175 4189 καί
1214 4107 1304 4157 ἐπὶ
1354 4105 1569 4159 πάντων

39 4191 55 4233 δ’
80 4187 112 4255 ἢ
143 4190 241 4241 καὶ
274 4191 485 4243 πλείοσι
514 4191 717 4256 ζωδίοις
746 4187 1235 4249 συνανατελλόντνων
1260 4197 1328 4250 δ’.
1360 4199 1402 4249 Τ
1407 4198 1569 4263 ελέως

39 4275 60 4324 5'
89 4276 131 4307 ⁸³
158 4282 382 4348 ἀγνοεῖν
413 4282 609 4345 δόξειεν
654 4285 683 4336 ὁ
732 4286 986 4350 ’Ἄτταλος
1033 4288 1123 4340 καὶ
1156 4288 1222 4340 τὰ
1254 4290 1566 4359 φαινόμενα,

39 4364 413 4440 ὅτιολαμϐἀνων
458 4372 594 4425 κατά
641 4374 893 4445 ἀλήθειαν
939 4377 1109 4441 οὕτως
1155 4375 1292 4431 εἶναι
1329 4380 1569 4445 διεινταζό⁴

40 4472 145 4511 Lava
176 4465 310 4535 περὶ
343 4464 440 4534 τὴν
469 4463 640 4535 ζώνην
676 4467 769 4518 τοῦ
801 4469 1070 4539 Περσέως,
1104 4470 1351 4541 καθάπερ
1389 4472 1568 4545 προεί-

40 4564 193 4616 >ηκεν.
232 4556 310 4607 Οὐ
346 4556 452 4627 γὰρ
493 4557 626 4626 μόνη
673 4559 705 4626 ἡ
752 4557 891 4629 ζώνη
924 4560 1015 4612 τοῦ
1047 4562 1294 4633 Περσέως
1322 4564 1564 4632 φαίνεται

40 4641 149 4711 ιπέρ
181 4646 307 4716 γῆν,
341 4648 432 4701 τοῦ
456 4648 624 4718 Κριοῦ
645 4649 940 4720 ἀρχομένου
964 4654 1289 4718 ἀνατέλλειν,
1317 4655 1450 4708 ἀλλά
1473 4658 1565 4708 καὶ

40 4732 129 4794 ilo;
157 4738 344 4805 σχεδὸν
387 4743 415 4793 ὁ
464 4743 724 4811 Περσεὺς,
756 4742 892 4813 πλὴν
927 4744 1019 4795 τοῦ
1070 4748 1359 4817 ἀριστεροῦ
1409 4749 1565 4811 ποδὸς

39 4824 108 4874 (αἱ
154 4827 244 4878 τοῦ
284 4832 526 4897 γόνατος.
583 4834 638 4884 Ὀ
695 4832 791 4902 μὲν
845 4832 951 4903 γὰρ
998 4833 1165 4897 δεξιὸς
1216 4838 1378 4889 αὑτοῦ
1434 4838 1563 4901 ποῦς

40 4921 393 4973 τυνανατέλλει
425 4927 489 4992 τῇ
539 4930 586 4992 η’
634 4924 744 4992 μοί.
780 4924 886 4975 τῶν
937 4924 1171 4994 Ἰχθύων,
1213 4929 1241 4977 ὁ
1286 4928 1341 4979 δὲ
1390 4932 1447 4982 ὲν
1488 4929 1565 4999 τῷ

39 5006 175 5078 δεξιῷ
191 5014 375 5079 γόνατι
399 5016 464 5083 τῇ
489 5015 530 5076 ζ’
556 5016 717 5085 μοίρᾳ
737 5032 750 5046 ⁸
767 5018 794 5068 ὁ
823 5016 877 5068 δὲ
908 5018 964 5068 ὲν
992 5016 1065 5084 τῷ
1090 5017 1355 5088 Γοργονίῳ
1388 5023 1480 5073 καὶ
1498 5024 1561 5091 τῇ

41 5100 276 5175 ιριστερᾷ
323 5107 463 5175 χειρὶ
488 5108 733 5175 κείμενος
760 5108 1003 5179 λαμπρὸς
1040 5112 1231 5181 ἀστὴρ,
1272 5112 1329 5173 ὃς
1374 5114 1564 5183 μικρὸν

42 5199 333 5263 προηγεῖται
369 5196 459 5249 τοῦ
502 5198 787 5267 ἀριστεροῦ
841 5202 1039 5272 μηροῦ,
1094 5206 1157 5271 τῇ
1214 5210 1277 5269 ιγ’
1316 5205 1420 5272 μοί.
1458 5206 1565 5257 τῶν

44 5282 246 5351 Ἰχθύων
282 5290 735 5359 συναναφέρεταυ·
788 5292 920 5358 μόνη
963 5292 1019 5344 δὲ
1051 5294 1212 5345 αὐτοῦ
1244 5296 1274 5363 ἡ
1306 5296 1565 5365 ἀριστερά

41 5376 200 5446 κνήμη
224 5380 301 5449 τῷ
332 5379 485 5451 Κριῷ
514 5396 657 5430 (mw
681 5378 905 5432 ακελλει.
935 5384 1099 5451 Δῆλον
1124 5380 1234 5442 οὖν.
1264 5385 1342 5437 ὅτι
1387 5386 1567 5452 ἀγνοεῖ

41 5456 189 5526 λέγων
229 5470 297 5521 τά.
331 5486 390 5522 τε
425 5470 717 5540 φαινόμενα
765 5470 1117 5539 σωθήσεσθαι,
1148 5474 1238 5526 καὶ
1276 5472 1363 5525 τὸν
1398 5476 1561 5544 Ἀρα-

42 5565 115 5601 τον
140 5557 406 5631 ἐμπείρως
433 5564 524 5614 καὶ
565 5560 805 5631 ἀκριϐῶς
831 5560 897 5613 τά
920 5565 1045 5631 περὶ
1068 5564 1164 5633 τῆς
1191 5564 1281 5617 τοῦ
1314 5565 1565 5635 Περσέως

42 5639 195 5716 ζώνης
227 5654 503 5718 φανεῖσθαι
532 5654 907 5723 ἐξηγούμενον.

102 5803 139 5834 ⁸⁸
166 5812 412 5878 φανεράν,
484 5812 529 5843 ⁸³
563 5812 604 5879 f.
640 5814 837 5880 ἀγνοεῖ.
910 5811 955 5842 ⁸³
989 5830 1074 5879 πρ.
1111 5814 1256 5879 τέλος
1278 5815 1350 5868 δέ.

1674 3273 1949 3333 liciscitur,
1983 3270 2127 3339 quod
2162 3280 2269 3323 tam
2302 3280 2546 3325 exactum
2594 3274 2644 3324 in
2693 3274 3055 3342 phwnomenis
3100 3290 3219 3344 per-

1670 3363 1971 3419 scriliendis
1995 3366 2218 3417 Aratum
2258 3362 2426 3416 fuisse
2455 3374 2659 3426 censet,
2700 3374 2755 3417 ut
2779 3367 2843 3419 de
2877 3368 3069 3429 stellis,
3100 3384 3218 3436 quze

1670 3454 1867 3507 suntin
1890 3452 2068 3506 Persei
2096 3452 2291 3514 balteo,
2316 3452 2545 3515 dubitet,
2572 3462 2748 3504 utrum
2768 3453 2965 3507 Arietis
2985 3456 3138 3508 initio
3160 3460 3217 3510 in

1669 3541 1878 3594 oriente
1907 3542 2225 3601 constituto,
2250 3540 2575 3606 conspicuus
2601 3541 2688 3593 ille
2710 3542 2778 3594 sit
2800 3556 2920 3594 cum
2951 3543 3212 3609 humeris,

1669 3638 1720 3685 et
1759 3632 1953 3699 capite,
1996 3647 2064 3682 an
2088 3627 2274 3699 'paulo
2306 3638 2428 3699 past
2457 3639 2728 3699 appareat.
2768 3630 2965 3685 Verum
3004 3645 3062 3686 ut
3102 3634 3217 3687 haec

1668 3722 1931 3786 omittam,
1971 3736 2079 3776 non
2119 3722 2338 3774 Aratum
2371 3722 2567 3783 solum,
2624 3722 2714 3775 sed
2746 3721 3023 3777 Eudoxum
3054 3726 3215 3780 etiam

1671 3814 1867 3883 lpsum,
1911 3813 1967 3866 in
2006 3813 2379 3882 apparentium
2413 3812 2729 3883 explicanda
2764 3815 2977 3869 ratione
3009 3818 3213 3885 pingui,

1669 3906 1811 3975 quod
1833 3907 2003 3969 aiunt,
2031 3905 2267 3959 Minerva
2298 3920 2427 3959 usos
2456 3920 2606 3971 esse;
2639 3919 2747 3958 non
2770 3906 2826 3958 in
2856 3892 3007 3977 127
3032 3904 3215 3961 Persei

1671 4006 1876 4053 tantum
1900 3998 2097 4062 balteo,
2128 3997 2271 4068 apud
2292 3998 2519 4051 Aratum
2544 3998 2649 4052 isto
2664 3998 2823 4053 modo
2840 3999 3172 4077 dubitabitur
3198 4018 3212 4064 ;

1668 4092 1763 4147 sed
1802 4093 1856 4145 in
1891 4092 1959 4146 iis
1996 4092 2249 4147 omnibus
2289 4090 2646 4160 imaginibus.
2687 4106 2804 4159 quae
2841 4105 2962 4143 cum
3002 4091 3215 4145 duobus

1668 4184 1980 4257 pluribusve
2028 4183 2197 4253 signis
2235 4185 2528 4263 oriuntur.
2595 4181 2815 4236 Demum
2851 4197 2978 4235 vero
3015 4186 3212 4239 eccles-

1669 4280 1799 4332 tium
1826 4292 2007 4331 rerum
2044 4275 2287 4330 funditus
2309 4290 2504 4344 expers
2531 4275 2712 4327 haberi
2754 4276 2923 4343 possit
2960 4276 3170 4331 Attalus
3195 4318 3210 4343 ,

1667 4369 1757 4438 qui
1797 4366 2183 4437 reipsacredat
2218 4368 2283 4420 ad
2315 4381 2459 4429 cum,
2499 4380 2658 4435 quem
2697 4365 2951 4429 diximus,
2992 4368 3210 4420 modum

1665 4461 1971 4529 ambiguam
2014 4474 2137 4513 esse
2186 4458 2451 4511 rationem
2489 4458 2712 4513 orientis
2751 4456 2951 4527 Cinguli
3008 4456 3209 4514 Persei.

1597 4542 1639 4596 Ι)
1664 4549 1780 4602 Non
1819 4550 1963 4603 enim
2014 4550 2162 4604 solus
2202 4550 2290 4603 ille
2344 4548 2525 4602 Persei
2566 4548 2774 4602 balteus
2813 4563 2973 4617 supra
3014 4555 3210 4601 terram

1664 4638 1891 4704 exsistit,
1931 4639 2148 4708 quando
2187 4638 2339 4691 Aries
2376 4638 2507 4690 oriri
2546 4636 2753 4706 incipit,
2796 4636 2886 4689 sed
2919 4644 3063 4690 totus
3093 4636 3211 4705 ipse

1663 4732 2049 4800 propemodum
2106 4728 2354 4792 Perseus,
2412 4732 2638 4798 excepto
2666 4729 2811 4797 .pede
2870 4728 3093 4782 sinistro
3145 4744 3208 4781 ac

1663 4837 1822 4891 genu.
1864 4822 2070 4892 Quippe
2110 4823 2298 4876 dexter
2342 4821 2485 4875 illius
2522 4837 2614 4889 pes
2645 4837 2764 4873 eum
2794 4828 2985 4873 octava
3027 4820 3208 4873 oritur

1663 4912 1896 4967 Piscium
1946 4923 2117 4983 parte,
2158 4928 2277 4982 qua:
2317 4922 2492 4964 autem
2548 4913 2686 4965 inest
2729 4912 2781 4964 in
2837 4912 3027 4965 dextro
3066 4927 3207 4979 genu

1666 5008 1839 5071 stella,
1867 5021 1990 5059 cum
2030 5004 2292 5073 septima:
2318 5004 2494 5056 lucida
2526 5017 2687 5072 porro
2736 5018 2855 5072 qum
2882 5013 2964 5057 est
2994 5004 3047 5056 in
3079 5003 3211 5057 Gor-

1665 5102 1845 5166 gonio,
1876 5107 1926 5152 et
1958 5097 2176 5152 sinistra
2206 5111 2389 5160 manu,
2420 5110 2537 5163 qua:
2567 5095 2847 5149 sinistrum
2879 5094 3055 5149 femur
3076 5111 3209 5164 pau—
3254 5092 3257 5095 λ

1666 5190 1831 5242 lulum
1869 5187 2141 5256 praecedit,
2181 5202 2301 5240 cum
2334 5195 2484 5255 parte
2514 5186 2719 5240 decima
2753 5187 2903 5239 tertia
2948 5200 3209 5239 conscen-

1663 5281 1780 5343 dit;
1814 5279 1986 5332 solum
2023 5292 2148 5331 crus
2181 5278 2461 5331 sinistrum
2504 5278 2678 5329 oritur
2705 5291 2827 5327 cum
2854 5274 3051 5329 Ariete.
3085 5274 3208 5327 Fal-

1666 5388 1759 5427 sus
1805 5378 1887 5425 est
1933 5369 2146 5439 itaque,
2204 5385 2325 5423 cum
2379 5377 2431 5423 et
2473 5369 2855 5437 apparentibus
2920 5383 3071 5421 suam
3117 5367 3208 5419 illo

1665 5463 1825 5517 modo
1855 5469 2104 5516 constare
2148 5460 2327 5523 ﬁdem,
2365 5468 2417 5515 et
2454 5460 2677 5511 Aratum
2710 5458 2880 5527 perite
2917 5470 3209 5525 exacteque

1663 5570 1782 5625 quae
1810 5554 1873 5607 ad
1914 5554 2187 5626 cingulum
2228 5554 2454 5610 attinent
2490 5550 3034 5607 Persei'traditurum
3086 5565 3209 5603 esse

1664 5647 1919 5705 defendit.
