4008 6328
22 452 242 513 i095
948 518 951 523 ,
1090 464 1154 523 III
1163 469 1450 533 PPARCHI
1487 473 1579 531 AD
1614 478 1623 533 1

1722 480 2057 538 ΕΝΟΜΕΝΑ
2094 485 2221 541 LIB.
2236 496 2247 537 ξ
2264 487 2325 542 II.
3174 498 3313 557 1094

19 584 195 639 σφι
240 574 427 627 αὐτῶν
449 573 495 637 ⁸9
534 576 768 643 γονάτων
787 594 801 607 ·
829 578 1130 633 ἀνατέλλειν
1165 582 1221 635 δὲ
1270 585 1537 661 τὸΙΚῆτος
1569 607 1623 643 κο

1722 594 1992 661 Lexoriri;
2049 598 2389 667 primumque
2418 599 2684 658 Fluminis
2738 613 2969 673 partem.
3013 606 3144 677 Qua
3188 612 3313 679 qui-

14 662 193 715 τοῦ
229 664 489 736 Ποταμοῦ
528 666 599 719 τά
626 667 839 737 πρῶτα.
888 669 1072 724 Ταῦτα
1111 673 1169 726 δὲ
1209 675 1513 745 συμφώνως
1547 682 1623 733 τοῖ

1759 683 1883 738 dem
1926 662 2067 741 cum—
2084 690 2473 758 apparentibus
2510 662 2873 765 congruenter
2915 698 2986 754 ab
3014 667 3124 757 illis
3160 662 3307 757 dicta

28 758 450 826 φαινομένοις
477 759 566 810 ὑπ’
597 760 773 812 αὐτῶν
802 760 1033 833 εἴρηται.
1252 803 1271 819 κ
1756 782 1905 829 sunt.

167 838 249 898 *Α
304 848 401 917 μὲν
446 843 535 902 οὖν
583 849 753 902 ἐδόκει
788 868 876 921 μοι
926 854 1167 924 χρήσιμα
1212 849 1351 909 εἶναι
1391 854 1501 910 τῶν
1550 856 1658 911 ὑπὸ

46 935 159 986 Ἀ
172 937 349 1006 ράτου
380 938 471 989 καὶ
498 936 731 1019 Εὐδόξου
760 939 1063 1010 λεγομένων
1092 941 1149 993 ὲν
1175 943 1282 1003 τοῖς
1320 943 1654 1013 φαινομένοις

24 1027 500 1095 ἐπισκέψασθαι
537 1045 616 1095 τε,
648 1030 740 1082 καὶ
770 1030 1096 1101 ὑπογράψαι,
1119 1032 1291 1085 ταῦτά
1322 1034 1499 1085 ἐστιν’
1530 1032 1655 1102 ἑξῆς

8 1119 131 1170 -δὲ
180 1120 438 1184 ύποτάξω
464 1123 589 1191 περὶ
628 1123 855 1174 ἑκάστου
883 1122 989 1175 τῶν
1014 1124 1265 1176 ἀπλανῶν
1291 1124 1532 1195 ἀστέρων
1563 1126 1655 1179 ἐπὶ

1825 866 1995 960 Igitur
2021 885 2145 960 qua:
2195 886 2261 926 ex
2300 873 2456 928 Arati
2488 877 2808 950 Eudoxique
2858 881 3092 940 decretis
3140 902 3306 957 super

1754 959 2125 1023 apparentium
2186 961 2398 1018 ratione
2456 966 2618 1036 digna
2680 971 2813 1025 mihi
2862 974 3306 1032 consideratione

1752 1043 2239 1119 observationeque
2270 1052 2386 1106 visa
2418 1064 2569 1118 sunt,
2602 1058 2720 1114 bare
2768 1066 3155 1132 propemodum
3188 1066 3302 1120 fuc-

32 1214 415 1281 κεφαλαίου,
449 1215 553 1269 τίνι
579 1233 637 1269 τε
661 1216 767 1269 τῶν
799 1217 865 1285 ιβ’
896 1218 1095 1280 ζωδίων
1138 1218 1528 1282 συνανατέλλει,
1560 1218 1653 1271 καὶ

10 1305 523 1371 ,συγκαταδύνειο
569 1307 662 1359 καὶ
696 1307 811 1359 ἀπὸ
839 1307 1036 1378 πόστης
1084 1308 1276 1379 μοίρας
1318 1308 1410 1362 τοῦ
1460 1309 1649 1374 ζωδίου

35 1395 420 1466 ἀρξάμενος,
455 1398 557 1457 ἕως
601 1389 800 1467 πόστης
827 1399 886 1450 τὸ
909 1398 1127 1468 ἔσχατον
1147 1400 1439 1465 ἀνατέλλει,
1466 1401 1499 1472 ᾖ
1528 1418 1651 1469 συγ-

36 1476 382 1538 καταδύνει
415 1486 472 1539 ὲν
494 1490 604 1549 τοῖς
627 1488 752 1556 περὶ
775 1487 869 1557 τὴν
916 1487 1134 1540 Ἐλλάδα
1159 1488 1341 1551 τόποις
1360 1506 1371 1517 ·
1399 1490 1491 1542 καὶ
1520 1488 1649 1541 καθ-

40 1575 218 1628 όλου
258 1577 393 1630 ὅπου
435 1578 637 1648 ὲστὶνή
676 1578 898 1648 μεγίστη
928 1577 1110 1648 ἡμέρα
1141 1578 1296 1649 ὡρῶν
1320 1580 1647 1650 ίοημερινῶν

45 1664 137 1718 ιδ’
179 1667 283 1720 καὶ
321 1670 605 1739 ὴμιωρίου.
649 1666 758 1731 Τάς
798 1668 854 1720 δὲ
898 1669 1037 1723 κατά
1083 1669 1249 1739 μέρος
1291 1670 1469 1723 αὐτῶν
1513 1673 1647 1724 ἀπο-

39 1757 289 1825 δείξεις
312 1763 367 1814 ἐν
394 1760 570 1823 ἄλλοις
601 1761 995 1829 συντετάχαμεν
1021 1760 1210 1825 οὕτως,
1238 1761 1375 1815 ὥστε
1402 1764 1460 1815 ὲν
1484 1763 1645 1816 παντὶ

34 1850 244 1920 τόπῳ
292 1849 470 1919 σχεδὸν
521 1848 619 1917 τῆς
665 1850 981 1919 οἰκουμένης
1017 1849 1270 1903 δύνασθαι
1315 1852 1643 1921 παρακολου-

1751 1144 1900 1188 runt.
1927 1134 2195 1208 Deinceps
2233 1156 2359 1195 vero
2390 1140 2457 1197 de
2490 1160 2817 1219 unaquaque
2844 1154 3125 1221 stellarum
3156 1158 3301 1211 iner-

1750 1226 2330 1284 rantiumsummatim
2378 1233 2824 1310 disseramzquo
2871 1258 2994 1298 cum
3024 1245 3182 1317 signo
3234 1250 3301 1305 de

1750 1314 2036 1371 duodecim
2067 1320 2277 1373 oriatur
2333 1331 2426 1377 aut
2476 1327 2726 1396 occidat;
2758 1341 2925 1401 quota
2966 1322 3049 1391 ab
3084 1314 3298 1396 sodiacl

1749 1419 1903 1479 parte
1931 1411 2218 1481 incipiens,
2249 1415 2303 1468 in
2337 1427 2503 1487 quota
2531 1422 2663 1476 oriri
2687 1426 2771 1480 vel
2804 1428 3051 1486 occidere
3080 1434 3297 1489 desinat

1748 1490 1894 1551 circa
1920 1496 2139 1554 Gracia:
2168 1510 2423 1570 tractum,
2455 1516 2547 1561 aut
2584 1511 2889 1583 ubicunque
2919 1520 3153 1575 maxima
3178 1525 3298 1581 dies

1745 1593 1829 1642 est
1886 1587 2142 1645 horarum
2198 1595 2654 1665 aequinoctialium
2707 1608 3117 1673 quatuordecim
3167 1628 3293 1670 cum

1745 1677 1988 1737 dimidia.
2011 1683 2251 1750 Quorum
2296 1692 2541 1746 omnium
2601 1696 2918 1766 singillatim
2953 1701 3294 1761 demonstra-

1744 1768 1943 1825 tionem
1970 1774 2041 1827 ita
2075 1775 2131 1830 in
2161 1778 2281 1834 aliis
2304 1788 2712 1842 commentariis
2744 1794 3113 1861 exposuimus,
3145 1806 3205 1851 ut
3234 1800 3291 1855 in

1743 1863 1891 1914 omni
1933 1863 2046 1918 fere
2076 1876 2341 1923 terrarum
2374 1873 2522 1929 orbis
2557 1878 2674 1932 loco
2708 1891 3023 1949 coortuum,
3049 1896 3102 1942 et
3126 1903 3289 1945 cooc-

26 1940 207 1992 ’Θεῖν
250 1942 371 2002 ταῖς
410 1938 686 2009 διαφοραῖς
733 1938 841 1991 τῶν
890 1940 1253 1995 συνανατολῶν
1298 1942 1392 1994 καὶ
1437 1957 1623 2010 συγκα-

2505 1927 2515 1929 -
2558 1927 2669 1932 η--
2713 1927 3023 1949 ---η-η...
3050 1927 3102 1942 ν.
3126 1927 3231 1944 ..υυη

1739 1963 1966 2008 casuum
1999 1956 2315 2014 discrimina
2338 1972 2487 2019 certa
2512 1971 2692 2037 possis
2712 1974 2920 2038 ratione
2948 1983 3231 2052 consequi.

32 2032 386 2084 ταδύσεων.

138 2122 265 2173 18'.
314 2120 531 2191 Πρῶτον
574 2120 671 2195 μέν
718 2116 809 2173 οὖν
860 2122 1197 2193 ἐκθησόμεθα
1244 2122 1342 2187 τὰς
1388 2123 1496 2177 τῶν
1547 2122 1638 2194 βο-

34 2211 382 2280 ρειοτέρων
421 2212 632 2282 ἄστρων
677 2210 770 2263 τοῦ
830 2209 1089 2273 ζωδιακοῦ
1120 2212 1317 2265 κύκλου
1355 2229 1639 2267 συνανατο-

44 2302 185 2365 λάς
238 2318 295 2354 τε
336 2303 426 2354 καὶ
464 2300 879 2371 ωγκαταδῦσεις
902 2319 914 2332 ·
971 2302 1158 2356 ἔπειτα
1194 2304 1249 2357 δὲ
1280 2304 1378 2368 τάς
1409 2305 1516 2357 τῶν
1548 2322 1635 2359 νο-

42 2394 396 2464 τιωτέρων·
434 2396 525 2446 ἐπὶ
561 2396 692 2449 πᾶσι
722 2394 779 2446 δὲ
825 2394 922 2456 τὰς
949 2394 1055 2447 τῶν
1100 2395 1165 2464 ιβ’
1216 2394 1436 2458 ζωδίων.
1481 2397 1637 2464 Λέγω

44 2487 122 2540 δὲ
173 2487 291 2539 τῶν
317 2486 717 2556 ὴστερισμένων
736 2502 751 2516 ο
782 2486 1075 2555 ἐπειδήπερ
1096 2484 1133 2537 ἀ
1168 2484 1265 2555 μὲν
1296 2484 1514 2553 μείζονα
1543 2488 1634 2540 τό-

52 2595 181 2630 πον
216 2577 401 2646 ἐπέχει
427 2574 518 2629 τοῦ
546 2576 1028 2648 δωδεκατημορίου,
1059 2576 1094 2629 ἃ
1120 2576 1177 2629 δὲ
1205 2576 1481 2631 ἐλάσσονα.
1515 2578 1633 2630 Ἔτι

51 2668 123 2722 δὲ
157 2669 267 2720 καὶ
303 2666 478 2736 πολλῷ
516 2666 637 2720 τινά
691 2668 788 2738 μὲν
834 2666 1159 2739 βορειότερα,
1198 2666 1317 2721 τινά
1364 2667 1421 2721 δὲ
1451 2668 1634 2720 νοτιώ-

30 2770 220 2828 ’τερα
252 2756 376 2811 δντα
408 2755 501 2809 τοῦ
542 2756 824 2820 ζωδιακοῦ,
864 2757 995 2811 πολὺ
1024 2760 1272 2828 προτερεῖ
1292 2758 1384 2813 καὶ
1419 2759 1635 2828 ὕστερεῖ

46 2851 127 2901 ὲν
164 2848 299 2911 ταῖς
330 2848 604 2911 ἀνατολαῖς
636 2849 730 2904 καὶ
784 2850 966 2902 δύσεσι
997 2850 1104 2913 τῶν
1142 2852 1262 2903 κατ’
1288 2850 1425 2903 αύτά
1468 2849 1629 2927 δωδεέ

44 2954 226 3010 κατη
235 2939 449 3011 μορίων.
480 2942 1025 3012 Προσδιασαφησομεν
1068 2942 1123 2997 δὲ
1160 2943 1245 3011 ἐφ’
1277 2944 1502 2997 ἑκάστου
1534 2942 1628 2997 καὶ

46 3033 122 3085 τό
152 3048 228 3084 τε
263 3026 619 3103 μεσουρανοῦν
648 3034 703 3086 ἐν
740 3032 817 3103 τῷ
848 3033 1093 3103 ζωδιακῷ
1123 3033 1302 3105 κύκλῳ
1325 3032 1512 3098 ζώδιον
1536 3037 1628 3089 καὶ

40 3122 170 3191 ’τὴν
213 3125 410 3193 μοῖραν
446 3121 640 3177 αὐτοῦ’
676 3123 809 3193 πρὸς
852 3124 908 3176 δὲ
952 3124 1159 3189 τούτοις
1204 3128 1341 3190 τοὺς
1363 3143 1626 3197 μεσουρα-

53 3215 304 3287 νοῦντας
334 3205 588 3276 ἀπλανεῖς
615 3214 845 3285 ἀστέρας
878 3218 934 3267 ὲν
965 3219 1083 3279 ταῖς
1111 3218 1303 3287 ἀρχαῖς
1326 3219 1419 3270 καὶ
1444 3217 1624 3269 τελευ-

1811 2124 1951 2187 XIX.
1980 2130 2221 2190 Primum
2251 2137 2416 2207 igitur
2444 2141 2740 2200 borealium
2782 2150 3021 2207 siderum
3051 2166 3204 2214 ortus
3234 2169 3287 2214 et

1733 2231 1965 2277 occasus
1984 2226 2403 2295 explicabimus,
2437 2247 2575 2302 quos
2599 2251 2722 2290 cum
2769 2240 2991 2297 zodiaco
3021 2245 3231 2302 faciunt
3264 2268 3281 2305 :

1735 2321 1848 2365 tum
1882 2320 2200 2373 australium
2236 2338 2249 2372 :
2284 2332 2555 2393 postremo
2580 2329 2854 2398 signorum
2876 2334 3118 2403 ipsorum
3145 2338 3283 2395 duo-

1735 2401 2027 2497 decimZDe
2052 2409 2279 2467 stellatis
2306 2413 2465 2484 128
2488 2425 2662 2471 autem
2698 2401 2988 2491 loquimur,
3024 2430 3280 2497 quoniam

1732 2495 1992 2551 nonnulla
2038 2506 2187 2567 sunt,
2220 2518 2341 2572 quae
2389 2508 2706 2576 ampliorem
2754 2495 3075 2571 duodecima
3127 2530 3281 2589 parte

1732 2584 1910 2638 locum
1966 2599 2255 2659 occupant,
2285 2597 2532 2664 quaedam
2592 2604 2875 2659 minorem.
2920 2584 3143 2664 Deinde-
3171 2612 3277 2667 alia

1731 2671 1898 2769 longe
1932 2678 2106 2743 magis
2153 2680 2221 2734 ad
2268 2688 2667 2753 septentriones
2691 2730 2705 2753 ,
2740 2699 3077 2767 austrumve,
3113 2715 3276 2769 quam

1726 2763 2004 2828 zodiacus,
2027 2772 2325 2838 vergentia,
2357 2775 2520 2845 longo
2550 2778 2736 2833 itidem
2779 2763 3276 2851 spatio-dodecate-

1728 2855 1901 2909 moria
1934 2870 2031 2910 sua
2064 2871 2409 2929 praavertunt,
2440 2875 2534 2920 aut
2566 2879 2886 2938 sequuntur.
2922 2872 3187 2939 Pmterea
3216 2881 3274 2937 in

1728 2945 1956 3016 singulis
1983 2964 2311 3019 exponemus
2325 2958 2467 3026 quod
2494 2960 2705 3030 signum
2733 2962 2785 3016 in
2814 2966 3035 3022 zodiaco
3063 2970 3272 3027 circulo

1725 3042 1960 3095 medium
2000 3046 2124 3099 cmli
2156 3054 2355 3115 teneat,
2389 3059 2442 3105 et
2485 3067 2728 3121 quaenam
2759 3071 2883 3125 pars
2922 3058 3086 3116 illius.
3138 3063 3268 3118 Item

1722 3147 1969 3201 quaenam
1996 3137 2221 3192 ﬁxarum
2244 3142 2523 3197 stellarum
2556 3147 2854 3203 culminent
2892 3152 2946 3204 in
2980 3160 3199 3208 ortuum
3216 3164 3271 3210 et

1722 3238 2015 3281 occasuum
2041 3229 2231 3294 initiis,
2258 3247 2321 3286 ac
2349 3233 2546 3290 ﬁnibus
2575 3238 2771 3294 sideris
2803 3242 3126 3311 cujuslibet;
3146 3254 3262 3299 tum

53 3308 191 3367 ταῖς
250 3302 357 3363 τῶν
391 3304 661 3357 ἀνατολῶν
701 3304 792 3358 καὶ
818 3305 1019 3360 δύσεων
1054 3307 1361 3378 οἱουδήποτε
1388 3310 1585 3378 ἄστρου
1606 3325 1620 3339 ·

1725 3324 1855 3383 quot
1884 3317 2143 3374 horarum
2165 3325 2510 3392 aaquabilium
2549 3331 2725 3397 spatio
2746 3292 3166 3406 unumquodque
3193 3339 3268 3392 si-

48 3396 162 3447 καὶ
216 3394 298 3448 ἑτι
340 3396 398 3448 ὲν
436 3394 629 3458 πόσαις
657 3394 823 3467 ὥραις
866 3400 1199 3469 ίσημεριναῖς
1250 3398 1473 3451 ἕκαστον
1516 3398 1622 3452 τῶν

53 3487 296 3555 ἄστρων
335 3485 367 3556 ἢ
403 3486 567 3549 δύνει,
619 3486 652 3557 ἢ
697 3487 986 3542 ἀνατέλλει.
1025 3490 1288 3542 Ἔκαστον
1331 3489 1387 3541 δὲ
1422 3488 1621 3542 τούτων

48 3578 474 3647 ῖιασαφήσομεν
490 3570 627 3630 κατά
664 3580 1018 3649 συνεγγισμὸν
1044 3580 1148 3644 ἕως
1179 3581 1464 3652 ἀδιαφόρου
1490 3598 1621 3651 παρ-

50 3665 334 3738 αλλαγῆς.
369 3666 509 3718 Διότι
554 3665 661 3736 γάρ
698 3667 730 3736 ἡ
778 3667 997 3739 τοιαύτη
1042 3670 1391 3740 πραγματεία
1444 3671 1619 3743 πολλῷ

46 3774 114 3809 τε
153 3748 277 3807 τῶν
314 3756 414 3810 ὑπὸ
458 3758 564 3811 τῶν
600 3757 839 3830 ἀρχαίων
870 3760 1306 3831 συντεταγμένων
1343 3763 1488 3817 ἐστὶν
1526 3765 1617 3818 εύ-

44 3848 428 3919 χρηστοτέρα,
474 3850 566 3903 καὶ
621 3851 753 3923 πρὸς
811 3851 977 3906 πολλά
1020 3854 1275 3908 συντείνει
1328 3855 1434 3908 τῶν
1478 3857 1617 3910 κατά

44 3938 425 4008 ἀστρολογίαν
469 3939 832 4012 Θεωρημάτων
850 3980 865 4006 ,
917 3942 1307 4014 εὐκατανόητον
1356 3939 1491 3998 εἷναί
1532 3961 1614 3997 σοι

42 4030 298 4100 νομίζω.

139 4146 205 4197 Ὁ
236 4144 335 4215 μὲν
356 4140 446 4199 οὖν
484 4145 696 4218 Βοώτης
725 4146 1098 4220 συνανατέλλει
1130 4146 1207 4217 τῷ
1233 4146 1474 4219 ζωδιακῷ
1505 4148 1611 4203 ἀπὸ

40 4237 157 4307 ’τῆς
188 4235 369 4305 ἀρχῆς
413 4236 512 4305 τῆς
558 4236 831 4308 Παρθένου
882 4238 984 4301 ἕως
1036 4237 1080 4300 ζ’
1129 4237 1218 4290 καὶ
1263 4244 1310 4290 κ’
1347 4238 1454 4308 μοί.
1508 4240 1609 4309 τῆς

52 4325 374 4397 Παρθένουο
422 4330 736 4397 μεσουρανεί
759 4374 765 4382 ,
786 4329 829 4382 δ’
886 4328 1255 4392 ἀνατέλλοντος
1294 4329 1457 4383 αὐτοῦ
1514 4330 1607 4383 τοῦ

60 4414 326 4477 ζωδιακοῦ
354 4417 632 4487 τμήματος
662 4416 769 4469 ἀπὸ
792 4416 998 4489 Ταύρου
1024 4417 1067 4481 ζ’
1097 4416 1191 4470 καὶ
1218 4422 1263 4469 κ’
1296 4417 1403 4486 μοί.
1439 4417 1607 4487 μέσης

58 4505 157 4569 ἕως
187 4505 436 4576 Διδύμων
485 4504 564 4568 κζ’
594 4504 700 4576 μοί.
744 4492 850 4560 καὶ
896 4508 1107 4579 πρῶτος
1154 4507 1251 4577 μὲν
1303 4506 1474 4578 ἀστὴρ
1512 4505 1604 4559 τοῦ

46 4594 271 4648 Ὴοῶτου
321 4595 593 4650 ἀνατέλλει
633 4598 661 4649 ὁ
708 4598 763 4647 ὲν
805 4600 869 4667 τῇ
901 4598 1127 4669 κεφαλῇ,
1156 4600 1377 4668 ἔσχατος
1406 4600 1466 4652 δὲ
1492 4600 1518 4651 ὁ
1547 4600 1604 4649 ὲν

46 4686 130 4754 τῷ
167 4687 329 4757 δεξιῷ
372 4683 511 4742 ποδί.
556 4689 953 4758 Μεσουρανοῦσι
997 4690 1051 4741 δὲ
1084 4688 1189 4742 τῶν
1221 4690 1392 4744 ἄλλων
1444 4690 1599 4743 ἀστέ-

54 4791 189 4840 ρων,
240 4776 543 4847 ἀρχομένου
588 4776 682 4846 μὲν
728 4777 1029 4829 ἀνατέλλειν
1070 4776 1162 4830 τοῦ
1212 4777 1440 4841 Βοώτου,
1480 4780 1508 4831 ὃ
1541 4795 1600 4831 τε

55 4864 340 4937 ἀριστερὸς
367 4860 513 4936 ὦμος
550 4866 641 4920 τοῦ
682 4867 927 4937 Ὠρίωνος
954 4865 1046 4919 καὶ
1077 4868 1104 4919 ὁ
1131 4867 1414 4939 ἀριστερὸς
1444 4867 1597 4931 ποῦς,

46 4951 126 5015 ὡς
169 4954 471 5025 ⁴ίιμιπήχιον
509 4956 911 5027 προηγούμενος
950 4955 1042 5007 τοῦ
1079 4956 1477 5027 μεσημϐρινοῦ·
1509 4958 1601 5029 λή-

56 5058 243 5111 γοντος
283 5045 341 5098 δὲ
384 5046 569 5108 αὑτοῦ,
603 5050 915 5117 μεσουρανεϊ
963 5044 1054 5099 τοῦ
1100 5048 1273 5111 Κυνὸς
1314 5051 1343 5101 δ
1376 5049 1599 5103 ἐπὶτῶν

59 5137 241 5205 ξσχίων
286 5138 552 5207 λαμπρός.
615 5140 906 5212 Ἀνεατέλλει
950 5140 1006 5193 δὲ
1053 5139 1171 5202 ὅλος
1208 5141 1243 5192 δ
1283 5140 1497 5210 Βοώτης
1542 5143 1599 5194 ὲν

55 5224 218 5296 ὥραις
249 5231 585 5299 ίσημεριναῖς
612 5229 757 5283 δυσὶν
790 5232 863 5295 ὼς
896 5232 1137 5301 ἔγγιστα.

122 5336 227 5417 Τοῦ
266 5338 325 5391 δὲ
352 5340 616 5407 Στεφάνου
660 5341 1051 5408 ἀνατέλλοντος,
1086 5344 1455 5399 συνανατέλλει
1478 5346 1593 5417 μὲν

58 5414 201 5494 αὐτῷ
232 5428 326 5480 τοῦ
368 5429 628 5494 ζωδιακοῦ
659 5432 940 5501 τμήματος
977 5435 1084 5487 ἀπὸ
1114 5434 1385 5505 Παρθένου
1426 5436 1469 5500 ζ’
1497 5414 1592 5492 διαὶ

58 5520 103 5564 κ’
138 5516 244 5582 μοί.
290 5519 391 5583 ἕως
427 5522 701 5592 Χηλῶννεν
756 5522 862 5591 μοί.
916 5524 1118 5596 μέσης·
1164 5530 1483 5597 μεσουρανεί
1533 5529 1591 5583 δὲ

61 5603 161 5687 ἀπὸ
217 5607 458 5678 Διδύμων
504 5618 555 5675 ς’
599 5612 689 5665 καὶ
740 5620 786 5666 κ’
823 5614 927 5683 μοί.
986 5617 1154 5686 μέσης
1189 5618 1289 5680 ἕως
1320 5619 1588 5687 Καρκίνου

64 5686 167 5751 μοί.
201 5699 241 5743 ε’
276 5686 461 5765 μέσης.
492 5699 599 5751 Καὶ
631 5701 839 5775 πρῶτος
867 5703 963 5772 μὲν
994 5704 1166 5777 ἀστὴρ
1194 5686 1463 5761 ἀνατέλλει
1492 5708 1585 5763 τοῦ

139 5842 184 5874 ⁸⁸
212 5863 295 5914 π).
334 5849 488 5919 μέχρι
518 5849 621 5903 τῶν

1722 3405 1823 3459 dus
1857 3407 2081 3474 oriatur,
2104 3418 2197 3464 aut
2217 3413 2446 3468 occidat.
2479 3415 2719 3483 Quorum
2760 3425 3000 3481 omnium
3028 3405 3264 3484 rationes

1694 3510 1882 3563 ,quam
1923 3500 2163 3567 proxime
2197 3501 2309 3563 ﬁeri
2355 3508 2559 3593 poterit
2586 3508 2863 3579 inibimus,
2894 3516 3040 3568 nulla
3076 3524 3133 3570 ut
3157 3518 3264 3575 dif-

1718 3588 1944 3644 ferentia
2000 3596 2171 3661 possit
2218 3598 2457 3664 agnosci.
2505 3588 2655 3653 Hanc
2704 3618 2830 3659 vero
2884 3604 3259 3676 traCtationem

1718 3696 1840 3735 cum
1876 3684 2129 3740 omnibus
2182 3687 2249 3741 iis
2282 3703 2402 3758 quae
2450 3690 2519 3743 ab
2551 3693 2788 3763 antiquis
2816 3695 3093 3751 elaborata
3129 3708 3259 3755 sunt
3303 3769 3309 3773 ἓ

1718 3774 1998 3839 hactenus,
2030 3778 2097 3831 ad
2145 3793 2303 3833 usum
2343 3779 2639 3837 faciliorem
2673 3800 2815 3850 esse,
2849 3794 2964 3843 tum
2998 3789 3064 3843 ad
3093 3806 3255 3860 quam

1715 3866 1949 3936 plurima
1990 3868 2042 3921 in
2075 3871 2366 3940 astrologia
2407 3873 2739 3929 theoremata
2778 3880 3065 3946 pertinere,
3096 3882 3258 3939 facile

1678 4034 1681 4040 ‘
1714 3961 1810 4015 abs
1837 3970 1888 4016 te
1921 3962 2269 4019 animadverti
2299 3965 2505 4034 judico.

1730 4184 1733 4185 ν
1779 4159 1963 4229 Itaque
1988 4113 2182 4216 Bootes
2211 4162 2385 4214 oritur
2413 4177 2534 4216 cum
2564 4162 2769 4217 zodiaci
2799 4172 2951 4237 parte
2983 4164 3096 4226 illa.
3128 4179 3251 4235 qua:

1709 4252 1776 4305 ab
1800 4252 1952 4307 initio
1982 4250 2220 4321 Virginis
2246 4252 2453 4323 incipit,
2486 4267 2656 4322 usque
2680 4254 2746 4306 ad
2772 4254 2891 4322 ejus
2922 4263 3128 4324 partem
3157 4256 3244 4311 27.

1706 4342 1975 4397 Culminat
2004 4352 2181 4396 autem
2230 4343 2439 4397 oriente
2485 4343 2579 4397 illo
2625 4344 2834 4398 zodiaci
2887 4355 3245 4415 segmentum,

1704 4431 1955 4499 quodest
2002 4422 2032 4484 a
2084 4430 2245 4485 Tauri
2276 4431 2531 4486 vicesima
2577 4433 2803 4502 septima
2848 4442 3000 4503 parte
3044 4436 3243 4500 media,

1704 4537 1875 4591 usque
1911 4522 1977 4577 ad
2010 4521 2356 4579 Geminorum
2380 4524 2469 4578 27.
2499 4522 2677 4577 Prima
2712 4526 2867 4579 stella
2916 4525 3095 4580 Bootae
3137 4527 3247 4581 ori;

1707 4620 1792 4665 tur
1829 4628 1913 4675 ea,
1944 4614 2063 4682 quae
2086 4622 2168 4668 est
2198 4598 2477 4683 in'capite;
2503 4614 2689 4667 ultima
2712 4629 2830 4683 quae
2855 4624 2938 4670 est
2966 4616 3019 4669 in
3054 4614 3245 4670 dextro

1705 4704 1855 4772 pede.
1887 4705 2125 4758 Aliorum
2148 4704 2421 4777 .siderum,
2449 4712 2628 4759 ortum
2662 4706 2880 4761 ineunte
2912 4704 3094 4769 Boote,
3127 4707 3244 4759 cul-
3326 4744 3330 4751 .

1702 4792 1872 4843 minat
1898 4793 2137 4845 sinister
2194 4792 2452 4846 humerus
2492 4792 2729 4854 Orionis,
2762 4802 2815 4847 et
2864 4794 3082 4848 sinister
3124 4809 3238 4862 pes,

1700 4882 1793 4950 qui
1825 4883 2182 4937 semicubitali
2224 4883 2509 4936 intervallo
2539 4884 2893 4938 meridianum
2940 4885 3241 4950 antecedit;

1702 4974 1805 5029 sub
1851 4982 2004 5029 ortus
2036 4973 2193 5027 ﬁnem
2223 4976 2695 5036 culminatlucida,
2720 4990 2838 5043 qua:
2856 4982 2939 5029 est
2961 4976 3014 5029 in
3039 4976 3241 5033 femore
3322 4998 3326 5005 ί

1696 5064 1876 5118 Canis.
1906 5063 2072 5118 Totus
2092 5065 2269 5120 oritur
2301 5065 2499 5122 Bootes
2523 5066 2671 5119 horis
2702 5067 2813 5121 fere
2831 5066 3040 5122 duabus
3060 5084 3240 5139 aequa-

1699 5156 1860 5210 libus.

1766 5352 1975 5407 Corona
2028 5355 2257 5416 oriente,
2304 5351 2510 5406 zodiaci
2564 5366 2721 5405 arcus
2762 5352 2938 5404 oritur
2986 5367 3015 5405 a
3067 5350 3234 5419 gradu

1694 5441 1929 5513 Virginis
1971 5443 2036 5496 27
2094 5457 2262 5511 usque
2306 5440 2372 5494 ad
2409 5442 2642 5497 medium
2687 5442 2720 5494 5
2758 5441 3077 5501 Chelarum;
3118 5441 3233 5492 cul.

1697 5531 1865 5585 minat
1897 5545 1927 5584 a
1966 5532 2141 5603 medio
2171 5530 2240 5583 27
2269 5530 2652 5591 Geminorum,
2701 5544 2873 5599 usque
2922 5530 2984 5581 ad
3037 5528 3233 5580 Cancri

1692 5621 1928 5675 medium
1982 5602 2035 5675 5“.
2097 5620 2275 5673 Prima
2324 5619 2546 5673 Corona:
2591 5620 2745 5672 stella
2794 5620 2965 5673 oritur
3015 5633 3076 5671 ea
3117 5635 3239 5686 quae

1691 5711 2183 5782 splendidissimam
2229 5710 2514 5783 praecedit,
2545 5710 2733 5765 ultima
2778 5726 2927 5776 vero,
2967 5710 3239 5765 borealior
