  <div class='ocr_page' id='page_1' title='image "/cluster/home/n/w/nwhite01/storage/ocr_20150623/19/pst.000005712045/558.png"; bbox 0 0 4008 6328; ppageno 0'>
   <div class='ocr_carea' id='block_1_1' title="bbox 53 398 178 458">
    <p class='ocr_par' dir='ltr' id='par_1_1' title="bbox 53 398 178 458">
     <span class='ocr_line' id='line_1_1' title="bbox 53 398 178 458; baseline -0.024 0"><span class='ocrx_word' id='word_1_1' title='bbox 53 398 178 458; x_wconf 84' lang='lat'><strong>.085</strong></span> 
     </span>
    </p>
   </div>
   <div class='ocr_carea' id='block_1_2' title="bbox 1003 381 2212 452">
    <p class='ocr_par' dir='ltr' id='par_1_2' title="bbox 1003 381 2212 452">
     <span class='ocr_line' id='line_1_2' title="bbox 1003 381 2212 452; baseline 0.002 -5"><span class='ocrx_word' id='word_1_2' title='bbox 1003 391 1366 448; x_wconf 78' lang='lat' dir='ltr'><strong>HlPPARClll</strong></span> <span class='ocrx_word' id='word_1_3' title='bbox 1395 391 1492 445; x_wconf 82' lang='lat' dir='ltr'><strong>AD</strong></span> <span class='ocrx_word' id='word_1_4' title='bbox 1521 381 1958 450; x_wconf 64' lang='grc' dir='ltr'><strong>ΡυιΕΝθΜΕΝΑ</strong></span> <span class='ocrx_word' id='word_1_5' title='bbox 1994 395 2116 452; x_wconf 73' lang='lat' dir='ltr'><strong>LIB;</strong></span> <span class='ocrx_word' id='word_1_6' title='bbox 2149 395 2212 451; x_wconf 77' lang='lat' dir='ltr'><strong>ll‘.</strong></span> 
     </span>
    </p>
   </div>
   <div class='ocr_carea' id='block_1_3' title="bbox 3089 400 3223 464">
    <p class='ocr_par' dir='ltr' id='par_1_3' title="bbox 3089 400 3223 464">
     <span class='ocr_line' id='line_1_3' title="bbox 3089 400 3223 464; baseline 0 -1"><span class='ocrx_word' id='word_1_7' title='bbox 3089 400 3223 464; x_wconf 64' lang='lat' dir='ltr'><strong>i086</strong></span> 
     </span>
    </p>
   </div>
   <div class='ocr_carea' id='block_1_4' title="bbox 53 489 1598 582">
    <p class='ocr_par' dir='ltr' id='par_1_4' title="bbox 53 504 1596 579">
     <span class='ocr_line' id='line_1_4' title="bbox 53 504 1596 579; baseline -0.007 -14"><span class='ocrx_word' id='word_1_8' title='bbox 53 515 135 565; x_wconf 81' lang='grc' dir='ltr'><strong>ιὲν</strong></span> <span class='ocrx_word' id='word_1_9' title='bbox 186 511 299 579; x_wconf 81' lang='grc' dir='ltr'><strong>γὰρ</strong></span> <span class='ocrx_word' id='word_1_10' title='bbox 338 506 559 570; x_wconf 75' lang='grc' dir='ltr'>Εὔδοξος</span> <span class='ocrx_word' id='word_1_11' title='bbox 722 505 968 576; x_wconf 84' lang='grc' dir='ltr'>Σκορπίῳ</span> <span class='ocrx_word' id='word_1_12' title='bbox 1009 505 1170 576; x_wconf 78' lang='grc' dir='ltr'>φησὶν</span> <span class='ocrx_word' id='word_1_13' title='bbox 1199 504 1596 557; x_wconf 82' lang='grc' dir='ltr'>συνανατέλλειν</span> 
     </span>
    </p>
   </div>
   <div class='ocr_carea' id='block_1_5' title="bbox 1695 489 3226 582">
    <p class='ocr_par' dir='ltr' id='par_1_5' title="bbox 1697 489 3226 582">
     <span class='ocr_line' id='line_1_5' title="bbox 1697 489 3226 582; baseline 0.007 -24"><span class='ocrx_word' id='word_1_14' title='bbox 1697 489 1826 560; x_wconf 72' lang='lat' dir='ltr'><strong>facit</strong></span> <span class='ocrx_word' id='word_1_15' title='bbox 1874 522 1997 561; x_wconf 86' lang='lat' dir='ltr'><strong>cum</strong></span> <span class='ocrx_word' id='word_1_16' title='bbox 2029 507 2256 578; x_wconf 86' lang='lat' dir='ltr'><strong>Scorpio</strong></span> <span class='ocrx_word' id='word_1_17' title='bbox 2287 525 2301 561; x_wconf 91' lang='lat'><strong>:</strong></span> <span class='ocrx_word' id='word_1_18' title='bbox 2331 522 2453 563; x_wconf 91' lang='lat' dir='ltr'><strong>cum</strong></span> <span class='ocrx_word' id='word_1_19' title='bbox 2490 507 2777 581; x_wconf 74' lang='lat' dir='ltr'><strong>Sagittario</strong></span> <span class='ocrx_word' id='word_1_20' title='bbox 2809 511 3071 582; x_wconf 87' lang='lat' dir='ltr'><strong>reliquum</strong></span> <span class='ocrx_word' id='word_1_21' title='bbox 3105 532 3226 569; x_wconf 82' lang='lat' dir='ltr'><strong>cor-</strong></span> 
     </span>
    </p>
   </div>
   <div class='ocr_carea' id='block_1_6' title="bbox 53 593 1591 672">
    <p class='ocr_par' dir='ltr' id='par_1_6' title="bbox 53 593 1591 672">
     <span class='ocr_line' id='line_1_6' title="bbox 53 593 1591 672; baseline -0.006 -19"><span class='ocrx_word' id='word_1_22' title='bbox 53 605 132 672; x_wconf 76' lang='grc' dir='ltr'><strong>τὴν</strong></span> <span class='ocrx_word' id='word_1_23' title='bbox 163 601 344 666; x_wconf 80' lang='grc' dir='ltr'>δεξιὰν</span> <span class='ocrx_word' id='word_1_24' title='bbox 374 599 612 668; x_wconf 82' lang='grc' dir='ltr'>πτέρυγα</span> <span class='ocrx_word' id='word_1_25' title='bbox 654 597 748 648; x_wconf 82' lang='grc' dir='ltr'><strong>τοῦ</strong></span> <span class='ocrx_word' id='word_1_26' title='bbox 788 596 1032 664; x_wconf 79' lang='grc' dir='ltr'>Ὄρνιθος</span> <span class='ocrx_word' id='word_1_27' title='bbox 1057 613 1069 624; x_wconf 92' lang='grc'>·</span> <span class='ocrx_word' id='word_1_28' title='bbox 1105 595 1179 665; x_wconf 80' lang='grc' dir='ltr'>τῷ</span> <span class='ocrx_word' id='word_1_29' title='bbox 1211 595 1266 647; x_wconf 87' lang='grc' dir='ltr'><strong>δὲ</strong></span> <span class='ocrx_word' id='word_1_30' title='bbox 1293 594 1492 666; x_wconf 79' lang='grc' dir='ltr'>Τοξότῃ</span> <span class='ocrx_word' id='word_1_31' title='bbox 1531 593 1591 644; x_wconf 84' lang='grc' dir='ltr'><strong>τὸ</strong></span> 
     </span>
    </p>
   </div>
   <div class='ocr_carea' id='block_1_7' title="bbox 53 680 1592 757">
    <p class='ocr_par' dir='ltr' id='par_1_7' title="bbox 53 680 1592 757">
     <span class='ocr_line' id='line_1_7' title="bbox 53 680 1592 757; baseline -0.006 -13"><span class='ocrx_word' id='word_1_32' title='bbox 53 691 222 745; x_wconf 67' lang='grc' dir='ltr'>ριστὸν</span> <span class='ocrx_word' id='word_1_33' title='bbox 252 689 412 742; x_wconf 85' lang='grc' dir='ltr'>αὑτοῦ</span> <span class='ocrx_word' id='word_1_34' title='bbox 439 688 594 757; x_wconf 82' lang='grc' dir='ltr'>σῶμα</span> <span class='ocrx_word' id='word_1_35' title='bbox 617 705 628 717; x_wconf 95' lang='grc'><strong>·</strong></span> <span class='ocrx_word' id='word_1_36' title='bbox 658 688 718 750; x_wconf 74' lang='grc' dir='ltr'><strong>ἐξ</strong></span> <span class='ocrx_word' id='word_1_37' title='bbox 745 680 818 739; x_wconf 80' lang='grc' dir='ltr'>ὧν</span> <span class='ocrx_word' id='word_1_38' title='bbox 846 686 1021 755; x_wconf 79' lang='grc' dir='ltr'>δῆλον,</span> <span class='ocrx_word' id='word_1_39' title='bbox 1047 686 1126 737; x_wconf 76' lang='grc' dir='ltr'><strong>ὅτι</strong></span> <span class='ocrx_word' id='word_1_40' title='bbox 1149 684 1243 752; x_wconf 76' lang='grc' dir='ltr'><strong>τὴν</strong></span> <span class='ocrx_word' id='word_1_41' title='bbox 1267 683 1438 746; x_wconf 75' lang='grc' dir='ltr'>δεξιὰν</span> <span class='ocrx_word' id='word_1_42' title='bbox 1467 683 1592 735; x_wconf 84' lang='grc' dir='ltr'>πτέ-</span> 
     </span>
    </p>
   </div>
   <div class='ocr_carea' id='block_1_8' title="bbox 53 776 1590 855">
    <p class='ocr_par' dir='ltr' id='par_1_8' title="bbox 53 776 1590 855">
     <span class='ocr_line' id='line_1_8' title="bbox 53 776 1590 855; baseline -0.005 -19"><span class='ocrx_word' id='word_1_43' title='bbox 53 801 178 851; x_wconf 62' lang='grc' dir='ltr'>ῡυγα</span> <span class='ocrx_word' id='word_1_44' title='bbox 210 784 305 836; x_wconf 86' lang='grc' dir='ltr'><strong>τοῦ</strong></span> <span class='ocrx_word' id='word_1_45' title='bbox 339 783 584 855; x_wconf 80' lang='grc' dir='ltr'><strong>Ὄρνιθος</strong></span> <span class='ocrx_word' id='word_1_46' title='bbox 613 776 753 834; x_wconf 84' lang='grc' dir='ltr'>κατὰ</span> <span class='ocrx_word' id='word_1_47' title='bbox 790 781 880 831; x_wconf 83' lang='grc' dir='ltr'><strong>τὸν</strong></span> <span class='ocrx_word' id='word_1_48' title='bbox 911 777 1133 842; x_wconf 70' lang='grc' dir='ltr'>Εὔδοξον</span> <span class='ocrx_word' id='word_1_49' title='bbox 1171 777 1248 829; x_wconf 85' lang='grc' dir='ltr'>δεῖ</span> <span class='ocrx_word' id='word_1_50' title='bbox 1294 777 1403 839; x_wconf 79' lang='grc' dir='ltr'>τοῖς</span> <span class='ocrx_word' id='word_1_51' title='bbox 1433 777 1590 844; x_wconf 78' lang='grc' dir='ltr'>ἐσχά-</span> 
     </span>
    </p>
   </div>
   <div class='ocr_carea' id='block_1_9' title="bbox 53 863 1590 944">
    <p class='ocr_par' dir='ltr' id='par_1_9' title="bbox 53 863 1590 944">
     <span class='ocr_line' id='line_1_9' title="bbox 53 863 1590 944; baseline -0.008 -17"><span class='ocrx_word' id='word_1_52' title='bbox 53 893 146 937; x_wconf 78' lang='grc' dir='ltr'>τοις</span> <span class='ocrx_word' id='word_1_53' title='bbox 200 873 394 944; x_wconf 82' lang='grc' dir='ltr'><strong>μέρεσι</strong></span> <span class='ocrx_word' id='word_1_54' title='bbox 446 870 538 925; x_wconf 87' lang='grc' dir='ltr'><strong>τοῦ</strong></span> <span class='ocrx_word' id='word_1_55' title='bbox 606 869 865 939; x_wconf 88' lang='grc' dir='ltr'>Σκορπίου</span> <span class='ocrx_word' id='word_1_56' title='bbox 925 864 1411 935; x_wconf 81' lang='grc' dir='ltr'><strong>συναναφέρεσθαι·</strong></span> <span class='ocrx_word' id='word_1_57' title='bbox 1465 867 1492 916; x_wconf 88' lang='grc' dir='ltr'>ὁ</span> <span class='ocrx_word' id='word_1_58' title='bbox 1535 863 1590 916; x_wconf 80' lang='grc' dir='ltr'>δὲ</span> 
     </span>
    </p>
   </div>
   <div class='ocr_carea' id='block_1_10' title="bbox 53 953 1588 1031">
    <p class='ocr_par' dir='ltr' id='par_1_10' title="bbox 53 953 1588 1031">
     <span class='ocr_line' id='line_1_10' title="bbox 53 953 1588 1031; baseline -0.004 -18"><span class='ocrx_word' id='word_1_59' title='bbox 53 962 281 1031; x_wconf 73' lang='grc' dir='ltr'>Ἄρατός</span> <span class='ocrx_word' id='word_1_60' title='bbox 306 977 434 1030; x_wconf 83' lang='grc' dir='ltr'>φησι</span> <span class='ocrx_word' id='word_1_61' title='bbox 462 958 537 1028; x_wconf 82' lang='grc' dir='ltr'><strong>τῷ</strong></span> <span class='ocrx_word' id='word_1_62' title='bbox 568 959 765 1027; x_wconf 76' lang='grc' dir='ltr'>Τοξὸτῃ</span> <span class='ocrx_word' id='word_1_63' title='bbox 801 957 954 1026; x_wconf 86' lang='grc' dir='ltr'>μόνον</span> <span class='ocrx_word' id='word_1_64' title='bbox 989 954 1384 1006; x_wconf 86' lang='grc' dir='ltr'>συνανατέλλειν</span> <span class='ocrx_word' id='word_1_65' title='bbox 1411 953 1588 1008; x_wconf 75' lang='grc' dir='ltr'>αὐτόν.</span> 
     </span>
    </p>
   </div>
   <div class='ocr_carea' id='block_1_11' title="bbox 53 1041 1590 1123">
    <p class='ocr_par' dir='ltr' id='par_1_11' title="bbox 53 1041 1590 1123">
     <span class='ocr_line' id='line_1_11' title="bbox 53 1041 1590 1123; baseline -0.008 -18"><span class='ocrx_word' id='word_1_66' title='bbox 53 1053 81 1104; x_wconf 83' lang='grc' dir='ltr'><strong>Γ</strong></span> <span class='ocrx_word' id='word_1_67' title='bbox 85 1057 115 1123; x_wconf 78' lang='grc' dir='ltr'>ᾖ</span> <span class='ocrx_word' id='word_1_68' title='bbox 146 1053 204 1104; x_wconf 81' lang='grc' dir='ltr'>δὲ</span> <span class='ocrx_word' id='word_1_69' title='bbox 235 1050 460 1122; x_wconf 76' lang='grc' dir='ltr'><strong>ἀληθείᾳ</strong></span> <span class='ocrx_word' id='word_1_70' title='bbox 491 1052 536 1102; x_wconf 76' lang='grc' dir='ltr'>οἱ</span> <span class='ocrx_word' id='word_1_71' title='bbox 581 1049 676 1118; x_wconf 82' lang='grc' dir='ltr'><strong>μὲν</strong></span> <span class='ocrx_word' id='word_1_72' title='bbox 700 1049 760 1101; x_wconf 75' lang='grc' dir='ltr'>ἐν</span> <span class='ocrx_word' id='word_1_73' title='bbox 795 1049 935 1118; x_wconf 74' lang='grc' dir='ltr'>ἄκρᾳ</span> <span class='ocrx_word' id='word_1_74' title='bbox 970 1047 1034 1114; x_wconf 83' lang='grc' dir='ltr'>τῇ</span> <span class='ocrx_word' id='word_1_75' title='bbox 1068 1043 1213 1113; x_wconf 81' lang='grc' dir='ltr'>δεξιᾷ</span> <span class='ocrx_word' id='word_1_76' title='bbox 1242 1042 1467 1112; x_wconf 83' lang='grc' dir='ltr'>πτέρυγι</span> <span class='ocrx_word' id='word_1_77' title='bbox 1498 1041 1590 1092; x_wconf 89' lang='grc' dir='ltr'><strong>τοῦ</strong></span> 
     </span>
    </p>
   </div>
   <div class='ocr_carea' id='block_1_12' title="bbox 54 1133 1591 1213">
    <p class='ocr_par' dir='ltr' id='par_1_12' title="bbox 54 1133 1591 1213">
     <span class='ocr_line' id='line_1_12' title="bbox 54 1133 1591 1213; baseline -0.008 -17"><span class='ocrx_word' id='word_1_78' title='bbox 54 1143 302 1213; x_wconf 86' lang='grc' dir='ltr'>Ὀρνιθος</span> <span class='ocrx_word' id='word_1_79' title='bbox 342 1145 450 1205; x_wconf 88' lang='grc' dir='ltr'>τοῖς</span> <span class='ocrx_word' id='word_1_80' title='bbox 481 1143 724 1210; x_wconf 68' lang='grc' dir='ltr'>ἐσχάτοις</span> <span class='ocrx_word' id='word_1_81' title='bbox 765 1138 951 1208; x_wconf 77' lang='grc' dir='ltr'><strong>μέρεσι</strong></span> <span class='ocrx_word' id='word_1_82' title='bbox 997 1137 1102 1188; x_wconf 82' lang='grc' dir='ltr'><strong>τῶν</strong></span> <span class='ocrx_word' id='word_1_83' title='bbox 1143 1133 1333 1203; x_wconf 76' lang='grc' dir='ltr'>Χηλῶν</span> <span class='ocrx_word' id='word_1_84' title='bbox 1368 1148 1591 1183; x_wconf 90' lang='grc' dir='ltr'>συνανα-</span> 
     </span>
    </p>
   </div>
   <div class='ocr_carea' id='block_1_13' title="bbox 53 1216 1590 1308">
    <p class='ocr_par' dir='ltr' id='par_1_13' title="bbox 53 1216 1590 1308">
     <span class='ocr_line' id='line_1_13' title="bbox 53 1216 1590 1308; baseline -0.009 -23"><span class='ocrx_word' id='word_1_85' title='bbox 53 1234 319 1285; x_wconf 78' lang='grc' dir='ltr'>τέλλουσιν</span> <span class='ocrx_word' id='word_1_86' title='bbox 342 1249 356 1308; x_wconf 56' lang='grc' dir='ltr'>ς</span> <span class='ocrx_word' id='word_1_87' title='bbox 381 1216 408 1284; x_wconf 76' lang='grc' dir='ltr'>ὁ</span> <span class='ocrx_word' id='word_1_88' title='bbox 446 1231 501 1283; x_wconf 80' lang='grc' dir='ltr'><strong>δὲ</strong></span> <span class='ocrx_word' id='word_1_89' title='bbox 539 1233 594 1281; x_wconf 81' lang='grc' dir='ltr'><strong>ὲν</strong></span> <span class='ocrx_word' id='word_1_90' title='bbox 619 1230 759 1300; x_wconf 73' lang='grc' dir='ltr'>ἄκρα</span> <span class='ocrx_word' id='word_1_91' title='bbox 786 1231 849 1297; x_wconf 83' lang='grc' dir='ltr'>τῇ</span> <span class='ocrx_word' id='word_1_92' title='bbox 881 1227 1138 1296; x_wconf 79' lang='grc' dir='ltr'>ἅριστερᾷ</span> <span class='ocrx_word' id='word_1_93' title='bbox 1171 1223 1412 1292; x_wconf 75' lang='grc' dir='ltr'><strong>πτέρυγι,</strong></span> <span class='ocrx_word' id='word_1_94' title='bbox 1442 1221 1498 1282; x_wconf 85' lang='grc' dir='ltr'>ὂς</span> <span class='ocrx_word' id='word_1_95' title='bbox 1527 1219 1590 1288; x_wconf 83' lang='grc' dir='ltr'>δὴ</span> 
     </span>
    </p>
   </div>
   <div class='ocr_carea' id='block_1_14' title="bbox 53 1311 1588 1393">
    <p class='ocr_par' dir='ltr' id='par_1_14' title="bbox 53 1311 1588 1393">
     <span class='ocr_line' id='line_1_14' title="bbox 53 1311 1588 1393; baseline -0.007 -18"><span class='ocrx_word' id='word_1_96' title='bbox 53 1325 134 1376; x_wconf 63' lang='grc' dir='ltr'>(αἰ</span> <span class='ocrx_word' id='word_1_97' title='bbox 165 1323 390 1393; x_wconf 70' lang='grc' dir='ltr'>ἔσχατος</span> <span class='ocrx_word' id='word_1_98' title='bbox 414 1321 710 1382; x_wconf 77' lang='grc' dir='ltr'><strong>ἀνατέλλει,</strong></span> <span class='ocrx_word' id='word_1_99' title='bbox 741 1321 803 1388; x_wconf 82' lang='grc' dir='ltr'>τῇ</span> <span class='ocrx_word' id='word_1_100' title='bbox 840 1317 882 1386; x_wconf 80' lang='grc' dir='ltr'><strong>β’</strong></span> <span class='ocrx_word' id='word_1_101' title='bbox 906 1317 998 1368; x_wconf 77' lang='grc' dir='ltr'><strong>καὶ</strong></span> <span class='ocrx_word' id='word_1_102' title='bbox 1032 1323 1076 1369; x_wconf 86' lang='grc' dir='ltr'>κ’</span> <span class='ocrx_word' id='word_1_103' title='bbox 1111 1315 1216 1385; x_wconf 89' lang='grc' dir='ltr'>μοί.</span> <span class='ocrx_word' id='word_1_104' title='bbox 1244 1312 1336 1366; x_wconf 80' lang='grc' dir='ltr'><strong>τοῦ</strong></span> <span class='ocrx_word' id='word_1_105' title='bbox 1367 1311 1588 1376; x_wconf 80' lang='grc' dir='ltr'>Τοξότου</span> 
     </span>
    </p>
   </div>
   <div class='ocr_carea' id='block_1_15' title="bbox 53 1413 490 1481">
    <p class='ocr_par' dir='ltr' id='par_1_15' title="bbox 53 1413 490 1481">
     <span class='ocr_line' id='line_1_15' title="bbox 53 1413 490 1481; baseline -0.005 -17"><span class='ocrx_word' id='word_1_106' title='bbox 53 1413 490 1481; x_wconf 73' lang='grc' dir='ltr'>ςυναναφέρεται.</span> 
     </span>
    </p>
   </div>
   <div class='ocr_carea' id='block_1_16' title="bbox 112 1490 1588 1570">
    <p class='ocr_par' dir='ltr' id='par_1_16' title="bbox 112 1490 1588 1570">
     <span class='ocr_line' id='line_1_16' title="bbox 112 1490 1588 1570; baseline -0.011 -13"><span class='ocrx_word' id='word_1_107' title='bbox 112 1506 212 1557; x_wconf 82' lang='grc' dir='ltr'><strong>1Δ¹.</strong></span> <span class='ocrx_word' id='word_1_108' title='bbox 253 1501 360 1554; x_wconf 93' lang='grc' dir='ltr'><strong>Τοῦ</strong></span> <span class='ocrx_word' id='word_1_109' title='bbox 388 1502 444 1553; x_wconf 84' lang='grc' dir='ltr'><strong>δὲ</strong></span> <span class='ocrx_word' id='word_1_110' title='bbox 484 1499 758 1570; x_wconf 79' lang='grc' dir='ltr'>’Υδροχὸου</span> <span class='ocrx_word' id='word_1_111' title='bbox 803 1495 1096 1568; x_wconf 70' lang='grc' dir='ltr'>ἀρχομένου</span> <span class='ocrx_word' id='word_1_112' title='bbox 1126 1491 1426 1545; x_wconf 83' lang='grc' dir='ltr'>ἀνατέλλειν</span> <span class='ocrx_word' id='word_1_113' title='bbox 1457 1490 1588 1560; x_wconf 78' lang='grc' dir='ltr'>φησὶ</span> 
     </span>
    </p>
   </div>
   <div class='ocr_carea' id='block_1_17' title="bbox 53 1579 1590 1659">
    <p class='ocr_par' dir='ltr' id='par_1_17' title="bbox 53 1579 1590 1659">
     <span class='ocr_line' id='line_1_17' title="bbox 53 1579 1590 1659; baseline -0.01 -13"><span class='ocrx_word' id='word_1_114' title='bbox 53 1591 558 1646; x_wconf 71' lang='grc' dir='ltr'>συνανατεταλκέναι</span> <span class='ocrx_word' id='word_1_115' title='bbox 588 1590 663 1659; x_wconf 81' lang='grc' dir='ltr'>τῷ</span> <span class='ocrx_word' id='word_1_116' title='bbox 703 1580 1099 1655; x_wconf 81' lang='grc' dir='ltr'>Αἰγὸκερῳ’τοῦ</span> <span class='ocrx_word' id='word_1_117' title='bbox 1142 1585 1335 1634; x_wconf 85' lang='grc' dir='ltr'>Ἵππου</span> <span class='ocrx_word' id='word_1_118' title='bbox 1364 1579 1459 1649; x_wconf 82' lang='grc' dir='ltr'><strong>τὴν</strong></span> <span class='ocrx_word' id='word_1_119' title='bbox 1501 1595 1590 1631; x_wconf 82' lang='grc' dir='ltr'>κε-</span> 
     </span>
    </p>
   </div>
   <div class='ocr_carea' id='block_1_18' title="bbox 53 1670 1591 1754">
    <p class='ocr_par' dir='ltr' id='par_1_18' title="bbox 53 1670 1591 1754">
     <span class='ocr_line' id='line_1_18' title="bbox 53 1670 1591 1754; baseline -0.013 -15"><span class='ocrx_word' id='word_1_120' title='bbox 53 1685 218 1754; x_wconf 66' lang='grc' dir='ltr'>φαλὴν</span> <span class='ocrx_word' id='word_1_121' title='bbox 248 1684 341 1738; x_wconf 74' lang='grc' dir='ltr'><strong>καὶ</strong></span> <span class='ocrx_word' id='word_1_122' title='bbox 367 1683 490 1744; x_wconf 71' lang='grc' dir='ltr'>τοὺς</span> <span class='ocrx_word' id='word_1_123' title='bbox 521 1681 706 1742; x_wconf 75' lang='grc' dir='ltr'>πόδας·</span> <span class='ocrx_word' id='word_1_124' title='bbox 737 1678 908 1730; x_wconf 77' lang='grc' dir='ltr'>δύνειν</span> <span class='ocrx_word' id='word_1_125' title='bbox 937 1675 991 1727; x_wconf 79' lang='grc' dir='ltr'><strong>δὲ</strong></span> <span class='ocrx_word' id='word_1_126' title='bbox 1024 1674 1089 1726; x_wconf 75' lang='grc' dir='ltr'>τὰ</span> <span class='ocrx_word' id='word_1_127' title='bbox 1113 1672 1329 1724; x_wconf 80' lang='grc' dir='ltr'>ὀπίσθια</span> <span class='ocrx_word' id='word_1_128' title='bbox 1345 1670 1438 1723; x_wconf 89' lang='grc' dir='ltr'><strong>τοῦ</strong></span> <span class='ocrx_word' id='word_1_129' title='bbox 1463 1670 1591 1721; x_wconf 78' lang='grc' dir='ltr'>Κεν-</span> 
     </span>
    </p>
   </div>
   <div class='ocr_carea' id='block_1_19' title="bbox 1690 597 3226 669">
    <p class='ocr_par' dir='ltr' id='par_1_19' title="bbox 1690 597 3226 669">
     <span class='ocr_line' id='line_1_19' title="bbox 1690 597 3226 669; baseline 0.005 -21"><span class='ocrx_word' id='word_1_130' title='bbox 1690 611 1790 664; x_wconf 88' lang='lat' dir='ltr'><strong>pus</strong></span> <span class='ocrx_word' id='word_1_131' title='bbox 1821 597 1993 664; x_wconf 87' lang='lat' dir='ltr'><strong>ipsius</strong></span> <span class='ocrx_word' id='word_1_132' title='bbox 2026 611 2039 646; x_wconf 90' lang='lat'>:</span> <span class='ocrx_word' id='word_1_133' title='bbox 2084 597 2226 650; x_wconf 90' lang='lat' dir='ltr'><strong>unde</strong></span> <span class='ocrx_word' id='word_1_134' title='bbox 2273 597 2441 666; x_wconf 97' lang='lat' dir='ltr'><strong>liquet</strong></span> <span class='ocrx_word' id='word_1_135' title='bbox 2471 598 2608 651; x_wconf 88' lang='lat' dir='ltr'><strong>alam</strong></span> <span class='ocrx_word' id='word_1_136' title='bbox 2643 597 2810 669; x_wconf 84' lang='lat' dir='ltr'><strong>Cygni</strong></span> <span class='ocrx_word' id='word_1_137' title='bbox 2859 601 3097 655; x_wconf 76' lang='lat' dir='ltr'><strong>dextram</strong></span> <span class='ocrx_word' id='word_1_138' title='bbox 3140 620 3226 658; x_wconf 87' lang='lat' dir='ltr'><strong>se-</strong></span> 
     </span>
    </p>
   </div>
   <div class='ocr_carea' id='block_1_20' title="bbox 1689 685 3224 760">
    <p class='ocr_par' dir='ltr' id='par_1_20' title="bbox 1689 685 3224 760">
     <span class='ocr_line' id='line_1_20' title="bbox 1689 685 3224 760; baseline 0.005 -22"><span class='ocrx_word' id='word_1_139' title='bbox 1689 687 1920 740; x_wconf 88' lang='lat' dir='ltr'><strong>cundum</strong></span> <span class='ocrx_word' id='word_1_140' title='bbox 1947 685 2226 741; x_wconf 78' lang='lat' dir='ltr'><strong>Eudoxum</strong></span> <span class='ocrx_word' id='word_1_141' title='bbox 2257 695 2504 757; x_wconf 76' lang='lat' dir='ltr'><strong>oportere</strong></span> <span class='ocrx_word' id='word_1_142' title='bbox 2539 703 2660 742; x_wconf 92' lang='lat' dir='ltr'><strong>cum</strong></span> <span class='ocrx_word' id='word_1_143' title='bbox 2685 691 2978 759; x_wconf 76' lang='lat' dir='ltr'><strong>postremis</strong></span> <span class='ocrx_word' id='word_1_144' title='bbox 3016 690 3224 760; x_wconf 52' lang='lat' dir='ltr'><strong>Scorpi</strong></span> 
     </span>
    </p>
   </div>
   <div class='ocr_carea' id='block_1_21' title="bbox 1688 776 3225 850">
    <p class='ocr_par' dir='ltr' id='par_1_21' title="bbox 1688 776 3225 850">
     <span class='ocr_line' id='line_1_21' title="bbox 1688 776 3225 850; baseline 0.003 -20"><span class='ocrx_word' id='word_1_145' title='bbox 1688 776 1932 847; x_wconf 88' lang='lat' dir='ltr'><strong>partibus</strong></span> <span class='ocrx_word' id='word_1_146' title='bbox 1965 778 2273 831; x_wconf 73' lang='lat' dir='ltr'><strong>ascendere.</strong></span> <span class='ocrx_word' id='word_1_147' title='bbox 2325 776 2526 832; x_wconf 82' lang='lat' dir='ltr'><strong>Aratus</strong></span> <span class='ocrx_word' id='word_1_148' title='bbox 2590 794 2718 833; x_wconf 87' lang='lat' dir='ltr'><strong>vero</strong></span> <span class='ocrx_word' id='word_1_149' title='bbox 2761 795 2883 836; x_wconf 87' lang='lat' dir='ltr'><strong>cum</strong></span> <span class='ocrx_word' id='word_1_150' title='bbox 2943 778 3225 850; x_wconf 80' lang='lat' dir='ltr'><strong>Sagittario</strong></span> 
     </span>
    </p>
   </div>
   <div class='ocr_carea' id='block_1_22' title="bbox 1687 853 3226 940">
    <p class='ocr_par' dir='ltr' id='par_1_22' title="bbox 1687 853 3226 940">
     <span class='ocr_line' id='line_1_22' title="bbox 1687 853 3226 940; baseline 0.002 -18"><span class='ocrx_word' id='word_1_151' title='bbox 1687 855 1949 922; x_wconf 67' lang='lat' dir='ltr'><strong>duntax&#39;at</strong></span> <span class='ocrx_word' id='word_1_152' title='bbox 1992 868 2243 922; x_wconf 80' lang='lat' dir='ltr'><strong>occidere</strong></span> <span class='ocrx_word' id='word_1_153' title='bbox 2285 867 2459 936; x_wconf 88' lang='lat' dir='ltr'><strong>ipsum</strong></span> <span class='ocrx_word' id='word_1_154' title='bbox 2497 871 2714 926; x_wconf 85' lang='lat' dir='ltr'><strong>asserit.</strong></span> <span class='ocrx_word' id='word_1_155' title='bbox 2747 869 2851 925; x_wconf 83' lang='lat' dir='ltr'><strong>Res</strong></span> <span class='ocrx_word' id='word_1_156' title='bbox 2879 853 3040 940; x_wconf 84' lang='lat' dir='ltr'><strong>porro</strong></span> <span class='ocrx_word' id='word_1_157' title='bbox 3069 873 3138 924; x_wconf 85' lang='lat' dir='ltr'><strong>ita</strong></span> <span class='ocrx_word' id='word_1_158' title='bbox 3167 888 3226 925; x_wconf 87' lang='lat' dir='ltr'><strong>se</strong></span> 
     </span>
    </p>
   </div>
   <div class='ocr_carea' id='block_1_23' title="bbox 1687 959 3225 1031">
    <p class='ocr_par' dir='ltr' id='par_1_23' title="bbox 1687 959 3225 1031">
     <span class='ocr_line' id='line_1_23' title="bbox 1687 959 3225 1031; baseline 0.002 -20"><span class='ocrx_word' id='word_1_159' title='bbox 1687 959 1877 1012; x_wconf 86' lang='lat' dir='ltr'><strong>habet:</strong></span> <span class='ocrx_word' id='word_1_160' title='bbox 1910 974 2029 1028; x_wconf 66' lang='lat' dir='ltr'><strong>quae</strong></span> <span class='ocrx_word' id='word_1_161' title='bbox 2061 959 2118 1013; x_wconf 89' lang='lat' dir='ltr'><strong>in</strong></span> <span class='ocrx_word' id='word_1_162' title='bbox 2146 969 2382 1014; x_wconf 81' lang='lat' dir='ltr'><strong>extrema</strong></span> <span class='ocrx_word' id='word_1_163' title='bbox 2410 967 2538 1013; x_wconf 91' lang='lat' dir='ltr'><strong>sunt</strong></span> <span class='ocrx_word' id='word_1_164' title='bbox 2569 960 2651 1012; x_wconf 88' lang='lat' dir='ltr'><strong>ala</strong></span> <span class='ocrx_word' id='word_1_165' title='bbox 2677 960 2863 1014; x_wconf 78' lang='lat' dir='ltr'><strong>dextra</strong></span> <span class='ocrx_word' id='word_1_166' title='bbox 2885 961 3072 1031; x_wconf 80' lang='lat' dir='ltr'><strong>Cygni,</strong></span> <span class='ocrx_word' id='word_1_167' title='bbox 3102 977 3225 1015; x_wconf 89' lang='lat' dir='ltr'><strong>cum</strong></span> 
     </span>
    </p>
   </div>
   <div class='ocr_carea' id='block_1_24' title="bbox 1687 1047 3228 1118">
    <p class='ocr_par' dir='ltr' id='par_1_24' title="bbox 1687 1047 3228 1118">
     <span class='ocr_line' id='line_1_24' title="bbox 1687 1047 3228 1118; baseline 0 -17"><span class='ocrx_word' id='word_1_168' title='bbox 1687 1048 1942 1101; x_wconf 83' lang='lat' dir='ltr'><strong>extremis</strong></span> <span class='ocrx_word' id='word_1_169' title='bbox 1973 1047 2257 1114; x_wconf 82' lang='lat' dir='ltr'><strong>Chelarum</strong></span> <span class='ocrx_word' id='word_1_170' title='bbox 2292 1048 2534 1118; x_wconf 86' lang='lat' dir='ltr'><strong>partibus</strong></span> <span class='ocrx_word' id='word_1_171' title='bbox 2560 1047 2843 1105; x_wconf 88' lang='lat' dir='ltr'><strong>oriuntur:</strong></span> <span class='ocrx_word' id='word_1_172' title='bbox 2883 1064 3001 1117; x_wconf 73' lang='lat' dir='ltr'><strong>qua:</strong></span> <span class='ocrx_word' id='word_1_173' title='bbox 3042 1049 3098 1101; x_wconf 83' lang='lat' dir='ltr'><strong>in</strong></span> <span class='ocrx_word' id='word_1_174' title='bbox 3134 1065 3228 1102; x_wconf 77' lang='lat' dir='ltr'><strong>ex-</strong></span> 
     </span>
    </p>
   </div>
   <div class='ocr_carea' id='block_1_25' title="bbox 1687 1139 3221 1206">
    <p class='ocr_par' dir='ltr' id='par_1_25' title="bbox 1687 1139 3221 1206">
     <span class='ocr_line' id='line_1_25' title="bbox 1687 1139 3221 1206; baseline -0.002 -13"><span class='ocrx_word' id='word_1_175' title='bbox 1687 1140 1956 1194; x_wconf 85' lang='lat' dir='ltr'><strong>tremitate</strong></span> <span class='ocrx_word' id='word_1_176' title='bbox 2006 1140 2102 1193; x_wconf 77' lang='lat' dir='ltr'><strong>alte</strong></span> <span class='ocrx_word' id='word_1_177' title='bbox 2154 1139 2383 1193; x_wconf 62' lang='lat' dir='ltr'><strong>smistraa</strong></span> <span class='ocrx_word' id='word_1_178' title='bbox 2433 1148 2544 1201; x_wconf 84' lang='lat' dir='ltr'><strong>est,</strong></span> <span class='ocrx_word' id='word_1_179' title='bbox 2601 1146 2653 1192; x_wconf 92' lang='lat' dir='ltr'><strong>et</strong></span> <span class='ocrx_word' id='word_1_180' title='bbox 2707 1147 2973 1206; x_wconf 86' lang='lat' dir='ltr'><strong>postrema</strong></span> <span class='ocrx_word' id='word_1_181' title='bbox 3029 1140 3221 1200; x_wconf 88' lang='lat' dir='ltr'><strong>oritur,</strong></span> 
     </span>
    </p>
   </div>
   <div class='ocr_carea' id='block_1_26' title="bbox 1687 1227 3223 1299">
    <p class='ocr_par' dir='ltr' id='par_1_26' title="bbox 1687 1227 3223 1299">
     <span class='ocr_line' id='line_1_26' title="bbox 1687 1227 3223 1299; baseline -0.001 -17"><span class='ocrx_word' id='word_1_182' title='bbox 1687 1245 1808 1283; x_wconf 92' lang='lat' dir='ltr'><strong>cum</strong></span> <span class='ocrx_word' id='word_1_183' title='bbox 1854 1231 2107 1284; x_wconf 78' lang='lat' dir='ltr'><strong>vicesima</strong></span> <span class='ocrx_word' id='word_1_184' title='bbox 2155 1228 2392 1284; x_wconf 88' lang='lat' dir='ltr'><strong>secunda</strong></span> <span class='ocrx_word' id='word_1_185' title='bbox 2445 1227 2722 1299; x_wconf 75' lang='lat' dir='ltr'><strong>Sagittarii</strong></span> <span class='ocrx_word' id='word_1_186' title='bbox 2766 1234 2917 1298; x_wconf 86' lang='lat' dir='ltr'><strong>parte</strong></span> <span class='ocrx_word' id='word_1_187' title='bbox 2960 1242 3223 1282; x_wconf 88' lang='lat' dir='ltr'><strong>conscen-</strong></span> 
     </span>
    </p>
   </div>
   <div class='ocr_carea' id='block_1_27' title="bbox 1687 1320 1786 1376">
    <p class='ocr_par' dir='ltr' id='par_1_27' title="bbox 1687 1320 1786 1376">
     <span class='ocr_line' id='line_1_27' title="bbox 1687 1320 1786 1376; baseline 0.02 -2"><span class='ocrx_word' id='word_1_188' title='bbox 1687 1320 1786 1376; x_wconf 82' lang='lat' dir='ltr'><strong>dit.</strong></span> 
     </span>
    </p>
   </div>
   <div class='ocr_carea' id='block_1_28' title="bbox 1756 1499 3225 1572">
    <p class='ocr_par' dir='ltr' id='par_1_28' title="bbox 1756 1499 3225 1572">
     <span class='ocr_line' id='line_1_28' title="bbox 1756 1499 3225 1572; baseline 0 -18"><span class='ocrx_word' id='word_1_189' title='bbox 1756 1501 1891 1557; x_wconf 82' lang='lat' dir='ltr'><strong>XIV.</strong></span> <span class='ocrx_word' id='word_1_190' title='bbox 1908 1501 2017 1557; x_wconf 87' lang='lat' dir='ltr'><strong>Sub</strong></span> <span class='ocrx_word' id='word_1_191' title='bbox 2037 1501 2248 1558; x_wconf 75' lang='lat' dir='ltr'><strong>initium</strong></span> <span class='ocrx_word' id='word_1_192' title='bbox 2264 1508 2484 1572; x_wconf 82' lang='lat' dir='ltr'><strong>exortus</strong></span> <span class='ocrx_word' id='word_1_193' title='bbox 2500 1499 2745 1571; x_wconf 78' lang='lat' dir='ltr'><strong>Aquarii,</strong></span> <span class='ocrx_word' id='word_1_194' title='bbox 2757 1509 2997 1554; x_wconf 81' lang='lat' dir='ltr'><strong>exortum</strong></span> <span class='ocrx_word' id='word_1_195' title='bbox 3015 1500 3089 1552; x_wconf 87' lang='lat' dir='ltr'><strong>ait</strong></span> <span class='ocrx_word' id='word_1_196' title='bbox 3103 1514 3225 1554; x_wconf 82' lang='lat' dir='ltr'><strong>esse</strong></span> 
     </span>
    </p>
   </div>
   <div class='ocr_carea' id='block_1_29' title="bbox 1685 1590 3224 1663">
    <p class='ocr_par' dir='ltr' id='par_1_29' title="bbox 1685 1590 3224 1663">
     <span class='ocr_line' id='line_1_29' title="bbox 1685 1590 3224 1663; baseline -0.002 -18"><span class='ocrx_word' id='word_1_197' title='bbox 1685 1606 1807 1647; x_wconf 86' lang='lat' dir='ltr'><strong>cum</strong></span> <span class='ocrx_word' id='word_1_198' title='bbox 1859 1592 2188 1661; x_wconf 86' lang='lat' dir='ltr'><strong>Capricorno</strong></span> <span class='ocrx_word' id='word_1_199' title='bbox 2243 1591 2378 1663; x_wconf 85' lang='lat' dir='ltr'><strong>Equi</strong></span> <span class='ocrx_word' id='word_1_200' title='bbox 2433 1602 2596 1662; x_wconf 86' lang='lat' dir='ltr'><strong>caput</strong></span> <span class='ocrx_word' id='word_1_201' title='bbox 2650 1607 2712 1646; x_wconf 86' lang='lat' dir='ltr'><strong>ac</strong></span> <span class='ocrx_word' id='word_1_202' title='bbox 2743 1592 2939 1662; x_wconf 87' lang='lat' dir='ltr'><strong>pedes;</strong></span> <span class='ocrx_word' id='word_1_203' title='bbox 2979 1590 3224 1645; x_wconf 80' lang='lat' dir='ltr'><strong>occidere</strong></span> 
     </span>
    </p>
   </div>
   <div class='ocr_carea' id='block_1_30' title="bbox 1687 1685 3223 1767">
    <p class='ocr_par' dir='ltr' id='par_1_30' title="bbox 1687 1685 3223 1767">
     <span class='ocr_line' id='line_1_30' title="bbox 1687 1685 3223 1767; baseline 0.001 -30"><span class='ocrx_word' id='word_1_204' title='bbox 1687 1700 1812 1738; x_wconf 88' lang='lat' dir='ltr'><strong>vero</strong></span> <span class='ocrx_word' id='word_1_205' title='bbox 1867 1687 2163 1755; x_wconf 71' lang='lat' dir='ltr'><strong>posteriora</strong></span> <span class='ocrx_word' id='word_1_206' title='bbox 2196 1686 2470 1750; x_wconf 85' lang='lat' dir='ltr'><strong>Centauri,</strong></span> <span class='ocrx_word' id='word_1_207' title='bbox 2523 1702 2586 1740; x_wconf 90' lang='lat' dir='ltr'><strong>ac</strong></span> <span class='ocrx_word' id='word_1_208' title='bbox 2638 1687 2706 1741; x_wconf 89' lang='lat' dir='ltr'><strong>de</strong></span> <span class='ocrx_word' id='word_1_209' title='bbox 2752 1685 2932 1767; x_wconf 81' lang='lat' dir='ltr'><strong>Hydro</strong></span> <span class='ocrx_word' id='word_1_210' title='bbox 2965 1685 3223 1756; x_wconf 87' lang='lat' dir='ltr'><strong>quidquid</strong></span> 
     </span>
    </p>
   </div>
   <div class='ocr_carea' id='block_1_31' title="bbox 53 1758 1598 1846">
    <p class='ocr_par' dir='ltr' id='par_1_31' title="bbox 53 1758 1588 1844">
     <span class='ocr_line' id='line_1_31' title="bbox 53 1758 1588 1844; baseline -0.011 -18"><span class='ocrx_word' id='word_1_211' title='bbox 53 1774 265 1844; x_wconf 74' lang='grc' dir='ltr'>ταύρου,</span> <span class='ocrx_word' id='word_1_212' title='bbox 303 1773 393 1826; x_wconf 73' lang='grc' dir='ltr'><strong>καὶ</strong></span> <span class='ocrx_word' id='word_1_213' title='bbox 420 1769 509 1824; x_wconf 87' lang='grc' dir='ltr'><strong>τοῦ</strong></span> <span class='ocrx_word' id='word_1_214' title='bbox 536 1769 726 1839; x_wconf 82' lang='grc' dir='ltr'>Ὕδρου</span> <span class='ocrx_word' id='word_1_215' title='bbox 755 1767 811 1819; x_wconf 84' lang='grc' dir='ltr'><strong>τὸ</strong></span> <span class='ocrx_word' id='word_1_216' title='bbox 841 1766 942 1818; x_wconf 75' lang='grc' dir='ltr'>ἀπὸ</span> <span class='ocrx_word' id='word_1_217' title='bbox 967 1767 1062 1836; x_wconf 82' lang='grc' dir='ltr'><strong>τῆς</strong></span> <span class='ocrx_word' id='word_1_218' title='bbox 1091 1761 1326 1831; x_wconf 76' lang='grc' dir='ltr'>κεφαλῆς</span> <span class='ocrx_word' id='word_1_219' title='bbox 1356 1759 1458 1822; x_wconf 70' lang='grc' dir='ltr'><strong>ἕως</strong></span> <span class='ocrx_word' id='word_1_220' title='bbox 1488 1758 1588 1827; x_wconf 78' lang='grc' dir='ltr'><strong>τῆς</strong></span> 
     </span>
    </p>
   </div>
   <div class='ocr_carea' id='block_1_32' title="bbox 1695 1758 3224 1846">
    <p class='ocr_par' dir='ltr' id='par_1_32' title="bbox 1695 1758 3224 1846">
     <span class='ocr_line' id='line_1_32' title="bbox 1695 1758 3224 1846; baseline 0.001 -18"><span class='ocrx_word' id='word_1_221' title='bbox 1695 1790 1716 1828; x_wconf 77' lang='lat' dir='ltr'><strong>a</strong></span> <span class='ocrx_word' id='word_1_222' title='bbox 1745 1776 1918 1843; x_wconf 84' lang='lat' dir='ltr'><strong>capite</strong></span> <span class='ocrx_word' id='word_1_223' title='bbox 1963 1783 2046 1831; x_wconf 91' lang='lat' dir='ltr'><strong>est</strong></span> <span class='ocrx_word' id='word_1_224' title='bbox 2077 1775 2142 1829; x_wconf 93' lang='lat' dir='ltr'><strong>ad</strong></span> <span class='ocrx_word' id='word_1_225' title='bbox 2171 1777 2400 1846; x_wconf 84' lang='lat' dir='ltr'><strong>primam</strong></span> <span class='ocrx_word' id='word_1_226' title='bbox 2427 1777 2650 1846; x_wconf 85' lang='lat' dir='ltr'><strong>spiram.</strong></span> <span class='ocrx_word' id='word_1_227' title='bbox 2699 1776 2767 1829; x_wconf 88' lang='lat' dir='ltr'><strong>At</strong></span> <span class='ocrx_word' id='word_1_228' title='bbox 2808 1758 3062 1830; x_wconf 76' lang='lat' dir='ltr'><strong>Eudoxus</strong></span> <span class='ocrx_word' id='word_1_229' title='bbox 3091 1777 3224 1830; x_wconf 82' lang='lat' dir='ltr'><strong>Cas—</strong></span> 
     </span>
    </p>
   </div>
   <div class='ocr_carea' id='block_1_33' title="bbox 53 1853 1583 1935">
    <p class='ocr_par' dir='ltr' id='par_1_33' title="bbox 53 1853 1583 1935">
     <span class='ocr_line' id='line_1_33' title="bbox 53 1853 1583 1935; baseline -0.008 -19"><span class='ocrx_word' id='word_1_230' title='bbox 53 1864 264 1935; x_wconf 82' lang='grc' dir='ltr'>πρωτης</span> <span class='ocrx_word' id='word_1_231' title='bbox 311 1863 554 1932; x_wconf 78' lang='grc' dir='ltr'>σπείρας.</span> <span class='ocrx_word' id='word_1_232' title='bbox 593 1862 648 1912; x_wconf 80' lang='grc' dir='ltr'>Ὀ</span> <span class='ocrx_word' id='word_1_233' title='bbox 678 1859 732 1910; x_wconf 82' lang='grc' dir='ltr'><strong>δὲ</strong></span> <span class='ocrx_word' id='word_1_234' title='bbox 771 1857 990 1922; x_wconf 73' lang='grc' dir='ltr'>Εῦδοξός</span> <span class='ocrx_word' id='word_1_235' title='bbox 1025 1873 1153 1926; x_wconf 86' lang='grc' dir='ltr'>φησι</span> <span class='ocrx_word' id='word_1_236' title='bbox 1187 1855 1277 1908; x_wconf 75' lang='grc' dir='ltr'><strong>καὶ</strong></span> <span class='ocrx_word' id='word_1_237' title='bbox 1311 1853 1406 1922; x_wconf 76' lang='grc' dir='ltr'><strong>τὴν</strong></span> <span class='ocrx_word' id='word_1_238' title='bbox 1436 1853 1583 1904; x_wconf 86' lang='grc' dir='ltr'>Κασ-</span> 
     </span>
    </p>
   </div>
   <div class='ocr_carea' id='block_1_34' title="bbox 53 1937 1587 2016">
    <p class='ocr_par' dir='ltr' id='par_1_34' title="bbox 53 1937 1587 2016">
     <span class='ocr_line' id='line_1_34' title="bbox 53 1937 1587 2016; baseline -0.008 -10"><span class='ocrx_word' id='word_1_239' title='bbox 53 1956 286 2008; x_wconf 77' lang='grc' dir='ltr'>σιέπειαν</span> <span class='ocrx_word' id='word_1_240' title='bbox 336 1953 637 2007; x_wconf 81' lang='grc' dir='ltr'>ἀνατέλλειν</span> <span class='ocrx_word' id='word_1_241' title='bbox 682 1951 774 2002; x_wconf 79' lang='grc' dir='ltr'>καὶ</span> <span class='ocrx_word' id='word_1_242' title='bbox 818 1949 904 2002; x_wconf 78' lang='grc' dir='ltr'><strong>τὸν</strong></span> <span class='ocrx_word' id='word_1_243' title='bbox 941 1943 1198 2016; x_wconf 64' lang='grc' dir='ltr'>Ἀελφῖνα.</span> <span class='ocrx_word' id='word_1_244' title='bbox 1241 1945 1306 1998; x_wconf 81' lang='grc' dir='ltr'>Ἃ</span> <span class='ocrx_word' id='word_1_245' title='bbox 1355 1944 1449 2014; x_wconf 83' lang='grc' dir='ltr'><strong>μὲν</strong></span> <span class='ocrx_word' id='word_1_246' title='bbox 1497 1937 1587 1994; x_wconf 80' lang='grc' dir='ltr'><strong>οὖν</strong></span> 
     </span>
    </p>
   </div>
   <div class='ocr_carea' id='block_1_35' title="bbox 53 2035 1583 2114">
    <p class='ocr_par' dir='ltr' id='par_1_35' title="bbox 53 2035 1583 2114">
     <span class='ocr_line' id='line_1_35' title="bbox 53 2035 1583 2114; baseline -0.007 -18"><span class='ocrx_word' id='word_1_247' title='bbox 53 2047 190 2114; x_wconf 80' lang='grc' dir='ltr'>κοινῇ</span> <span class='ocrx_word' id='word_1_248' title='bbox 233 2045 482 2113; x_wconf 76' lang='grc' dir='ltr'>εἰρήκασι</span> <span class='ocrx_word' id='word_1_249' title='bbox 502 2084 515 2105; x_wconf 90' lang='grc'><strong>,</strong></span> <span class='ocrx_word' id='word_1_250' title='bbox 546 2041 722 2111; x_wconf 75' lang='grc' dir='ltr'>σχεδὸν</span> <span class='ocrx_word' id='word_1_251' title='bbox 754 2041 1027 2108; x_wconf 79' lang='grc' dir='ltr'>συμφωνεῖ</span> <span class='ocrx_word' id='word_1_252' title='bbox 1057 2039 1167 2098; x_wconf 83' lang='grc' dir='ltr'>τοῖς</span> <span class='ocrx_word' id='word_1_253' title='bbox 1209 2035 1543 2105; x_wconf 80' lang='grc' dir='ltr'>φαινομένοις</span> <span class='ocrx_word' id='word_1_254' title='bbox 1571 2051 1583 2063; x_wconf 89' lang='grc'>·</span> 
     </span>
    </p>
   </div>
   <div class='ocr_carea' id='block_1_36' title="bbox 53 2125 1586 2203">
    <p class='ocr_par' dir='ltr' id='par_1_36' title="bbox 53 2125 1586 2203">
     <span class='ocr_line' id='line_1_36' title="bbox 53 2125 1586 2203; baseline -0.007 -16"><span class='ocrx_word' id='word_1_255' title='bbox 53 2134 180 2203; x_wconf 76' lang='grc' dir='ltr'>πλὴν</span> <span class='ocrx_word' id='word_1_256' title='bbox 216 2135 296 2186; x_wconf 83' lang='grc' dir='ltr'><strong>ὅτι</strong></span> <span class='ocrx_word' id='word_1_257' title='bbox 325 2135 356 2202; x_wconf 84' lang='grc' dir='ltr'><strong>ἡ</strong></span> <span class='ocrx_word' id='word_1_258' title='bbox 393 2133 596 2202; x_wconf 84' lang='grc' dir='ltr'>κεφαλὴ</span> <span class='ocrx_word' id='word_1_259' title='bbox 638 2131 725 2184; x_wconf 91' lang='grc' dir='ltr'><strong>τοῦ</strong></span> <span class='ocrx_word' id='word_1_260' title='bbox 753 2131 946 2199; x_wconf 77' lang='grc' dir='ltr'>’Ύδρου</span> <span class='ocrx_word' id='word_1_261' title='bbox 983 2131 1092 2189; x_wconf 85' lang='grc' dir='ltr'>τοῖς</span> <span class='ocrx_word' id='word_1_262' title='bbox 1125 2127 1368 2195; x_wconf 75' lang='grc' dir='ltr'>ἐσχάτοις</span> <span class='ocrx_word' id='word_1_263' title='bbox 1403 2125 1586 2194; x_wconf 87' lang='grc' dir='ltr'>μέρεσι</span> 
     </span>
    </p>
   </div>
   <div class='ocr_carea' id='block_1_37' title="bbox 53 2214 1589 2293">
    <p class='ocr_par' dir='ltr' id='par_1_37' title="bbox 53 2214 1589 2293">
     <span class='ocr_line' id='line_1_37' title="bbox 53 2214 1589 2293; baseline -0.006 -19"><span class='ocrx_word' id='word_1_264' title='bbox 53 2223 136 2274; x_wconf 86' lang='grc' dir='ltr'><strong>τοῦ</strong></span> <span class='ocrx_word' id='word_1_265' title='bbox 166 2220 389 2287; x_wconf 81' lang='grc' dir='ltr'>Τοξότου</span> <span class='ocrx_word' id='word_1_266' title='bbox 422 2222 642 2293; x_wconf 83' lang='grc' dir='ltr'>ἄρχεται</span> <span class='ocrx_word' id='word_1_267' title='bbox 669 2217 1121 2281; x_wconf 81' lang='grc' dir='ltr'>ἁντικαταδύνειν,</span> <span class='ocrx_word' id='word_1_268' title='bbox 1159 2217 1247 2268; x_wconf 79' lang='grc' dir='ltr'><strong>καὶ</strong></span> <span class='ocrx_word' id='word_1_269' title='bbox 1287 2217 1346 2267; x_wconf 77' lang='grc' dir='ltr'><strong>οὐ</strong></span> <span class='ocrx_word' id='word_1_270' title='bbox 1389 2214 1466 2283; x_wconf 84' lang='grc' dir='ltr'>τῷ</span> <span class='ocrx_word' id='word_1_271' title='bbox 1498 2215 1589 2266; x_wconf 84' lang='lat' dir='ltr'><strong>Ai-</strong></span> 
     </span>
    </p>
   </div>
   <div class='ocr_carea' id='block_1_38' title="bbox 54 2304 1587 2385">
    <p class='ocr_par' dir='ltr' id='par_1_38' title="bbox 54 2304 1587 2385">
     <span class='ocr_line' id='line_1_38' title="bbox 54 2304 1587 2385; baseline -0.007 -19"><span class='ocrx_word' id='word_1_272' title='bbox 54 2314 274 2385; x_wconf 84' lang='grc' dir='ltr'>γόκερῳ.</span> <span class='ocrx_word' id='word_1_273' title='bbox 324 2312 424 2365; x_wconf 89' lang='grc' dir='ltr'><strong>Τοῦ</strong></span> <span class='ocrx_word' id='word_1_274' title='bbox 471 2312 525 2364; x_wconf 83' lang='grc' dir='ltr'>δὲ</span> <span class='ocrx_word' id='word_1_275' title='bbox 552 2313 742 2364; x_wconf 83' lang='grc' dir='ltr'>Ἵππου</span> <span class='ocrx_word' id='word_1_276' title='bbox 780 2311 840 2362; x_wconf 80' lang='grc' dir='ltr'><strong>οὐ</strong></span> <span class='ocrx_word' id='word_1_277' title='bbox 894 2307 1047 2378; x_wconf 88' lang='grc' dir='ltr'>μόνον</span> <span class='ocrx_word' id='word_1_278' title='bbox 1090 2309 1122 2376; x_wconf 74' lang='grc' dir='ltr'>ἡ</span> <span class='ocrx_word' id='word_1_279' title='bbox 1169 2304 1372 2374; x_wconf 84' lang='grc' dir='ltr'>κεφαλὴ</span> <span class='ocrx_word' id='word_1_280' title='bbox 1413 2307 1502 2357; x_wconf 74' lang='grc' dir='ltr'>καὶ</span> <span class='ocrx_word' id='word_1_281' title='bbox 1539 2304 1587 2355; x_wconf 79' lang='grc' dir='ltr'>οἱ</span> 
     </span>
    </p>
   </div>
   <div class='ocr_carea' id='block_1_39' title="bbox 54 2392 1585 2466">
    <p class='ocr_par' dir='ltr' id='par_1_39' title="bbox 54 2392 1585 2466">
     <span class='ocr_line' id='line_1_39' title="bbox 54 2392 1585 2466; baseline -0.006 -10"><span class='ocrx_word' id='word_1_282' title='bbox 54 2403 202 2466; x_wconf 75' lang='grc' dir='ltr'>πόδες</span> <span class='ocrx_word' id='word_1_283' title='bbox 225 2401 660 2464; x_wconf 81' lang='grc' dir='ltr'>ἁνατετάλκασιν,</span> <span class='ocrx_word' id='word_1_284' title='bbox 687 2399 817 2452; x_wconf 74' lang='grc' dir='ltr'>ἀλλὰ</span> <span class='ocrx_word' id='word_1_285' title='bbox 842 2400 933 2452; x_wconf 73' lang='grc' dir='ltr'><strong>καὶ</strong></span> <span class='ocrx_word' id='word_1_286' title='bbox 954 2400 1001 2450; x_wconf 84' lang='grc' dir='ltr'>οἰ</span> <span class='ocrx_word' id='word_1_287' title='bbox 1024 2392 1160 2466; x_wconf 76' lang='grc' dir='ltr'>ὦμοι</span> <span class='ocrx_word' id='word_1_288' title='bbox 1183 2398 1274 2448; x_wconf 81' lang='grc' dir='ltr'><strong>καὶ</strong></span> <span class='ocrx_word' id='word_1_289' title='bbox 1294 2395 1354 2446; x_wconf 89' lang='grc' dir='ltr'><strong>τὸ</strong></span> <span class='ocrx_word' id='word_1_290' title='bbox 1377 2393 1585 2463; x_wconf 79' lang='grc' dir='ltr'>στῆθος.</span> 
     </span>
    </p>
   </div>
   <div class='ocr_carea' id='block_1_40' title="bbox 124 2481 1589 2565">
    <p class='ocr_par' dir='ltr' id='par_1_40' title="bbox 124 2481 1589 2565">
     <span class='ocr_line' id='line_1_40' title="bbox 124 2481 1589 2565; baseline -0.008 -19"><span class='ocrx_word' id='word_1_291' title='bbox 124 2494 347 2565; x_wconf 82' lang='grc' dir='ltr'>Παρέχει</span> <span class='ocrx_word' id='word_1_292' title='bbox 395 2493 449 2545; x_wconf 88' lang='grc' dir='ltr'><strong>δέ</strong></span> <span class='ocrx_word' id='word_1_293' title='bbox 499 2481 659 2545; x_wconf 65' lang='grc' dir='ltr'><strong>τισιν⁴</strong></span> <span class='ocrx_word' id='word_1_294' title='bbox 684 2493 960 2544; x_wconf 75' lang='grc' dir='ltr'>ἐπίστασιν</span> <span class='ocrx_word' id='word_1_295' title='bbox 993 2489 1106 2551; x_wconf 86' lang='grc' dir='ltr'><strong>πῶς</strong></span> <span class='ocrx_word' id='word_1_296' title='bbox 1146 2488 1236 2540; x_wconf 77' lang='grc' dir='ltr'>ἐπὶ</span> <span class='ocrx_word' id='word_1_297' title='bbox 1281 2485 1385 2537; x_wconf 86' lang='grc' dir='ltr'><strong>τῶν</strong></span> <span class='ocrx_word' id='word_1_298' title='bbox 1419 2483 1589 2543; x_wconf 75' lang='grc' dir='ltr'>ἄλλων</span> 
     </span>
    </p>
   </div>
   <div class='ocr_carea' id='block_1_41' title="bbox 69 2579 1589 2658">
    <p class='ocr_par' dir='ltr' id='par_1_41' title="bbox 69 2579 1589 2658">
     <span class='ocr_line' id='line_1_41' title="bbox 69 2579 1589 2658; baseline -0.007 -18"><span class='ocrx_word' id='word_1_299' title='bbox 69 2586 254 2650; x_wconf 80' lang='grc' dir='ltr'>ζωδίων</span> <span class='ocrx_word' id='word_1_300' title='bbox 273 2590 302 2640; x_wconf 76' lang='grc' dir='ltr'>ὁ</span> <span class='ocrx_word' id='word_1_301' title='bbox 335 2589 563 2658; x_wconf 73' lang='grc' dir='ltr'>Ἄρατος</span> <span class='ocrx_word' id='word_1_302' title='bbox 588 2586 685 2649; x_wconf 79' lang='grc' dir='ltr'>τὰς</span> <span class='ocrx_word' id='word_1_303' title='bbox 712 2585 881 2656; x_wconf 78' lang='grc' dir='ltr'>ἀρχὰς</span> <span class='ocrx_word' id='word_1_304' title='bbox 925 2584 1015 2636; x_wconf 71' lang='grc' dir='ltr'>ἐπὶ</span> <span class='ocrx_word' id='word_1_305' title='bbox 1045 2585 1140 2652; x_wconf 83' lang='grc' dir='ltr'>τῆς</span> <span class='ocrx_word' id='word_1_306' title='bbox 1172 2579 1426 2649; x_wconf 83' lang='grc' dir='ltr'>ἀνατολῆς</span> <span class='ocrx_word' id='word_1_307' title='bbox 1458 2581 1589 2631; x_wconf 85' lang='grc' dir='ltr'>ὑπο-</span> 
     </span>
    </p>
   </div>
   <div class='ocr_carea' id='block_1_42' title="bbox 70 2671 1590 2748">
    <p class='ocr_par' dir='ltr' id='par_1_42' title="bbox 70 2671 1590 2748">
     <span class='ocr_line' id='line_1_42' title="bbox 70 2671 1590 2748; baseline -0.005 -19"><span class='ocrx_word' id='word_1_308' title='bbox 70 2678 346 2748; x_wconf 82' lang='grc' dir='ltr'>τιθέμενος,</span> <span class='ocrx_word' id='word_1_309' title='bbox 373 2679 462 2732; x_wconf 80' lang='grc' dir='ltr'><strong>καὶ</strong></span> <span class='ocrx_word' id='word_1_310' title='bbox 495 2677 662 2739; x_wconf 75' lang='grc' dir='ltr'>οὕτως</span> <span class='ocrx_word' id='word_1_311' title='bbox 681 2676 778 2737; x_wconf 79' lang='grc' dir='ltr'><strong>τὰς</strong></span> <span class='ocrx_word' id='word_1_312' title='bbox 810 2675 916 2726; x_wconf 86' lang='grc' dir='ltr'><strong>τῶν</strong></span> <span class='ocrx_word' id='word_1_313' title='bbox 949 2673 1117 2728; x_wconf 76' lang='grc' dir='ltr'>ἄλλων</span> <span class='ocrx_word' id='word_1_314' title='bbox 1159 2673 1365 2741; x_wconf 83' lang='grc' dir='ltr'>ἄστρων</span> <span class='ocrx_word' id='word_1_315' title='bbox 1404 2671 1590 2722; x_wconf 86' lang='grc' dir='ltr'>ἀνατο-</span> 
     </span>
    </p>
   </div>
   <div class='ocr_carea' id='block_1_43' title="bbox 70 2762 1593 2836">
    <p class='ocr_par' dir='ltr' id='par_1_43' title="bbox 70 2762 1593 2836">
     <span class='ocr_line' id='line_1_43' title="bbox 70 2762 1593 2836; baseline -0.003 -18"><span class='ocrx_word' id='word_1_316' title='bbox 70 2768 160 2830; x_wconf 76' lang='grc' dir='ltr'>λὰς</span> <span class='ocrx_word' id='word_1_317' title='bbox 191 2769 276 2821; x_wconf 79' lang='grc' dir='ltr'>καὶ</span> <span class='ocrx_word' id='word_1_318' title='bbox 317 2768 484 2831; x_wconf 81' lang='grc' dir='ltr'>δύσεις</span> <span class='ocrx_word' id='word_1_319' title='bbox 513 2765 808 2834; x_wconf 82' lang='grc' dir='ltr'>διασαφῶν,</span> <span class='ocrx_word' id='word_1_320' title='bbox 838 2767 927 2818; x_wconf 82' lang='grc' dir='ltr'><strong>τὸν</strong></span> <span class='ocrx_word' id='word_1_321' title='bbox 967 2764 1244 2836; x_wconf 81' lang='grc' dir='ltr'>’Υδροχὸον</span> <span class='ocrx_word' id='word_1_322' title='bbox 1273 2764 1431 2834; x_wconf 85' lang='grc' dir='ltr'>μέσον</span> <span class='ocrx_word' id='word_1_323' title='bbox 1467 2762 1593 2814; x_wconf 82' lang='grc' dir='ltr'>ἀνα-</span> 
     </span>
    </p>
   </div>
   <div class='ocr_carea' id='block_1_44' title="bbox 65 2855 1051 2925">
    <p class='ocr_par' dir='ltr' id='par_1_44' title="bbox 65 2855 1051 2925">
     <span class='ocr_line' id='line_1_44' title="bbox 65 2855 1051 2925; baseline -0.002 -15"><span class='ocrx_word' id='word_1_324' title='bbox 65 2858 255 2912; x_wconf 82' lang='grc' dir='ltr'>τέλλειν</span> <span class='ocrx_word' id='word_1_325' title='bbox 291 2858 615 2922; x_wconf 87' lang='grc' dir='ltr'>ὑποτίθεται,</span> <span class='ocrx_word' id='word_1_326' title='bbox 649 2857 819 2925; x_wconf 84' lang='grc' dir='ltr'>λέγων</span> <span class='ocrx_word' id='word_1_327' title='bbox 851 2855 1017 2918; x_wconf 76' lang='grc' dir='ltr'>οὕτως</span> <span class='ocrx_word' id='word_1_328' title='bbox 1038 2871 1051 2884; x_wconf 88' lang='grc'><strong>·</strong></span> 
     </span>
    </p>
   </div>
   <div class='ocr_carea' id='block_1_45' title="bbox 127 3052 1544 3129">
    <p class='ocr_par' dir='ltr' id='par_1_45' title="bbox 127 3052 1544 3129">
     <span class='ocr_line' id='line_1_45' title="bbox 127 3052 1544 3129; baseline -0.006 -14"><span class='ocrx_word' id='word_1_329' title='bbox 127 3061 325 3127; x_wconf 79' lang='grc' dir='ltr'>Ἵππος</span> <span class='ocrx_word' id='word_1_330' title='bbox 356 3061 406 3114; x_wconf 78' lang='grc' dir='ltr'>δ’</span> <span class='ocrx_word' id='word_1_331' title='bbox 445 3060 788 3129; x_wconf 81' lang='grc' dir='ltr'>Ὑδροχόοιο</span> <span class='ocrx_word' id='word_1_332' title='bbox 806 3057 997 3128; x_wconf 81' lang='grc' dir='ltr'>μέσον</span> <span class='ocrx_word' id='word_1_333' title='bbox 1019 3052 1544 3124; x_wconf 72' lang='grc' dir='ltr'>περιτελλομένοιο,</span> 
     </span>
    </p>
   </div>
   <div class='ocr_carea' id='block_1_46' title="bbox 127 3128 1209 3200">
    <p class='ocr_par' dir='ltr' id='par_1_46' title="bbox 127 3128 1209 3200">
     <span class='ocr_line' id='line_1_46' title="bbox 127 3128 1209 3200; baseline -0.006 -16"><span class='ocrx_word' id='word_1_334' title='bbox 127 3134 316 3186; x_wconf 85' lang='grc' dir='ltr'>Ποσσί</span> <span class='ocrx_word' id='word_1_335' title='bbox 349 3149 409 3186; x_wconf 83' lang='grc' dir='ltr'><strong>τε</strong></span> <span class='ocrx_word' id='word_1_336' title='bbox 436 3128 789 3200; x_wconf 26' lang='grc' dir='ltr'>καὶίκεφαλῇ</span> <span class='ocrx_word' id='word_1_337' title='bbox 814 3129 1209 3182; x_wconf 82' lang='grc' dir='ltr'>ἁνελίσσεται.</span> 
     </span>
    </p>
   </div>
   <div class='ocr_carea' id='block_1_47' title="bbox 64 3229 1588 3312">
    <p class='ocr_par' dir='ltr' id='par_1_47' title="bbox 64 3229 1588 3312">
     <span class='ocr_line' id='line_1_47' title="bbox 64 3229 1588 3312; baseline -0.008 -16"><span class='ocrx_word' id='word_1_338' title='bbox 64 3242 284 3296; x_wconf 73' lang='grc' dir='ltr'>Τοῦτοδ¹</span> <span class='ocrx_word' id='word_1_339' title='bbox 314 3243 528 3312; x_wconf 84' lang='grc' dir='ltr'>ἀπορῶν</span> <span class='ocrx_word' id='word_1_340' title='bbox 555 3244 582 3294; x_wconf 88' lang='grc' dir='ltr'>ὁ</span> <span class='ocrx_word' id='word_1_341' title='bbox 614 3240 886 3307; x_wconf 75' lang='grc' dir='ltr'>Ἄτταλος,</span> <span class='ocrx_word' id='word_1_342' title='bbox 918 3240 1076 3308; x_wconf 69' lang='grc' dir='ltr'>φησὶν</span> <span class='ocrx_word' id='word_1_343' title='bbox 1097 3237 1393 3308; x_wconf 80' lang='grc' dir='ltr'>ἁμάρτημα</span> <span class='ocrx_word' id='word_1_344' title='bbox 1421 3229 1588 3286; x_wconf 77' lang='grc' dir='ltr'>εἶναι’</span> 
     </span>
    </p>
   </div>
   <div class='ocr_carea' id='block_1_48' title="bbox 66 3331 736 3404">
    <p class='ocr_par' dir='ltr' id='par_1_48' title="bbox 66 3331 736 3404">
     <span class='ocr_line' id='line_1_48' title="bbox 66 3331 736 3404; baseline 0.012 -20"><span class='ocrx_word' id='word_1_345' title='bbox 66 3331 166 3392; x_wconf 72' lang='grc' dir='ltr'>δεῖν</span> <span class='ocrx_word' id='word_1_346' title='bbox 194 3334 248 3386; x_wconf 86' lang='grc' dir='ltr'>δὲ</span> <span class='ocrx_word' id='word_1_347' title='bbox 270 3335 496 3404; x_wconf 77' lang='grc' dir='ltr'>γράφειν</span> <span class='ocrx_word' id='word_1_348' title='bbox 529 3331 696 3392; x_wconf 75' lang='grc' dir='ltr'>οὕτως</span> <span class='ocrx_word' id='word_1_349' title='bbox 722 3346 736 3359; x_wconf 85' lang='grc'><strong>⁸</strong></span> 
     </span>
    </p>
   </div>
   <div class='ocr_carea' id='block_1_49' title="bbox 129 3423 1524 3511">
    <p class='ocr_par' dir='ltr' id='par_1_49' title="bbox 129 3423 1524 3511">
     <span class='ocr_line' id='line_1_49' title="bbox 129 3423 1524 3511; baseline -0.006 -14"><span class='ocrx_word' id='word_1_350' title='bbox 129 3423 327 3510; x_wconf 51' lang='lat' dir='ltr'><strong>&quot;quat:</strong></span> <span class='ocrx_word' id='word_1_351' title='bbox 352 3443 401 3496; x_wconf 85' lang='grc' dir='ltr'>δ’</span> <span class='ocrx_word' id='word_1_352' title='bbox 452 3441 780 3511; x_wconf 82' lang='grc' dir='ltr'>’Υδροχόοιο</span> <span class='ocrx_word' id='word_1_353' title='bbox 817 3438 957 3492; x_wconf 86' lang='grc' dir='ltr'>νέον</span> <span class='ocrx_word' id='word_1_354' title='bbox 996 3436 1524 3507; x_wconf 77' lang='grc' dir='ltr'>περιτελλομένοιο.</span> 
     </span>
    </p>
   </div>
   <div class='ocr_carea' id='block_1_50' title="bbox 64 3567 1666 3634">
    <p class='ocr_par' dir='ltr' id='par_1_50' title="bbox 64 3567 1666 3634">
     <span class='ocr_line' id='line_1_50' title="bbox 64 3567 1666 3634; baseline -0.01 -2"><span class='ocrx_word' id='word_1_355' title='bbox 64 3578 314 3633; x_wconf 81' lang='grc' dir='ltr'>Δανθὰνει</span> <span class='ocrx_word' id='word_1_356' title='bbox 357 3578 413 3630; x_wconf 81' lang='grc' dir='ltr'><strong>δὲ</strong></span> <span class='ocrx_word' id='word_1_357' title='bbox 457 3575 544 3628; x_wconf 83' lang='grc' dir='ltr'>τόν</span> <span class='ocrx_word' id='word_1_358' title='bbox 597 3591 655 3626; x_wconf 88' lang='grc' dir='ltr'><strong>τε</strong></span> <span class='ocrx_word' id='word_1_359' title='bbox 686 3571 964 3634; x_wconf 73' lang='grc' dir='ltr'>Ἄτταλον,</span> <span class='ocrx_word' id='word_1_360' title='bbox 1004 3569 1097 3621; x_wconf 76' lang='grc' dir='ltr'><strong>καὶ</strong></span> <span class='ocrx_word' id='word_1_361' title='bbox 1142 3570 1264 3631; x_wconf 77' lang='grc' dir='ltr'>τοὺς</span> <span class='ocrx_word' id='word_1_362' title='bbox 1306 3567 1497 3630; x_wconf 80' lang='grc' dir='ltr'>ἄλλους</span> <span class='ocrx_word' id='word_1_363' title='bbox 1537 3567 1597 3619; x_wconf 86' lang='grc' dir='ltr'>τὸ</span> <span class='ocrx_word' id='word_1_364' title='bbox 1659 3609 1666 3616; x_wconf 94' lang='grc'>.</span> 
     </span>
    </p>
   </div>
   <div class='ocr_carea' id='block_1_51' title="bbox 71 3657 1592 3742">
    <p class='ocr_par' dir='ltr' id='par_1_51' title="bbox 71 3657 1592 3742">
     <span class='ocr_line' id='line_1_51' title="bbox 71 3657 1592 3742; baseline -0.01 -18"><span class='ocrx_word' id='word_1_365' title='bbox 71 3671 298 3742; x_wconf 77' lang='grc' dir='ltr'>βούλημα</span> <span class='ocrx_word' id='word_1_366' title='bbox 344 3669 435 3722; x_wconf 86' lang='grc' dir='ltr'><strong>τοῦ</strong></span> <span class='ocrx_word' id='word_1_367' title='bbox 488 3664 704 3737; x_wconf 86' lang='grc' dir='ltr'>ποιητοῦ</span> <span class='ocrx_word' id='word_1_368' title='bbox 730 3682 742 3694; x_wconf 90' lang='grc'>·</span> <span class='ocrx_word' id='word_1_369' title='bbox 784 3665 920 3733; x_wconf 74' lang='grc' dir='ltr'>τάχα</span> <span class='ocrx_word' id='word_1_370' title='bbox 958 3662 1012 3715; x_wconf 82' lang='grc' dir='ltr'><strong>δὲ</strong></span> <span class='ocrx_word' id='word_1_371' title='bbox 1046 3661 1138 3714; x_wconf 69' lang='grc' dir='ltr'><strong>καὶ</strong></span> <span class='ocrx_word' id='word_1_372' title='bbox 1169 3659 1226 3711; x_wconf 85' lang='grc' dir='ltr'><strong>τὸ</strong></span> <span class='ocrx_word' id='word_1_373' title='bbox 1259 3657 1592 3728; x_wconf 86' lang='grc' dir='ltr'>φαινόμενον.</span> 
     </span>
    </p>
   </div>
   <div class='ocr_carea' id='block_1_52' title="bbox 79 3747 1596 3828">
    <p class='ocr_par' dir='ltr' id='par_1_52' title="bbox 79 3747 1596 3828">
     <span class='ocr_line' id='line_1_52' title="bbox 79 3747 1596 3828; baseline -0.007 -17"><span class='ocrx_word' id='word_1_374' title='bbox 79 3758 131 3809; x_wconf 81' lang='grc' dir='ltr'>Ὁ</span> <span class='ocrx_word' id='word_1_375' title='bbox 154 3758 256 3828; x_wconf 78' lang='grc' dir='ltr'>γὰρ</span> <span class='ocrx_word' id='word_1_376' title='bbox 282 3757 576 3828; x_wconf 76' lang='grc' dir='ltr'>’Υδροχὸος,</span> <span class='ocrx_word' id='word_1_377' title='bbox 597 3757 660 3823; x_wconf 79' lang='grc' dir='ltr'>τῇ</span> <span class='ocrx_word' id='word_1_378' title='bbox 691 3753 832 3806; x_wconf 87' lang='grc' dir='ltr'>θέσει</span> <span class='ocrx_word' id='word_1_379' title='bbox 857 3750 1100 3820; x_wconf 83' lang='grc' dir='ltr'>κείμενος</span> <span class='ocrx_word' id='word_1_380' title='bbox 1124 3747 1230 3801; x_wconf 79' lang='grc' dir='ltr'>ἀπὸ</span> <span class='ocrx_word' id='word_1_381' title='bbox 1260 3765 1392 3818; x_wconf 74' lang='grc' dir='ltr'>μεση</span> <span class='ocrx_word' id='word_1_382' title='bbox 1403 3747 1596 3818; x_wconf 77' lang='grc' dir='ltr'>μϐρίας</span> 
     </span>
    </p>
   </div>
   <div class='ocr_carea' id='block_1_53' title="bbox 69 3840 1599 3920">
    <p class='ocr_par' dir='ltr' id='par_1_53' title="bbox 69 3840 1599 3920">
     <span class='ocr_line' id='line_1_53' title="bbox 69 3840 1599 3920; baseline -0.006 -21"><span class='ocrx_word' id='word_1_383' title='bbox 69 3849 192 3916; x_wconf 81' lang='grc' dir='ltr'>πρὸς</span> <span class='ocrx_word' id='word_1_384' title='bbox 227 3851 484 3920; x_wconf 83' lang='grc' dir='ltr'>ἄρκτους,</span> <span class='ocrx_word' id='word_1_385' title='bbox 519 3847 586 3899; x_wconf 78' lang='grc' dir='ltr'>τὰ</span> <span class='ocrx_word' id='word_1_386' title='bbox 617 3848 712 3915; x_wconf 82' lang='grc' dir='ltr'><strong>μὲν</strong></span> <span class='ocrx_word' id='word_1_387' title='bbox 757 3844 895 3902; x_wconf 81' lang='grc' dir='ltr'>κατὰ</span> <span class='ocrx_word' id='word_1_388' title='bbox 932 3842 990 3894; x_wconf 80' lang='grc' dir='ltr'><strong>τὸ</strong></span> <span class='ocrx_word' id='word_1_389' title='bbox 1029 3841 1221 3912; x_wconf 84' lang='grc' dir='ltr'>στῆθος</span> <span class='ocrx_word' id='word_1_390' title='bbox 1258 3840 1348 3894; x_wconf 79' lang='grc' dir='ltr'><strong>καὶ</strong></span> <span class='ocrx_word' id='word_1_391' title='bbox 1388 3840 1483 3910; x_wconf 83' lang='grc' dir='ltr'><strong>τὴν</strong></span> <span class='ocrx_word' id='word_1_392' title='bbox 1510 3856 1599 3891; x_wconf 89' lang='grc' dir='ltr'>κε-</span> 
     </span>
    </p>
   </div>
   <div class='ocr_carea' id='block_1_54' title="bbox 71 3929 1596 4008">
    <p class='ocr_par' dir='ltr' id='par_1_54' title="bbox 71 3929 1596 4008">
     <span class='ocr_line' id='line_1_54' title="bbox 71 3929 1596 4008; baseline -0.005 -18"><span class='ocrx_word' id='word_1_393' title='bbox 71 3937 228 4008; x_wconf 79' lang='grc' dir='ltr'>φαλὴν</span> <span class='ocrx_word' id='word_1_394' title='bbox 263 3941 404 4008; x_wconf 82' lang='grc' dir='ltr'>μέρη</span> <span class='ocrx_word' id='word_1_395' title='bbox 437 3937 567 3990; x_wconf 80' lang='grc' dir='ltr'>πολὺ</span> <span class='ocrx_word' id='word_1_396' title='bbox 599 3937 925 3990; x_wconf 75' lang='grc' dir='ltr'>ἐκπίπτοντα</span> <span class='ocrx_word' id='word_1_397' title='bbox 961 3932 1054 3985; x_wconf 86' lang='grc' dir='ltr'><strong>τοῦ</strong></span> <span class='ocrx_word' id='word_1_398' title='bbox 1098 3931 1355 3995; x_wconf 80' lang='grc' dir='ltr'>ζωδιακοῦ</span> <span class='ocrx_word' id='word_1_399' title='bbox 1403 3929 1596 3984; x_wconf 86' lang='grc' dir='ltr'>κύκλου</span> 
     </span>
    </p>
   </div>
   <div class='ocr_carea' id='block_1_55' title="bbox 72 4021 1600 4100">
    <p class='ocr_par' dir='ltr' id='par_1_55' title="bbox 72 4021 1600 4100">
     <span class='ocr_line' id='line_1_55' title="bbox 72 4021 1600 4100; baseline -0.003 -19"><span class='ocrx_word' id='word_1_400' title='bbox 72 4032 141 4091; x_wconf 82' lang='grc' dir='ltr'>εἰς</span> <span class='ocrx_word' id='word_1_401' title='bbox 172 4031 229 4082; x_wconf 78' lang='grc' dir='ltr'><strong>τὸ</strong></span> <span class='ocrx_word' id='word_1_402' title='bbox 274 4030 405 4100; x_wconf 79' lang='grc' dir='ltr'>πρὸς</span> <span class='ocrx_word' id='word_1_403' title='bbox 440 4030 668 4098; x_wconf 78' lang='grc' dir='ltr'>ἄρκτους</span> <span class='ocrx_word' id='word_1_404' title='bbox 719 4027 880 4098; x_wconf 85' lang='grc' dir='ltr'>μέρος</span> <span class='ocrx_word' id='word_1_405' title='bbox 923 4024 1060 4094; x_wconf 80' lang='grc' dir='ltr'>ἔχει,</span> <span class='ocrx_word' id='word_1_406' title='bbox 1108 4024 1176 4077; x_wconf 76' lang='grc' dir='ltr'>τὰ</span> <span class='ocrx_word' id='word_1_407' title='bbox 1217 4022 1273 4076; x_wconf 82' lang='grc' dir='ltr'>δὲ</span> <span class='ocrx_word' id='word_1_408' title='bbox 1312 4021 1450 4075; x_wconf 75' lang='grc' dir='ltr'>κατὰ</span> <span class='ocrx_word' id='word_1_409' title='bbox 1479 4023 1600 4086; x_wconf 85' lang='grc' dir='ltr'>τοὺς</span> 
     </span>
    </p>
   </div>
   <div class='ocr_carea' id='block_1_56' title="bbox 75 4111 1600 4188">
    <p class='ocr_par' dir='ltr' id='par_1_56' title="bbox 75 4111 1600 4188">
     <span class='ocr_line' id='line_1_56' title="bbox 75 4111 1600 4188; baseline -0.002 -19"><span class='ocrx_word' id='word_1_410' title='bbox 75 4119 226 4182; x_wconf 77' lang='grc' dir='ltr'>πόδας</span> <span class='ocrx_word' id='word_1_411' title='bbox 255 4118 541 4188; x_wconf 84' lang='grc' dir='ltr'>νοτιὼτερα</span> <span class='ocrx_word' id='word_1_412' title='bbox 563 4119 653 4170; x_wconf 85' lang='grc' dir='ltr'><strong>τοῦ</strong></span> <span class='ocrx_word' id='word_1_413' title='bbox 695 4117 953 4180; x_wconf 81' lang='grc' dir='ltr'>ζωδιακοῦ</span> <span class='ocrx_word' id='word_1_414' title='bbox 984 4114 1179 4169; x_wconf 84' lang='grc' dir='ltr'>κύκλου</span> <span class='ocrx_word' id='word_1_415' title='bbox 1200 4131 1213 4144; x_wconf 76' lang='grc' dir='ltr'><strong>ο</strong></span> <span class='ocrx_word' id='word_1_416' title='bbox 1239 4115 1296 4167; x_wconf 80' lang='grc' dir='ltr'>ὲν</span> <span class='ocrx_word' id='word_1_417' title='bbox 1317 4113 1372 4166; x_wconf 84' lang='grc' dir='ltr'>δὲ</span> <span class='ocrx_word' id='word_1_418' title='bbox 1397 4111 1473 4182; x_wconf 83' lang='grc' dir='ltr'>τῷ</span> <span class='ocrx_word' id='word_1_419' title='bbox 1495 4112 1600 4188; x_wconf 68' lang='grc' dir='ltr'><strong>ζωτ</strong></span> 
     </span>
    </p>
   </div>
   <div class='ocr_carea' id='block_1_57' title="bbox 76 4203 1600 4286">
    <p class='ocr_par' dir='ltr' id='par_1_57' title="bbox 76 4203 1600 4286">
     <span class='ocr_line' id='line_1_57' title="bbox 76 4203 1600 4286; baseline -0.003 -25"><span class='ocrx_word' id='word_1_420' title='bbox 76 4209 225 4282; x_wconf 85' lang='grc' dir='ltr'>διακῴ</span> <span class='ocrx_word' id='word_1_421' title='bbox 256 4214 324 4266; x_wconf 77' lang='grc' dir='ltr'>τὰ</span> <span class='ocrx_word' id='word_1_422' title='bbox 359 4212 496 4282; x_wconf 82' lang='grc' dir='ltr'>μέσα</span> <span class='ocrx_word' id='word_1_423' title='bbox 534 4210 695 4264; x_wconf 79' lang='grc' dir='ltr'>αὐτοῦ</span> <span class='ocrx_word' id='word_1_424' title='bbox 739 4212 930 4266; x_wconf 86' lang='grc' dir='ltr'>κεῖται.</span> <span class='ocrx_word' id='word_1_425' title='bbox 973 4209 1123 4262; x_wconf 72' lang='grc' dir='ltr'>Ἐπεὶ</span> <span class='ocrx_word' id='word_1_426' title='bbox 1149 4203 1240 4260; x_wconf 81' lang='grc' dir='ltr'><strong>οὖν</strong></span> <span class='ocrx_word' id='word_1_427' title='bbox 1275 4205 1343 4259; x_wconf 83' lang='grc' dir='ltr'><strong>τὰ</strong></span> <span class='ocrx_word' id='word_1_428' title='bbox 1369 4205 1600 4286; x_wconf 75' lang='grc' dir='ltr'>δωδεκα-</span> 
     </span>
    </p>
   </div>
   <div class='ocr_carea' id='block_1_58' title="bbox 79 4278 1601 4377">
    <p class='ocr_par' dir='ltr' id='par_1_58' title="bbox 79 4278 1601 4377">
     <span class='ocr_line' id='line_1_58' title="bbox 79 4278 1601 4377; baseline -0.004 -21"><span class='ocrx_word' id='word_1_429' title='bbox 79 4307 289 4377; x_wconf 77' lang='grc' dir='ltr'>τημόρια</span> <span class='ocrx_word' id='word_1_430' title='bbox 332 4306 423 4360; x_wconf 88' lang='grc' dir='ltr'><strong>τοῦ</strong></span> <span class='ocrx_word' id='word_1_431' title='bbox 464 4303 720 4370; x_wconf 81' lang='grc' dir='ltr'>ζωδιακοῦ</span> <span class='ocrx_word' id='word_1_432' title='bbox 765 4303 959 4356; x_wconf 87' lang='grc' dir='ltr'>κύκλου</span> <span class='ocrx_word' id='word_1_433' title='bbox 1001 4301 1303 4362; x_wconf 79' lang='grc' dir='ltr'>ὑποτίθεται</span> <span class='ocrx_word' id='word_1_434' title='bbox 1340 4278 1601 4368; x_wconf 66' lang='grc' dir='ltr'>ἀναφερό-</span> 
     </span>
    </p>
   </div>
   <div class='ocr_carea' id='block_1_59' title="bbox 87 4388 1603 4463">
    <p class='ocr_par' dir='ltr' id='par_1_59' title="bbox 87 4388 1603 4463">
     <span class='ocr_line' id='line_1_59' title="bbox 87 4388 1603 4463; baseline -0.007 -13"><span class='ocrx_word' id='word_1_435' title='bbox 87 4407 228 4459; x_wconf 75' lang='grc' dir='ltr'>μενα,</span> <span class='ocrx_word' id='word_1_436' title='bbox 258 4396 346 4450; x_wconf 80' lang='grc' dir='ltr'>διὰ</span> <span class='ocrx_word' id='word_1_437' title='bbox 395 4395 549 4449; x_wconf 88' lang='grc' dir='ltr'>τοῦτο</span> <span class='ocrx_word' id='word_1_438' title='bbox 594 4396 622 4446; x_wconf 84' lang='grc' dir='ltr'>ὁ</span> <span class='ocrx_word' id='word_1_439' title='bbox 666 4394 895 4463; x_wconf 74' lang='grc' dir='ltr'>Ἄρατος</span> <span class='ocrx_word' id='word_1_440' title='bbox 926 4392 1067 4459; x_wconf 82' lang='grc' dir='ltr'>λέγει</span> <span class='ocrx_word' id='word_1_441' title='bbox 1094 4409 1108 4422; x_wconf 74' lang='grc' dir='ltr'><strong>ο</strong></span> <span class='ocrx_word' id='word_1_442' title='bbox 1145 4390 1253 4444; x_wconf 87' lang='grc' dir='ltr'>Τοῦ</span> <span class='ocrx_word' id='word_1_443' title='bbox 1287 4388 1603 4457; x_wconf 77' lang='grc' dir='ltr'>’Υδροχόου</span> 
     </span>
    </p>
   </div>
   <div class='ocr_carea' id='block_1_60' title="bbox 1687 1866 3228 1936">
    <p class='ocr_par' dir='ltr' id='par_1_60' title="bbox 1687 1866 3228 1936">
     <span class='ocr_line' id='line_1_60' title="bbox 1687 1866 3228 1936; baseline -0.001 -15"><span class='ocrx_word' id='word_1_444' title='bbox 1687 1866 1921 1936; x_wconf 87' lang='lat' dir='ltr'><strong>siepeam</strong></span> <span class='ocrx_word' id='word_1_445' title='bbox 1972 1868 2193 1936; x_wconf 87' lang='lat' dir='ltr'><strong>insuper</strong></span> <span class='ocrx_word' id='word_1_446' title='bbox 2230 1867 2383 1932; x_wconf 92' lang='lat' dir='ltr'><strong>oriri,</strong></span> <span class='ocrx_word' id='word_1_447' title='bbox 2430 1883 2493 1921; x_wconf 86' lang='lat' dir='ltr'><strong>ac</strong></span> <span class='ocrx_word' id='word_1_448' title='bbox 2536 1866 2854 1936; x_wconf 82' lang='lat' dir='ltr'><strong>Delphinum</strong></span> <span class='ocrx_word' id='word_1_449' title='bbox 2893 1868 3107 1922; x_wconf 82' lang='lat' dir='ltr'><strong>asserit.</strong></span> <span class='ocrx_word' id='word_1_450' title='bbox 3169 1867 3228 1921; x_wconf 86' lang='lat' dir='ltr'><strong>In</strong></span> 
     </span>
    </p>
   </div>
   <div class='ocr_carea' id='block_1_61' title="bbox 1683 1956 3226 2026">
    <p class='ocr_par' dir='ltr' id='par_1_61' title="bbox 1683 1956 3226 2026">
     <span class='ocr_line' id='line_1_61' title="bbox 1683 1956 3226 2026; baseline -0.001 -16"><span class='ocrx_word' id='word_1_451' title='bbox 1683 1957 1770 2012; x_wconf 85' lang='lat' dir='ltr'><strong>bis</strong></span> <span class='ocrx_word' id='word_1_452' title='bbox 1815 1972 1941 2010; x_wconf 73' lang='lat' dir='ltr'><strong>vero</strong></span> <span class='ocrx_word' id='word_1_453' title='bbox 1994 1972 2112 2026; x_wconf 66' lang='lat' dir='ltr'><strong>quae</strong></span> <span class='ocrx_word' id='word_1_454' title='bbox 2153 1957 2221 2011; x_wconf 90' lang='lat' dir='ltr'><strong>ab</strong></span> <span class='ocrx_word' id='word_1_455' title='bbox 2250 1957 2508 2011; x_wconf 88' lang='lat' dir='ltr'><strong>ambobus</strong></span> <span class='ocrx_word' id='word_1_456' title='bbox 2548 1956 2908 2010; x_wconf 87' lang='lat' dir='ltr'><strong>communiter</strong></span> <span class='ocrx_word' id='word_1_457' title='bbox 2950 1956 3226 2018; x_wconf 89' lang='lat' dir='ltr'><strong>dicuntur,</strong></span> 
     </span>
    </p>
   </div>
   <div class='ocr_carea' id='block_1_62' title="bbox 1684 2041 3229 2116">
    <p class='ocr_par' dir='ltr' id='par_1_62' title="bbox 1684 2041 3229 2116">
     <span class='ocr_line' id='line_1_62' title="bbox 1684 2041 3229 2116; baseline -0.001 -18"><span class='ocrx_word' id='word_1_458' title='bbox 1684 2046 2065 2116; x_wconf 88' lang='lat' dir='ltr'><strong>propemodum</strong></span> <span class='ocrx_word' id='word_1_459' title='bbox 2117 2045 2484 2114; x_wconf 86' lang='lat' dir='ltr'><strong>apparentium</strong></span> <span class='ocrx_word' id='word_1_460' title='bbox 2545 2045 2666 2098; x_wconf 84' lang='lat' dir='ltr'><strong>ﬁdei</strong></span> <span class='ocrx_word' id='word_1_461' title='bbox 2715 2041 3074 2114; x_wconf 77' lang='lat' dir='ltr'><strong>respondent;</strong></span> <span class='ocrx_word' id='word_1_462' title='bbox 3118 2043 3229 2098; x_wconf 74' lang='lat' dir='ltr'><strong>nisi</strong></span> 
     </span>
    </p>
   </div>
   <div class='ocr_carea' id='block_1_63' title="bbox 1685 2122 3227 2208">
    <p class='ocr_par' dir='ltr' id='par_1_63' title="bbox 1685 2122 3227 2208">
     <span class='ocr_line' id='line_1_63' title="bbox 1685 2122 3227 2208; baseline -0.001 -18"><span class='ocrx_word' id='word_1_463' title='bbox 1685 2137 1827 2207; x_wconf 90' lang='lat' dir='ltr'><strong>quod</strong></span> <span class='ocrx_word' id='word_1_464' title='bbox 1879 2122 2043 2208; x_wconf 66' lang='lat' dir='ltr'><strong>Hydri</strong></span> <span class='ocrx_word' id='word_1_465' title='bbox 2093 2145 2252 2207; x_wconf 86' lang='lat' dir='ltr'><strong>caput</strong></span> <span class='ocrx_word' id='word_1_466' title='bbox 2297 2138 2596 2192; x_wconf 88' lang='lat' dir='ltr'><strong>orientibus</strong></span> <span class='ocrx_word' id='word_1_467' title='bbox 2644 2137 2901 2192; x_wconf 78' lang='lat' dir='ltr'><strong>extremis</strong></span> <span class='ocrx_word' id='word_1_468' title='bbox 2954 2135 3227 2206; x_wconf 84' lang='lat' dir='ltr'><strong>Sagittarii</strong></span> 
     </span>
    </p>
   </div>
   <div class='ocr_carea' id='block_1_64' title="bbox 1687 2227 3230 2300">
    <p class='ocr_par' dir='ltr' id='par_1_64' title="bbox 1687 2227 3230 2300">
     <span class='ocr_line' id='line_1_64' title="bbox 1687 2227 3230 2300; baseline -0.001 -18"><span class='ocrx_word' id='word_1_469' title='bbox 1687 2230 1951 2299; x_wconf 87' lang='lat' dir='ltr'><strong>partibus,</strong></span> <span class='ocrx_word' id='word_1_470' title='bbox 1971 2245 2079 2284; x_wconf 89' lang='lat' dir='ltr'><strong>non</strong></span> <span class='ocrx_word' id='word_1_471' title='bbox 2101 2229 2452 2300; x_wconf 88' lang='lat' dir='ltr'><strong>Capricorno,</strong></span> <span class='ocrx_word' id='word_1_472' title='bbox 2480 2229 2804 2284; x_wconf 85' lang='lat' dir='ltr'><strong>descendere</strong></span> <span class='ocrx_word' id='word_1_473' title='bbox 2828 2229 3016 2299; x_wconf 84' lang='lat' dir='ltr'><strong>incipit</strong></span> <span class='ocrx_word' id='word_1_474' title='bbox 3044 2243 3107 2282; x_wconf 83' lang='lat' dir='ltr'><strong>ex</strong></span> <span class='ocrx_word' id='word_1_475' title='bbox 3140 2227 3230 2281; x_wconf 85' lang='lat' dir='ltr'><strong>ad-</strong></span> 
     </span>
    </p>
   </div>
   <div class='ocr_carea' id='block_1_65' title="bbox 1685 2318 3232 2391">
    <p class='ocr_par' dir='ltr' id='par_1_65' title="bbox 1685 2318 3232 2391">
     <span class='ocr_line' id='line_1_65' title="bbox 1685 2318 3232 2391; baseline -0.001 -17"><span class='ocrx_word' id='word_1_476' title='bbox 1685 2335 1860 2377; x_wconf 85' lang='lat' dir='ltr'><strong>verso.</strong></span> <span class='ocrx_word' id='word_1_477' title='bbox 1893 2321 2028 2391; x_wconf 89' lang='lat' dir='ltr'><strong>Equi</strong></span> <span class='ocrx_word' id='word_1_478' title='bbox 2051 2331 2226 2377; x_wconf 89' lang='lat' dir='ltr'><strong>autem</strong></span> <span class='ocrx_word' id='word_1_479' title='bbox 2257 2337 2363 2376; x_wconf 91' lang='lat' dir='ltr'><strong>non</strong></span> <span class='ocrx_word' id='word_1_480' title='bbox 2389 2322 2561 2376; x_wconf 88' lang='lat' dir='ltr'><strong>solum</strong></span> <span class='ocrx_word' id='word_1_481' title='bbox 2586 2328 2747 2390; x_wconf 89' lang='lat' dir='ltr'><strong>caput</strong></span> <span class='ocrx_word' id='word_1_482' title='bbox 2774 2334 2835 2374; x_wconf 89' lang='lat' dir='ltr'><strong>ac</strong></span> <span class='ocrx_word' id='word_1_483' title='bbox 2859 2321 3021 2389; x_wconf 79' lang='lat' dir='ltr'><strong>pedes</strong></span> <span class='ocrx_word' id='word_1_484' title='bbox 3058 2318 3232 2374; x_wconf 80' lang='lat' dir='ltr'><strong>exorti</strong></span> 
     </span>
    </p>
   </div>
   <div class='ocr_carea' id='block_1_66' title="bbox 1687 2414 2986 2482">
    <p class='ocr_par' dir='ltr' id='par_1_66' title="bbox 1687 2414 2986 2482">
     <span class='ocr_line' id='line_1_66' title="bbox 1687 2414 2986 2482; baseline -0.004 -13"><span class='ocrx_word' id='word_1_485' title='bbox 1687 2422 1851 2480; x_wconf 83' lang='lat' dir='ltr'><strong>sunt;</strong></span> <span class='ocrx_word' id='word_1_486' title='bbox 1887 2415 1980 2469; x_wconf 89' lang='lat' dir='ltr'><strong>sed</strong></span> <span class='ocrx_word' id='word_1_487' title='bbox 2012 2414 2220 2468; x_wconf 86' lang='lat' dir='ltr'><strong>humeri</strong></span> <span class='ocrx_word' id='word_1_488' title='bbox 2247 2414 2406 2468; x_wconf 88' lang='lat' dir='ltr'><strong>etiam</strong></span> <span class='ocrx_word' id='word_1_489' title='bbox 2441 2428 2502 2466; x_wconf 94' lang='lat' dir='ltr'><strong>ac</strong></span> <span class='ocrx_word' id='word_1_490' title='bbox 2533 2421 2739 2482; x_wconf 89' lang='lat' dir='ltr'><strong>pectus.</strong></span> <span class='ocrx_word' id='word_1_491' title='bbox 2981 2419 2986 2423; x_wconf 87' lang='lat'>&#39;</span> 
     </span>
    </p>
   </div>
   <div class='ocr_carea' id='block_1_67' title="bbox 1755 2499 3228 2571">
    <p class='ocr_par' dir='ltr' id='par_1_67' title="bbox 1755 2499 3228 2571">
     <span class='ocr_line' id='line_1_67' title="bbox 1755 2499 3228 2571; baseline -0.003 -12"><span class='ocrx_word' id='word_1_492' title='bbox 1755 2507 1830 2559; x_wconf 87' lang='lat' dir='ltr'><strong>Ac</strong></span> <span class='ocrx_word' id='word_1_493' title='bbox 1871 2505 2146 2560; x_wconf 86' lang='lat' dir='ltr'><strong>nonnullis</strong></span> <span class='ocrx_word' id='word_1_494' title='bbox 2177 2504 2607 2559; x_wconf 86' lang='lat' dir='ltr'><strong>consideratione</strong></span> <span class='ocrx_word' id='word_1_495' title='bbox 2655 2501 2815 2571; x_wconf 84' lang='lat' dir='ltr'><strong>digna</strong></span> <span class='ocrx_word' id='word_1_496' title='bbox 2855 2515 2943 2554; x_wconf 88' lang='lat' dir='ltr'><strong>res</strong></span> <span class='ocrx_word' id='word_1_497' title='bbox 2999 2499 3228 2564; x_wconf 79' lang='lat' dir='ltr'><strong>videtur,</strong></span> 
     </span>
    </p>
   </div>
   <div class='ocr_carea' id='block_1_68' title="bbox 1687 2577 3228 2660">
    <p class='ocr_par' dir='ltr' id='par_1_68' title="bbox 1687 2577 3228 2660">
     <span class='ocr_line' id='line_1_68' title="bbox 1687 2577 3228 2660; baseline -0.006 -8"><span class='ocrx_word' id='word_1_498' title='bbox 1687 2611 1784 2652; x_wconf 90' lang='lat' dir='ltr'><strong>cur</strong></span> <span class='ocrx_word' id='word_1_499' title='bbox 1835 2610 1956 2649; x_wconf 89' lang='lat' dir='ltr'><strong>cum</strong></span> <span class='ocrx_word' id='word_1_500' title='bbox 2012 2594 2208 2649; x_wconf 84' lang='lat' dir='ltr'><strong>Aratus</strong></span> <span class='ocrx_word' id='word_1_501' title='bbox 2261 2577 2593 2647; x_wconf 58' lang='lat' dir='ltr'><strong>exterarum</strong></span> <span class='ocrx_word' id='word_1_502' title='bbox 2626 2591 2779 2646; x_wconf 84' lang='lat' dir='ltr'><strong>initia</strong></span> <span class='ocrx_word' id='word_1_503' title='bbox 2833 2591 3106 2660; x_wconf 80' lang='lat' dir='ltr'><strong>signorum</strong></span> <span class='ocrx_word' id='word_1_504' title='bbox 3173 2592 3228 2644; x_wconf 92' lang='lat' dir='ltr'><strong>in</strong></span> 
     </span>
    </p>
   </div>
   <div class='ocr_carea' id='block_1_69' title="bbox 1688 2681 3226 2754">
    <p class='ocr_par' dir='ltr' id='par_1_69' title="bbox 1688 2681 3226 2754">
     <span class='ocr_line' id='line_1_69' title="bbox 1688 2681 3226 2754; baseline -0.008 -10"><span class='ocrx_word' id='word_1_505' title='bbox 1688 2690 1896 2745; x_wconf 88' lang='lat' dir='ltr'><strong>oriente</strong></span> <span class='ocrx_word' id='word_1_506' title='bbox 1940 2685 2210 2751; x_wconf 87' lang='lat' dir='ltr'><strong>statuerit,</strong></span> <span class='ocrx_word' id='word_1_507' title='bbox 2253 2694 2416 2754; x_wconf 83' lang='lat' dir='ltr'><strong>atque</strong></span> <span class='ocrx_word' id='word_1_508' title='bbox 2451 2685 2524 2737; x_wconf 83' lang='lat' dir='ltr'><strong>ita</strong></span> <span class='ocrx_word' id='word_1_509' title='bbox 2582 2684 3050 2738; x_wconf 84' lang='lat' dir='ltr'><strong>constellationum</strong></span> <span class='ocrx_word' id='word_1_510' title='bbox 3083 2681 3226 2734; x_wconf 48' lang='lat' dir='ltr'><strong>aliam</strong></span> 
     </span>
    </p>
   </div>
   <div class='ocr_carea' id='block_1_70' title="bbox 1689 2773 3227 2844">
    <p class='ocr_par' dir='ltr' id='par_1_70' title="bbox 1689 2773 3227 2844">
     <span class='ocr_line' id='line_1_70' title="bbox 1689 2773 3227 2844; baseline -0.007 -9"><span class='ocrx_word' id='word_1_511' title='bbox 1689 2797 1810 2835; x_wconf 88' lang='lat' dir='ltr'><strong>rum</strong></span> <span class='ocrx_word' id='word_1_512' title='bbox 1857 2787 2006 2835; x_wconf 88' lang='lat' dir='ltr'><strong>ortus</strong></span> <span class='ocrx_word' id='word_1_513' title='bbox 2055 2785 2108 2832; x_wconf 90' lang='lat' dir='ltr'><strong>et</strong></span> <span class='ocrx_word' id='word_1_514' title='bbox 2162 2789 2391 2832; x_wconf 84' lang='lat' dir='ltr'><strong>occasus</strong></span> <span class='ocrx_word' id='word_1_515' title='bbox 2427 2775 2747 2844; x_wconf 82' lang='lat' dir='ltr'><strong>explicarit,</strong></span> <span class='ocrx_word' id='word_1_516' title='bbox 2799 2774 3035 2841; x_wconf 88' lang='lat' dir='ltr'><strong>medium</strong></span> <span class='ocrx_word' id='word_1_517' title='bbox 3083 2773 3227 2831; x_wconf 52' lang='lat' dir='ltr'><strong>dune</strong></span> 
     </span>
    </p>
   </div>
   <div class='ocr_carea' id='block_1_71' title="bbox 1693 2865 3233 2940">
    <p class='ocr_par' dir='ltr' id='par_1_71' title="bbox 1693 2865 3233 2940">
     <span class='ocr_line' id='line_1_71' title="bbox 1693 2865 3233 2940; baseline -0.005 -15"><span class='ocrx_word' id='word_1_518' title='bbox 1693 2879 1838 2926; x_wconf 91' lang='lat' dir='ltr'><strong>taxat</strong></span> <span class='ocrx_word' id='word_1_519' title='bbox 1885 2869 2201 2940; x_wconf 81' lang='lat' dir='ltr'><strong>Aquarium.</strong></span> <span class='ocrx_word' id='word_1_520' title='bbox 2237 2867 2565 2923; x_wconf 89' lang='lat' dir='ltr'><strong>exorientem</strong></span> <span class='ocrx_word' id='word_1_521' title='bbox 2633 2865 2821 2921; x_wconf 81' lang='lat' dir='ltr'><strong>fecerit</strong></span> <span class='ocrx_word' id='word_1_522' title='bbox 2848 2904 2863 2929; x_wconf 90' lang='lat'><strong>,</strong></span> <span class='ocrx_word' id='word_1_523' title='bbox 2916 2865 2999 2918; x_wconf 86' lang='lat' dir='ltr'><strong>bis</strong></span> <span class='ocrx_word' id='word_1_524' title='bbox 3060 2865 3233 2920; x_wconf 52' lang='lat' dir='ltr'><strong>versi:-</strong></span> 
     </span>
    </p>
   </div>
   <div class='ocr_carea' id='block_1_72' title="bbox 1689 2967 1838 3021">
    <p class='ocr_par' dir='ltr' id='par_1_72' title="bbox 1689 2967 1838 3021">
     <span class='ocr_line' id='line_1_72' title="bbox 1689 2967 1838 3021; baseline -0.013 -1"><span class='ocrx_word' id='word_1_525' title='bbox 1689 2967 1792 3021; x_wconf 87' lang='lat' dir='ltr'><strong>bus</strong></span> <span class='ocrx_word' id='word_1_526' title='bbox 1826 2985 1838 3018; x_wconf 93' lang='lat'><strong>:</strong></span> 
     </span>
    </p>
   </div>
   <div class='ocr_carea' id='block_1_73' title="bbox 1759 3050 2775 3124">
    <p class='ocr_par' dir='ltr' id='par_1_73' title="bbox 1759 3050 2775 3124">
     <span class='ocr_line' id='line_1_73' title="bbox 1759 3050 2775 3124; baseline -0.005 -15"><span class='ocrx_word' id='word_1_527' title='bbox 1759 3055 1938 3124; x_wconf 76' lang='lat' dir='ltr'><strong>Equus</strong></span> <span class='ocrx_word' id='word_1_528' title='bbox 1967 3071 2082 3108; x_wconf 81' lang='lat' dir='ltr'><strong>vero</strong></span> <span class='ocrx_word' id='word_1_529' title='bbox 2111 3054 2340 3121; x_wconf 80' lang='lat' dir='ltr'><strong>Aquario</strong></span> <span class='ocrx_word' id='word_1_530' title='bbox 2372 3050 2540 3124; x_wconf 71' lang='lat' dir='ltr'><strong>medio</strong></span> <span class='ocrx_word' id='word_1_531' title='bbox 2582 3052 2775 3106; x_wconf 77' lang='lat' dir='ltr'><strong>oriente</strong></span> 
     </span>
    </p>
   </div>
   <div class='ocr_carea' id='block_1_74' title="bbox 1762 3121 2566 3190">
    <p class='ocr_par' dir='ltr' id='par_1_74' title="bbox 1762 3121 2566 3190">
     <span class='ocr_line' id='line_1_74' title="bbox 1762 3121 2566 3190; baseline -0.006 -11"><span class='ocrx_word' id='word_1_532' title='bbox 1762 3121 1986 3179; x_wconf 78' lang='lat' dir='ltr'><strong>Pedibus</strong></span> <span class='ocrx_word' id='word_1_533' title='bbox 2012 3133 2061 3178; x_wconf 85' lang='lat' dir='ltr'><strong>et</strong></span> <span class='ocrx_word' id='word_1_534' title='bbox 2087 3124 2252 3190; x_wconf 80' lang='lat' dir='ltr'><strong>capite</strong></span> <span class='ocrx_word' id='word_1_535' title='bbox 2274 3121 2566 3175; x_wconf 74' lang='lat' dir='ltr'><strong>revolvitur.</strong></span> 
     </span>
    </p>
   </div>
   <div class='ocr_carea' id='block_1_75' title="bbox 1691 3223 3237 3306">
    <p class='ocr_par' dir='ltr' id='par_1_75' title="bbox 1691 3223 3237 3306">
     <span class='ocr_line' id='line_1_75' title="bbox 1691 3223 3237 3306; baseline -0.005 -13"><span class='ocrx_word' id='word_1_536' title='bbox 1691 3237 1817 3306; x_wconf 70' lang='lat' dir='ltr'><strong>Haec</strong></span> <span class='ocrx_word' id='word_1_537' title='bbox 1845 3252 1967 3292; x_wconf 91' lang='lat' dir='ltr'><strong>cum</strong></span> <span class='ocrx_word' id='word_1_538' title='bbox 2010 3237 2291 3306; x_wconf 60' lang='lat' dir='ltr'><strong>quaesisset</strong></span> <span class='ocrx_word' id='word_1_539' title='bbox 2334 3234 2564 3295; x_wconf 87' lang='lat' dir='ltr'><strong>Attalus.</strong></span> <span class='ocrx_word' id='word_1_540' title='bbox 2593 3223 2829 3289; x_wconf 71' lang='lat' dir='ltr'><strong>erret‘em</strong></span> <span class='ocrx_word' id='word_1_541' title='bbox 2874 3247 2995 3288; x_wconf 90' lang='lat' dir='ltr'><strong>esse</strong></span> <span class='ocrx_word' id='word_1_542' title='bbox 3018 3248 3237 3304; x_wconf 80' lang='lat' dir='ltr'><strong>respon-</strong></span> 
     </span>
    </p>
   </div>
   <div class='ocr_carea' id='block_1_76' title="bbox 1693 3325 2632 3400">
    <p class='ocr_par' dir='ltr' id='par_1_76' title="bbox 1693 3325 2632 3400">
     <span class='ocr_line' id='line_1_76' title="bbox 1693 3325 2632 3400; baseline -0.007 -15"><span class='ocrx_word' id='word_1_543' title='bbox 1693 3332 1799 3394; x_wconf 93' lang='lat' dir='ltr'><strong>dit,</strong></span> <span class='ocrx_word' id='word_1_544' title='bbox 1841 3331 2020 3400; x_wconf 87' lang='lat' dir='ltr'><strong>itaque</strong></span> <span class='ocrx_word' id='word_1_545' title='bbox 2048 3327 2390 3384; x_wconf 86' lang='lat' dir='ltr'><strong>scribendum</strong></span> <span class='ocrx_word' id='word_1_546' title='bbox 2422 3325 2589 3380; x_wconf 85' lang='lat' dir='ltr'><strong>videri</strong></span> <span class='ocrx_word' id='word_1_547' title='bbox 2618 3343 2632 3379; x_wconf 90' lang='lat'><strong>:</strong></span> 
     </span>
    </p>
   </div>
   <div class='ocr_carea' id='block_1_77' title="bbox 1764 3437 2804 3512">
    <p class='ocr_par' dir='ltr' id='par_1_77' title="bbox 1764 3437 2804 3512">
     <span class='ocr_line' id='line_1_77' title="bbox 1764 3437 2804 3512; baseline -0.002 -15"><span class='ocrx_word' id='word_1_548' title='bbox 1764 3442 1941 3512; x_wconf 80' lang='lat' dir='ltr'><strong>Equus</strong></span> <span class='ocrx_word' id='word_1_549' title='bbox 1978 3458 2092 3497; x_wconf 78' lang='lat' dir='ltr'><strong>vero</strong></span> <span class='ocrx_word' id='word_1_550' title='bbox 2125 3441 2355 3510; x_wconf 83' lang='lat' dir='ltr'><strong>Aquario</strong></span> <span class='ocrx_word' id='word_1_551' title='bbox 2390 3454 2561 3493; x_wconf 77' lang='lat' dir='ltr'><strong>recens</strong></span> <span class='ocrx_word' id='word_1_552' title='bbox 2591 3437 2804 3496; x_wconf 77' lang='lat' dir='ltr'><strong>oriente.</strong></span> 
     </span>
    </p>
   </div>
   <div class='ocr_carea' id='block_1_78' title="bbox 1766 3568 3206 3642">
    <p class='ocr_par' dir='ltr' id='par_1_78' title="bbox 1766 3568 3206 3642">
     <span class='ocr_line' id='line_1_78' title="bbox 1766 3568 3206 3642; baseline -0.001 -14"><span class='ocrx_word' id='word_1_553' title='bbox 1766 3573 1868 3628; x_wconf 92' lang='lat' dir='ltr'><strong>Sed</strong></span> <span class='ocrx_word' id='word_1_554' title='bbox 1925 3587 2096 3642; x_wconf 88' lang='lat' dir='ltr'><strong>neque</strong></span> <span class='ocrx_word' id='word_1_555' title='bbox 2139 3571 2380 3634; x_wconf 84' lang='lat' dir='ltr'><strong>Attalus,</strong></span> <span class='ocrx_word' id='word_1_556' title='bbox 2434 3587 2607 3641; x_wconf 89' lang='lat' dir='ltr'><strong>neque</strong></span> <span class='ocrx_word' id='word_1_557' title='bbox 2653 3568 2828 3627; x_wconf 68' lang='lat' dir='ltr'><strong>caeteri</strong></span> <span class='ocrx_word' id='word_1_558' title='bbox 2875 3581 3043 3641; x_wconf 62' lang='lat' dir='ltr'><strong>poeta:</strong></span> <span class='ocrx_word' id='word_1_559' title='bbox 3084 3588 3206 3628; x_wconf 91' lang='lat' dir='ltr'><strong>men</strong></span> 
     </span>
    </p>
   </div>
   <div class='ocr_carea' id='block_1_79' title="bbox 1697 3659 3239 3734">
    <p class='ocr_par' dir='ltr' id='par_1_79' title="bbox 1697 3659 3239 3734">
     <span class='ocr_line' id='line_1_79' title="bbox 1697 3659 3239 3734; baseline 0.001 -18"><span class='ocrx_word' id='word_1_560' title='bbox 1697 3673 1802 3717; x_wconf 93' lang='lat' dir='ltr'><strong>tem</strong></span> <span class='ocrx_word' id='word_1_561' title='bbox 1863 3659 2356 3716; x_wconf 83' lang='lat' dir='ltr'><strong>animadverterunt</strong></span> <span class='ocrx_word' id='word_1_562' title='bbox 2403 3680 2416 3715; x_wconf 89' lang='lat'><strong>:</strong></span> <span class='ocrx_word' id='word_1_563' title='bbox 2466 3662 2575 3716; x_wconf 89' lang='lat' dir='ltr'><strong>imo</strong></span> <span class='ocrx_word' id='word_1_564' title='bbox 2626 3677 2693 3717; x_wconf 92' lang='lat' dir='ltr'><strong>ne</strong></span> <span class='ocrx_word' id='word_1_565' title='bbox 2749 3665 2917 3732; x_wconf 84' lang='lat' dir='ltr'><strong>ipsam</strong></span> <span class='ocrx_word' id='word_1_566' title='bbox 2977 3663 3239 3734; x_wconf 84' lang='lat' dir='ltr'><strong>quidem,</strong></span> 
     </span>
    </p>
   </div>
   <div class='ocr_carea' id='block_1_80' title="bbox 1703 3752 3234 3823">
    <p class='ocr_par' dir='ltr' id='par_1_80' title="bbox 1703 3752 3234 3823">
     <span class='ocr_line' id='line_1_80' title="bbox 1703 3752 3234 3823; baseline -0.001 -15"><span class='ocrx_word' id='word_1_567' title='bbox 1703 3762 1761 3808; x_wconf 91' lang='lat' dir='ltr'><strong>ut</strong></span> <span class='ocrx_word' id='word_1_568' title='bbox 1791 3753 2002 3823; x_wconf 90' lang='lat' dir='ltr'><strong>opinor,</strong></span> <span class='ocrx_word' id='word_1_569' title='bbox 2048 3754 2435 3822; x_wconf 88' lang='lat' dir='ltr'><strong>apparentiam.</strong></span> <span class='ocrx_word' id='word_1_570' title='bbox 2489 3752 2699 3807; x_wconf 88' lang='lat' dir='ltr'><strong>Etenim</strong></span> <span class='ocrx_word' id='word_1_571' title='bbox 2727 3753 2998 3823; x_wconf 84' lang='lat' dir='ltr'><strong>Aquarius</strong></span> <span class='ocrx_word' id='word_1_572' title='bbox 3035 3770 3098 3810; x_wconf 92' lang='lat' dir='ltr'><strong>eo</strong></span> <span class='ocrx_word' id='word_1_573' title='bbox 3128 3756 3234 3809; x_wconf 90' lang='lat' dir='ltr'><strong>situ</strong></span> 
     </span>
    </p>
   </div>
   <div class='ocr_carea' id='block_1_81' title="bbox 1697 3845 3236 3916">
    <p class='ocr_par' dir='ltr' id='par_1_81' title="bbox 1697 3845 3236 3916">
     <span class='ocr_line' id='line_1_81' title="bbox 1697 3845 3236 3916; baseline -0.003 -15"><span class='ocrx_word' id='word_1_574' title='bbox 1697 3846 2017 3912; x_wconf 83' lang='lat' dir='ltr'><strong>collocatus,</strong></span> <span class='ocrx_word' id='word_1_575' title='bbox 2050 3853 2110 3898; x_wconf 91' lang='lat' dir='ltr'><strong>ut</strong></span> <span class='ocrx_word' id='word_1_576' title='bbox 2155 3860 2185 3898; x_wconf 90' lang='lat' dir='ltr'><strong>a</strong></span> <span class='ocrx_word' id='word_1_577' title='bbox 2222 3845 2446 3900; x_wconf 90' lang='lat' dir='ltr'><strong>meridie</strong></span> <span class='ocrx_word' id='word_1_578' title='bbox 2482 3846 2548 3901; x_wconf 87' lang='lat' dir='ltr'><strong>ad</strong></span> <span class='ocrx_word' id='word_1_579' title='bbox 2589 3847 2983 3916; x_wconf 87' lang='lat' dir='ltr'><strong>septentriones</strong></span> <span class='ocrx_word' id='word_1_580' title='bbox 3010 3853 3191 3915; x_wconf 89' lang='lat' dir='ltr'><strong>vergat</strong></span> <span class='ocrx_word' id='word_1_581' title='bbox 3223 3864 3236 3910; x_wconf 88' lang='lat'><strong>;</strong></span> 
     </span>
    </p>
   </div>
   <div class='ocr_carea' id='block_1_82' title="bbox 1698 3925 3240 4007">
    <p class='ocr_par' dir='ltr' id='par_1_82' title="bbox 1698 3925 3240 4007">
     <span class='ocr_line' id='line_1_82' title="bbox 1698 3925 3240 4007; baseline -0.002 -14"><span class='ocrx_word' id='word_1_582' title='bbox 1698 3937 1766 3994; x_wconf 88' lang='lat' dir='ltr'><strong>iis</strong></span> <span class='ocrx_word' id='word_1_583' title='bbox 1817 3937 2065 4007; x_wconf 85' lang='lat' dir='ltr'><strong>partibus</strong></span> <span class='ocrx_word' id='word_1_584' title='bbox 2109 3951 2228 4006; x_wconf 68' lang='lat' dir='ltr'><strong>qua:</strong></span> <span class='ocrx_word' id='word_1_585' title='bbox 2270 3946 2394 3992; x_wconf 87' lang='lat' dir='ltr'><strong>sunt</strong></span> <span class='ocrx_word' id='word_1_586' title='bbox 2421 3925 2487 3990; x_wconf 88' lang='lat' dir='ltr'><strong>ad</strong></span> <span class='ocrx_word' id='word_1_587' title='bbox 2536 3947 2724 4007; x_wconf 89' lang='lat' dir='ltr'><strong>pectus</strong></span> <span class='ocrx_word' id='word_1_588' title='bbox 2763 3945 3048 4006; x_wconf 87' lang='lat' dir='ltr'><strong>caputque,</strong></span> <span class='ocrx_word' id='word_1_589' title='bbox 3101 3938 3240 3990; x_wconf 89' lang='lat' dir='ltr'><strong>mul-</strong></span> 
     </span>
    </p>
   </div>
   <div class='ocr_carea' id='block_1_83' title="bbox 1698 4027 3239 4100">
    <p class='ocr_par' dir='ltr' id='par_1_83' title="bbox 1698 4027 3239 4100">
     <span class='ocr_line' id='line_1_83' title="bbox 1698 4027 3239 4100; baseline -0.003 -14"><span class='ocrx_word' id='word_1_590' title='bbox 1698 4039 1812 4086; x_wconf 89' lang='lat' dir='ltr'><strong>tum</strong></span> <span class='ocrx_word' id='word_1_591' title='bbox 1837 4045 1864 4084; x_wconf 92' lang='lat' dir='ltr'><strong>a</strong></span> <span class='ocrx_word' id='word_1_592' title='bbox 1893 4031 2112 4085; x_wconf 83' lang='lat' dir='ltr'><strong>zodiaca</strong></span> <span class='ocrx_word' id='word_1_593' title='bbox 2135 4028 2369 4083; x_wconf 89' lang='lat' dir='ltr'><strong>declinat</strong></span> <span class='ocrx_word' id='word_1_594' title='bbox 2391 4029 2458 4084; x_wconf 91' lang='lat' dir='ltr'><strong>ad</strong></span> <span class='ocrx_word' id='word_1_595' title='bbox 2480 4030 2806 4100; x_wconf 90' lang='lat' dir='ltr'><strong>aquilonem;</strong></span> <span class='ocrx_word' id='word_1_596' title='bbox 2831 4044 2949 4099; x_wconf 67' lang='lat' dir='ltr'><strong>quae</strong></span> <span class='ocrx_word' id='word_1_597' title='bbox 2967 4028 3031 4082; x_wconf 87' lang='lat' dir='ltr'><strong>ad</strong></span> <span class='ocrx_word' id='word_1_598' title='bbox 3056 4027 3239 4098; x_wconf 83' lang='lat' dir='ltr'><strong>pedes.</strong></span> 
     </span>
    </p>
   </div>
   <div class='ocr_carea' id='block_1_84' title="bbox 1700 4119 3244 4202">
    <p class='ocr_par' dir='ltr' id='par_1_84' title="bbox 1700 4119 3244 4202">
     <span class='ocr_line' id='line_1_84' title="bbox 1700 4119 3244 4202; baseline -0.001 -25"><span class='ocrx_word' id='word_1_599' title='bbox 1700 4123 2046 4177; x_wconf 87' lang='lat' dir='ltr'><strong>australiores</strong></span> <span class='ocrx_word' id='word_1_600' title='bbox 2059 4128 2186 4176; x_wconf 87' lang='lat' dir='ltr'><strong>sunt</strong></span> <span class='ocrx_word' id='word_1_601' title='bbox 2206 4121 2425 4175; x_wconf 87' lang='lat' dir='ltr'><strong>zodiaco</strong></span> <span class='ocrx_word' id='word_1_602' title='bbox 2446 4121 2673 4202; x_wconf 82' lang='lat' dir='ltr'><strong>circulo;</strong></span> <span class='ocrx_word' id='word_1_603' title='bbox 2694 4119 2870 4177; x_wconf 88' lang='lat' dir='ltr'><strong>media</strong></span> <span class='ocrx_word' id='word_1_604' title='bbox 2887 4120 3056 4190; x_wconf 88' lang='lat' dir='ltr'><strong>ipsius</strong></span> <span class='ocrx_word' id='word_1_605' title='bbox 3084 4121 3136 4174; x_wconf 92' lang='lat' dir='ltr'><strong>in</strong></span> <span class='ocrx_word' id='word_1_606' title='bbox 3160 4135 3244 4175; x_wconf 80' lang='lat' dir='ltr'><strong>zo-</strong></span> 
     </span>
    </p>
   </div>
   <div class='ocr_carea' id='block_1_85' title="bbox 1701 4211 3243 4279">
    <p class='ocr_par' dir='ltr' id='par_1_85' title="bbox 1701 4211 3243 4279">
     <span class='ocr_line' id='line_1_85' title="bbox 1701 4211 3243 4279; baseline -0.001 -11"><span class='ocrx_word' id='word_1_607' title='bbox 1701 4214 1857 4268; x_wconf 86' lang='lat' dir='ltr'><strong>diaco</strong></span> <span class='ocrx_word' id='word_1_608' title='bbox 1882 4213 2246 4267; x_wconf 90' lang='lat' dir='ltr'><strong>collocantur.</strong></span> <span class='ocrx_word' id='word_1_609' title='bbox 2279 4211 2637 4279; x_wconf 74' lang='lat' dir='ltr'><strong>QuamObrem</strong></span> <span class='ocrx_word' id='word_1_610' title='bbox 2665 4229 2786 4269; x_wconf 92' lang='lat' dir='ltr'><strong>cum</strong></span> <span class='ocrx_word' id='word_1_611' title='bbox 2817 4213 3014 4269; x_wconf 86' lang='lat' dir='ltr'><strong>Aratus</strong></span> <span class='ocrx_word' id='word_1_612' title='bbox 3037 4213 3243 4270; x_wconf 81' lang='lat' dir='ltr'><strong>zodiaci</strong></span> 
     </span>
    </p>
   </div>
   <div class='ocr_carea' id='block_1_86' title="bbox 1699 4304 3242 4376">
    <p class='ocr_par' dir='ltr' id='par_1_86' title="bbox 1699 4304 3242 4376">
     <span class='ocr_line' id='line_1_86' title="bbox 1699 4304 3242 4376; baseline -0.003 -16"><span class='ocrx_word' id='word_1_613' title='bbox 1699 4305 2132 4360; x_wconf 89' lang='lat' dir='ltr'><strong>dodecatemoria</strong></span> <span class='ocrx_word' id='word_1_614' title='bbox 2160 4305 2215 4359; x_wconf 92' lang='lat' dir='ltr'><strong>in</strong></span> <span class='ocrx_word' id='word_1_615' title='bbox 2253 4305 2372 4376; x_wconf 91' lang='lat' dir='ltr'><strong>ipso</strong></span> <span class='ocrx_word' id='word_1_616' title='bbox 2410 4307 2797 4376; x_wconf 88' lang='lat' dir='ltr'><strong>contempletur</strong></span> <span class='ocrx_word' id='word_1_617' title='bbox 2826 4320 3071 4367; x_wconf 89' lang='lat' dir='ltr'><strong>ascensu,</strong></span> <span class='ocrx_word' id='word_1_618' title='bbox 3103 4304 3242 4366; x_wconf 87' lang='lat' dir='ltr'><strong>ideo,</strong></span> 
     </span>
    </p>
   </div>
   <div class='ocr_carea' id='block_1_87' title="bbox 1701 4393 3243 4480">
    <p class='ocr_par' dir='ltr' id='par_1_87' title="bbox 1701 4393 3243 4480">
     <span class='ocr_line' id='line_1_87' title="bbox 1701 4393 3243 4480; baseline -0.005 -28"><span class='ocrx_word' id='word_1_619' title='bbox 1701 4412 1820 4452; x_wconf 90' lang='lat' dir='ltr'><strong>cum</strong></span> <span class='ocrx_word' id='word_1_620' title='bbox 1873 4397 2145 4466; x_wconf 87' lang='lat' dir='ltr'><strong>Aquarius</strong></span> <span class='ocrx_word' id='word_1_621' title='bbox 2203 4399 2380 4453; x_wconf 89' lang='lat' dir='ltr'><strong>medio</strong></span> <span class='ocrx_word' id='word_1_622' title='bbox 2429 4411 2654 4480; x_wconf 81' lang='lat' dir='ltr'><strong>corpore</strong></span> <span class='ocrx_word' id='word_1_623' title='bbox 2693 4397 2884 4462; x_wconf 91' lang='lat' dir='ltr'><strong>oritur,</strong></span> <span class='ocrx_word' id='word_1_624' title='bbox 2918 4393 3117 4464; x_wconf 78' lang='lat' dir='ltr'><strong>Equus,</strong></span> <span class='ocrx_word' id='word_1_625' title='bbox 3147 4393 3243 4455; x_wconf 90' lang='lat' dir='ltr'><strong>ait,</strong></span> 
     </span>
    </p>
   </div>
   <div class='ocr_carea' id='block_1_88' title="bbox 82 4480 1598 4562">
    <p class='ocr_par' dir='ltr' id='par_1_88' title="bbox 82 4480 1598 4556">
     <span class='ocr_line' id='line_1_88' title="bbox 82 4480 1598 4556; baseline -0.002 -21"><span class='ocrx_word' id='word_1_626' title='bbox 82 4486 208 4539; x_wconf 77' lang='grc' dir='ltr'>κατὰ</span> <span class='ocrx_word' id='word_1_627' title='bbox 229 4488 420 4556; x_wconf 81' lang='grc' dir='ltr'>μέσον</span> <span class='ocrx_word' id='word_1_628' title='bbox 453 4488 556 4541; x_wconf 85' lang='grc' dir='ltr'><strong>τοῦ</strong></span> <span class='ocrx_word' id='word_1_629' title='bbox 587 4485 852 4554; x_wconf 74' lang='grc' dir='ltr'>σώματος</span> <span class='ocrx_word' id='word_1_630' title='bbox 877 4483 1329 4546; x_wconf 83' lang='grc' dir='ltr'>ἀνατέλλοντος,</span> <span class='ocrx_word' id='word_1_631' title='bbox 1349 4483 1381 4534; x_wconf 84' lang='grc' dir='ltr'><em>ὁ</em></span> <span class='ocrx_word' id='word_1_632' title='bbox 1405 4480 1598 4544; x_wconf 82' lang='grc' dir='ltr'>Ἵππος</span> 
     </span>
    </p>
   </div>
   <div class='ocr_carea' id='block_1_89' title="bbox 1695 4480 3244 4562">
    <p class='ocr_par' dir='ltr' id='par_1_89' title="bbox 1707 4488 3244 4559">
     <span class='ocr_line' id='line_1_89' title="bbox 1707 4488 3244 4559; baseline -0.006 -16"><span class='ocrx_word' id='word_1_633' title='bbox 1707 4488 2022 4559; x_wconf 83' lang='lat' dir='ltr'><strong>pedibusque</strong></span> <span class='ocrx_word' id='word_1_634' title='bbox 2063 4498 2113 4544; x_wconf 87' lang='lat' dir='ltr'><strong>et</strong></span> <span class='ocrx_word' id='word_1_635' title='bbox 2163 4491 2332 4559; x_wconf 81' lang='lat' dir='ltr'><strong>capite</strong></span> <span class='ocrx_word' id='word_1_636' title='bbox 2367 4489 2684 4542; x_wconf 77' lang='lat' dir='ltr'><strong>revolvitur:</strong></span> <span class='ocrx_word' id='word_1_637' title='bbox 2735 4502 2843 4540; x_wconf 90' lang='lat' dir='ltr'><strong>non</strong></span> <span class='ocrx_word' id='word_1_638' title='bbox 2891 4493 3068 4539; x_wconf 86' lang='lat' dir='ltr'><strong>autem</strong></span> <span class='ocrx_word' id='word_1_639' title='bbox 3120 4497 3244 4535; x_wconf 84' lang='lat' dir='ltr'><strong>cum</strong></span> 
     </span>
    </p>
   </div>
   <div class='ocr_carea' id='block_1_90' title="bbox 82 4569 1608 4646">
    <p class='ocr_par' dir='ltr' id='par_1_90' title="bbox 82 4569 1608 4646">
     <span class='ocr_line' id='line_1_90' title="bbox 82 4569 1608 4646; baseline -0.002 -21"><span class='ocrx_word' id='word_1_640' title='bbox 82 4579 208 4629; x_wconf 76' lang='grc' dir='ltr'>ποσί</span> <span class='ocrx_word' id='word_1_641' title='bbox 236 4595 297 4631; x_wconf 86' lang='grc' dir='ltr'><strong>τε</strong></span> <span class='ocrx_word' id='word_1_642' title='bbox 323 4579 421 4631; x_wconf 81' lang='grc' dir='ltr'>καὶ</span> <span class='ocrx_word' id='word_1_643' title='bbox 462 4576 690 4646; x_wconf 66' lang='grc' dir='ltr'>κεφαλῇ</span> <span class='ocrx_word' id='word_1_644' title='bbox 722 4574 1135 4629; x_wconf 78' lang='grc' dir='ltr'>ἀνελίσσεταιο</span> <span class='ocrx_word' id='word_1_645' title='bbox 1167 4572 1258 4624; x_wconf 78' lang='grc' dir='ltr'><strong>καὶ</strong></span> <span class='ocrx_word' id='word_1_646' title='bbox 1280 4571 1400 4640; x_wconf 75' lang='grc' dir='ltr'>οὐχὶ</span> <span class='ocrx_word' id='word_1_647' title='bbox 1421 4570 1478 4623; x_wconf 83' lang='grc' dir='ltr'><strong>τὸ</strong></span> <span class='ocrx_word' id='word_1_648' title='bbox 1514 4569 1608 4641; x_wconf 88' lang='grc' dir='ltr'>μέ-</span> 
     </span>
    </p>
   </div>
   <div class='ocr_carea' id='block_1_91' title="bbox 83 4664 1612 4739">
    <p class='ocr_par' dir='ltr' id='par_1_91' title="bbox 83 4664 1612 4739">
     <span class='ocr_line' id='line_1_91' title="bbox 83 4664 1612 4739; baseline -0.001 -21"><span class='ocrx_word' id='word_1_649' title='bbox 83 4684 161 4720; x_wconf 86' lang='grc' dir='ltr'><strong>σον</strong></span> <span class='ocrx_word' id='word_1_650' title='bbox 186 4671 273 4722; x_wconf 89' lang='grc' dir='ltr'><strong>τοῦ</strong></span> <span class='ocrx_word' id='word_1_651' title='bbox 301 4673 359 4722; x_wconf 74' lang='grc' dir='ltr'>ὲν</span> <span class='ocrx_word' id='word_1_652' title='bbox 393 4671 470 4739; x_wconf 84' lang='grc' dir='ltr'><strong>τῷ</strong></span> <span class='ocrx_word' id='word_1_653' title='bbox 511 4666 951 4738; x_wconf 80' lang='grc' dir='ltr'>δωδεκατημορίῳ</span> <span class='ocrx_word' id='word_1_654' title='bbox 987 4669 1206 4736; x_wconf 82' lang='grc' dir='ltr'>μήκους,</span> <span class='ocrx_word' id='word_1_655' title='bbox 1237 4665 1311 4728; x_wconf 84' lang='grc' dir='ltr'>ὡς</span> <span class='ocrx_word' id='word_1_656' title='bbox 1345 4664 1477 4717; x_wconf 80' lang='grc' dir='ltr'>οἵτε</span> <span class='ocrx_word' id='word_1_657' title='bbox 1510 4680 1612 4716; x_wconf 82' lang='grc' dir='ltr'>πα·-</span> 
     </span>
    </p>
   </div>
   <div class='ocr_carea' id='block_1_92' title="bbox 83 4753 1610 4830">
    <p class='ocr_par' dir='ltr' id='par_1_92' title="bbox 83 4753 1610 4830">
     <span class='ocr_line' id='line_1_92' title="bbox 83 4753 1610 4830; baseline -0.003 -20"><span class='ocrx_word' id='word_1_658' title='bbox 83 4757 204 4812; x_wconf 72' lang='grc' dir='ltr'>λαιοὶ</span> <span class='ocrx_word' id='word_1_659' title='bbox 232 4764 322 4815; x_wconf 73' lang='grc' dir='ltr'><strong>καὶ</strong></span> <span class='ocrx_word' id='word_1_660' title='bbox 353 4765 382 4814; x_wconf 90' lang='grc' dir='ltr'>ὁ</span> <span class='ocrx_word' id='word_1_661' title='bbox 417 4762 672 4823; x_wconf 77' lang='grc' dir='ltr'><strong>νΑτταλος</strong></span> <span class='ocrx_word' id='word_1_662' title='bbox 698 4761 988 4830; x_wconf 79' lang='grc' dir='ltr'>ἐκδέχεται.</span> <span class='ocrx_word' id='word_1_663' title='bbox 1025 4758 1336 4824; x_wconf 85' lang='grc' dir='ltr'>Ἀναγκαῖον</span> <span class='ocrx_word' id='word_1_664' title='bbox 1361 4753 1450 4808; x_wconf 77' lang='grc' dir='ltr'><strong>οὖν</strong></span> <span class='ocrx_word' id='word_1_665' title='bbox 1476 4753 1610 4807; x_wconf 76' lang='grc' dir='ltr'>εἶναι</span> 
     </span>
    </p>
   </div>
   <div class='ocr_carea' id='block_1_93' title="bbox 83 4845 1612 4922">
    <p class='ocr_par' dir='ltr' id='par_1_93' title="bbox 83 4845 1612 4922">
     <span class='ocr_line' id='line_1_93' title="bbox 83 4845 1612 4922; baseline -0.001 -23"><span class='ocrx_word' id='word_1_666' title='bbox 83 4847 209 4902; x_wconf 84' lang='grc' dir='ltr'>δοκεῖ</span> <span class='ocrx_word' id='word_1_667' title='bbox 240 4871 323 4922; x_wconf 90' lang='grc' dir='ltr'><strong>μοι</strong></span> <span class='ocrx_word' id='word_1_668' title='bbox 361 4852 433 4922; x_wconf 84' lang='grc' dir='ltr'>μὴ</span> <span class='ocrx_word' id='word_1_669' title='bbox 481 4852 814 4921; x_wconf 86' lang='grc' dir='ltr'>μετατιθέναι</span> <span class='ocrx_word' id='word_1_670' title='bbox 846 4851 932 4902; x_wconf 68' lang='grc' dir='ltr'><strong>τὸν</strong></span> <span class='ocrx_word' id='word_1_671' title='bbox 966 4849 1159 4917; x_wconf 81' lang='grc' dir='ltr'>στίχον,</span> <span class='ocrx_word' id='word_1_672' title='bbox 1195 4847 1269 4907; x_wconf 82' lang='grc' dir='ltr'><strong>ὡς</strong></span> <span class='ocrx_word' id='word_1_673' title='bbox 1295 4849 1321 4898; x_wconf 80' lang='grc' dir='ltr'>ὁ</span> <span class='ocrx_word' id='word_1_674' title='bbox 1358 4845 1612 4906; x_wconf 77' lang='grc' dir='ltr'>’Ἄτταλος</span> 
     </span>
    </p>
   </div>
   <div class='ocr_carea' id='block_1_94' title="bbox 84 4937 1612 5013">
    <p class='ocr_par' dir='ltr' id='par_1_94' title="bbox 84 4937 1612 5013">
     <span class='ocr_line' id='line_1_94' title="bbox 84 4937 1612 5013; baseline -0.003 -21"><span class='ocrx_word' id='word_1_675' title='bbox 84 4941 433 5007; x_wconf 81' lang='grc' dir='ltr'>ὑποδεικνύει,</span> <span class='ocrx_word' id='word_1_676' title='bbox 467 4947 523 4997; x_wconf 80' lang='grc' dir='ltr'><strong>ὲν</strong></span> <span class='ocrx_word' id='word_1_677' title='bbox 549 4944 679 4995; x_wconf 77' lang='grc' dir='ltr'>πᾶσί</span> <span class='ocrx_word' id='word_1_678' title='bbox 709 4961 770 5011; x_wconf 88' lang='grc' dir='ltr'><strong>γε</strong></span> <span class='ocrx_word' id='word_1_679' title='bbox 813 4943 875 5013; x_wconf 79' lang='grc' dir='ltr'>δὴ</span> <span class='ocrx_word' id='word_1_680' title='bbox 915 4945 1024 5004; x_wconf 83' lang='grc' dir='ltr'>τοῖς</span> <span class='ocrx_word' id='word_1_681' title='bbox 1062 4937 1407 5008; x_wconf 79' lang='grc' dir='ltr'>ἀντιγράφοις</span> <span class='ocrx_word' id='word_1_682' title='bbox 1442 4937 1612 4999; x_wconf 72' lang='grc' dir='ltr'>οὕτως</span> 
     </span>
    </p>
   </div>
   <div class='ocr_carea' id='block_1_95' title="bbox 85 5034 618 5109">
    <p class='ocr_par' dir='ltr' id='par_1_95' title="bbox 85 5034 618 5109">
     <span class='ocr_line' id='line_1_95' title="bbox 85 5034 618 5109; baseline 0.008 -27"><span class='ocrx_word' id='word_1_683' title='bbox 85 5034 231 5089; x_wconf 81' lang='grc' dir='ltr'>αὑτοῦ</span> <span class='ocrx_word' id='word_1_684' title='bbox 260 5036 618 5109; x_wconf 86' lang='grc' dir='ltr'>γραφομένου.</span> 
     </span>
    </p>
   </div>
   <div class='ocr_carea' id='block_1_96' title="bbox 156 5123 1612 5195">
    <p class='ocr_par' dir='ltr' id='par_1_96' title="bbox 156 5123 1612 5195">
     <span class='ocr_line' id='line_1_96' title="bbox 156 5123 1612 5195; baseline -0.002 -17"><span class='ocrx_word' id='word_1_685' title='bbox 156 5125 209 5178; x_wconf 80' lang='lat'><strong>‘0</strong></span> <span class='ocrx_word' id='word_1_686' title='bbox 244 5129 298 5181; x_wconf 83' lang='grc' dir='ltr'>δὲ</span> <span class='ocrx_word' id='word_1_687' title='bbox 342 5127 564 5192; x_wconf 74' lang='grc' dir='ltr'>Εὔδοξος</span> <span class='ocrx_word' id='word_1_688' title='bbox 615 5127 796 5192; x_wconf 85' lang='grc' dir='ltr'>ἀγνοεῖ</span> <span class='ocrx_word' id='word_1_689' title='bbox 845 5127 968 5195; x_wconf 84' lang='grc' dir='ltr'>περί</span> <span class='ocrx_word' id='word_1_690' title='bbox 1007 5143 1064 5177; x_wconf 90' lang='grc' dir='ltr'><strong>τε</strong></span> <span class='ocrx_word' id='word_1_691' title='bbox 1108 5124 1205 5192; x_wconf 72' lang='grc' dir='ltr'><strong>τῆς</strong></span> <span class='ocrx_word' id='word_1_692' title='bbox 1253 5123 1612 5185; x_wconf 82' lang='grc' dir='ltr'>Κασσιεπείας</span> 
     </span>
    </p>
   </div>
   <div class='ocr_carea' id='block_1_97' title="bbox 88 5213 1613 5287">
    <p class='ocr_par' dir='ltr' id='par_1_97' title="bbox 88 5213 1613 5287">
     <span class='ocr_line' id='line_1_97' title="bbox 88 5213 1613 5287; baseline 0.004 -27"><span class='ocrx_word' id='word_1_693' title='bbox 88 5213 169 5264; x_wconf 81' lang='grc' dir='ltr'><strong>καὶ</strong></span> <span class='ocrx_word' id='word_1_694' title='bbox 197 5217 284 5268; x_wconf 80' lang='grc' dir='ltr'><strong>τοῦ</strong></span> <span class='ocrx_word' id='word_1_695' title='bbox 321 5219 586 5287; x_wconf 83' lang='grc' dir='ltr'>Δελφῖνος.</span> <span class='ocrx_word' id='word_1_696' title='bbox 618 5217 691 5268; x_wconf 76' lang='grc' dir='ltr'><strong>Οὐ</strong></span> <span class='ocrx_word' id='word_1_697' title='bbox 731 5214 837 5284; x_wconf 81' lang='grc' dir='ltr'>γὰρ</span> <span class='ocrx_word' id='word_1_698' title='bbox 875 5215 949 5284; x_wconf 80' lang='grc' dir='ltr'>τῷ</span> <span class='ocrx_word' id='word_1_699' title='bbox 991 5215 1264 5285; x_wconf 83' lang='grc' dir='ltr'>Αἰγόκερῳ</span> <span class='ocrx_word' id='word_1_700' title='bbox 1306 5215 1613 5267; x_wconf 89' lang='grc' dir='ltr'>συνανατέλ-</span> 
     </span>
    </p>
   </div>
   <div class='ocr_carea' id='block_1_98' title="bbox 90 5297 1610 5376">
    <p class='ocr_par' dir='ltr' id='par_1_98' title="bbox 90 5297 1610 5376">
     <span class='ocr_line' id='line_1_98' title="bbox 90 5297 1610 5376; baseline 0.007 -29"><span class='ocrx_word' id='word_1_701' title='bbox 90 5297 186 5350; x_wconf 84' lang='grc' dir='ltr'>λει·</span> <span class='ocrx_word' id='word_1_702' title='bbox 213 5304 321 5358; x_wconf 81' lang='grc' dir='ltr'>ἀλλ’</span> <span class='ocrx_word' id='word_1_703' title='bbox 353 5309 384 5376; x_wconf 86' lang='grc' dir='ltr'><strong>ή</strong></span> <span class='ocrx_word' id='word_1_704' title='bbox 423 5309 518 5376; x_wconf 78' lang='grc' dir='ltr'><strong>μὲν</strong></span> <span class='ocrx_word' id='word_1_705' title='bbox 549 5306 879 5361; x_wconf 80' lang='grc' dir='ltr'>Κασσιέπεια</span> <span class='ocrx_word' id='word_1_706' title='bbox 917 5308 1025 5368; x_wconf 82' lang='grc' dir='ltr'>τοῖς</span> <span class='ocrx_word' id='word_1_707' title='bbox 1056 5306 1190 5368; x_wconf 76' lang='grc' dir='ltr'>δυσὶ,</span> <span class='ocrx_word' id='word_1_708' title='bbox 1215 5304 1290 5374; x_wconf 81' lang='grc' dir='ltr'><strong>τῷ</strong></span> <span class='ocrx_word' id='word_1_709' title='bbox 1321 5321 1378 5356; x_wconf 88' lang='grc' dir='ltr'><strong>τε</strong></span> <span class='ocrx_word' id='word_1_710' title='bbox 1413 5305 1610 5376; x_wconf 79' lang='grc' dir='ltr'>Τοξότῃ</span> 
     </span>
    </p>
   </div>
   <div class='ocr_carea' id='block_1_99' title="bbox 93 5391 1612 5469">
    <p class='ocr_par' dir='ltr' id='par_1_99' title="bbox 93 5391 1612 5469">
     <span class='ocr_line' id='line_1_99' title="bbox 93 5391 1612 5469; baseline 0.007 -30"><span class='ocrx_word' id='word_1_711' title='bbox 93 5391 173 5441; x_wconf 70' lang='grc' dir='ltr'><strong>καὶ</strong></span> <span class='ocrx_word' id='word_1_712' title='bbox 203 5395 274 5464; x_wconf 82' lang='grc' dir='ltr'>τῷ</span> <span class='ocrx_word' id='word_1_713' title='bbox 309 5399 601 5468; x_wconf 80' lang='grc' dir='ltr'>Αξγόκερῳ.</span> <span class='ocrx_word' id='word_1_714' title='bbox 643 5399 896 5469; x_wconf 80' lang='grc' dir='ltr'>Ἀρχεται</span> <span class='ocrx_word' id='word_1_715' title='bbox 945 5398 1037 5466; x_wconf 72' lang='grc' dir='ltr'><strong>μὲν</strong></span> <span class='ocrx_word' id='word_1_716' title='bbox 1073 5397 1178 5467; x_wconf 80' lang='grc' dir='ltr'><strong>γὰρ</strong></span> <span class='ocrx_word' id='word_1_717' title='bbox 1220 5396 1612 5449; x_wconf 82' lang='grc' dir='ltr'>συνανατέλλειν</span> 
     </span>
    </p>
   </div>
   <div class='ocr_carea' id='block_1_100' title="bbox 94 5481 1611 5559">
    <p class='ocr_par' dir='ltr' id='par_1_100' title="bbox 94 5481 1611 5559">
     <span class='ocr_line' id='line_1_100' title="bbox 94 5481 1611 5559; baseline 0 -20"><span class='ocrx_word' id='word_1_718' title='bbox 94 5481 148 5550; x_wconf 73' lang='grc' dir='ltr'>τῇ</span> <span class='ocrx_word' id='word_1_719' title='bbox 183 5492 225 5538; x_wconf 84' lang='grc' dir='ltr'>α’</span> <span class='ocrx_word' id='word_1_720' title='bbox 249 5491 336 5542; x_wconf 67' lang='grc' dir='ltr'><strong>καὶ</strong></span> <span class='ocrx_word' id='word_1_721' title='bbox 379 5497 425 5542; x_wconf 86' lang='grc' dir='ltr'>κ’</span> <span class='ocrx_word' id='word_1_722' title='bbox 456 5492 562 5559; x_wconf 80' lang='grc' dir='ltr'>μοί.</span> <span class='ocrx_word' id='word_1_723' title='bbox 588 5491 678 5543; x_wconf 89' lang='grc' dir='ltr'><strong>τοῦ</strong></span> <span class='ocrx_word' id='word_1_724' title='bbox 712 5490 934 5554; x_wconf 74' lang='grc' dir='ltr'>Τοξότου</span> <span class='ocrx_word' id='word_1_725' title='bbox 966 5505 977 5517; x_wconf 80' lang='lat'><strong><em>°</em></strong></span> <span class='ocrx_word' id='word_1_726' title='bbox 1023 5488 1240 5558; x_wconf 75' lang='grc' dir='ltr'>ἔσχατον</span> <span class='ocrx_word' id='word_1_727' title='bbox 1282 5488 1335 5539; x_wconf 86' lang='grc' dir='ltr'>δὲ</span> <span class='ocrx_word' id='word_1_728' title='bbox 1383 5504 1611 5541; x_wconf 89' lang='grc' dir='ltr'>συνανα-</span> 
     </span>
    </p>
   </div>
   <div class='ocr_carea' id='block_1_101' title="bbox 95 5573 1613 5652">
    <p class='ocr_par' dir='ltr' id='par_1_101' title="bbox 95 5573 1613 5652">
     <span class='ocr_line' id='line_1_101' title="bbox 95 5573 1613 5652; baseline 0.007 -31"><span class='ocrx_word' id='word_1_729' title='bbox 95 5573 246 5628; x_wconf 80' lang='grc' dir='ltr'>τέλλει</span> <span class='ocrx_word' id='word_1_730' title='bbox 275 5585 338 5651; x_wconf 75' lang='grc' dir='ltr'>τῇ</span> <span class='ocrx_word' id='word_1_731' title='bbox 380 5581 441 5650; x_wconf 74' lang='grc' dir='ltr'><strong>ιβ’</strong></span> <span class='ocrx_word' id='word_1_732' title='bbox 481 5581 589 5650; x_wconf 85' lang='grc' dir='ltr'>μοί.</span> <span class='ocrx_word' id='word_1_733' title='bbox 626 5582 716 5636; x_wconf 86' lang='grc' dir='ltr'><strong>τοῦ</strong></span> <span class='ocrx_word' id='word_1_734' title='bbox 751 5581 1046 5652; x_wconf 77' lang='grc' dir='ltr'>Αἱγὸκερω.</span> <span class='ocrx_word' id='word_1_735' title='bbox 1093 5582 1148 5633; x_wconf 85' lang='lat'><strong>&#39;0</strong></span> <span class='ocrx_word' id='word_1_736' title='bbox 1179 5581 1233 5632; x_wconf 85' lang='grc' dir='ltr'><strong>δὲ</strong></span> <span class='ocrx_word' id='word_1_737' title='bbox 1261 5577 1450 5648; x_wconf 69' lang='grc' dir='ltr'>Δελφὶς</span> <span class='ocrx_word' id='word_1_738' title='bbox 1497 5579 1613 5642; x_wconf 83' lang='grc' dir='ltr'>ὅλος</span> 
     </span>
    </p>
   </div>
   <div class='ocr_carea' id='block_1_102' title="bbox 96 5663 1614 5751">
    <p class='ocr_par' dir='ltr' id='par_1_102' title="bbox 96 5663 1614 5744">
     <span class='ocr_line' id='line_1_102' title="bbox 96 5663 1614 5744; baseline -0.001 -18"><span class='ocrx_word' id='word_1_739' title='bbox 96 5663 162 5731; x_wconf 74' lang='grc' dir='ltr'><strong>τῷ</strong></span> <span class='ocrx_word' id='word_1_740' title='bbox 191 5667 376 5744; x_wconf 81' lang='grc' dir='ltr'>Τοξότῃ</span> <span class='ocrx_word' id='word_1_741' title='bbox 406 5671 769 5727; x_wconf 56' lang='grc' dir='ltr'>συκέα-κατέπλει</span> <span class='ocrx_word' id='word_1_742' title='bbox 804 5676 906 5728; x_wconf 77' lang='grc' dir='ltr'>ἀπὸ</span> <span class='ocrx_word' id='word_1_743' title='bbox 946 5676 1040 5743; x_wconf 71' lang='grc' dir='ltr'>τῆς</span> <span class='ocrx_word' id='word_1_744' title='bbox 1090 5680 1134 5726; x_wconf 90' lang='grc' dir='ltr'>κ’</span> <span class='ocrx_word' id='word_1_745' title='bbox 1177 5672 1336 5726; x_wconf 80' lang='grc' dir='ltr'>αὑτοῦ</span> <span class='ocrx_word' id='word_1_746' title='bbox 1371 5672 1475 5743; x_wconf 78' lang='grc' dir='ltr'>μοί.</span> <span class='ocrx_word' id='word_1_747' title='bbox 1514 5673 1614 5736; x_wconf 72' lang='grc' dir='ltr'><strong>ἕως</strong></span> 
     </span>
    </p>
   </div>
   <div class='ocr_carea' id='block_1_103' title="bbox 97 5759 294 5820">
    <p class='ocr_par' dir='ltr' id='par_1_103' title="bbox 97 5759 294 5820">
     <span class='ocr_line' id='line_1_103' title="bbox 97 5759 294 5820; baseline -0.015 0"><span class='ocrx_word' id='word_1_748' title='bbox 97 5759 182 5820; x_wconf 82' lang='grc' dir='ltr'><strong>τῆς</strong></span> <span class='ocrx_word' id='word_1_749' title='bbox 207 5759 294 5817; x_wconf 79' lang='grc' dir='ltr'>κδ’.</span> 
     </span>
    </p>
   </div>
   <div class='ocr_carea' id='block_1_104' title="bbox 1709 4573 3245 4653">
    <p class='ocr_par' dir='ltr' id='par_1_104' title="bbox 1709 4573 3245 4653">
     <span class='ocr_line' id='line_1_104' title="bbox 1709 4573 3245 4653; baseline -0.007 -16"><span class='ocrx_word' id='word_1_750' title='bbox 1709 4581 2061 4653; x_wconf 68' lang='lat' dir='ltr'><strong>longitudinis</strong></span> <span class='ocrx_word' id='word_1_751' title='bbox 2111 4582 2165 4635; x_wconf 90' lang='lat' dir='ltr'><strong>in</strong></span> <span class='ocrx_word' id='word_1_752' title='bbox 2202 4581 2421 4635; x_wconf 87' lang='lat' dir='ltr'><strong>zodiaco</strong></span> <span class='ocrx_word' id='word_1_753' title='bbox 2459 4579 2693 4632; x_wconf 93' lang='lat' dir='ltr'><strong>medium</strong></span> <span class='ocrx_word' id='word_1_754' title='bbox 2747 4579 2939 4641; x_wconf 86' lang='lat' dir='ltr'><strong>oritur,</strong></span> <span class='ocrx_word' id='word_1_755' title='bbox 2989 4573 3245 4644; x_wconf 85' lang='lat' dir='ltr'><strong>quemad-</strong></span> 
     </span>
    </p>
   </div>
   <div class='ocr_carea' id='block_1_105' title="bbox 1708 4668 3242 4738">
    <p class='ocr_par' dir='ltr' id='par_1_105' title="bbox 1708 4668 3242 4738">
     <span class='ocr_line' id='line_1_105' title="bbox 1708 4668 3242 4738; baseline -0.008 -9"><span class='ocrx_word' id='word_1_756' title='bbox 1708 4675 1926 4729; x_wconf 90' lang='lat' dir='ltr'><strong>modum</strong></span> <span class='ocrx_word' id='word_1_757' title='bbox 1962 4681 2073 4726; x_wconf 84' lang='lat' dir='ltr'><strong>tam</strong></span> <span class='ocrx_word' id='word_1_758' title='bbox 2104 4670 2336 4735; x_wconf 86' lang='lat' dir='ltr'><strong>Attalus,</strong></span> <span class='ocrx_word' id='word_1_759' title='bbox 2381 4683 2540 4738; x_wconf 91' lang='lat' dir='ltr'><strong>quam</strong></span> <span class='ocrx_word' id='word_1_760' title='bbox 2589 4675 2798 4724; x_wconf 84' lang='lat' dir='ltr'><strong>veteres</strong></span> <span class='ocrx_word' id='word_1_761' title='bbox 2845 4668 3242 4722; x_wconf 85' lang='lat' dir='ltr'><strong>intellexerunt.</strong></span> 
     </span>
    </p>
   </div>
   <div class='ocr_carea' id='block_1_106' title="bbox 1709 4759 3244 4831">
    <p class='ocr_par' dir='ltr' id='par_1_106' title="bbox 1709 4759 3244 4831">
     <span class='ocr_line' id='line_1_106' title="bbox 1709 4759 3244 4831; baseline -0.007 -12"><span class='ocrx_word' id='word_1_762' title='bbox 1709 4764 1866 4819; x_wconf 82' lang='lat' dir='ltr'><strong>Nullo</strong></span> <span class='ocrx_word' id='word_1_763' title='bbox 1910 4763 2090 4831; x_wconf 88' lang='lat' dir='ltr'><strong>itaque</strong></span> <span class='ocrx_word' id='word_1_764' title='bbox 2143 4761 2302 4814; x_wconf 88' lang='lat' dir='ltr'><strong>modo</strong></span> <span class='ocrx_word' id='word_1_765' title='bbox 2367 4759 2807 4815; x_wconf 88' lang='lat' dir='ltr'><strong>commutandum</strong></span> <span class='ocrx_word' id='word_1_766' title='bbox 2854 4771 2974 4812; x_wconf 88' lang='lat' dir='ltr'><strong>esse</strong></span> <span class='ocrx_word' id='word_1_767' title='bbox 3030 4771 3244 4810; x_wconf 85' lang='lat' dir='ltr'><strong>versum</strong></span> 
     </span>
    </p>
   </div>
   <div class='ocr_carea' id='block_1_107' title="bbox 1711 4830 3263 4921">
    <p class='ocr_par' dir='ltr' id='par_1_107' title="bbox 1711 4830 3263 4921">
     <span class='ocr_line' id='line_1_107' title="bbox 1711 4830 3263 4921; baseline -0.006 -11"><span class='ocrx_word' id='word_1_768' title='bbox 1711 4858 1860 4910; x_wconf 92' lang='lat' dir='ltr'><strong>illum</strong></span> <span class='ocrx_word' id='word_1_769' title='bbox 1893 4830 2128 4909; x_wconf 79' lang='lat' dir='ltr'><strong>arbitror</strong></span> <span class='ocrx_word' id='word_1_770' title='bbox 2151 4893 2165 4915; x_wconf 94' lang='lat'><strong>,</strong></span> <span class='ocrx_word' id='word_1_771' title='bbox 2212 4859 2268 4905; x_wconf 87' lang='lat' dir='ltr'><strong>ut</strong></span> <span class='ocrx_word' id='word_1_772' title='bbox 2301 4851 2485 4905; x_wconf 78' lang='lat' dir='ltr'><strong>Attalo</strong></span> <span class='ocrx_word' id='word_1_773' title='bbox 2523 4852 2732 4921; x_wconf 87' lang='lat' dir='ltr'><strong>placet;</strong></span> <span class='ocrx_word' id='word_1_774' title='bbox 2782 4866 2904 4904; x_wconf 88' lang='lat' dir='ltr'><strong>cum</strong></span> <span class='ocrx_word' id='word_1_775' title='bbox 2949 4838 3059 4903; x_wconf 68' lang='lat' dir='ltr'><strong>non</strong></span> <span class='ocrx_word' id='word_1_776' title='bbox 3094 4830 3263 4902; x_wconf 37' lang='lat' dir='ltr'><strong>aliter.</strong></span> 
     </span>
    </p>
   </div>
   <div class='ocr_carea' id='block_1_108' title="bbox 1711 4941 2742 5014">
    <p class='ocr_par' dir='ltr' id='par_1_108' title="bbox 1711 4941 2742 5014">
     <span class='ocr_line' id='line_1_108' title="bbox 1711 4941 2742 5014; baseline -0.007 -12"><span class='ocrx_word' id='word_1_777' title='bbox 1711 4948 1767 5002; x_wconf 90' lang='lat' dir='ltr'><strong>in</strong></span> <span class='ocrx_word' id='word_1_778' title='bbox 1796 4943 2195 5014; x_wconf 82' lang='lat' dir='ltr'><strong>exemplaribus</strong></span> <span class='ocrx_word' id='word_1_779' title='bbox 2239 4941 2491 4996; x_wconf 85' lang='lat' dir='ltr'><strong>omnibus</strong></span> <span class='ocrx_word' id='word_1_780' title='bbox 2517 4942 2742 5010; x_wconf 81' lang='lat' dir='ltr'><strong>legatur.</strong></span> 
     </span>
    </p>
   </div>
   <div class='ocr_carea' id='block_1_109' title="bbox 1781 5109 3250 5186">
    <p class='ocr_par' dir='ltr' id='par_1_109' title="bbox 1781 5109 3250 5186">
     <span class='ocr_line' id='line_1_109' title="bbox 1781 5109 3250 5186; baseline -0.011 -10"><span class='ocrx_word' id='word_1_781' title='bbox 1781 5120 1896 5176; x_wconf 71' lang='lat' dir='ltr'><strong>iam</strong></span> <span class='ocrx_word' id='word_1_782' title='bbox 1930 5119 1985 5172; x_wconf 91' lang='lat' dir='ltr'><strong>in</strong></span> <span class='ocrx_word' id='word_1_783' title='bbox 2014 5116 2301 5186; x_wconf 84' lang='lat' dir='ltr'><strong>Cassiepea</strong></span> <span class='ocrx_word' id='word_1_784' title='bbox 2343 5123 2398 5171; x_wconf 91' lang='lat' dir='ltr'><strong>et</strong></span> <span class='ocrx_word' id='word_1_785' title='bbox 2447 5114 2707 5185; x_wconf 88' lang='lat' dir='ltr'><strong>Delphino</strong></span> <span class='ocrx_word' id='word_1_786' title='bbox 2735 5110 2902 5166; x_wconf 83' lang='lat' dir='ltr'><strong>falsus</strong></span> <span class='ocrx_word' id='word_1_787' title='bbox 2946 5119 3028 5166; x_wconf 88' lang='lat' dir='ltr'><strong>est</strong></span> <span class='ocrx_word' id='word_1_788' title='bbox 3074 5109 3250 5162; x_wconf 75' lang='lat' dir='ltr'><strong>Eudo-</strong></span> 
     </span>
    </p>
   </div>
   <div class='ocr_carea' id='block_1_110' title="bbox 1714 5202 3248 5280">
    <p class='ocr_par' dir='ltr' id='par_1_110' title="bbox 1714 5202 3248 5280">
     <span class='ocr_line' id='line_1_110' title="bbox 1714 5202 3248 5280; baseline -0.01 -9"><span class='ocrx_word' id='word_1_789' title='bbox 1714 5233 1835 5270; x_wconf 83' lang='lat' dir='ltr'><strong>xus.</strong></span> <span class='ocrx_word' id='word_1_790' title='bbox 1868 5212 1986 5266; x_wconf 85' lang='lat' dir='ltr'><strong>Non</strong></span> <span class='ocrx_word' id='word_1_791' title='bbox 2033 5213 2174 5267; x_wconf 88' lang='lat' dir='ltr'><strong>enim</strong></span> <span class='ocrx_word' id='word_1_792' title='bbox 2207 5225 2327 5264; x_wconf 92' lang='lat' dir='ltr'><strong>cum</strong></span> <span class='ocrx_word' id='word_1_793' title='bbox 2362 5209 2691 5280; x_wconf 88' lang='lat' dir='ltr'><strong>Capricorno</strong></span> <span class='ocrx_word' id='word_1_794' title='bbox 2716 5206 3084 5261; x_wconf 88' lang='lat' dir='ltr'><strong>conscendunt</strong></span> <span class='ocrx_word' id='word_1_795' title='bbox 3116 5220 3126 5253; x_wconf 92' lang='lat'><strong>:</strong></span> <span class='ocrx_word' id='word_1_796' title='bbox 3156 5202 3248 5255; x_wconf 77' lang='lat' dir='ltr'><strong>sed</strong></span> 
     </span>
    </p>
   </div>
   <div class='ocr_carea' id='block_1_111' title="bbox 1710 5292 3251 5374">
    <p class='ocr_par' dir='ltr' id='par_1_111' title="bbox 1710 5292 3251 5374">
     <span class='ocr_line' id='line_1_111' title="bbox 1710 5292 3251 5374; baseline -0.013 -13"><span class='ocrx_word' id='word_1_797' title='bbox 1710 5306 1997 5374; x_wconf 85' lang='lat' dir='ltr'><strong>Cassiepea</strong></span> <span class='ocrx_word' id='word_1_798' title='bbox 2027 5319 2148 5358; x_wconf 87' lang='lat' dir='ltr'><strong>cum</strong></span> <span class='ocrx_word' id='word_1_799' title='bbox 2183 5303 2416 5362; x_wconf 88' lang='lat' dir='ltr'><strong>duobus,</strong></span> <span class='ocrx_word' id='word_1_800' title='bbox 2455 5299 2742 5370; x_wconf 78' lang='lat' dir='ltr'><strong>Sagittario</strong></span> <span class='ocrx_word' id='word_1_801' title='bbox 2781 5297 3026 5351; x_wconf 89' lang='lat' dir='ltr'><strong>videlicet</strong></span> <span class='ocrx_word' id='word_1_802' title='bbox 3069 5301 3121 5346; x_wconf 83' lang='lat' dir='ltr'><strong>et</strong></span> <span class='ocrx_word' id='word_1_803' title='bbox 3149 5292 3251 5344; x_wconf 71' lang='lat' dir='ltr'><strong>C1-</strong></span> 
     </span>
    </p>
   </div>
   <div class='ocr_carea' id='block_1_112' title="bbox 1711 5383 3250 5467">
    <p class='ocr_par' dir='ltr' id='par_1_112' title="bbox 1711 5383 3250 5467">
     <span class='ocr_line' id='line_1_112' title="bbox 1711 5383 3250 5467; baseline -0.01 -15"><span class='ocrx_word' id='word_1_804' title='bbox 1711 5398 1987 5467; x_wconf 90' lang='lat' dir='ltr'><strong>pricorno.</strong></span> <span class='ocrx_word' id='word_1_805' title='bbox 2013 5393 2223 5449; x_wconf 88' lang='lat' dir='ltr'><strong>Etenim</strong></span> <span class='ocrx_word' id='word_1_806' title='bbox 2265 5393 2396 5447; x_wconf 92' lang='lat' dir='ltr'><strong>oriri</strong></span> <span class='ocrx_word' id='word_1_807' title='bbox 2422 5390 2611 5458; x_wconf 89' lang='lat' dir='ltr'><strong>incipit</strong></span> <span class='ocrx_word' id='word_1_808' title='bbox 2640 5404 2761 5443; x_wconf 93' lang='lat' dir='ltr'><strong>cum</strong></span> <span class='ocrx_word' id='word_1_809' title='bbox 2790 5387 3045 5441; x_wconf 88' lang='lat' dir='ltr'><strong>vicesima</strong></span> <span class='ocrx_word' id='word_1_810' title='bbox 3077 5383 3250 5451; x_wconf 82' lang='lat' dir='ltr'><strong>prima</strong></span> 
     </span>
    </p>
   </div>
   <div class='ocr_carea' id='block_1_113' title="bbox 1711 5475 3251 5558">
    <p class='ocr_par' dir='ltr' id='par_1_113' title="bbox 1711 5475 3251 5558">
     <span class='ocr_line' id='line_1_113' title="bbox 1711 5475 3251 5558; baseline -0.01 -16"><span class='ocrx_word' id='word_1_811' title='bbox 1711 5496 1860 5558; x_wconf 87' lang='lat' dir='ltr'><strong>parte</strong></span> <span class='ocrx_word' id='word_1_812' title='bbox 1900 5485 2204 5555; x_wconf 83' lang='lat' dir='ltr'><strong>Sagittarii;</strong></span> <span class='ocrx_word' id='word_1_813' title='bbox 2258 5494 2527 5554; x_wconf 88' lang='lat' dir='ltr'><strong>postremo</strong></span> <span class='ocrx_word' id='word_1_814' title='bbox 2577 5496 2706 5535; x_wconf 90' lang='lat' dir='ltr'><strong>vero</strong></span> <span class='ocrx_word' id='word_1_815' title='bbox 2757 5493 2877 5532; x_wconf 88' lang='lat' dir='ltr'><strong>cum</strong></span> <span class='ocrx_word' id='word_1_816' title='bbox 2932 5475 3251 5544; x_wconf 87' lang='lat' dir='ltr'><strong>Capricorni</strong></span> 
     </span>
    </p>
   </div>
   <div class='ocr_carea' id='block_1_114' title="bbox 1712 5565 3253 5642">
    <p class='ocr_par' dir='ltr' id='par_1_114' title="bbox 1712 5565 3253 5642">
     <span class='ocr_line' id='line_1_114' title="bbox 1712 5565 3253 5642; baseline -0.01 -10"><span class='ocrx_word' id='word_1_817' title='bbox 1712 5578 2028 5632; x_wconf 90' lang='lat' dir='ltr'><strong>duodecima</strong></span> <span class='ocrx_word' id='word_1_818' title='bbox 2053 5577 2246 5631; x_wconf 92' lang='lat' dir='ltr'><strong>oritur.</strong></span> <span class='ocrx_word' id='word_1_819' title='bbox 2278 5576 2347 5628; x_wconf 88' lang='lat' dir='ltr'><strong>At</strong></span> <span class='ocrx_word' id='word_1_820' title='bbox 2371 5573 2663 5642; x_wconf 86' lang='lat' dir='ltr'><strong>Delphinus</strong></span> <span class='ocrx_word' id='word_1_821' title='bbox 2699 5585 2819 5624; x_wconf 78' lang='lat' dir='ltr'><strong>cum</strong></span> <span class='ocrx_word' id='word_1_822' title='bbox 2853 5565 3141 5640; x_wconf 75' lang='lat' dir='ltr'><strong>Sagittario</strong></span> <span class='ocrx_word' id='word_1_823' title='bbox 3175 5573 3253 5618; x_wconf 84' lang='lat' dir='ltr'><strong>to-</strong></span> 
     </span>
    </p>
   </div>
   <div class='ocr_carea' id='block_1_115' title="bbox 1715 5647 3250 5739">
    <p class='ocr_par' dir='ltr' id='par_1_115' title="bbox 1715 5647 3250 5739">
     <span class='ocr_line' id='line_1_115' title="bbox 1715 5647 3250 5739; baseline -0.012 -14"><span class='ocrx_word' id='word_1_824' title='bbox 1715 5682 1799 5725; x_wconf 79' lang='lat' dir='ltr'><strong>tus</strong></span> <span class='ocrx_word' id='word_1_825' title='bbox 1846 5647 2086 5722; x_wconf 80' lang='lat' dir='ltr'><strong>exoritur</strong></span> <span class='ocrx_word' id='word_1_826' title='bbox 2117 5685 2144 5722; x_wconf 87' lang='lat' dir='ltr'><strong>a</strong></span> <span class='ocrx_word' id='word_1_827' title='bbox 2183 5677 2333 5739; x_wconf 81' lang='lat' dir='ltr'><strong>parte</strong></span> <span class='ocrx_word' id='word_1_828' title='bbox 2379 5667 2547 5736; x_wconf 88' lang='lat' dir='ltr'><strong>ipsius</strong></span> <span class='ocrx_word' id='word_1_829' title='bbox 2578 5662 2851 5722; x_wconf 87' lang='lat' dir='ltr'><strong>vicesima,</strong></span> <span class='ocrx_word' id='word_1_830' title='bbox 2898 5657 2964 5711; x_wconf 90' lang='lat' dir='ltr'><strong>ad</strong></span> <span class='ocrx_word' id='word_1_831' title='bbox 3004 5665 3250 5727; x_wconf 87' lang='lat' dir='ltr'><strong>quartam</strong></span> 
     </span>
    </p>
   </div>
   <div class='ocr_carea' id='block_1_116' title="bbox 1716 5762 2121 5841">
    <p class='ocr_par' dir='ltr' id='par_1_116' title="bbox 1716 5762 2121 5841">
     <span class='ocr_line' id='line_1_116' title="bbox 1716 5762 2121 5841; baseline -0.002 -24"><span class='ocrx_word' id='word_1_832' title='bbox 1716 5771 1768 5818; x_wconf 85' lang='lat' dir='ltr'><strong>ct</strong></span> <span class='ocrx_word' id='word_1_833' title='bbox 1786 5762 2121 5841; x_wconf 18' lang='lat' dir='ltr'><strong>lvicesimam.</strong></span> 
     </span>
    </p>
   </div>
  </div>
