4008 6328
0 452 188 510 1095

1065 464 1425 529 ΙΗΡΡΑΜΣΙΙῘ
1462 471 1553 529 AD
1589 477 2031 537 PHENOMENA
2069 483 2299 540 LIB..‘ll-.

3149 497 3288 554 ισθι

0 584 121 635 np:
184 573 399 626 αὐτῶν
424 572 470 637 εξ
508 575 775 642 γονάτων⁹
803 577 1105 631 ἀνατέλλειν
1140 581 1195 633 δὲ
1244 584 1511 659 τδΚῆτος
1544 606 1602 641 κα

1698 592 1967 659 ,exoriri;
2023 596 2363 665 primumque
2394 597 2659 657 Fluminis
2712 611 2943 671 partem.
2988 604 3119 675 Qua
3163 610 3288 677 qui-

0 659 117 712 :0'3
169 663 464 735 Ποταμοῦ
503 665 573 718 τά
601 666 813 737 πρῶτα.
862 668 1046 723 Ταῦτα
1085 670 1143 724 δὲ
1184 673 1487 744 συμφώνως
1522 680 1633 742 τοῖς

0 769 93 820 pa
106 770 221 806 ινο
230 756 425 824 μένοις
452 758 540 810 ὑπ’
571 759 759 811 αὐτῶν
777 760 1008 831 εἴρηται.
1227 801 1245 818 κ

92 836 198 896 *Α
273 847 375 915 μὲν
420 842 509 901 οὖν
558 848 728 901 ἐδόκει
762 867 851 919 μοι
900 852 1141 923 χρήσιμα
1187 848 1326 907 εἶναι
1366 853 1475 908 τῶν
1525 855 1633 909 ὑπὸ

4 934 321 1003 Ἀράτου
353 937 445 988 καὶ
472 935 695 1002 Εὐδόξου
734 938 1037 1009 λεγομένων
1067 940 1124 991 ὲν
1149 942 1257 1003 τοῖς
1294 941 1629 1010 φαινομένοις

0 1026 475 1094 Ειτπξισιιεέψασθαί
512 1044 591 1094 τε,
624 1012 714 1080 καὶ
744 1029 1071 1100 ὑπογράψαι,
1093 1031 1266 1083 ταῦτά
1297 1032 1474 1083 ἐστιν’
1505 1031 1630 1101 ἑξῆς

0 1118 73 1169 δὲ
114 1119 153 1168 ὑ
169 1119 413 1182 ποτάξω
438 1121 564 1190 περὶ
602 1121 829 1173 ἑκάστου
858 1120 963 1173 τῶν
989 1122 1240 1175 ἀπλανῶν
1266 1123 1507 1194 ἀστέρων
1538 1125 1630 1178 ἐπὶ

0 1213 391 1278 κεφαλαίου,
424 1214 527 1267 τίνι
554 1232 611 1267 τε
636 1215 742 1267 τῶν
774 1216 840 1283 ιβ’
871 1216 1069 1279 ζωδίων
1113 1216 1503 1281 συνανατέλλει,
1535 1217 1628 1269 καὶ

8 1304 497 1369 συγκαταδύνει·
545 1305 637 1357 καὶ¹
672 1306 786 1358 ἀπὸ
814 1306 1011 1377 πόστης
1060 1307 1251 1378 μοίρας
1292 1306 1385 1361 τοῦ
1435 1308 1623 1372 ζωδίου

2 1394 395 1464 ἀρξάμενος,
430 1397 532 1455 ἕως
576 1388 775 1467 πόστης
802 1398 861 1449 τὸ
883 1397 1102 1467 ἔσχατον
1122 1399 1414 1463 ἀνατέλλει,
1441 1400 1474 1470 ᾖ
1502 1416 1626 1469 συγ-

6 1474 358 1537 καταδύνει
390 1486 447 1537 έν
470 1489 579 1548 τοῖς
601 1486 727 1555 περὶ
749 1485 843 1556 τὴν
890 1485 1109 1539 Ἐλλάδα
1134 1487 1315 1550 τόποις
1334 1504 1346 1517 ·
1374 1489 1466 1541 καὶ
1494 1487 1625 1540 καθ-

4 1574 164 1627 όλου
216 1576 368 1629 ὅπου
410 1577 612 1647 ὲστὶνή
650 1577 873 1647 μεγίστη
902 1576 1085 1647 ἡμέρα
1116 1577 1271 1648 ὡρῶν
1294 1578 1622 1649 ίσημερινῶν

10 1664 84 1717 ιδ’
120 1666 247 1719 καὶ
291 1668 579 1738 ἡμιωρίου.
624 1664 732 1730 Τὰς
772 1666 829 1719 δὲ
874 1668 1013 1721 κατά
1058 1668 1223 1737 μέρος
1266 1669 1444 1722 αὐτῶν
1488 1672 1622 1723 ἀπο-

7 1752 257 1823 δείξεις
282 1762 340 1813 έν
369 1759 543 1822 ἀλλοις
575 1759 970 1828 συντετάχαμεν
996 1759 1185 1823 οὕτως,
1213 1760 1351 1813 ὥστε
1378 1763 1435 1814 ὲν
1460 1762 1619 1815 παντὶ

5 1848 199 1918 τόπῳ
260 1848 445 1918 σχεδὸν
495 1846 593 1916 τῆς
640 1849 956 1918 οἰκουμένης
990 1848 1245 1902 δύνασθαι
1291 1850 1619 1920 παρακολου-

1733 681 1857 736 dem
1900 699 2025 739 cum
2059 688 2448 757 apparentibus
2485 702 2847 763 congruenter
2889 695 2960 752 ab
2990 697 3099 755 illis
3135 698 3282 755 dicta

1731 781 1879 826 ευιιι.
3126 852 3129 853 ,

1799 864 1968 955 Igitur
1998 883 2119 939 qua:
2169 884 2235 924 ex
2273 871 2431 927 Arati
2463 874 2783 947 Eudoxique
2832 878 3067 937 decretis
3115 899 3281 955 super

1728 956 2099 1021 apparentium
2161 960 2373 1016 ratione
2430 964 2593 1034 digna
2654 969 2788 1023 mihi
2837 972 3281 1030 consideratione

1726 1042 2214 1117 observationeque
2244 1050 2360 1104 visa
2392 1063 2543 1117 sunt,
2577 1056 2694 1112 haec
2742 1064 3131 1129 propemodum
3164 1064 3278 1118 luc-

1725 1143 1874 1187 runt.
1901 1133 2171 1206 Deinceps
2207 1154 2333 1193 vero
2365 1140 2437 1207 de
2465 1158 2791 1217 unaquaque
2818 1151 3100 1220 stellarum
3132 1155 3277 1209 iner-

1725 1225 2305 1283 rantiumsummatim
2352 1232 2659 1290 disseram:
2688 1254 2799 1308 quo
2846 1256 2969 1296 cum
3000 1243 3169 1315 signo
3209 1247 3277 1302 de

1725 1312 2011 1369 duodecim
2041 1318 2252 1371 oriatur
2307 1329 2401 1375 aut
2451 1326 2701 1394 occidat;
2732 1339 2900 1398 quota
2940 1319 3024 1389 ab
3059 1312 3274 1393 τοδὶηοί

1724 1417 1878 1478 parte
1906 1409 2193 1479 incipiens,
2223 1414 2277 1466 in
2312 1425 2477 1485 quota
2506 1421 2637 1474 oriri
2662 1425 2745 1478 vel
2778 1426 3026 1484 occidere
3055 1432 3272 1487 desinat

1723 1488 1870 1549 circa
1895 1495 2114 1552 Graecia:
2143 1508 2398 1569 tractum,
2429 1514 2522 1560 aut
2558 1509 2863 1581 ubicunque
2894 1517 3129 1573 maxima
3154 1522 3273 1579 dies

1720 1592 1803 1641 est
1861 1586 2117 1643 horarum
2173 1594 2629 1663 aequinoctialium
2682 1606 3093 1671 quatuordecim
3143 1626 3268 1667 cum

1720 1676 1962 1735 dimidia.
1986 1682 2226 1749 Quorum
2271 1690 2516 1744 omnium
2576 1695 2892 1764 singillatim
2928 1699 3269 1759 demonstra-

1719 1767 1918 1823 tionem
1945 1772 2016 1825 ita
2049 1774 2105 1828 in
2135 1777 2255 1831 aliis
2279 1786 2686 1840 commentariis
2719 1792 3089 1858 exposuimus,
3120 1804 3180 1848 ut
3210 1798 3266 1851 in

1717 1861 1867 1913 omni
1908 1860 2021 1917 fere
2050 1874 2315 1922 terrarum
2349 1871 2497 1927 orbis
2531 1876 2649 1929 loco
2682 1888 2998 1946 coortuum,
3024 1894 3077 1939 et
3101 1900 3265 1943 cooc-

0 1938 154 1990 ’θεῖν
208 1941 344 2001 ταῖς
384 1937 661 2009 διαφοραῖς
708 1937 816 1990 τῶν
865 1939 1228 1993 συνανατολῶν
1274 1941 1367 1993 καὶ
1412 1956 1602 2008 συγκα·

2689 1926 2998 1946 ---η--..η
3025 1926 3077 1939 υ.
3101 1926 3200 1941 ..νυ

1714 1962 1941 2005 casuum
1974 1955 2290 2012 discrimina
2313 1969 2463 2017 certa
2488 1969 2667 2034 possis
2687 1972 2895 2036 ratione
2923 1980 3206 2049 consequi.

8 2030 361 2083 ταδύσεων.

99 2121 227 2172 ΙΘ’.
286 2118 508 2190 Πρῶτον
550 2118 647 2195 μέν
693 2114 783 2172 οὖν
834 2120 1171 2191 ἐκθησόμεθα
1219 2121 1318 2185 τὰς
1363 2122 1471 2175 τῶν
1522 2120 1613 2193 βο-

9 2210 356 2279 ρειοτέρων
397 2211 607 2280 ἄστρων
653 2209 746 2262 τοῦ
805 2208 1065 2272 ζωδιακοῦ
1096 2210 1293 2263 κύκλου
1330 2227 1615 2265 συνανατο-

22 2301 141 2363 λάς
196 2316 268 2353 τε
311 2302 402 2353 καὶ
440 2299 854 2369 συγκαταδύσεις
877 2318 889 2331 ·
945 2301 1134 2354 ἔπειτα
1169 2303 1224 2355 δὲ
1256 2302 1353 2366 τὰς
1384 2304 1491 2356 τῶν
1523 2320 1611 2357 νο-

18 2392 373 2463 τιωτέρων·
411 2394 501 2445 ἐπὶ
537 2395 666 2451 πᾶσι
698 2392 754 2445 δὲ
800 2393 897 2454 τὰς
924 2392 1031 2445 τῶν
1075 2393 1140 2461 ιβ’
1192 2392 1412 2455 ζωδίων.
1456 2395 1613 2463 Λέγω

24 2485 91 2537 δὲ
136 2485 266 2537 τῶν
292 2484 691 2554 ἡστερισμένων
712 2501 726 2514 ο
757 2484 1051 2554 ἐπειδήπερ
1072 2483 1109 2536 ὃ.
1143 2484 1240 2553 μὲν
1272 2483 1489 2552 μείζονα
1518 2486 1609 2537 τό·-

32 2592 143 2627 πον
174 2576 376 2645 ἐπέχει
403 2573 494 2628 τοῦ
521 2574 1003 2647 δωδεκατημορίου,
1035 2575 1069 2628 ἀ
1096 2574 1153 2627 δὲ
1180 2574 1457 2628 ἐλάσσονα.
1490 2576 1609 2629 Ἔτι

34 2664 97 2719 δὲ
128 2666 234 2718 καλ⁸
276 2664 453 2734 πολλῷ
492 2665 613 2718 τινὰ
667 2666 764 2735 μὲν
809 2664 1135 2737 βορειότερα,
1173 2665 1293 2719 τινὰ
1339 2666 1396 2719 δὲ
1427 2666 1609 2718 νοτιώ-

18 2766 181 2825 ’τερα
214 2755 351 2809 ὅντα
382 2753 477 2807 τοῦ
518 2754 800 2818 ζωδιακοῦ,
840 2756 970 2810 πολὺ
1000 2758 1247 2827 προτερεῖ
1267 2756 1360 2811 καί
1394 2757 1611 2826 ὑστερεῖ

38 2847 106 2897 ὲν
137 2847 270 2910 ταῖς
301 2846 581 2908 ἀνατολαῖς
613 2846 707 2901 καὶ
761 2848 943 2901 δύσεσι
973 2848 1080 2911 τῶν
1118 2850 1237 2902 κατ’
1264 2848 1401 2902 αὐτὰ
1444 2848 1605 2925 δωδεέ

40 2938 425 3009 κατημορίων.
456 2939 1001 3010 Προσδιασαφήσομεν
1044 2940 1099 2995 δὲ
1136 2942 1221 3010 ἐφ’
1254 2942 1478 2996 ἑκάστου
1510 2940 1604 2995 καὶ

36 3029 106 3082 τό
133 3046 199 3081 τε
236 3026 595 3101 μεσουρανοῦν
623 3033 680 3084 ὲν
716 3030 793 3101 τῷ
825 3030 1069 3101 ζωδιακῷ
1099 3032 1279 3103 κύκλῳ
1301 3030 1487 3097 ζώδιον
1512 3035 1604 3087 καὶ⁴

28 3119 145 3188 ’τὴν
186 3124 385 3191 μοῖραν
420 3120 615 3176 αὐτοῦ’
652 3122 786 3192 πρὸς
828 3122 884 3174 δὲ
928 3122 1136 3187 τούτοις
1180 3126 1317 3189 τοὺς
1339 3141 1602 3195 μεσουρα-

41 3212 279 3283 νοῦντας
308 3204 561 3276 ἀπλανεῖς
589 3213 820 3284 ἀστέρας
854 3216 910 3266 έν
942 3217 1060 3277 ταῖς
1087 3216 1279 3286 ἀρχαῖς
1302 3217 1395 3268 καὶ
1420 3215 1599 3268 τελευ-

1786 2123 1926 2185 XIX.
1955 2128 2196 2187 Primum
2226 2135 2391 2206 igitur
2419 2138 2715 2197 borealium
2757 2148 2996 2205 siderum
3026 2162 3179 2211 ortus
3208 2166 3263 2211 et

1708 2230 1940 2275 occasus
1959 2224 2379 2293 explicabimus,
2412 2245 2550 2300 quos
2574 2249 2697 2288 cum
2744 2239 2966 2295 zodiaco
2996 2242 3205 2299 faciunt
3239 2266 3255 2303 :

1710 2319 1823 2364 tum
1857 2318 2175 2371 australium
2211 2336 2223 2370 :
2258 2329 2530 2391 postremo
2555 2327 2829 2395 signorum
2851 2332 3093 2401 ipsorum
3120 2336 3258 2393 duo-

1710 2400 1903 2456 decim.
1928 2402 2003 2457 De
2028 2407 2255 2464 stellatis
2281 2412 2440 2482 138
2463 2423 2637 2469 autem
2673 2400 2963 2488 loquimur.
2999 2428 3255 2495 quoniam

1708 2493 1967 2549 nonnulla
2014 2505 2162 2565 sunt,
2195 2516 2317 2569 qua:
2364 2506 2681 2574 ampliorem
2728 2493 3051 2569 duodecima
3102 2528 3256 2587 parte

1707 2582 1885 2636 locum
1942 2597 2230 2657 occupant,
2260 2595 2507 2661 quaadam
2568 2601 2851 2656 minorem.
2896 2582 3118 2662 Deinde
3146 2610 3253 2665 alia

1706 2669 1873 2766 longe
1908 2676 2082 2742 magis
2128 2678 2197 2732 ad
2244 2686 2642 2751 septentriones
2666 2728 2681 2751 ,
2716 2697 3053 2765 austrumve,
3089 2713 3252 2766 quam

1702 2761 1979 2826 zodiacus,
2002 2770 2301 2835 vergentia,
2333 2773 2495 2843 longo
2526 2776 2711 2831 itidem
2754 2761 3251 2849 spatio'dodecate-

1684 2853 1877 2916 moria
1909 2868 2007 2908 sua
2040 2869 2384 2925 pmvertunt,
2415 2873 2509 2918 aut
2541 2876 2861 2936 sequuntur.
2899 2870 3162 2930 Praeterea
3191 2878 3250 2934 in

1703 2944 1932 3015 singulis
1958 2962 2287 3017 exponemus
2300 2956 2442 3024 quod
2470 2958 2680 3027 signum
2708 2960 2760 3013 in
2790 2963 3011 3019 zodiaco
3038 2966 3247 3025 circulo

1701 3039 1935 3093 medium
1975 3043 2100 3096 ρωιί
2132 3052 2331 3113 teneat,
2365 3057 2417 3102 et
2460 3065 2703 3119 quamam
2734 3069 2859 3123 pars
2897 3056 3063 3113 illius.
3113 3060 3243 3115 ltem

1698 3144 1945 3198 quaenam
1972 3134 2197 3190 lixarum
2219 3140 2499 3194 stellarum
2531 3144 2829 3200 culminent
2867 3150 2922 3202 in
2955 3157 3175 3206 ortuum
3191 3162 3247 3207 et

1698 3235 1991 3279 occasuum
2016 3227 2207 3292 initiis,
2234 3245 2297 3283 ac
2325 3231 2521 3288 ﬁnibus
2550 3236 2747 3292 sideris
2779 3240 3101 3310 cujuslibet;
3122 3251 3238 3297 tum

43 3305 166 3364 ταῖς
222 3302 334 3355 τῶν
367 3303 636 3356 ἀνατολῶν
677 3306 769 3357 καὶ
794 3303 995 3359 δύσεων
1030 3306 1337 3376 οἱουδήποτε
1364 3308 1561 3377 ἄστρου
1581 3323 1596 3338 ο

1702 3322 1831 3380 quot
1860 3315 2119 3372 horarum
2141 3322 2485 3389 aequabilium
2524 3329 2701 3395 spatio
2722 3290 3141 3404 unumquodque
3169 3337 3244 3389 si-

30 3393 140 3444 ’καὶ
188 3392 274 3446 ἑτι
318 3395 375 3446 ὲν
413 3393 604 3457 πόσαις
632 3393 800 3466 ὥραις
842 3398 1176 3468 ίσημεριναῖς
1226 3396 1449 3450 ἕκαστον
1492 3396 1598 3449 τῶν

42 3484 272 3552 ἄστρων
312 3483 346 3554 ἢ
382 3485 541 3549 δύνει,
595 3486 628 3556 ἢ
673 3486 962 3541 ἀνατέλλει.
1001 3488 1263 3541 Ἕκαστον
1307 3487 1363 3540 δὲ
1398 3487 1598 3541 τούτων

38 3575 453 3646 διασαφήσομεν
468 3570 603 3629 κατά
639 3578 994 3647 συνεγγισμὸν
1021 3578 1123 3642 ἓως
1156 3572 1440 3650 ἀδιαφόρου
1466 3596 1598 3649 παρ-

42 3662 311 3735 αλλαγῆς.
346 3664 487 3717 Διύτι
530 3664 637 3735 γὰρ
674 3667 706 3735 ἡ
754 3666 973 3737 τοιαύτη
1019 3668 1367 3738 πραγματεία
1420 3669 1595 3741 πολλῴ

40 3770 101 3806 τε
135 3746 250 3806 τῶν
290 3755 391 3808 ὑπὸ
434 3756 541 3810 τῶν
578 3756 815 3829 ἀρχαίων
847 3759 1282 3829 συντεταγμένων
1319 3762 1464 3815 ἐστὶν
1501 3763 1593 3816 εὐ-

40 3847 404 3918 χρηστοτέρα,
450 3849 543 3902 καὶ
599 3850 729 3922 πρὸς
787 3850 953 3904 πολλά
996 3852 1251 3906 συντείνει
1304 3854 1410 3906 τῶν
1454 3854 1593 3908 κατὰ

40 3936 400 4006 ἀστρολογίαν
446 3938 807 4010 θεωρημάτων
827 3979 842 4004 ,
893 3940 1283 4012 εύκατανόητον
1331 3938 1466 3996 εἷναί
1508 3959 1589 3995 σοι

18 4094 21 4095 ν
46 4028 274 4097 νομίζω.

127 4143 185 4195 Ὁ
214 4143 311 4213 μὲν
332 4138 423 4198 ὥν
460 4142 673 4216 Βοώτης
701 4144 1074 4218 συνανατέλλει
1106 4144 1183 4216 τῷ
1209 4144 1450 4217 ζωδιακῷ
1481 4136 1587 4201 ἀπὸ

41 4233 143 4303 ’τῆς
172 4235 345 4305 ἀρχῆς
388 4235 487 4304 τῆς
536 4234 807 4306 Παρθένου
858 4236 961 4299 ἕως
1013 4235 1057 4299 ζ’
1105 4236 1194 4288 καὶ
1240 4242 1287 4289 κ’
1323 4236 1430 4306 μοί.
1484 4238 1585 4307 τῆς

52 4324 349 4394 Παρθένου·
398 4328 713 4395 μεσουρανεϊ
736 4327 805 4381 ,δ’
862 4326 1231 4390 ἀνατέλλοντος
1271 4327 1433 4381 αὐτοῦ
1490 4327 1583 4381 τοῦ

59 4409 301 4473 ζωδιακοῦ
329 4416 609 4486 τμήματος
639 4414 745 4467 ἀπὸ
768 4414 974 4487 Ταύρου
1000 4416 1044 4479 ζ’
1074 4414 1167 4468 καὶ
1194 4420 1240 4467 κ’
1273 4414 1380 4485 μοί.
1415 4414 1583 4485 μέσης

56 4500 145 4565 ἕως
172 4504 412 4575 Διδύμων
460 4502 540 4567 κζ’
570 4502 675 4575 μοί.
719 4506 825 4559 Καὶ
872 4506 1083 4577 πρῶτος
1131 4505 1228 4575 μὲν
1279 4504 1449 4577 ἀστὴρ
1489 4503 1580 4558 τοῦ

46 4589 247 4646 Ἑοῶτου
297 4594 569 4649 ἀνατέλλει
609 4597 638 4647 ὁ
684 4596 739 4645 ὲν
781 4598 845 4665 τῇ
876 4596 1104 4667 κεφαλῇ,
1132 4598 1354 4666 ἔσχατος
1382 4597 1442 4650 δὲ
1468 4598 1495 4649 ὁ
1524 4598 1581 4647 ὲν

46 4681 123 4749 ’τῷ
156 4684 306 4757 δεξιῷ
348 4683 487 4741 ῖποδί.
532 4687 929 4757 Μεσουρανοῦσι
973 4688 1027 4740 δὲ
1060 4687 1166 4740 τῶν
1197 4688 1368 4742 ἀλλων
1421 4688 1576 4742 ἀστέ⁴

57 4785 177 4837 ρων,
222 4775 518 4846 ἀρχομένου
564 4775 659 4845 μὲν
704 4775 1005 4827 ἀνατέλλειν
1046 4775 1140 4828 τοῦ
1189 4775 1417 4840 Βοώτου,
1456 4778 1485 4829 ὃ
1518 4794 1576 4829 τε

56 4864 316 4934 ἀριστερὸς
342 4859 489 4935 ὦμος
525 4848 617 4918 τοῦ
658 4866 903 4935 Ὠρίωνος
930 4865 1023 4918 καὶ
1054 4867 1081 4917 ὁ
1108 4865 1391 4936 ἀριστερὸς
1420 4866 1574 4930 ποῦς,

47 4946 120 5010 ὡς
159 4952 447 5023 ἡμιπήχιον
484 4954 887 5025 προηγούμενος
927 4953 1019 5006 τοῦ
1056 4954 1453 5026 μεσημϐρινοῦ
1487 4957 1578 5027 λή-

57 5052 224 5106 γοντος
259 5044 318 5097 δὲ
360 5045 545 5106 αὑτοῦ,
579 5049 892 5116 μεσουρανεῖ
939 5043 1030 5097 τοῦ
1077 5046 1249 5109 Κυνὸς
1292 5049 1319 5100 ὁ
1354 5047 1576 5100 ἐπὶτῶν

60 5130 224 5200 ίσχίων
264 5136 527 5205 λαμπρός.
591 5138 883 5210 Ἀνατέλλει
928 5139 983 5191 δὲ
1030 5137 1147 5201 ὅλος
1185 5138 1223 5191 δ
1260 5139 1473 5209 Βοώτης
1519 5142 1575 5192 ὲν

57 5218 203 5291 ὥραις
231 5229 561 5297 ίσημεριναῖς
588 5227 734 5282 δυσὶν
766 5231 840 5293 ὡς
873 5230 1115 5299 ἔγγιστα.

116 5332 211 5413 οῦ
246 5336 302 5389 δὲ
330 5338 593 5406 Στεφάνου
636 5339 1028 5407 ἀνατέλλοντος,
1065 5342 1431 5397 συνανατέλλει
1454 5345 1570 5417 μὲν

60 5412 187 5490 αὐτῷ
214 5426 303 5479 τοῦ
346 5427 604 5492 ζωδιακοῦ
635 5430 917 5500 τμήματος
954 5434 1061 5486 ἀπὸ
1091 5433 1362 5504 Παρθένου
1403 5435 1445 5499 ζ’
1473 5412 1569 5491 καὶ

57 5516 101 5560 ’κ’
132 5514 227 5579 μοί.
268 5518 369 5581 ἕως
404 5520 593 5591 Χηλῶν
638 5527 678 5573 ε’
732 5521 839 5590 μοί.
894 5524 1095 5595 μέσης·
1141 5529 1460 5596 μεσουρανεί
1511 5528 1568 5581 δὲ

203 5606 435 5677 Διδύμων
480 5617 531 5675 ς’
576 5611 666 5664 καὶ
716 5618 763 5665 κ’
799 5613 905 5682 μοί.
962 5615 1131 5684 μέσης
1166 5616 1267 5679 ἕως
1295 5618 1565 5686 Καρκίνου

67 5685 158 5747 μοί.
189 5698 224 5741 ε’
256 5688 437 5764 μέσης.
468 5698 575 5750 Καὶ
607 5700 816 5774 πρῶτος
845 5702 940 5771 μὲν
972 5704 1143 5776 ἀστὴρ
1171 5685 1440 5759 ἀνατέλλει
1469 5707 1562 5762 τοῦ

134 5840 174 5872 ⁸⁸
198 5862 272 5913 π).
308 5847 465 5918 μέχρι
494 5848 598 5903 τῶν

1698 3403 1800 3457 dus
1833 3404 2057 3472 oriatur,
2078 3416 2173 3462 aut
2193 3410 2422 3465 occidat.
2455 3413 2694 3480 Quorum
2736 3423 2975 3479 omnium
3004 3403 3241 3482 rationes

1670 3508 1858 3561 ,quam
1898 3498 2151 3565 proxime»
2172 3499 2286 3565 ﬁeri
2331 3505 2535 3591 poterit
2561 3506 2839 3576 inibimus,
2870 3514 3017 3565 nulla
3052 3521 3109 3568 ut
3133 3516 3240 3573 dif-

1694 3585 1920 3643 ferentia
1976 3594 2147 3659 possit
2194 3595 2432 3661 agnosci.
2481 3585 2631 3651 Hanc
2680 3615 2806 3655 vero
2859 3605 3234 3662 tractationem

1694 3694 1816 3733 cum
1853 3683 2106 3737 omnibus
2158 3684 2225 3739 iis
2258 3700 2377 3757 quae
2425 3687 2494 3741 ab
2526 3690 2764 3760 antiquis
2792 3693 3069 3749 elaborata
3104 3705 3235 3753 sunt

1694 3772 1975 3837 hactenus,
2006 3776 2073 3829 ad
2121 3791 2279 3830 usum
2318 3776 2615 3835 faciliorem
2648 3797 2790 3847 esse,
2825 3791 2940 3841 tum
2974 3786 3040 3840 ad
3069 3804 3231 3857 quam
3282 3768 3285 3769 ν

1691 3864 1925 3934 plurima
1967 3866 2018 3919 in
2051 3869 2342 3938 astrologia
2382 3870 2714 3926 theoremata
2754 3878 3041 3944 pertinere,
3072 3880 3234 3937 facile

1654 4034 1657 4035 ν
1690 3959 1787 4012 abs
1811 3968 1864 4014 te
1897 3948 2246 4017 animadverti
2275 3962 2481 4032 judico.

1964 4111 1979 4142 \

1706 4182 1709 4185 η
1755 4157 1939 4227 Itaque
1965 4157 2158 4214 Bootes
2187 4160 2360 4212 oritur
2389 4174 2510 4213 cum
2540 4160 2745 4215 zodiaci
2775 4169 2927 4233 parte
2959 4162 3072 4224 illa,
3105 4177 3227 4232 qua:

1686 4250 1752 4303 ab
1776 4250 1929 4305 initio
1958 4248 2196 4318 Virginis
2221 4250 2429 4320 incipit,
2462 4265 2633 4319 usque
2656 4251 2721 4304 ad
2748 4252 2867 4319 ejus
2898 4260 3105 4321 partem
3133 4255 3221 4309 27.

1682 4340 1951 4395 Culminat
1981 4350 2156 4393 autem
2206 4340 2415 4395 oriente
2462 4341 2555 4394 illo
2601 4341 2810 4396 zodiaci
2863 4352 3222 4412 segmentum,

1680 4430 1822 4497 quod
1848 4435 1932 4483 est
1978 4417 2009 4482 a
2060 4427 2221 4483 Tauri
2252 4429 2508 4484 vicesima
2553 4430 2780 4499 septima
2824 4439 2976 4501 parte
3020 4434 3219 4497 media,

1680 4535 1852 4589 usque
1887 4520 1953 4574 ad
1987 4519 2332 4597 Geminorum
2357 4521 2445 4574 ‘27.
2475 4519 2653 4575 Prima
2688 4523 2844 4577 stella
2893 4522 3072 4578 Bootae
3113 4526 3223 4577 ori-

1684 4618 1769 4663 tur
1806 4625 1889 4673 ea,
1919 4612 2040 4680 quae
2063 4619 2145 4665 est
2174 4611 2229 4664 in
2248 4611 2453 4680 capite;
2480 4612 2666 4664 ultima
2688 4627 2806 4681 quae
2831 4622 2914 4668 est
2943 4614 2996 4667 in
3030 4612 3223 4667 dextro

1681 4702 1832 4769 pede.
1863 4702 2102 4756 Aliorum
2124 4702 2397 4775 siderum,
2426 4710 2605 4757 ortum
2637 4704 2856 4759 ineunte
2888 4702 3070 4766 Boote,
3104 4705 3222 4757 cul-
3304 4743 3307 4747 .

1678 4790 1849 4841 minat
1896 4790 2114 4844 sinister
2170 4790 2428 4843 humerus
2469 4790 2705 4853 Orionis,
2738 4799 2791 4844 et
2840 4792 3059 4845 sinister
3100 4807 3215 4861 pes,

1676 4881 1769 4949 qui
1802 4881 2159 4935 semicubitali
2202 4880 2485 4934 intervallo
2516 4882 2869 4935 meridianum
2916 4883 3217 4948 antecedit;

1678 4973 1781 5027 sub
1828 4980 1980 5027 ortus
2013 4972 2169 5025 ﬁnem
2200 4973 2672 5035 culminatlucida,
2696 4988 2815 5041 qua:
2832 4980 2916 5027 est
2938 4974 2990 5026 in
3016 4973 3218 5030 femore

1673 5062 1853 5116 Canis.
1883 5062 2049 5116 Totus
2069 5062 2246 5117 oritur
2277 5062 2475 5119 Bootes
2498 5063 2647 5117 horis
2680 5064 2789 5118 fere
2807 5063 3017 5120 duabus
3036 5081 3217 5137 atqua-

1676 5154 1837 5209 libus.

1742 5351 1951 5404 Corona
2004 5352 2234 5413 oriente,
2282 5348 2489 5405 zodiaci
2541 5364 2698 5404 arcus
2739 5349 2915 5403 oritur
2963 5363 2992 5401 a
3044 5348 3210 5416 gradu

1671 5440 1906 5511 Virginis
1948 5441 2013 5494 27
2071 5454 2239 5509 usque
2283 5438 2349 5492 ad
2387 5440 2620 5495 medium
2664 5439 2697 5492 5
2735 5438 3053 5498 Chelarum;
3095 5439 3211 5489 cnl-

1674 5529 1903 5583 minata
1943 5530 2118 5605 medio
2148 5528 2217 5580 27
2246 5527 2630 5589 Geminorum,
2678 5543 2850 5597 usque
2898 5527 2961 5579 ad
3014 5525 3210 5578 Cancri

1669 5618 1905 5673 medium
1960 5619 2011 5673 5.
2074 5617 2251 5670 Prima
2300 5617 2523 5672 Coronae
2569 5618 2722 5671 stella
2771 5617 2943 5671 oritur
2992 5630 3053 5669 ea
3094 5632 3215 5683 quas

1668 5709 2159 5780 splendidissimam
2206 5708 2491 5781 praecedit,
2522 5708 2710 5763 ultima
2755 5723 2904 5773 vero,
2943 5708 3215 5763 borealior
