4008 6328
53 512 83 563 1
97 510 202 563 097

1010 502 1367 559 HIPPARCIH
1408 501 1496 556 AD
1528 501 1966 567 PIIIENOMENA
2003 501 2128 559 LIB.
2155 502 2218 558 ll.

3118 505 3255 561 1098

47 622 209 691 ἄκρᾲ
239 621 304 690 τῇ
350 620 484 689 οὐρᾷ
522 620 611 672 τοῦ
643 620 864 685 Λέοντος
908 597 1301 694 λαμπρὸςηιαὶ
1329 625 1356 676 6
1385 625 1439 676 έν
1471 624 1612 695 ἄκρα

1720 604 1919 677 stitium
1982 624 2185 678 habens
2234 618 2261 676 a
2313 621 2628 679 meridiano.
2671 620 2857 677 Oritur
2898 620 3040 695 Lyra
3079 634 3259 694 spatio

46 714 126 781 τῇ
159 712 419 782 ἀριστερᾷ
448 709 678 780 πτέρυγι
721 714 816 784 τῆς
863 713 1157 785 Παρθένου,
1200 715 1275 776 ὡς
1319 716 1611 785 ήμιπήχιον

46 800 483 869 ὑπολειπόμενος
533 800 624 853 τοῦ
682 802 1069 875 μεσημϐρινοῦ.
1136 803 1435 857 ’Δνατέλλει
1480 806 1537 858 δὲ
1582 807 1614 876 ἡ

46 891 217 960 Λύρα
245 892 303 941 ὲν
328 888 369 940 6'
401 893 833 963 πεμπτημορὶοις
862 900 909 946 α’
938 892 1105 964 ὥρας.

133 977 241 1030 Τοῦ
290 978 347 1031 δὲ
396 980 641 1048 Ὄρνιθος
681 981 1073 1047 ἀνατέλλοντος,
1108 984 1480 1037 συνανατέλλει
1520 986 1614 1055 μὲν

48 1068 80 1120 6
127 1065 388 1130 ζωδιακὸς
425 1067 531 1121 ἀπὸ
577 1070 769 1140 Χηλῶν
818 1070 862 1135 ζ’
909 1073 1001 1125 καὶ
1048 1080 1094 1124 κ’
1126 1072 1234 1142 μοί.
1294 1073 1461 1144 μέσης
1514 1075 1615 1137 ἕως

48 1158 160 1211 τοῦ
194 1159 418 1223 Τοξότου
455 1162 495 1230 β’
520 1164 611 1215 καὶ
643 1162 711 1214 κ’*
746 1165 1065 1233 μεσουρανεῖ
1088 1164 1143 1217 δὲ
1181 1164 1287 1217 ἀπὸ
1316 1166 1410 1234 τῆς
1442 1167 1614 1237 ἀρχῆς

48 1248 158 1301 τοῦ
193 1249 414 1313 Λέοντος
442 1253 543 1314 ἕως
580 1252 771 1323 Χηλῶν
821 1259 849 1305 ι’
901 1254 1008 1323 μοί.
1066 1253 1251 1324 μέσης.
1287 1255 1394 1305 Καὶ
1435 1260 1482 1307 α’
1517 1256 1612 1323 μὲν

44 1340 239 1412 ἀστὴρ
271 1342 543 1395 ἀνατέλλει
584 1344 613 1395 6
642 1324 973 1413 βορειότατος
996 1344 1102 1396 τῶν
1134 1346 1189 1396 ὲν
1220 1347 1286 1414 τῇ
1313 1344 1457 1414 δεξιᾷ
1487 1345 1614 1396 πτέ-

48 1445 190 1499 ρυγι
218 1430 284 1485 ⁸⁸.
321 1432 654 1502 Μεσουρανεῖ
685 1432 740 1485 δὲ
768 1434 941 1503 ἀστὴρ
979 1441 1026 1488 α’
1063 1434 1159 1503 μὲν
1183 1434 1211 1485 6
1242 1436 1297 1487 ὲν
1322 1436 1388 1503 τῇ
1421 1434 1613 1505 καρδίᾳ

44 1522 156 1575 τοῦ
189 1524 411 1587 Λέοντος
441 1523 707 1594 λαμπρός,
751 1523 971 1593 ἔσχατος
996 1524 1051 1576 δὲ
1112 1524 1205 1577 τοῦ
1247 1524 1554 1594 Κενταύρου
1584 1526 1614 1576 6

46 1612 375 1683 νοτιώτερος
404 1614 508 1666 τῶν
538 1614 641 1666 ὑπὸ
665 1615 757 1667 τὸν
789 1613 956 1678 δεξιὸν
984 1608 1152 1684 ὦμον,
1177 1616 1268 1667 καὶ
1293 1615 1322 1665 6
1371 1615 1616 1686 Ἀρκτοῦ-

1715 719 1860 772 hora:
1888 718 1943 783 ο,
1971 717 2073 771 48’.

1784 980 1917 1035 Cum
1950 982 2133 1050 Cygno
2163 976 2415 1033 zodiacus
2441 980 2616 1035 oritur
2642 996 2672 1035 a
2697 984 2849 1051 parte
2872 981 3159 1038 Chelarum
3188 983 3257 1036 27

1717 1074 1911 1135 media,
1959 1086 2131 1140 usque
2159 1069 2225 1123 ad
2270 1069 2542 1139 Sagittarii
2575 1071 2683 1139 22;
2714 1074 2977 1128 culminat
3012 1075 3080 1128 al)
3105 1075 3259 1130 initio

1718 1165 1931 1225 Leonis,
1961 1163 2025 1216 ad
2051 1161 2278 1217 mediam
2310 1162 2376 1217 lO
2402 1162 2707 1219 Chelarum.
2742 1164 2927 1220 Oritur
2952 1167 3258 1235 prima,bo-

1716 1258 1912 1311 realior
1947 1254 2102 1323 129
2136 1268 2341 1316 earum,
2366 1268 2485 1324 quae
2530 1262 2655 1310 sunt
2686 1255 2741 1309 in
2770 1256 2853 1309 ala
2882 1256 3093 1313 dextra.
3127 1258 3259 1314 Cui-

1716 1345 1887 1397 minat
1927 1347 2076 1413 prior
2109 1342 2253 1395 clara
2311 1342 2365 1396 in
2392 1342 2555 1397 corde
2585 1343 2811 1410 Leonis;
2839 1353 3110 1414 postrema
3133 1364 3261 1403 vero

1716 1436 2005 1490 australior
2046 1449 2232 1490 earum
2259 1472 2272 1499 ,
2324 1450 2441 1503 quae
2487 1436 2590 1490 sub
2638 1436 2830 1489 dextro
2878 1447 3006 1490 sunt
3034 1437 3261 1492 humero

1717 1524 2005 1589 Centauri;
2053 1541 2151 1580 nec
2184 1541 2289 1579 non
2334 1526 2597 1581 Arcturus
2637 1526 2962 1581 semicubito
2989 1527 3201 1584 distans
3228 1544 3259 1582 a

1718 1616 2034 1670 meridiano.
2067 1614 2251 1669 Oritur
2279 1617 2495 1687 Cygnus
2522 1617 2669 1671 horis
2700 1616 2871 1680 4,263.

48 1721 177 1773 ρος,
224 1704 299 1767 ὡς
351 1704 644 1774 ἡμιπήχιον
719 1702 1132 1779 ὑπολειπόμενος
1172 1703 1266 1755 τοῦ
1313 1693 1706 1774 μεσημϐρινοῦ.
1754 1702 2075 1765 Ἀνατέλλειμ
2118 1703 2173 1755 δὲ
2213 1705 2269 1755 ὲν
2333 1703 2581 1781 ὥραις,8¹
2610 1706 2703 1759 καὶ
2761 1706 2879 1759 δυσὶ
2939 1724 3263 1779 πεμπτημό-

48 1799 224 1867 ρίοις.

124 1850 266 1943 id.
297 1887 401 1941 Τοῦ
429 1889 486 1940 δὲ
508 1888 735 1959 Κηφέως
761 1889 893 1959 μόνα
916 1888 985 1941 τὰ
1004 1888 1138 1958 πρὸς
1158 1890 1220 1957 τῇ
1244 1887 1452 1957 κεφαλῇ
1476 1888 1615 1955 μέρη

1784 1882 1921 1936 XXI.
1951 1882 2151 1952 Cephei
2182 1891 2364 1952 partes
2403 1882 2655 1936 oriuntur
2685 1899 2761 1938 eae
2789 1886 2963 1939 solum
2984 1850 3262 1957 quaesunt

46 1979 368 2035 ἀνατέλλει.
418 1980 891 2055 Συνανατέλλειδὲ
933 1979 1080 2049 αὐτῷ
1127 1981 1155 2031 6
1202 1978 1458 2042 ζωδιακὸς
1509 1977 1618 2030 ἀπὸ

50 2069 335 2142 Σκορπίου
373 2070 479 2140 μοί.
530 2068 572 2134 ζ’
612 2070 701 2129 καὶ
745 2076 788 2122 κ’
822 2070 989 2139 μέσης
1024 2069 1126 2133 ἓως
1163 2068 1257 2120 τοῦ
1300 2066 1525 2131 Τοξότου
1566 2073 1616 2129 ς’

55 2162 279 2233 μέσης·
325 2162 639 2231 μεσουρανεῖ
676 2160 731 2212 δὲ
778 2160 883 2212 ἀπὸ
920 2160 1191 2229 Παρθένου
1233 2156 1341 2228 μοί,
1381 2157 1423 2210 θ’
1456 2156 1621 2226 μέσης

49 2252 173 2312 ἕως
206 2248 480 2319 Παρθένου
508 2256 556 2301 α’
578 2250 672 2301 καὶ
695 2255 763 2301 κ’.
800 2249 855 2299 Α¹
889 2246 944 2299 δὲ
980 2248 1153 2318 ἀστὴρ
1180 2248 1498 2316 μεσουρανεῑ
1528 2244 1619 2297 τοῦ

50 2342 318 2412 Κόρακος
349 2340 377 2392 6
416 2342 472 2393 έν
496 2343 561 2411 τῇ
608 2342 742 2409 οὐρᾷ
765 2338 1031 2408 λαμπρὸς,
1065 2338 1137 2399 ὡς
1176 2340 1467 2407 ἡμιπήχιον
1494 2339 1622 2390 ὑπο-

52 2429 389 2497 λειπόμενος
419 2427 512 2479 τοῦ
537 2425 925 2497 μεσημϐρινοῦ,
954 2425 1178 2494 ἔσχατος
1207 2425 1261 2477 δὲ
1284 2428 1312 2478 ό
1342 2428 1623 2497 ἀριστερὸς

54 2520 257 2587 ἀγκὼν
292 2519 388 2587 τῆς
417 2520 689 2589 Παρθένου
718 2560 732 2584 ,
778 2520 849 2583 ὡς
890 2521 1182 2589 ἡμιπήχιον
1224 2512 1621 2589 προηγούμενος

53 2611 159 2665 τοῦ
198 2610 586 2683 μεσημϐρινοῦ.
634 2611 930 2665 Ἀνατέλλει
961 2609 1017 2663 δὲ
1043 2611 1071 2661 6
1099 2610 1317 2680 Κηφεὺς
1356 2610 1413 2662 ὲν
1454 2614 1500 2676 γ’
1533 2609 1622 2677 ἔγ-

54 2718 233 2772 γιστα
268 2684 695 2773 πεμπτημορίοις
720 2701 867 2773 ὧρας
893 2708 961 2755 α’.

132 2791 258 2861 Τῆς
290 2791 346 2844 δὲ
389 2791 755 2855 Κασσιεπείας
797 2790 1205 2862 ἀνατελλούσης,
1251 2790 1621 2845 συνανατέλλει

58 2883 169 2954 μὲν
185 2883 216 2935 6
232 2880 492 2947 ζωδιακὸς
522 2881 627 2935 ἀπὸ
650 2882 981 2947 τοῦεΤοξότου
1014 2881 1058 2951 β’
1082 2884 1174 2935 καὶ
1198 2889 1242 2935 κ’
1273 2884 1383 2953 μοί.
1410 2881 1513 2944 ἓως
1534 2882 1623 2935 Αι-

54 2973 382 3043 γόκερωαβ¹
403 2991 417 3004 ·
455 2959 776 3043 μεσουρανεῖ
804 2973 859 3024 δὲ
899 2974 1005 3025 ἀπὸ
1036 2973 1226 3045 Χηλῶν
1275 2977 1382 3045 μοί.
1422 2982 1487 3028 ια’
1518 2974 1622 3038 ἓως

56 3062 341 3133 Σκορπίου
366 3069 414 3130 γ’
444 3063 630 3132 μέσης.
659 3063 765 3114 Καὶ
800 3069 847 3114 α’
880 3062 975 3130 μὲν
1008 3064 1180 3134 ἀστὴρ
1208 3065 1483 3118 ἀνατέλλει
1510 3068 1537 3117 6
1565 3067 1622 3120 ὲν

55 3155 143 3223 τῷ
181 3153 357 3224 θρόνῳ
380 3154 546 3223 αὐτῆς
573 3154 838 3226 λαμπρὸς,
865 3154 1084 3225 ἔσχατος
1101 3154 1157 3207 δὲ
1176 3158 1203 3208 ό
1221 3157 1278 3207 ὲν
1298 3160 1362 3226 τῇ
1393 3157 1616 3227 κεφαλῇ.

1719 1975 1785 2030 ad
1807 1983 1985 2046 caput.
2007 1974 2258 2029 Cooritur
2287 1974 2539 2027 zodiacus
2558 1988 2587 2025 a
2614 1973 2685 2026 27
2713 1976 2888 2030 media
2918 1986 3070 2047 parte
3099 1978 3263 2035 δεομ-

1720 2068 1790 2140 pii
1822 2069 1888 2121 ad
1916 2069 2146 2121 mediam
2169 2067 2202 2121 6
2224 2066 2529 2137 Sagittarii;
2554 2067 2811 2122 culminat
2837 2083 2867 2122 a
2895 2070 3069 2125 media
3095 2073 3129 2126 9
3152 2072 3264 2128 Vir-

1721 2157 1862 2229 ginis
1892 2157 1959 2210 ad
1988 2157 2232 2224 ejusdem
2261 2155 2351 2210 2L
2390 2156 2544 2211 Prior
2571 2165 2748 2212 autem
2782 2160 3042 2214 culminat
3062 2177 3182 2231 quae
3204 2164 3261 2219 in

1720 2246 1891 2303 cauda
1920 2254 2003 2301 est
2030 2246 2190 2302 Corvi
2217 2247 2413 2314 lucida,
2446 2251 2600 2318 quasi
2638 2252 2958 2309 semicubito
2984 2252 3209 2313 distans
3230 2271 3262 2309 a

1721 2338 2058 2400 meridiano;
2088 2338 2295 2403 ultima,
2329 2339 2545 2394 sinister
2573 2338 3074 2409 Virginisrubitus
3095 2382 3111 2408 ,
3140 2352 3262 2399 tan-

1721 2427 1956 2482 tumdem
2000 2428 2357 2482 meridianum
2413 2430 2754 2485 antecedens.
2789 2429 2974 2487 Oritur
3016 2432 3261 2504 Cepheus

1721 2513 1853 2569 hora
1886 2517 2272 2586 propemodum
2296 2518 2349 2583 0,
2380 2518 2480 2572 ὅθ’.

1788 2769 2125 2824 Ascendente
2167 2769 2454 2841 Cassiepea
2502 2771 2755 2827 zodiacus
2801 2772 2975 2827 oritur
3016 2787 3047 2829 a
3091 2776 3261 2847 gradu

1674 2840 1677 2843 Α
1718 2860 1790 2914 2ο
1837 2860 2112 2931 Sagittarii
2150 2862 2215 2915 ad
2257 2840 2569 2933 Capricorni
2614 2864 2713 2930 12;
2746 2863 3005 2919 culminat
3045 2840 3262 2937 a'parte

1721 2950 2006 3035 Chelarum
2043 2954 2103 3005 ll
2136 2954 2201 3007 ad
2224 2954 2258 3007 5
2288 2954 2515 3009 mediam
2542 2953 2768 3023 Scorpii.
2798 2952 2951 3010 Prior
2974 2957 3146 3013 oritur
3173 2959 3259 3012 lu-

1721 3043 1843 3097 cida
1883 3044 1937 3097 in
1992 3044 2137 3099 illius
2166 3046 2399 3107 throno;
2430 3046 2636 3111 ultima,
2683 3061 2803 3117 qua:
2845 3058 2929 3105 est
2974 3050 3030 3104 in
3064 3052 3259 3121 capite.

1720 3131 1902 3187 Prima
1951 3136 2211 3189 culminat
2252 3138 2540 3191 australior
2582 3153 2802 3207 earum,
2837 3156 2957 3211 qua:
2989 3150 3115 3197 sunt
3160 3142 3263 3198 sub

59 3246 408 3315 Μεσουρανεῖ
436 3246 494 3297 δὲ
524 3246 699 3317 ἀστὴρ
722 3251 769 3298 α’
799 3246 895 3316 μὲν
922 3246 1013 3299 τοῦ
1044 3245 1350 3316 Κενταύρου
1379 3248 1408 3298 6
1434 3246 1617 3299 νοτιώ-

1721 3222 1911 3276 dextro
1970 3223 2194 3279 humero
2223 3225 2511 3291 Centauri,
2557 3244 2679 3283 cum
2732 3230 2994 3297 Arcturo;
3049 3230 3262 3294 ultima,

57 3351 231 3405 τερος
266 3334 371 3387 τῶν
410 3336 512 3388 ὑπὸ
544 3335 631 3387 τὸν
669 3335 837 3401 δεξιὸν
874 3330 1040 3407 ὦμον,
1079 3338 1169 3391 καὶ
1206 3340 1233 3391 6
1276 3337 1616 3408 Ἀρκτοῦρος,

59 3426 300 3495 ἔσχατος
322 3424 381 3477 δὲ
412 3426 439 3477 6
462 3426 622 3495 μέσος
647 3426 755 3479 τῶν
779 3429 835 3480 ὲν
862 3428 937 3498 τῷ
968 3429 1200 3498 μετώπῳ
1219 3428 1311 3480 τοῦ
1333 3428 1618 3499 Σκορπίου,

58 3515 163 3568 καὶ
202 3514 301 3568 τοῦ
327 3515 593 3583 Στεφάνου
633 3518 661 3568 6
692 3514 987 3585 ἡγούμενος
1017 3516 1110 3569 τοῦ
1149 3516 1419 3587 λαμπροῦ.
1468 3519 1621 3570 Ἀνα-

55 3605 248 3660 τέλλει
277 3604 333 3658 δὲ
358 3608 391 3675 ἡ
427 3605 761 3659 Κασσιέπεια
786 3609 842 3659 ὲν
866 3606 983 3677 ὥρᾳ
1012 3613 1057 3658 ι’
1087 3608 1180 3659 καὶ
1202 3615 1249 3675 γ’
1275 3609 1446 3679 μέρει.

135 3695 260 3763 Τῆς
292 3694 352 3747 δὲ
406 3695 755 3767 Ἀνδρομέδας
794 3696 1201 3767 ἀνατελλούσης,
1248 3698 1622 3751 συνανατέλλει

44 3791 52 3819 τ
61 3787 167 3857 μὲν
190 3786 333 3856 αὐτῇ
360 3787 387 3839 6
411 3786 665 3851 ζωδιακὸς
684 3787 791 3839 ἀπὸ
806 3788 1082 3857 Αῐγόκερω
1104 3793 1162 3839 ιε’
1186 3787 1293 3856 μοί.
1315 3788 1417 3851 ἕως
1442 3788 1625 3858 Ὑδρο-

59 3877 194 3947 χόου
231 3874 341 3946 μοί.
366 3873 406 3927 δ’
426 3876 519 3929 καὶ
541 3880 589 3929 κ’
612 3874 796 3947 μέσης
826 3878 1143 3946 μεσουρανεῖ
1162 3875 1217 3927 δὲ
1236 3874 1340 3928 ἀπὸ
1361 3874 1623 3944 Σκορπιου

61 3974 120 4033 ς’
152 3968 333 4037 μέσης
358 3964 461 4030 ἕως
489 3966 711 4031 Τοξότου
754 3967 801 4035 η’
834 3965 1020 4036 μέσης.
1056 3965 1164 4019 Καὶ
1190 3971 1236 4018 α’
1273 3967 1367 4035 μὲν
1394 3966 1423 4016 6
1450 3964 1624 4034 ἀστὴρ

60 4053 357 4110 ἀνατέλλει
390 4054 556 4123 αὐτῆς
584 4056 612 4107 6
641 4053 949 4124 νοτιώτερος
976 4053 1081 4106 τῶν
1114 4055 1169 4105 έν
1189 4055 1255 4123 τῇ
1284 4052 1430 4121 δεξιᾷ
1459 4051 1621 4120 χειρὶ,

59 4145 304 4214 ἔσχατος
333 4140 386 4192 δὲ
413 4141 441 4192 6
469 4143 528 4194 ὲν
553 4142 697 4212 ἄκρᾳ
724 4143 786 4212 τῇ
823 4143 1082 4213 ἀριστερᾷ
1108 4142 1267 4212 χειρί.
1291 4143 1626 4211 Μεσουρανεί

59 4236 121 4289 δὲ
138 4232 325 4302 ἀστὴρ
346 4238 391 4285 α’
406 4232 501 4302 μὲν
522 4234 612 4285 τοῦ
634 4233 899 4301 Στεφάνου
916 4235 945 4285 '6
967 4233 1220 4303 ἐχόμενος
1234 4232 1325 4285 τοῦ
1350 4230 1622 4302 λαμπροῦ,

62 4324 309 4393 ἔσχατος
327 4321 383 4375 δὲ
405 4316 433 4374 6
459 4322 742 4392 ἀριστερὸς
762 4319 943 4389 ἀγκὼν
965 4321 1057 4373 τοῦ
1093 4321 1179 4373 Ἐν
1199 4321 1435 4388 γόνασιν.
1454 4318 1457 4323 ⁷
1475 4319 1627 4372 Ἀνα-

62 4414 258 4467 τέλλει
282 4411 338 4463 δὲ
371 4413 404 4482 ἡ
445 4412 762 4481 Ἀνδρομέδα
790 4412 845 4463 ὲν
873 4411 1039 4482 ὥραις
1071 4411 1116 4481 β’
1142 4412 1234 4465 καὶ
1260 4418 1306 4482 η’
1343 4412 1518 4481 μέρει.

139 4502 262 4556 Τοῦ
294 4502 351 4554 δὲ
377 4503 571 4555 Ἵππου
603 4502 992 4565 ἀνατέλλοντος,
1025 4500 1394 4555 συνανατέλλει
1427 4501 1573 4570 αὐτῷ
1596 4501 1625 4552 6
1653 4525 1700 4570 _-

1721 3327 1908 3368 earum
1934 3316 2108 3369 media
2132 3332 2249 3386 qua:
2278 3325 2403 3371 sunt
2431 3318 2485 3370 in
2510 3318 2681 3373 fronte
2704 3319 2911 3389 Scorpii
2932 3361 2946 3385 ,
2978 3330 3031 3375 et
3060 3338 3262 3391 praece-

1723 3403 1855 3461 dens
1895 3404 2128 3459 lucidam
2171 3405 2414 3460 Corona}.
2461 3405 2648 3461 Oritur
2701 3406 2987 3480 Cassiepea
3037 3411 3167 3465 hora
3207 3413 3261 3476 1,

1720 3492 1824 3549 20'.

1792 3673 1927 3727 Cum
1970 3672 2311 3728 Andromeda
2361 3673 2537 3729 oritur
2591 3688 2749 3730 arcus
2780 3675 2985 3731 zodiaci
3018 3691 3047 3730 a
3074 3676 3265 3748 Capri-

1723 3766 1873 3820 corni
1905 3774 2055 3835 parte
2084 3765 2167 3830 15,
2205 3766 2271 3818 ad
2294 3766 2515 3836 Aquarii
2546 3766 2615 3819 24
2646 3767 2908 3833 mediam;
2946 3768 3205 3823 culminat
3232 3784 3264 3823 a

1722 3853 1897 3909 media
1917 3854 1949 3908 6
1982 3854 2190 3923 Scorpii
2231 3854 2300 3908 ad
2329 3856 2558 3909 mediam
2578 3855 2610 3909 8
2642 3854 3131 3926 Sagittarii.Pritna
3153 3860 3264 3913 ori-

1723 3955 1813 4000 tur
1858 3947 2147 4001 australior
2174 3961 2359 4000 earnm
2410 3962 2529 4017 qua:
2570 3956 2696 4002 sunt
2740 3949 2794 4002 in
2827 3949 3015 4004 dextra
3064 3965 3260 4014 manu;

1725 4038 1931 4099 ultima,
1956 4053 2075 4107 quae
2097 4039 2150 4091 in
2187 4039 2525 4093 extremitate
2554 4038 2789 4094 sinistra:
2820 4054 3031 4094 manus.
3057 4040 3263 4094 Culmi-

1723 4136 1817 4183 nat
1848 4129 2041 4200 prima,
2074 4145 2191 4199 qua:
2233 4129 2425 4185 lucida:
2459 4130 2685 4185 Corona:
2731 4109 2973 4198 prdxima
3014 4139 3129 4199 est;
3163 4146 3261 4200 po-

1725 4226 1959 4275 stremus
2003 4214 2132 4274 vero
2178 4220 2393 4274 cubitus
2441 4218 2660 4273 sinister
2710 4218 3025 4288 lngeniculi.
3074 4216 3263 4276 Oritur

1724 4309 2062 4364 Andromeda
2079 4308 2228 4363 horis
2254 4308 2291 4361 2
2316 4308 2437 4377 l/8.

1794 4479 1930 4533 Cum
1968 4478 2151 4549 Equus
2180 4478 2375 4545 oritur,
2404 4478 2646 4534 ascendit
2678 4493 2800 4533 cum
2824 4493 2889 4533 eo
2914 4478 3169 4535 zodiacus
3195 4480 3266 4535 ab

66 4591 348 4660 ζωδιακὸς
386 4591 493 4643 ἀπὸ
530 4591 627 4661 τῆς
668 4590 838 4660 ἀρχῆς
869 4589 961 4641 τοῦ
992 4590 1268 4658 Αιγόκερω
1296 4589 1397 4651 ἕως
1443 4568 1622 4659 Ὑδρο-

1726 4572 1878 4626 initio
1893 4569 2203 4640 Capricorni
2230 4569 2297 4625 ad
2326 4570 2550 4640 Aquarii
2574 4578 2778 4639 partem
2811 4569 2899 4625 2i.
2939 4569 3209 4635 Culminat
3230 4584 3267 4626 α

68 4686 204 4756 χόου
243 4679 353 4752 μοι.
378 4685 425 4732 α’
458 4682 550 4733 καὶ
580 4686 648 4731 κ”
675 4680 988 4750 μεσουρανεί
1014 4678 1070 4731 δὲ
1098 4680 1203 4731 ἀπὸ
1236 4680 1426 4750 Χηλῶν
1454 4685 1500 4732 α’
1534 4678 1627 4732 καὶ

67 4782 117 4829 κ’
153 4772 338 4842 μέσης
365 4770 467 4831 ἕως
504 4767 727 4834 Τοξότου
761 4775 810 4834 ς’
843 4770 1030 4841 μέσης.
1075 4768 1184 4821 Καὶ
1229 4773 1277 4821 α’
1325 4769 1419 4838 μὲν
1461 4767 1623 4821 αὐτοῦ

65 4864 258 4932 ἀστὴρ
280 4859 549 4912 ἀνατέλλει
569 4860 597 4911 6
616 4858 925 4930 νοτιὼτερος
944 4858 1049 4911 τῶν
1070 4857 1409 4928 ἐμπροσθίων
1430 4856 1624 4919 ποδῶν,

68 4957 312 5025 ἔσχατος
331 4950 386 5003 δὲ
408 4953 436 5005 6
458 4950 547 5003 ἐπὶ
576 4949 669 5021 τῆς
697 4948 890 5018 ὀσφύος
920 4947 1184 5018 λαμπρὸς.
1212 4947 1544 5016 Μεσουρανεϊ
1570 4946 1626 4999 δὲ

70 5044 261 5115 ἀστὴρ
294 5047 339 5093 α’
369 5041 465 5110 μὲν
496 5043 525 5094 6
556 5042 613 5093 ὲν
649 5039 787 5110 μέσῃ
820 5041 886 5108 τῇ
919 5039 1067 5109 νοτία
1108 5036 1256 5107 Χηλῇ
1276 5074 1291 5099 ,
1326 5036 1539 5106 ἔσχατοι
1570 5036 1626 5088 δὲ

71 5138 171 5192 τοῦ
218 5132 501 5202 Ὀφιοόχου
528 5133 575 5184 oi
602 5131 748 5202 παρά
771 5129 861 5183 τὸν
879 5130 1045 5196 δεξιὸν
1073 5124 1218 5199 ὦμον
1243 5133 1291 5195 γ’
1314 5129 1397 5180 ἐπ’
1418 5126 1627 5190 εὐθείας

72 5230 349 5297 κείμενοι,
377 5224 529 5286 ἐκτὸς
546 5225 694 5289 ὄντες
716 5221 899 5286 αὑτοῦ,
924 5223 1128 5276 καὶτοῦ
1168 5222 1254 5274 Ἐν
1275 5220 1491 5289 γόνασιν
1517 5222 1545 5273 6
1569 5222 1627 5273 ὲν

71 5318 156 5388 τῷ
186 5313 465 5387 ἀριστερῷ
498 5314 655 5384 μηρῷ
685 5313 951 5385 λαμπρὸς,
992 5312 1184 5383 μικρὸν
1228 5307 1628 5382 προηγούμενος

72 5406 272 5464 αὑτοῦ.
313 5405 608 5458 Ἀνατέλλει
631 5404 687 5456 δὲ
711 5406 741 5459 6
767 5405 957 5466 Ἵππος
988 5404 1044 5456 ὲν
1072 5404 1239 5474 ὥραις
1268 5407 1336 5469 γ’.

147 5496 263 5552 Τοῦ
286 5495 343 5547 δὲ
373 5480 578 5549 Ὀῗστοῦ
604 5481 994 5559 ἀνατέλλοντος,
1023 5492 1392 5546 συνανατέλλει
1418 5490 1515 5561 μὲν
1536 5489 1631 5543 αό-

74 5590 154 5661 τῷ
186 5589 218 5641 6
249 5586 510 5652 ζωδιακὸς
536 5586 644 5639 ἀπὸ
672 5583 765 5639 τοῦ
796 5584 1021 5652 Τοξότου
1058 5583 1169 5653 μοί.
1203 5590 1244 5635 ε’
1270 5583 1373 5647 ἕως
1405 5580 1629 5646 Τσξότου

74 5680 341 5751 ι’κλμέσης·
380 5678 695 5747 μεσουρανεϊ
725 5676 782 5729 δὲ
813 5674 920 5728 ἀπὸ
948 5672 1221 5747 Παρθένου
1257 5673 1319 5728 ιθ¹
1350 5671 1455 5736 ἕως
1487 5672 1632 5743 Παρ-

158 5834 209 5868 ⁶⁹
232 5834 389 5890 Das!
413 5828 597 5883 ultima
629 5827 814 5881 oriens.

363 5922 626 5996 Ρλτιιοι..
669 5917 785 5979 Gn.
819 5912 991 5976 XIX.

1724 4662 2011 4717 Chelarum
2052 4673 2205 4731 parte
2233 4661 2295 4715 21
2335 4661 2511 4716 media
2548 4660 2614 4713 ad
2641 4657 2918 4731 Sagittarii
2949 4660 3180 4716 mediam
3207 4660 3263 4715 6.

1724 4752 1903 4808 Prima
1930 4754 2049 4822 ejus
2072 4753 2244 4807 oritur
2272 4752 2446 4813 stella,
2465 4766 2584 4820 qua:
2610 4758 2695 4806 est
2717 4752 3007 4805 australior
3030 4752 3266 4807 anterio-

1723 4860 1843 4903 rum
1878 4844 2104 4915 pedum;
2135 4842 2343 4905 ultima,
2373 4855 2492 4909 quae
2518 4851 2601 4896 est
2628 4841 2681 4894 in
2724 4840 2883 4896 ilibus
2912 4842 3111 4896 lucida.
3138 4842 3267 4897 Cul-

1725 4937 1895 4990 minat
1932 4933 2079 5005 prior
2108 4933 2279 4987 media
2325 4932 2378 4985 in
2422 4931 2647 4985 australi
2690 4930 2885 4993 Chela,
2923 4931 3123 4986 ultima:
3147 4948 3267 5003 quae

1726 5027 1793 5080 ad
1821 5026 2070 5081 dextrum
2118 5024 2409 5078 humerum
2440 5019 2710 5091 Ophiuchi
2742 5032 2852 5075 tres
2892 5020 2947 5075 in
2999 5020 3264 5077 directum

1725 5118 1936 5186 positae,
1962 5122 2221 5185 extraque
2254 5114 2429 5183 ipsum
2459 5114 2597 5176 sitm,
2626 5125 2732 5165 una
2762 5126 2887 5165 cum
2916 5112 3114 5175 lucida,
3148 5129 3268 5183 quae

1724 5218 1809 5265 est
1836 5210 1890 5262 in
1934 5207 2157 5263 sinistro
2184 5205 2384 5264 femore
2412 5203 2740 5274 Engonasin,
2775 5203 2934 5271 paulo
2964 5204 3139 5273 ipsum
3172 5218 3268 5256 an-

1726 5298 1996 5356 tecedens.
2028 5296 2215 5352 Oritur
2244 5294 2427 5365 Equus
2460 5294 2611 5349 horis
2640 5294 2693 5348 ’5.

1795 5488 1929 5541 Cum
1963 5485 2169 5557 Sagitta
2211 5481 2415 5538 zodiaci
2444 5496 2606 5539 arcus
2649 5482 2822 5536 oritur
2850 5495 2879 5533 a
2914 5488 3067 5550 parte
3106 5481 3139 5533 5
3164 5478 3266 5532 Sa—

1727 5576 1925 5651 gittarii
1946 5574 2013 5630 ad
2028 5575 2267 5646 ejusdem
2301 5572 2367 5625 10
2392 5572 2654 5636 mediam;
2683 5568 2945 5624 culminat
2976 5583 3005 5621 ο
3034 5568 3271 5637 partel9

1730 5667 1988 5741 Virginis,
2036 5666 2103 5722 ad
2128 5664 2217 5720 25.
2250 5661 2445 5720 Primae
2469 5663 2715 5719 oriuntur
2753 5673 2873 5730 qua:
2905 5668 3032 5715 sunt
3067 5659 3123 5713 in
3156 5658 3271 5729 gly-

2966 5895 3043 5954 35
