4094 6328
719 391 865 446 ’1099

1629 329 1639 338 .
1677 379 1780 442 AD
1813 375 2075 434 EUSEBII
2107 373 2502 432 CIIRONICON
2543 369 2900 428 APPENDIX.

3773 367 3898 424 1101‘

729 507 910 579 phide,
933 504 988 558 id
1015 509 1096 558 est
1121 513 1347 564 «creua;
1383 516 1406 580 τ
1451 495 1659 560 ultima,
1683 509 1801 565 quae
1827 501 1910 550 est
1936 495 1997 548 in
2023 493 2264 562 cuspide.

2369 491 2514 545 θένου
2539 497 2578 543 ε’
2599 490 2694 543 καὶ
2719 495 2790 544 κ’.
2821 487 2929 540 Καὶ
2950 485 3154 558 πρῶτοι
3177 487 3274 557 μὲν
3295 487 3668 542 ἀνατέλλουσιν
3693 489 3738 540 οἱ
3761 489 3814 540 ἐν
3835 489 3900 556 τῇ

733 598 1005 656 Culminat
1039 595 1188 663 prior
1212 605 1330 661 qua:
1356 597 1438 644 est
1466 589 1518 641 in
1545 587 1764 642 sinistro
1795 585 1977 642 cubito
2009 583 2266 654 Virginis,
2301 638 2312 653 ο

735 687 1014 757 paululum
1065 682 1198 736 citra
1255 677 1610 734 meridianum
1655 676 1792 742 sita;
1830 675 2040 738 ultima,
2089 673 2266 743 Spica,

733 779 1006 850 paululum
1038 771 1390 828 meridianum
1422 768 1775 832 antecedens;
1805 774 1858 822 et
1895 782 2013 835 qua:
2041 765 2140 820 sub
2169 765 2270 818 hu-

735 883 885 923 mero
902 867 1092 920 dextro
1117 859 1391 916 Centauri.
1421 857 1603 912 Oritur
1633 856 1835 928 Sagitta
1869 856 2000 911 hora
2020 855 2074 919 θ,
2095 854 2197 909 20'.

805 1149 970 1207 XXII.
1003 1147 1188 1202 Oritur
1209 1144 1400 1214 Aquila
1421 1155 1548 1194 cum
1581 1155 1708 1192 arcu
1736 1137 1944 1192 zodiaci
1971 1151 2001 1188 a
2033 1133 2274 1204 Sagitta-

739 1247 805 1300 rii
833 1243 997 1314 gradu
1022 1243 1073 1303 9,
1099 1240 1164 1293 ad
1205 1237 1439 1292 medium
1469 1235 1568 1298 Ia;
1597 1233 1852 1288 culminat
1879 1245 1906 1279 a
1949 1226 2181 1296 Virginis
2205 1223 2274 1278 24

741 1339 806 1389 ad
833 1333 1064 1388 medium
1099 1329 1185 1384 '50.
1223 1327 1401 1380 Prima
1429 1327 1706 1391 consurgit
1739 1319 1941 1386 Aquila:
1973 1316 2144 1376 stella,
2171 1314 2272 1368 ho-

737 1429 931 1482 realior
957 1436 1263 1494 parvarum,
1297 1435 1414 1487 quae
1441 1427 1565 1471 sunt
1591 1417 1644 1468 in
1666 1415 1872 1464 dminus
1902 1411 2034 1472 alis;
2063 1407 2270 1469 ultima,

738 1533 855 1588 qua:
873 1525 954 1572 cst
984 1512 1272 1568 australior
1291 1510 1450 1563 trium
1471 1509 1524 1559 in
1552 1518 1774 1574 corpore
1803 1501 2114 1556 iucidarnm.
2149 1496 2276 1550 Cul—

738 1587 906 1660 minat
929 1605 1074 1673 prior
1098 1601 1280 1672 Spica,
1309 1597 1513 1657 ultima,
1547 1593 1808 1648 horealior
1839 1605 2022 1644 earum
2055 1603 2171 1656 qua":
2219 1587 2274 1638 in

737 1695 996 1754 Centauri
1025 1693 1220 1762 capite.
1261 1687 1443 1744 Oritur
1471 1687 1662 1754 Aquila
1690 1685 1820 1738 hora
1851 1683 1906 1747 0,
1932 1681 2039 1734 24³.

811 1961 990 2019 Oritur
1021 1971 1144 2012 cum
1159 1951 1413 2021 Delplnne
1440 1933 1700 2001 zodiacus
1724 1956 1752 1994 a
1784 1935 2057 2007 Sagittarii
2095 1931 2264 2004 gradu

741 2055 810 2110 20
835 2051 1010 2108 medio
1039 2047 1106 2100 ad
1149 2042 1384 2098 medium
1414 2037 1482 2090 24
1508 2052 1522 2100 ;
1555 2031 1808 2088 culminat
1845 2031 1910 2080 ab
1938 2033 2128 2078 octavo
2155 2039 2270 2078 me-

741 2149 832 2202 dio
863 2141 1040 2198 Chelas
1069 2137 1138 2191 ad
1165 2131 1452 2190 15.Prima3
1471 2127 1716 2182 oriuntur
1734 2117 2111 2174 antecedentes
2133 2129 2272 2184 qua-

742 2251 868 2292 tuor
901 2235 954 2288 in
977 2229 1222 2292 rhombo,
1255 2231 1526 2294 postrema
1545 2231 1662 2286 qtae
1687 2215 1740 2266 in
1763 2209 1934 2265 cauda
1971 2213 2052 2260 est
2067 2215 2278 2260 austra-

671 2369 674 2372 ι
743 2331 870 2383 Iior.
911 2319 1184 2378 Culminat
1235 2317 1464 2386 primum
1509 2310 1726 2364 sinister
1757 2317 1850 2374 pes
1897 2297 2274 2362 Andromeda},

745 2391 1015 2488 postremo
1041 2404 1292 2463 Centauri
1327 2401 1556 2456 maxime
1581 2396 1812 2452 borealis
1841 2397 1895 2450 in
1921 2394 2140 2465 thyrso;
2161 2395 2280 2440 tum

746 2478 814 2560 ad
843 2519 980 2576 genu
1001 2497 1232 2569 Virginis
1261 2494 1505 2549 dextrum
1536 2505 1565 2543 a
1595 2487 1952 2558 septentrione
1977 2478 2278 2550 sita,quasi

746 2569 1062 2654 seniicubito
1127 2589 1358 2644 distans.
1381 2598 1426 2638 a-
1461 2581 1776 2636 meridiano.
1829 2575 2014 2632 Oritur
2051 2569 2278 2640 Delphin

747 2691 876 2745 hora
899 2687 962 2750 '0,
987 2685 1086 2740 ιδ’.

2367 581 2596 650 γλυφίδι,
2619 579 2840 650 ἔσχατος
2861 577 2915 630 δὲ
2935 581 2962 630 6
2979 580 3035 630 ὲν
3053 580 3118 648 τῇ
3139 577 3302 632 ἀκίδι.
3321 579 3500 632 Μεσου
3509 580 3656 650 ρανεί
3673 577 3726 630 δὲ
3739 577 3903 646 ἀστὴρ

2364 681 2414 728 α’
2442 672 2537 743 μὲν
2557 675 2586 724 6
2605 673 2662 724 ἔν
2683 671 2760 740 τῷ
2777 670 3044 741 ἀριστερῷ
3065 671 3272 738 ἀγκῶνι
3291 673 3388 741 τῆς
3405 671 3698 746 Παρθένου,
3718 669 3903 741 μικρὸν

2367 764 2782 833 ὑπολειπόμενος
2819 762 2910 816 τοῦ
2944 761 3332 834 μεσημϐρινοῦ,
3369 765 3591 834 ἔσχατος
3619 765 3676 816 δὲ
3713 765 3740 816 6
3777 761 3904 815 Στά-

2368 873 2486 926 χυς,
2541 855 2730 926 μικρὸν
2775 854 3172 926 προηγούμενος
3205 854 3296 908 τοῦ
3340 854 3722 925 μεσημϐρινοῦ,
3755 854 3847 906 καὶ
3877 855 3904 907 6

2371 947 2474 1000 ὑπὸ
2499 946 2590 998 τὸν
2615 947 2897 1017 ἀριστερὸν
2930 939 3076 1017 ὦμεν
3115 945 3208 999 τοῦ
3244 946 3576 1016 Κενταύρου.
3619 943 3904 999 Ἀνατέλλει

2370 1037 2426 1090 δὲ
2456 1037 2484 1088 ὁ
2530 1038 2731 1100 Ὀῖστὸς
2760 1039 2818 1090 ὲν
2849 1045 2895 1106 γ’
2925 1038 3074 1108 μέρει
3105 1037 3270 1109 ὥρας.

2439 1128 2564 1182 KB'.
2583 1127 2686 1182 Τοῦ
2712 1129 2768 1182 δὲ
2803 1128 2982 1181 Ἀετοῦ
3013 1129 3401 1192 ἀνατέλλοντος,
3431 1127 3794 1182 συνανατέλλει
3813 1127 3906 1199 μὲν

2371 1218 2515 1288 αὐτῷ
2545 1221 2572 1271 6
2599 1219 2852 1282 ζωδιακὸς
2885 1219 2990 1270 ἀπὸ
3023 1217 3242 1284 Τοξότου
3273 1218 3381 1288 μρί.
3413 1218 3456 1271 θ’
3481 1217 3584 1280 ἕως
3606 1217 3826 1284 Τοξότου
3851 1219 3904 1270 ιδ’

2375 1309 2564 1378 μέσης·
2614 1309 2929 1377 μεσουρανεῖ
2971 1305 3026 1358 δὲ
3072 1308 3176 1360 ἀπὸ
3215 1308 3489 1380 Παρθένου
3533 1308 3574 1360 6'
3609 1309 3702 1362 καὶ
3731 1315 3778 1360 κ’
3809 1309 3908 1368 ἔως

2371 1395 2644 1465 Παρθένου
2672 1395 2712 1446 λ’
2737 1395 2926 1464 μέσης.
2953 1397 3062 1448 Καὶ
3097 1403 3144 1448 α’
3179 1397 3276 1466 μὲν
3309 1397 3480 1468 ἀστὴρ
3511 1396 3786 1450 ἀνατέλλει
3819 1397 3908 1450 τοῦ

2385 1482 2565 1535 Ἀετοῦ
2597 1486 2624 1536 6
2644 1483 2972 1554 βορειότερος
3003 1485 3108 1538 τῶν
3135 1487 3190 1537 ὲν
3215 1489 3334 1548 ταῖς
3363 1487 3582 1558 πτέρυξι
3611 1487 3654 1556 β’
3685 1488 3909 1558 μικρῶν,

2327 1597 2330 1600 ~
2373 1574 2598 1644 ἔσχατος
2629 1575 2686 1626 δὲ
2725 1577 2754 1626 6
2781 1576 3094 1646 νοτιώτερος
3125 1577 3230 1630 τῶν
3263 1579 3318 1632 ἐν
3348 1579 3422 1648 τῷ
3454 1579 3662 1650 σώματι
3693 1585 3740 1648 γ’
3777 1579 3910 1649 λαμ-

2377 1667 2546 1738 πρῶν.
2576 1670 2754 1722 Meo-ou
2764 1672 2912 1740 ρανεῖ
2933 1671 2987 1724 δὲ
3009 1670 3180 1742 ἀστὴρ
3205 1679 3252 1724 α’
3279 1673 3376 1742 μὲν
3399 1673 3428 1724 6
3449 1673 3676 1742 Στάχυς,
3697 1671 3912 1742 ἔσχατος

2375 1757 2430 1808 δὲ
2463 1757 2553 1810 τοῦ
2583 1759 2893 1830 Κενταύρου
2922 1763 2950 1814 6
2987 1761 3314 1833 βορειότερος
3352 1763 3458 1816 τῶν
3490 1765 3546 1816 ἔν
3584 1766 3648 1834 τῇ
3689 1764 3912 1834 κεφαλῇ.

2307 1839 2350 1893 Β
2385 1847 2682 1901 Ἀνατέλλει
2701 1850 2756 1902 δὲ
2775 1851 2803 1902 6
2835 1851 3012 1914 Ἀετὸς
3033 1855 3090 1905 ἐν
3119 1853 3160 1922 β’
3184 1871 3401 1926 πεμπτη
3411 1855 3614 1926 μορίοις
3634 1857 3730 1926 τῆς
3750 1855 3912 1926 ὧρας.

2446 1937 2548 1990 Τοῦ
2595 1939 2652 1991 δὲ
2695 1940 2944 2007 Δελφίνος
2981 1943 3376 2010 ἀνατέλλοντος,
3419 1947 3792 2002 συνανατέλλει
3827 1949 3922 2018 μὲν

2377 2027 2522 2096 αύτῷ
2551 2029 2578 2078 6
2609 2027 2863 2093 ζωδιακὸς
2897 2031 3001 2084 ἀπὸ
3022 2031 3114 2084 τοῦ
3145 2033 3368 2098 Τοξότου
3401 2037 3509 2106 μοί.
3539 2037 3587 2090 κ’
3621 2038 3794 2108 μέσης
3821 2038 3918 2100 ἔως

2380 2117 2604 2182 Τοξότου
2625 2117 2665 2168 δ’
2688 2121 2780 2172 καὶ
2803 2127 2848 2172 κ’
2877 2121 3065 2193 μέσης·
3101 2129 3420 2196 μεσουρανεῖ
3439 2126 3497 2178 δὲ
3525 2127 3632 2180 ἀπὸ
3653 2129 3849 2198 Χηλῶν
3871 2135 3915 2198 η’

2385 2209 2550 2277 μέσης
2582 2207 2684 2271 ἕως
2714 2211 2906 2280 Χηλῶν
2939 2219 3026 2282 ιγ’.
3053 2215 3160 2267 Καὶ
3189 2215 3392 2286 πρῶτοι
3421 2215 3518 2286 μὲν
3543 2217 3772 2289 ἀστέρες
3801 2221 3916 2271 ἀνα-

2382 2297 2647 2351 τέλλουσιν
2671 2301 2718 2352 οἱ
2749 2299 3033 2372 ἡγούμενοι
3061 2305 3166 2358 τῶν
3195 2305 3252 2358 ἔν
3285 2304 3364 2375 τῷ
3395 2305 3578 2378 ῥόμϐῳ
3605 2307 3666 2370 δ’,
3704 2307 3920 2378 ἔσχατος

2383 2389 2437 2442 δὲ
2467 2389 2572 2444 τῶν
2593 2393 2648 2444 ὲν
2673 2396 2738 2464 τῇ
2762 2393 2897 2466 οὐρᾷ
2923 2397 2950 2448 6
2976 2396 3301 2469 νοτιώτερος.
3323 2401 3657 2472 Μεσουρανεῖ
3673 2400 3734 2453 δὲ
3757 2409 3806 2454 α’
3833 2401 3918 2472 μὲν

2383 2482 2411 2532 6
2439 2481 2720 2553 ἀριστερὸς
2751 2483 2883 2546 ποῦς
2912 2485 3008 2554 τῆς
3059 2487 3429 2557 Ἀνδρομέδας,
3478 2489 3704 2560 ἔσχατος
3737 2491 3796 2542 δὲ
3833 2491 3920 2544 τοῦ

2383 2570 2693 2644 Κενταύρου
2731 2575 2758 2626 6
2785 2574 3118 2645 βορειότατος
3145 2575 3251 2630 τῶν
3281 2579 3337 2630 ὲν
3367 2579 3446 2648 τῷ
3479 2581 3681 2652 θύρσῳ,
3713 2583 3920 2652 καὶτῆς

2385 2664 2659 2735 Παρθένου
2685 2670 2714 2722 6
2743 2669 2834 2722 ἀπ’
2865 2669 3094 2739 Ἄρκτου
3123 2671 3366 2740 κείμενος
3391 2671 3482 2726 τοῦ
3505 2673 3676 2740 δεξιοῦ
3705 2677 3918 2744 γόνατος

747 2785 837 2838 καὶ
886 2735 978 2834 τοξ
1017 2776 1203 2840 ποδὸς,
1249 2773 1324 2836 ὡς
1372 2771 1666 2843 ἡμιπήχιον
1715 2735 2115 2835 προηγούμενος
2164 2755 2257 2809 τοῦ
2317 2759 2702 2828 μεσημϐρινοῦ.
2731 2735 3354 2843 ’ᾼδνατέλλειδὲΰΔελφὶς
3373 2767 3492 2820 ἔνδ¹
3517 2735 3916 2842 μέρειαὲὥραςῐ

816 2873 1012 2926 Perseo
1046 2853 1286 2922 cooritur
1309 2877 1468 2918 arcus
1489 2859 1694 2914 zodiaci
1725 2871 1754 2908 a
1783 2851 2098 2922 Capricorni
2127 2849 2198 2902 25
2215 2845 2283 2900 ad

654 2967 658 2972 ’
698 3019 702 3024 .
745 2963 941 3018 Arietis
967 2959 1034 3013 14
1061 2955 1328 3018 medium;
1351 2953 1608 3006 culminat
1639 2963 1666 3000 a
1695 2945 1904 3015 Scorpii
1925 2943 1994 2996 16
2023 2942 2194 2996 medio
2217 2940 2284 2995 ad

701 3037 712 3090 Ῐ
749 3055 782 3108 8
820 3051 1054 3106 medium
1105 3042 1441 3114 Capricorni.
1469 3039 1733 3110 [Princeps
1767 3037 1939 3091 oritur
1981 3033 2134 3088 stella
2166 3045 2284 3102 quae

749 3153 832 3200 est
863 3144 916 3196 in
939 3139 1114 3210 Harpe
1142 3136 1420 3198 nebulosa,
1444 3133 1661 3196 ultimae,
1678 3145 1796 3200 quae
1826 3141 1989 3196 supra
2013 3123 2282 3178 Pleiadem

749 3237 803 3288 in
851 3233 1072 3288 sinistro
1103 3227 1256 3298 pede.
1289 3224 1561 3280 Culminat
1605 3217 1777 3289 primo
1811 3217 1988 3271 lucida
2032 3229 2152 3284 qua:
2196 3221 2314 3267 est-

749 3327 804 3378 in
832 3325 938 3376 Ara
989 3319 1184 3382 media,
1235 3325 1290 3371 et
1337 3312 1646 3384 Engonasin
1697 3307 2024 3362 antecedens
2074 3301 2283 3357 humeri

747 3415 946 3478 dextri,
976 3427 1095 3482 qua:
1130 3417 1212 3464 est
1233 3409 1290 3462 in
1331 3405 1585 3470 brachio;
1621 3403 1808 3456 ultima
1836 3395 2156 3467 Capricorni
2190 3395 2288 3450 bo-

747 3509 945 3564 realior
992 3517 1177 3559 earum
1204 3513 1322 3570 quae
1345 3505 1470 3552 sunt
1501 3497 1554 3548 in
1582 3493 1863 3563 geniculis.
1898 3489 2028 3570 Item
2052 3503 2081 3543 e
2103 3487 2288 3557 Cygno

750 3597 1016 3654 borealior
1047 3608 1254 3658 earum,
1292 3604 1410 3660 qua:
1449 3588 1506 3640 in
1547 3587 1630 3640 ala
1677 3585 1887 3647 dextra,
1930 3576 2286 3642 semicubitali

751 3689 862 3743 fere
893 3685 1180 3741 interstitio
1201 3681 1554 3738 meridianum
1576 3676 1916 3734 antecedens.
1951 3673 2135 3728 Oritur
2155 3667 2285 3724 Per-

753 3793 878 3834 seus
909 3778 1058 3854 horis
1078 3776 1132 3839 '5,
1163 3773 1263 3829 50’.

803 4038 954 4092 Cum
985 4041 1184 4104 Auriga
1219 4033 1472 4088 zodiacus
1505 4029 1680 4084 oritur
1713 4043 1742 4082 a
1771 4025 2010 4082 Piscium
2043 4033 2195 4094 parte
2224 4023 2283 4076 I.

751 4128 948 4190 media,
973 4141 1144 4196 usque
1171 4123 1238 4178 ad
1259 4122 1424 4178 Tauri
1453 4121 1514 4176 IG
1548 4120 1808 4183 mediam;
1839 4117 2101 4170 culminat
2127 4129 2166 4170 a-
2189 4111 2288 4168 Sa-

753 4214 1050 4286 gittariiﬁo
1092 4213 1261 4282 gradu
1283 4211 1350 4266 ad
1374 4211 1692 4281 Capricorni
1735 4207 1822 4260 9.9.
1863 4207 2058 4260 Primre
2105 4213 2289 4258 ortum

753 4305 955 4356 faciunt
983 4291 1169 4366 stellae,
1202 4315 1320 4370 quae
1353 4308 1474 4352 sunt
1499 4299 1553 4350 in
1590 4297 1796 4364 capite;
1825 4294 2031 4358 ultima,
2060 4305 2180 4362 qua!
2209 4297 2290 4346 est

751 4390 806 4442 in
841 4389 1030 4442 dextro
1059 4386 1215 4456 pede.
1249 4383 1520 4438 Culminat
1557 4384 1732 4451 prima
1768 4379 2046 4450 Sagittarii
2089 4391 2290 4446 praece-

2455 2850 2560 2903 Τοῦ
2602 2851 2658 2905 δὲ
2700 2831 2950 2924 Πῷσὲως
2987 2831 3389 2924 ἀνατέλλοντος,
3425 2831 3920 2934 συνῑανατέλλείμέν

2385 2940 2530 3011 αὐτῷ
2563 2943 2592 2995 6
2625 2943 2883 3009 ζωδιακὸς
2923 2945 3028 2998 ἀπὸ
3067 2949 3346 3022 Δίγόκερω
3386 2956 3428 3002 ε’
3467 2951 3560 3003 καὶ
3598 2958 3644 3004 κ’
3671 2953 3784 3022 μοί.
3825 2954 3918 3016 ἔως

2386 3031 2554 3101 Κριοῦ
2583 3033 2642 3086 ιδ’
2672 3034 2857 3106 μέσης·
2893 3016 3210 3106 μεσουρανεῖ
3305 3016 3418 3116 υ
3441 3040 3534 3093 τοῦ
3557 3016 3822 3114 Σκορπξου
3852 3049 3920 3106 ις’

2391 3124 2558 3194 μέσης
2581 3124 2682 3188 ἕως
2709 3125 2984 3196 Αἰγόκερω
3011 3133 3058 3198 η’
3083 3127 3272 3200 μέσης.
3299 3129 3405 3181 Καὶ
3423 3136 3473 3182 α’
3499 3131 3594 3200 μὲν
3613 3131 3788 3204 ἀστὴρ
3811 3135 3922 3186 ἀνια-

2384 3211 2552 3266 τέλλει
2579 3216 2606 3266 6
2631 3216 2688 3268 ὲν
2719 3217 2785 3285 τῇ
2811 3216 2994 3288 ’Ἃρπῃ
3024 3219 3374 3292 νεφελοειδὴς,
3399 3220 3612 3291 ἔσχατοι
3637 3223 3688 3275 δὲ
3719 3226 3768 3276 οξ
3794 3225 3919 3295 ὑπὲρ

2382 3302 2480 3372 τὴν
2504 3303 2732 3356 Πλειάδα
2758 3307 2816 3357 ὲν
2841 3305 2920 3376 τῷ
2938 3307 3205 3380 ἀριστερῷ
3229 3311 3348 3364 ποδὶ
3373 3311 3630 3381 κείμενοι.
3651 3314 3920 3385 Μεσουρα-

2383 3397 2464 3444 νεῖ
2487 3393 2541 3446 δὲ
2570 3395 2739 3468 ἀστὴρ
2753 3403 2800 3448 α’
2821 3397 2918 3468 μὲν
2940 3401 2967 3451 6
2982 3399 3039 3450 ὲν
3058 3400 3207 3470 μέσῳ
3229 3400 3306 3471 τῷ
3325 3401 3671 3476 Θυμιατηρίῳ
3685 3405 3922 3476 λαμπρὸς

2387 3485 2478 3536 καὶ
2505 3485 2598 3538 τοῦ
2639 3487 2725 3540 Ἐν
2752 3487 2966 3557 γόνασιν
2989 3493 3019 3544 6
3042 3492 3443 3564 προηγούμενος
3465 3494 3557 3548 τοῦ
3583 3495 3762 3560 δεξιοῦ
3781 3497 3921 3568 ὤμου

2386 3574 2444 3627 ὲν
2475 3575 2550 3646 τῷ
2573 3575 2832 3648 βραχίονι,
2861 3581 3084 3652 ἔσχατος
3109 3583 3164 3636 δὲ
3192 3583 3285 3636 τοῦ
3309 3585 3585 3657 Ᾱίγὸκερω
3609 3590 3637 3641 6
3661 3587 3920 3660 βορειότε-

2389 3683 2480 3737 ρος
2500 3668 2606 3721 τῶν
2624 3673 2679 3722 ἐν
2693 3673 2804 3733 τοῖς
2823 3672 3106 3739 γονατίοις,
3127 3673 3220 3728 καὶ
3235 3673 3329 3727 τοῦ
3353 3677 3594 3746 Ὄρνιθος
3619 3679 3648 3730 6
3669 3678 3922 3751 βορειότε-
3993 3689 4000 3700 "

2391 3775 2480 3830 ρος
2525 3761 2630 3813 τῶν
2669 3763 2727 3814 ὲν
2768 3765 2832 3834 τῇ
2865 3763 3010 3834 δεξιᾷ
3061 3763 3308 3836 πτέρυγι,
3357 3767 3431 3829 ὡς
3471 3770 3772 3840 ἡμιπήχιον
3801 3789 3920 3842 προ-

2386 3850 2518 3918 ηγού
2527 3867 2682 3918 μενος
2702 3851 2794 3903 τοῦ
2819 3851 3207 3924 μεσημβρινοῦ.
3243 3854 3539 3908 ’Δνατέλλει
3559 3855 3616 3908 δὲ
3637 3858 3664 3908 6
3687 3857 3920 3930 Περσεὺς
3961 3847 3968 3866 ⁸

2387 3938 2444 3990 ἔν
2475 3937 2644 4009 ὥραις
2671 3945 2718 4008 γ’
2749 3941 2845 3992 καὶ
2869 3941 3195 4010 ἡμίσει,’καὶ
3221 3949 3267 4012 γ’
3295 3943 3448 4014 μέρει
3479 3943 3647 4016 ὥρας.

2458 4031 2562 4083 Τοῦ
2588 4031 2643 4084 δὲ
2685 4032 2926 4104 Ἡνιόχου
2953 4034 3345 4100 ἀνατέλλοντος,
3373 4037 3749 4092 συνανατέλλει
3782 4039 3872 4110 μὲν
3895 4040 3920 4090 ὸ

2389 4119 2642 4184 ζωδιακὸς
2671 4121 2776 4173 ἀπὸ
2811 4121 3028 4196 ,Ἰχθύων
3060 4123 3168 4194 μοί.
3193 4131 3258 4178 ια’
3287 4125 3454 4196 μέσης
3475 4125 3580 4189 ἔως
3603 4126 3696 4178 τοῦ
3717 4128 3920 4199 Ταύρου

2393 4219 2464 4273 ις’
2498 4211 2692 4281 μέσης·
2732 4216 3050 4284 μεσουρανετ
3087 4213 3142 4267 δὲ
3191 4215 3298 4267 ἀπὸ
3339 4215 3564 4280 Τόξότου
3597 4223 3644 4268 κ’
3679 4218 3790 4286 poi.
3829 4220 3922 4278 ἕως

2388 4301 2663 4372 Ᾱὶγόκερω
2691 4302 2733 4355 θ’
2761 4303 2852 4356 καὶ
2882 4311 2949 4358 κ’.
2976 4306 3084 4358 Καὶ
3111 4306 3313 4376 πρῶτοι
3337 4305 3434 4374 μὲν
3463 4305 3691 4376 ἀστέρες
3714 4308 3922 4362 ἀνατέλ-

2388 4391 2566 4444 λουσιν
2587 4395 2634 4444 οἱ
2655 4395 2712 4445 ὲν
2730 4395 2794 4462 τῇ
2818 4393 3043 4464 κεφαλῇ,
3073 4395 3292 4466 ἔσχατος
3315 4396 3371 4448 δὲ
3389 4398 3416 4448 6
3435 4397 3492 4448 ὲν
3511 4396 3589 4465 τῷ
3609 4396 3768 4466 δεξιῷ
3788 4397 3919 4450 ποδί.

749 4481 882 4534 dens
903 4495 1086 4534 earum
1113 4493 1232 4548 qua:
1258 4486 1384 4532 sunt
1417 4477 1470 4528 in
1507 4489 1669 4542 sago;
1701 4480 1754 4526 et
1784 4486 1991 4533 earum,
2015 4485 2134 4538 quae
2161 4474 2286 4523 sunt

2389 4485 2720 4554 Μεσουρανεῖ
2748 4483 2803 4536 δὲ
2827 4491 2871 4537 α’
2901 4485 2998 4556 μὲν
3021 4487 3194 4556 ἀστὴρ
3219 4485 3312 4538 τοῦ
3335 4485 3558 4550 Τοξότου
3583 4489 3612 4539 6
3635 4488 3920 4559 ἡγούμενος

751 4572 802 4624 in
827 4573 1010 4634 dorso,
1041 4569 1384 4624 media.ltem
1415 4567 1640 4636 Anguis,
1674 4579 1832 4634 quem
1863 4561 2176 4632 Ophiuchus
2203 4569 2282 4616 te-

748 4671 859 4722 net,
897 4661 1134 4717 secunda
1167 4661 1234 4713 ab
1258 4668 1496 4714 extrema
1551 4657 1742 4712 cauda.
1782 4653 1986 4706 Ultima
2025 4651 2286 4706 culminat

749 4752 926 4806 lucida
973 4753 1026 4805 in
1063 4754 1204 4805 rictu
1231 4749 1364 4819 Equi
1385 4787 1400 4812 ,
1427 4757 1480 4802 et
1507 4749 1673 4817 Cygni
1699 4749 2038 4815 subsequens
2065 4744 2118 4796 in
2153 4743 2288 4797 sini-

749 4851 864 4896 stro
891 4842 1055 4908 pede,
1087 4855 1188 4894 nec
1229 4824 1439 4894 non'in
1478 4837 1688 4905 Cepheo
1737 4837 2022 4890 australior
2071 4842 2288 4888 antece-

749 4932 987 4985 dentium
1009 4931 1162 5000 130
1189 4931 1396 4984 humeri
1416 4929 1591 4981 dextri
1609 4928 2008 4980 solemlidarum
2031 4925 2282 4978 duarum.

747 5026 931 5076 Oritur
949 5021 1254 5075 Heniochus
1276 5022 1422 5076 horis
1470 5015 1502 5068 5

820 5187 1000 5243 ΧΧΠΙ.
1033 5191 1154 5245 Haec
1187 5193 1242 5244 in
1271 5193 1392 5245 cmli
1424 5193 1769 5247 inclinatione
1803 5193 1913 5256 illa,
1949 5209 2111 5262 quam
2144 5194 2288 5247 dixi-

747 5297 889 5346 mus,
915 5281 1338 5362 accidunt_circa
1367 5293 1518 5338 ortus
1541 5285 1800 5346 siderum,
1821 5300 1940 5352 qua:
1973 5285 2034 5337 ad
2069 5291 2286 5354 septen-

747 5372 950 5424 triones
981 5380 1110 5424 suut
1145 5372 1350 5426 zodiaci
1387 5372 1598 5426 circuli.
1641 5374 1880 5426 Occasus
1920 5383 2100 5426 autem
2127 5375 2200 5425 ita
2229 5387 2287 5425 se

751 5461 970 5516 habent.
1069 5455 1072 5458 ’
1841 5456 1856 5468 ’

812 5569 976 5626 Boote
991 5572 1270 5627 occidente
1287 5576 1536 5629 zodiacus
1552 5591 1672 5629 cum
1693 5592 1754 5632 eo
1777 5578 2052 5632 descendit
2073 5594 2102 5631 a
2121 5578 2284 5632 Scor-

747 5657 818 5723 pii
851 5667 1000 5723 parte
1032 5659 1064 5713 ϐ
1105 5660 1171 5714 ad
1203 5661 1518 5730 Capricorni
1553 5665 1616 5718 I9
1661 5668 1920 5730 mediam;
1953 5670 2212 5722 culminat
2241 5685 2274 5722 a

747 5747 1064 5815 Capricorni
1094 5750 1163 5804 29.
1185 5753 1249 5807 ad
1283 5755 1476 5810 Arietis
1513 5757 1564 5810 4.
1597 5757 1748 5812 Ριίοι·
1775 5759 1995 5824 occidit,
2028 5777 2146 5830 qua:
2185 5777 2284 5814 au-

2385 4573 2490 4626 τῶν
2523 4577 2578 4646 ἔν
2605 4577 2670 4644 τῇ
2703 4575 2970 4642 ὲφαπτίδι,
3016 4575 3108 4628 καὶ
3147 4577 3177 4629 6
3217 4577 3376 4647 μέσος
3413 4577 3520 4630 τῶν
3553 4579 3609 4631 ἐν
3643 4579 3723 4649 τῷ
3759 4578 3918 4648 νώτῳ,

2387 4665 2477 4718 καὶ
2503 4667 2594 4718 τοῦ
2621 4668 2851 4735 Ὄφεως,
2881 4667 2940 4719 δν
2963 4666 3072 4737 ἔχει
3099 4669 3128 4720 6
3174 4667 3468 4738 Ὁφιοῦχος,
3501 4671 3530 4721 6
3557 4667 3602 4738 β’
3633 4671 3726 4722 ἀπ’
3757 4669 3918 4741 ἄκρας

2385 4753 2483 4822 τῆς
2509 4754 2670 4822 οὐρᾶς
2691 4752 3103 4825 ἀριθμούμενος·
3137 4748 3440 4824 ἔσχατοςδὲ
3473 4761 3846 4828 μεσουρανείοό
3867 4759 3919 4809 ὲν

2385 4843 2462 4912 τῷ
2496 4844 2682 4914 ῥύγχει
2713 4846 2806 4898 τοῦ
2839 4849 3034 4901 Ἵππου
3061 4846 3327 4916 λαμπρὸς,
3365 4847 3458 4900 καὶ
3486 4847 3578 4900 τοῦ
3621 4849 3861 4922 Ὄρνιθος
3893 4849 3918 4898 6

2388 4933 2646 5002 ἑπόμενος
2684 4935 2738 4986 ἐν
2775 4933 2850 5003 τῷ
2889 4933 3159 5004 ἀριστερῷ
3191 4933 3329 4997 ποδὶ,
3369 4935 3462 4987 καὶ
3493 4933 3587 4986 τοῦ
3631 4921 3860 5004 Κηφέως
3893 4938 3919 4986 6

2389 5022 2694 5092 νοτιώτερος
2743 5024 2847 5076 τῶν
2893 5023 3308 5095 προηγουμένων
3355 5017 3447 5074 τοῦ
3487 5025 3657 5094 δεξιοῦ
3693 5025 3840 5094 ὤμου
3877 5025 3916 5094 β’

2333 5163 2342 5172 _
2387 5108 2650 5173 ὲκφανῶν.
2694 5109 2990 5162 Ἀνατέλλει
3013 5110 3069 5162 δὲ
3097 5112 3126 5163 6
3167 5111 3402 5182 Ἡνίοχος
3426 5113 3482 5164 ὲν
3511 5113 3676 5184 ὥραις
3699 5119 3764 5180 γ’.

2455 5196 2580 5251 Kl".
2613 5195 2750 5270 Περι
2789 5201 2886 5268 μὲν
2917 5196 3008 5252 οῦν
3039 5200 3136 5262 τάς
3166 5201 3423 5264 ἀνατολὰς
3453 5203 3559 5256 τῶν
3584 5203 3914 5274 βορειοτέρων

2387 5287 2596 5356 ἄστρων
2626 5289 2718 5340 τοῦ
2753 5289 3012 5351 ζωδιακοῦ
3041 5290 3237 5344 κῦκλου
3265 5291 3434 5346 ταῦτα
3459 5293 3739 5363 συμϐαίνει
3773 5297 3830 5347 ὲν
3855 5297 3912 5362 τῇ

2389 5377 2756 5448 προειρημένῃ
2783 5379 2874 5430 τοῦ
2899 5379 3101 5450 κόσμου
3128 5380 3382 5448 ὲγκλίσει·
3409 5384 3534 5454 περὶ
3553 5383 3610 5436 δὲ
3636 5385 3734 5448 τὰς
3761 5401 3914 5436 κατα-

2384 5466 2563 5528 δύσεις
2593 5467 2659 5520 τὰ
2688 5469 2930 5522 τοιαῦτα.

2455 5578 2558 5630 Τοῦ
2593 5579 2799 5632 Βοώτου
2833 5581 3099 5646 δύνοντος,
3145 5584 3530 5652 συγκαταδύνει
3578 5587 3674 5658 μὲν
3718 5585 3859 5656 αὐτῷ
3886 5587 3911 5636 6

2389 5667 2645 5732 ζωδιακὸς
2678 5669 2782 5722 ἀπὸ
2811 5669 3072 5742 Σκορπίου
3097 5673 3202 5742 μοί.
3229 5682 3280 5738 ς’
3304 5675 3407 5736 ἔως
3426 5677 3789 5747 Αῑγοκέρωτος
3809 5673 3908 5742 μοί.

2393 5761 2452 5812 ιθν
2478 5761 2664 5830 μέσης·
2697 5765 3013 5848 μεσουρανεί
3035 5762 3087 5815 δὲ
3117 5763 3221 5817 ἀπὸ
3243 5765 3608 5837 Αἰγοκέρωτος
3631 5759 3748 5836 poi.
3763 5765 3808 5837 β
3827 5763 3908 5818 καὶ
