  <div class='ocr_page' id='page_1' title='image "/cluster/home/n/w/nwhite01/storage/ocr_20150623/19/pst.000005712045/566.png"; bbox 0 0 4094 6328; ppageno 0'>
   <div class='ocr_carea' id='block_1_1' title="bbox 307 414 436 471">
    <p class='ocr_par' dir='ltr' id='par_1_1' title="bbox 307 414 436 471">
     <span class='ocr_line' id='line_1_1' title="bbox 307 414 436 471; baseline 0 -1"><span class='ocrx_word' id='word_1_1' title='bbox 307 414 436 471; x_wconf 72' lang='lat' dir='ltr'><strong>“Ol</strong></span> 
     </span>
    </p>
   </div>
   <div class='ocr_carea' id='block_1_2' title="bbox 1273 420 2512 484">
    <p class='ocr_par' dir='ltr' id='par_1_2' title="bbox 1273 420 2512 484">
     <span class='ocr_line' id='line_1_2' title="bbox 1273 420 2512 484; baseline 0.008 -10"><span class='ocrx_word' id='word_1_2' title='bbox 1273 420 1636 482; x_wconf 76' lang='lat' dir='ltr'><strong>HIPPARCHI</strong></span> <span class='ocrx_word' id='word_1_3' title='bbox 1674 423 1764 476; x_wconf 86' lang='lat' dir='ltr'><strong>AD</strong></span> <span class='ocrx_word' id='word_1_4' title='bbox 1801 421 2246 481; x_wconf 77' lang='grc' dir='ltr'><strong>ΡΗᾹΞΝΟΜΕΝΑ</strong></span> <span class='ocrx_word' id='word_1_5' title='bbox 2285 427 2409 482; x_wconf 85' lang='lat' dir='ltr'><strong>LIB.</strong></span> <span class='ocrx_word' id='word_1_6' title='bbox 2449 428 2512 484; x_wconf 84' lang='lat' dir='ltr'><strong>ll.</strong></span> 
     </span>
    </p>
   </div>
   <div class='ocr_carea' id='block_1_3' title="bbox 3350 438 3491 494">
    <p class='ocr_par' dir='ltr' id='par_1_3' title="bbox 3350 438 3491 494">
     <span class='ocr_line' id='line_1_3' title="bbox 3350 438 3491 494; baseline 0.021 -2"><span class='ocrx_word' id='word_1_7' title='bbox 3350 438 3491 494; x_wconf 72' lang='lat'><strong>“09.</strong></span> 
     </span>
    </p>
   </div>
   <div class='ocr_carea' id='block_1_4' title="bbox 302 532 1823 623">
    <p class='ocr_par' dir='ltr' id='par_1_4' title="bbox 302 532 1823 610">
     <span class='ocr_line' id='line_1_4' title="bbox 302 532 1823 610; baseline 0.005 -24"><span class='ocrx_word' id='word_1_8' title='bbox 302 538 352 586; x_wconf 79' lang='grc' dir='ltr'><strong>κ’</strong></span> <span class='ocrx_word' id='word_1_9' title='bbox 385 533 487 594; x_wconf 78' lang='grc' dir='ltr'><strong>ἓως</strong></span> <span class='ocrx_word' id='word_1_10' title='bbox 515 532 685 603; x_wconf 80' lang='grc' dir='ltr'><strong>Κριοῦ</strong></span> <span class='ocrx_word' id='word_1_11' title='bbox 709 535 768 587; x_wconf 87' lang='grc' dir='ltr'><strong>δ’.</strong></span> <span class='ocrx_word' id='word_1_12' title='bbox 790 536 903 589; x_wconf 74' lang='grc' dir='ltr'><strong>Καὶ</strong></span> <span class='ocrx_word' id='word_1_13' title='bbox 923 543 970 588; x_wconf 88' lang='grc' dir='ltr'><strong>α’</strong></span> <span class='ocrx_word' id='word_1_14' title='bbox 998 537 1093 606; x_wconf 83' lang='grc' dir='ltr'><strong>μὲν</strong></span> <span class='ocrx_word' id='word_1_15' title='bbox 1124 537 1296 610; x_wconf 84' lang='grc' dir='ltr'><strong>ἀστὴρ</strong></span> <span class='ocrx_word' id='word_1_16' title='bbox 1323 540 1466 594; x_wconf 90' lang='grc' dir='ltr'>δύνει</span> <span class='ocrx_word' id='word_1_17' title='bbox 1491 543 1519 593; x_wconf 99' lang='lat'><strong>6</strong></span> <span class='ocrx_word' id='word_1_18' title='bbox 1540 541 1823 594; x_wconf 83' lang='grc' dir='ltr'><strong>νοτιώτατο</strong></span> 
     </span>
    </p>
   </div>
   <div class='ocr_carea' id='block_1_5' title="bbox 1926 532 3496 623">
    <p class='ocr_par' dir='ltr' id='par_1_5' title="bbox 1951 543 3496 623">
     <span class='ocr_line' id='line_1_5' title="bbox 1951 543 3496 623; baseline 0.007 -27"><span class='ocrx_word' id='word_1_19' title='bbox 1951 543 2134 598; x_wconf 78' lang='lat' dir='ltr'><strong>stratis</strong></span> <span class='ocrx_word' id='word_1_20' title='bbox 2159 553 2241 600; x_wconf 90' lang='lat' dir='ltr'><strong>est</strong></span> <span class='ocrx_word' id='word_1_21' title='bbox 2265 545 2496 600; x_wconf 84' lang='lat' dir='ltr'><strong>maxime</strong></span> <span class='ocrx_word' id='word_1_22' title='bbox 2521 559 2724 612; x_wconf 80' lang='lat' dir='ltr'><strong>earum,</strong></span> <span class='ocrx_word' id='word_1_23' title='bbox 2748 563 2867 618; x_wconf 69' lang='lat' dir='ltr'><strong>quae</strong></span> <span class='ocrx_word' id='word_1_24' title='bbox 2891 548 2948 603; x_wconf 89' lang='lat' dir='ltr'><strong>in</strong></span> <span class='ocrx_word' id='word_1_25' title='bbox 2974 549 3200 606; x_wconf 88' lang='lat' dir='ltr'><strong>sinistro</strong></span> <span class='ocrx_word' id='word_1_26' title='bbox 3220 551 3391 623; x_wconf 82' lang='lat' dir='ltr'><strong>pede;</strong></span> <span class='ocrx_word' id='word_1_27' title='bbox 3414 556 3496 607; x_wconf 81' lang='lat' dir='ltr'><strong>ul-</strong></span> 
     </span>
    </p>
   </div>
   <div class='ocr_carea' id='block_1_6' title="bbox 303 622 1852 701">
    <p class='ocr_par' dir='ltr' id='par_1_6' title="bbox 303 622 1852 701">
     <span class='ocr_line' id='line_1_6' title="bbox 303 622 1852 701; baseline 0.005 -27"><span class='ocrx_word' id='word_1_28' title='bbox 303 622 413 674; x_wconf 86' lang='grc' dir='ltr'><strong>τῶν</strong></span> <span class='ocrx_word' id='word_1_29' title='bbox 444 625 500 675; x_wconf 84' lang='grc' dir='ltr'><strong>ὲν</strong></span> <span class='ocrx_word' id='word_1_30' title='bbox 527 623 603 692; x_wconf 82' lang='grc' dir='ltr'><strong>τῷ</strong></span> <span class='ocrx_word' id='word_1_31' title='bbox 643 625 908 696; x_wconf 82' lang='grc' dir='ltr'><strong>ἀριστερῷ</strong></span> <span class='ocrx_word' id='word_1_32' title='bbox 953 626 1090 688; x_wconf 72' lang='grc' dir='ltr'><strong>ποδὶ,</strong></span> <span class='ocrx_word' id='word_1_33' title='bbox 1122 626 1341 697; x_wconf 80' lang='grc' dir='ltr'><strong>ἔσχατος</strong></span> <span class='ocrx_word' id='word_1_34' title='bbox 1369 629 1424 682; x_wconf 77' lang='grc' dir='ltr'><strong>δὲ</strong></span> <span class='ocrx_word' id='word_1_35' title='bbox 1461 633 1489 683; x_wconf 92' lang='lat'><strong>6</strong></span> <span class='ocrx_word' id='word_1_36' title='bbox 1523 631 1852 701; x_wconf 79' lang='grc' dir='ltr'><strong>βορειότατος</strong></span> 
     </span>
    </p>
   </div>
   <div class='ocr_carea' id='block_1_7' title="bbox 300 712 1850 789">
    <p class='ocr_par' dir='ltr' id='par_1_7' title="bbox 300 712 1850 789">
     <span class='ocr_line' id='line_1_7' title="bbox 300 712 1850 789; baseline 0.007 -26"><span class='ocrx_word' id='word_1_37' title='bbox 300 712 515 765; x_wconf 82' lang='grc' dir='ltr'><strong>τῶνὲν</strong></span> <span class='ocrx_word' id='word_1_38' title='bbox 564 714 638 783; x_wconf 79' lang='grc' dir='ltr'><strong>τῷ</strong></span> <span class='ocrx_word' id='word_1_39' title='bbox 687 715 1001 787; x_wconf 71' lang='grc' dir='ltr'><strong>κολλορόεῳ.</strong></span> <span class='ocrx_word' id='word_1_40' title='bbox 1061 720 1401 789; x_wconf 85' lang='grc' dir='ltr'><strong>Μεσουρανεῖ</strong></span> <span class='ocrx_word' id='word_1_41' title='bbox 1434 722 1500 784; x_wconf 56' lang='grc' dir='ltr'><strong>,δὲ</strong></span> <span class='ocrx_word' id='word_1_42' title='bbox 1545 722 1651 775; x_wconf 82' lang='grc' dir='ltr'><strong>τῶν</strong></span> <span class='ocrx_word' id='word_1_43' title='bbox 1679 723 1850 776; x_wconf 73' lang='grc' dir='ltr'><strong>ἄλλων</strong></span> 
     </span>
    </p>
   </div>
   <div class='ocr_carea' id='block_1_8' title="bbox 301 803 1851 887">
    <p class='ocr_par' dir='ltr' id='par_1_8' title="bbox 301 803 1851 887">
     <span class='ocr_line' id='line_1_8' title="bbox 301 803 1851 887; baseline 0.008 -32"><span class='ocrx_word' id='word_1_44' title='bbox 301 803 552 856; x_wconf 77' lang='grc' dir='ltr'><strong>ἀπλανῶν</strong></span> <span class='ocrx_word' id='word_1_45' title='bbox 579 809 627 857; x_wconf 87' lang='grc' dir='ltr'><strong>α’</strong></span> <span class='ocrx_word' id='word_1_46' title='bbox 652 807 748 875; x_wconf 78' lang='grc' dir='ltr'><strong>μὲν</strong></span> <span class='ocrx_word' id='word_1_47' title='bbox 769 806 860 858; x_wconf 75' lang='grc' dir='ltr'><strong>τοῦ</strong></span> <span class='ocrx_word' id='word_1_48' title='bbox 886 809 1150 878; x_wconf 80' lang='grc' dir='ltr'><strong>Ὄρνιθος,</strong></span> <span class='ocrx_word' id='word_1_49' title='bbox 1177 813 1204 861; x_wconf 84' lang='grc' dir='ltr'>ὁ</span> <span class='ocrx_word' id='word_1_50' title='bbox 1223 813 1279 862; x_wconf 77' lang='grc' dir='ltr'><strong>έν</strong></span> <span class='ocrx_word' id='word_1_51' title='bbox 1309 811 1447 883; x_wconf 83' lang='grc' dir='ltr'><strong>μέσῃ</strong></span> <span class='ocrx_word' id='word_1_52' title='bbox 1474 815 1538 882; x_wconf 80' lang='grc' dir='ltr'><strong>τῇ</strong></span> <span class='ocrx_word' id='word_1_53' title='bbox 1558 814 1692 884; x_wconf 82' lang='grc' dir='ltr'><strong>οὐρᾷ</strong></span> <span class='ocrx_word' id='word_1_54' title='bbox 1715 815 1851 887; x_wconf 82' lang='grc' dir='ltr'><strong>λαμ-</strong></span> 
     </span>
    </p>
   </div>
   <div class='ocr_carea' id='block_1_9' title="bbox 301 895 1849 970">
    <p class='ocr_par' dir='ltr' id='par_1_9' title="bbox 301 895 1849 970">
     <span class='ocr_line' id='line_1_9' title="bbox 301 895 1849 970; baseline 0.01 -26"><span class='ocrx_word' id='word_1_55' title='bbox 301 895 458 964; x_wconf 75' lang='grc' dir='ltr'><strong>πρὸς,</strong></span> <span class='ocrx_word' id='word_1_56' title='bbox 490 896 582 946; x_wconf 70' lang='grc' dir='ltr'><strong>καὶ</strong></span> <span class='ocrx_word' id='word_1_57' title='bbox 621 895 712 948; x_wconf 76' lang='grc' dir='ltr'><strong>τοῦ</strong></span> <span class='ocrx_word' id='word_1_58' title='bbox 741 898 1016 969; x_wconf 82' lang='grc' dir='ltr'><strong>Αἰγόκερω</strong></span> <span class='ocrx_word' id='word_1_59' title='bbox 1052 901 1080 950; x_wconf 95' lang='lat'><strong>6</strong></span> <span class='ocrx_word' id='word_1_60' title='bbox 1112 902 1408 970; x_wconf 80' lang='grc' dir='ltr'><strong>ἡγούμενος</strong></span> <span class='ocrx_word' id='word_1_61' title='bbox 1436 903 1543 955; x_wconf 83' lang='grc' dir='ltr'><strong>τῶν</strong></span> <span class='ocrx_word' id='word_1_62' title='bbox 1569 906 1678 956; x_wconf 84' lang='grc' dir='ltr'><strong>ἀπὸ</strong></span> <span class='ocrx_word' id='word_1_63' title='bbox 1699 906 1849 959; x_wconf 81' lang='grc' dir='ltr'><strong>νότου</strong></span> 
     </span>
    </p>
   </div>
   <div class='ocr_carea' id='block_1_10' title="bbox 299 988 1849 1069">
    <p class='ocr_par' dir='ltr' id='par_1_10' title="bbox 299 988 1849 1069">
     <span class='ocr_line' id='line_1_10' title="bbox 299 988 1849 1069; baseline 0.01 -33"><span class='ocrx_word' id='word_1_64' title='bbox 299 988 719 1056; x_wconf 77' lang='grc' dir='ltr'><strong>παρακειμένων</strong></span> <span class='ocrx_word' id='word_1_65' title='bbox 742 990 934 1052; x_wconf 64' lang='grc' dir='ltr'>τοίςνέν</span> <span class='ocrx_word' id='word_1_66' title='bbox 960 994 1023 1060; x_wconf 85' lang='grc' dir='ltr'><strong>τῇ</strong></span> <span class='ocrx_word' id='word_1_67' title='bbox 1056 993 1211 1060; x_wconf 80' lang='grc' dir='ltr'><strong>οὐρᾷ,</strong></span> <span class='ocrx_word' id='word_1_68' title='bbox 1247 992 1469 1062; x_wconf 76' lang='grc' dir='ltr'><strong>ἔσχατος</strong></span> <span class='ocrx_word' id='word_1_69' title='bbox 1500 995 1556 1046; x_wconf 77' lang='grc' dir='ltr'><strong>δὲ</strong></span> <span class='ocrx_word' id='word_1_70' title='bbox 1588 996 1678 1048; x_wconf 80' lang='grc' dir='ltr'><strong>τοῦ</strong></span> <span class='ocrx_word' id='word_1_71' title='bbox 1713 1000 1849 1069; x_wconf 84' lang='grc' dir='ltr'><strong>Περ-</strong></span> 
     </span>
    </p>
   </div>
   <div class='ocr_carea' id='block_1_11' title="bbox 300 1075 1848 1156">
    <p class='ocr_par' dir='ltr' id='par_1_11' title="bbox 300 1075 1848 1156">
     <span class='ocr_line' id='line_1_11' title="bbox 300 1075 1848 1156; baseline 0.011 -29"><span class='ocrx_word' id='word_1_72' title='bbox 300 1075 439 1138; x_wconf 87' lang='grc' dir='ltr'><strong>σέως</strong></span> <span class='ocrx_word' id='word_1_73' title='bbox 456 1079 484 1128; x_wconf 91' lang='lat'><strong>6</strong></span> <span class='ocrx_word' id='word_1_74' title='bbox 509 1080 566 1129; x_wconf 86' lang='grc' dir='ltr'>ὲν</span> <span class='ocrx_word' id='word_1_75' title='bbox 590 1081 654 1151; x_wconf 82' lang='grc' dir='ltr'><strong>τῇ</strong></span> <span class='ocrx_word' id='word_1_76' title='bbox 681 1079 860 1150; x_wconf 80' lang='grc' dir='ltr'><strong>Ἀρπῃ</strong></span> <span class='ocrx_word' id='word_1_77' title='bbox 885 1082 1235 1153; x_wconf 73' lang='grc' dir='ltr'><strong>νεφελοειδὴς,</strong></span> <span class='ocrx_word' id='word_1_78' title='bbox 1259 1084 1460 1137; x_wconf 80' lang='grc' dir='ltr'><strong>καὶτοῦ</strong></span> <span class='ocrx_word' id='word_1_79' title='bbox 1483 1087 1650 1156; x_wconf 78' lang='grc' dir='ltr'><strong>Κριοῦ</strong></span> <span class='ocrx_word' id='word_1_80' title='bbox 1674 1091 1701 1142; x_wconf 89' lang='grc' dir='ltr'>ὁ</span> <span class='ocrx_word' id='word_1_81' title='bbox 1725 1092 1848 1146; x_wconf 81' lang='grc' dir='ltr'><strong>ἐπό-</strong></span> 
     </span>
    </p>
   </div>
   <div class='ocr_carea' id='block_1_12' title="bbox 301 1167 1844 1245">
    <p class='ocr_par' dir='ltr' id='par_1_12' title="bbox 301 1167 1844 1245">
     <span class='ocr_line' id='line_1_12' title="bbox 301 1167 1844 1245; baseline 0.01 -27"><span class='ocrx_word' id='word_1_82' title='bbox 301 1183 459 1236; x_wconf 83' lang='grc' dir='ltr'><strong>μενος</strong></span> <span class='ocrx_word' id='word_1_83' title='bbox 477 1167 581 1219; x_wconf 85' lang='grc' dir='ltr'><strong>τῶν</strong></span> <span class='ocrx_word' id='word_1_84' title='bbox 598 1171 654 1222; x_wconf 75' lang='grc' dir='ltr'><strong>ἐν</strong></span> <span class='ocrx_word' id='word_1_85' title='bbox 668 1173 732 1241; x_wconf 82' lang='grc' dir='ltr'><strong>τῇ</strong></span> <span class='ocrx_word' id='word_1_86' title='bbox 755 1173 956 1242; x_wconf 75' lang='grc' dir='ltr'><strong>κεφαλῇ</strong></span> <span class='ocrx_word' id='word_1_87' title='bbox 973 1178 1041 1238; x_wconf 85' lang='grc' dir='ltr'><strong>γ’,</strong></span> <span class='ocrx_word' id='word_1_88' title='bbox 1067 1174 1158 1225; x_wconf 78' lang='grc' dir='ltr'><strong>καὶ</strong></span> <span class='ocrx_word' id='word_1_89' title='bbox 1178 1175 1206 1226; x_wconf 90' lang='lat'><strong>6</strong></span> <span class='ocrx_word' id='word_1_90' title='bbox 1231 1174 1524 1245; x_wconf 86' lang='grc' dir='ltr'><strong>Σύνδεσμος</strong></span> <span class='ocrx_word' id='word_1_91' title='bbox 1539 1176 1646 1230; x_wconf 84' lang='grc' dir='ltr'><strong>τῶν</strong></span> <span class='ocrx_word' id='word_1_92' title='bbox 1668 1178 1844 1238; x_wconf 80' lang='grc' dir='ltr'><strong>λίνων.</strong></span> 
     </span>
    </p>
   </div>
   <div class='ocr_carea' id='block_1_13' title="bbox 297 1255 1846 1335">
    <p class='ocr_par' dir='ltr' id='par_1_13' title="bbox 297 1255 1846 1335">
     <span class='ocr_line' id='line_1_13' title="bbox 297 1255 1846 1335; baseline 0.012 -31"><span class='ocrx_word' id='word_1_93' title='bbox 297 1255 452 1306; x_wconf 84' lang='grc' dir='ltr'>Δύνει</span> <span class='ocrx_word' id='word_1_94' title='bbox 485 1256 541 1308; x_wconf 85' lang='grc' dir='ltr'><strong>δὲ</strong></span> <span class='ocrx_word' id='word_1_95' title='bbox 572 1257 600 1308; x_wconf 91' lang='lat'><strong>6</strong></span> <span class='ocrx_word' id='word_1_96' title='bbox 637 1259 849 1328; x_wconf 83' lang='grc' dir='ltr'><strong>Βοώτης</strong></span> <span class='ocrx_word' id='word_1_97' title='bbox 880 1262 937 1312; x_wconf 79' lang='grc' dir='ltr'><strong>ἐν</strong></span> <span class='ocrx_word' id='word_1_98' title='bbox 977 1261 1143 1332; x_wconf 79' lang='grc' dir='ltr'><strong>ὥραις</strong></span> <span class='ocrx_word' id='word_1_99' title='bbox 1175 1264 1508 1335; x_wconf 73' lang='grc' dir='ltr'><strong>ἱσημεριναῖς</strong></span> <span class='ocrx_word' id='word_1_100' title='bbox 1534 1264 1577 1319; x_wconf 76' lang='lat'><em>6&#39;</em></span> <span class='ocrx_word' id='word_1_101' title='bbox 1606 1267 1711 1320; x_wconf 72' lang='grc' dir='ltr'><strong>καὶ¹</strong></span> <span class='ocrx_word' id='word_1_102' title='bbox 1727 1269 1846 1322; x_wconf 77' lang='grc' dir='ltr'><strong>δυσὶ</strong></span> 
     </span>
    </p>
   </div>
   <div class='ocr_carea' id='block_1_14' title="bbox 300 1347 726 1420">
    <p class='ocr_par' dir='ltr' id='par_1_14' title="bbox 300 1347 726 1420">
     <span class='ocr_line' id='line_1_14' title="bbox 300 1347 726 1420; baseline 0.019 -25"><span class='ocrx_word' id='word_1_103' title='bbox 300 1347 521 1415; x_wconf 85' lang='grc' dir='ltr'><strong>μέρεσιν</strong></span> <span class='ocrx_word' id='word_1_104' title='bbox 555 1348 726 1420; x_wconf 80' lang='grc' dir='ltr'><strong>ὥρας.</strong></span> 
     </span>
    </p>
   </div>
   <div class='ocr_carea' id='block_1_15' title="bbox 365 1439 1843 1524">
    <p class='ocr_par' dir='ltr' id='par_1_15' title="bbox 365 1439 1843 1524">
     <span class='ocr_line' id='line_1_15' title="bbox 365 1439 1843 1524; baseline 0.014 -35"><span class='ocrx_word' id='word_1_105' title='bbox 365 1439 471 1490; x_wconf 83' lang='grc' dir='ltr'><strong>Τοῦ</strong></span> <span class='ocrx_word' id='word_1_106' title='bbox 499 1439 554 1491; x_wconf 88' lang='grc' dir='ltr'><strong>δὲ</strong></span> <span class='ocrx_word' id='word_1_107' title='bbox 579 1441 843 1509; x_wconf 78' lang='grc' dir='ltr'><strong>Στεφάνου</strong></span> <span class='ocrx_word' id='word_1_108' title='bbox 865 1442 1125 1510; x_wconf 78' lang='grc' dir='ltr'><strong>δύνοντος,</strong></span> <span class='ocrx_word' id='word_1_109' title='bbox 1147 1449 1533 1515; x_wconf 85' lang='grc' dir='ltr'><strong>συγκαταδύνει</strong></span> <span class='ocrx_word' id='word_1_110' title='bbox 1559 1454 1657 1524; x_wconf 86' lang='grc' dir='ltr'>μὲν</span> <span class='ocrx_word' id='word_1_111' title='bbox 1683 1457 1710 1508; x_wconf 85' lang='grc' dir='ltr'>ὁ</span> <span class='ocrx_word' id='word_1_112' title='bbox 1738 1455 1843 1519; x_wconf 76' lang='grc' dir='ltr'><strong>ζω-</strong></span> 
     </span>
    </p>
   </div>
   <div class='ocr_carea' id='block_1_16' title="bbox 292 1527 1845 1617">
    <p class='ocr_par' dir='ltr' id='par_1_16' title="bbox 292 1527 1845 1617">
     <span class='ocr_line' id='line_1_16' title="bbox 292 1527 1845 1617; baseline 0.014 -39"><span class='ocrx_word' id='word_1_113' title='bbox 292 1527 478 1590; x_wconf 80' lang='grc' dir='ltr'><strong>διακὸς</strong></span> <span class='ocrx_word' id='word_1_114' title='bbox 502 1528 608 1581; x_wconf 81' lang='grc' dir='ltr'><strong>ἀπὸ</strong></span> <span class='ocrx_word' id='word_1_115' title='bbox 629 1530 722 1583; x_wconf 79' lang='grc' dir='ltr'>τοῦ</span> <span class='ocrx_word' id='word_1_116' title='bbox 753 1531 975 1597; x_wconf 75' lang='grc' dir='ltr'><strong>Τοξότου</strong></span> <span class='ocrx_word' id='word_1_117' title='bbox 1007 1536 1115 1603; x_wconf 78' lang='grc' dir='ltr'><strong>μοι.</strong></span> <span class='ocrx_word' id='word_1_118' title='bbox 1150 1543 1198 1604; x_wconf 86' lang='grc' dir='ltr'><strong>γ’</strong></span> <span class='ocrx_word' id='word_1_119' title='bbox 1234 1539 1326 1590; x_wconf 81' lang='grc' dir='ltr'><strong>καὶ</strong></span> <span class='ocrx_word' id='word_1_120' title='bbox 1359 1547 1405 1592; x_wconf 87' lang='grc' dir='ltr'><strong>κ’</strong></span> <span class='ocrx_word' id='word_1_121' title='bbox 1435 1542 1536 1605; x_wconf 78' lang='grc' dir='ltr'><strong>ἓως</strong></span> <span class='ocrx_word' id='word_1_122' title='bbox 1569 1545 1845 1617; x_wconf 74' lang='grc' dir='ltr'><strong>Δὶγόκερω</strong></span> 
     </span>
    </p>
   </div>
   <div class='ocr_carea' id='block_1_17' title="bbox 291 1619 1845 1708">
    <p class='ocr_par' dir='ltr' id='par_1_17' title="bbox 291 1619 1845 1708">
     <span class='ocr_line' id='line_1_17' title="bbox 291 1619 1845 1708; baseline 0.015 -38"><span class='ocrx_word' id='word_1_123' title='bbox 291 1619 334 1708; x_wconf 79' lang='grc' dir='ltr'><strong>δ’</strong></span> <span class='ocrx_word' id='word_1_124' title='bbox 364 1621 552 1691; x_wconf 85' lang='grc' dir='ltr'><strong>μέσης·</strong></span> <span class='ocrx_word' id='word_1_125' title='bbox 581 1628 898 1693; x_wconf 89' lang='grc' dir='ltr'><strong>μεσουρανεῖ</strong></span> <span class='ocrx_word' id='word_1_126' title='bbox 924 1627 980 1678; x_wconf 89' lang='grc' dir='ltr'><strong>δὲ</strong></span> <span class='ocrx_word' id='word_1_127' title='bbox 1005 1627 1112 1680; x_wconf 85' lang='grc' dir='ltr'><strong>ἀπὸ</strong></span> <span class='ocrx_word' id='word_1_128' title='bbox 1141 1629 1240 1698; x_wconf 84' lang='grc' dir='ltr'><strong>τῆς</strong></span> <span class='ocrx_word' id='word_1_129' title='bbox 1272 1631 1446 1702; x_wconf 81' lang='grc' dir='ltr'><strong>ἀρχῆς</strong></span> <span class='ocrx_word' id='word_1_130' title='bbox 1476 1636 1582 1687; x_wconf 82' lang='grc' dir='ltr'><strong>τῶν</strong></span> <span class='ocrx_word' id='word_1_131' title='bbox 1631 1638 1845 1708; x_wconf 79' lang='grc' dir='ltr'><strong>Ἰχθύων</strong></span> 
     </span>
    </p>
   </div>
   <div class='ocr_carea' id='block_1_18' title="bbox 291 1706 1840 1797">
    <p class='ocr_par' dir='ltr' id='par_1_18' title="bbox 291 1706 1840 1797">
     <span class='ocr_line' id='line_1_18' title="bbox 291 1706 1840 1797; baseline 0.015 -39"><span class='ocrx_word' id='word_1_132' title='bbox 291 1706 398 1771; x_wconf 78' lang='grc' dir='ltr'><strong>ἓως</strong></span> <span class='ocrx_word' id='word_1_133' title='bbox 440 1709 656 1780; x_wconf 84' lang='grc' dir='ltr'><strong>Ἰχθύων</strong></span> <span class='ocrx_word' id='word_1_134' title='bbox 683 1714 791 1782; x_wconf 87' lang='grc' dir='ltr'><strong>μοί.</strong></span> <span class='ocrx_word' id='word_1_135' title='bbox 835 1713 890 1766; x_wconf 80' lang='grc' dir='ltr'><strong>ιδ’</strong></span> <span class='ocrx_word' id='word_1_136' title='bbox 921 1716 1112 1786; x_wconf 78' lang='grc' dir='ltr'><strong>μέσης.</strong></span> <span class='ocrx_word' id='word_1_137' title='bbox 1145 1719 1255 1770; x_wconf 76' lang='grc' dir='ltr'><strong>Καὶ</strong></span> <span class='ocrx_word' id='word_1_138' title='bbox 1285 1726 1331 1771; x_wconf 88' lang='grc' dir='ltr'><strong>α’</strong></span> <span class='ocrx_word' id='word_1_139' title='bbox 1368 1722 1466 1791; x_wconf 83' lang='grc' dir='ltr'><strong>μὲν</strong></span> <span class='ocrx_word' id='word_1_140' title='bbox 1497 1706 1840 1797; x_wconf 14' lang='grc' dir='ltr'><strong>ἀστὴρήδύνει</strong></span> 
     </span>
    </p>
   </div>
   <div class='ocr_carea' id='block_1_19' title="bbox 290 1799 1840 1886">
    <p class='ocr_par' dir='ltr' id='par_1_19' title="bbox 290 1799 1840 1886">
     <span class='ocr_line' id='line_1_19' title="bbox 290 1799 1840 1886; baseline 0.015 -36"><span class='ocrx_word' id='word_1_141' title='bbox 290 1801 321 1850; x_wconf 94' lang='lat'><strong>6</strong></span> <span class='ocrx_word' id='word_1_142' title='bbox 358 1799 730 1872; x_wconf 80' lang='grc' dir='ltr'><strong>λαμπρότατος</strong></span> <span class='ocrx_word' id='word_1_143' title='bbox 771 1806 880 1856; x_wconf 83' lang='grc' dir='ltr'><strong>τῶν</strong></span> <span class='ocrx_word' id='word_1_144' title='bbox 921 1808 980 1857; x_wconf 83' lang='grc' dir='ltr'>ὲν</span> <span class='ocrx_word' id='word_1_145' title='bbox 1022 1807 1099 1877; x_wconf 78' lang='grc' dir='ltr'><strong>τῷ</strong></span> <span class='ocrx_word' id='word_1_146' title='bbox 1139 1809 1411 1882; x_wconf 75' lang='grc' dir='ltr'><strong>Στεφάνῳ,</strong></span> <span class='ocrx_word' id='word_1_147' title='bbox 1459 1815 1684 1886; x_wconf 77' lang='grc' dir='ltr'><strong>ἔσχατος</strong></span> <span class='ocrx_word' id='word_1_148' title='bbox 1720 1819 1776 1872; x_wconf 85' lang='grc' dir='ltr'><strong>δὲ</strong></span> <span class='ocrx_word' id='word_1_149' title='bbox 1802 1823 1840 1874; x_wconf 86' lang='grc' dir='ltr'><strong>’ό</strong></span> 
     </span>
    </p>
   </div>
   <div class='ocr_carea' id='block_1_20' title="bbox 205 1885 1840 1981">
    <p class='ocr_par' dir='ltr' id='par_1_20' title="bbox 205 1885 1840 1981">
     <span class='ocr_line' id='line_1_20' title="bbox 205 1885 1840 1981; baseline 0.015 -41"><span class='ocrx_word' id='word_1_150' title='bbox 205 1885 212 1891; x_wconf 81' lang='grc'><em>’</em></span> <span class='ocrx_word' id='word_1_151' title='bbox 291 1891 680 1964; x_wconf 74' lang='grc' dir='ltr'><strong>ἀμαυρότερος,</strong></span> <span class='ocrx_word' id='word_1_152' title='bbox 712 1896 804 1947; x_wconf 78' lang='grc' dir='ltr'><strong>καὶ</strong></span> <span class='ocrx_word' id='word_1_153' title='bbox 833 1896 1052 1966; x_wconf 80' lang='grc' dir='ltr'><strong>ἔσχατος</strong></span> <span class='ocrx_word' id='word_1_154' title='bbox 1083 1899 1158 1951; x_wconf 79' lang='grc' dir='ltr'><strong>ὢν</strong></span> <span class='ocrx_word' id='word_1_155' title='bbox 1187 1902 1286 1971; x_wconf 77' lang='grc' dir='ltr'><strong>τῆς</strong></span> <span class='ocrx_word' id='word_1_156' title='bbox 1313 1885 1584 1977; x_wconf 64' lang='grc' dir='ltr'><strong>έπομένής</strong></span> <span class='ocrx_word' id='word_1_157' title='bbox 1615 1926 1840 1981; x_wconf 77' lang='grc' dir='ltr'><strong>περιφε-</strong></span> 
     </span>
    </p>
   </div>
   <div class='ocr_carea' id='block_1_21' title="bbox 292 1984 1838 2072">
    <p class='ocr_par' dir='ltr' id='par_1_21' title="bbox 292 1984 1838 2072">
     <span class='ocr_line' id='line_1_21' title="bbox 292 1984 1838 2072; baseline 0.017 -39"><span class='ocrx_word' id='word_1_158' title='bbox 292 1984 463 2053; x_wconf 80' lang='grc' dir='ltr'><strong>ρείας.</strong></span> <span class='ocrx_word' id='word_1_159' title='bbox 500 1987 834 2056; x_wconf 83' lang='grc' dir='ltr'><strong>Μεσουρανεῖ</strong></span> <span class='ocrx_word' id='word_1_160' title='bbox 860 1990 916 2041; x_wconf 85' lang='grc' dir='ltr'><strong>δὲ</strong></span> <span class='ocrx_word' id='word_1_161' title='bbox 948 1992 1055 2045; x_wconf 84' lang='grc' dir='ltr'><strong>τῶν</strong></span> <span class='ocrx_word' id='word_1_162' title='bbox 1077 1992 1248 2048; x_wconf 84' lang='grc' dir='ltr'><strong>ἄλλων</strong></span> <span class='ocrx_word' id='word_1_163' title='bbox 1269 1997 1512 2068; x_wconf 82' lang='grc' dir='ltr'><strong>ἀστέρων</strong></span> <span class='ocrx_word' id='word_1_164' title='bbox 1535 2008 1582 2053; x_wconf 84' lang='grc' dir='ltr'><strong>α’</strong></span> <span class='ocrx_word' id='word_1_165' title='bbox 1613 2003 1711 2072; x_wconf 84' lang='grc' dir='ltr'><strong>μὲν</strong></span> <span class='ocrx_word' id='word_1_166' title='bbox 1734 2005 1838 2060; x_wconf 85' lang='grc' dir='ltr'><strong>τῶν</strong></span> 
     </span>
    </p>
   </div>
   <div class='ocr_carea' id='block_1_22' title="bbox 302 2076 1837 2168">
    <p class='ocr_par' dir='ltr' id='par_1_22' title="bbox 302 2076 1837 2168">
     <span class='ocr_line' id='line_1_22' title="bbox 302 2076 1837 2168; baseline 0.016 -42"><span class='ocrx_word' id='word_1_167' title='bbox 302 2076 518 2145; x_wconf 82' lang='grc' dir='ltr'>Ἰχθύων</span> <span class='ocrx_word' id='word_1_168' title='bbox 541 2078 633 2130; x_wconf 78' lang='grc' dir='ltr'><strong>τοῦ</strong></span> <span class='ocrx_word' id='word_1_169' title='bbox 663 2082 973 2153; x_wconf 87' lang='grc' dir='ltr'><strong>νοτιωτέρου</strong></span> <span class='ocrx_word' id='word_1_170' title='bbox 1001 2086 1030 2135; x_wconf 90' lang='grc' dir='ltr'><strong>ὁ</strong></span> <span class='ocrx_word' id='word_1_171' title='bbox 1059 2086 1116 2137; x_wconf 81' lang='grc' dir='ltr'><strong>ὲν</strong></span> <span class='ocrx_word' id='word_1_172' title='bbox 1147 2085 1292 2158; x_wconf 73' lang='grc' dir='ltr'><strong>ἄκρᾳ</strong></span> <span class='ocrx_word' id='word_1_173' title='bbox 1314 2091 1378 2159; x_wconf 78' lang='grc' dir='ltr'><strong>τῇ</strong></span> <span class='ocrx_word' id='word_1_174' title='bbox 1412 2091 1545 2161; x_wconf 81' lang='grc' dir='ltr'><strong>οὐρᾷ</strong></span> <span class='ocrx_word' id='word_1_175' title='bbox 1569 2092 1837 2168; x_wconf 80' lang='grc' dir='ltr'><strong>λαμπρὸς,</strong></span> 
     </span>
    </p>
   </div>
   <div class='ocr_carea' id='block_1_23' title="bbox 288 2167 1836 2257">
    <p class='ocr_par' dir='ltr' id='par_1_23' title="bbox 288 2167 1836 2257">
     <span class='ocr_line' id='line_1_23' title="bbox 288 2167 1836 2257; baseline 0.015 -39"><span class='ocrx_word' id='word_1_176' title='bbox 288 2167 382 2218; x_wconf 81' lang='grc' dir='ltr'><strong>καὶ</strong></span> <span class='ocrx_word' id='word_1_177' title='bbox 410 2168 502 2220; x_wconf 76' lang='grc' dir='ltr'><strong>τοῦ</strong></span> <span class='ocrx_word' id='word_1_178' title='bbox 530 2170 841 2240; x_wconf 61' lang='grc' dir='ltr'><strong>πρὸςΝότον</strong></span> <span class='ocrx_word' id='word_1_179' title='bbox 875 2174 1036 2227; x_wconf 78' lang='grc' dir='ltr'><strong>αὐτοῦ</strong></span> <span class='ocrx_word' id='word_1_180' title='bbox 1068 2178 1314 2247; x_wconf 85' lang='grc' dir='ltr'>κειμένου</span> <span class='ocrx_word' id='word_1_181' title='bbox 1344 2167 1836 2257; x_wconf 75' lang='grc' dir='ltr'><strong>παραλληλογράμ-</strong></span> 
     </span>
    </p>
   </div>
   <div class='ocr_carea' id='block_1_24' title="bbox 290 2261 1836 2348">
    <p class='ocr_par' dir='ltr' id='par_1_24' title="bbox 290 2261 1836 2348">
     <span class='ocr_line' id='line_1_24' title="bbox 290 2261 1836 2348; baseline 0.014 -37"><span class='ocrx_word' id='word_1_182' title='bbox 290 2277 392 2329; x_wconf 87' lang='grc' dir='ltr'><strong>μου</strong></span> <span class='ocrx_word' id='word_1_183' title='bbox 418 2261 467 2313; x_wconf 73' lang='grc' dir='ltr'><strong>οἱ</strong></span> <span class='ocrx_word' id='word_1_184' title='bbox 494 2261 802 2333; x_wconf 82' lang='grc' dir='ltr'>ἡγούμενοι,</span> <span class='ocrx_word' id='word_1_185' title='bbox 842 2264 1053 2334; x_wconf 77' lang='grc' dir='ltr'><strong>ἔσχατοι</strong></span> <span class='ocrx_word' id='word_1_186' title='bbox 1090 2268 1146 2320; x_wconf 81' lang='grc' dir='ltr'><strong>δὲ</strong></span> <span class='ocrx_word' id='word_1_187' title='bbox 1182 2270 1210 2321; x_wconf 85' lang='lat'><strong>6</strong></span> <span class='ocrx_word' id='word_1_188' title='bbox 1248 2287 1307 2322; x_wconf 85' lang='grc' dir='ltr'><strong>τε</strong></span> <span class='ocrx_word' id='word_1_189' title='bbox 1341 2273 1398 2323; x_wconf 81' lang='grc' dir='ltr'><strong>ὲν</strong></span> <span class='ocrx_word' id='word_1_190' title='bbox 1429 2274 1578 2345; x_wconf 83' lang='grc' dir='ltr'><strong>μέσῳ</strong></span> <span class='ocrx_word' id='word_1_191' title='bbox 1606 2279 1693 2348; x_wconf 73' lang='grc' dir='ltr'><strong>’τῷ</strong></span> <span class='ocrx_word' id='word_1_192' title='bbox 1733 2279 1836 2332; x_wconf 84' lang='grc' dir='ltr'><strong>σώ-</strong></span> 
     </span>
    </p>
   </div>
   <div class='ocr_carea' id='block_1_25' title="bbox 289 2355 1836 2442">
    <p class='ocr_par' dir='ltr' id='par_1_25' title="bbox 289 2355 1836 2442">
     <span class='ocr_line' id='line_1_25' title="bbox 289 2355 1836 2442; baseline 0.014 -39"><span class='ocrx_word' id='word_1_193' title='bbox 289 2369 420 2421; x_wconf 90' lang='grc' dir='ltr'><strong>ματι</strong></span> <span class='ocrx_word' id='word_1_194' title='bbox 442 2355 538 2424; x_wconf 79' lang='grc' dir='ltr'><strong>τῆς</strong></span> <span class='ocrx_word' id='word_1_195' title='bbox 559 2355 938 2419; x_wconf 82' lang='grc' dir='ltr'><strong>Κασσιεπείας,</strong></span> <span class='ocrx_word' id='word_1_196' title='bbox 964 2357 1055 2409; x_wconf 84' lang='grc' dir='ltr'><strong>καὶ</strong></span> <span class='ocrx_word' id='word_1_197' title='bbox 1074 2359 1102 2410; x_wconf 90' lang='lat'><strong>6</strong></span> <span class='ocrx_word' id='word_1_198' title='bbox 1127 2361 1184 2411; x_wconf 83' lang='grc' dir='ltr'>ὲν</span> <span class='ocrx_word' id='word_1_199' title='bbox 1210 2364 1272 2430; x_wconf 84' lang='grc' dir='ltr'><strong>τῇ</strong></span> <span class='ocrx_word' id='word_1_200' title='bbox 1297 2362 1556 2437; x_wconf 77' lang='grc' dir='ltr'><strong>ἀριστερᾷ</strong></span> <span class='ocrx_word' id='word_1_201' title='bbox 1575 2371 1716 2439; x_wconf 73' lang='grc' dir='ltr'><strong>χειρὶ</strong></span> <span class='ocrx_word' id='word_1_202' title='bbox 1738 2373 1836 2442; x_wconf 85' lang='grc' dir='ltr'><strong>τῆς</strong></span> 
     </span>
    </p>
   </div>
   <div class='ocr_carea' id='block_1_26' title="bbox 299 2442 1835 2527">
    <p class='ocr_par' dir='ltr' id='par_1_26' title="bbox 299 2442 1835 2527">
     <span class='ocr_line' id='line_1_26' title="bbox 299 2442 1835 2527; baseline 0.012 -34"><span class='ocrx_word' id='word_1_203' title='bbox 299 2442 666 2513; x_wconf 80' lang='grc' dir='ltr'><strong>Ἀνδρομέδας.</strong></span> <span class='ocrx_word' id='word_1_204' title='bbox 703 2444 856 2498; x_wconf 86' lang='grc' dir='ltr'><strong>Δύνει</strong></span> <span class='ocrx_word' id='word_1_205' title='bbox 884 2444 938 2497; x_wconf 86' lang='grc' dir='ltr'><strong>δὲ</strong></span> <span class='ocrx_word' id='word_1_206' title='bbox 963 2446 990 2497; x_wconf 90' lang='lat'><strong>6</strong></span> <span class='ocrx_word' id='word_1_207' title='bbox 1020 2447 1285 2516; x_wconf 80' lang='grc' dir='ltr'><strong>Στέφανος</strong></span> <span class='ocrx_word' id='word_1_208' title='bbox 1324 2453 1379 2504; x_wconf 79' lang='grc' dir='ltr'>ἐν</span> <span class='ocrx_word' id='word_1_209' title='bbox 1415 2452 1531 2524; x_wconf 75' lang='grc' dir='ltr'><strong>ὥρα</strong></span> <span class='ocrx_word' id='word_1_210' title='bbox 1569 2463 1616 2508; x_wconf 88' lang='grc' dir='ltr'><strong>α’</strong></span> <span class='ocrx_word' id='word_1_211' title='bbox 1641 2457 1716 2520; x_wconf 85' lang='grc' dir='ltr'><strong>ὡς</strong></span> <span class='ocrx_word' id='word_1_212' title='bbox 1748 2460 1835 2527; x_wconf 78' lang='grc' dir='ltr'><strong>ἔγ-</strong></span> 
     </span>
    </p>
   </div>
   <div class='ocr_carea' id='block_1_27' title="bbox 281 2546 464 2596">
    <p class='ocr_par' dir='ltr' id='par_1_27' title="bbox 281 2546 464 2596">
     <span class='ocr_line' id='line_1_27' title="bbox 281 2546 464 2596; baseline 0.022 -17"><span class='ocrx_word' id='word_1_213' title='bbox 281 2546 464 2596; x_wconf 79' lang='grc' dir='ltr'><strong>γιστα.</strong></span> 
     </span>
    </p>
   </div>
   <div class='ocr_carea' id='block_1_28' title="bbox 353 2600 1833 2710">
    <p class='ocr_par' dir='ltr' id='par_1_28' title="bbox 353 2600 1833 2710">
     <span class='ocr_line' id='line_1_28' title="bbox 353 2600 1833 2710; baseline 0.014 -37"><span class='ocrx_word' id='word_1_214' title='bbox 353 2622 460 2674; x_wconf 82' lang='grc' dir='ltr'><strong>Τοῦ</strong></span> <span class='ocrx_word' id='word_1_215' title='bbox 501 2623 557 2675; x_wconf 84' lang='grc' dir='ltr'><strong>δὲ</strong></span> <span class='ocrx_word' id='word_1_216' title='bbox 607 2624 692 2677; x_wconf 87' lang='grc' dir='ltr'>Ἐν</span> <span class='ocrx_word' id='word_1_217' title='bbox 728 2625 912 2691; x_wconf 84' lang='grc' dir='ltr'><strong>γόνασι</strong></span> <span class='ocrx_word' id='word_1_218' title='bbox 952 2626 1213 2693; x_wconf 81' lang='grc' dir='ltr'>δύνοντος,</span> <span class='ocrx_word' id='word_1_219' title='bbox 1256 2600 1640 2700; x_wconf 37' lang='grc' dir='ltr'><strong>συιγκαταδύνει</strong></span> <span class='ocrx_word' id='word_1_220' title='bbox 1676 2641 1774 2710; x_wconf 88' lang='grc' dir='ltr'><strong>μὲν</strong></span> <span class='ocrx_word' id='word_1_221' title='bbox 1804 2644 1833 2694; x_wconf 92' lang='lat'><strong>6</strong></span> 
     </span>
    </p>
   </div>
   <div class='ocr_carea' id='block_1_29' title="bbox 281 2713 1826 2800">
    <p class='ocr_par' dir='ltr' id='par_1_29' title="bbox 281 2713 1826 2800">
     <span class='ocr_line' id='line_1_29' title="bbox 281 2713 1826 2800; baseline 0.015 -37"><span class='ocrx_word' id='word_1_222' title='bbox 281 2713 540 2778; x_wconf 74' lang='grc' dir='ltr'><strong>ζωδιακὸς</strong></span> <span class='ocrx_word' id='word_1_223' title='bbox 568 2716 674 2768; x_wconf 83' lang='grc' dir='ltr'><strong>ἀπὸ</strong></span> <span class='ocrx_word' id='word_1_224' title='bbox 701 2715 793 2768; x_wconf 79' lang='grc' dir='ltr'><strong>τοῦ</strong></span> <span class='ocrx_word' id='word_1_225' title='bbox 818 2718 1040 2784; x_wconf 80' lang='grc' dir='ltr'><strong>Τοξότου</strong></span> <span class='ocrx_word' id='word_1_226' title='bbox 1071 2722 1180 2789; x_wconf 79' lang='grc' dir='ltr'><strong>μοὶ.</strong></span> <span class='ocrx_word' id='word_1_227' title='bbox 1211 2723 1266 2774; x_wconf 86' lang='grc' dir='ltr'><strong>ιδ’</strong></span> <span class='ocrx_word' id='word_1_228' title='bbox 1288 2725 1391 2788; x_wconf 80' lang='grc' dir='ltr'><strong>ἓως</strong></span> <span class='ocrx_word' id='word_1_229' title='bbox 1426 2728 1706 2800; x_wconf 85' lang='grc' dir='ltr'><strong>’Υδροχόου</strong></span> <span class='ocrx_word' id='word_1_230' title='bbox 1737 2740 1826 2798; x_wconf 62' lang='grc' dir='ltr'><strong>ιςνό</strong></span> 
     </span>
    </p>
   </div>
   <div class='ocr_carea' id='block_1_30' title="bbox 282 2804 1831 2886">
    <p class='ocr_par' dir='ltr' id='par_1_30' title="bbox 282 2804 1831 2886">
     <span class='ocr_line' id='line_1_30' title="bbox 282 2804 1831 2886; baseline 0.015 -34"><span class='ocrx_word' id='word_1_231' title='bbox 282 2807 604 2872; x_wconf 84' lang='grc' dir='ltr'><strong>μεσουρανεῑ</strong></span> <span class='ocrx_word' id='word_1_232' title='bbox 632 2804 688 2856; x_wconf 78' lang='grc' dir='ltr'><strong>δὲ</strong></span> <span class='ocrx_word' id='word_1_233' title='bbox 729 2805 834 2858; x_wconf 82' lang='grc' dir='ltr'><strong>ἀπὸ</strong></span> <span class='ocrx_word' id='word_1_234' title='bbox 871 2806 962 2859; x_wconf 80' lang='grc' dir='ltr'><strong>τοῦ</strong></span> <span class='ocrx_word' id='word_1_235' title='bbox 1000 2809 1278 2880; x_wconf 83' lang='grc' dir='ltr'><strong>’Υδροχόου</strong></span> <span class='ocrx_word' id='word_1_236' title='bbox 1312 2814 1419 2883; x_wconf 85' lang='grc' dir='ltr'><strong>μοί.</strong></span> <span class='ocrx_word' id='word_1_237' title='bbox 1452 2824 1498 2884; x_wconf 87' lang='grc' dir='ltr'><strong>γ’</strong></span> <span class='ocrx_word' id='word_1_238' title='bbox 1527 2820 1619 2871; x_wconf 79' lang='grc' dir='ltr'><strong>καὶ</strong></span> <span class='ocrx_word' id='word_1_239' title='bbox 1655 2827 1703 2873; x_wconf 86' lang='grc' dir='ltr'><strong>κ’</strong></span> <span class='ocrx_word' id='word_1_240' title='bbox 1729 2822 1831 2886; x_wconf 78' lang='grc' dir='ltr'><strong>ἕως</strong></span> 
     </span>
    </p>
   </div>
   <div class='ocr_carea' id='block_1_31' title="bbox 278 2887 1830 2975">
    <p class='ocr_par' dir='ltr' id='par_1_31' title="bbox 278 2887 1830 2975">
     <span class='ocr_line' id='line_1_31' title="bbox 278 2887 1830 2975; baseline 0.018 -37"><span class='ocrx_word' id='word_1_241' title='bbox 278 2887 491 2956; x_wconf 81' lang='grc' dir='ltr'><strong>Ταύρου</strong></span> <span class='ocrx_word' id='word_1_242' title='bbox 529 2890 634 2958; x_wconf 80' lang='grc' dir='ltr'><strong>μοί.</strong></span> <span class='ocrx_word' id='word_1_243' title='bbox 665 2897 713 2960; x_wconf 79' lang='grc' dir='ltr'><strong>η’</strong></span> <span class='ocrx_word' id='word_1_244' title='bbox 749 2892 939 2962; x_wconf 78' lang='grc' dir='ltr'><strong>μέσης.</strong></span> <span class='ocrx_word' id='word_1_245' title='bbox 974 2895 1082 2947; x_wconf 77' lang='grc' dir='ltr'><strong>Καὶ</strong></span> <span class='ocrx_word' id='word_1_246' title='bbox 1117 2904 1165 2948; x_wconf 87' lang='grc' dir='ltr'><strong>α’</strong></span> <span class='ocrx_word' id='word_1_247' title='bbox 1202 2900 1298 2967; x_wconf 84' lang='grc' dir='ltr'><strong>μὲν</strong></span> <span class='ocrx_word' id='word_1_248' title='bbox 1336 2905 1510 2975; x_wconf 85' lang='grc' dir='ltr'><strong>ἀστὴρ</strong></span> <span class='ocrx_word' id='word_1_249' title='bbox 1545 2907 1690 2962; x_wconf 80' lang='grc' dir='ltr'><strong>δύνει</strong></span> <span class='ocrx_word' id='word_1_250' title='bbox 1721 2915 1748 2964; x_wconf 90' lang='lat'><strong>6</strong></span> <span class='ocrx_word' id='word_1_251' title='bbox 1772 2913 1830 2966; x_wconf 83' lang='grc' dir='ltr'><strong>ἐν</strong></span> 
     </span>
    </p>
   </div>
   <div class='ocr_carea' id='block_1_32' title="bbox 277 2975 1829 3074">
    <p class='ocr_par' dir='ltr' id='par_1_32' title="bbox 277 2975 1829 3074">
     <span class='ocr_line' id='line_1_32' title="bbox 277 2975 1829 3074; baseline 0.019 -47"><span class='ocrx_word' id='word_1_252' title='bbox 277 2975 426 3047; x_wconf 76' lang='grc' dir='ltr'><strong>ἄκρᾳ.</strong></span> <span class='ocrx_word' id='word_1_253' title='bbox 453 2982 516 3048; x_wconf 79' lang='grc' dir='ltr'><strong>τῇ</strong></span> <span class='ocrx_word' id='word_1_254' title='bbox 545 2981 690 3050; x_wconf 78' lang='grc' dir='ltr'><strong>δεξιᾷ</strong></span> <span class='ocrx_word' id='word_1_255' title='bbox 723 2983 882 3052; x_wconf 75' lang='grc' dir='ltr'><strong>χειρὶ,</strong></span> <span class='ocrx_word' id='word_1_256' title='bbox 921 2982 1142 3053; x_wconf 76' lang='grc' dir='ltr'><strong>ἔσχατος</strong></span> <span class='ocrx_word' id='word_1_257' title='bbox 1180 2988 1236 3040; x_wconf 83' lang='grc' dir='ltr'>δὲ</span> <span class='ocrx_word' id='word_1_258' title='bbox 1280 2993 1308 3043; x_wconf 89' lang='grc' dir='ltr'><em>ὁ</em></span> <span class='ocrx_word' id='word_1_259' title='bbox 1349 2994 1406 3045; x_wconf 80' lang='grc' dir='ltr'><strong>ὲν</strong></span> <span class='ocrx_word' id='word_1_260' title='bbox 1446 2995 1522 3065; x_wconf 80' lang='grc' dir='ltr'><strong>τῷ</strong></span> <span class='ocrx_word' id='word_1_261' title='bbox 1558 2999 1829 3074; x_wconf 84' lang='grc' dir='ltr'><strong>ἀριστερῷ</strong></span> 
     </span>
    </p>
   </div>
   <div class='ocr_carea' id='block_1_33' title="bbox 277 3068 1827 3168">
    <p class='ocr_par' dir='ltr' id='par_1_33' title="bbox 277 3068 1827 3168">
     <span class='ocr_line' id='line_1_33' title="bbox 277 3068 1827 3168; baseline 0.019 -50"><span class='ocrx_word' id='word_1_262' title='bbox 277 3068 419 3122; x_wconf 83' lang='grc' dir='ltr'><strong>ποδί.</strong></span> <span class='ocrx_word' id='word_1_263' title='bbox 459 3072 790 3141; x_wconf 85' lang='grc' dir='ltr'><strong>Μεσουρανεῖ</strong></span> <span class='ocrx_word' id='word_1_264' title='bbox 829 3073 884 3126; x_wconf 82' lang='grc' dir='ltr'><strong>δὲ</strong></span> <span class='ocrx_word' id='word_1_265' title='bbox 916 3074 1020 3127; x_wconf 82' lang='grc' dir='ltr'><strong>τῶν</strong></span> <span class='ocrx_word' id='word_1_266' title='bbox 1055 3077 1225 3132; x_wconf 81' lang='grc' dir='ltr'><strong>ἄλλων</strong></span> <span class='ocrx_word' id='word_1_267' title='bbox 1253 3081 1494 3155; x_wconf 79' lang='grc' dir='ltr'><strong>ἀστέρων</strong></span> <span class='ocrx_word' id='word_1_268' title='bbox 1518 3068 1610 3142; x_wconf 70' lang='grc' dir='ltr'><strong>τού</strong></span> <span class='ocrx_word' id='word_1_269' title='bbox 1645 3068 1827 3168; x_wconf 83' lang='grc' dir='ltr'><strong>μὲν</strong></span> 
     </span>
    </p>
   </div>
   <div class='ocr_carea' id='block_1_34' title="bbox 274 3157 1824 3256">
    <p class='ocr_par' dir='ltr' id='par_1_34' title="bbox 274 3157 1824 3256">
     <span class='ocr_line' id='line_1_34' title="bbox 274 3157 1824 3256; baseline 0.019 -47"><span class='ocrx_word' id='word_1_270' title='bbox 274 3157 354 3226; x_wconf 85' lang='grc' dir='ltr'>τῷ</span> <span class='ocrx_word' id='word_1_271' title='bbox 388 3159 648 3231; x_wconf 86' lang='grc' dir='ltr'><strong>Ὑδροχόῳ</strong></span> <span class='ocrx_word' id='word_1_272' title='bbox 681 3163 867 3229; x_wconf 80' lang='grc' dir='ltr'><strong>ὕδατος</strong></span> <span class='ocrx_word' id='word_1_273' title='bbox 901 3169 929 3220; x_wconf 87' lang='lat'><strong>6</strong></span> <span class='ocrx_word' id='word_1_274' title='bbox 955 3171 1205 3242; x_wconf 84' lang='grc' dir='ltr'><strong>ἐχόμενος</strong></span> <span class='ocrx_word' id='word_1_275' title='bbox 1231 3173 1336 3229; x_wconf 80' lang='grc' dir='ltr'><strong>τῶν</strong></span> <span class='ocrx_word' id='word_1_276' title='bbox 1364 3179 1419 3230; x_wconf 83' lang='grc' dir='ltr'><strong>ὲν</strong></span> <span class='ocrx_word' id='word_1_277' title='bbox 1447 3182 1512 3251; x_wconf 82' lang='grc' dir='ltr'><strong>τῇ</strong></span> <span class='ocrx_word' id='word_1_278' title='bbox 1541 3181 1579 3233; x_wconf 88' lang='grc' dir='ltr'><strong>δ’</strong></span> <span class='ocrx_word' id='word_1_279' title='bbox 1604 3157 1824 3256; x_wconf 75' lang='grc' dir='ltr'><strong>σύστρο-</strong></span> 
     </span>
    </p>
   </div>
   <div class='ocr_carea' id='block_1_35' title="bbox 275 3250 1819 3342">
    <p class='ocr_par' dir='ltr' id='par_1_35' title="bbox 275 3250 1819 3342">
     <span class='ocr_line' id='line_1_35' title="bbox 275 3250 1819 3342; baseline 0.021 -44"><span class='ocrx_word' id='word_1_280' title='bbox 275 3251 376 3318; x_wconf 76' lang='grc' dir='ltr'><strong>φῇ,</strong></span> <span class='ocrx_word' id='word_1_281' title='bbox 403 3250 496 3302; x_wconf 74' lang='grc' dir='ltr'><strong>τοῦ</strong></span> <span class='ocrx_word' id='word_1_282' title='bbox 535 3252 590 3304; x_wconf 91' lang='grc' dir='ltr'>δὲ</span> <span class='ocrx_word' id='word_1_283' title='bbox 619 3254 810 3308; x_wconf 82' lang='grc' dir='ltr'><strong>Ἵππου</strong></span> <span class='ocrx_word' id='word_1_284' title='bbox 847 3259 875 3310; x_wconf 92' lang='lat'><strong>6</strong></span> <span class='ocrx_word' id='word_1_285' title='bbox 902 3258 1232 3333; x_wconf 79' lang='grc' dir='ltr'><strong>βορειότερος</strong></span> <span class='ocrx_word' id='word_1_286' title='bbox 1264 3266 1370 3319; x_wconf 83' lang='grc' dir='ltr'><strong>τῶν</strong></span> <span class='ocrx_word' id='word_1_287' title='bbox 1412 3269 1469 3324; x_wconf 85' lang='grc' dir='ltr'>ἐν</span> <span class='ocrx_word' id='word_1_288' title='bbox 1501 3271 1579 3342; x_wconf 80' lang='grc' dir='ltr'>τῷ</span> <span class='ocrx_word' id='word_1_289' title='bbox 1613 3276 1819 3342; x_wconf 80' lang='grc' dir='ltr'><strong>σώματι</strong></span> 
     </span>
    </p>
   </div>
   <div class='ocr_carea' id='block_1_36' title="bbox 273 3341 1822 3440">
    <p class='ocr_par' dir='ltr' id='par_1_36' title="bbox 273 3341 1822 3440">
     <span class='ocr_line' id='line_1_36' title="bbox 273 3341 1822 3440; baseline 0.012 -49"><span class='ocrx_word' id='word_1_290' title='bbox 273 3341 533 3410; x_wconf 78' lang='grc' dir='ltr'><strong>συνεχῶν,</strong></span> <span class='ocrx_word' id='word_1_291' title='bbox 561 3343 654 3396; x_wconf 79' lang='grc' dir='ltr'><strong>τοῦ</strong></span> <span class='ocrx_word' id='word_1_292' title='bbox 682 3347 738 3398; x_wconf 82' lang='grc' dir='ltr'><strong>δὲ</strong></span> <span class='ocrx_word' id='word_1_293' title='bbox 769 3349 999 3419; x_wconf 74' lang='grc' dir='ltr'><strong>Κηφέως</strong></span> <span class='ocrx_word' id='word_1_294' title='bbox 1037 3355 1067 3405; x_wconf 93' lang='lat'><strong>6</strong></span> <span class='ocrx_word' id='word_1_295' title='bbox 1104 3354 1385 3426; x_wconf 80' lang='grc' dir='ltr'><strong>ἀριστερὸς</strong></span> <span class='ocrx_word' id='word_1_296' title='bbox 1429 3355 1576 3431; x_wconf 82' lang='grc' dir='ltr'><strong>ὦμος</strong></span> <span class='ocrx_word' id='word_1_297' title='bbox 1617 3368 1822 3440; x_wconf 73' lang='grc' dir='ltr'><strong>ἡμιπή..</strong></span> 
     </span>
    </p>
   </div>
   <div class='ocr_carea' id='block_1_37' title="bbox 181 3425 1819 3524">
    <p class='ocr_par' dir='ltr' id='par_1_37' title="bbox 181 3425 1819 3524">
     <span class='ocr_line' id='line_1_37' title="bbox 181 3425 1819 3524; baseline 0.023 -47"><span class='ocrx_word' id='word_1_298' title='bbox 181 3425 204 3450; x_wconf 81' lang='lat'><strong><em>’</em></strong></span> <span class='ocrx_word' id='word_1_299' title='bbox 273 3448 390 3500; x_wconf 89' lang='grc' dir='ltr'><strong>χιον</strong></span> <span class='ocrx_word' id='word_1_300' title='bbox 435 3432 849 3505; x_wconf 79' lang='grc' dir='ltr'>ὑπολειπόμενος</span> <span class='ocrx_word' id='word_1_301' title='bbox 891 3439 982 3492; x_wconf 77' lang='grc' dir='ltr'><strong>τοῦ</strong></span> <span class='ocrx_word' id='word_1_302' title='bbox 1034 3425 1420 3516; x_wconf 57' lang='grc' dir='ltr'><strong>μεσημεψινοῦ.</strong></span> <span class='ocrx_word' id='word_1_303' title='bbox 1475 3425 1736 3524; x_wconf 48' lang='grc' dir='ltr'><strong>λΕσχατος</strong></span> <span class='ocrx_word' id='word_1_304' title='bbox 1764 3425 1819 3512; x_wconf 76' lang='grc' dir='ltr'><strong>δὲ</strong></span> 
     </span>
    </p>
   </div>
   <div class='ocr_carea' id='block_1_38' title="bbox 273 3526 1821 3608">
    <p class='ocr_par' dir='ltr' id='par_1_38' title="bbox 273 3526 1821 3608">
     <span class='ocr_line' id='line_1_38' title="bbox 273 3526 1821 3608; baseline 0.021 -37"><span class='ocrx_word' id='word_1_305' title='bbox 273 3527 599 3593; x_wconf 84' lang='grc' dir='ltr'><strong>μεσουρανεῖ</strong></span> <span class='ocrx_word' id='word_1_306' title='bbox 621 3526 712 3578; x_wconf 80' lang='grc' dir='ltr'><strong>τοῦ</strong></span> <span class='ocrx_word' id='word_1_307' title='bbox 738 3528 794 3579; x_wconf 81' lang='grc' dir='ltr'><strong>ἐν</strong></span> <span class='ocrx_word' id='word_1_308' title='bbox 822 3529 898 3599; x_wconf 80' lang='grc' dir='ltr'><strong>τῷ</strong></span> <span class='ocrx_word' id='word_1_309' title='bbox 919 3532 1083 3600; x_wconf 78' lang='grc' dir='ltr'><strong>Κήτει</strong></span> <span class='ocrx_word' id='word_1_310' title='bbox 1116 3538 1511 3608; x_wconf 81' lang='grc' dir='ltr'><strong>τετραπλεύρου</strong></span> <span class='ocrx_word' id='word_1_311' title='bbox 1537 3545 1564 3599; x_wconf 89' lang='grc' dir='ltr'>ὁ</span> <span class='ocrx_word' id='word_1_312' title='bbox 1585 3549 1821 3603; x_wconf 81' lang='grc' dir='ltr'><strong>νοτιώτε-</strong></span> 
     </span>
    </p>
   </div>
   <div class='ocr_carea' id='block_1_39' title="bbox 270 3613 1820 3710">
    <p class='ocr_par' dir='ltr' id='par_1_39' title="bbox 270 3613 1820 3710">
     <span class='ocr_line' id='line_1_39' title="bbox 270 3613 1820 3710; baseline 0.021 -49"><span class='ocrx_word' id='word_1_313' title='bbox 270 3628 365 3682; x_wconf 83' lang='grc' dir='ltr'><strong>ρος</strong></span> <span class='ocrx_word' id='word_1_314' title='bbox 395 3613 502 3665; x_wconf 85' lang='grc' dir='ltr'><strong>τῶν</strong></span> <span class='ocrx_word' id='word_1_315' title='bbox 528 3615 801 3686; x_wconf 79' lang='grc' dir='ltr'><strong>ἑπομένων</strong></span> <span class='ocrx_word' id='word_1_316' title='bbox 823 3619 1106 3696; x_wconf 77' lang='grc' dir='ltr'><strong>λαμπρῶν,</strong></span> <span class='ocrx_word' id='word_1_317' title='bbox 1141 3630 1234 3679; x_wconf 83' lang='grc' dir='ltr'><strong>καὶ</strong></span> <span class='ocrx_word' id='word_1_318' title='bbox 1263 3630 1291 3681; x_wconf 93' lang='lat'><strong>6</strong></span> <span class='ocrx_word' id='word_1_319' title='bbox 1322 3632 1455 3700; x_wconf 88' lang='grc' dir='ltr'><strong>πρὸς</strong></span> <span class='ocrx_word' id='word_1_320' title='bbox 1477 3640 1820 3710; x_wconf 77' lang='grc' dir='ltr'><strong>μεσημϐρίαν</strong></span> 
     </span>
    </p>
   </div>
   <div class='ocr_carea' id='block_1_40' title="bbox 267 3701 1817 3787">
    <p class='ocr_par' dir='ltr' id='par_1_40' title="bbox 267 3701 1817 3787">
     <span class='ocr_line' id='line_1_40' title="bbox 267 3701 1817 3787; baseline 0.02 -36"><span class='ocrx_word' id='word_1_321' title='bbox 267 3701 518 3770; x_wconf 73' lang='grc' dir='ltr'><strong>κείμενος</strong></span> <span class='ocrx_word' id='word_1_322' title='bbox 558 3706 988 3778; x_wconf 84' lang='grc' dir='ltr'><strong>ἀκατονόμαστος</strong></span> <span class='ocrx_word' id='word_1_323' title='bbox 1037 3713 1298 3787; x_wconf 87' lang='grc' dir='ltr'><strong>λαμπρός.</strong></span> <span class='ocrx_word' id='word_1_324' title='bbox 1349 3701 1500 3775; x_wconf 81' lang='grc' dir='ltr'><strong>Δύνει</strong></span> <span class='ocrx_word' id='word_1_325' title='bbox 1551 3701 1817 3782; x_wconf 31' lang='grc' dir='ltr'><strong>δὲ’-δ”Εν</strong></span> 
     </span>
    </p>
   </div>
   <div class='ocr_carea' id='block_1_41' title="bbox 265 3793 1817 3888">
    <p class='ocr_par' dir='ltr' id='par_1_41' title="bbox 265 3793 1817 3888">
     <span class='ocr_line' id='line_1_41' title="bbox 265 3793 1817 3888; baseline 0.019 -45"><span class='ocrx_word' id='word_1_326' title='bbox 265 3793 487 3860; x_wconf 86' lang='grc' dir='ltr'><strong>γόνασιν</strong></span> <span class='ocrx_word' id='word_1_327' title='bbox 523 3797 579 3849; x_wconf 80' lang='grc' dir='ltr'><strong>ἐν</strong></span> <span class='ocrx_word' id='word_1_328' title='bbox 616 3797 782 3870; x_wconf 74' lang='grc' dir='ltr'><strong>ὥραις</strong></span> <span class='ocrx_word' id='word_1_329' title='bbox 807 3801 849 3854; x_wconf 85' lang='grc' dir='ltr'><strong>δ’</strong></span> <span class='ocrx_word' id='word_1_330' title='bbox 879 3804 971 3857; x_wconf 76' lang='grc' dir='ltr'><strong>καὶ</strong></span> <span class='ocrx_word' id='word_1_331' title='bbox 997 3808 1138 3876; x_wconf 77' lang='grc' dir='ltr'><strong>τρισὶ</strong></span> <span class='ocrx_word' id='word_1_332' title='bbox 1176 3815 1603 3884; x_wconf 83' lang='grc' dir='ltr'><strong>πεμπτημορίοις</strong></span> <span class='ocrx_word' id='word_1_333' title='bbox 1629 3819 1703 3882; x_wconf 83' lang='grc' dir='ltr'><strong>ὡς</strong></span> <span class='ocrx_word' id='word_1_334' title='bbox 1729 3819 1817 3888; x_wconf 81' lang='grc' dir='ltr'><strong>ἔγ-</strong></span> 
     </span>
    </p>
   </div>
   <div class='ocr_carea' id='block_1_42' title="bbox 265 3901 447 3952">
    <p class='ocr_par' dir='ltr' id='par_1_42' title="bbox 265 3901 447 3952">
     <span class='ocr_line' id='line_1_42' title="bbox 265 3901 447 3952; baseline 0.011 -15"><span class='ocrx_word' id='word_1_335' title='bbox 265 3901 447 3952; x_wconf 85' lang='grc' dir='ltr'><strong>γιστα.</strong></span> 
     </span>
    </p>
   </div>
   <div class='ocr_carea' id='block_1_43' title="bbox 339 3976 1815 4072">
    <p class='ocr_par' dir='ltr' id='par_1_43' title="bbox 339 3976 1815 4072">
     <span class='ocr_line' id='line_1_43' title="bbox 339 3976 1815 4072; baseline 0.02 -43"><span class='ocrx_word' id='word_1_336' title='bbox 339 3979 462 4033; x_wconf 82' lang='lat' dir='ltr'><strong>KA&#39;.</strong></span> <span class='ocrx_word' id='word_1_337' title='bbox 490 3976 594 4033; x_wconf 81' lang='grc' dir='ltr'><strong>Τοῦ</strong></span> <span class='ocrx_word' id='word_1_338' title='bbox 620 3982 674 4034; x_wconf 83' lang='grc' dir='ltr'><strong>δὲ</strong></span> <span class='ocrx_word' id='word_1_339' title='bbox 704 3984 978 4056; x_wconf 77' lang='grc' dir='ltr'><strong>Ὀφιούχου</strong></span> <span class='ocrx_word' id='word_1_340' title='bbox 1008 3989 1269 4057; x_wconf 87' lang='grc' dir='ltr'>δύνοντος,</span> <span class='ocrx_word' id='word_1_341' title='bbox 1307 4001 1691 4066; x_wconf 86' lang='grc' dir='ltr'><strong>συγκαταδύνει</strong></span> <span class='ocrx_word' id='word_1_342' title='bbox 1718 4005 1815 4072; x_wconf 83' lang='grc' dir='ltr'><strong>μὲν</strong></span> 
     </span>
    </p>
   </div>
   <div class='ocr_carea' id='block_1_44' title="bbox 260 4068 1807 4166">
    <p class='ocr_par' dir='ltr' id='par_1_44' title="bbox 260 4068 1807 4166">
     <span class='ocr_line' id='line_1_44' title="bbox 260 4068 1807 4166; baseline 0.019 -46"><span class='ocrx_word' id='word_1_343' title='bbox 260 4070 294 4120; x_wconf 82' lang='grc' dir='ltr'><strong>ὁ</strong></span> <span class='ocrx_word' id='word_1_344' title='bbox 321 4068 576 4134; x_wconf 75' lang='grc' dir='ltr'><strong>ζωδιακὸς</strong></span> <span class='ocrx_word' id='word_1_345' title='bbox 607 4074 711 4128; x_wconf 82' lang='grc' dir='ltr'><strong>ἀπὸ</strong></span> <span class='ocrx_word' id='word_1_346' title='bbox 735 4077 996 4148; x_wconf 79' lang='grc' dir='ltr'><strong>Σκορπίου</strong></span> <span class='ocrx_word' id='word_1_347' title='bbox 1030 4084 1136 4150; x_wconf 80' lang='grc' dir='ltr'><strong>μοί.</strong></span> <span class='ocrx_word' id='word_1_348' title='bbox 1167 4093 1233 4137; x_wconf 85' lang='grc' dir='ltr'><strong>ια’</strong></span> <span class='ocrx_word' id='word_1_349' title='bbox 1263 4087 1364 4151; x_wconf 76' lang='grc' dir='ltr'><strong>ἕως</strong></span> <span class='ocrx_word' id='word_1_350' title='bbox 1393 4092 1670 4165; x_wconf 72' lang='grc' dir='ltr'><strong>Αἰγόκερω</strong></span> <span class='ocrx_word' id='word_1_351' title='bbox 1704 4068 1807 4166; x_wconf 85' lang='grc' dir='ltr'><strong>μοί.</strong></span> 
     </span>
    </p>
   </div>
   <div class='ocr_carea' id='block_1_45' title="bbox 263 4158 1814 4257">
    <p class='ocr_par' dir='ltr' id='par_1_45' title="bbox 263 4158 1814 4257">
     <span class='ocr_line' id='line_1_45' title="bbox 263 4158 1814 4257; baseline 0.021 -48"><span class='ocrx_word' id='word_1_352' title='bbox 263 4158 312 4228; x_wconf 85' lang='grc' dir='ltr'><strong>β’</strong></span> <span class='ocrx_word' id='word_1_353' title='bbox 333 4176 346 4188; x_wconf 87' lang='grc'><strong>·</strong></span> <span class='ocrx_word' id='word_1_354' title='bbox 371 4169 688 4233; x_wconf 84' lang='grc' dir='ltr'><strong>μεσουρανεῖ</strong></span> <span class='ocrx_word' id='word_1_355' title='bbox 708 4167 762 4219; x_wconf 78' lang='grc' dir='ltr'><strong>δὲ</strong></span> <span class='ocrx_word' id='word_1_356' title='bbox 786 4168 892 4220; x_wconf 77' lang='grc' dir='ltr'><strong>ἀπὸ</strong></span> <span class='ocrx_word' id='word_1_357' title='bbox 912 4171 1184 4245; x_wconf 78' lang='grc' dir='ltr'><strong>Λὶγύκερω</strong></span> <span class='ocrx_word' id='word_1_358' title='bbox 1206 4184 1245 4228; x_wconf 82' lang='grc' dir='ltr'><strong>ε’</strong></span> <span class='ocrx_word' id='word_1_359' title='bbox 1273 4181 1363 4231; x_wconf 81' lang='grc' dir='ltr'><strong>καὶ</strong></span> <span class='ocrx_word' id='word_1_360' title='bbox 1389 4190 1434 4234; x_wconf 90' lang='grc' dir='ltr'><strong>κ’</strong></span> <span class='ocrx_word' id='word_1_361' title='bbox 1462 4184 1564 4248; x_wconf 75' lang='grc' dir='ltr'><strong>ἕως</strong></span> <span class='ocrx_word' id='word_1_362' title='bbox 1593 4158 1814 4257; x_wconf 44' lang='grc' dir='ltr'><strong>’Ἰχθύων</strong></span> 
     </span>
    </p>
   </div>
   <div class='ocr_carea' id='block_1_46' title="bbox 266 4254 1813 4351">
    <p class='ocr_par' dir='ltr' id='par_1_46' title="bbox 266 4254 1813 4351">
     <span class='ocr_line' id='line_1_46' title="bbox 266 4254 1813 4351; baseline 0.019 -47"><span class='ocrx_word' id='word_1_363' title='bbox 266 4259 338 4304; x_wconf 91' lang='grc' dir='ltr'><strong>ια’</strong></span> <span class='ocrx_word' id='word_1_364' title='bbox 366 4254 553 4322; x_wconf 84' lang='grc' dir='ltr'><strong>μέσης.</strong></span> <span class='ocrx_word' id='word_1_365' title='bbox 591 4258 698 4311; x_wconf 82' lang='grc' dir='ltr'><strong>Καὶ</strong></span> <span class='ocrx_word' id='word_1_366' title='bbox 733 4266 780 4312; x_wconf 85' lang='grc' dir='ltr'><strong>α’</strong></span> <span class='ocrx_word' id='word_1_367' title='bbox 805 4260 903 4329; x_wconf 79' lang='grc' dir='ltr'><strong>μὲν</strong></span> <span class='ocrx_word' id='word_1_368' title='bbox 935 4263 1106 4334; x_wconf 79' lang='grc' dir='ltr'><strong>ἀστὴρ</strong></span> <span class='ocrx_word' id='word_1_369' title='bbox 1131 4267 1272 4321; x_wconf 85' lang='grc' dir='ltr'>δύνει</span> <span class='ocrx_word' id='word_1_370' title='bbox 1305 4274 1332 4323; x_wconf 91' lang='lat'><strong>6</strong></span> <span class='ocrx_word' id='word_1_371' title='bbox 1358 4275 1412 4323; x_wconf 84' lang='grc' dir='ltr'><strong>ὲν</strong></span> <span class='ocrx_word' id='word_1_372' title='bbox 1442 4275 1517 4345; x_wconf 84' lang='grc' dir='ltr'>τῷ</span> <span class='ocrx_word' id='word_1_373' title='bbox 1546 4254 1813 4351; x_wconf 77' lang='grc' dir='ltr'><strong>ἀριστερῷ</strong></span> 
     </span>
    </p>
   </div>
   <div class='ocr_carea' id='block_1_47' title="bbox 259 4344 1810 4436">
    <p class='ocr_par' dir='ltr' id='par_1_47' title="bbox 259 4344 1810 4436">
     <span class='ocr_line' id='line_1_47' title="bbox 259 4344 1810 4436; baseline 0.021 -42"><span class='ocrx_word' id='word_1_374' title='bbox 259 4344 405 4436; x_wconf 76' lang='grc' dir='ltr'><strong>ποδὶ,</strong></span> <span class='ocrx_word' id='word_1_375' title='bbox 433 4345 655 4417; x_wconf 78' lang='grc' dir='ltr'><strong>ἔσχατος</strong></span> <span class='ocrx_word' id='word_1_376' title='bbox 685 4349 740 4402; x_wconf 85' lang='grc' dir='ltr'>δὲ</span> <span class='ocrx_word' id='word_1_377' title='bbox 763 4353 791 4402; x_wconf 91' lang='lat'><strong>6</strong></span> <span class='ocrx_word' id='word_1_378' title='bbox 825 4355 882 4404; x_wconf 79' lang='grc' dir='ltr'><strong>ὲν</strong></span> <span class='ocrx_word' id='word_1_379' title='bbox 916 4357 978 4424; x_wconf 82' lang='grc' dir='ltr'><strong>τῇ</strong></span> <span class='ocrx_word' id='word_1_380' title='bbox 1004 4359 1234 4428; x_wconf 81' lang='grc' dir='ltr'><strong>κεφαλῇ.</strong></span> <span class='ocrx_word' id='word_1_381' title='bbox 1261 4344 1596 4436; x_wconf 67' lang='grc' dir='ltr'><strong>Μεσουρανεέ</strong></span> <span class='ocrx_word' id='word_1_382' title='bbox 1623 4371 1679 4424; x_wconf 84' lang='grc' dir='ltr'><strong>δὲ</strong></span> <span class='ocrx_word' id='word_1_383' title='bbox 1706 4344 1810 4425; x_wconf 74' lang='grc' dir='ltr'><strong>τιῦν</strong></span> 
     </span>
    </p>
   </div>
   <div class='ocr_carea' id='block_1_48' title="bbox 255 4435 1809 4528">
    <p class='ocr_par' dir='ltr' id='par_1_48' title="bbox 255 4435 1809 4528">
     <span class='ocr_line' id='line_1_48' title="bbox 255 4435 1809 4528; baseline 0.019 -40"><span class='ocrx_word' id='word_1_384' title='bbox 255 4435 446 4488; x_wconf 71' lang='grc' dir='ltr'><strong>ἄλλων·</strong></span> <span class='ocrx_word' id='word_1_385' title='bbox 471 4437 710 4527; x_wconf 83' lang='grc' dir='ltr'><strong>ἀστέρων</strong></span> <span class='ocrx_word' id='word_1_386' title='bbox 746 4449 792 4494; x_wconf 85' lang='grc' dir='ltr'><strong>α’</strong></span> <span class='ocrx_word' id='word_1_387' title='bbox 825 4445 921 4514; x_wconf 80' lang='grc' dir='ltr'><strong>μὲν</strong></span> <span class='ocrx_word' id='word_1_388' title='bbox 951 4446 1043 4498; x_wconf 82' lang='grc' dir='ltr'><strong>τοῦ</strong></span> <span class='ocrx_word' id='word_1_389' title='bbox 1067 4450 1344 4522; x_wconf 77' lang='grc' dir='ltr'><strong>Αιγόκερω</strong></span> <span class='ocrx_word' id='word_1_390' title='bbox 1374 4458 1401 4507; x_wconf 89' lang='lat'><strong>6</strong></span> <span class='ocrx_word' id='word_1_391' title='bbox 1423 4435 1677 4528; x_wconf 85' lang='grc' dir='ltr'><strong>ἑπόμενος</strong></span> <span class='ocrx_word' id='word_1_392' title='bbox 1703 4465 1809 4516; x_wconf 87' lang='grc' dir='ltr'><strong>τῶν</strong></span> 
     </span>
    </p>
   </div>
   <div class='ocr_carea' id='block_1_49' title="bbox 251 4617 1808 4706">
    <p class='ocr_par' dir='ltr' id='par_1_49' title="bbox 251 4617 1808 4706">
     <span class='ocr_line' id='line_1_49' title="bbox 251 4617 1808 4706; baseline 0.02 -39"><span class='ocrx_word' id='word_1_393' title='bbox 251 4620 328 4687; x_wconf 72' lang='grc' dir='ltr'><strong>τῇ</strong></span> <span class='ocrx_word' id='word_1_394' title='bbox 357 4617 500 4688; x_wconf 76' lang='grc' dir='ltr'><strong>δεξιᾷ</strong></span> <span class='ocrx_word' id='word_1_395' title='bbox 538 4621 799 4692; x_wconf 86' lang='grc' dir='ltr'><strong>πτέρυγι·</strong></span> <span class='ocrx_word' id='word_1_396' title='bbox 832 4625 1055 4696; x_wconf 77' lang='grc' dir='ltr'><strong>ἔσχατος</strong></span> <span class='ocrx_word' id='word_1_397' title='bbox 1086 4630 1141 4682; x_wconf 81' lang='grc' dir='ltr'><strong>δὲ</strong></span> <span class='ocrx_word' id='word_1_398' title='bbox 1174 4634 1272 4696; x_wconf 86' lang='grc' dir='ltr'><strong>τῆς</strong></span> <span class='ocrx_word' id='word_1_399' title='bbox 1309 4639 1671 4706; x_wconf 81' lang='grc' dir='ltr'><strong>Κασσιεπείας</strong></span> <span class='ocrx_word' id='word_1_400' title='bbox 1703 4647 1730 4697; x_wconf 94' lang='lat'><strong>6</strong></span> <span class='ocrx_word' id='word_1_401' title='bbox 1752 4647 1808 4697; x_wconf 84' lang='grc' dir='ltr'>ἐν</span> 
     </span>
    </p>
   </div>
   <div class='ocr_carea' id='block_1_50' title="bbox 249 4710 1810 4803">
    <p class='ocr_par' dir='ltr' id='par_1_50' title="bbox 249 4710 1810 4803">
     <span class='ocr_line' id='line_1_50' title="bbox 249 4710 1810 4803; baseline 0.021 -46"><span class='ocrx_word' id='word_1_402' title='bbox 249 4710 326 4776; x_wconf 80' lang='grc' dir='ltr'><strong>τῇ</strong></span> <span class='ocrx_word' id='word_1_403' title='bbox 358 4710 585 4782; x_wconf 79' lang='grc' dir='ltr'><strong>κεφαλῇ,</strong></span> <span class='ocrx_word' id='word_1_404' title='bbox 615 4712 706 4765; x_wconf 73' lang='grc' dir='ltr'><strong>καὶ</strong></span> <span class='ocrx_word' id='word_1_405' title='bbox 728 4715 757 4765; x_wconf 93' lang='lat'><strong>6</strong></span> <span class='ocrx_word' id='word_1_406' title='bbox 784 4717 842 4768; x_wconf 83' lang='grc' dir='ltr'>ὲν</span> <span class='ocrx_word' id='word_1_407' title='bbox 865 4718 942 4787; x_wconf 80' lang='grc' dir='ltr'><strong>τῷ</strong></span> <span class='ocrx_word' id='word_1_408' title='bbox 968 4721 1138 4793; x_wconf 82' lang='grc' dir='ltr'>δίφρῳ</span> <span class='ocrx_word' id='word_1_409' title='bbox 1170 4728 1359 4794; x_wconf 82' lang='grc' dir='ltr'><strong>μικρός</strong></span> <span class='ocrx_word' id='word_1_410' title='bbox 1384 4746 1397 4758; x_wconf 86' lang='grc'><strong>·</strong></span> <span class='ocrx_word' id='word_1_411' title='bbox 1427 4732 1518 4783; x_wconf 79' lang='grc' dir='ltr'><strong>καὶ</strong></span> <span class='ocrx_word' id='word_1_412' title='bbox 1559 4735 1656 4803; x_wconf 78' lang='grc' dir='ltr'><strong>τῆς</strong></span> <span class='ocrx_word' id='word_1_413' title='bbox 1699 4738 1810 4789; x_wconf 83' lang='lat' dir='ltr'><strong>&#39;Av-</strong></span> 
     </span>
    </p>
   </div>
   <div class='ocr_carea' id='block_1_51' title="bbox 249 4797 1806 4891">
    <p class='ocr_par' dir='ltr' id='par_1_51' title="bbox 249 4797 1806 4891">
     <span class='ocr_line' id='line_1_51' title="bbox 249 4797 1806 4891; baseline 0.021 -42"><span class='ocrx_word' id='word_1_414' title='bbox 249 4797 517 4868; x_wconf 87' lang='grc' dir='ltr'><strong>δρομέδας</strong></span> <span class='ocrx_word' id='word_1_415' title='bbox 550 4806 578 4855; x_wconf 90' lang='lat'><strong>6</strong></span> <span class='ocrx_word' id='word_1_416' title='bbox 623 4805 953 4878; x_wconf 86' lang='grc' dir='ltr'><strong>βορειότατος</strong></span> <span class='ocrx_word' id='word_1_417' title='bbox 982 4813 1087 4865; x_wconf 84' lang='grc' dir='ltr'>τῶν</span> <span class='ocrx_word' id='word_1_418' title='bbox 1123 4817 1180 4868; x_wconf 85' lang='grc' dir='ltr'>ἐν</span> <span class='ocrx_word' id='word_1_419' title='bbox 1219 4818 1295 4886; x_wconf 82' lang='grc' dir='ltr'><strong>τῷ</strong></span> <span class='ocrx_word' id='word_1_420' title='bbox 1330 4821 1510 4891; x_wconf 80' lang='grc' dir='ltr'><strong>στήθει</strong></span> <span class='ocrx_word' id='word_1_421' title='bbox 1533 4842 1546 4854; x_wconf 69' lang='grc' dir='ltr'><em>υ</em></span> <span class='ocrx_word' id='word_1_422' title='bbox 1583 4797 1676 4879; x_wconf 69' lang='grc' dir='ltr'><strong>καὶ</strong></span> <span class='ocrx_word' id='word_1_423' title='bbox 1714 4830 1806 4881; x_wconf 81' lang='grc' dir='ltr'><strong>τοῦ</strong></span> 
     </span>
    </p>
   </div>
   <div class='ocr_carea' id='block_1_52' title="bbox 247 4890 1805 4982">
    <p class='ocr_par' dir='ltr' id='par_1_52' title="bbox 247 4890 1805 4982">
     <span class='ocr_line' id='line_1_52' title="bbox 247 4890 1805 4982; baseline 0.021 -43"><span class='ocrx_word' id='word_1_424' title='bbox 247 4890 470 4960; x_wconf 78' lang='grc' dir='ltr'><strong>Κήτους</strong></span> <span class='ocrx_word' id='word_1_425' title='bbox 493 4894 522 4944; x_wconf 90' lang='lat'><strong>6</strong></span> <span class='ocrx_word' id='word_1_426' title='bbox 545 4895 855 4969; x_wconf 71' lang='grc' dir='ltr'><strong>νπιὼτερος</strong></span> <span class='ocrx_word' id='word_1_427' title='bbox 886 4901 992 4955; x_wconf 84' lang='grc' dir='ltr'>τῶν</span> <span class='ocrx_word' id='word_1_428' title='bbox 1023 4905 1078 4955; x_wconf 77' lang='grc' dir='ltr'>ἐν</span> <span class='ocrx_word' id='word_1_429' title='bbox 1108 4910 1170 4977; x_wconf 78' lang='grc' dir='ltr'><strong>τῇ</strong></span> <span class='ocrx_word' id='word_1_430' title='bbox 1199 4909 1350 4980; x_wconf 78' lang='grc' dir='ltr'><strong>οὐρᾷ,</strong></span> <span class='ocrx_word' id='word_1_431' title='bbox 1380 4890 1569 4982; x_wconf 76' lang='grc' dir='ltr'><strong>μικρὸν</strong></span> <span class='ocrx_word' id='word_1_432' title='bbox 1593 4917 1805 4971; x_wconf 76' lang='grc' dir='ltr'><strong>ὑπολειο</strong></span> 
     </span>
    </p>
   </div>
   <div class='ocr_carea' id='block_1_53' title="bbox 247 4982 1804 5076">
    <p class='ocr_par' dir='ltr' id='par_1_53' title="bbox 247 4982 1804 5076">
     <span class='ocr_line' id='line_1_53' title="bbox 247 4982 1804 5076; baseline 0.019 -44"><span class='ocrx_word' id='word_1_433' title='bbox 247 4982 488 5050; x_wconf 84' lang='grc' dir='ltr'><strong>πόμενος</strong></span> <span class='ocrx_word' id='word_1_434' title='bbox 527 4985 621 5037; x_wconf 80' lang='grc' dir='ltr'><strong>τοῦ</strong></span> <span class='ocrx_word' id='word_1_435' title='bbox 664 4992 1050 5062; x_wconf 80' lang='grc' dir='ltr'><strong>μεσημϐρινοῦ.</strong></span> <span class='ocrx_word' id='word_1_436' title='bbox 1081 4997 1232 5051; x_wconf 85' lang='grc' dir='ltr'>Δύνει</span> <span class='ocrx_word' id='word_1_437' title='bbox 1266 5000 1320 5053; x_wconf 87' lang='grc' dir='ltr'><strong>δὲ</strong></span> <span class='ocrx_word' id='word_1_438' title='bbox 1366 5004 1393 5054; x_wconf 94' lang='lat'><strong>6</strong></span> <span class='ocrx_word' id='word_1_439' title='bbox 1439 5005 1712 5076; x_wconf 81' lang='grc' dir='ltr'><strong>Ὀφιοῦχος</strong></span> <span class='ocrx_word' id='word_1_440' title='bbox 1748 5012 1804 5062; x_wconf 84' lang='grc' dir='ltr'>ὲν</span> 
     </span>
    </p>
   </div>
   <div class='ocr_carea' id='block_1_54' title="bbox 244 5070 1099 5146">
    <p class='ocr_par' dir='ltr' id='par_1_54' title="bbox 244 5070 1099 5146">
     <span class='ocr_line' id='line_1_54' title="bbox 244 5070 1099 5146; baseline 0.023 -25"><span class='ocrx_word' id='word_1_441' title='bbox 244 5070 421 5142; x_wconf 82' lang='grc' dir='ltr'><strong>ὥραις</strong></span> <span class='ocrx_word' id='word_1_442' title='bbox 450 5083 496 5142; x_wconf 86' lang='grc' dir='ltr'><strong>γ’</strong></span> <span class='ocrx_word' id='word_1_443' title='bbox 526 5075 600 5140; x_wconf 86' lang='grc' dir='ltr'><strong>ὡς</strong></span> <span class='ocrx_word' id='word_1_444' title='bbox 630 5076 872 5146; x_wconf 81' lang='grc' dir='ltr'><strong>ἔγγιστα.</strong></span> <span class='ocrx_word' id='word_1_445' title='bbox 1097 5088 1099 5090; x_wconf 61' lang='grc'><em>’</em></span> 
     </span>
    </p>
   </div>
   <div class='ocr_carea' id='block_1_55' title="bbox 326 5164 1800 5258">
    <p class='ocr_par' dir='ltr' id='par_1_55' title="bbox 326 5164 1800 5258">
     <span class='ocr_line' id='line_1_55' title="bbox 326 5164 1800 5258; baseline 0.019 -45"><span class='ocrx_word' id='word_1_446' title='bbox 326 5164 440 5214; x_wconf 76' lang='lat' dir='ltr'><strong>&#39;O&#39;c‘</strong></span> <span class='ocrx_word' id='word_1_447' title='bbox 482 5165 547 5218; x_wconf 83' lang='grc' dir='ltr'>ἂν</span> <span class='ocrx_word' id='word_1_448' title='bbox 591 5167 647 5219; x_wconf 83' lang='grc' dir='ltr'><strong>δὲ</strong></span> <span class='ocrx_word' id='word_1_449' title='bbox 687 5171 717 5222; x_wconf 94' lang='lat'><strong>6</strong></span> <span class='ocrx_word' id='word_1_450' title='bbox 757 5172 914 5239; x_wconf 83' lang='grc' dir='ltr'><strong>Ὄφις</strong></span> <span class='ocrx_word' id='word_1_451' title='bbox 953 5174 1128 5238; x_wconf 87' lang='grc' dir='ltr'>δύνει,</span> <span class='ocrx_word' id='word_1_452' title='bbox 1179 5177 1236 5230; x_wconf 87' lang='grc' dir='ltr'><strong>ὃν</strong></span> <span class='ocrx_word' id='word_1_453' title='bbox 1284 5179 1393 5251; x_wconf 81' lang='grc' dir='ltr'><strong>ἔχει</strong></span> <span class='ocrx_word' id='word_1_454' title='bbox 1427 5185 1454 5236; x_wconf 91' lang='lat'><strong>6</strong></span> <span class='ocrx_word' id='word_1_455' title='bbox 1502 5185 1800 5258; x_wconf 78' lang='grc' dir='ltr'><strong>Ὀφιοῦχος,</strong></span> 
     </span>
    </p>
   </div>
   <div class='ocr_carea' id='block_1_56' title="bbox 245 5256 1800 5345">
    <p class='ocr_par' dir='ltr' id='par_1_56' title="bbox 245 5256 1800 5345">
     <span class='ocr_line' id='line_1_56' title="bbox 245 5256 1800 5345; baseline 0.02 -43"><span class='ocrx_word' id='word_1_456' title='bbox 245 5256 641 5319; x_wconf 78' lang='grc' dir='ltr'><strong>συγκαταδύνει</strong></span> <span class='ocrx_word' id='word_1_457' title='bbox 671 5260 769 5329; x_wconf 87' lang='grc' dir='ltr'><strong>μὲν</strong></span> <span class='ocrx_word' id='word_1_458' title='bbox 795 5264 938 5332; x_wconf 86' lang='grc' dir='ltr'><strong>αὐτῷ</strong></span> <span class='ocrx_word' id='word_1_459' title='bbox 977 5267 1004 5317; x_wconf 92' lang='lat'><strong>6</strong></span> <span class='ocrx_word' id='word_1_460' title='bbox 1029 5266 1286 5332; x_wconf 79' lang='grc' dir='ltr'><strong>ζωδιακὸς</strong></span> <span class='ocrx_word' id='word_1_461' title='bbox 1317 5274 1422 5326; x_wconf 83' lang='grc' dir='ltr'><strong>ἀπὸ</strong></span> <span class='ocrx_word' id='word_1_462' title='bbox 1452 5277 1716 5345; x_wconf 85' lang='grc' dir='ltr'><strong>Σκορπίου</strong></span> <span class='ocrx_word' id='word_1_463' title='bbox 1748 5300 1800 5344; x_wconf 70' lang='grc' dir='ltr'><strong>ς’</strong></span> 
     </span>
    </p>
   </div>
   <div class='ocr_carea' id='block_1_57' title="bbox 240 5342 1802 5439">
    <p class='ocr_par' dir='ltr' id='par_1_57' title="bbox 240 5342 1802 5439">
     <span class='ocr_line' id='line_1_57' title="bbox 240 5342 1802 5439; baseline 0.02 -48"><span class='ocrx_word' id='word_1_464' title='bbox 240 5342 344 5393; x_wconf 77' lang='grc' dir='ltr'><strong>καὶ</strong></span> <span class='ocrx_word' id='word_1_465' title='bbox 370 5348 416 5393; x_wconf 88' lang='grc' dir='ltr'><strong>κ’</strong></span> <span class='ocrx_word' id='word_1_466' title='bbox 460 5345 630 5416; x_wconf 83' lang='grc' dir='ltr'><strong>μέσης</strong></span> <span class='ocrx_word' id='word_1_467' title='bbox 657 5351 762 5418; x_wconf 79' lang='grc' dir='ltr'><strong>μοί.</strong></span> <span class='ocrx_word' id='word_1_468' title='bbox 794 5351 896 5429; x_wconf 78' lang='grc' dir='ltr'><strong>ἕως</strong></span> <span class='ocrx_word' id='word_1_469' title='bbox 923 5355 1196 5426; x_wconf 79' lang='grc' dir='ltr'><strong>Λίγόκερω</strong></span> <span class='ocrx_word' id='word_1_470' title='bbox 1228 5364 1334 5428; x_wconf 78' lang='grc' dir='ltr'><strong>μοί.</strong></span> <span class='ocrx_word' id='word_1_471' title='bbox 1374 5364 1418 5415; x_wconf 88' lang='lat'><strong>0&#39;</strong></span> <span class='ocrx_word' id='word_1_472' title='bbox 1438 5383 1450 5394; x_wconf 88' lang='grc'><strong>·</strong></span> <span class='ocrx_word' id='word_1_473' title='bbox 1485 5342 1802 5439; x_wconf 72' lang='grc' dir='ltr'><strong>μεσουρανεῖ</strong></span> 
     </span>
    </p>
   </div>
   <div class='ocr_carea' id='block_1_58' title="bbox 239 5432 1800 5527">
    <p class='ocr_par' dir='ltr' id='par_1_58' title="bbox 239 5432 1800 5527">
     <span class='ocr_line' id='line_1_58' title="bbox 239 5432 1800 5527; baseline 0.02 -44"><span class='ocrx_word' id='word_1_474' title='bbox 239 5432 304 5484; x_wconf 81' lang='grc' dir='ltr'><strong>δὲ</strong></span> <span class='ocrx_word' id='word_1_475' title='bbox 327 5435 434 5487; x_wconf 82' lang='grc' dir='ltr'><strong>ἀπὸ</strong></span> <span class='ocrx_word' id='word_1_476' title='bbox 466 5435 745 5507; x_wconf 78' lang='grc' dir='ltr'><strong>’Υδροχόου</strong></span> <span class='ocrx_word' id='word_1_477' title='bbox 787 5445 894 5512; x_wconf 75' lang='grc' dir='ltr'><strong>μοί,</strong></span> <span class='ocrx_word' id='word_1_478' title='bbox 923 5452 969 5514; x_wconf 79' lang='grc' dir='ltr'><strong>η’</strong></span> <span class='ocrx_word' id='word_1_479' title='bbox 1001 5447 1102 5509; x_wconf 68' lang='grc' dir='ltr'><strong>ἕως</strong></span> <span class='ocrx_word' id='word_1_480' title='bbox 1137 5449 1350 5519; x_wconf 82' lang='grc' dir='ltr'><strong>Ἰχθύων</strong></span> <span class='ocrx_word' id='word_1_481' title='bbox 1384 5463 1430 5505; x_wconf 88' lang='grc' dir='ltr'><strong>κ’</strong></span> <span class='ocrx_word' id='word_1_482' title='bbox 1465 5432 1664 5527; x_wconf 40' lang='grc' dir='ltr'><strong>μέσης..</strong></span> <span class='ocrx_word' id='word_1_483' title='bbox 1693 5463 1800 5514; x_wconf 77' lang='grc' dir='ltr'><strong>Καὶ</strong></span> 
     </span>
    </p>
   </div>
   <div class='ocr_carea' id='block_1_59' title="bbox 240 5523 1798 5614">
    <p class='ocr_par' dir='ltr' id='par_1_59' title="bbox 240 5523 1798 5614">
     <span class='ocr_line' id='line_1_59' title="bbox 240 5523 1798 5614; baseline 0.02 -42"><span class='ocrx_word' id='word_1_484' title='bbox 240 5523 453 5590; x_wconf 80' lang='grc' dir='ltr'><strong>πρῶτοι</strong></span> <span class='ocrx_word' id='word_1_485' title='bbox 490 5543 588 5593; x_wconf 87' lang='grc' dir='ltr'><strong>μεν</strong></span> <span class='ocrx_word' id='word_1_486' title='bbox 617 5530 842 5600; x_wconf 83' lang='grc' dir='ltr'><strong>ἀστέρες</strong></span> <span class='ocrx_word' id='word_1_487' title='bbox 871 5533 1110 5587; x_wconf 87' lang='grc' dir='ltr'><strong>δύνουσιν</strong></span> <span class='ocrx_word' id='word_1_488' title='bbox 1146 5540 1194 5588; x_wconf 88' lang='grc' dir='ltr'><strong>οἱ</strong></span> <span class='ocrx_word' id='word_1_489' title='bbox 1237 5540 1292 5590; x_wconf 81' lang='grc' dir='ltr'><strong>ἐν</strong></span> <span class='ocrx_word' id='word_1_490' title='bbox 1320 5541 1396 5610; x_wconf 78' lang='grc' dir='ltr'><strong>τῷ</strong></span> <span class='ocrx_word' id='word_1_491' title='bbox 1428 5545 1655 5614; x_wconf 80' lang='grc' dir='ltr'><strong>σώματι,</strong></span> <span class='ocrx_word' id='word_1_492' title='bbox 1688 5567 1798 5602; x_wconf 79' lang='grc' dir='ltr'><strong>κοι-</strong></span> 
     </span>
    </p>
   </div>
   <div class='ocr_carea' id='block_1_60' title="bbox 240 5612 1792 5706">
    <p class='ocr_par' dir='ltr' id='par_1_60' title="bbox 240 5612 1792 5706">
     <span class='ocr_line' id='line_1_60' title="bbox 240 5612 1792 5706; baseline 0.02 -46"><span class='ocrx_word' id='word_1_493' title='bbox 240 5612 326 5663; x_wconf 70' lang='grc' dir='ltr'><strong>νοὶ</strong></span> <span class='ocrx_word' id='word_1_494' title='bbox 367 5612 518 5677; x_wconf 73' lang='grc' dir='ltr'>ὄντες</span> <span class='ocrx_word' id='word_1_495' title='bbox 554 5617 646 5668; x_wconf 73' lang='grc' dir='ltr'><strong>καὶ</strong></span> <span class='ocrx_word' id='word_1_496' title='bbox 689 5619 787 5688; x_wconf 79' lang='grc' dir='ltr'><strong>τῆς</strong></span> <span class='ocrx_word' id='word_1_497' title='bbox 825 5624 1112 5694; x_wconf 74' lang='grc' dir='ltr'><strong>ἀριστερᾶς</strong></span> <span class='ocrx_word' id='word_1_498' title='bbox 1152 5631 1329 5698; x_wconf 79' lang='grc' dir='ltr'><strong>χειρὸς</strong></span> <span class='ocrx_word' id='word_1_499' title='bbox 1367 5632 1457 5684; x_wconf 83' lang='grc' dir='ltr'><strong>τοῦ</strong></span> <span class='ocrx_word' id='word_1_500' title='bbox 1497 5612 1792 5706; x_wconf 69' lang='grc' dir='ltr'><strong>Ὀῳιούχου,</strong></span> 
     </span>
    </p>
   </div>
   <div class='ocr_carea' id='block_1_61' title="bbox 239 5702 1793 5794">
    <p class='ocr_par' dir='ltr' id='par_1_61' title="bbox 239 5702 1793 5794">
     <span class='ocr_line' id='line_1_61' title="bbox 239 5702 1793 5794; baseline 0.019 -41"><span class='ocrx_word' id='word_1_501' title='bbox 239 5702 468 5772; x_wconf 78' lang='grc' dir='ltr'><strong>ἔσχατος</strong></span> <span class='ocrx_word' id='word_1_502' title='bbox 500 5708 557 5759; x_wconf 78' lang='grc' dir='ltr'>δὲ</span> <span class='ocrx_word' id='word_1_503' title='bbox 597 5711 626 5759; x_wconf 91' lang='lat'><strong>6</strong></span> <span class='ocrx_word' id='word_1_504' title='bbox 668 5712 724 5761; x_wconf 83' lang='grc' dir='ltr'><strong>ἐν</strong></span> <span class='ocrx_word' id='word_1_505' title='bbox 763 5711 904 5784; x_wconf 79' lang='grc' dir='ltr'><strong>ἄκρᾳ</strong></span> <span class='ocrx_word' id='word_1_506' title='bbox 937 5720 1000 5786; x_wconf 84' lang='grc' dir='ltr'><strong>τῇ</strong></span> <span class='ocrx_word' id='word_1_507' title='bbox 1034 5719 1186 5788; x_wconf 78' lang='grc' dir='ltr'><strong>οὐρᾷ.</strong></span> <span class='ocrx_word' id='word_1_508' title='bbox 1221 5723 1554 5794; x_wconf 81' lang='grc' dir='ltr'><strong>Μεσουρανεῖ</strong></span> <span class='ocrx_word' id='word_1_509' title='bbox 1595 5729 1650 5780; x_wconf 77' lang='grc' dir='ltr'><strong>δὲ</strong></span> <span class='ocrx_word' id='word_1_510' title='bbox 1687 5732 1793 5783; x_wconf 79' lang='grc' dir='ltr'>τῶν</span> 
     </span>
    </p>
   </div>
   <div class='ocr_carea' id='block_1_62' title="bbox 236 5791 1790 5893">
    <p class='ocr_par' dir='ltr' id='par_1_62' title="bbox 236 5791 1790 5893">
     <span class='ocr_line' id='line_1_62' title="bbox 236 5791 1790 5893; baseline 0.019 -47"><span class='ocrx_word' id='word_1_511' title='bbox 236 5791 411 5846; x_wconf 72' lang='grc' dir='ltr'><strong>ἄλλων</strong></span> <span class='ocrx_word' id='word_1_512' title='bbox 441 5796 682 5870; x_wconf 84' lang='grc' dir='ltr'><strong>ἀστέρων</strong></span> <span class='ocrx_word' id='word_1_513' title='bbox 711 5807 755 5852; x_wconf 84' lang='grc' dir='ltr'><strong>α’</strong></span> <span class='ocrx_word' id='word_1_514' title='bbox 790 5803 884 5871; x_wconf 81' lang='grc' dir='ltr'><strong>μὲν</strong></span> <span class='ocrx_word' id='word_1_515' title='bbox 913 5806 941 5854; x_wconf 80' lang='grc' dir='ltr'>ὁ</span> <span class='ocrx_word' id='word_1_516' title='bbox 982 5807 1039 5859; x_wconf 84' lang='grc' dir='ltr'>ὲν</span> <span class='ocrx_word' id='word_1_517' title='bbox 1091 5809 1156 5878; x_wconf 66' lang='grc' dir='ltr'><strong>τῷ</strong></span> <span class='ocrx_word' id='word_1_518' title='bbox 1194 5811 1349 5882; x_wconf 80' lang='grc' dir='ltr'>δεξιῴ</span> <span class='ocrx_word' id='word_1_519' title='bbox 1395 5816 1511 5868; x_wconf 74' lang='grc' dir='ltr'><strong>ποδὶ</strong></span> <span class='ocrx_word' id='word_1_520' title='bbox 1555 5820 1644 5871; x_wconf 74' lang='grc' dir='ltr'><strong>τοῦ</strong></span> <span class='ocrx_word' id='word_1_521' title='bbox 1678 5822 1790 5893; x_wconf 75' lang='grc' dir='ltr'><strong>Κη-</strong></span> 
     </span>
    </p>
   </div>
   <div class='ocr_carea' id='block_1_63' title="bbox 1950 632 3498 704">
    <p class='ocr_par' dir='ltr' id='par_1_63' title="bbox 1950 632 3498 704">
     <span class='ocr_line' id='line_1_63' title="bbox 1950 632 3498 704; baseline 0.008 -21"><span class='ocrx_word' id='word_1_522' title='bbox 1950 632 2101 698; x_wconf 89' lang='lat' dir='ltr'><strong>tima,</strong></span> <span class='ocrx_word' id='word_1_523' title='bbox 2130 650 2250 704; x_wconf 68' lang='lat' dir='ltr'><strong>quae</strong></span> <span class='ocrx_word' id='word_1_524' title='bbox 2280 643 2364 690; x_wconf 89' lang='lat' dir='ltr'><strong>est</strong></span> <span class='ocrx_word' id='word_1_525' title='bbox 2395 637 2629 692; x_wconf 77' lang='lat' dir='ltr'><strong>maxime</strong></span> <span class='ocrx_word' id='word_1_526' title='bbox 2671 639 2904 697; x_wconf 83' lang='lat' dir='ltr'><strong>borealis</strong></span> <span class='ocrx_word' id='word_1_527' title='bbox 2932 640 2988 694; x_wconf 90' lang='lat' dir='ltr'><strong>in</strong></span> <span class='ocrx_word' id='word_1_528' title='bbox 3034 641 3330 698; x_wconf 79' lang='lat' dir='ltr'><strong>collorobo.</strong></span> <span class='ocrx_word' id='word_1_529' title='bbox 3364 642 3498 697; x_wconf 79' lang='lat' dir='ltr'><strong>Cul~</strong></span> 
     </span>
    </p>
   </div>
   <div class='ocr_carea' id='block_1_64' title="bbox 1952 723 3495 802">
    <p class='ocr_par' dir='ltr' id='par_1_64' title="bbox 1952 723 3495 802">
     <span class='ocr_line' id='line_1_64' title="bbox 1952 723 3495 802; baseline 0.008 -29"><span class='ocrx_word' id='word_1_530' title='bbox 1952 723 2133 777; x_wconf 84' lang='lat' dir='ltr'><strong>minat.</strong></span> <span class='ocrx_word' id='word_1_531' title='bbox 2167 740 2235 779; x_wconf 77' lang='lat' dir='ltr'><strong>ex</strong></span> <span class='ocrx_word' id='word_1_532' title='bbox 2277 727 2400 782; x_wconf 90' lang='lat' dir='ltr'><strong>aliis</strong></span> <span class='ocrx_word' id='word_1_533' title='bbox 2451 727 2817 786; x_wconf 86' lang='lat' dir='ltr'><strong>inerrantihus</strong></span> <span class='ocrx_word' id='word_1_534' title='bbox 2858 731 3030 800; x_wconf 89' lang='lat' dir='ltr'><strong>prima</strong></span> <span class='ocrx_word' id='word_1_535' title='bbox 3061 731 3280 802; x_wconf 88' lang='lat' dir='ltr'><strong>quidem</strong></span> <span class='ocrx_word' id='word_1_536' title='bbox 3311 731 3495 787; x_wconf 89' lang='lat' dir='ltr'><strong>lucida</strong></span> 
     </span>
    </p>
   </div>
   <div class='ocr_carea' id='block_1_65' title="bbox 1947 810 3496 890">
    <p class='ocr_par' dir='ltr' id='par_1_65' title="bbox 1947 810 3496 890">
     <span class='ocr_line' id='line_1_65' title="bbox 1947 810 3496 890; baseline 0.006 -26"><span class='ocrx_word' id='word_1_537' title='bbox 1947 810 2137 882; x_wconf 82' lang='lat' dir='ltr'><strong>Cygni,</strong></span> <span class='ocrx_word' id='word_1_538' title='bbox 2164 830 2284 884; x_wconf 62' lang='lat' dir='ltr'><strong>quae</strong></span> <span class='ocrx_word' id='word_1_539' title='bbox 2312 815 2471 870; x_wconf 89' lang='lat' dir='ltr'><strong>estin</strong></span> <span class='ocrx_word' id='word_1_540' title='bbox 2505 817 2712 884; x_wconf 85' lang='lat' dir='ltr'><strong>cauda;</strong></span> <span class='ocrx_word' id='word_1_541' title='bbox 2743 827 2798 874; x_wconf 87' lang='lat' dir='ltr'><strong>et</strong></span> <span class='ocrx_word' id='word_1_542' title='bbox 2821 820 2876 873; x_wconf 92' lang='lat' dir='ltr'><strong>in</strong></span> <span class='ocrx_word' id='word_1_543' title='bbox 2902 819 3246 890; x_wconf 82' lang='lat' dir='ltr'><strong>Capricorno</strong></span> <span class='ocrx_word' id='word_1_544' title='bbox 3279 831 3496 876; x_wconf 88' lang='lat' dir='ltr'><strong>antece-</strong></span> 
     </span>
    </p>
   </div>
   <div class='ocr_carea' id='block_1_66' title="bbox 1947 903 3494 980">
    <p class='ocr_par' dir='ltr' id='par_1_66' title="bbox 1947 903 3494 980">
     <span class='ocr_line' id='line_1_66' title="bbox 1947 903 3494 980; baseline 0.004 -24"><span class='ocrx_word' id='word_1_545' title='bbox 1947 903 2286 965; x_wconf 81' lang='lat' dir='ltr'><strong>densearum</strong></span> <span class='ocrx_word' id='word_1_546' title='bbox 2314 922 2433 975; x_wconf 65' lang='lat' dir='ltr'><strong>qua&quot;:</strong></span> <span class='ocrx_word' id='word_1_547' title='bbox 2460 909 2529 963; x_wconf 86' lang='lat' dir='ltr'><strong>ab</strong></span> <span class='ocrx_word' id='word_1_548' title='bbox 2550 917 2736 963; x_wconf 92' lang='lat' dir='ltr'><strong>austro</strong></span> <span class='ocrx_word' id='word_1_549' title='bbox 2772 910 3023 979; x_wconf 87' lang='lat' dir='ltr'><strong>adjacent</strong></span> <span class='ocrx_word' id='word_1_550' title='bbox 3045 912 3112 966; x_wconf 90' lang='lat' dir='ltr'><strong>iis</strong></span> <span class='ocrx_word' id='word_1_551' title='bbox 3141 927 3260 980; x_wconf 62' lang='lat' dir='ltr'><strong>quae</strong></span> <span class='ocrx_word' id='word_1_552' title='bbox 3285 917 3415 966; x_wconf 86' lang='lat' dir='ltr'><strong>sunt</strong></span> <span class='ocrx_word' id='word_1_553' title='bbox 3439 910 3494 963; x_wconf 90' lang='lat' dir='ltr'><strong>in</strong></span> 
     </span>
    </p>
   </div>
   <div class='ocr_carea' id='block_1_67' title="bbox 1947 995 3490 1072">
    <p class='ocr_par' dir='ltr' id='par_1_67' title="bbox 1947 995 3490 1072">
     <span class='ocr_line' id='line_1_67' title="bbox 1947 995 3490 1072; baseline 0.005 -24"><span class='ocrx_word' id='word_1_554' title='bbox 1947 995 2148 1053; x_wconf 89' lang='lat' dir='ltr'><strong>cauda:</strong></span> <span class='ocrx_word' id='word_1_555' title='bbox 2191 1000 2378 1053; x_wconf 89' lang='lat' dir='ltr'><strong>ultima</strong></span> <span class='ocrx_word' id='word_1_556' title='bbox 2415 1014 2562 1065; x_wconf 83' lang='lat' dir='ltr'><strong>vero,</strong></span> <span class='ocrx_word' id='word_1_557' title='bbox 2603 1002 2755 1055; x_wconf 91' lang='lat' dir='ltr'><strong>stella</strong></span> <span class='ocrx_word' id='word_1_558' title='bbox 2789 1000 2993 1067; x_wconf 83' lang='lat' dir='ltr'><strong>Persei,</strong></span> <span class='ocrx_word' id='word_1_559' title='bbox 3029 1018 3149 1072; x_wconf 70' lang='lat' dir='ltr'><strong>quae</strong></span> <span class='ocrx_word' id='word_1_560' title='bbox 3195 1003 3250 1056; x_wconf 89' lang='lat' dir='ltr'><strong>in</strong></span> <span class='ocrx_word' id='word_1_561' title='bbox 3291 1001 3490 1072; x_wconf 87' lang='lat' dir='ltr'><strong>llarpe,</strong></span> 
     </span>
    </p>
   </div>
   <div class='ocr_carea' id='block_1_68' title="bbox 1948 1088 3492 1165">
    <p class='ocr_par' dir='ltr' id='par_1_68' title="bbox 1948 1088 3492 1165">
     <span class='ocr_line' id='line_1_68' title="bbox 1948 1088 3492 1165; baseline 0.005 -24"><span class='ocrx_word' id='word_1_562' title='bbox 1948 1088 2225 1153; x_wconf 86' lang='lat' dir='ltr'><strong>nebulosa,</strong></span> <span class='ocrx_word' id='word_1_563' title='bbox 2243 1099 2297 1160; x_wconf 69' lang='lat' dir='ltr'><strong>et</strong></span> <span class='ocrx_word' id='word_1_564' title='bbox 2324 1091 2525 1147; x_wconf 89' lang='lat' dir='ltr'><strong>Arietis</strong></span> <span class='ocrx_word' id='word_1_565' title='bbox 2551 1093 2847 1149; x_wconf 84' lang='lat' dir='ltr'><strong>succedens</strong></span> <span class='ocrx_word' id='word_1_566' title='bbox 2875 1096 3039 1148; x_wconf 86' lang='lat' dir='ltr'><strong>trium</strong></span> <span class='ocrx_word' id='word_1_567' title='bbox 3068 1096 3122 1149; x_wconf 88' lang='lat' dir='ltr'><strong>in</strong></span> <span class='ocrx_word' id='word_1_568' title='bbox 3145 1097 3350 1165; x_wconf 81' lang='lat' dir='ltr'><strong>capite:</strong></span> <span class='ocrx_word' id='word_1_569' title='bbox 3374 1101 3492 1148; x_wconf 88' lang='lat' dir='ltr'><strong>tum</strong></span> 
     </span>
    </p>
   </div>
   <div class='ocr_carea' id='block_1_69' title="bbox 1945 1177 3493 1254">
    <p class='ocr_par' dir='ltr' id='par_1_69' title="bbox 1945 1177 3493 1254">
     <span class='ocr_line' id='line_1_69' title="bbox 1945 1177 3493 1254; baseline 0.006 -23"><span class='ocrx_word' id='word_1_570' title='bbox 1945 1177 2128 1235; x_wconf 79' lang='lat' dir='ltr'><strong>Nodus</strong></span> <span class='ocrx_word' id='word_1_571' title='bbox 2154 1181 2406 1236; x_wconf 89' lang='lat' dir='ltr'><strong>linorum.</strong></span> <span class='ocrx_word' id='word_1_572' title='bbox 2432 1181 2640 1238; x_wconf 76' lang='lat' dir='ltr'><strong>Occidit</strong></span> <span class='ocrx_word' id='word_1_573' title='bbox 2675 1183 2870 1241; x_wconf 83' lang='lat' dir='ltr'><strong>Bootes</strong></span> <span class='ocrx_word' id='word_1_574' title='bbox 2901 1185 3050 1238; x_wconf 90' lang='lat' dir='ltr'><strong>horis</strong></span> <span class='ocrx_word' id='word_1_575' title='bbox 3081 1186 3493 1254; x_wconf 62' lang='lat' dir='ltr'><strong>mquabilibus‘</strong></span> 
     </span>
    </p>
   </div>
   <div class='ocr_carea' id='block_1_70' title="bbox 1944 1259 3482 1343">
    <p class='ocr_par' dir='ltr' id='par_1_70' title="bbox 1944 1259 3482 1343">
     <span class='ocr_line' id='line_1_70' title="bbox 1944 1259 3482 1343; baseline 0.012 -21"><span class='ocrx_word' id='word_1_576' title='bbox 1944 1277 1998 1323; x_wconf 89' lang='lat' dir='ltr'><strong>et</strong></span> <span class='ocrx_word' id='word_1_577' title='bbox 2026 1271 2236 1329; x_wconf 86' lang='lat' dir='ltr'><strong>duabus</strong></span> <span class='ocrx_word' id='word_1_578' title='bbox 2267 1277 2530 1343; x_wconf 85' lang='lat' dir='ltr'><strong>partibus.</strong></span> <span class='ocrx_word' id='word_1_579' title='bbox 3451 1259 3482 1288; x_wconf 47' lang='grc' dir='ltr'><em>υ</em></span> 
     </span>
    </p>
   </div>
   <div class='ocr_carea' id='block_1_71' title="bbox 2011 1445 3489 1524">
    <p class='ocr_par' dir='ltr' id='par_1_71' title="bbox 2011 1445 3489 1524">
     <span class='ocr_line' id='line_1_71' title="bbox 2011 1445 3489 1524; baseline 0.003 -22"><span class='ocrx_word' id='word_1_580' title='bbox 2011 1445 2300 1506; x_wconf 74' lang='lat' dir='ltr'><strong>Occidente</strong></span> <span class='ocrx_word' id='word_1_581' title='bbox 2320 1450 2530 1517; x_wconf 88' lang='lat' dir='ltr'><strong>Corona</strong></span> <span class='ocrx_word' id='word_1_582' title='bbox 2553 1453 2712 1509; x_wconf 87' lang='lat' dir='ltr'><strong>simu!</strong></span> <span class='ocrx_word' id='word_1_583' title='bbox 2743 1454 2940 1510; x_wconf 84' lang='lat' dir='ltr'><strong>occidit</strong></span> <span class='ocrx_word' id='word_1_584' title='bbox 2965 1468 3218 1510; x_wconf 79' lang='lat' dir='ltr'><strong>zouiacus</strong></span> <span class='ocrx_word' id='word_1_585' title='bbox 3247 1468 3276 1507; x_wconf 86' lang='lat' dir='ltr'><strong>a</strong></span> <span class='ocrx_word' id='word_1_586' title='bbox 3307 1453 3489 1524; x_wconf 77' lang='lat' dir='ltr'><strong>Sagit-</strong></span> 
     </span>
    </p>
   </div>
   <div class='ocr_carea' id='block_1_72' title="bbox 1941 1541 3485 1614">
    <p class='ocr_par' dir='ltr' id='par_1_72' title="bbox 1941 1541 3485 1614">
     <span class='ocr_line' id='line_1_72' title="bbox 1941 1541 3485 1614; baseline 0.003 -20"><span class='ocrx_word' id='word_1_587' title='bbox 1941 1541 2065 1594; x_wconf 86' lang='lat' dir='ltr'><strong>tarii</strong></span> <span class='ocrx_word' id='word_1_588' title='bbox 2095 1551 2246 1609; x_wconf 88' lang='lat' dir='ltr'><strong>parte</strong></span> <span class='ocrx_word' id='word_1_589' title='bbox 2269 1543 2340 1598; x_wconf 73' lang='lat'><strong>25</strong></span> <span class='ocrx_word' id='word_1_590' title='bbox 2365 1545 2429 1598; x_wconf 89' lang='lat' dir='ltr'><strong>ad</strong></span> <span class='ocrx_word' id='word_1_591' title='bbox 2446 1544 2812 1614; x_wconf 59' lang='lat' dir='ltr'><strong>Capricornib</strong></span> <span class='ocrx_word' id='word_1_592' title='bbox 2840 1545 3104 1611; x_wconf 87' lang='lat' dir='ltr'><strong>mediam;</strong></span> <span class='ocrx_word' id='word_1_593' title='bbox 3128 1546 3390 1600; x_wconf 84' lang='lat' dir='ltr'><strong>culminat</strong></span> <span class='ocrx_word' id='word_1_594' title='bbox 3417 1545 3485 1599; x_wconf 85' lang='lat' dir='ltr'><strong>ah</strong></span> 
     </span>
    </p>
   </div>
   <div class='ocr_carea' id='block_1_73' title="bbox 1942 1629 3480 1707">
    <p class='ocr_par' dir='ltr' id='par_1_73' title="bbox 1942 1629 3480 1707">
     <span class='ocr_line' id='line_1_73' title="bbox 1942 1629 3480 1707; baseline 0.003 -21"><span class='ocrx_word' id='word_1_595' title='bbox 1942 1633 2098 1687; x_wconf 88' lang='lat' dir='ltr'><strong>initio</strong></span> <span class='ocrx_word' id='word_1_596' title='bbox 2124 1633 2402 1698; x_wconf 83' lang='lat' dir='ltr'><strong>‘Piscium,</strong></span> <span class='ocrx_word' id='word_1_597' title='bbox 2431 1637 2497 1690; x_wconf 92' lang='lat' dir='ltr'><strong>ad</strong></span> <span class='ocrx_word' id='word_1_598' title='bbox 2527 1639 2842 1694; x_wconf 77' lang='lat' dir='ltr'><strong>earumdem</strong></span> <span class='ocrx_word' id='word_1_599' title='bbox 2880 1639 2946 1692; x_wconf 73' lang='lat' dir='ltr'><strong>M</strong></span> <span class='ocrx_word' id='word_1_600' title='bbox 2994 1639 3224 1693; x_wconf 86' lang='lat' dir='ltr'><strong>mediam</strong></span> <span class='ocrx_word' id='word_1_601' title='bbox 3251 1629 3480 1707; x_wconf 85' lang='lat' dir='ltr'><strong>partem.</strong></span> 
     </span>
    </p>
   </div>
   <div class='ocr_carea' id='block_1_74' title="bbox 1940 1719 3485 1798">
    <p class='ocr_par' dir='ltr' id='par_1_74' title="bbox 1940 1719 3485 1798">
     <span class='ocr_line' id='line_1_74' title="bbox 1940 1719 3485 1798; baseline 0.005 -23"><span class='ocrx_word' id='word_1_602' title='bbox 1940 1719 2119 1776; x_wconf 72' lang='lat' dir='ltr'><strong>Prima</strong></span> <span class='ocrx_word' id='word_1_603' title='bbox 2149 1725 2345 1778; x_wconf 83' lang='lat' dir='ltr'><strong>occidit</strong></span> <span class='ocrx_word' id='word_1_604' title='bbox 2380 1725 2814 1794; x_wconf 84' lang='lat' dir='ltr'><strong>splendidissima</strong></span> <span class='ocrx_word' id='word_1_605' title='bbox 2851 1727 3093 1790; x_wconf 70' lang='lat' dir='ltr'><strong>Coronaa,</strong></span> <span class='ocrx_word' id='word_1_606' title='bbox 3138 1729 3326 1782; x_wconf 86' lang='lat' dir='ltr'><strong>ultima</strong></span> <span class='ocrx_word' id='word_1_607' title='bbox 3364 1742 3485 1798; x_wconf 64' lang='lat' dir='ltr'><strong>quae</strong></span> 
     </span>
    </p>
   </div>
   <div class='ocr_carea' id='block_1_75' title="bbox 1940 1816 3486 1887">
    <p class='ocr_par' dir='ltr' id='par_1_75' title="bbox 1940 1816 3486 1887">
     <span class='ocr_line' id='line_1_75' title="bbox 1940 1816 3486 1887; baseline 0.003 -19"><span class='ocrx_word' id='word_1_608' title='bbox 1940 1823 2024 1868; x_wconf 85' lang='lat' dir='ltr'><strong>est</strong></span> <span class='ocrx_word' id='word_1_609' title='bbox 2049 1816 2420 1879; x_wconf 82' lang='lat' dir='ltr'><strong>o&#39;bscurior,et</strong></span> <span class='ocrx_word' id='word_1_610' title='bbox 2448 1829 2717 1887; x_wconf 86' lang='lat' dir='ltr'><strong>postrema</strong></span> <span class='ocrx_word' id='word_1_611' title='bbox 2747 1819 3089 1876; x_wconf 87' lang='lat' dir='ltr'><strong>succedentis</strong></span> <span class='ocrx_word' id='word_1_612' title='bbox 3111 1821 3321 1876; x_wconf 87' lang='lat' dir='ltr'><strong>circuli.</strong></span> <span class='ocrx_word' id='word_1_613' title='bbox 3356 1820 3486 1875; x_wconf 89' lang='lat' dir='ltr'><strong>Cul-</strong></span> 
     </span>
    </p>
   </div>
   <div class='ocr_carea' id='block_1_76' title="bbox 1942 1904 3484 1978">
    <p class='ocr_par' dir='ltr' id='par_1_76' title="bbox 1942 1904 3484 1978">
     <span class='ocr_line' id='line_1_76' title="bbox 1942 1904 3484 1978; baseline 0.007 -22"><span class='ocrx_word' id='word_1_614' title='bbox 1942 1904 2112 1958; x_wconf 86' lang='lat' dir='ltr'><strong>minat</strong></span> <span class='ocrx_word' id='word_1_615' title='bbox 2155 1921 2219 1960; x_wconf 77' lang='lat' dir='ltr'><strong>ex</strong></span> <span class='ocrx_word' id='word_1_616' title='bbox 2270 1907 2391 1962; x_wconf 88' lang='lat' dir='ltr'><strong>aliis</strong></span> <span class='ocrx_word' id='word_1_617' title='bbox 2425 1909 2595 1963; x_wconf 81' lang='lat' dir='ltr'><strong>stellis</strong></span> <span class='ocrx_word' id='word_1_618' title='bbox 2627 1909 2778 1978; x_wconf 86' lang='lat' dir='ltr'><strong>prior</strong></span> <span class='ocrx_word' id='word_1_619' title='bbox 2810 1909 2985 1964; x_wconf 85' lang='lat' dir='ltr'><strong>lucida</strong></span> <span class='ocrx_word' id='word_1_620' title='bbox 3037 1911 3091 1964; x_wconf 92' lang='lat' dir='ltr'><strong>in</strong></span> <span class='ocrx_word' id='word_1_621' title='bbox 3142 1913 3484 1968; x_wconf 77' lang='lat' dir='ltr'><strong>extremitate</strong></span> 
     </span>
    </p>
   </div>
   <div class='ocr_carea' id='block_1_77' title="bbox 1939 1991 3480 2071">
    <p class='ocr_par' dir='ltr' id='par_1_77' title="bbox 1939 1991 3480 2071">
     <span class='ocr_line' id='line_1_77' title="bbox 1939 1991 3480 2071; baseline 0.008 -25"><span class='ocrx_word' id='word_1_622' title='bbox 1939 1991 2111 2049; x_wconf 89' lang='lat' dir='ltr'><strong>Piscis</strong></span> <span class='ocrx_word' id='word_1_623' title='bbox 2167 1998 2543 2065; x_wconf 88' lang='lat' dir='ltr'><strong>australioris;</strong></span> <span class='ocrx_word' id='word_1_624' title='bbox 2575 2009 2628 2055; x_wconf 92' lang='lat' dir='ltr'><strong>et</strong></span> <span class='ocrx_word' id='word_1_625' title='bbox 2667 1999 3039 2070; x_wconf 64' lang='lat' dir='ltr'><strong>praecedentes</strong></span> <span class='ocrx_word' id='word_1_626' title='bbox 3091 2001 3146 2054; x_wconf 90' lang='lat' dir='ltr'><strong>in</strong></span> <span class='ocrx_word' id='word_1_627' title='bbox 3191 2004 3480 2071; x_wconf 89' lang='lat' dir='ltr'><strong>parallelo-</strong></span> 
     </span>
    </p>
   </div>
   <div class='ocr_carea' id='block_1_78' title="bbox 1936 2088 3480 2168">
    <p class='ocr_par' dir='ltr' id='par_1_78' title="bbox 1936 2088 3480 2168">
     <span class='ocr_line' id='line_1_78' title="bbox 1936 2088 3480 2168; baseline 0.008 -33"><span class='ocrx_word' id='word_1_628' title='bbox 1936 2098 2199 2154; x_wconf 68' lang='lat' dir='ltr'><strong>grammo,</strong></span> <span class='ocrx_word' id='word_1_629' title='bbox 2221 2088 2366 2157; x_wconf 91' lang='lat' dir='ltr'><strong>quod</strong></span> <span class='ocrx_word' id='word_1_630' title='bbox 2395 2088 2497 2157; x_wconf 85' lang='lat' dir='ltr'><strong>ipsi</strong></span> <span class='ocrx_word' id='word_1_631' title='bbox 2526 2091 2590 2143; x_wconf 91' lang='lat' dir='ltr'><strong>ad</strong></span> <span class='ocrx_word' id='word_1_632' title='bbox 2621 2089 2898 2146; x_wconf 78' lang='lat' dir='ltr'><strong>meridiem</strong></span> <span class='ocrx_word' id='word_1_633' title='bbox 2937 2092 3100 2146; x_wconf 89' lang='lat' dir='ltr'><strong>situm</strong></span> <span class='ocrx_word' id='word_1_634' title='bbox 3124 2101 3239 2168; x_wconf 69' lang='lat' dir='ltr'><strong>est;</strong></span> <span class='ocrx_word' id='word_1_635' title='bbox 3265 2099 3480 2161; x_wconf 71' lang='lat' dir='ltr'><strong>postre-</strong></span> 
     </span>
    </p>
   </div>
   <div class='ocr_carea' id='block_1_79' title="bbox 1937 2178 3476 2255">
    <p class='ocr_par' dir='ltr' id='par_1_79' title="bbox 1937 2178 3476 2255">
     <span class='ocr_line' id='line_1_79' title="bbox 1937 2178 3476 2255; baseline 0.004 -23"><span class='ocrx_word' id='word_1_636' title='bbox 1937 2193 2038 2232; x_wconf 71' lang='lat' dir='ltr'><strong>mae</strong></span> <span class='ocrx_word' id='word_1_637' title='bbox 2082 2178 2402 2246; x_wconf 88' lang='lat' dir='ltr'><strong>culminant,</strong></span> <span class='ocrx_word' id='word_1_638' title='bbox 2441 2197 2560 2251; x_wconf 69' lang='lat' dir='ltr'><strong>qua:</strong></span> <span class='ocrx_word' id='word_1_639' title='bbox 2589 2182 2644 2235; x_wconf 91' lang='lat' dir='ltr'><strong>in</strong></span> <span class='ocrx_word' id='word_1_640' title='bbox 2684 2183 2863 2237; x_wconf 89' lang='lat' dir='ltr'><strong>medio</strong></span> <span class='ocrx_word' id='word_1_641' title='bbox 2896 2198 3122 2253; x_wconf 88' lang='lat' dir='ltr'><strong>corpore</strong></span> <span class='ocrx_word' id='word_1_642' title='bbox 3152 2184 3476 2255; x_wconf 68' lang='lat' dir='ltr'><strong>Cassiepeaa,</strong></span> 
     </span>
    </p>
   </div>
   <div class='ocr_carea' id='block_1_80' title="bbox 1936 2271 3480 2340">
    <p class='ocr_par' dir='ltr' id='par_1_80' title="bbox 1936 2271 3480 2340">
     <span class='ocr_line' id='line_1_80' title="bbox 1936 2271 3480 2340; baseline 0.003 -16"><span class='ocrx_word' id='word_1_643' title='bbox 1936 2277 1990 2324; x_wconf 90' lang='lat' dir='ltr'><strong>et</strong></span> <span class='ocrx_word' id='word_1_644' title='bbox 2015 2285 2135 2340; x_wconf 67' lang='lat' dir='ltr'><strong>qua:</strong></span> <span class='ocrx_word' id='word_1_645' title='bbox 2168 2271 2221 2324; x_wconf 89' lang='lat' dir='ltr'><strong>in</strong></span> <span class='ocrx_word' id='word_1_646' title='bbox 2261 2271 2483 2326; x_wconf 87' lang='lat' dir='ltr'><strong>sinistra</strong></span> <span class='ocrx_word' id='word_1_647' title='bbox 2516 2287 2677 2326; x_wconf 87' lang='lat' dir='ltr'><strong>manu</strong></span> <span class='ocrx_word' id='word_1_648' title='bbox 2708 2273 3087 2330; x_wconf 68' lang='lat' dir='ltr'><strong>Andromedae.</strong></span> <span class='ocrx_word' id='word_1_649' title='bbox 3116 2273 3329 2330; x_wconf 86' lang='lat' dir='ltr'><strong>Occidit</strong></span> <span class='ocrx_word' id='word_1_650' title='bbox 3373 2274 3480 2329; x_wconf 89' lang='lat' dir='ltr'><strong>Co-</strong></span> 
     </span>
    </p>
   </div>
   <div class='ocr_carea' id='block_1_81' title="bbox 1934 2364 2801 2462">
    <p class='ocr_par' dir='ltr' id='par_1_81' title="bbox 1934 2364 2801 2462">
     <span class='ocr_line' id='line_1_81' title="bbox 1934 2364 2801 2462; baseline 0.005 -48"><span class='ocrx_word' id='word_1_651' title='bbox 1934 2376 2066 2415; x_wconf 89' lang='lat' dir='ltr'><strong>rona</strong></span> <span class='ocrx_word' id='word_1_652' title='bbox 2093 2364 2481 2433; x_wconf 86' lang='lat' dir='ltr'><strong>propemodum</strong></span> <span class='ocrx_word' id='word_1_653' title='bbox 2517 2364 2648 2462; x_wconf 73' lang='lat' dir='ltr'><strong>hora</strong></span> <span class='ocrx_word' id='word_1_654' title='bbox 2671 2379 2801 2419; x_wconf 87' lang='lat' dir='ltr'><strong>una.</strong></span> 
     </span>
    </p>
   </div>
   <div class='ocr_carea' id='block_1_82' title="bbox 2000 2619 3474 2700">
    <p class='ocr_par' dir='ltr' id='par_1_82' title="bbox 2000 2619 3474 2700">
     <span class='ocr_line' id='line_1_82' title="bbox 2000 2619 3474 2700; baseline 0.006 -24"><span class='ocrx_word' id='word_1_655' title='bbox 2000 2621 2133 2676; x_wconf 90' lang='lat' dir='ltr'><strong>Cum</strong></span> <span class='ocrx_word' id='word_1_656' title='bbox 2163 2619 2474 2692; x_wconf 84' lang='lat' dir='ltr'><strong>lngeniculo</strong></span> <span class='ocrx_word' id='word_1_657' title='bbox 2500 2622 2699 2678; x_wconf 88' lang='lat' dir='ltr'><strong>occidit</strong></span> <span class='ocrx_word' id='word_1_658' title='bbox 2731 2624 2986 2681; x_wconf 81' lang='lat' dir='ltr'><strong>zodiacus</strong></span> <span class='ocrx_word' id='word_1_659' title='bbox 3032 2641 3062 2679; x_wconf 84' lang='lat' dir='ltr'><strong>a</strong></span> <span class='ocrx_word' id='word_1_660' title='bbox 3090 2626 3261 2697; x_wconf 81' lang='lat' dir='ltr'><strong>gradu</strong></span> <span class='ocrx_word' id='word_1_661' title='bbox 3293 2628 3474 2700; x_wconf 73' lang='lat' dir='ltr'><strong>Sagit-</strong></span> 
     </span>
    </p>
   </div>
   <div class='ocr_carea' id='block_1_83' title="bbox 1930 2712 3474 2787">
    <p class='ocr_par' dir='ltr' id='par_1_83' title="bbox 1930 2712 3474 2787">
     <span class='ocr_line' id='line_1_83' title="bbox 1930 2712 3474 2787; baseline 0.006 -21"><span class='ocrx_word' id='word_1_662' title='bbox 1930 2715 2052 2766; x_wconf 89' lang='lat' dir='ltr'><strong>tarii</strong></span> <span class='ocrx_word' id='word_1_663' title='bbox 2077 2713 2142 2766; x_wconf 77' lang='grc'>14</span> <span class='ocrx_word' id='word_1_664' title='bbox 2171 2712 2236 2766; x_wconf 91' lang='lat' dir='ltr'><strong>ad</strong></span> <span class='ocrx_word' id='word_1_665' title='bbox 2261 2712 2485 2781; x_wconf 82' lang='lat' dir='ltr'><strong>Aquarii</strong></span> <span class='ocrx_word' id='word_1_666' title='bbox 2509 2712 2623 2786; x_wconf 83' lang='lat' dir='ltr'><strong>-l6;</strong></span> <span class='ocrx_word' id='word_1_667' title='bbox 2652 2715 2912 2771; x_wconf 87' lang='lat' dir='ltr'><strong>culminat</strong></span> <span class='ocrx_word' id='word_1_668' title='bbox 2941 2717 3008 2770; x_wconf 90' lang='lat' dir='ltr'><strong>ab</strong></span> <span class='ocrx_word' id='word_1_669' title='bbox 3037 2717 3256 2787; x_wconf 87' lang='lat' dir='ltr'><strong>Aquarii</strong></span> <span class='ocrx_word' id='word_1_670' title='bbox 3281 2719 3372 2786; x_wconf 73' lang='grc'><strong>25,</strong></span> <span class='ocrx_word' id='word_1_671' title='bbox 3405 2721 3474 2776; x_wconf 88' lang='lat' dir='ltr'><strong>ad</strong></span> 
     </span>
    </p>
   </div>
   <div class='ocr_carea' id='block_1_84' title="bbox 1930 2800 3474 2875">
    <p class='ocr_par' dir='ltr' id='par_1_84' title="bbox 1930 2800 3474 2875">
     <span class='ocr_line' id='line_1_84' title="bbox 1930 2800 3474 2875; baseline 0.006 -19"><span class='ocrx_word' id='word_1_672' title='bbox 1930 2803 2168 2858; x_wconf 89' lang='lat' dir='ltr'><strong>medium</strong></span> <span class='ocrx_word' id='word_1_673' title='bbox 2202 2803 2236 2858; x_wconf 88' lang='lat'><strong>8</strong></span> <span class='ocrx_word' id='word_1_674' title='bbox 2259 2800 2447 2858; x_wconf 89' lang='lat' dir='ltr'><strong>Tauri.</strong></span> <span class='ocrx_word' id='word_1_675' title='bbox 2480 2801 2634 2858; x_wconf 87' lang='lat' dir='ltr'><strong>Prior</strong></span> <span class='ocrx_word' id='word_1_676' title='bbox 2663 2805 2863 2860; x_wconf 83' lang='lat' dir='ltr'><strong>occidit</strong></span> <span class='ocrx_word' id='word_1_677' title='bbox 2893 2823 3014 2875; x_wconf 75' lang='lat' dir='ltr'><strong>qua:</strong></span> <span class='ocrx_word' id='word_1_678' title='bbox 3035 2817 3120 2863; x_wconf 90' lang='lat' dir='ltr'><strong>est</strong></span> <span class='ocrx_word' id='word_1_679' title='bbox 3143 2809 3196 2862; x_wconf 92' lang='lat' dir='ltr'><strong>in</strong></span> <span class='ocrx_word' id='word_1_680' title='bbox 3219 2813 3474 2866; x_wconf 80' lang='lat' dir='ltr'><strong>extremi-</strong></span> 
     </span>
    </p>
   </div>
   <div class='ocr_carea' id='block_1_85' title="bbox 1929 2895 3469 2972">
    <p class='ocr_par' dir='ltr' id='par_1_85' title="bbox 1929 2895 3469 2972">
     <span class='ocr_line' id='line_1_85' title="bbox 1929 2895 3469 2972; baseline 0.006 -23"><span class='ocrx_word' id='word_1_681' title='bbox 1929 2903 2039 2950; x_wconf 86' lang='lat' dir='ltr'><strong>tate</strong></span> <span class='ocrx_word' id='word_1_682' title='bbox 2089 2895 2293 2949; x_wconf 71' lang='lat' dir='ltr'><strong>dextm</strong></span> <span class='ocrx_word' id='word_1_683' title='bbox 2341 2909 2570 2962; x_wconf 88' lang='lat' dir='ltr'><strong>manus;</strong></span> <span class='ocrx_word' id='word_1_684' title='bbox 2606 2895 2792 2950; x_wconf 87' lang='lat' dir='ltr'><strong>ultima</strong></span> <span class='ocrx_word' id='word_1_685' title='bbox 2820 2913 2938 2966; x_wconf 79' lang='lat' dir='ltr'><strong>quze</strong></span> <span class='ocrx_word' id='word_1_686' title='bbox 2965 2898 3022 2951; x_wconf 88' lang='lat' dir='ltr'><strong>in</strong></span> <span class='ocrx_word' id='word_1_687' title='bbox 3067 2899 3288 2956; x_wconf 80' lang='lat' dir='ltr'><strong>sinistro</strong></span> <span class='ocrx_word' id='word_1_688' title='bbox 3314 2904 3469 2972; x_wconf 90' lang='lat' dir='ltr'><strong>pede.</strong></span> 
     </span>
    </p>
   </div>
   <div class='ocr_carea' id='block_1_86' title="bbox 1928 2985 3472 3064">
    <p class='ocr_par' dir='ltr' id='par_1_86' title="bbox 1928 2985 3472 3064">
     <span class='ocr_line' id='line_1_86' title="bbox 1928 2985 3472 3064; baseline 0.005 -22"><span class='ocrx_word' id='word_1_689' title='bbox 1928 2985 2200 3042; x_wconf 85' lang='lat' dir='ltr'><strong>Culminat</strong></span> <span class='ocrx_word' id='word_1_690' title='bbox 2225 3001 2293 3041; x_wconf 75' lang='lat' dir='ltr'><strong>ex</strong></span> <span class='ocrx_word' id='word_1_691' title='bbox 2340 2986 2461 3042; x_wconf 90' lang='lat' dir='ltr'><strong>aliis</strong></span> <span class='ocrx_word' id='word_1_692' title='bbox 2494 2988 2668 3043; x_wconf 86' lang='lat' dir='ltr'><strong>stellis</strong></span> <span class='ocrx_word' id='word_1_693' title='bbox 2718 2989 2951 3058; x_wconf 89' lang='lat' dir='ltr'><strong>primum</strong></span> <span class='ocrx_word' id='word_1_694' title='bbox 2992 3005 3111 3060; x_wconf 67' lang='lat' dir='ltr'><strong>qua:</strong></span> <span class='ocrx_word' id='word_1_695' title='bbox 3152 2992 3208 3046; x_wconf 90' lang='lat' dir='ltr'><strong>in</strong></span> <span class='ocrx_word' id='word_1_696' title='bbox 3247 2994 3472 3064; x_wconf 83' lang='lat' dir='ltr'><strong>Aquarii</strong></span> 
     </span>
    </p>
   </div>
   <div class='ocr_carea' id='block_1_87' title="bbox 1929 3074 3470 3150">
    <p class='ocr_par' dir='ltr' id='par_1_87' title="bbox 1929 3074 3470 3150">
     <span class='ocr_line' id='line_1_87' title="bbox 1929 3074 3470 3150; baseline 0.008 -22"><span class='ocrx_word' id='word_1_697' title='bbox 1929 3090 2069 3146; x_wconf 88' lang='lat' dir='ltr'><strong>aqua</strong></span> <span class='ocrx_word' id='word_1_698' title='bbox 2099 3074 2310 3144; x_wconf 79' lang='lat' dir='ltr'><strong>adjacet</strong></span> <span class='ocrx_word' id='word_1_699' title='bbox 2339 3075 2405 3129; x_wconf 92' lang='lat' dir='ltr'><strong>iis</strong></span> <span class='ocrx_word' id='word_1_700' title='bbox 2431 3092 2552 3145; x_wconf 75' lang='lat' dir='ltr'><strong>qua:</strong></span> <span class='ocrx_word' id='word_1_701' title='bbox 2581 3084 2709 3130; x_wconf 85' lang='lat' dir='ltr'><strong>sunt</strong></span> <span class='ocrx_word' id='word_1_702' title='bbox 2738 3078 2790 3130; x_wconf 88' lang='lat' dir='ltr'><strong>in</strong></span> <span class='ocrx_word' id='word_1_703' title='bbox 2824 3078 3292 3150; x_wconf 66' lang='lat' dir='ltr'><strong>4&#39;conglobatione</strong></span> <span class='ocrx_word' id='word_1_704' title='bbox 3322 3092 3470 3140; x_wconf 91' lang='lat' dir='ltr'><strong>:tum</strong></span> 
     </span>
    </p>
   </div>
   <div class='ocr_carea' id='block_1_88' title="bbox 1930 3163 3474 3240">
    <p class='ocr_par' dir='ltr' id='par_1_88' title="bbox 1930 3163 3474 3240">
     <span class='ocr_line' id='line_1_88' title="bbox 1930 3163 3474 3240; baseline 0.008 -23"><span class='ocrx_word' id='word_1_705' title='bbox 1930 3163 1986 3217; x_wconf 93' lang='lat' dir='ltr'><strong>in</strong></span> <span class='ocrx_word' id='word_1_706' title='bbox 2015 3163 2166 3233; x_wconf 89' lang='lat' dir='ltr'><strong>Equo</strong></span> <span class='ocrx_word' id='word_1_707' title='bbox 2189 3164 2457 3218; x_wconf 86' lang='lat' dir='ltr'><strong>borealior</strong></span> <span class='ocrx_word' id='word_1_708' title='bbox 2481 3180 2689 3230; x_wconf 86' lang='lat' dir='ltr'><strong>earum,</strong></span> <span class='ocrx_word' id='word_1_709' title='bbox 2717 3183 2836 3236; x_wconf 71' lang='lat' dir='ltr'><strong>qua:</strong></span> <span class='ocrx_word' id='word_1_710' title='bbox 2861 3170 2913 3222; x_wconf 93' lang='lat' dir='ltr'><strong>in</strong></span> <span class='ocrx_word' id='word_1_711' title='bbox 2946 3184 3173 3240; x_wconf 88' lang='lat' dir='ltr'><strong>corpore</strong></span> <span class='ocrx_word' id='word_1_712' title='bbox 3201 3173 3474 3230; x_wconf 79' lang='lat' dir='ltr'><strong>contimrze</strong></span> 
     </span>
    </p>
   </div>
   <div class='ocr_carea' id='block_1_89' title="bbox 1926 3254 3473 3332">
    <p class='ocr_par' dir='ltr' id='par_1_89' title="bbox 1926 3254 3473 3332">
     <span class='ocr_line' id='line_1_89' title="bbox 1926 3254 3473 3332; baseline 0.009 -24"><span class='ocrx_word' id='word_1_713' title='bbox 1926 3263 2081 3321; x_wconf 85' lang='lat' dir='ltr'><strong>sunt;</strong></span> <span class='ocrx_word' id='word_1_714' title='bbox 2113 3256 2238 3309; x_wconf 88' lang='lat' dir='ltr'><strong>item</strong></span> <span class='ocrx_word' id='word_1_715' title='bbox 2267 3254 2488 3310; x_wconf 77' lang='lat' dir='ltr'><strong>sinister</strong></span> <span class='ocrx_word' id='word_1_716' title='bbox 2517 3255 2773 3313; x_wconf 87' lang='lat' dir='ltr'><strong>humerus</strong></span> <span class='ocrx_word' id='word_1_717' title='bbox 2799 3259 2998 3330; x_wconf 85' lang='lat' dir='ltr'><strong>Cephei</strong></span> <span class='ocrx_word' id='word_1_718' title='bbox 3036 3263 3128 3332; x_wconf 87' lang='lat' dir='ltr'><strong>qui</strong></span> <span class='ocrx_word' id='word_1_719' title='bbox 3151 3264 3286 3319; x_wconf 86' lang='lat' dir='ltr'><strong>citra</strong></span> <span class='ocrx_word' id='word_1_720' title='bbox 3310 3271 3473 3322; x_wconf 88' lang='lat' dir='ltr'><strong>meri-</strong></span> 
     </span>
    </p>
   </div>
   <div class='ocr_carea' id='block_1_90' title="bbox 1925 3344 3472 3420">
    <p class='ocr_par' dir='ltr' id='par_1_90' title="bbox 1925 3344 3472 3420">
     <span class='ocr_line' id='line_1_90' title="bbox 1925 3344 3472 3420; baseline 0.008 -21"><span class='ocrx_word' id='word_1_721' title='bbox 1925 3344 2067 3400; x_wconf 90' lang='lat' dir='ltr'><strong>diem</strong></span> <span class='ocrx_word' id='word_1_722' title='bbox 2096 3353 2180 3401; x_wconf 87' lang='lat' dir='ltr'><strong>est</strong></span> <span class='ocrx_word' id='word_1_723' title='bbox 2207 3346 2559 3402; x_wconf 86' lang='lat' dir='ltr'><strong>semicubitali</strong></span> <span class='ocrx_word' id='word_1_724' title='bbox 2593 3348 2705 3403; x_wconf 76' lang='lat' dir='ltr'><strong>fere</strong></span> <span class='ocrx_word' id='word_1_725' title='bbox 2735 3352 2930 3420; x_wconf 88' lang='lat' dir='ltr'><strong>spatio.</strong></span> <span class='ocrx_word' id='word_1_726' title='bbox 2969 3349 3247 3408; x_wconf 89' lang='lat' dir='ltr'><strong>Postrema</strong></span> <span class='ocrx_word' id='word_1_727' title='bbox 3277 3359 3472 3411; x_wconf 58' lang='lat' dir='ltr'><strong>culmi.</strong></span> 
     </span>
    </p>
   </div>
   <div class='ocr_carea' id='block_1_91' title="bbox 1925 3437 3470 3510">
    <p class='ocr_par' dir='ltr' id='par_1_91' title="bbox 1925 3437 3470 3510">
     <span class='ocr_line' id='line_1_91' title="bbox 1925 3437 3470 3510; baseline 0.008 -19"><span class='ocrx_word' id='word_1_728' title='bbox 1925 3447 2018 3492; x_wconf 88' lang='lat' dir='ltr'><strong>nat</strong></span> <span class='ocrx_word' id='word_1_729' title='bbox 2042 3453 2108 3492; x_wconf 84' lang='lat' dir='ltr'><strong>ex</strong></span> <span class='ocrx_word' id='word_1_730' title='bbox 2141 3437 2508 3508; x_wconf 87' lang='lat' dir='ltr'><strong>quadrilatero</strong></span> <span class='ocrx_word' id='word_1_731' title='bbox 2535 3437 2650 3494; x_wconf 88' lang='lat' dir='ltr'><strong>Ceti</strong></span> <span class='ocrx_word' id='word_1_732' title='bbox 2681 3456 2805 3510; x_wconf 68' lang='lat' dir='ltr'><strong>quae</strong></span> <span class='ocrx_word' id='word_1_733' title='bbox 2830 3444 3124 3498; x_wconf 83' lang='lat' dir='ltr'><strong>australior</strong></span> <span class='ocrx_word' id='word_1_734' title='bbox 3157 3457 3240 3501; x_wconf 79' lang='lat' dir='ltr'><strong>est</strong></span> <span class='ocrx_word' id='word_1_735' title='bbox 3279 3463 3470 3504; x_wconf 90' lang='lat' dir='ltr'><strong>succc-</strong></span> 
     </span>
    </p>
   </div>
   <div class='ocr_carea' id='block_1_92' title="bbox 1924 3529 3472 3600">
    <p class='ocr_par' dir='ltr' id='par_1_92' title="bbox 1924 3529 3472 3600">
     <span class='ocr_line' id='line_1_92' title="bbox 1924 3529 3472 3600; baseline 0.008 -18"><span class='ocrx_word' id='word_1_736' title='bbox 1924 3529 2163 3584; x_wconf 90' lang='lat' dir='ltr'><strong>dentium</strong></span> <span class='ocrx_word' id='word_1_737' title='bbox 2196 3529 2517 3594; x_wconf 86' lang='lat' dir='ltr'><strong>lucidarum,</strong></span> <span class='ocrx_word' id='word_1_738' title='bbox 2559 3541 2613 3585; x_wconf 91' lang='lat' dir='ltr'><strong>et</strong></span> <span class='ocrx_word' id='word_1_739' title='bbox 2640 3547 2759 3600; x_wconf 73' lang='lat' dir='ltr'><strong>qua:</strong></span> <span class='ocrx_word' id='word_1_740' title='bbox 2804 3533 2870 3587; x_wconf 89' lang='lat' dir='ltr'><strong>ad</strong></span> <span class='ocrx_word' id='word_1_741' title='bbox 2912 3534 3189 3591; x_wconf 88' lang='lat' dir='ltr'><strong>meridiem</strong></span> <span class='ocrx_word' id='word_1_742' title='bbox 3239 3540 3342 3593; x_wconf 86' lang='lat' dir='ltr'><strong>sita</strong></span> <span class='ocrx_word' id='word_1_743' title='bbox 3385 3550 3472 3596; x_wconf 88' lang='lat' dir='ltr'><strong>est</strong></span> 
     </span>
    </p>
   </div>
   <div class='ocr_carea' id='block_1_93' title="bbox 1923 3619 3468 3697">
    <p class='ocr_par' dir='ltr' id='par_1_93' title="bbox 1923 3619 3468 3697">
     <span class='ocr_line' id='line_1_93' title="bbox 1923 3619 3468 3697; baseline 0.008 -24"><span class='ocrx_word' id='word_1_744' title='bbox 1923 3619 2102 3675; x_wconf 87' lang='lat' dir='ltr'><strong>lucida</strong></span> <span class='ocrx_word' id='word_1_745' title='bbox 2137 3635 2330 3676; x_wconf 83' lang='lat' dir='ltr'><strong>carens</strong></span> <span class='ocrx_word' id='word_1_746' title='bbox 2361 3623 2596 3677; x_wconf 85' lang='lat' dir='ltr'><strong>nomine.</strong></span> <span class='ocrx_word' id='word_1_747' title='bbox 2631 3623 2844 3680; x_wconf 87' lang='lat' dir='ltr'><strong>Occidlt</strong></span> <span class='ocrx_word' id='word_1_748' title='bbox 2868 3625 3214 3695; x_wconf 80' lang='lat' dir='ltr'><strong>lngeniculus</strong></span> <span class='ocrx_word' id='word_1_749' title='bbox 3241 3627 3388 3688; x_wconf 82' lang='lat' dir='ltr'><strong>horis</strong></span> <span class='ocrx_word' id='word_1_750' title='bbox 3409 3634 3468 3697; x_wconf 76' lang='grc'><strong>4,</strong></span> 
     </span>
    </p>
   </div>
   <div class='ocr_carea' id='block_1_94' title="bbox 1923 3713 2268 3767">
    <p class='ocr_par' dir='ltr' id='par_1_94' title="bbox 1923 3713 2268 3767">
     <span class='ocr_line' id='line_1_94' title="bbox 1923 3713 2268 3767; baseline 0 -2"><span class='ocrx_word' id='word_1_751' title='bbox 1923 3713 2003 3767; x_wconf 84' lang='lat'><strong>56&#39;</strong></span> <span class='ocrx_word' id='word_1_752' title='bbox 2035 3713 2268 3766; x_wconf 87' lang='lat' dir='ltr'><strong>circiter.</strong></span> 
     </span>
    </p>
   </div>
   <div class='ocr_carea' id='block_1_95' title="bbox 1992 3969 3464 4043">
    <p class='ocr_par' dir='ltr' id='par_1_95' title="bbox 1992 3969 3464 4043">
     <span class='ocr_line' id='line_1_95' title="bbox 1992 3969 3464 4043; baseline 0.012 -19"><span class='ocrx_word' id='word_1_753' title='bbox 1992 3969 2488 4043; x_wconf 77' lang='lat' dir='ltr'><strong>XXIV.Anguifero</strong></span> <span class='ocrx_word' id='word_1_754' title='bbox 2510 3977 2810 4042; x_wconf 87' lang='lat' dir='ltr'><strong>occidente,</strong></span> <span class='ocrx_word' id='word_1_755' title='bbox 2824 3979 3102 4037; x_wconf 89' lang='lat' dir='ltr'><strong>descendit</strong></span> <span class='ocrx_word' id='word_1_756' title='bbox 3131 3999 3232 4037; x_wconf 87' lang='lat' dir='ltr'><strong>una</strong></span> <span class='ocrx_word' id='word_1_757' title='bbox 3259 3986 3464 4041; x_wconf 81' lang='lat' dir='ltr'><strong>zodiaci</strong></span> 
     </span>
    </p>
   </div>
   <div class='ocr_carea' id='block_1_96' title="bbox 1920 4064 3491 4140">
    <p class='ocr_par' dir='ltr' id='par_1_96' title="bbox 1920 4064 3491 4140">
     <span class='ocr_line' id='line_1_96' title="bbox 1920 4064 3491 4140; baseline 0.009 -23"><span class='ocrx_word' id='word_1_758' title='bbox 1920 4078 2081 4119; x_wconf 87' lang='lat' dir='ltr'><strong>arcus</strong></span> <span class='ocrx_word' id='word_1_759' title='bbox 2113 4081 2143 4118; x_wconf 85' lang='lat' dir='ltr'><strong>a</strong></span> <span class='ocrx_word' id='word_1_760' title='bbox 2163 4064 2372 4136; x_wconf 88' lang='lat' dir='ltr'><strong>Scorpii</strong></span> <span class='ocrx_word' id='word_1_761' title='bbox 2404 4066 2462 4120; x_wconf 80' lang='lat' dir='ltr'><strong>ll</strong></span> <span class='ocrx_word' id='word_1_762' title='bbox 2486 4072 2654 4138; x_wconf 80' lang='lat' dir='ltr'><strong>gradu</strong></span> <span class='ocrx_word' id='word_1_763' title='bbox 2683 4070 2749 4124; x_wconf 87' lang='lat' dir='ltr'><strong>ad</strong></span> <span class='ocrx_word' id='word_1_764' title='bbox 2771 4071 3083 4140; x_wconf 85' lang='lat' dir='ltr'><strong>Capricorni</strong></span> <span class='ocrx_word' id='word_1_765' title='bbox 3111 4075 3178 4135; x_wconf 73' lang='lat'><strong>2;</strong></span> <span class='ocrx_word' id='word_1_766' title='bbox 3204 4077 3491 4132; x_wconf 69' lang='lat' dir='ltr'><strong>cnlminat.</strong></span> 
     </span>
    </p>
   </div>
   <div class='ocr_carea' id='block_1_97' title="bbox 1920 4152 3464 4222">
    <p class='ocr_par' dir='ltr' id='par_1_97' title="bbox 1920 4152 3464 4222">
     <span class='ocr_line' id='line_1_97' title="bbox 1920 4152 3464 4222; baseline 0.008 -16"><span class='ocrx_word' id='word_1_767' title='bbox 1920 4167 1950 4206; x_wconf 87' lang='lat' dir='ltr'><strong>a</strong></span> <span class='ocrx_word' id='word_1_768' title='bbox 1980 4152 2295 4222; x_wconf 89' lang='lat' dir='ltr'><strong>Capricorni</strong></span> <span class='ocrx_word' id='word_1_769' title='bbox 2323 4154 2394 4208; x_wconf 72' lang='lat'><strong>25</strong></span> <span class='ocrx_word' id='word_1_770' title='bbox 2415 4155 2478 4209; x_wconf 90' lang='lat' dir='ltr'><strong>ad</strong></span> <span class='ocrx_word' id='word_1_771' title='bbox 2510 4156 2747 4212; x_wconf 87' lang='lat' dir='ltr'><strong>Piscium</strong></span> <span class='ocrx_word' id='word_1_772' title='bbox 2789 4159 2844 4210; x_wconf 81' lang='lat' dir='ltr'><strong>ll</strong></span> <span class='ocrx_word' id='word_1_773' title='bbox 2883 4159 3137 4214; x_wconf 91' lang='lat' dir='ltr'><strong>medium.</strong></span> <span class='ocrx_word' id='word_1_774' title='bbox 3163 4161 3342 4217; x_wconf 77' lang='lat' dir='ltr'><strong>Prima</strong></span> <span class='ocrx_word' id='word_1_775' title='bbox 3377 4179 3464 4218; x_wconf 84' lang='lat' dir='ltr'><strong>oc-</strong></span> 
     </span>
    </p>
   </div>
   <div class='ocr_carea' id='block_1_98' title="bbox 1917 4244 3462 4324">
    <p class='ocr_par' dir='ltr' id='par_1_98' title="bbox 1917 4244 3462 4324">
     <span class='ocr_line' id='line_1_98' title="bbox 1917 4244 3462 4324; baseline 0.009 -28"><span class='ocrx_word' id='word_1_776' title='bbox 1917 4244 2247 4309; x_wconf 84' lang='lat' dir='ltr'><strong>ciditstella,</strong></span> <span class='ocrx_word' id='word_1_777' title='bbox 2279 4244 2397 4315; x_wconf 73' lang='lat' dir='ltr'><strong>qua:</strong></span> <span class='ocrx_word' id='word_1_778' title='bbox 2434 4248 2598 4301; x_wconf 90' lang='lat' dir='ltr'><strong>estin</strong></span> <span class='ocrx_word' id='word_1_779' title='bbox 2639 4248 2862 4303; x_wconf 87' lang='lat' dir='ltr'><strong>sinistro</strong></span> <span class='ocrx_word' id='word_1_780' title='bbox 2878 4249 3060 4324; x_wconf 79' lang='lat' dir='ltr'><strong>pede;</strong></span> <span class='ocrx_word' id='word_1_781' title='bbox 3095 4253 3304 4317; x_wconf 81' lang='lat' dir='ltr'><strong>ultima,</strong></span> <span class='ocrx_word' id='word_1_782' title='bbox 3342 4271 3462 4324; x_wconf 73' lang='lat' dir='ltr'><strong>qua:</strong></span> 
     </span>
    </p>
   </div>
   <div class='ocr_carea' id='block_1_99' title="bbox 1916 4321 3462 4414">
    <p class='ocr_par' dir='ltr' id='par_1_99' title="bbox 1916 4321 3462 4414">
     <span class='ocr_line' id='line_1_99' title="bbox 1916 4321 3462 4414; baseline 0.008 -28"><span class='ocrx_word' id='word_1_783' title='bbox 1916 4340 2000 4386; x_wconf 90' lang='lat' dir='ltr'><strong>est</strong></span> <span class='ocrx_word' id='word_1_784' title='bbox 2027 4334 2080 4386; x_wconf 91' lang='lat' dir='ltr'><strong>in</strong></span> <span class='ocrx_word' id='word_1_785' title='bbox 2111 4335 2305 4402; x_wconf 89' lang='lat' dir='ltr'><strong>capite.</strong></span> <span class='ocrx_word' id='word_1_786' title='bbox 2337 4332 2611 4388; x_wconf 90' lang='lat' dir='ltr'><strong>Culminat</strong></span> <span class='ocrx_word' id='word_1_787' title='bbox 2640 4353 2704 4390; x_wconf 87' lang='lat' dir='ltr'><strong>ex</strong></span> <span class='ocrx_word' id='word_1_788' title='bbox 2738 4338 2858 4392; x_wconf 84' lang='lat' dir='ltr'><strong>aliis</strong></span> <span class='ocrx_word' id='word_1_789' title='bbox 2876 4321 3050 4395; x_wconf 60' lang='lat' dir='ltr'><strong>&#39;stellis</strong></span> <span class='ocrx_word' id='word_1_790' title='bbox 3076 4341 3245 4410; x_wconf 89' lang='lat' dir='ltr'><strong>prior,</strong></span> <span class='ocrx_word' id='word_1_791' title='bbox 3280 4321 3462 4414; x_wconf 80' lang='lat' dir='ltr'><strong>Capri-</strong></span> 
     </span>
    </p>
   </div>
   <div class='ocr_carea' id='block_1_100' title="bbox 1915 4424 3458 4502">
    <p class='ocr_par' dir='ltr' id='par_1_100' title="bbox 1915 4424 3458 4502">
     <span class='ocr_line' id='line_1_100' title="bbox 1915 4424 3458 4502; baseline 0.009 -25"><span class='ocrx_word' id='word_1_792' title='bbox 1915 4426 2065 4478; x_wconf 90' lang='lat' dir='ltr'><strong>corni</strong></span> <span class='ocrx_word' id='word_1_793' title='bbox 2108 4424 2405 4481; x_wconf 88' lang='lat' dir='ltr'><strong>succedens</strong></span> <span class='ocrx_word' id='word_1_794' title='bbox 2444 4428 2495 4480; x_wconf 91' lang='lat' dir='ltr'><strong>in</strong></span> <span class='ocrx_word' id='word_1_795' title='bbox 2531 4429 2726 4493; x_wconf 87' lang='lat' dir='ltr'><strong>cauda,</strong></span> <span class='ocrx_word' id='word_1_796' title='bbox 2780 4438 2834 4484; x_wconf 89' lang='lat' dir='ltr'><strong>et</strong></span> <span class='ocrx_word' id='word_1_797' title='bbox 2868 4432 3038 4502; x_wconf 80' lang='lat' dir='ltr'><strong>Cygni</strong></span> <span class='ocrx_word' id='word_1_798' title='bbox 3084 4433 3458 4491; x_wconf 87' lang='lat' dir='ltr'><strong>borealissima</strong></span> 
     </span>
    </p>
   </div>
   <div class='ocr_carea' id='block_1_101' title="bbox 256 4517 1823 4632">
    <p class='ocr_par' dir='ltr' id='par_1_101' title="bbox 256 4517 1809 4614">
     <span class='ocr_line' id='line_1_101' title="bbox 256 4517 1809 4614; baseline 0.018 -36"><span class='ocrx_word' id='word_1_799' title='bbox 256 4527 321 4578; x_wconf 81' lang='grc' dir='ltr'>ὲν</span> <span class='ocrx_word' id='word_1_800' title='bbox 345 4530 410 4597; x_wconf 83' lang='grc' dir='ltr'><strong>τῇ</strong></span> <span class='ocrx_word' id='word_1_801' title='bbox 443 4529 598 4598; x_wconf 79' lang='grc' dir='ltr'><strong>οὐρᾷ,</strong></span> <span class='ocrx_word' id='word_1_802' title='bbox 627 4522 733 4584; x_wconf 56' lang='grc' dir='ltr'><strong>’καὶ</strong></span> <span class='ocrx_word' id='word_1_803' title='bbox 767 4534 859 4586; x_wconf 83' lang='grc' dir='ltr'><strong>τοῦ</strong></span> <span class='ocrx_word' id='word_1_804' title='bbox 902 4537 1148 4606; x_wconf 82' lang='grc' dir='ltr'><strong>Ὄρνιθος</strong></span> <span class='ocrx_word' id='word_1_805' title='bbox 1189 4543 1216 4592; x_wconf 95' lang='lat'><strong>6</strong></span> <span class='ocrx_word' id='word_1_806' title='bbox 1250 4517 1582 4614; x_wconf 62' lang='grc' dir='ltr'><strong>βορειότατος</strong></span> <span class='ocrx_word' id='word_1_807' title='bbox 1614 4517 1720 4605; x_wconf 63' lang='grc' dir='ltr'><strong>των</strong></span> <span class='ocrx_word' id='word_1_808' title='bbox 1753 4556 1809 4606; x_wconf 80' lang='grc' dir='ltr'><strong>ἐν</strong></span> 
     </span>
    </p>
   </div>
   <div class='ocr_carea' id='block_1_102' title="bbox 1926 4517 3516 4632">
    <p class='ocr_par' dir='ltr' id='par_1_102' title="bbox 1926 4517 3516 4594">
     <span class='ocr_line' id='line_1_102' title="bbox 1926 4517 3516 4594; baseline 0.008 -26"><span class='ocrx_word' id='word_1_809' title='bbox 1926 4531 1982 4569; x_wconf 73' lang='lat' dir='ltr'><strong>ex</strong></span> <span class='ocrx_word' id='word_1_810' title='bbox 2012 4517 2079 4570; x_wconf 83' lang='lat' dir='ltr'><strong>iis</strong></span> <span class='ocrx_word' id='word_1_811' title='bbox 2109 4533 2228 4588; x_wconf 70' lang='lat' dir='ltr'><strong>quae</strong></span> <span class='ocrx_word' id='word_1_812' title='bbox 2257 4526 2382 4573; x_wconf 90' lang='lat' dir='ltr'><strong>sunt</strong></span> <span class='ocrx_word' id='word_1_813' title='bbox 2402 4519 2455 4572; x_wconf 91' lang='lat' dir='ltr'><strong>in</strong></span> <span class='ocrx_word' id='word_1_814' title='bbox 2478 4519 2562 4572; x_wconf 88' lang='lat' dir='ltr'><strong>ala</strong></span> <span class='ocrx_word' id='word_1_815' title='bbox 2591 4521 2776 4575; x_wconf 86' lang='lat' dir='ltr'><strong>dextra</strong></span> <span class='ocrx_word' id='word_1_816' title='bbox 2800 4542 2810 4574; x_wconf 94' lang='lat'><strong>:</strong></span> <span class='ocrx_word' id='word_1_817' title='bbox 2833 4523 3017 4576; x_wconf 90' lang='lat' dir='ltr'><strong>ultima</strong></span> <span class='ocrx_word' id='word_1_818' title='bbox 3047 4540 3192 4589; x_wconf 80' lang='lat' dir='ltr'><strong>vero,</strong></span> <span class='ocrx_word' id='word_1_819' title='bbox 3227 4541 3346 4594; x_wconf 71' lang='lat' dir='ltr'><strong>anc</strong></span> <span class='ocrx_word' id='word_1_820' title='bbox 3374 4537 3458 4580; x_wconf 86' lang='lat' dir='ltr'><strong>est</strong></span> <span class='ocrx_word' id='word_1_821' title='bbox 3513 4577 3516 4581; x_wconf 93' lang='lat'><strong>.</strong></span> 
     </span>
    </p>
   </div>
   <div class='ocr_carea' id='block_1_103' title="bbox 1913 4614 3452 4689">
    <p class='ocr_par' dir='ltr' id='par_1_103' title="bbox 1913 4614 3452 4689">
     <span class='ocr_line' id='line_1_103' title="bbox 1913 4614 3452 4689; baseline 0.009 -25"><span class='ocrx_word' id='word_1_822' title='bbox 1913 4614 1967 4665; x_wconf 89' lang='lat' dir='ltr'><strong>in</strong></span> <span class='ocrx_word' id='word_1_823' title='bbox 1999 4614 2174 4681; x_wconf 85' lang='lat' dir='ltr'><strong>capite</strong></span> <span class='ocrx_word' id='word_1_824' title='bbox 2201 4614 2524 4685; x_wconf 71' lang='lat' dir='ltr'><strong>Cassiepete,</strong></span> <span class='ocrx_word' id='word_1_825' title='bbox 2553 4624 2604 4670; x_wconf 88' lang='lat' dir='ltr'><strong>et</strong></span> <span class='ocrx_word' id='word_1_826' title='bbox 2634 4632 2796 4686; x_wconf 78' lang='lat' dir='ltr'><strong>parva</strong></span> <span class='ocrx_word' id='word_1_827' title='bbox 2813 4633 2932 4688; x_wconf 65' lang='lat' dir='ltr'><strong>quae</strong></span> <span class='ocrx_word' id='word_1_828' title='bbox 2966 4620 3018 4673; x_wconf 90' lang='lat' dir='ltr'><strong>in</strong></span> <span class='ocrx_word' id='word_1_829' title='bbox 3040 4622 3157 4689; x_wconf 84' lang='lat' dir='ltr'><strong>ejus</strong></span> <span class='ocrx_word' id='word_1_830' title='bbox 3179 4630 3263 4677; x_wconf 89' lang='lat' dir='ltr'><strong>est</strong></span> <span class='ocrx_word' id='word_1_831' title='bbox 3284 4623 3452 4678; x_wconf 91' lang='lat' dir='ltr'><strong>solio:</strong></span> 
     </span>
    </p>
   </div>
   <div class='ocr_carea' id='block_1_104' title="bbox 1909 4705 3455 4782">
    <p class='ocr_par' dir='ltr' id='par_1_104' title="bbox 1909 4705 3455 4782">
     <span class='ocr_line' id='line_1_104' title="bbox 1909 4705 3455 4782; baseline 0.009 -28"><span class='ocrx_word' id='word_1_832' title='bbox 1909 4711 2021 4755; x_wconf 89' lang='lat' dir='ltr'><strong>tum</strong></span> <span class='ocrx_word' id='word_1_833' title='bbox 2059 4705 2293 4759; x_wconf 86' lang='lat' dir='ltr'><strong>borealis</strong></span> <span class='ocrx_word' id='word_1_834' title='bbox 2337 4709 2568 4760; x_wconf 82' lang='lat' dir='ltr'><strong>maxime</strong></span> <span class='ocrx_word' id='word_1_835' title='bbox 2597 4723 2662 4761; x_wconf 82' lang='lat' dir='ltr'><strong>ex</strong></span> <span class='ocrx_word' id='word_1_836' title='bbox 2716 4709 2800 4762; x_wconf 89' lang='lat' dir='ltr'><strong>his</strong></span> <span class='ocrx_word' id='word_1_837' title='bbox 2841 4725 2960 4778; x_wconf 55' lang='lat' dir='ltr'><strong>quae</strong></span> <span class='ocrx_word' id='word_1_838' title='bbox 2989 4720 3116 4765; x_wconf 77' lang='lat' dir='ltr'><strong>sunt</strong></span> <span class='ocrx_word' id='word_1_839' title='bbox 3156 4714 3207 4766; x_wconf 88' lang='lat' dir='ltr'><strong>in</strong></span> <span class='ocrx_word' id='word_1_840' title='bbox 3239 4722 3455 4782; x_wconf 78' lang='lat' dir='ltr'><strong>pectore</strong></span> 
     </span>
    </p>
   </div>
   <div class='ocr_carea' id='block_1_105' title="bbox 1909 4791 3451 4870">
    <p class='ocr_par' dir='ltr' id='par_1_105' title="bbox 1909 4791 3451 4870">
     <span class='ocr_line' id='line_1_105' title="bbox 1909 4791 3451 4870; baseline 0.008 -26"><span class='ocrx_word' id='word_1_841' title='bbox 1909 4791 2262 4860; x_wconf 68' lang='lat' dir='ltr'><strong>Andromedae</strong></span> <span class='ocrx_word' id='word_1_842' title='bbox 2294 4813 2306 4848; x_wconf 91' lang='lat'><strong>:</strong></span> <span class='ocrx_word' id='word_1_843' title='bbox 2340 4803 2395 4847; x_wconf 89' lang='lat' dir='ltr'><strong>et</strong></span> <span class='ocrx_word' id='word_1_844' title='bbox 2426 4796 2820 4850; x_wconf 87' lang='lat' dir='ltr'><strong>australissima</strong></span> <span class='ocrx_word' id='word_1_845' title='bbox 2863 4812 3047 4857; x_wconf 80' lang='lat' dir='ltr'><strong>earum</strong></span> <span class='ocrx_word' id='word_1_846' title='bbox 3080 4817 3198 4870; x_wconf 63' lang='lat' dir='ltr'><strong>quae</strong></span> <span class='ocrx_word' id='word_1_847' title='bbox 3237 4812 3362 4854; x_wconf 89' lang='lat' dir='ltr'><strong>sunt</strong></span> <span class='ocrx_word' id='word_1_848' title='bbox 3399 4806 3451 4857; x_wconf 87' lang='lat' dir='ltr'><strong>in</strong></span> 
     </span>
    </p>
   </div>
   <div class='ocr_carea' id='block_1_106' title="bbox 1907 4881 3451 4958">
    <p class='ocr_par' dir='ltr' id='par_1_106' title="bbox 1907 4881 3451 4958">
     <span class='ocr_line' id='line_1_106' title="bbox 1907 4881 3451 4958; baseline 0.004 -24"><span class='ocrx_word' id='word_1_849' title='bbox 1907 4882 2077 4936; x_wconf 85' lang='lat' dir='ltr'><strong>cauda</strong></span> <span class='ocrx_word' id='word_1_850' title='bbox 2109 4881 2244 4945; x_wconf 88' lang='lat' dir='ltr'><strong>Ceti,</strong></span> <span class='ocrx_word' id='word_1_851' title='bbox 2277 4883 2551 4950; x_wconf 87' lang='lat' dir='ltr'><strong>paululum</strong></span> <span class='ocrx_word' id='word_1_852' title='bbox 2579 4885 2712 4938; x_wconf 84' lang='lat' dir='ltr'><strong>citra</strong></span> <span class='ocrx_word' id='word_1_853' title='bbox 2737 4888 3090 4944; x_wconf 86' lang='lat' dir='ltr'><strong>meridianum</strong></span> <span class='ocrx_word' id='word_1_854' title='bbox 3121 4892 3315 4958; x_wconf 80' lang='lat' dir='ltr'><strong>posita.</strong></span> <span class='ocrx_word' id='word_1_855' title='bbox 3345 4893 3451 4947; x_wconf 73' lang='grc' dir='ltr'><strong>Ου-</strong></span> 
     </span>
    </p>
   </div>
   <div class='ocr_carea' id='block_1_107' title="bbox 1907 4971 2785 5042">
    <p class='ocr_par' dir='ltr' id='par_1_107' title="bbox 1907 4971 2785 5042">
     <span class='ocr_line' id='line_1_107' title="bbox 1907 4971 2785 5042; baseline 0.006 -18"><span class='ocrx_word' id='word_1_856' title='bbox 1907 4972 2038 5026; x_wconf 90' lang='lat' dir='ltr'><strong>cidit</strong></span> <span class='ocrx_word' id='word_1_857' title='bbox 2060 4971 2378 5042; x_wconf 85' lang='lat' dir='ltr'><strong>Ophiuchus</strong></span> <span class='ocrx_word' id='word_1_858' title='bbox 2418 4973 2564 5030; x_wconf 86' lang='lat' dir='ltr'><strong>horis</strong></span> <span class='ocrx_word' id='word_1_859' title='bbox 2595 4974 2704 5030; x_wconf 84' lang='lat' dir='ltr'><strong>l&#39;ere</strong></span> <span class='ocrx_word' id='word_1_860' title='bbox 2734 4978 2785 5032; x_wconf 80' lang='lat'><strong>3.</strong></span> 
     </span>
    </p>
   </div>
   <div class='ocr_carea' id='block_1_108' title="bbox 1969 5193 3448 5273">
    <p class='ocr_par' dir='ltr' id='par_1_108' title="bbox 1969 5193 3448 5273">
     <span class='ocr_line' id='line_1_108' title="bbox 1969 5193 3448 5273; baseline 0.011 -28"><span class='ocrx_word' id='word_1_861' title='bbox 1969 5194 2102 5247; x_wconf 89' lang='lat' dir='ltr'><strong>Cum</strong></span> <span class='ocrx_word' id='word_1_862' title='bbox 2123 5193 2402 5265; x_wconf 76' lang='lat' dir='ltr'><strong>Scrpcnte,</strong></span> <span class='ocrx_word' id='word_1_863' title='bbox 2426 5212 2581 5273; x_wconf 79' lang='lat' dir='ltr'><strong>quem</strong></span> <span class='ocrx_word' id='word_1_864' title='bbox 2613 5209 2752 5255; x_wconf 77' lang='lat' dir='ltr'><strong>tenet</strong></span> <span class='ocrx_word' id='word_1_865' title='bbox 2786 5202 3120 5273; x_wconf 82' lang='lat' dir='ltr'><strong>Ophiuchus,</strong></span> <span class='ocrx_word' id='word_1_866' title='bbox 3140 5209 3337 5263; x_wconf 87' lang='lat' dir='ltr'><strong>occidit</strong></span> <span class='ocrx_word' id='word_1_867' title='bbox 3362 5225 3448 5261; x_wconf 85' lang='lat' dir='ltr'><strong>ar—</strong></span> 
     </span>
    </p>
   </div>
   <div class='ocr_carea' id='block_1_109' title="bbox 1903 5285 3446 5367">
    <p class='ocr_par' dir='ltr' id='par_1_109' title="bbox 1903 5285 3446 5367">
     <span class='ocr_line' id='line_1_109' title="bbox 1903 5285 3446 5367; baseline 0.009 -31"><span class='ocrx_word' id='word_1_868' title='bbox 1903 5300 1999 5338; x_wconf 89' lang='lat' dir='ltr'><strong>cus</strong></span> <span class='ocrx_word' id='word_1_869' title='bbox 2023 5285 2225 5340; x_wconf 84' lang='lat' dir='ltr'><strong>zodiaci</strong></span> <span class='ocrx_word' id='word_1_870' title='bbox 2252 5301 2282 5338; x_wconf 85' lang='lat' dir='ltr'><strong>a</strong></span> <span class='ocrx_word' id='word_1_871' title='bbox 2311 5287 2520 5359; x_wconf 88' lang='lat' dir='ltr'><strong>Scorpii</strong></span> <span class='ocrx_word' id='word_1_872' title='bbox 2554 5301 2704 5361; x_wconf 82' lang='lat' dir='ltr'><strong>parte</strong></span> <span class='ocrx_word' id='word_1_873' title='bbox 2750 5293 2818 5347; x_wconf 77' lang='lat'><strong>9.6</strong></span> <span class='ocrx_word' id='word_1_874' title='bbox 2841 5297 3019 5351; x_wconf 80' lang='lat' dir='ltr'><strong>media“</strong></span> <span class='ocrx_word' id='word_1_875' title='bbox 3066 5298 3131 5352; x_wconf 89' lang='lat' dir='ltr'><strong>ad</strong></span> <span class='ocrx_word' id='word_1_876' title='bbox 3178 5309 3383 5367; x_wconf 88' lang='lat' dir='ltr'><strong>partem</strong></span> <span class='ocrx_word' id='word_1_877' title='bbox 3415 5304 3446 5350; x_wconf 75' lang='lat'><strong>9</strong></span> 
     </span>
    </p>
   </div>
   <div class='ocr_carea' id='block_1_110' title="bbox 1900 5371 3447 5454">
    <p class='ocr_par' dir='ltr' id='par_1_110' title="bbox 1900 5371 3447 5454">
     <span class='ocr_line' id='line_1_110' title="bbox 1900 5371 3447 5454; baseline 0.012 -31"><span class='ocrx_word' id='word_1_878' title='bbox 1900 5371 2246 5442; x_wconf 86' lang='lat' dir='ltr'><strong>Capricorni;</strong></span> <span class='ocrx_word' id='word_1_879' title='bbox 2276 5379 2535 5450; x_wconf 82' lang='lat' dir='ltr'><strong>Culminat</strong></span> <span class='ocrx_word' id='word_1_880' title='bbox 2573 5382 2640 5435; x_wconf 89' lang='lat' dir='ltr'><strong>ab</strong></span> <span class='ocrx_word' id='word_1_881' title='bbox 2680 5383 2901 5454; x_wconf 81' lang='lat' dir='ltr'><strong>Aquarii</strong></span> <span class='ocrx_word' id='word_1_882' title='bbox 2935 5388 2969 5441; x_wconf 90' lang='lat'><strong>8</strong></span> <span class='ocrx_word' id='word_1_883' title='bbox 3004 5388 3073 5441; x_wconf 69' lang='lat' dir='ltr'><strong>ad</strong></span> <span class='ocrx_word' id='word_1_884' title='bbox 3109 5392 3338 5444; x_wconf 81' lang='lat' dir='ltr'><strong>mediam</strong></span> <span class='ocrx_word' id='word_1_885' title='bbox 3379 5394 3447 5444; x_wconf 74' lang='lat'><strong>‘20</strong></span> 
     </span>
    </p>
   </div>
   <div class='ocr_carea' id='block_1_111' title="bbox 1901 5461 3445 5546">
    <p class='ocr_par' dir='ltr' id='par_1_111' title="bbox 1901 5461 3445 5546">
     <span class='ocr_line' id='line_1_111' title="bbox 1901 5461 3445 5546; baseline 0.014 -33"><span class='ocrx_word' id='word_1_886' title='bbox 1901 5461 2156 5518; x_wconf 90' lang='lat' dir='ltr'><strong>Piscium.</strong></span> <span class='ocrx_word' id='word_1_887' title='bbox 2188 5464 2381 5523; x_wconf 67' lang='lat' dir='ltr'><strong>Primae</strong></span> <span class='ocrx_word' id='word_1_888' title='bbox 2407 5473 2576 5524; x_wconf 73' lang='lat' dir='ltr'><strong>stella:</strong></span> <span class='ocrx_word' id='word_1_889' title='bbox 2601 5473 2936 5532; x_wconf 88' lang='lat' dir='ltr'><strong>descendunt</strong></span> <span class='ocrx_word' id='word_1_890' title='bbox 2958 5494 3076 5546; x_wconf 73' lang='lat' dir='ltr'><strong>quze</strong></span> <span class='ocrx_word' id='word_1_891' title='bbox 3093 5492 3220 5534; x_wconf 88' lang='lat' dir='ltr'><strong>sunt</strong></span> <span class='ocrx_word' id='word_1_892' title='bbox 3248 5485 3300 5535; x_wconf 89' lang='lat' dir='ltr'><strong>in</strong></span> <span class='ocrx_word' id='word_1_893' title='bbox 3322 5499 3445 5534; x_wconf 85' lang='lat' dir='ltr'><strong>cor-</strong></span> 
     </span>
    </p>
   </div>
   <div class='ocr_carea' id='block_1_112' title="bbox 1900 5564 3440 5638">
    <p class='ocr_par' dir='ltr' id='par_1_112' title="bbox 1900 5564 3440 5638">
     <span class='ocr_line' id='line_1_112' title="bbox 1900 5564 3440 5638; baseline 0.013 -34"><span class='ocrx_word' id='word_1_894' title='bbox 1900 5569 2051 5621; x_wconf 87' lang='lat' dir='ltr'><strong>pore,</strong></span> <span class='ocrx_word' id='word_1_895' title='bbox 2082 5571 2396 5616; x_wconf 85' lang='lat' dir='ltr'><strong>communes</strong></span> <span class='ocrx_word' id='word_1_896' title='bbox 2428 5564 2660 5617; x_wconf 68' lang='lat' dir='ltr'><strong>sinistra‘:</strong></span> <span class='ocrx_word' id='word_1_897' title='bbox 2685 5570 2865 5621; x_wconf 80' lang='lat' dir='ltr'><strong>manui</strong></span> <span class='ocrx_word' id='word_1_898' title='bbox 2889 5570 3195 5638; x_wconf 67' lang='lat' dir='ltr'><strong>Anguiferi;</strong></span> <span class='ocrx_word' id='word_1_899' title='bbox 3231 5574 3440 5634; x_wconf 86' lang='lat' dir='ltr'><strong>ultima,</strong></span> 
     </span>
    </p>
   </div>
   <div class='ocr_carea' id='block_1_113' title="bbox 1898 5645 3444 5723">
    <p class='ocr_par' dir='ltr' id='par_1_113' title="bbox 1898 5645 3444 5723">
     <span class='ocr_line' id='line_1_113' title="bbox 1898 5645 3444 5723; baseline 0.012 -29"><span class='ocrx_word' id='word_1_900' title='bbox 1898 5659 2018 5723; x_wconf 61' lang='lat' dir='ltr'><strong>qua;</strong></span> <span class='ocrx_word' id='word_1_901' title='bbox 2047 5645 2200 5699; x_wconf 88' lang='lat' dir='ltr'><strong>estin</strong></span> <span class='ocrx_word' id='word_1_902' title='bbox 2234 5660 2471 5704; x_wconf 79' lang='lat' dir='ltr'><strong>extrema</strong></span> <span class='ocrx_word' id='word_1_903' title='bbox 2508 5654 2699 5710; x_wconf 87' lang='lat' dir='ltr'><strong>cauda.</strong></span> <span class='ocrx_word' id='word_1_904' title='bbox 2733 5655 3002 5709; x_wconf 85' lang='lat' dir='ltr'><strong>Culminat</strong></span> <span class='ocrx_word' id='word_1_905' title='bbox 3025 5675 3088 5711; x_wconf 80' lang='lat' dir='ltr'><strong>ex</strong></span> <span class='ocrx_word' id='word_1_906' title='bbox 3120 5659 3240 5711; x_wconf 89' lang='lat' dir='ltr'><strong>aliis</strong></span> <span class='ocrx_word' id='word_1_907' title='bbox 3273 5659 3444 5712; x_wconf 84' lang='lat' dir='ltr'><strong>stellis</strong></span> 
     </span>
    </p>
   </div>
   <div class='ocr_carea' id='block_1_114' title="bbox 1896 5737 3439 5818">
    <p class='ocr_par' dir='ltr' id='par_1_114' title="bbox 1896 5737 3439 5818">
     <span class='ocr_line' id='line_1_114' title="bbox 1896 5737 3439 5818; baseline 0.014 -33"><span class='ocrx_word' id='word_1_908' title='bbox 1896 5737 2066 5801; x_wconf 88' lang='lat' dir='ltr'><strong>prior,</strong></span> <span class='ocrx_word' id='word_1_909' title='bbox 2098 5752 2214 5805; x_wconf 76' lang='lat' dir='ltr'><strong>qua:</strong></span> <span class='ocrx_word' id='word_1_910' title='bbox 2260 5749 2343 5794; x_wconf 87' lang='lat' dir='ltr'><strong>est</strong></span> <span class='ocrx_word' id='word_1_911' title='bbox 2379 5742 2430 5793; x_wconf 88' lang='lat' dir='ltr'><strong>in</strong></span> <span class='ocrx_word' id='word_1_912' title='bbox 2481 5743 2672 5798; x_wconf 73' lang='lat' dir='ltr'><strong>dextro</strong></span> <span class='ocrx_word' id='word_1_913' title='bbox 2703 5746 2835 5815; x_wconf 88' lang='lat' dir='ltr'><strong>pede</strong></span> <span class='ocrx_word' id='word_1_914' title='bbox 2876 5746 3095 5817; x_wconf 81' lang='lat' dir='ltr'><strong>Cephei,</strong></span> <span class='ocrx_word' id='word_1_915' title='bbox 3141 5759 3192 5804; x_wconf 93' lang='lat' dir='ltr'><strong>et</strong></span> <span class='ocrx_word' id='word_1_916' title='bbox 3223 5766 3340 5818; x_wconf 77' lang='lat' dir='ltr'><strong>quze</strong></span> <span class='ocrx_word' id='word_1_917' title='bbox 3381 5751 3439 5807; x_wconf 85' lang='lat' dir='ltr'><strong>in</strong></span> 
     </span>
    </p>
   </div>
   <div class='ocr_carea' id='block_1_115' title="bbox 1897 5829 3430 5906">
    <p class='ocr_par' dir='ltr' id='par_1_115' title="bbox 1897 5829 3430 5906">
     <span class='ocr_line' id='line_1_115' title="bbox 1897 5829 3430 5906; baseline 0.012 -28"><span class='ocrx_word' id='word_1_918' title='bbox 1897 5829 2068 5882; x_wconf 83' lang='lat' dir='ltr'><strong>media</strong></span> <span class='ocrx_word' id='word_1_919' title='bbox 2103 5845 2236 5886; x_wconf 87' lang='lat' dir='ltr'><strong>urna</strong></span> <span class='ocrx_word' id='word_1_920' title='bbox 2273 5836 2495 5903; x_wconf 85' lang='lat' dir='ltr'><strong>Aquarii</strong></span> <span class='ocrx_word' id='word_1_921' title='bbox 2529 5838 2713 5893; x_wconf 90' lang='lat' dir='ltr'><strong>ultima</strong></span> <span class='ocrx_word' id='word_1_922' title='bbox 2737 5855 2945 5906; x_wconf 83' lang='lat' dir='ltr'><strong>earum,</strong></span> <span class='ocrx_word' id='word_1_923' title='bbox 2971 5842 3278 5906; x_wconf 76' lang='lat' dir='ltr'><strong>australior,</strong></span> <span class='ocrx_word' id='word_1_924' title='bbox 3319 5857 3430 5905; x_wconf 69' lang='lat' dir='ltr'><strong>1am</strong></span> 
     </span>
    </p>
   </div>
  </div>
