4094 6328
643 283 774 358 ηαδ
1605 296 1694 352 su
1721 296 1982 352 susse"
2018 297 2402 356 cano-31cm:
2435 298 2792 356 AI’PENDIX.
3633 270 3640 276 ’
3679 303 3706 356 ι
3725 301 3826 358 m

640 421 774 474 sunt,
802 412 854 467 in
879 411 1045 466 cauda
1077 409 1250 466 Piscis
1274 411 1560 478 australis;
1597 421 1649 466 et
1686 429 1806 483 qua:
1837 421 1918 469 est
1945 413 1999 468 in
2035 431 2170 486 genu
2202 433 2247 490 Α

2202 433 2247 490 Α
2273 418 2432 485 φέως,
2461 417 2553 470 καὶ
2580 417 2608 468 6
2647 417 2702 467 ὲν
2733 415 2868 486 μέσῃ
2890 415 2954 484 τῇ
2989 415 3198 468 κάλπιδι
3219 416 3310 469 τοῦ
3341 416 3641 488 ’Υδροχόου,
3669 419 3813 490 laxa

639 505 960 578 Cassiepem.
984 503 1193 560 Occidit
1215 501 1449 572 Serpens
1476 505 1632 572 ,ltoris
1659 504 1770 560 fere
1799 507 1850 558 5.
2249 531 2252 536 -

2249 531 2252 536 '
2277 525 2368 570 τος
2393 509 2446 560 δὲ
2477 507 2567 561 τοῦ
2597 525 2652 558 τε
2685 505 2854 558 νοτίου
2889 507 3086 577 Ἰχθύος
3123 509 3151 560 6
3175 507 3485 579 νπιώτερος
3525 509 3631 562 τῶν
3660 513 3720 564 ὲν
3759 515 3827 581 τῇ

2279 600 2430 668 οὐρᾷ,
2463 597 2555 650 καὶ
2581 597 2677 668 τῆς
2701 599 3067 662 Κασσιεπείας
3095 601 3124 652 6
3149 602 3205 652 ἐν
3235 599 3312 670 τῷ
3345 601 3548 670 γόνατι.
3583 601 3742 655 Δύνει
3773 603 3827 654 δὲ

2277 693 2306 744 6
2323 692 2482 757 Ὄφις
2509 690 2565 744 ὲν
2587 687 2752 760 ὥραις
2777 695 2825 758 γ’
2849 689 2922 752 ὡς
2947 689 3185 756 ἔγγιστα.

650 809 654 812 -
701 785 838 838 Cum
873 782 1010 854 Lyra
1047 780 1320 837 descendit
1365 795 1492 850 pars
1539 779 1782 846 zodiaci,
1825 795 1944 851 qua:
1987 791 2070 836 est
2107 779 2176 835 ab

2349 783 2456 852 Τῆς
2477 781 2533 832 δὲ
2558 781 2736 851 Δύρας
2759 780 3034 850 δυνούσης,
3059 781 3441 848 συγκαταδύνει
3470 784 3566 850 μὲν
3591 783 3620 833 ὁ
3643 781 3829 846 ζωδια-

643 875 860 944 Aquarii
885 883 1032 942 parte
1058 873 1090 925 4
1119 874 1182 926 ad
1213 872 1314 938 ης
1347 873 1604 926 culminat
1633 873 1699 926 ab
1723 873 1922 928 Arietis
1951 873 2022 927 23
2059 887 2175 928 Ine-

2281 873 2374 935 κὸς
2398 872 2502 926 ἀπὸ
2523 871 2612 924 τοῦ
2646 871 2922 942 ’Υδροχύου
2950 873 3056 942 μοί.
3081 871 3118 923 6'
3145 872 3247 934 ἓως
3281 871 3560 943 ’Υδροχὸου
3595 873 3703 944 μοί.
3735 872 3827 942 ιβ’·

645 970 734 1022 dia
761 967 828 1022 ad
855 965 1017 1020 Tauri
1039 967 1091 1019 5.
1115 963 1291 1018 Prima
1321 965 1520 1019 occidit
1549 965 1724 1028 stella,
1757 966 2068 1036 praecedens
2095 965 2179 1018 lu-

2285 965 2600 1033 μεσουρανεῖ
2635 962 2691 1016 δὲ
2719 955 2825 1016 ἀπὸ
2861 962 3030 1032 Κριοῦ
3064 969 3109 1031 γ’
3143 965 3234 1017 καὶ
3265 971 3311 1016 κ’
3350 965 3516 1034 μέσης
3555 967 3658 1029 ’ἐως
3683 967 3831 1018 Ταύ-

647 1059 910 1123 cidarum,
933 1071 1052 1126 quae
1079 1065 1205 1112 sunt
1236 1056 1292 1110 in
1318 1057 1483 1126 jugo;
1515 1057 1726 1121 ultima,
1759 1071 1934 1125 quaeqa
1965 1064 2180 1126 septen-

2283 1070 2376 1124 ρου
2411 1059 2478 1120 γ’.
2525 1053 2633 1106 Καὶ
2662 1059 2709 1106 α’
2749 1052 2846 1122 μὲν
2874 1053 3047 1124 ἀστὴρ
3089 1053 3228 1106 δύνει
3253 1056 3281 1106 6
3313 1055 3610 1124 ἡγούμενος
3633 1057 3745 1109 τῶν
3777 1059 3833 1108 ὲν

647 1149 911 1218 trionibus
943 1149 1149 1218 adiacet
1176 1148 1383 1204 lucidas.
1414 1147 1686 1202 Culminat
1712 1162 1776 1202 ex
1821 1148 1940 1201 aliis
1986 1146 2178 1216 prima,

2280 1142 2355 1212 τῷ
2400 1141 2676 1212 ζυγώματι
2721 1141 3006 1212 λαμπρῶν,
3049 1142 3269 1212 ἔσχατος
3315 1144 3360 1196 6‘
3394 1146 3424 1195 6
3473 1145 3566 1196 ἀπ’
3615 1147 3835 1218 ἄρκτων

647 1213 821 1294 ιποιιίο
847 1239 1078 1302 illarum,
1102 1253 1219 1309 quae
1243 1239 1295 1293 in
1319 1238 1515 1292 Arietis
1531 1237 1732 1304 cauda;
1755 1237 1965 1300 ultima,
1994 1252 2180 1292 earum

2281 1234 2678 1304 παρακείμενος
2705 1232 2779 1302 τῷ
2798 1233 3049 1304 λαμπρῷ.
3089 1236 3424 1306 Μεσουρανεῖ
3443 1235 3496 1288 δὲ
3516 1236 3621 1301 τῶν
3655 1238 3835 1292 ἄλλων

647 1329 942 1395 stellarum,
967 1345 1084 1400 quae
1112 1331 1252 1384 inter
1277 1341 1539 1383 summam
1559 1326 1844 1396 tuspidem
1870 1327 2104 1382 Plciadis
2127 1334 2181 1379 et
2216 1373 2220 1378 ,

2218 1373 2220 1376 ,
2282 1333 2328 1378 α’
2370 1315 2467 1394 μὲν
2509 1325 2538 1377 6
2567 1324 2725 1394 μέσος
2758 1323 2862 1376 τῶν
2900 1331 2955 1376 έν
2988 1329 3051 1395 τῇ
3082 1327 3218 1398 οὐρᾷ
3259 1325 3350 1379 τοῦ
3385 1328 3576 1397 Κριοῦ,
3609 1329 3835 1399 ἔσχατος

649 1423 986 1486 Sucularum,
1020 1438 1140 1492 qua:
1187 1427 1314 1476 sunt
1345 1419 1399 1472 in
1428 1418 1615 1472 dextra
1648 1419 1842 1482 fronte,
1877 1420 1991 1473 sitae
2033 1424 2180 1479 sunt,

2281 1415 2335 1468 δὲ
2359 1415 2465 1468 τῶν
2495 1415 2692 1486 μεταξὺ
2725 1415 2818 1468 τοῦ
2847 1433 2904 1468 τε
2933 1417 3185 1482 ὀξυτάτου
3207 1418 3306 1488 τῆς
3329 1419 3580 1484 Πλειάδος
3609 1422 3837 1474 καὶτῶν

650 1515 914 1568 borealior
955 1521 1007 1568 et
1049 1511 1406 1580 splendidior;
1427 1511 1584 1564 besse
1615 1509 1780 1565 cubiti
1815 1509 1928 1565 fere
1973 1511 2184 1562 distans

2294 1506 2516 1571 Ὑάδων,
2549 1506 2654 1558 τῶν
2679 1509 2772 1559 ἐπὶ
2807 1506 2904 1560 τοῦ
2928 1507 3099 1572 δεξιοῦ
3135 1507 3410 1580 μετώπου,¹
3434 1513 3464 1564 6
3502 1511 3837 1584 βορειότερος

651 1620 678 1658 a
708 1603 1026 1660 meridiano.
1062 1601 1190 1658 ltem
1223 1602 1276 1656 in
1307 1601 1508 1672 majore
1539 1601 1744 1655 ambitu
1772 1599 2185 1672 Fluvii‘Orionis
2253 1663 2268 1678 ,Ι

2253 1597 2458 1678 ..αὐτῶν
2492 1599 2579 1650 καὶ
2612 1599 3018 1670 ὲκφανέστερος,
3047 1600 3468 1670 ὑπολειπόμενος
3497 1602 3591 1656 τοῦ
3621 1621 3833 1675 μεσημ-

653 1692 889 1748 secunda
917 1693 981 1746 ad
1031 1692 1472 1763 septentrionem,
1499 1699 1552 1745 et
1579 1691 1778 1754 lucida,
1807 1705 1836 1744 a
1888 1690 2186 1744 meridiano

2288 1685 2464 1757 ερινοῦ
2489 1687 2563 1751 ὡς
2601 1687 2645 1756 β’
2685 1689 2820 1758 μέρη
2863 1691 3108 1758 πήχεως·
3145 1691 3238 1743 καὶ
3277 1691 3378 1762 τῆς
3409 1693 3648 1766 μεγάλης
3681 1713 3839 1766 περι-

509 1825 512 1828 .
653 1784 860 1838 distans
886 1783 1106 1838 semisse
1129 1782 1292 1838 cubiti
1317 1801 1331 1848 ;
1353 1783 1479 1838 item
1509 1797 1629 1851 qua;
1654 1781 1792 1836 inter
1813 1780 2126 1850 praecisione

2222 1789 2256 1847 Β
2285 1782 2501 1854 φερείας
2541 1781 2632 1835 τοῦ
2653 1783 2760 1835 ἀπὸ
2783 1783 2875 1836 τοῦ
2916 1784 3162 1856 Ὠρίωνος
3191 1787 3438 1857 Ποταμοῦ
3477 1791 3506 1842 6
3531 1789 3573 1860 β’
3599 1791 3710 1843 τῶν
3739 1793 3839 1844 ἀπ’

655 1872 837 1940 Tauri,
867 1881 920 1928 et
946 1887 1100 1936 eam,
1137 1889 1256 1943 quae
1294 1881 1376 1928 cst
1421 1873 1475 1926 in
1530 1873 1774 1944 scapula,
1817 1871 1974 1928 besse
2016 1871 2182 1928 cubiti

2287 1873 2482 1944 ἄρκτου
2513 1873 2605 1926 καὶ
2648 1874 2916 1944 λαμπρὸς,
2955 1875 3370 1948 ὑπολειπόμενος
3395 1881 3488 1934 τοῦ
3530 1883 3843 1954 μεσημϐριὲ

653 1965 956 2032 praecedens
983 1963 1360 2019 meridianum.
1386 1963 1592 2020 Occidit
1620 1962 1760 2034 Lyra
1787 1963 1995 2018 duabus
2027 1963 2187 2017 unius

2287 1961 2375 2014 νοῦ
2411 1962 2486 2025 ὡς
2519 1963 2846 2033 ἡμιπήχιον’
2891 1965 2982 2017 καὶ
3023 1968 3050 2019 6
3099 1966 3298 2035 μεταξύ
3329 1971 3426 2040 τῆς
3453 1989 3512 2022 τε
3559 1974 3841 2044 ἀποτομῆς

651 2069 796 2110 nar-ae
823 2053 1091 2125 partibus.

2287 2051 2378 2104 τοῦ
2407 2052 2616 2123 Ταύρου
2643 2055 2737 2106 καὶ
2771 2054 2864 2108 τοῦ
2893 2058 2950 2108 ὲν
2989 2059 3056 2128 τῇ
3085 2057 3399 2130 ὠμοπλάτη,
3431 2063 3843 2132 προηγούμενος

2287 2143 2380 2196 τοῦ
2419 2144 2786 2216 μεσημϐρινοῦ
2831 2146 2904 2210 ὼς
2953 2147 2994 2216 β’
3038 2149 3180 2220 μέρη
3226 2152 3461 2220 πήχεως.
3509 2151 3661 2206 Δύνει
3699 2154 3760 2207 δὲ
3809 2157 3844 2226 ἠ

2289 2231 2438 2304 Λύρα
2467 2235 2522 2287 ἐν
2548 2235 2667 2287 δυσὶ
2697 2235 2914 2307 μέρεσιν
2940 2235 3106 2308 ὥρας.

715 2333 898 2404 Cygno
927 2333 1284 2388 descendente
1339 2332 1597 2389 zodiacus
1639 2333 1838 2388 occidit
1870 2334 1938 2388 ab
1964 2331 2188 2402 Aquarii

2355 2325 2458 2378 Τοῦ
2485 2326 2540 2380 δὲ
2574 2328 2820 2398 Ὄρνιθος
2849 2328 3092 2393 δύνοντος
3138 2331 3521 2400 συγκιταδύνει
3555 2333 3650 2404 μὲν
3690 2333 3843 2404 αὐτῷ

659 2435 808 2495 parte
832 2426 1006 2481 media
1032 2425 1064 2480 5
1089 2425 1156 2480 ad
1200 2426 1435 2479 Piscium
1464 2427 1560 2492 ης
1596 2425 1856 2478 culminat
1893 2425 1960 2478 ab
1990 2425 2188 2480 Arietis

2287 2421 2313 2471 6
2357 2417 2611 2481 ζωδιακὸς
2651 2420 2758 2472 ἀπὸ
2807 2419 2898 2472 τοῦ
2948 2420 3228 2490 ’Υδρὸχόου
3279 2425 3386 2493 μοί.
3438 2431 3478 2476 ε’
3525 2425 3692 2495 μέσης
3737 2425 3843 2488 ἓως

657 2517 726 2570 24
761 2517 935 2572 media
978 2517 1043 2571 ad
1083 2515 1426 2571 Geminorum
1457 2515 1540 2571 12.
1579 2515 1760 2568 Prima
1792 2515 1990 2569 occidit
2011 2515 2186 2580 stella,

2301 2509 2514 2579 Ἰχθύων
2545 2510 2654 2580 μοί.
2687 2509 2750 2562 ιδ’
2773 2527 2786 2540 ·
2821 2514 3138 2581 μεσουρανεῖ
3167 2511 3222 2564 δὲ
3257 2514 3363 2565 ἀπὸ
3388 2517 3482 2576 τοῦ
3519 2517 3686 2585 Κριοῦ
3725 2517 3839 2586 μοί.

658 2627 777 2682 quae
805 2619 888 2666 est
913 2611 967 2664 in
988 2611 1128 2664 rictu
1159 2610 1296 2679 Equi
1321 2628 1336 2676 ;
1377 2609 1588 2672 ultima,
1607 2607 1876 2662 borealior
1894 2623 1956 2662 ex
1983 2607 2050 2660 iis
2075 2623 2192 2676 qua:

2288 2599 2326 2652 6'
2358 2602 2450 2654 καὶ
2491 2608 2536 2653 κ’
2569 2601 2738 2670 μέσης
2769 2601 2872 2665 ἕως
2901 2603 3144 2673 Διδύμων
3176 2603 3264 2673 ιβ’.
3305 2605 3416 2657 Καὶ
3459 2612 3507 2658 α’
3539 2608 3634 2676 μὲν
3665 2609 3842 2679 ἀστὴρ

631 2719 633 2722 ·
659 2711 786 2757 sunt
816 2705 870 2756 in
890 2703 1228 2756 extremitate
1254 2702 1348 2753 ala:
1379 2699 1602 2753 dextrae.
1636 2695 1714 2751 Ex
1741 2699 1861 2754 aliis
1885 2699 2054 2752 stellis
2077 2699 2191 2752 cul-

2289 2691 2429 2746 δύνει
2443 2693 2472 2743 6
2487 2693 2542 2743 ὲν
2557 2691 2634 2760 τῷ
2649 2691 2834 2761 ῥύγχει
2847 2692 2957 2764 [τοῦ
2971 2693 3212 2767 ’Ὶππου],
3225 2694 3442 2767 ἔσχατος
3459 2697 3516 2749 δὲ
3530 2699 3558 2749 6
3575 2697 3841 2767 βορειότε-

659 2795 828 2847 minat
855 2792 1006 2862 prior
1027 2791 1276 2845 lucidain
1303 2790 1492 2844 dextro
1522 2789 1725 2844 femore
1745 2787 1924 2844 Pcrsci
1947 2806 1960 2855 ;
1993 2797 2045 2842 et
2071 2803 2194 2844 suc-

2295 2800 2382 2852 ρος
2395 2781 2502 2835 τῶν
2514 2785 2569 2836 ὲν
2583 2783 2724 2854 ἄκρᾳ
2744 2786 2809 2854 τῇ
2829 2784 2974 2856 δεξιᾷ
2985 2786 3233 2858 πτέρυγι.
3251 2787 3644 2859 Μεσουρανοῦσι
3663 2790 3720 2843 δὲ
3735 2791 3841 2842 τῶν

640 2873 857 2938 ιιῑιξίιεξῐιε
893 2897 1076 2937 carum
1115 2896 1234 2950 quae
1275 2881 1329 2934 in
1357 2878 1530 2933 cauda
1560 2886 1686 2936 sunt
1726 2879 1966 2946 Arietis;
2003 2879 2194 2934 ultima

2291 2873 2460 2928 ἄλλων
2479 2875 2719 2948 ἀστέρων
2739 2877 2941 2948 πρῶτοι
2967 2877 3064 2947 μὲν
3088 2878 3180 2930 τοῦ
3197 2880 3444 2952 Περσέως
3465 2883 3494 2934 6
3521 2882 3578 2934 ὲν
3596 2881 3669 2952 τῷ
3685 2881 3842 2950 δεξιῷ

660 2989 809 3039 vero,
831 2987 954 3028 eum
1001 2974 1160 3026 tertia
1193 2973 1258 3026 ab
1295 2985 1516 3045 occasu_
1542 2985 1726 3024 earum
1749 3011 1762 3036 ,
1796 2986 1915 3040 qua:
1963 2979 2089 3024 sunt
2137 2971 2194 3025 in

2295 2962 2448 3033 μηρῷ
2474 2963 2741 3035 λαμπρὸς,
2781 2965 2986 3018 καὶτοῦ
3011 2967 3177 3036 Κριοῦ
3202 2969 3230 3020 6
3255 2967 3514 3038 ἑπόμενος
3541 2969 3646 3024 τῶν
3674 2971 3734 3023 ὲν
3771 2975 3835 3041 τῇ

661 3062 885 3131 pedibus
908 3060 1250 3116 Geminorum
1289 3074 1300 3108 :
1329 3065 1440 3111 tum
1466 3059 1788 3115 antecedens
1817 3061 1979 3114 trium
2010 3061 2063 3113 in
2101 3059 2220 3131 είς-Χ

2292 3056 2453 3125 οὐρᾷ·
2489 3055 2700 3125 ἔσχατοι
2728 3057 2784 3109 δὲ
2815 3057 2921 3108 τῶν
2947 3057 3185 3128 Διδύμων
3225 3061 3254 3112 ὅ
3298 3078 3356 3114 τε
3397 3063 3578 3133 τρίτος
3601 3065 3708 3118 ἀπὸ
3751 3064 3841 3118 δύ-

663 3151 854 3213 nibus;
889 3149 1028 3203 ultra
1060 3149 1333 3202 meridiem
1373 3147 1477 3202 sita
1509 3148 1658 3218 131
1695 3149 2054 3204 semicubitali
2083 3149 2195 3206 fere
2220 3151 2266 3212 C

2220 3151 2266 3212 ε
2296 3163 2429 3208 σεως
2454 3146 2560 3198 τῶν
2585 3149 2641 3198 ὲν
2677 3151 2787 3210 τοῖς
2818 3149 2959 3212 ποσὶ,
2987 3149 3078 3201 καὶ
3103 3151 3130 3201 6
3171 3148 3470 3220 ἡγούμενος
3504 3152 3611 3206 τῶν
3647 3153 3704 3206 ἐν
3731 3155 3837 3216 τοῖς

664 3244 854 3312 εναιίο.
879 3241 1088 3296 Οοτιίιιίι
1115 3239 1330 3312 Cygnus
1363 3242 1512 3297 horis
1542 3243 1758 3296 circiter
1796 3243 1848 3308 5,
1886 3242 1986 3296 ω’.

2297 3236 2484 3303 γόνασι
2523 3244 2590 3304 γ’,
2621 3239 3024 3308 προηγούμενος
3059 3239 3151 3292 τοῦ
3189 3241 3576 3313 μεσημϐρινοῦ,
3605 3245 3682 3306 ὡς
3721 3245 3841 3314 ἡμι-

2298 3326 2506 3394 πὴχιον.
2557 3326 2712 3379 Δύνει
2760 3327 2818 3380 δὲ
2851 3330 2880 3380 6
2913 3333 3098 3402 Ὄρνις
3132 3333 3188 3384 ὲν
3225 3331 3394 3404 ὥραις
3440 3341 3487 3402 γ’
3524 3336 3616 3389 καὶ
3655 3343 3707 3400 ς’
3748 3328 3841 3406 μέ-

2301 3431 2402 3487 ρει.

736 3503 899 3558 XXV.
940 3502 1138 3572 Cephei
1181 3505 1361 3570 partes
1402 3511 1478 3552 ea:
1524 3497 1696 3551 solum
1747 3495 2032 3561 occidunt,
2081 3512 2201 3566 quae

2368 3509 2494 3562 KE'.
2519 3509 2618 3561 Τοῦ
2631 3509 2686 3562 δὲ
2704 3509 2934 3579 Κηφέως
2954 3511 3096 3565 δύνει
3117 3513 3184 3565 τὰ
3200 3531 3264 3566 πε
3273 3515 3428 3586 ρἰτὴν
3441 3518 3679 3590 κεφαλὴν
3701 3520 3840 3591 μέρη

665 3605 792 3652 sunt
819 3587 885 3650 ad
915 3601 1092 3664 caput.
1117 3591 1251 3646 Cum
1279 3605 1342 3644 eo
1368 3588 1642 3644 descendit
1675 3589 1928 3644 zodiacus
1959 3589 2025 3643 ab
2049 3588 2203 3644 Arie-

2303 3595 2478 3662 μόνον.
2505 3596 2611 3648 Καὶ
2645 3597 3026 3664 συγκαταδύνει
3062 3600 3158 3668 μὲν
3185 3602 3330 3672 αὐτῷ
3367 3605 3395 3656 6
3443 3587 3841 3672 ζωδιακὸς-ἀπὸ

664 3689 736 3741 tis
769 3687 800 3739 8
839 3693 984 3754 parte
1029 3683 1203 3738 media
1239 3683 1304 3738 ad
1334 3683 1434 3748 M;
1469 3681 1725 3736 culminat
1749 3695 1777 3734 a
1826 3679 2017 3734 Cancri
2069 3681 2102 3736 9
2135 3681 2202 3736 ad

2299 3685 2468 3756 Κριοῦ
2517 3689 2622 3757 μοί.
2667 3696 2715 3760 η’
2755 3689 2923 3760 μέσης
2967 3691 3068 3756 ἕως
3111 3695 3279 3765 Κριοῦ
3316 3697 3408 3750 ιδό
3445 3705 3763 3772 μεσουρανεῖ
3788 3702 3841 3755 δὲ

667 3776 754 3845 16,
804 3775 982 3828 Prima
1028 3773 1181 3827 stella
1227 3771 1466 3825 occidit.
1503 3810 1514 3821 .
1550 3810 1564 3824 .
1597 3809 1612 3824 .
1643 3769 1914 3824 Culminat
1967 3787 2032 3826 ex
2079 3771 2200 3825 aliis

2301 3777 2404 3830 ἀπὸ
2422 3779 2692 3849 Καρκίνου
2725 3781 2905 3850 μοί..θ’
2929 3783 3033 3847 ἓως
3059 3787 3326 3857 Καρκίνου
3347 3789 3456 3859 μοί.
3483 3799 3556 3855 ις’
3581 3769 3650 3846 δέ.
3667 3793 3776 3858 Καὶ
3797 3798 3843 3846 α’

669 3866 837 3922 stellis
875 3865 1063 3935 prima,
1104 3861 1390 3916 australior
1413 3858 1604 3914 Cancri
1627 3875 1692 3914 cx
1722 3861 1807 3916 his
1835 3875 1953 3929 quae
1983 3861 2050 3914 ab
2079 3869 2199 3914 ortu

2307 3869 2400 3936 μὲν
2439 3870 2613 3940 ἀστὴρ
2647 3869 2818 3924 δύνεν
2855 3877 3236 3946 μεσουρανοῦσι
3267 3878 3322 3931 δὲ
3351 3858 3461 3933 τῶν
3487 3881 3662 3936 ἄλλων
3689 3883 3841 3937 ἀστέ-

669 3959 814 4012 circa
842 3953 1160 4009 nubeculam
1207 3951 1324 4006 sita:
1356 3957 1503 4016 sunt,
1547 3949 1822 4018 paululum
1854 3949 1989 4002 citra
2038 3950 2204 4003 meri-

2307 3974 2409 4027 ρων
2437 3958 2484 4012 α’
2506 3960 2602 4031 μὲν
2620 3960 2714 4014 τοῦ
2737 3979 2796 4015 τε
2821 3965 3090 4036 Καρκίνου
3111 3969 3140 4021 6
3155 3969 3464 4041 νοτιώτερος
3477 3971 3582 4026 τῶν
3603 3974 3695 4026 ἀπ’
3719 3975 3845 4026 ἀνα·-

671 4041 815 4104 ίίἰεηί
853 4047 1064 4118 posita:
1093 4054 1202 4098 tum
1235 4041 1432 4106 lucida,
1463 4055 1582 4111 qua:
1628 4041 1682 4093 in
1729 4039 2066 4094 extremitate
2104 4040 2206 4093 Ar-

2303 4049 2456 4121 τολῆς
2509 4053 2635 4124 περὶ
2678 4053 2738 4124 τδ
2779 4057 3017 4124 νεφέλιον
3059 4061 3342 4130 κειμένων,
3374 4039 3584 4134 μικρὸν
3631 4066 3843 4118 ὑπολει-

671 4157 770 4210 gus
815 4138 1062 4192 :ultimae
1120 4135 1448 4198 culminant,
1500 4132 1680 4188 lucida
1735 4133 1792 4188 in
1843 4133 2205 4190 anterioribus

2305 4138 2546 4209 πόμενος·
2567 4142 2656 4195 τοῦ
2689 4146 3074 4216 μεσημϐρινοῦ,
3099 4149 3190 4202 καὶ
3225 4151 3325 4219 τῆς
3365 4132 3590 4221 Ἀργοῦς
3627 4155 3658 4206 6
3687 4157 3744 4206 ἐν
3769 4154 3843 4224 τῷ

673 4231 823 4286 Ursae
851 4229 1093 4299 genibus,
1125 4226 1398 4292 paululum
1430 4226 1564 4278 eitra
1589 4224 1943 4280 meridianum
1973 4226 2107 4290 sila;
2153 4233 2208 4282 et

2303 4225 2629 4299 ἁκροστολίῳ
2672 4228 2918 4302 λαμπρός
2937 4249 2948 4262 ·
2979 4235 3197 4304 ἔσχατος
3225 4237 3280 4289 δὲ
3317 4238 3416 4308 τῆς
3451 4241 3682 4310 Ἀρκτου
3721 4247 3752 4296 6
3791 4245 3844 4296 ὲν

671 4319 724 4371 in
755 4317 962 4372 Cancro
988 4313 1159 4367 media
1196 4310 1380 4374 trium,
1413 4326 1533 4382 qua:
1573 4307 1699 4366 sunt
1725 4313 1872 4366 circa
1913 4315 2204 4370 australem

2301 4319 2412 4380 τοῖς
2442 4319 2786 4390 ἐμπροσθίοις
2817 4324 3004 4390 γόνασι
3037 4326 3302 4398 λαμπρὸς,
3337 4307 3533 4400 μικρὸν
3565 4331 3844 4386 ὑπολειπό-

671 4409 902 4472 (.‘.lielen;
945 4419 1042 4458 nec
1079 4419 1186 4456 non
1224 4402 1407 4472 llydri,
1440 4416 1560 4470 qua:
1591 4401 1646 4454 in
1678 4401 1858 4456 radice
1883 4403 2042 4468 colli;
2087 4413 2202 4458 tum

2231 4487 2259 4490 _
2307 4425 2463 4477 μενος
2488 4409 2580 4464 τοῦ
2632 4415 2994 4485 μεσημϐρινοῦ
3017 4433 3028 4446 ·
3062 4418 3154 4470 καὶ
3184 4417 3274 4469 τοῦ
3317 4420 3587 4490 Καρκίνου
3615 4423 3644 4474 6
3685 4425 3843 4490 μέσος

677 4501 848 4554 lucida
878 4499 932 4552 in
957 4496 1118 4550 Navis
1141 4496 1323 4558 latere,
1345 4495 1622 4564 paululum
1655 4493 1792 4547 citra
1820 4495 2194 4550 meridianum.
2229 4487 2272 4541 Ι)

2229 4487 2272 4541 Ῑ)
2300 4497 2404 4551 τῶν
2501 4499 2610 4554 τῶν
2633 4505 2758 4573 περὶ
2786 4504 2882 4575 τὴν
2910 4507 3086 4558 νοτίαν
3107 4507 3286 4580 Χηλήν
3305 4527 3319 4539 ³
3351 4487 3442 4564 καὶ
3478 4513 3569 4566 τοῦ
3599 4487 3794 4586 ’Υδρου
3819 4516 3845 4566 6

675 4592 767 4642 ἐπὶ
788 4595 885 4660 τῆς
913 4591 1185 4660 ἐκφύσεως
1213 4591 1302 4643 τοῦ
1335 4591 1626 4662 τραχήλουο
1655 4594 1760 4644 καὶ,
1813 4592 1909 4662 τῆς
1950 4591 2172 4662 ’Λργοῦς
2210 4595 2239 4645 6
2303 4596 2360 4648 ἐν
2395 4595 2543 4666 μέσῳ
2587 4598 2664 4668 τῷ
2701 4599 2860 4672 τοίχῳ
2891 4602 3135 4673 λαμπρὸς
3193 4607 3381 4678 μικρὸν
3435 4606 3814 4661 ὐπολειπόαενν

673 4683 764 4735 τοῦ
797 4685 1185 4756 μεσημϐρινοῦ.

745 4803 1033 4872 Occidente
1056 4819 1336 4888 Cassiepea
1358 4819 1609 4872 zodiacus
1631 4835 1736 4874 una
1755 4821 1949 4876 occidit
1972 4823 2039 4878 ab
2058 4823 2210 4878 Arie-

2381 4826 2490 4896 Τῆς
2539 4827 2594 4880 δὲ
2641 4831 3002 4893 Κασσιεπείας
3033 4831 3306 4905 δυνούσης,
3345 4841 3726 4904 συγκαταδύνει
3755 4843 3847 4910 μὲν

675 4907 746 4959 tis
769 4905 848 4970 ‘21
876 4907 942 4958 ad
983 4907 1142 4961 Tauri
1189 4909 1414 4962 mediam
1459 4917 1663 4976 partem
1707 4911 1808 4977 24;
1842 4913 2099 4966 culminat
2143 4914 2210 4967 ab

2315 4917 2446 4987 αὐτῇ
2481 4921 2508 4970 6
2532 4919 2784 4982 ζωδιακὸς
2822 4921 2926 4973 ἀπὸ
2953 4923 3123 4992 Κριοῦ
3159 4925 3265 4995 μοί.
3292 4932 3340 4977 α’
3373 4930 3464 4980 καὶ
3487 4929 3534 4981 κ’
3566 4930 3667 4992 ειυς
3707 4905 3845 4983 Ταύ-

675 4997 870 5051 Cancri
909 4996 978 5050 ει
1017 4997 1084 5050 ad
1113 4997 1346 5069 Virginis
1373 4999 1424 5052 5.
1453 4999 1611 5054 Prior
1639 5001 1834 5055 occidit
1867 5004 2020 5058 stella
2051 5005 2201 5083 capif

2315 5025 2408 5076 pou
2453 5009 2492 5060 6'
2523 5011 2618 5062 καὶ
2649 5017 2696 5063 κ’
2731 5012 2926 5080 μέσης·
2976 5021 3292 5086 μεσουρανεῖ
3328 5018 3382 5071 δὲ
3423 5020 3530 5072 ἀπὸ
3577 5022 3840 5092 Καρκίνον

595 5145 597 5147 ,
679 5087 780 5152 tis;
808 5087 1016 5150 ultima,
1051 5103 1166 5155 qua:
1209 5091 1376 5144 estin
1417 5091 1662 5159 pedibus.
1702 5090 2002 5147 Culminant
2035 5093 2210 5164 primo

2319 5099 2424 5166 μοι.
2457 5098 2496 5150 δ’
2526 5101 2693 5153 καὶκκν
2721 5102 2824 5164 ἓως
2849 5104 3117 5175 Παρθένου
3150 5113 3208 5159 ε’.
3239 5109 3344 5160 Καὶ
3368 5109 3538 5180 α”μὲν
3561 5087 3732 5182 ἀστὴρ
3760 5113 3847 5166 δύ-

677 5174 874 5228 Leonis
904 5176 1140 5230 anterior
1161 5191 1290 5245 pes;
1319 5187 1372 5231 ct
1393 5195 1579 5232 carum
1611 5195 1730 5249 qua:
1766 5190 1891 5235 sunt
1919 5183 1973 5236 in
2009 5183 2207 5252 capite,

2314 5203 2390 5240 νει
2431 5191 2544 5242 ὁ-ὲν
2575 5193 2637 5261 τῇ
2668 5193 2895 5264 κεφαλῇ,
2932 5174 3148 5265 ἔσχατος
3170 5197 3224 5250 δὲ
3252 5202 3280 5250 6
3305 5200 3362 5251 ἐν
3388 5174 3497 5261 τοῖς
3527 5174 3847 5256 msh-Ibies-

679 5266 1010 5320 lucidissima
1053 5283 1196 5322 :nec
1240 5270 1545 5341 non‘Hydri
1601 5273 2057 5342 splendidissima.
2117 5275 2211 5328 Ul-

2315 5296 2372 5330 ου
2379 5280 2591 5349 ρανοῦσι
2606 5283 2661 5334 δὲ
2678 5283 2782 5337 τῶν
2797 5285 2964 5341 ἄλλων
2984 5288 3220 5358 ἀστέρων
3239 5289 3286 5343 α’
3303 5291 3400 5360 μὲν
3419 5291 3510 5344 τοῦ
3523 5293 3744 5357 Λέοντος
3759 5296 3786 5346 ὃ
3799 5310 3849 5346 τε

682 5357 831 5420 timo,
862 5353 1118 5412 Draconis
1153 5357 1388 5413 secunda
1415 5373 1598 5414 earum
1632 5375 1748 5430 qum
1781 5362 1848 5414 ab
1879 5363 2048 5418 cauda
2085 5371 2210 5418 sunt

2317 5369 2646 5440 ἔμπρὸσθιος
2668 5373 2819 5440 ποῦς,
2843 5376 2934 5429 καὶ
2959 5376 3062 5428 τῶν
3099 5353 3156 5432 έν
3178 5383 3240 5450 τῇ
3264 5353 3467 5454 κεφαλῇ
3491 5386 3521 5437 6
3549 5353 3849 5458 λαμπρότα-

685 5443 888 5510 lucidae,
929 5455 980 5500 et
1017 5461 1217 5516 quaem
1257 5454 1434 5504 rostro
1466 5449 1654 5519 Corvi;
1697 5467 1796 5507 nec
1841 5468 1951 5508 non
1987 5469 2104 5524 qua:
2156 5455 2212 5510 in

2317 5475 2422 5526 τος,
2444 5461 2535 5514 καὶ
2560 5462 2864 5536 τοῦὝδρου
2895 5469 2923 5519 6
2949 5443 3568 5544 λαμπρότατος-’ἔσχατοι
3591 5443 3650 5528 δέ
3679 5443 3776 5530 ⁶ιίοῦ
3800 5491 3852 5528 τε

751 5598 794 5629 ⁸⁸
817 5597 940 5661 Req.
969 5599 1024 5652 ιδ’
1031 5639 1044 5654 .
