4094 6328
307 526 446 580 1105

1253 523 1613 582 lllPPABClll
1653 524 1740 579 AD
1778 524 2221 580 ΡΗΑΞΝΟΜΕΝΛ
2259 525 2384 578 LIB.
2427 524 2487 578 ll.

3351 525 3483 582 1106

308 641 653 710 Δράκοντοςό
687 639 729 710 β’
763 641 868 694 τῶν
891 641 998 694 ἀπὸ
1017 642 1112 711 τῆς
1141 643 1304 712 οὐρᾶς
1325 642 1608 712 λαμπρῶν,
1649 643 1740 694 καὶ
1764 642 1856 695 τοῦ

1985 643 2078 712 ιῙιιε
2116 643 2307 712 capite.
2362 641 2572 697 Occidit
2601 639 2885 712 Cassiepea
2917 639 3063 696 horis
3089 638 3144 700 2.
3187 645 3240 695 et
3278 639 3484 707 duabus

309 733 551 802 Κόρακος
571 732 599 784 6
623 749 680 784 τε
706 733 763 784 ὲν
791 731 866 802 τῷ
900 733 1085 802 ῥύγχει
1117 734 1210 787 καὶ
1232 736 1259 786 6
1289 736 1345 786 ὲν
1371 737 1435 805 τῇ
1460 734 1684 804 κεφαλῇ.
1704 733 1854 786 Δύνει

305 824 363 875 δὲ
391 825 423 892 ή
457 824 786 878 Κασσιέπεια
816 825 872 875 ὲν
896 824 1062 894 ὥραις
1097 823 1140 893 β’
1171 824 1264 876 καὶ
1291 825 1410 876 δυσὶ⁸
1451 825 1668 894 μέρεσιν
1688 823 1852 895 ὧρας.

379 915 486 984 Τῆς
514 909 571 966 δὲ
625 915 974 984 Ἀνδρομέδας
1023 915 1294 982 δυνούοης,
1332 914 1712 981 συγκαταδύνει
1760 915 1858 983 μὲν

307 1008 445 1076 αὐτῇ
475 1008 502 1059 6
544 1006 802 1070 ζωδιακὸς
827 1005 933 1059 ἀπὸ
974 1003 1187 1074 Ἰχθύων
1245 992 1303 1074 ﬂ"
1347 1006 1440 1058 καὶ
1469 1011 1512 1056 κ’
1555 1004 1660 1074 μοί.
1693 1003 1858 1074 μέσης

309 1097 414 1157 ἕως
446 1096 610 1166 Κριοῦ
639 1103 687 1165 η’
726 1097 816 1149 καὶ
839 1094 884 1148 κ’
919 1097 1085 1167 μέσης
1105 1113 1117 1126 ο
1153 1097 1469 1166 μεσουρανεῖ
1493 1095 1549 1147 δὲ
1579 1081 1684 1146 ἀπὸ
1714 1094 1861 1145 Διδύ-

314 1204 432 1257 μων
480 1187 528 1240 α’
568 1188 659 1240 καὶ
712 1195 758 1240 κ’
812 1190 980 1258 μέσης
1024 1189 1128 1250 ἓως
1172 1187 1395 1248 Λέοντος
1434 1183 1497 1254 β’.
1542 1186 1648 1238 Καὶ
1685 1191 1729 1236 α’
1767 1185 1861 1254 μὲν

309 1279 486 1350 ἀστὴρ
512 1278 655 1332 δύνει
675 1281 702 1332 6
729 1281 786 1333 ὲν
814 1283 878 1350 τῇ
907 1280 1134 1350 κεφαλῇ,
1160 1279 1379 1348 ἔσχατος
1402 1278 1457 1331 δὲ
1480 1279 1508 1329 6
1541 1277 1865 1348 βορειότερος

305 1365 415 1420 τῶν
467 1369 525 1419 ὲν
566 1368 643 1438 τῷ
690 1369 843 1439 δεξιῷ
877 1371 1014 1422 ποδί.
1056 1365 1458 1439 Μεσουρανοῦσι
1488 1368 1544 1419 δὲ
1571 1367 1675 1419 τῶν
1697 1365 1866 1419 ἄλλων

308 1458 550 1530 ἀστέρων
581 1461 637 1512 ἐν
667 1460 806 1530 ἀρχῇ
850 1461 945 1530 μὲν
977 1459 1006 1512 ὅ
1029 1476 1085 1511 τε
1114 1461 1170 1512 ἐν
1193 1458 1270 1528 τῷ
1301 1457 1486 1528 ῥύγχει
1508 1459 1603 1528 τῆς
1632 1457 1868 1528 μεγάλης

316 1549 572 1618 Ἀρκτου,
606 1551 697 1602 καὶ
723 1553 750 1603 6
774 1551 831 1602 ὲν
857 1553 922 1620 τῇ
957 1550 1163 1620 κεφαλῇ
1189 1549 1280 1601 τοῦ
1307 1549 1625 1620 ἡγουμένου,
1661 1549 1753 1602 καὶ
1776 1547 1866 1600 τοῦ

311 1639 486 1703 Κυνὸς
530 1642 559 1693 6
597 1640 926 1714 βορειότατος
974 1641 1078 1693 τῶν
1110 1644 1166 1693 ὲν
1195 1643 1257 1710 τῇ
1302 1639 1527 1709 κεφαλῇ’
1568 1637 1787 1708 ἔσχατον
1815 1637 1870 1689 δὲ

314 1727 705 1798 μεσουρανοῦσι
740 1729 831 1781 τοῦ
870 1745 928 1782 τε
963 1729 1258 1798 Δράκοντος
1307 1729 1334 1778 6
1378 1727 1436 1780 ὲν
1475 1726 1618 1799 ἄκρᾳ
1646 1729 1709 1796 τῇ
1739 1726 1872 1794 οὐρᾷ

313 1819 408 1871 καὶ
433 1822 462 1872 6
490 1819 647 1888 μέσος
663 1821 776 1873 τῶν
809 1823 866 1873 ὲν
891 1820 968 1891 τῷ
989 1819 1236 1890 τραχήλῳ
1262 1817 1422 1871 αὐτοῦ
1448 1817 1495 1886 γ’
1520 1819 1602 1870 ἐπ’
1639 1816 1868 1880 εὐθείας,

314 1909 408 1961 καὶ
435 1909 526 1961 τοῦ
561 1911 768 1982 Ταύρου
798 1913 825 1963 6
853 1908 899 1979 γ’
927 1911 1030 1964 τῶν
1063 1909 1197 1981 μετά
1223 1911 1311 1962 τὸν
1339 1909 1585 1980 λαμπρὸν
1615 1907 1873 1968 ἀνατολὰς

1958 735 2102 788 hora:
2134 735 2394 804 partibus.

2023 909 2158 965 Cum
2203 909 2540 964 Andromeda
2584 908 2860 964 descendit
2909 924 3067 964 arcus
3109 909 3311 963 zodiaci
3345 924 3372 962 a
3401 908 3486 963 Pi-

1959 1003 2128 1056 scium
2160 1011 2312 1071 parte
2339 1002 2410 1060 22
2431 1002 2602 1057 media
2631 1018 2800 1072 usque
2824 1002 2890 1056 ad
2914 1002 3110 1057 Arietis
3132 1002 3201 1056 28
3223 1002 3484 1064 mediam;

1957 1090 2216 1143 culminat
2275 1106 2306 1143 a
2355 1090 2700 1146 Geminorum
2746 1091 2808 1144 21
2870 1092 3041 1145 media
3083 1091 3148 1145 ad
3206 1091 3398 1146 Leonis
3434 1091 3486 1145 2.

1960 1179 2137 1234 Prima
2182 1182 2379 1235 occidit
2421 1198 2538 1252 qua:
2570 1190 2652 1238 est
2695 1183 2749 1235 in
2795 1183 3000 1250 capite;
3049 1181 3258 1245 ultima,
3307 1197 3490 1236 earum

1959 1285 2080 1341 qua:
2107 1284 2230 1326 sunt
2269 1273 2324 1326 in
2365 1271 2554 1327 dextro
2584 1274 2735 1343 pede,
2768 1274 3044 1328 borealior.
3077 1274 3386 1329 Culminant
3428 1291 3492 1329 ex

1965 1361 2085 1415 aliis
2116 1361 2307 1426 stellis,
2336 1362 2486 1417 initio
2511 1365 2748 1432 quidem,
2781 1381 2898 1434 qum
2921 1375 3002 1420 est
3033 1367 3086 1420 in
3118 1374 3296 1420 rostro
3325 1367 3494 1436 majo-

1967 1453 2042 1506 ris
2075 1450 2253 1519 Ursaz;
2299 1461 2350 1506 et
2379 1470 2496 1522 qua:
2544 1455 2597 1508 in
2641 1456 2815 1524 capite
2864 1457 3209 1526 praecedentis
3233 1456 3446 1512 Gemini
3479 1477 3490 1511 :

1967 1553 2079 1599 tum
2128 1547 2360 1600 maxime
2395 1546 2626 1601 borcalis
2668 1562 2852 1601 earum
2900 1564 3020 1619 quae
3068 1549 3274 1604 suntin
3321 1552 3496 1620 capite

1966 1641 2146 1695 Canis.
2176 1639 2458 1696 Postremo
2487 1642 2782 1696 culminant
2821 1657 2882 1696 ea
2911 1659 3030 1712 qua:
3069 1651 3150 1699 est
3175 1645 3228 1697 in
3262 1653 3497 1701 extrema

1967 1730 2140 1784 cauda
2171 1729 2468 1794 Draconis,
2498 1740 2548 1787 et
2579 1733 2752 1788 media
2797 1735 2956 1788 trium
2988 1749 3104 1804 qme
3135 1736 3188 1789 in
3216 1736 3334 1805 ejus
3361 1736 3500 1790 collo

1970 1823 2022 1876 in
2046 1823 2309 1877 directum
2340 1823 2455 1878 sitae
2485 1832 2628 1878 sunt.
2659 1824 2787 1880 Item
2820 1826 2874 1878 in
2896 1824 3074 1880 Tauro
3101 1827 3256 1881 tertia
3280 1827 3344 1880 de
3367 1841 3501 1896 qua:

1975 1921 2116 1976 tuor,
2146 1929 2264 1983 qua:
2304 1915 2368 1968 ad
2399 1916 2658 1969 orientem
2706 1924 2831 1970 sunt
2860 1925 2981 1987 post
3013 1918 3266 1973 lucidam.
3295 1916 3502 1973 Occidit

311 1997 374 2051 δ’.
408 1999 559 2051 Δύνει
596 2001 652 2053 δὲ
696 2005 727 2070 ἡ
777 2001 1094 2072 Ἀνδρομέδα
1144 2004 1200 2055 έν
1241 1999 1408 2071 ὥραις
1447 1998 1492 2067 γ’
1515 1999 1588 2063 ὡς
1628 1997 1864 2067 ἔγγιστα.

1985 2004 2307 2059 \ndromeda
2335 2004 2482 2059 boris
2511 2005 2751 2073 proxime
2774 2006 2967 2061 tribus.

387 2088 491 2140 T06
525 2089 580 2142 δὲ
614 2091 804 2143 Ἵππου
834 2091 1094 2155 δύνοντος,
1126 2090 1511 2160 συγκαταδύνει
1541 2090 1636 2160 μὲν
1669 2090 1814 2158 αὐτῷ
1840 2090 1868 2140 6

313 2179 574 2243 ζωδιακὸς
609 2181 714 2234 ἀπὸ
757 2181 1036 2252 ’Υδροχόου
1070 2183 1179 2252 μοί.
1206 2173 1270 2249 ιγ’
1314 2181 1480 2250 μέσης
1512 2181 1614 2242 έως
1656 2180 1870 2249 Ἰχθύων

317 2271 427 2339 poi.
469 2270 553 2340 ιγ’
577 2276 890 2343 μεσουρανεϊ
921 2273 976 2325 δὲ
1003 2273 1107 2325 ἀπὸ
1138 2270 1348 2340 Ταύρου
1382 2270 1422 2323 δ’
1454 2272 1623 2340 μέσης
1652 2271 1754 2334 ἕως
1780 2272 1869 2322 Δι-

312 2363 498 2434 δύμων
548 2364 613 2418 ια’
670 2366 857 2435 μέσης.
903 2365 1011 2418 Καὶ
1050 2362 1096 2417 α’
1140 2363 1238 2433 μὲν
1278 2363 1449 2433 ἀστὴρ
1478 2361 1620 2413 δύνει
1646 2364 1673 2414 6
1711 2363 1767 2412 έν
1793 2360 1870 2432 τῷ

318 2455 545 2525 στόματι
571 2455 731 2519 αὑτοῦ
757 2455 1023 2526 λαμπρὸς,
1055 2455 1274 2526 ἔσχατος
1299 2452 1355 2505 δὲ
1379 2455 1406 2505 6
1437 2451 1526 2503 ἐπὶ
1561 2452 1653 2520 τῆς
1675 2451 1871 2518 ὀσφύος

319 2523 592 2616 λαμπρός.
629 2523 962 2615 Μεσουράνεῖ
989 2544 1045 2596 δὲ
1072 2523 1176 2595 τῶν
1206 2543 1376 2596 ἄλλων
1413 2539 1460 2595 α’
1492 2542 1587 2611 μὲν
1620 2541 1647 2593 6
1691 2558 1748 2592 τε
1786 2542 1870 2609 βο-

317 2634 586 2703 ρειότερος
639 2631 743 2685 τῶν
800 2630 994 2702 μεταξῦ
1044 2631 1136 2683 τοῦ
1175 2629 1339 2696 ὀξέως
1372 2629 1468 2698 τῆς
1502 2627 1752 2689 Πλειάδος
1781 2628 1872 2679 καὶ

317 2725 426 2778 τῶν
463 2725 665 2778 Ὑάδων
719 2723 822 2776 τῶν
856 2725 914 2775 ὲν
943 2722 1020 2792 τῷ
1049 2720 1315 2792 ἀριστερῷ
1369 2713 1620 2790 μετώπῳ,
1651 2719 1741 2770 καὶ
1778 2717 1869 2769 τοῦ

319 2813 532 2886 Ταύρου
557 2817 584 2867 6
613 2816 668 2867 ὲν
692 2817 758 2885 τῇ
789 2814 1084 2886 ὠμοπλάτη
1116 2813 1305 2883 μικρὸν
1336 2811 1752 2881 ὑπολειπόμενος
1779 2809 1869 2863 τοῦ

231 2964 251 2977 _
325 2905 712 2977 μεσημϐρινοῦ·
752 2905 965 2974 ἔσχατοι
994 2904 1048 2957 δὲ
1078 2903 1464 2974 μεσουρανοῦσι
1493 2901 1599 2955 τῶν
1631 2902 1872 2972 Διδύμων

2041 2093 2192 2163 Equo
2237 2093 2594 2149 descendente
2637 2093 2833 2148 occidit
2876 2093 3128 2149 zodiacus
3177 2095 3244 2150 ab
3283 2096 3505 2164 Aquarii

1972 2191 2122 2255 parte
2143 2185 2209 2238 15
2239 2184 2408 2238 media
2447 2185 2505 2237 ‘Bd
2543 2181 2775 2239 Piscium
2808 2185 2910 2252 i3;
2944 2185 3200 2239 culminat
3225 2199 3254 2238 a
3289 2184 3448 2239 Tauri
3472 2187 3498 2240 1

1971 2273 2144 2330 media
2165 2275 2230 2328 ad
2246 2273 2584 2330 Geminorum
2610 2278 2624 2326 ἱ
2647 2279 2654 2286 “
2686 2271 2931 2332 ιιιεεὶίιιιη.
2953 2275 3106 2330 Prior
3121 2277 3315 2345 occidit
3329 2277 3502 2342 stella,

1972 2380 2092 2435 quae
2117 2365 2170 2419 in
2193 2365 2309 2434 ejus
2327 2373 2408 2419 est
2430 2381 2521 2419 ore
2547 2365 2752 2430 lucida;
2781 2367 2965 2420 ultima
2989 2382 3106 2435 quae
3132 2374 3214 2422 est
3239 2369 3294 2420 in
3325 2368 3504 2419 lumbo

1977 2455 2171 2510 lucida.
2201 2454 2427 2509 Medium
2469 2459 2584 2510 culi
2625 2465 2765 2512 acuet
2793 2473 2858 2512 ex
2889 2458 3006 2512 aliis
3039 2459 3211 2528 primo
3244 2457 3505 2511 borcalior

1974 2560 2157 2622 earum
2184 2561 2298 2615 quae
2317 2557 2442 2600 sunt
2467 2548 2602 2602 inter
2616 2564 2839 2604 acumen
2859 2549 3104 2612 Pleiadis,
3118 2558 3169 2604 et
3187 2548 3503 2602 Sucularunt

1975 2650 2094 2704 qua:
2120 2636 2175 2689 in
2207 2637 2425 2691 sinistra
2451 2637 2646 2693 fronte.
2679 2639 2806 2694 ltem
2835 2639 3019 2704 Tauri,
3045 2655 3161 2709 qua:
3183 2649 3265 2694 est
3293 2640 3348 2692 in
3389 2654 3507 2693 sca-

1975 2725 2101 2795 pula
2126 2727 2399 2794 paululum
2436 2728 2570 2781 citra
2595 2729 2946 2783 meridianum
2976 2748 2987 2783 :
3027 2738 3294 2800 postremo
3319 2729 3510 2782 culmi~

1976 2823 2124 2875 nant.
2151 2817 2342 2872 tertius
2370 2817 2711 2874 Geminorum
2745 2821 2810 2874 ab
2831 2819 3104 2876 occidente
3148 2836 3269 2891 pes;
3301 2828 3353 2874 et
3375 2835 3507 2889 prae-

1978 2906 2175 2963 cedens
2197 2909 2357 2962 trium
2382 2907 2436 2962 in
2463 2911 2704 2979 genibus.
2730 2910 2939 2965 Occidit
2962 2910 3142 2980 Equus
3165 2913 3308 2966 horis
3328 2909 3363 2962 Ξ).
3387 2910 3504 2979 l/zl.

323 3001 350 3052 6
375 3018 432 3052 τε
458 3001 637 3070 τρίτος
655 2999 760 3054 ἀπὸ
791 2999 992 3060 δύσεως
1019 2998 1152 3061 ποῦς
1179 3000 1270 3050 καὶ
1293 2997 1320 3048 6
1345 2998 1640 3068 ἡγούμενος
1696 2997 1802 3050 τῶν
1842 3001 1898 3050 ἐν
1927 3003 2038 3065 τοῖς
2076 3003 2261 3069 γόνασι
2286 3003 2352 3073 γ’.
2417 3006 2567 3061 Δύνει
2604 3006 2658 3059 δὲ
2691 3010 2718 3060 6
2746 3008 2937 3070 Ἰππος
2969 3010 3025 3061 ὲν
3066 3007 3233 3078 ὥραις
3257 3007 3372 3059 δυσὶ
3420 3007 3508 3060 καὶ

260 3153 262 3155 γ
323 3095 356 3162 ἡ
367 3091 595 3160 μιωρξῳ.

395 3177 501 3232 Τοῦ
533 3179 588 3231 δὲ
628 3177 834 3231 Ὀῐστοῦ
864 3176 1127 3240 δύνοντος,
1161 3174 1544 3244 συγκαταδύνει
1594 3177 1689 3244 μὲν
1730 3174 1875 3244 αύτῷ

2051 3175 2253 3247 Sagitta
2297 3191 2417 3231 eum
2465 3178 2685 3243 occidit,
2712 3177 2995 3234 descendit
3039 3194 3141 3233 una
3187 3180 3436 3236 zodiacus
3479 3198 3507 3235 a

323 3274 352 3323 6
388 3271 647 3334 ζωδιακὸς
680 3269 783 3322 ἀπὸ
813 3268 1089 3337 Αἱγόκερω
1119 3267 1223 3337 μοί.
1262 3265 1304 3331 ζ’
1340 3268 1431 3320 καὶ
1463 3273 1510 3318 κ’
1562 3266 1729 3336 μέσης
1774 3265 1875 3328 ἕως

1985 3267 2153 3322 modia
2189 3279 2338 3338 parte
2379 3269 2449 3322 9.7
2487 3270 2796 3340 Capricorni
2821 3273 2886 3324 ad
2929 3271 2962 3322 2
2999 3271 3228 3325 mediam
3267 3271 3507 3341 Aquarii;

337 3361 616 3434 Ὑδροχὸου
672 3361 778 3430 μοί.
811 3357 853 3429 β’
890 3360 1092 3430 μέσης·
1131 3362 1448 3429 μεσουρανεϊ
1479 3358 1534 3410 δὲ
1568 3358 1673 3410 ἀπὸ
1713 3355 1880 3426 Κριοῦ

328 3453 438 3522 μοι.
477 3452 533 3505 ιδ’
573 3454 678 3514 ἕως
706 3452 876 3521 Κριοῦ
912 3451 1018 3520 poi.
1046 3449 1149 3503 κα’.
1179 3452 1286 3502 Καὶ
1318 3459 1363 3502 α’
1399 3450 1494 3520 μὲν
1529 3449 1752 3520 ἀστέρες
1795 3449 1882 3502 δύ-

327 3561 507 3623 νουσιν
547 3546 598 3596 οἱ
641 3547 696 3596 ἐν
727 3547 791 3614 τῇ
843 3542 1076 3612 γλυφίδι,
1122 3541 1344 3610 ἔσχατος
1376 3542 1431 3593 δὲ
1476 3543 1502 3594 6
1541 3541 1597 3593 ὲν
1624 3543 1689 3612 τῇ
1720 3540 1878 3594 ἀκίδι.

327 3634 731 3705 ὶῐεσουρανοῦσι
760 3636 814 3687 δὲ
841 3634 951 3690 τῶν,
974 3633 1143 3687 ἄλλων
1177 3633 1414 3702 ἀστέρων
1437 3632 1484 3684 α’
1512 3634 1608 3701 μὲν
1631 3631 1720 3684 τοῦ
1749 3633 1883 3703 Περ-

333 3727 470 3790 σέως
495 3729 523 3779 6
549 3729 603 3779 έν
625 3724 700 3796 τῷ
723 3713 877 3795 δεξιῷ
905 3724 1057 3796 ὤμῳ,
1087 3725 1178 3776 καὶ
1204 3723 1294 3776 τοῦ
1314 3724 1480 3795 Κριοῦ
1505 3725 1532 3774 6
1559 3722 1883 3793 βορειότερος

328 3817 436 3869 τῶν
470 3819 610 3886 ὑπὲρ
640 3818 736 3888 τὴν
764 3817 927 3886 ούράν
955 3814 1003 3885 γ’
1039 3817 1123 3868 ἐπ’
1164 3815 1373 3878 εὐθείας
1439 3814 1884 3885 ἀκατονομάστων

332 3909 426 3962 καὶ
457 3911 486 3962 6
512 3910 570 3962 ἐν
591 3909 669 3979 τῷ
705 3908 858 3979 νώτῳ
895 3907 1077 3973 αὐτοῦ,
1107 3907 1506 3978 προηγούμενος
1538 3905 1630 3958 τοῦ
1676 3921 1883 3976 μεσημ-

332 3999 519 4068 ϐρινοῦ
565 3999 637 4062 ὡς
666 4001 956 4069 ἡμιπήχιον
983 4015 997 4029 ’
1065 3999 1158 4052 καὶ
1184 3998 1276 4050 τοῦ
1301 3999 1509 4070 Κήτους
1536 4000 1563 4049 6
1589 3997 1882 4066 ἡγούμενος

332 4091 439 4143 τῶν
475 4090 532 4141 ἐν
556 4092 624 4160 τῇ
645 4089 805 4160 νοτία
835 4090 1036 4158 σιαγόνι
1063 4087 1109 4158 γ’
1138 4088 1418 4158 λαμπρῶν
1439 4087 1647 4156 ἔσχατοι
1672 4085 1725 4138 δὲ
1755 4101 1882 4155 μεσ-

331 4157 621 4251 ουρανοῦσι
642 4157 762 4233 ’τοῦ
782 4157 1044 4250 *Περσέως
1078 4157 1118 4233 6
1160 4157 1220 4232 ἐν
1239 4157 1316 4249 τῷ
1346 4179 1493 4248 μέσῳ
1523 4176 1616 4229 τοῦ
1641 4175 1884 4245 σώματος

331 4271 602 4340 λαμπρὸς,
631 4271 820 4340 μικρὸν
847 4270 1250 4340 προηγούμενος
1275 4267 1366 4322 τοῦ
1394 4264 1776 4337 μεσημϐρινοῦ,
1794 4265 1884 4317 καὶ

305 4361 426 4413 “τοῦ
461 4363 671 4431 Κήτους
700 4363 726 4414 6
754 4360 1012 4430 ἑπόμενος
1051 4361 1155 4413 τῶν
1189 4362 1245 4412 ὲν
1281 4361 1346 4430 τῇ
1376 4357 1522 4427 νοτία
1549 4357 1772 4424 σιαγόνι,
1798 4374 1883 4426 μι-

1981 3357 2240 3410 culminat
2281 3357 2347 3410 ab
2394 3358 2587 3413 Arietis
2623 3365 2772 3428 parte
2823 3359 2883 3412 14
2923 3365 2987 3413 ad
3020 3359 3108 3412 21.
3146 3358 3336 3414 Prima:
3367 3364 3508 3416 occi-

1980 3447 2113 3503 dunt
2146 3448 2332 3514 stellas,
2362 3465 2480 3517 qua:
2508 3458 2632 3505 sunt
2674 3451 2726 3502 in
2754 3465 2934 3512 crena,
2962 3451 3164 3518 ultima,
3197 3466 3316 3521 quae
3346 3461 3427 3508 est
3459 3455 3510 3508 iu

1979 3538 2219 3607 cuspide.
2255 3538 2565 3593 Culminant
2589 3556 2649 3593 ex
2675 3539 2795 3595 aliis
2819 3540 2988 3595 stellis
3015 3542 3184 3610 prima
3205 3543 3378 3597 dextri
3407 3543 3510 3596 hu.

1981 3631 2114 3683 meri
2142 3628 2320 3685 Persei
2346 3671 2361 3695 ,
2390 3641 2441 3684 et
2473 3630 2738 3686 borealior
2761 3632 2920 3686 trium
2949 3633 3300 3703 appellatione
3327 3649 3509 3690 caren-

1982 3724 2137 3789 tium,
2172 3738 2292 3793 quae
2334 3738 2495 3792 supra
2534 3723 2760 3778 caudam
2787 3724 2983 3778 Arietis
3027 3724 3084 3777 in
3127 3723 3387 3778 directum
3425 3740 3508 3794 po.

1982 3816 2098 3869 sitae
2139 3825 2285 3879 sunt,
2319 3823 2430 3869 tum
2478 3831 2596 3886 quae
2639 3816 2693 3870 in
2744 3803 2886 3871 illius
2930 3817 3110 3879 dorso,
3158 3815 3510 3871 meridianum

1984 3907 2302 3961 semicubito
2333 3909 2553 3961 circiter
2583 3909 2923 3964 antecedens.
2957 3906 3080 3962 Item
3103 3908 3407 3978 praecedens
3432 3908 3511 3961 lu~

1981 3997 2223 4051 cidarum
2253 3999 2412 4052 trium
2443 4015 2562 4069 qua:
2593 3999 2644 4053 in
2669 4001 2889 4056 australi
2917 4001 3224 4055 mandibula
3247 3999 3362 4054 Ceti
3385 4017 3398 4063 ;
3423 4015 3500 4069 po.

1983 4095 2194 4143 stremae
2219 4091 2542 4153 'culminant,
2580 4092 2753 4146 lucida
2782 4105 2900 4161 quae
2924 4098 3005 4146 est
3032 4093 3084 4144 in
3108 4089 3282 4146 medio
3310 4089 3508 4152 Persei,

1982 4181 2255 4251 paululum
2298 4184 2620 4238 antecedens
2668 4182 3050 4247 meridianum,
3095 4190 3147 4236 et
3183 4182 3512 4252 subsequens

1979 4287 2188 4337 carum,
2221 4289 2341 4344 quae
2381 4275 2433 4328 in
2471 4275 2689 4328 australi
2737 4274 3043 4329 mandibula
3075 4273 3210 4338 Ceti,
3247 4277 3404 4344 paulo
3432 4274 3511 4329 ci-

1981 4370 2062 4416 tra
2094 4363 2466 4419 meridianum.
2499 4365 2704 4420 Occidit
2730 4364 2929 4436 Sagitta
2955 4365 3099 4420 liora:
3131 4367 3346 4422 triente.

332 4453 464 4524 κρὸν
491 4453 902 4523 ὑπολειπόμενος
930 4450 1021 4504 τοῦ
1050 4448 1432 4522 μεσημϐρινοῦ.
1458 4448 1607 4501 Δύνει
1638 4447 1695 4501 δὲ
1716 4449 1744 4500 6
1777 4447 1880 4499 Ὀῖ-
1978 4516 1986 4524 I

335 4545 464 4606 στὺς
493 4545 550 4596 ὲν
578 4541 624 4611 γ’
660 4543 812 4615 μέρει
848 4542 1012 4613 ὥρας.

399 4635 544 4699 KG’.
562 4635 664 4687 Τοῦ
681 4635 737 4688 δὲ
753 4633 929 4688 Ἀετοῦ
946 4633 1206 4697 δύνοντος,
1229 4631 1608 4701 συγκαταδύνει
1623 4632 1718 4702 μὲν
1734 4629 1875 4699 αύτῷ

2047 4632 2232 4696 XXV].
2273 4635 2406 4689 Cum
2431 4636 2621 4706 Aquila
2644 4635 2919 4708 descendit
2944 4623 3106 4688 arcus
3124 4631 3323 4687 zodiaci
3345 4647 3374 4684 a
3406 4647 3511 4686 me-

332 4727 360 4778 6
381 4723 642 4788 ζωδιακὸς
668 4726 775 4779 ἀπὸ
790 4725 986 4794 Αἱγόκε
996 4742 1070 4796 ρω
1087 4724 1192 4794 μοί.
1215 4723 1276 4787 ιζ’
1295 4725 1464 4794 μέσης
1487 4724 1589 4786 ἕως
1606 4723 1878 4792 Αίγόκερω

333 4833 368 4883 γ
408 4817 501 4866 καὶ
526 4812 598 4868 κ’·
639 4818 954 4885 μεσουρανεῖ
981 4816 1036 4868 δὲ
1065 4815 1169 4867 ἀπὸ
1201 4813 1368 4884 Κριοῦ
1389 4814 1494 4883 μοί.
1522 4812 1564 4882 β’
1584 4814 1686 4876 έως
1709 4810 1877 4883 Κριοῦ

336 4910 448 4981 μοί.
483 4915 554 4978 η’.
587 4909 694 4961 Καὶ
722 4908 925 4980 πρῶτοι
957 4910 1050 4978 μὲν
1082 4908 1303 4977 ἀστέρες
1327 4906 1635 4959 δύνουσινόῑ
1675 4907 1732 4958 ὲν
1762 4908 1879 4967 ταῖς

333 5001 557 5074 πτέρυξι
589 4999 630 5071 β’
661 5001 862 5072 μικροὶ,
895 5001 1114 5074 ἔσχατος
1137 4987 1199 5053 ’δὲ
1231 4999 1259 5052 ὁ
1297 4998 1624 5069 βορειότερος
1675 4997 1779 5049 τῶν
1823 5000 1879 5049 ὲν

336 5112 416 5164 τῳ
441 5069 672 5163 *σώματι
704 5069 1080 5162 β’ήλαμπρῶνῗ
1108 5093 1437 5161 Μεσουρανεῖ
1476 5089 1531 5141 δὲ
1562 5088 1666 5142 τῶν
1710 5089 1879 5142 ἄλλων

338 5179 581 5250 ἀστέρων
635 5176 681 5231 α’
716 5179 813 5247 μὲν
846 5179 941 5247 τῆς
971 5178 1316 5249 Ἀνδρομέδας
1350 5180 1378 5230 6
1425 5179 1480 5230 ὲν
1509 5177 1583 5247 τῷ
1615 5177 1879 5248 ἀριστερῷ

339 5268 480 5333 ποδὶ,
530 5270 622 5322 καὶ
656 5268 747 5320 τοῦ
780 5269 950 5342 Κριοῦ
977 5271 1006 5321 ὁ
1043 5271 1202 5340 μέσος
1222 5271 1328 5324 τῶν
1354 5272 1409 5322 ὲν
1439 5272 1505 5340 τῇ
1536 5269 1763 5340 κεφαλῇ,
1791 5272 1881 5322 καὶ

337 5355 430 5407 τοῦ
449 5357 658 5425 Κήτους
678 5359 705 5408 6
733 5355 1043 5427 νοτιὼτερος
1071 5358 1178 5411 τῶν
1207 5358 1480 5428 ἑπομένων
1512 5358 1567 5408 ὲν
1596 5357 1672 5427 τῷ
1692 5375 1881 5431 τετρα-

338 5445 555 5515 πλεύρῳ
572 5463 586 5476 ·
621 5447 842 5519 ἔσχατος
866 5448 920 5500 δὲ
945 5447 1034 5520 τοῦ
1056 5448 1327 5519 Τριγώνου
1360 5451 1387 5500 ὁ
1414 5449 1670 5519 ἑπόμενος
1697 5448 1802 5501 τῶν
1826 5451 1896 5502 ὲν.

333 5538 401 5604 τῇ
452 5534 625 5604 βάσει,
670 5537 1070 5610 προηγούμενος
1122 5540 1228 5592 τῶν
1254 5543 1310 5593 ὲν
1338 5543 1402 5610 τῇ
1435 5538 1616 5611 βορείᾳ
1653 5541 1875 5607 σιαγόνι.

336 5625 492 5679 Δύνει
518 5627 574 5680 δὲ
601 5629 630 5680 6
672 5627 932 5694 'Ac:6g-év
959 5627 1005 5698 γ’
1033 5629 1183 5700 μέρει
1220 5630 1383 5701 ὥρας.

407 5717 511 5770 Τοῦ
542 5719 599 5771 δὲ
624 5721 871 5789 Δελφῖνος
902 5721 1161 5787 δύνοντος,
1189 5723 1568 5790 συγκαταδύνει
1606 5723 1701 5792 μὲν
1731 5725 1756 5776 6
1777 5724 1881 5788 ζω-

335 5808 520 5874 διακὸς
547 5810 654 5864 ἀπὸ
684 5812 777 5865 τοῦ
815 5813 1089 5884 Ὑδροχὸου
1119 5815 1224 5886 μοί.
1264 5813 1306 5885 β’
1328 5815 1430 5878 ἕως
1467 5815 1740 5884 ’Υδροχόου
1769 5817 1876 5886 poi.

338 5899 386 5974 η’
438 5902 633 5980 μέσης·
692 5910 1007 5977 μεσουρανεῖ
1051 5908 1104 5961 δὲ
1141 5907 1243 5962 ἀπὸ
1293 5907 1458 5974 Κριοῦ
1492 5908 1535 5960 κ’
1574 5909 1735 5971 μέσης
1779 5909 1881 5970 ἕως

1982 4724 2068 4776 dia
2104 4731 2252 4792 parte
2287 4725 2353 4777 17
2379 4724 2691 4794 Capricorni
2719 4725 2784 4779 ad
2811 4718 2912 4790 23;
2956 4723 3216 4778 culminat
3247 4723 3314 4776 ab
3361 4721 3514 4776 Arie-

1983 4814 2051 4869 tis
2077 4816 2110 4868 2
2141 4815 2206 4869 ad
2234 4815 2287 4868 8.
2311 4814 2502 4869 Primae
2535 4816 2784 4870 occidunt
2830 4815 2994 4871 stellas
3021 4815 3138 4869 duae
3168 4827 3360 4884 parvae,
3400 4828 3515 4882 qua'

1985 4907 2039 4959 in
2091 4907 2229 4972 alis;
2277 4914 2568 4976 postrema,
2619 4908 2883 4963 borealior
2923 4907 3218 4961 lucidarum
3265 4905 3513 4967 duarum,

1983 5012 2103 5066 qua:
2122 5008 2247 5052 sunt
2277 4999 2328 5050 in
2357 5011 2601 5068 corpore.
2628 4999 2701 5051 Ex
2734 4999 2854 5052 aliis
2875 4997 3044 5053 stellis
3066 4995 3318 5049 culminat
3342 4991 3516 5062 primo

1985 5105 2102 5160 qua:
2131 5100 2208 5146 est
2237 5091 2288 5144 in
2323 5090 2673 5146 Andromedae
2701 5093 2921 5146 sinistro
2948 5089 3116 5158 pede;
3145 5094 3198 5141 ct
3231 5087 3404 5140 media
3427 5078 3539 5140 ea!

1986 5198 2127 5247 rum,
2159 5198 2278 5252 quae
2313 5182 2368 5236 in
2389 5183 2588 5238 Arietis
2615 5163 2810 5252 capite.
2851 5181 2980 5235 Item
3009 5180 3297 5236 australior
3332 5192 3516 5232 succe-

1985 5274 2222 5328 dentium
2260 5275 2374 5328 Ceti
2432 5276 2484 5328 in
2515 5274 2914 5344 quadrilatero;
2948 5272 3134 5325 ultima
3186 5272 3516 5338 subsequens

1984 5380 2168 5422 earum
2193 5382 2313 5436 qua:
2344 5375 2470 5422 sunt
2498 5368 2553 5420 in
2588 5366 2705 5420 basi
2747 5365 3031 5435 trianguli,
3061 5362 3362 5433 praecedens
3399 5361 3517 5414 illas

1985 5472 2103 5527 qua:
2159 5468 2286 5512 sunt
2334 5459 2388 5512 in
2441 5457 2641 5513 boreali
2690 5455 3016 5512 mandibula.
3071 5453 3277 5509 Occidit
3327 5452 3517 5520 Aquila

1986 5549 2130 5604 hom
2156 5549 2370 5605 triente.
2429 5548 2431 5550 ’

2054 5717 2341 5778 Occidente
2378 5721 2640 5792 Delpliino
2686 5735 2804 5775 cum
2844 5735 2908 5774 eo
2951 5713 3224 5772 descendit
3264 5711 3519 5767 zodiacus

1985 5815 2051 5870 ab
2075 5815 2290 5884 Aquarii
2318 5822 2465 5884 parte
2488 5813 2522 5866 2
2554 5813 2619 5867 ad
2661 5813 2887 5868 mediam
2913 5810 2978 5873 8;
3005 5806 3260 5864 culminat
3281 5803 3347 5858 ab
3371 5801 3519 5855 Arie-

1986 5909 2056 5964 tis
2079 5909 2145 5963 ‘20
2168 5907 2342 5964 inedia
2384 5906 2450 5962 ad
2489 5905 2576 5965 29.
2610 5905 2761 5961 Prior
2807 5901 3031 5960 occidit.
3058 5897 3379 5955 antecedens
3423 5907 3517 5944 ea-
