4094 6328
671 445 806 501 H07

1643 443 1734 498 AD
1765 441 2032 498 EUSEBII
2073 441 2466 500 CHRONICON
2502 441 2878 498 APPENDIX.‘

3749 441 3888 496 “03

667 577 790 617 rum
820 577 941 634 quae
983 567 1109 615 sunt
1149 559 1203 614 in
1240 559 1452 628 cauda;
1499 568 1792 630 postrema,
1829 561 2098 618 borealior
2141 541 2222 618 ea-

2327 560 2497 633 Κριοῦ
2531 560 2576 613 θ’
2605 561 2698 612 καὶ
2729 559 2796 612 κ’.
2829 559 2940 613 Καὶ
2959 566 3006 612 α’
3043 558 3140 628 μὲν
3173 556 3346 630 ἀστὴρ
3370 555 3514 610 δύνει
3541 559 3570 610 ὁ
3592 556 3888 626 ἡγούμενος

669 667 789 706 rum
829 665 950 722 qua
992 651 1045 705 in
1095 649 1418 704 succedente
1449 649 1616 706 latere
1663 649 1916 706 Rhombi.
1969 649 2048 705 Ex
2099 652 2222 707 aliis

670 740 841 796 stellis
873 741 1025 810 prius
1055 739 1358 795 culminant
1385 739 1563 794 lucida
1597 740 1760 796 medii
1795 741 2042 812 corporis
2093 739 2218 796 Per-

669 833 771 896 sei,
821 832 1098 902 paululum
1139 831 1467 888 antecedens
1519 833 1905 896 meridianum,
1949 840 2002 888 et
2035 848 2223 888 succe-

668 925 806 980 dens
843 938 1030 979 carum
1059 939 1178 994 quae
1217 933 1348 978 sunt
1377 923 1431 978 in
1471 924 1698 978 australi
1727 923 2039 978 mandibula
2070 925 2216 989 (leti,

669 1018 830 1085 paulo
855 1017 992 1071 citra
1023 1015 1381 1072 meridianum
1422 1018 1548 1071 sita.
1581 1015 1860 1072 Postremo
1891 1016 2216 1082 culminant,

667 1123 788 1178 quae
823 1108 878 1162 in
903 1107 1036 1177 pede
1059 1107 1285 1164 sinistro
1305 1106 1487 1162 Persei
1511 1123 1525 1172 ;
1557 1116 1610 1162 et
1641 1107 1912 1163 borealior
1931 1123 2056 1178 pars
2081 1125 2218 1178 pra:-

669 1188 933 1256 cedentis'
959 1201 1144 1256 lateris
1185 1198 1438 1258 Pleiadis.
1490 1197 1701 1254 Occidit
1739 1197 2037 1270 Delphinus
2084 1201 2218 1256 hora

665 1291 910 1348 dimidia.

735 1465 876 1520 Cum
905 1465 1100 1522 Perseo
1137 1465 1418 1522 descendit
1449 1466 1705 1521 zodiacus
1735 1479 1766 1518 a
1803 1473 1955 1535 parte
1984 1463 2148 1520 Tauri
2181 1465 2218 1520 2

663 1557 730 1610 ad
761 1556 860 1623 29;
891 1557 1153 1614 culmina;
1181 1573 1212 1612 a
1241 1558 1438 1614 Leonis
1471 1556 1652 1612 media
1687 1556 1718 1611 6
1739 1555 1806 1610 ad
1837 1556 2067 1612 mediam
2092 1555 2216 1612 Vir-

662 1651 805 1719 ginis
851 1651 938 1704 IO.
969 1650 1124 1706 Prior
1157 1652 1311 1721 132
1358 1648 1562 1704 occidit
1601 1649 1870 1704 borealior
1890 1649 2217 1704 anteceden-

665 1741 798 1795 tium
841 1742 898 1796 in
922 1739 1228 1812 Gorgonio;
1257 1741 1444 1796 ultima
1473 1755 1602 1796 vero
1633 1755 1820 1797 earum
1852 1757 1971 1813 quae
2003 1750 2130 1797 sunt
2159 1743 2214 1798 in

663 1834 857 1904 dextro
895 1849 1054 1906 genu.
1088 1831 1398 1896 Culminant
1438 1847 1506 1890 ex
1531 1833 1655 1890 aliis
1700 1835 1873 1890 stellis
1907 1835 2062 1892 .nitlo
2093 1833 2215 1905 qui-

659 1923 786 1978 dem
815 1938 880 1979 ea
920 1939 1040 1994 quae
1069 1931 1152 1980 est
1191 1925 1245 1978 in
1284 1931 1475 1980 ventre
1519 1923 1739 1992 Leonis,
1783 1927 1897 1982 sive
1931 1940 2216 1998 propemo-
2245 1907 2288 1962 Β

665 2013 793 2070 dum
825 2016 1144 2073 semicubito
1165 2019 1302 2072 citra
1330 2017 1685 2072 meridianum
1719 2019 1844 2073 sita.
1868 2017 2000 2074 Item
2021 2027 2216 2090 quarta

667 2123 850 2162 earum
899 2125 1018 2180 quae
1059 2118 1189 2165 sunt
1232 2121 1355 2182 post
1391 2111 1624 2166 lucidam
1665 2109 1855 2183 I‘Iydri,
1895 2113 2217 2167 semicubito

665 2197 778 2254 fere
815 2201 952 2256 citra
999 2203 1355 2256 meridianum
1407 2203 1604 2271 posita.
1637 2202 1768 2257 Item
1805 2203 1996 2257 ultima
2031 2217 2216 2258 earum

659 2301 783 2357 qua:
807 2287 862 2342 in
889 2290 1080 2344 carina
1107 2299 1231 2344 sunt
1263 2290 1447 2346 Navis.
1489 2291 1785 2346 Postrema:
1817 2292 2118 2346 culminant
2151 2309 2216 2348 ea

661 2393 784 2446 quae
813 2389 898 2435 est
933 2381 988 2434 in
1021 2382 1193 2436 cauda
1223 2381 1409 2450 Corvi,
1438 2391 1492 2438 et
1521 2399 1640 2454 qua:
1672 2385 1724 2438 in
1755 2385 1927 2454 ipsius
1965 2384 2212 2455 pedibus.

661 2467 875 2526 Occidit
899 2469 1132 2530 Perseus
1162 2473 1314 2532 boris
1334 2473 1392 2540 2,
1419 2475 1523 2530 20'.

731 2649 864 2704 Cum
897 2649 1100 2722 Auriga
1133 2650 1415 2708 descendit
1437 2653 1697 2710 zodiacus
1721 2669 1752 2710 a
1776 2653 1940 2708 Tauri
1971 2661 2122 2725 parte
2147 2653 2216 2709 25

647 2739 730 2794 'ad
771 2739 970 2795 Cancri
1016 2741 1246 2797 mediam
1291 2744 1360 2810 2;
1408 2747 1668 2800 culminat
1717 2761 1748 2800 a
1782 2747 2023 2818 Virginis
2067 2747 2104 2800 2
2149 2747 2215 2801 ad

658 2831 950 2888 Chelarum
993 2831 1082 2886 22.
1115 2832 1271 2888 Prior
1310 2833 1512 2890 occidit
1557 2851 1677 2907 qua
1709 2845 1793 2894 est
1826 2839 1880 2892 in
1919 2839 2053 2908 pede
2082 2839 2216 2895 sini-

661 2928 780 2976 stro
803 2935 819 2985 ;
846 2927 1154 2990 postremae,
1180 2937 1300 2992 quae
1329 2923 1382 2977 in
1417 2925 1610 2994 capite.
1651 2925 1965 2982 Culminant
1998 2945 2028 2985 e
2055 2935 2218 2985 caete-

658 3013 740 3066 ris
786 3011 979 3076 stellis,
1033 3011 1190 3067 initio
1236 3031 1356 3084 quae
1412 3025 1497 3072 est
1551 3017 1606 3072 in
1657 3021 1996 3077 extremitate
2031 3022 2217 3078 caudae

659 3097 945 3167 Draconis,
976 3109 1030 3157 et
1057 3101 1446 3160 borealissima'
1463 3106 1724 3174 Coronae;
1772 3117 2066 3180 postrema,
2098 3127 2217 3182 quae

659 3192 721 3298 in
749 3192 932 3298 media
957 3201 1042 3250 est
1079 3195 1302 3250 australi
1345 3195 1533 3254 Chela.
1569 3197 1794 3255 Occidit
1813 3201 2012 3272 Auriga
2053 3205 2216 3274 paulo
2241 3240 2284 3298 ε

659 3284 785 3356 plus
815 3285 966 3342 horis
995 3287 1047 3344 5.

731 3465 1004 3523 Hactenus
1022 3465 1088 3524 de
1109 3470 1360 3528 omnibus
1377 3471 1584 3557 aodiaci
1609 3474 2004 3532 borealioribus
2025 3478 2216 3549 imagi-

659 3557 841 3614 nibus.
875 3557 1112 3614 Caeteras
1144 3561 1284 3616 libro
1310 3572 1570 3634 sequente
1593 3566 1904 3633 reddemus,
1940 3571 1993 3625 id
2029 3571 2218 3627 obsera

658 3658 872 3715 vantes,
905 3657 964 3706 ut
993 3666 1061 3705 ne
1080 3651 1286 3722 justum
1315 3655 1533 3710 modum
1567 3656 1670 3712 iste
1699 3657 1834 3714 liber
1861 3661 2107 3716 excedat.

626 3815 816 3910 'Finis
877 3855 1018 3934 libri
1057 3853 1293 3934 secundi;
1327 3858 1738 3934 Enarrqtionum
1797 3861 2088 3934 Hipparchi
2146 3867 2250 3924 ad.

984 3926 1140 3982 Arati
1167 3939 1218 3984 ct
1247 3931 1458 3986 Eudoxi
1495 3933 1870 3990 Phanamena.

2323 653 2438 706 τῶν
2469 654 2527 706 ἐν
2567 655 2631 722 τῇ
2671 652 2824 722 οὐρᾷ,
2857 651 3080 720 ἔσχατος
3103 650 3162 702 δὲ
3187 651 3216 703 6
3251 649 3584 721 βορειότερος
3607 648 3712 700 τῶν
3735 651 3791 702 ὲν
3819 649 3884 716 τῇ

2323 741 2562 814 ἑπομένῃ
2603 741 2806 812 πλευρᾷ
2833 740 2924 794 τοῦ
2971 739 3218 810 Ῥόμὸου.
3243 735 3652 812 Μεσουρανοῦσι
3689 739 3748 792 δὲ
3777 739 3886 792 τῶν

2323 833 2519 886 λοιπῶν
2545 831 2784 906 ἀστέρων
2822 830 3027 902 πρῶτοι
3056 831 3152 902 μὲν
3176 833 3204 884 ὅ
3229 848 3288 884 τε
3313 833 3370 884 ὲν
3399 831 3550 902 μέσῳ
3573 829 3650 900 τῷ
3673 829 3884 900 σώματι

2320 927 2412 979 τοῦ
2467 925 2718 998 Περσέως
2761 924 3028 996 λαμπρὸς,
3081 924 3274 996 μικρὸν
3329 917 3766 995 προηγούμενος·
3785 919 3882 973 τοῦ

2325 1015 2714 1088 μεσημϐρινοῦ,
2747 1015 2842 1069 καὶ
2883 1015 2914 1068 6
2954 1016 3214 1084 ἑπόμενος
3249 1003 3357 1068 τῶν
3396 1016 3454 1068 ὲν
3481 1017 3548 1083 τῇ
3587 1014 3734 1084 νοτία
3761 1029 3882 1064 σια-

2319 1110 2435 1177 γόνι
2463 1107 2554 1161 τοῦ
2584 1109 2815 1177 Κήτους,
2858 1106 3048 1178 μικρὸν
3090 1105 3513 1176 ὑπολειπόμενος
3545 1104 3638 1158 τοῦ
3671 1121 3880 1174 μεσημ-

2319 1198 2522 1272 ϐρινοῦ·
2553 1199 2766 1268 ἔσχατοι
2794 1197 2850 1250 δὲ
2875 1199 2926 1250 ol
2953 1199 3010 1250 ἐν
3037 1195 3114 1268 τῷ
3135 1196 3407 1268 ἀριστερῷ
3423 1197 3609 1265 γόνατι
3629 1195 3720 1248 τοῦ
3741 1195 3880 1264 Περ-

2320 1290 2476 1353 σέως,
2510 1289 2730 1358 καὶτῆς
2777 1287 3027 1350 Πλειάδος
3062 1287 3141 1340 -τδ
3191 1287 3522 1358 βορειότερον
3581 1285 3740 1356 μέρος
3781 1285 3878 1352 τῆς

2227 1369 2233 1378 ’
2317 1382 2620 1454 ἡγουμένης
2673 1380 2930 1452 πλευρᾶς.
2965 1379 3120 1433 Δύνει
3167 1379 3222 1433 δὲ
3251 1381 3280 1432 6
3315 1379 3506 1446 Δελφὶς
3529 1379 3589 1431 ἐν
3609 1377 3876 1448 ἡμιωρξῳ.

2390 1470 2496 1524 Τοῦ
2529 1469 2586 1524 δὲ
2620 1469 2872 1541 Περσέως
2901 1469 3164 1540 δύνοντος,
3194 1469 3584 1538 συγκαταδύνει
3613 1469 3706 1538 μὲν
3731 1467 3880 1536 αύτῴ

2314 1565 2342 1616 6
2369 1561 2626 1627 ζωδιακὸς
2647 1563 2754 1616 ἀπὸ
2775 1561 2867 1616 τοῦ
2887 1562 3100 1634 Ταύρου
3135 1561 3244 1633 μοι.
3265 1561 3310 1631 β’
3339 1563 3442 1625 ἕως
3475 1561 3686 1632 Ταύρου
3704 1559 3814 1630 μοί.
3835 1559 3880 1610 θ’

2315 1653 2410 1706 καὶ
2433 1651 2500 1706 κ’·
2527 1669 2689 1724 μεσου
2699 1656 2849 1724 ρανεῖ
2861 1653 2918 1705 δὲ
2933 1653 3042 1706 ἀπὸ
3055 1653 3277 1716 Λέοντος
3299 1651 3352 1716 ς’
3371 1651 3542 1722 μέσης
3561 1651 3662 1714 ἕως
3682 1650 3882 1722 Παρθέ-

2313 1763 2402 1798 νου
2431 1743 2461 1797 t'
2481 1747 2670 1818 μέσης.
2699 1747 2807 1799 Καὶ
2834 1752 2882 1798 α’
2913 1746 3010 1814 μὲν
3031 1744 3203 1815 ἀστὴρ
3229 1743 3370 1798 δύνει
3391 1744 3498 1796 τῶν
3519 1744 3670 1814 ἐντῷ
3693 1744 3886 1813 Γοργο-

2315 1836 2411 1908 νίῳ
2431 1841 2460 1892 6
2504 1837 2739 1909 βορειότε
2747 1854 2836 1908 ρος
2873 1836 2980 1890 τῶν
3020 1829 3353 1908 ἡγουμένων,
3372 1836 3598 1905 ἔσχατος
3621 1835 3678 1888 δὲ
3697 1835 3806 1886 τῶν
3825 1837 3882 1888 ἐν

2314 1931 2392 2002 τῷ
2414 1931 2569 1999 δεξιῷ
2592 1929 2796 1998 γόνατι.
2815 1929 3220 1999 Μεσουρανοῦσι
3239 1929 3295 1982 δὲ
3313 1928 3418 1982 τῶν
3445 1928 3620 1981 ἄλλων
3641 1927 3882 2000 ἀστέρων

2315 2024 2372 2074 ὲν
2401 2024 2541 2092 ἀρχῇ
2579 2020 2677 2092 μὲν
2712 2022 2740 2074 ὅ
2775 2037 2834 2074 τε
2873 2023 2930 2074 ἐν
2962 2024 3027 2091 τῇ
3067 2021 3263 2092 γαστρὶ
3291 2021 3383 2074 τοῦ
3403 2022 3646 2084 Λέοντος,
3683 2019 3762 2094 [ἢ]
3807 2021 3884 2083 ὡς

2313 2114 2613 2183 ήμιπήχιον
2659 2111 3082 2182 ὑπολειπόμενος
3123 2111 3216 2166 aro-3
3257 2112 3756 2182 μεσημῧρινοῦ,κα“ι
3787 2110 3880 2164 τοῦ

2317 2201 2513 2274 ’Ὑδρου
2539 2201 2568 2254 6
2594 2200 2850 2274 τέταρτος
2872 2201 2979 2254 τῶν
3003 2201 3140 2272 μετὰ
3165 2201 3254 2254 τὸν
3279 2200 3549 2271 λαμπρὸν,
3571 2201 3646 2263 ὡς
3675 2202 3884 2272 ηρ.ιή-

2315 2309 2429 2364 χιον
2482 2292 2888 2363 προηγούμενος
2937 2290 3032 2344 τοῦ
3069 2291 3458 2362 μεσημϐρινοῦ,
3495 2294 3587 2344 καὶ
3621 2293 3714 2362 τῆς
3753 2293 3882 2365 Ἀρι

2314 2384 2443 2452 γοῦς
2464 2387 2492 2438 6
2513 2383 2732 2454 ἔσχατος
2763 2382 2874 2437 τῶν
2897 2384 2956 2436 ὲν
2986 2385 3052 2454 τῇ
3077 2385 3271 2454 τροπῇ·
3299 2383 3515 2453 ἔσχατοι
3539 2384 3594 2435 οὲ
3623 2401 3784 2453 μεσου
3795 2400 3882 2454 ρα-

2315 2473 2496 2527 νοῦσιν
2517 2476 2543 2526 ὅ
2563 2491 2622 2526 τε
2639 2477 2696 2528 ὲν
2721 2477 2784 2545 τῇ
2806 2474 2940 2546 οὐρᾷ
2971 2473 3065 2526 τοῦ
3088 2474 3331 2546 Κόρακος
3351 2475 3445 2528 καὶ
3465 2477 3494 2528 6
3513 2477 3571 2528 ὲν
3591 2477 3702 2538 τοῖς
3724 2477 3882 2528 ποσὶν

2315 2565 2500 2620 αὑτοῦ.
2535 2565 2688 2620 Δύνει
2729 2565 2785 2619 δὲ
2814 2567 2842 2618 ὁ
2879 2567 3116 2637 Περσεὺς
3143 2567 3200 2620 ὲν
3227 2563 3394 2636 ὥραις
3423 2564 3468 2636 β’
3499 2566 3594 2618 καὶ
3623 2564 3672 2634 γ’
3705 2567 3876 2642 μέρς.

2387 2651 2508 2710 Τοιτ
2530 2656 2586 2709 δὲ
2627 2655 2866 2727 Ἦνιόχου
2903 2657 3168 2719 δύνοντος,
3193 2657 3580 2725 συγκαταδύνει
3617 2658 3711 2728 μὲν
3731 2657 3882 2728 αὐτῷ

2315 2749 2344 2800 6
2365 2745 2622 2810 ζιώιακὺς
2667 2747 2774 2800 ἀπὸ
2811 2746 3024 2817 Ταύρου
3067 2745 3174 2816 μοί.
3201 2743 3249 2814 γ’
3274 2747 3366 2800 καὶ
3399 2745 3446 2798 κ’
3479 2747 3585 2810 ἓως
3605 2749 3880 2818 Καρκίνου

2317 2835 2361 2907 β’
2387 2837 2556 2908 μέσης
2577 2855 2590 2868 ·
2629 2841 2947 2908 μεσουρανεῖ
2973 2838 3027 2890 δὲ
3061 2838 3166 2891 ἀπὸ
3191 2837 3463 2910 Παρθένου
3483 2837 3532 2908 ﬁ"
3556 2838 3660 2901 ἓως
3686 2840 3882 2910 Χηλῶν

2317 2927 2362 2998 β’
2391 2931 2484 2985 καὶ
2515 2928 2582 2984 κ’.
2611 2930 2719 2983 Καὶ
2755 2928 2804 2984 α’
2840 2930 2938 3001 μὲν
2971 2929 3143 3003 ἀστὴρ
3169 2930 3316 2984 δύνει
3353 2931 3382 2983 ὁ
3408 2930 3466 2982 ἐν
3502 2929 3579 3001 τῷ
3609 2932 3881 3007 ἀριστερῷ

2317 3019 2456 3086 ποδὶ,
2486 3019 2700 3092 ἔσχατοι
2728 3021 2784 3074 δὲ
2823 3023 2873 3074 οἱ
2909 3024 2966 3074 ὲν
3003 3025 3068 3094 τῇ
3110 3023 3338 3094 κεφαλῇ.
3381 3021 3785 3093 Μεσουρανοῦσι
3821 3025 3886 3077 δὲ·

2315 3113 2422 3166 τῶν
2471 3112 2642 3168 ἄλλων
2669 3114 2910 3184 ἀστέρων
2940 3115 2998 3166 ἐν
3019 3115 3156 3186 ἀρχῇ
3191 3115 3288 3184 μὲν
3317 3114 3411 3168 τοῦ
3439 3117 3738 3187 Δράκοντος
3760 3118 3790 3168 ὁ
3821 3117 3882 3171 ὲν

2317 3204 2460 3276 ἄκρᾳ
2483 3208 2547 3277 τῇ
2576 3205 2732 3276 οὐρᾷ,
2759 3205 2852 3258 καὶ
2883 3203 2974 3256 τοῦ
2997 3205 3264 3274 Στεφάνου
3288 3207 3317 3258 ὁ
3343 3204 3700 3275 βορειότατος,
3723 3206 3882 3278 ἔσχα-

2315 3311 2408 3371 τος
2429 3295 2484 3346 δὲ
2513 3297 2540 3347 ὁ
2568 3295 2625 3348 ἐν
2658 3294 2798 3366 μέσῃ
2827 3296 2890 3364 τῇ
2929 3294 3076 3365 νοτία
3103 3293 3276 3365 Χηλῇ.
3305 3293 3462 3349 Δύνει
3493 3293 3552 3349 δὲ
3578 3297 3608 3350 6
3639 3295 3880 3368 Ἡνίοχος

2325 3385 2502 3456 μικρῷ
2531 3385 2710 3439 πλεῖον
2743 3385 2775 3456 ἢ
2815 3385 2982 3458 ὥραις
3011 3393 3080 3456 γ’.

2389 3478 2684 3550 Εἰρηκότες
2721 3479 2784 3550 δὴ
2827 3480 2956 3552 περὶ
3001 3480 3216 3535 πάντων
3262 3481 3368 3534 τῶν
3401 3482 3758 3554 βορειοτέρων
3785 3483 3878 3536 τοῦ

2321 3569 2581 3634 ζωδιακοῦ
2625 3573 2857 3644 ἄστρων,
2910 3575 3037 3644 περὶ
3083 3573 3190 3626 τῶν
3221 3573 3418 3628 λοιπῶν
3446 3577 3505 3628 ὲν
3535 3569 3614 3646 τῷ
3639 3577 3882 3650 ἐχομένῳ

2321 3663 2689 3736 ἀποδώσομεν,
2733 3665 3111 3736 στοχαζόμενοι
3142 3665 3242 3736 τῆς
3272 3665 3612 3739 συμμετρίας
3635 3668 3731 3722 τοῦ
3759 3683 3884 3722 συν-

2321 3754 2617 3826 τάγματος.

2327 3869 2504 3936 Τὲλος
2549 3869 2874 3938 Ἱππάρχου
2901 3869 3019 3924 τῶν
3051 3835 3292 3940 Ἀράτου
3329 3873 3428 3928 καὶ
3455 3873 3727 3939 Εὐδόξου
3745 3877 3880 3929 Φαι-

2639 3941 2906 4010 νομένων
2951 3940 3330 4012 Ἐξηγήσεων
3355 3943 3458 3998 τοῦ
3487 3942 3570 4007 β’.

671 4077 3857 4115 mw

1851 4205 2652 4324 ΙΠΠΑΡΧΟΥ

1279 4414 1436 4482 ,ἸῺΝ
1459 4419 1596 4474 APA
1607 4421 1690 4474 Τί)
1703 4419 1748 4472 Υ
1775 4419 1901 4474 ΚΑΙ
1927 4421 1973 4472 Ε
1985 4419 2062 4469 TA
2073 4415 2206 4474 ΟΞΟ
2219 4418 2265 4470 Υ
2296 4420 2778 4476 ΦΑΙΝΟΜΕΝΩΝ
2811 4421 3238 4486 ΕΞΗΓΗΣΕΩΝ

1959 4557 2390 4644 ΒΙΒΛΙΟΝ
2463 4553 2570 4645 Γ’.

1881 4835 1980 4947 Η
1997 4835 2652 4952 IPPARCHI

1275 5055 1868 5114 ENARRATIONUM
1900 5059 1995 5114 AD
2033 5059 2256 5115 ARATI
2283 5057 2375 5120 ET
2405 5056 2694 5114 EUDOXI
2725 5055 3226 5114 PII/ENOMENA

1755 5210 2116 5298 LIBER
2207 5209 2759 5302 TERTIUS.

2249 5389 2314 5404 β

719 5473 876 5546 133
893 5474 934 5530 l.
951 5473 1242 5548 Superiore
1257 5477 1416 5542 libro,
1435 5477 1714 5543 Aﬂschrio,
1735 5477 1802 5534 de
1817 5478 2214 5535 borealioribus

2389 5477 2465 5527 A'.
2505 5472 2916 5546 Προειρηκότες,
2947 5465 2992 5527 ὦ
3013 5473 3302 5544 Αἰσχρίων,
3341 5478 3398 5526 εν
3429 5489 3508 5544 τῳ
3537 5474 3648 5546 πρὸ
3687 5481 3876 5531 τούτου

649 5565 874 5619 zodiaco
906 5565 1114 5621 circulo
1149 5566 1478 5638 imaginibus
1508 5568 1744 5624 diximus
1769 5608 1786 5632 ,
1817 5585 2055 5639 quonam
2088 5585 2212 5624 cum

647 5655 804 5722 signo
831 5655 897 5711 de
923 5655 1209 5712 duodecim
1241 5657 1490 5722 oriantur
1514 5666 1567 5713 et
1593 5657 1844 5716 occidant
1872 5678 1886 5725 ;
1921 5669 2032 5714 tum
2067 5660 2214 5730 quod

645 5745 862 5814 signum
899 5746 1110 5802 oriente
1143 5748 1422 5818 qualibet,
1457 5747 1538 5802 vel
1579 5747 1976 5813 descendente,
2018 5751 2212 5805 culmi—

645 5843 774 5904 net;
817 5853 1064 5908 quamam
1103 5839 1220 5911 ipso
1260 5847 1450 5908 ortus,
1485 5841 1566 5899 vcl
1603 5855 1834 5900 occasus
1888 5841 2076 5912 initio,
2119 5851 2212 5900 aut

2295 5597 2297 5600 ‹
2313 5567 2649 5637 συντάγματι
2663 5582 2728 5618 πε
2735 5565 2788 5636 ρ“ι
2801 5565 2906 5618 τῶν
2923 5563 3158 5636 βορειοτέ
3167 5581 3270 5635 ρων
3285 5564 3494 5636 ἄστρων
3505 5566 3600 5620 τοῦ
3613 5566 3876 5630 ζωδιακοῦ

2311 5663 2508 5718 κύκλου
2533 5705 2546 5728 ,
2577 5661 2680 5714 τίνι
2709 5677 2767 5712 τε
2809 5659 2982 5730 ζωδίῳ
3021 5659 3131 5711 τῶν
3164 5658 3229 5730 ιβ’
3255 5659 3482 5713 ἕκαστον
3527 5661 3714 5713 αὐτῶν
3755 5679 3876 5713 συν-

2311 5754 2584 5807 ανατέλλει
2624 5751 2718 5804 καὶ
2753 5749 3138 5820 συγκαταδύνει
3159 5793 3172 5816 ,
3207 5751 3298 5804 καὶ
3329 5751 3380 5804 τί
3408 5749 3616 5815 ζῴδιον.
3649 5753 3874 5805 ἀνατέλ-

2311 5844 2492 5908 λοντος
2517 5843 2679 5897 αὐτοῦ
2707 5841 2740 5910 ἢ
2769 5840 3013 5904 δύνοντος
3039 5844 3424 5914 ,ομεσουρανεί,
3463 5843 3554 5896 καὶ
3593 5842 3742 5906 τίνες
3773 5843 3874 5896 τῶν
