4130 6342
172 467 327 523 1109

1160 473 1525 532 HlPPARCIll
1559 479 1653 546 ,Αῐι
1692 479 2132 538 ριιΑεΝοΜΕΝΑ
2168 484 2290 537 LIB.
2334 486 2417 539 Ill.
2460 450 2468 457 ’

3254 501 3389 558 1110

166 581 439 635 ἀπλανῶν
487 581 728 659 ἀστέρων
777 584 866 636 ἐπὶ
916 585 1007 638 τοῦ
1061 590 1428 661 μεσημόρινοῦ
1482 593 1737 661 γίνονται,

1843 611 2036 651 rursus
2075 598 2388 662 occidente,
2437 598 2800 659 inerrantibus
2851 620 2881 659 e
2927 608 3099 663 stellis
3151 612 3384 666 medium

165 672 486 744 ἀρχομένου
514 692 571 725 τε
615 674 776 728 αὐτοῦ
810 677 1115 732 ἀνατέλλειν
1147 680 1179 751 ἢ
1219 683 1392 737 δύνειν
1412 725 1425 747 ,
1458 686 1550 737 καὶ
1580 685 1737 739 πάλιν

164 764 425 831 δύνοντος
450 783 462 795 ·
496 767 574 820 ἐτι
609 768 654 820 6‘
687 768 745 821 ἐν
789 770 978 831 πόσαις
1028 772 1363 842 ἰσημεριναῖς
1402 775 1569 845 ὥραις
1608 778 1738 830 ἕκα-

166 872 308 919 στος
332 856 628 921 ἀνατέλλει,
662 859 693 928 ἢ
728 858 903 911 δύνει·
948 858 1042 912 νῦν
1082 863 1463 935 ὑπογράψομεν
1496 866 1565 919 τά
1602 869 1739 921 αὐτὰ

164 949 311 1016 περὶ
337 948 559 1001 ἑκάστου
590 949 695 1001 τῶν
733 952 1059 1023 νοτιωτέρων
1087 954 1177 1007 τοῦ
1209 956 1470 1019 ζωδιακοῦ
1501 960 1734 1030 ἄστρων,

164 1040 276 1093 καὶ
308 1041 482 1109 αὐτῶν
510 1042 616 1095 τῶν
650 1042 715 1111 ιβ’
742 1043 964 1106 ζωδίων.

247 1132 371 1184 Τῶν
420 1132 516 1202 μὲν
566 1129 657 1186 οὖν
702 1135 1030 1206 νοτιωτέρων
1064 1135 1154 1189 τοῦ
1204 1136 1463 1198 ζωδιακοῦ
1512 1142 1731 1207 κύκλου,

163 1220 310 1275 ὃταν
344 1223 439 1292 μὲν
467 1225 495 1275 6
525 1224 721 1294 ’Υδρος
749 1225 1027 1296 ἀνατέλλῃ,
1062 1230 1429 1282 συνανατέλλει
1467 1233 1559 1301 μὲν
1595 1235 1735 1304 αύτῷ

160 1312 202 1362 ὁ
232 1310 495 1374 ζωδιακὸς
526 1314 631 1365 ἀπὸ
666 1314 934 1384 Καρκίνου
972 1316 1082 1385 μοί.
1127 1317 1185 1369 LO‘
1220 1319 1389 1389 μέσης
1416 1321 1518 1385 ἕως
1546 1325 1735 1395 Χηλῶν

166 1413 255 1471 ις’
294 1408 494 1477 μέσης·
532 1413 849 1479 μεσουρανεῖ
888 1411 942 1463 δὲ
984 1412 1090 1465 ἀπὸ
1134 1415 1300 1483 Κριοῦ
1343 1414 1448 1485 μοί.
1491 1421 1536 1482 γ’
1569 1417 1737 1487 μέσης

161 1497 283 1561 ἓως
312 1499 580 1569 Καρκίνου
617 1506 707 1567 ιη’.
744 1501 850 1553 Καὶ
881 1508 927 1553 α’
960 1503 1055 1571 μὲν
1094 1504 1264 1573 ἀστὴρ
1293 1504 1566 1556 ἀνατέλλει
1598 1508 1625 1557 6
1650 1505 1738 1574 βο-

166 1590 453 1661 ρειότερος
484 1592 589 1644 τῶν
617 1593 671 1643 ὲν
700 1594 773 1663 τῷ
808 1593 1062 1663 χάσματι,
1099 1594 1322 1663 ἔσχατος
1353 1596 1408 1647 δὲ
1441 1599 1468 1648 6
1500 1599 1556 1648 ἐν
1592 1598 1737 1668 ἄκρᾳ

162 1685 243 1753 τῇ
279 1683 431 1755 οὐρᾷ.
477 1686 810 1755 Μεσουρανεῖ
844 1687 897 1738 6‘:
938 1688 1110 1756 ἀστὴρ
1143 1693 1189 1738 α’
1219 1687 1315 1756 μὲν
1356 1686 1450 1739 τοῦ
1498 1705 1555 1740 τε
1595 1691 1735 1760 Περ-

165 1773 320 1837 σέως
339 1776 366 1828 6
392 1778 447 1829 ἐν
470 1780 534 1847 τῇ
562 1777 745 1849 "Apr-ri
766 1777 1122 1847 νεφελοειδὴς,
1152 1779 1243 1829 καὶ
1268 1780 1295 1830 6
1317 1777 1604 1849 σύνδεσμος
1630 1779 1735 1833 τῶν

180 1866 514 1936 Ἰχθύων,ὠς
544 1871 838 1940 ἡμιπήχιον
881 1870 1301 1941 ὑπολειπόμενος
1342 1871 1447 1923 τῶν
1477 1873 1532 1924 ὲν
1556 1874 1618 1942 τῇ
1643 1889 1734 1923 κε-

1838 686 2035 739 cmlum
2072 695 2299 756 occupet
2329 706 2341 741 :
2380 688 2445 741 ad
2481 688 2596 742 hinc
2630 702 2761 758 quot
2793 696 3248 763 aequinoctialium
3285 693 3403 761 ho-?

1838 794 2021 832 rarum
2063 780 2238 850 spatio
2276 782 2500 850 singulae
2537 791 2690 839 ortus
2731 802 2859 841 suos
2913 803 3245 860 occasusque
3302 790 3403 846 fa-l

1810 870 2005 923 ‘ciant.
2045 870 2187 925 Idem
2222 887 2363 925 nunc
2414 872 2479 927 de
2530 877 2948 936 australioribus
2993 882 3213 936 zodiaco
3260 884 3382 937 caeli

1836 962 2376 1028 constellalienibus,
2438 980 2501 1019 ac
2560 968 2625 1021 de
2689 970 2822 1039 ipsis
2874 972 3155 1027 duodecim
3214 972 3389 1045 signis

1837 1052 2074 1107 scribere
2112 1053 2477 1110 instituemus.

1904 1142 1979 1195 Ex
2016 1145 2083 1198 iis
2115 1145 2279 1213 igitur
2320 1149 2660 1216 asterismis,
2706 1153 2797 1220 qui
2852 1156 3207 1213 australiores
3255 1168 3383 1214 sunt

1835 1236 2059 1287 zodiaco
2092 1236 2329 1301 circulo,
2366 1238 2549 1309 Hydro
2590 1252 2872 1312 surgente,
2909 1248 3161 1303 zodiacus
3192 1265 3381 1305 ascen—

1836 1326 1911 1379 dit
1944 1344 1970 1379 a
2004 1326 2199 1381 Cancri
2232 1331 2296 1383 19
2328 1332 2501 1385 media
2538 1344 2723 1399 parte,
2756 1337 2819 1390 ad
2856 1341 3085 1394 mediam
3134 1343 3199 1396 16
3244 1344 3385 1399 Clie-

1838 1419 2042 1485 laruni;
2072 1422 2329 1475 eulminat
2362 1424 2429 1477 ab
2464 1426 2660 1482 Arietis
2698 1432 2871 1484 media
2904 1431 2938 1485 5
2968 1432 3032 1485 ad
3069 1434 3263 1489 Cancri
3295 1437 3380 1489 18.

1835 1508 2015 1565 Prima
2052 1513 2224 1566 orilur
2257 1515 2409 1568 stella
2458 1515 2726 1573 borealior
2763 1536 2948 1575 earum
2988 1540 3108 1595 qua}
3147 1528 3200 1579 in
3241 1528 3382 1581 rictu

1837 1610 1963 1656 sunt
1989 1620 2002 1667 ;
2030 1604 2215 1657 ultima
2235 1646 2249 1670 ,
2282 1622 2400 1674 qua:
2427 1608 2479 1659 in
2505 1610 2843 1681 extremitate
2873 1615 3076 1668 caudae.
3109 1615 3385 1671 Culminat

1824 1686 1984 1763 prior
2033 1711 2151 1764 quae
2188 1694 2244 1749 in
2283 1696 2465 1753 Persei
2502 1709 2589 1753 est
2616 1698 2792 1770 llarpe
2818 1702 3026 1757 nebulae
3058 1706 3292 1772 similis;
3326 1715 3381 1762 et

1835 1788 2011 1842 nodus
2056 1788 2327 1852 Piscium,
2372 1792 2691 1847 semicubito
2733 1794 2946 1849 circiter
2989 1796 3194 1853 distans
3236 1814 3267 1853 a
3300 1800 3382 1853 lu-

1836 1880 1973 1934 cidis
2002 1880 2171 1936 tribus
2196 1882 2389 1951 capitis
2412 1883 2640 1951 Cancri;
2668 1886 2989 1942 semicubito
3013 1904 3226 1957 quoque
3248 1890 3380 1943 citra

164 1957 323 2028 φαλῇ
352 1958 442 2010 τοῦ
472 1960 743 2030 Καρκίνου
778 1962 1039 2031 λαμπρῶν
1071 1968 1140 2031 γ’,
1175 1961 1248 2024 ὡς
1275 1962 1568 2033 ήμιπήχιον
1609 1964 1736 2013 ὑπο-

1841 1971 2193 2027 meridianum
2247 1977 2437 2043 posita.
2493 1973 2690 2029 Ultima
2738 1978 3034 2045 culminat,
3092 1982 3386 2040 australier

164 2047 493 2117 λειπόμενος
521 2049 614 2101 τοῦ
649 2051 1018 2122 μεσημϐρινοῦ
1049 2069 1061 2081 ο
1092 2052 1316 2122 ἔσχατος
1339 2054 1392 2105 δὲ
1424 2056 1738 2124 μεσουρανεῖ

162 2138 272 2190 τοῦ
310 2156 367 2190 τε
406 2140 629 2202 Λέοντος
673 2142 701 2194 6
741 2142 1054 2213 νοτιῶτερος
1086 2144 1198 2197 τῶν
1230 2145 1545 2214 ἡγουμένων
1574 2148 1630 2198 ὲν
1670 2148 1737 2216 τῇ

88 2281 97 2286 -
166 2228 386 2301 κεφαλῇ
412 2270 427 2294 ,
458 2231 549 2283 καὶ
581 2231 680 2301 τῆς
717 2233 940 2303 ’Λργοῑις
964 2235 992 2285 6
1020 2234 1331 2305 νοτιῶτερος
1357 2234 1463 2287 τῶν
1494 2236 1549 2287 ὲν
1591 2235 1739 2307 μέσῳ

161 2321 256 2393 τῷ
298 2321 445 2393 ἱστῷ.
485 2322 782 2377 Ἀνατέλλει
828 2324 884 2379 δὲ
925 2328 953 2378 6
974 2326 1167 2398 ’Ύδρος
1204 2327 1260 2379 ἐν
1289 2326 1456 2396 ὥραις
1484 2326 1526 2391 ζ’
1556 2329 1648 2379 καὶ
1680 2343 1738 2379 ιε’

167 2412 361 2486 μέρει.

253 2506 420 2557 Ὅταν
464 2505 519 2557 δὲ
550 2505 578 2556 6
612 2506 837 2578 Κρατὴρ
883 2506 1145 2579 ἀνατέλλῃ
1169 2548 1184 2571 ,
1215 2508 1587 2563 συνανατέλλει
1639 2510 1739 2581 μὲν

164 2594 329 2665 αύτῷ
366 2600 394 2649 6
426 2597 682 2661 ζωδιακὸς
729 2597 837 2650 ἀπὸ
874 2600 1098 2662 Λέοντος
1143 2601 1249 2671 μοί.
1288 2602 1331 2665 ζ’
1365 2605 1455 2655 καὶ
1488 2609 1533 2656 κ’
1567 2604 1738 2673 μέσης

164 2688 283 2750 ἕως
326 2689 597 2761 Παρθένου
649 2691 757 2761 μοι.
812 2699 875 2744 ια’
928 2692 1126 2764 μέσης·
1171 2698 1492 2765 μεσουρανεῖ
1531 2696 1585 2748 δὲ
1631 2696 1737 2748 ἀπὸ

166 2780 391 2852 Ταύρου
424 2788 470 2836 α’
500 2784 594 2836 καὶ
621 2791 669 2837 κ’
716 2783 883 2855 μέσης
905 2784 1007 2849 ἓως
1038 2786 1280 2855 Διδύμων
1312 2786 1501 2857 μέσης.
1548 2788 1657 2839 Καὶ
1690 2795 1737 2841 α’

172 2873 283 2943 μὲν
317 2872 487 2946 ἀστὴρ
520 2876 797 2929 ἀνατέλλει
831 2879 858 2929 6
888 2876 1222 2948 βορειότερος
1252 2877 1361 2930 τῶν
1394 2880 1450 2930 ἐν
1484 2881 1549 2950 τῇ
1587 2879 1739 2948 βάσει

166 2967 242 3028 δ’,
278 2967 499 3036 ἔσχατος
528 2968 585 3022 δὲ
611 2972 639 3021 6
661 2968 977 3033 νοτιὼτατος
1006 2970 1111 3023 τῶν
1136 2972 1194 3023 ὲν
1213 2971 1289 3041 τῷ
1310 2972 1477 3043 Κήτει
1504 2978 1554 3036 ς’
1583 2972 1740 3025 ἀστέ-

174 3077 313 3129 ρων.
349 3061 751 3132 Μεσουρανοῦσι
780 3063 835 3115 δὲ
862 3063 1066 3136 πρῶτοι
1099 3065 1193 3134 μὲν
1234 3066 1459 3137 ἀστέρες
1496 3068 1545 3118 οἱ
1582 3067 1639 3118 ὲν
1670 3070 1735 3137 τῇ

170 3150 387 3223 κεφαλῇ
416 3151 509 3205 τοῦ
544 3153 783 3225 Ἦνιόχου
819 3157 956 3209 κατά
994 3155 1056 3208 τὸ
1087 3156 1245 3226 μέσον
1273 3156 1401 3209 αὐτὸ
1423 3159 1488 3222 9°,
1524 3158 1736 3228 ἔσχατοι

168 3244 237 3297 δὲ
270 3244 375 3297 τῶν
397 3263 454 3298 τε
479 3246 721 3317 Διδύμων
749 3249 777 3301 6
820 3249 862 3301 δ’
894 3249 999 3302 ἀπὸ
1028 3249 1228 3312 δύσεως
1259 3248 1368 3302 τῶν
1404 3251 1460 3303 ἐν
1479 3254 1588 3313 τοῖς
1613 3252 1738 3303 ποσὶ

1836 2064 2255 2132 ρτωρθίιοηιὶυιη
2304 2067 2357 2119 in
2410 2068 2583 2136 capite
2627 2066 2861 2123 Leonis:
2914 2073 3204 2128 australior
3255 2075 3380 2127 iten‘

1836 2166 2022 2207 earum
2060 2170 2181 2223 qua:
2217 2157 2270 2209 in
2312 2158 2453 2211 malo
2480 2158 2658 2212 medio
2689 2166 2813 2214 sunt
2844 2159 3025 2217 Navis.
3057 2162 3241 2217 Oritur
3271 2163 3383 2235 Hy-

1836 2244 1967 2300 drus
1999 2245 2149 2303 horis
2181 2254 2384 2319 septem
2404 2289 2420 2314 ,
2454 2256 2507 2305 et
2540 2260 2691 2322 parte
2725 2251 2874 2308 horae
2905 2254 2990 2309 15.

1908 2507 2126 2565 Oriente
2149 2510 2369 2567 Cratere
2396 2514 2649 2571 zodiacus
2677 2516 2909 2588 assurgit
2932 2533 2961 2571 a
2988 2517 3184 2573 Leonis
3210 2517 3386 2572 media

1836 2609 1987 2670 parte
2019 2601 2089 2653 9.7
2123 2618 2296 2673 usque
2332 2606 2398 2660 ad
2438 2606 2672 2678 Virginis
2712 2610 2944 2664 mediam
2983 2612 3086 2677 H;
3125 2611 3387 2666 culmina:

1838 2703 1867 2741 a
1892 2696 2047 2758 parte
2070 2689 2233 2746 Tauri
2262 2693 2438 2748 media
2462 2695 2525 2748 21
2557 2695 2624 2749 ad
2651 2692 2882 2752 mediam
2910 2732 2927 2751 ,λ
2946 2737 2958 2750 .
2981 2698 3383 2756 ,ϐοωίηοτιιηιι

1836 2777 1993 2835 Prior
2025 2783 2199 2836 oritur
2226 2784 2495 2840 borealior
2527 2786 2594 2841 de
2627 2795 2858 2858 quatuor
2887 2790 2942 2857 in
2972 2788 3128 2855 basi;
3162 2790 3347 2843 ultima
3367 2830 3383 2856 ,

1836 2887 1957 2942 quae
1994 2880 2078 2928 est
2116 2875 2373 2929 australis
2411 2877 2646 2932 maxime
2683 2892 2779 2933 sex
2815 2878 2869 2931 in
2907 2875 3045 2933 Ceto
3082 2880 3380 2935 stellarum.

1839 2961 2156 3019 Culminant
2195 2967 2401 3035 priores
2439 2983 2516 3023 eae
2552 2968 2751 3037 stellae,
2793 2984 2913 3037 quae
2950 2977 3079 3023 sunt
3115 2971 3172 3024 iu
3210 2972 3386 3039 capite

1837 3057 2080 3128 Aurigae,
2113 3060 2257 3114 circa
2286 3063 2521 3135 medium
2554 3064 2729 3135 ipsum
2763 3082 2776 3117 :
2817 3064 3150 3129 novissimae,
3188 3070 3385 3134 quarta

1839 3148 1908 3203 ab
1938 3163 2135 3205 occasu
2165 3150 2234 3206 de
2262 3164 2493 3223 quatuor
2524 3172 2644 3226 qua:
2681 3163 2807 3211 sunt
2846 3156 2905 3210 in
2943 3155 3170 3226 pedibus
3203 3154 3384 3209 Gemis

1840 3268 2070 3318 norum,
2102 3262 2155 3309 et
2182 3251 2359 3307 lucida
2391 3264 2585 3305 carens
2606 3250 2864 3313 nomine,
2895 3247 3091 3319 Lepori
3119 3246 3379 3317 subjecta.

170 3335 241 3400 δ’,
271 3340 363 3391 καὶ
385 3340 413 3391 6
444 3339 546 3392 ὑπὸ
575 3340 665 3392 τὸν
692 3340 884 3409 Δαγὼν
917 3342 1163 3413 λαμπρὸς
1199 3342 1369 3414 ἀστὴρ
1398 3342 1732 3412 ἀκατονόμα-

1841 3343 2022 3400 Oritur
2046 3325 2234 3400 Crater
2258 3343 2389 3397 liora
2418 3342 2443 3395 1
2467 3382 2481 3407 ,
2519 3338 2617 3395 15'.

174 3445 323 3490 στος.
365 3430 660 3483 Ἀνατέλλει
692 3431 747 3484 δὲ
837 3432 1061 3504 Κρατὴρ
1087 3436 1143 3487 ἐν
1171 3434 1289 3503 ὥρᾳ.
1309 3440 1353 3486 α’
1374 3435 1465 3487 καὶ
1489 3435 1526 3486 δ’
1558 3434 1729 3504 μέρει.

213 3554 222 3562 .
252 3520 324 3571 B'.
372 3521 536 3575 Ὅταν
563 3522 619 3575 δὲ
645 3525 673 3576 6
699 3522 882 3594 Κόραξ
912 3526 1173 3598 ἀνατέλλῃ
1196 3566 1208 3590 ,
1236 3528 1604 3580 συνανατέλλει
1638 3528 1734 3598 μὲν

172 3610 329 3681 αὐτῷ
359 3614 386 3665 6
416 3612 677 3678 ζωδιακὸς
702 3615 807 3668 ἀπὸ
830 3616 1099 3687 Παρθένου
1137 3618 1245 3686 μοί.
1289 3625 1364 3683 ις’
1388 3619 1489 3682 ἕως
1532 3618 1737 3689 Παρθέ-

173 3720 271 3756 νου
305 3702 409 3773 μοί.
439 3711 487 3773 γ’
529 3705 623 3759 καὶ
652 3713 699 3760 κ’
726 3720 740 3735 ⁸
777 3711 1097 3778 μεσουρανεῖ
1126 3708 1181 3759 δὲ
1211 3709 1315 3761 ἀπὸ
1355 3711 1596 3779 Διδύμων
1626 3711 1735 3781 μοί.

177 3797 247 3849 ιδ’
260 3796 372 3859 οέως
397 3796 640 3868 Διδύμων
669 3800 774 3869 μοί.
801 3798 845 3869 β’
864 3799 957 3852 καὶ
981 3807 1045 3853 κ’.
1080 3800 1186 3853 Καὶ
1208 3801 1419 3869 πρῶτος
1445 3803 1540 3872 μὲν
1567 3804 1737 3875 ἀστὴρ

174 3885 455 3940 ἀνατέλλει
508 3888 536 3941 6
581 3889 671 3942 ἐπὶ
701 3890 800 3959 τῆς
844 3890 1040 3962 ὀσφύος
1065 3932 1079 3955 ,
1113 3891 1331 3962 ἔσχατος
1368 3893 1423 3945 δὲ
1468 3895 1495 3945 6
1528 3896 1583 3946 ἐν
1627 3898 1737 3958 τοῖς

176 3970 341 4030 ποσί.’
362 3980 697 4050 Μεσουρανεϊ
734 3982 790 4035 δὲ
822 3990 870 4035 α’
910 3982 1007 4053 μὲν
1039 3984 1067 4035 6
1100 3985 1157 4036 ἐν
1189 3987 1253 4054 τῇ
1287 3984 1557 4055 ἡγουμένῃ
1594 3988 1736 4056 χειρὶ

174 4069 274 4123 τοῦ
299 4071 598 4142 ἡγουμένου
627 4072 878 4144 Διδύμου,
918 4074 1011 4127 καὶ
1048 4074 1075 4125 ὁ
1111 4074 1281 4139 δεξιὸς
1316 4076 1449 4135 πούς
1486 4074 1576 4127 τοῦ
1620 4076 1739 4126 ἑπο-

180 4160 346 4231 μένου
376 4162 625 4233 Διδύμου,
656 4163 873 4235 ἔσχατοι
915 4164 971 4218 δὲ
996 4164 1103 4217 τῶν
1132 4181 1191 4217 τε
1221 4165 1461 4234 Διδύμων
1495 4166 1522 4218 6
1554 4173 1600 4233 γ’
1632 4166 1738 4218 ἀπὸ

176 4251 383 4316 δύσεως
405 4253 517 4307 τῶν
546 4255 605 4307 ὲν
647 4258 757 4317 τοῖς
800 4253 989 4326 ὤμοις,
1038 4254 1129 4307 καὶ
1176 4253 1270 4306 τοῦ
1311 4255 1484 4317 Κυνὸς
1509 4258 1536 4306 6
1577 4256 1632 4306 ἐν
1669 4257 1734 4325 τῇ

178 4346 405 4415 ἐκφύσει
468 4346 576 4399 τῶν
608 4347 952 4418 ἐμπροσθίων
1002 4345 1201 4417 μερῶν,
1251 4347 1441 4416 μικρὸν
1490 4345 1910 4417 ὑπολειπόμενος
1952 4351 2043 4404 τοῦ
2102 4352 2493 4423 μεσημϐρινοῦ.

177 4442 325 4513 τρισὶ
352 4442 782 4514 πμπτημορίοις
807 4450 851 4495 α’
883 4443 1049 4514 ὥρας.

258 4538 419 4590 Ὅταν
449 4536 505 4589 δὲ
528 4538 556 4588 6
588 4537 893 4607 Κένταυρος
922 4537 1201 4609 ἀνατέλλῃ,
1234 4536 1607 4591 συνανατέλλει
1644 4538 1741 4607 μὲν

1910 3500 2001 3579 ll.“
2013 3525 2231 3580 Oriente
2259 3523 2464 3587 Corvo,
2495 3521 2698 3577 zodiaci
2734 3535 2892 3577 arcus
2920 3519 3181 3575 attollitur
3209 3534 3237 3572 a
3265 3517 3388 3573 Vir-

1839 3619 1979 3689 ginis
2011 3618 2077 3673 ιδ
2118 3619 2183 3671 ad
2216 3616 2315 3682 es;
2346 3598 2606 3671 culminat
2635 3631 2665 3669 a
2694 3612 3038 3669 Geminorum
3082 3613 3149 3666 ιι
3192 3612 3259 3666 ad
3295 3611 3385 3664 22.

1842 3710 1998 3763 Prior
2025 3710 2198 3763 oritur
2224 3708 2378 3765 stella
2398 3749 2411 3772 ,
2439 3723 2558 3777 quae
2581 3715 2664 3762 est
2690 3708 2745 3761 in
2766 3706 2959 3761 lumbis
2978 3746 2993 3771 ,
3019 3705 3207 3759 ultima
3228 3741 3244 3767 ,
3271 3718 3389 3772 qua:

1843 3810 1927 3856 est
1962 3802 2014 3853 in
2048 3801 2296 3870 pedibus.
2332 3800 2606 3854 Culminat
2638 3799 2809 3869 prima
2841 3812 2959 3867 quae
2987 3804 3071 3851 est
3103 3796 3157 3853 in
3190 3809 3392 3865 praece-

1840 3894 2000 3946 dente
2048 3908 2207 3946 manu
2268 3893 2619 3962 przecedentis
2670 3890 2921 3956 Gemini;
2978 3899 3029 3945 et
3069 3906 3163 3961 pes
3200 3889 3389 3943 dexter

1841 3982 2182 4038 succedentis
2210 4002 2224 4049 ;
2253 3992 2535 4053 postremae
2553 4028 2566 4049 ,
2592 3984 2749 4039 tertia
2775 3982 2841 4036 ab
2864 3996 3058 4036 occasu
3084 3997 3145 4035 ex
3178 3980 3243 4035 iis
3272 3994 3391 4048 qua:

1842 4082 1967 4131 sunt
1998 4076 2052 4129 in
2079 4070 2425 4131 Geminorum
2477 4076 2736 4139 humeris,
2769 4083 2819 4129 et
2845 4090 2963 4144 qua:
2995 4074 3049 4126 in
3080 4072 3259 4127 radice
3292 4086 3391 4125 an-

1839 4168 2098 4223 teriorum
2147 4169 2381 4237 partium
2418 4168 2581 4223 Canis
2604 4207 2618 4232 ,
2659 4167 2933 4236 paululum
2965 4166 3102 4219 citra
3129 4162 3387 4231 meridia-

1840 4276 1967 4313 num
2004 4260 2200 4329 posita;
2234 4260 2420 4315 Oritur
2448 4262 2655 4315 Corvus
2685 4260 2818 4313 hora
2850 4258 2916 4324 0,
2949 4257 3051 4314 ὅδ’.

2576 4350 2873 4403 Ἀνατέλλει
2928 4350 2982 4403 δὲ
3019 4351 3047 4401 6
3087 4347 3269 4419 Κόραξ
3335 4349 3391 4400 ἐν

1920 4534 2055 4589 Cum
2102 4534 2374 4589 Centauro
2424 4534 2677 4589 zodiacus
2726 4533 2901 4587 oritur
2946 4548 2975 4585 a
3020 4541 3171 4601 parte
3200 4532 3392 4587 Chela-
3456 4534 3471 4540 ”

179 4627 327 4698 αὐτῷ
376 4628 404 4680 6
448 4626 709 4691 ζωδιακὸς
755 4627 861 4683 ἀπὸ
909 4628 1101 4696 Χηλῶν
1142 4628 1251 4697 μοί.
1284 4634 1312 4680 ι’
1362 4629 1463 4690 ἓως
1515 4626 1737 4691 Τοξότου

1841 4644 1959 4681 rum
1996 4629 2058 4681 10
2085 4628 2150 4681 ad
2182 4627 2451 4697 Sagittarii
2484 4628 2516 4679 4
2536 4644 2548 4691 ;
2572 4627 2832 4680 culminat
2862 4641 2891 4677 a
2919 4634 3069 4693 parte
3097 4623 3293 4678 Cancri
3327 4625 3393 4678 l2

185 4720 293 4794 μοί.
324 4720 384 4772 δ”
414 4723 732 4793 μεσουρανεῖ
762 4720 818 4773 δὲ
851 4720 959 4774 ἀπὸ
1001 4721 1274 4789 Καρκίνου
1317 4721 1380 4790 ιβ’
1408 4721 1512 4784 ἕως
1540 4718 1741 4790 Παρθέ-

179 4831 272 4868 νου
309 4811 368 4875 ιζ’
400 4813 588 4884 μέσης.
624 4814 734 4867 Καὶ
770 4821 818 4866 α’
854 4813 950 4883 μὲν
980 4811 1150 4882 ἀστὴρ
1201 4813 1474 4866 ἀνατέλλει
1514 4814 1541 4865 6
1583 4814 1637 4863 ὲν
1664 4810 1739 4881 τῷ

180 4903 449 4974 ἀριστερῷ
479 4904 633 4975 ὤμῳ,
676 4887 909 4975 ἔσχατος⁴
939 4906 995 4957 δὲ
1031 4907 1057 4957 6
1089 4904 1349 4973 ἑπόμενος
1379 4904 1485 4956 τῶν
1530 4905 1737 4973 ἐμπρο-

183 4994 343 5049 σθίων
373 4993 565 5048 ποδῶν.
590 4998 925 5068 Μεσουρανεῖ
948 4997 1003 5049 δὲ
1028 5002 1073 5048 α’
1104 4996 1198 5065 μὲν
1220 4996 1389 5065 ἀστὴρ
1416 4996 1515 5063 τῆς
1544 5012 1601 5047 τε
1628 4996 1740 5063 Ἀρ·

181 5084 310 5155 γοῦς
347 5087 375 5138 ὁ
419 5085 525 5138 ἀπὸ
561 5085 764 5150 δύσεως
797 5086 904 5139 τῶν
946 5089 1001 5139 ἐν
1026 5087 1103 5158 τῷ
1146 5082 1565 5155 καταστρώματι
1599 5085 1738 5155 λαμ-

185 5176 357 5248 πρῶν,
382 5176 473 5230 καὶ
505 5175 597 5229 τοῦ
622 5176 817 5249 ’Ύδρου
855 5178 952 5249 τῆς
990 5178 1165 5240 νοτίας
1197 5176 1439 5244 σιαγόνος
1484 5178 1511 5229 6
1543 5177 1739 5247 ἑπόμε-

182 5287 293 5334 νος,
320 5267 538 5339 ἔσχατος
568 5267 623 5320 δὲ
647 5270 676 5320 6
701 5269 1093 5341 Προτρυγητὴρ
1134 5270 1207 5332 ὡς
1258 5270 1551 5339 ἡμιπήχιον
1609 5286 1738 5339 προ-

181 5360 482 5432 ηγούμενος
522 5357 614 5414 τοῦ
665 5362 1053 5432 μεσημϐρινοῦ.
1097 5361 1393 5415 Ἀνατέλλει
1439 5361 1493 5413 δὲ
1534 5362 1562 5413 ὁ
1605 5361 1739 5414 Κέν-

183 5470 378 5522 ταυρος
404 5454 459 5505 ὲν
485 5450 653 5523 ὥραις
679 5452 719 5505 δ’
747 5455 840 5505 καὶ
866 5460 910 5519 γ’
944 5455 1098 5524 μέρει
1119 5453 1281 5523 ὥρας.

255 5542 358 5597 Τοῦ
389 5543 445 5597 δὲ
477 5545 673 5616 Θηρίου
706 5546 1109 5611 ἀνατέλλοντος,
1144 5547 1172 5599 ὃ
1204 5547 1313 5615 ἔχει
1353 5547 1380 5598 6
1407 5544 1733 5616 Κένταυρος,

185 5635 553 5694 αυναυατέλλει
583 5636 683 5708 μὲν
716 5635 863 5707 αὐτῷ
886 5639 913 5689 6
938 5637 1193 5700 ζωδιακὸς
1216 5637 1323 5691 ἀπὸ
1354 5643 1399 5703 γ’
1431 5636 1522 5689 καὶ
1548 5644 1594 5689 κ’
1625 5636 1732 5707 μοί.

183 5727 276 5783 τοῦ
308 5726 574 5798 Σκορπίου
604 5728 707 5791 ἕως
738 5728 963 5795 Τοξότου
1016 5736 1129 5781 κα’·
1172 5731 1491 5800 μεσουρανεῖ
1528 5726 1585 5781 δὲ
1630 5729 1735 5784 ἀπὸ

247 5877 438 5944 "Rea.
469 5885 640 5964 αὐτοὶ.
667 5885 704 5943 Ῑ.
730 5887 910 5943 αὐτοῦ.

1842 4720 1909 4773 ad
1942 4720 2173 4773 mediam
2207 4716 2442 4789 Virginis
2468 4719 2554 4772 l7.
2587 4717 2765 4770 Prima
2798 4716 2970 4770 oritur
3003 4716 3154 4770 stella
3184 4716 3393 4771 sinistri

1842 4815 2087 4877 humeri,
2134 4814 2346 4880 ultima,
2366 4828 2526 4878 vero,
2578 4810 2878 4865 succedens
2925 4810 3255 4864 anteriorum
3300 4824 3396 4877 pe-

1840 4908 1989 4961 dum.
2030 4905 2304 4959 Culminat
2352 4904 2524 4973 prima
2566 4903 2720 4957 stella
2759 4918 2878 4972 qua:
2914 4902 2981 4955 ab
3018 4914 3215 4953 occasu
3255 4900 3394 4953 luci-

1840 5002 2029 5054 darum
2067 5006 2151 5053 est
2187 4998 2242 5051 in
2284 4995 2415 5051 foris
2455 4997 2663 5066 Argus,
2704 5005 2757 5050 et
2796 4994 3091 5049 succedens
3131 4993 3407 5057 australis,

1842 5089 2172 5144 mandibulm
2198 5088 2337 5143 Ceti.
2364 5086 2647 5142 Postremo
2676 5084 3043 5138 Vindemiator
3071 5083 3403 5138 semicubito.

1843 5182 2153 5253 praecedens
2184 5180 2561 5235 meridianum.
2596 5176 2780 5233 Oritur
2813 5175 3120 5231 Centaurus
3145 5175 3291 5230 horis
3323 5176 3391 5238 4,

1839 5285 1891 5333 et
1911 5274 2012 5330 20'.

1920 5542 2077 5615 135.
2100 5542 2233 5598 Fera
2255 5583 2269 5607 ,
2297 5556 2456 5612 quam
2478 5540 2783 5595 Centaurus
2816 5546 2995 5601 tenet,
3030 5536 3264 5600 oriente,
3298 5550 3394 5589 zo-

1840 5639 2028 5694 diacus
2059 5637 2284 5707 emergit
2314 5650 2341 5687 a
2365 5642 2515 5705 parte
2544 5632 2756 5703 Seerpii
2786 5633 2857 5686 25
2889 5631 2955 5686 ad
2986 5628 3262 5701 Sagittarii
3290 5627 3391 5691 21;

1843 5731 2103 5787 culminat
2135 5746 2164 5785 a
2196 5728 2433 5801 Virginis
2464 5728 2499 5783 5
2536 5726 2603 5781 ad
2637 5723 2811 5780 Libra:
2840 5722 2920 5779 10.
2950 5723 3109 5780 Prior
3136 5720 3306 5780 oritur
3329 5730 3394 5775 ea
