4094 6328
711 383 845 442 ιω

1707 390 1797 445 AD
1835 391 2103 447 hUSEBll
2139 389 2529 448 CHRONICON
2566 389 2924 448 APPENDIX.

3780 393 3920 446 HIS

633 487 640 493 ’
709 516 830 573 quae
852 510 935 558 est
963 503 1020 558 in
1041 504 1392 560 antecedente
1415 506 1609 576 pedum
1641 509 2017 576 posteriorum,
2044 525 2163 580 qua:
2183 525 2241 565 es

2368 509 2641 579 Παρθένου
2665 514 2714 576 γ’
2742 506 2848 570 ἕως
2873 505 3039 574 Ζυγοῦ
3073 513 3123 559 ι’.
3152 506 3258 567 Καὶ
3295 512 3341 558 α’
3368 507 3465 576 μὲν
3502 506 3676 578 ἀστὴρ
3705 507 3922 561 ἀνατέλ-

711 591 982 648 borealior
1030 595 1257 649 sitarum
1309 595 1412 650 sub
1459 594 1648 650 dextro
1698 596 1923 654 humero
1957 599 2256 666 Centauri;

711 684 899 740 ultima
929 699 1092 751 vero,
1138 685 1381 740 omnium
1427 687 1737 753 australior,
1792 699 1846 744 et
1895 691 1952 746 in
2003 693 2262 747 extremi-

2330 623 2341 639 ι
2367 600 2445 653 λει
2473 603 2501 654 6
2544 603 2602 654 ὲν
2622 599 2699 670 τῷ
2728 599 3011 669 ἡγουμένῳ
3039 598 3144 652 τῶν
3184 597 3439 651 ὀπισθίων
3465 598 3639 652 ποδῶν
3660 615 3673 628 ο
3710 599 3820 651 ἐστι
3865 600 3919 653 δὲ

2367 686 2519 755 οὗτος
2563 695 2592 746 6
2634 692 2961 763 βορειότερος
3004 691 3112 744 τῶν
3149 690 3251 743 ὑπὸ
3290 690 3380 744 τὸν
3423 690 3592 755 δεξιὸν
3633 686 3779 762 ὦμον
3821 691 3918 744 τοῦ

710 785 839 840 tate,
874 791 995 847 qua
1023 777 1078 830 in
1109 777 1308 833 lumbis
1333 787 1417 833 est
1436 819 1450 842 ,
1497 778 1762 848 subjecta.
1789 779 1969 835 Prima
1998 781 2247 838 culminal

2367 784 2675 854 Κενταύρου
2704 799 2717 813 ·
2753 783 2978 852 ἔσχατος
3018 782 3073 834 δὲ
3098 784 3123 836 6
3149 782 3458 852 vo-cubtepog
3488 783 3700 858 παντων
3728 782 3819 834 καὶ
3863 786 3917 834 ἐν

707 866 898 938 stella,
953 868 1360 923 succedentium
1409 885 1476 924 ex
1523 870 1589 924 iis
1630 885 1750 939 qua
1792 858 1921 925 sunt
1962 871 2016 924 in
2064 870 2260 926 Leonis

706 956 917 1024 capite,
970 957 1252 1024 borealier,
1307 965 1360 1013 et
1409 973 1529 1028 quae
1576 960 1631 1013 in
1679 960 2042 1015 anterioribus
2088 960 2258 1030 ipsius

707 1046 977 1116 pedibus;
1021 1048 1208 1102 ultima
1251 1063 1376 1102 vero
1418 1047 1596 1103 lucida
1621 1086 1635 1112 ,
1678 1064 1797 1119 qua
1838 1049 1890 1104 in
1937 1050 2136 1106 lumbis
2176 1058 2259 1106 est

707 1135 931 1206 majoris
961 1135 1110 1193 Ursae
1135 1156 1147 1192 :
1179 1147 1232 1194 et
1263 1155 1381 1210 qua:
1410 1140 1464 1194 in
1493 1147 1641 1197 recte
1669 1147 1752 1195 est
1784 1140 2043 1210 trianguli
2071 1141 2258 1196 ortho-

704 1227 884 1298 gonii,
917 1229 1006 1299 qui
1043 1238 1126 1284 est
1163 1230 1266 1286 sub
1295 1223 1534 1287 Cratere.
1571 1229 1752 1286 Oritur
1780 1229 1915 1288 Fera
1946 1234 2122 1302 spatio
2159 1233 2258 1287 ho-

703 1333 885 1376 rarum
917 1319 954 1374 2
971 1311 1122 1389 ,15'.
2225 1312 2231 1322 ’

774 1500 879 1556 Ara
907 1517 1029 1558 cum
1059 1503 1254 1570 oritur,
1280 1519 1402 1559 cum
1433 1518 1496 1560 ea
1529 1503 1788 1559 zodiacus
1815 1503 2059 1559 ascendit
2092 1519 2121 1558 a
2157 1504 2254 1557 Sa-

705 1593 906 1663 gittarii
936 1604 1088 1665 parte
1118 1596 1183 1652 15
1207 1597 1275 1651 ad
1303 1595 1410 1662 25;
1439 1595 1699 1651 culminat
1727 1589 1762 1649 a~
1785 1595 2073 1650 Chelarum
2105 1604 2259 1665 parte

701 1684 736 1737 9.
758 1684 822 1737 ad
853 1685 934 1740 ιο.
963 1685 1119 1742 Prior
1146 1686 1320 1743 oritur
1346 1687 1501 1743 stella
1522 1702 1642 1757 qua:
1669 1694 1752 1742 est
1778 1686 1833 1740 in
1865 1685 1983 1742 foco
2007 1703 2022 1752 ;
2047 1697 2253 1757 postre-

2366 876 2517 947 ἄκρῳ
2564 875 2640 946 τῷ
2667 875 2760 926 ἐπὶ
2791 874 2890 944 τῆς
2923 872 3118 941 ὀσφύος
3171 873 3541 943 ὑποκείμενος.
3585 874 3920 944 Μεσουρανεί

2363 963 2419 1016 66
2456 971 2503 1017 α’
2529 963 2703 1035 ἀστὴρ
2727 965 2753 1016 6
2776 964 2886 1016 τῶν
2920 965 2978 1016 ὲν
3016 964 3082 1031 τῇ
3107 961 3312 1030 κεφαλῇ
3340 961 3433 1013 τοῦ
3456 960 3678 1023 Λέοντος
3714 960 3918 1030 βορειῶ

2364 1073 2519 1127 τερος
2547 1054 2655 1107 τῶν
2679 1053 2974 1124 ἑπομένων,
3002 1054 3094 1105 καὶ
3121 1054 3149 1104 6
3171 1054 3228 1104 ὲν
3249 1051 3360 1114 τοῖς
3382 1051 3728 1121 ἐμπροσθίοις
3752 1049 3915 1104 αὑτοῦ

2367 1147 2542 1209 ποσὶν,
2575 1144 2799 1214 ἔσχατος
2840 1143 2896 1196 δὲ
2941 1145 2969 1196 6
3008 1144 3100 1195 ἐπὶ
3151 1142 3248 1212 τῆς
3293 1141 3488 1208 ὀσφύος
3531 1140 3628 1210 τῆς
3677 1139 3917 1211 μεγάλης

2367 1235 2600 1304 Ἄρκτου
2629 1232 2896 1304 λαμπρὸς,
2928 1234 3020 1286 καὶ
3055 1231 3148 1285 τοῦ
3179 1233 3282 1286 ὑπὸ
3308 1232 3396 1285 τὸν
3424 1232 3682 1303 Κρατῆρα
3722 1230 3916 1302 τριγώ-

2363 1343 2452 1378 νου
2484 1321 2805 1396 ὀρθογωνίου
2843 1323 2934 1376 ἐπὶ
2973 1323 3068 1394 τῆς
3111 1322 3274 1392 ὀρθῆς
3309 1322 3572 1392 κείμενος.
3618 1321 3912 1374 ’Δνατέλλει

2361 1418 2417 1471 66
2439 1417 2498 1470 τὸ
2525 1417 2721 1486 Θηρίον
2747 1418 2803 1469 ὲν
2829 1415 2997 1486 ὥραις
3031 1415 3075 1484 β’
3105 1415 3197 1468 καὶ
3219 1415 3257 1467 6'
3299 1415 3473 1484 μέρει.

2435 1507 2600 1564 Ὅταν
2636 1508 2691 1561 δὲ
2731 1508 2790 1560 τὸ
2828 1491 3188 1577 Θυμιατήριον
3217 1505 3496 1575 ἀνατέλλῃ,
3542 1505 3888 1558 συνανατέλλε

2364 1601 2458 1670 μὲν
2484 1598 2631 1669 αύτῷ
2660 1599 2688 1651 6
2717 1598 2974 1662 ζωδιακὸς
3005 1597 3110 1651 ἀπὸ
3143 1595 3370 1662 Τοξὸτου
3406 1597 3514 1666 μοί.
3547 1603 3603 1649 ιε’
3628 1596 3728 1656 ἓως
3754 1595 3889 1660 Τοξύ

2360 1706 2453 1742 του
2509 1689 2617 1760 μοί.
2659 1695 2706 1757 γ’
2742 1689 2832 1741 καὶ
2871 1695 2915 1741 κ’
2939 1705 2954 1719 ·
2985 1689 3303 1758 μεσουρανεῖ
3339 1687 3394 1740 66
3435 1685 3541 1739 ἀπὸ
3578 1685 3770 1756 Χηλῶν
3801 1687 3912 1755 μοί.

703 1791 789 1829 nia
821 1776 1114 1834 aitstralior
1140 1792 1327 1832 earum
1354 1793 1474 1848 qua:
1503 1778 1558 1831 in
1592 1777 1728 1832 basi.
1774 1775 1956 1830 Prima
1989 1776 2247 1832 culmina!

2363 1779 2406 1850 β’
2439 1781 2542 1844 ἕως
2569 1779 2760 1852 Χηλῶν
2803 1780 2912 1849 μοί.
2944 1786 2992 1832 ι’.
3028 1779 3136 1832 Kal.
3165 1785 3214 1830 α’
3259 1778 3353 1848 μὲν
3381 1777 3554 1848 ἀστὴρ
3586 1778 3861 1831 ἀνατέλλει
3888 1781 3914 1830 6

614 1890 619 1894 -
703 1867 860 1923 stella
880 1907 895 1931 ,
931 1868 1225 1923 australior
1256 1883 1442 1924 carum
1475 1882 1598 1939 qua:
1630 1860 1756 1920 sunt
1784 1867 1838 1920 in
1867 1866 2090 1922 sinistro
2118 1865 2247 1936 pede

2351 1869 2442 1924 ἐπὶ
2469 1869 2560 1923 τοῦ
2598 1869 2883 1939 ὲπιπύρου,
2912 1867 3131 1937 ἔσχατος
3155 1867 3212 1920 66
3234 1867 3261 1919 6
3288 1866 3598 1939 νοτιώτερος
3628 1868 3735 1920 τῶν
3765 1870 3820 1919 ἐν
3848 1870 3911 1938 τῇ

701 1955 902 2022 Bootae,
925 1965 980 2013 et
1003 1957 1182 2014 lucida
1207 1962 1260 2014 in
1290 1959 1680 2032 posterioribus
1701 1957 1956 2013 Centauri
1985 1957 2247 2027 pedibus;

2361 1958 2534 2029 βάσει.
2572 1961 2910 2029 Μεσουρανεῖ
2935 1959 2991 2011 66
3021 1965 3069 2010 α’
3101 1958 3201 2029 μὲν
3231 1957 3400 2030 ἀστὴρ
3435 1959 3532 2012 τοῦ
3563 1976 3618 2010 τε
3648 1957 3861 2011 Βοώτου
3888 1960 3915 2010 6

702 2053 973 2116 postrema
1003 2064 1123 2118 quae
1155 2065 1185 2104 a
1217 2051 1583 2119 septentrione
1619 2048 1794 2104 dextri
1833 2064 1969 2118 genu
2005 2062 2068 2102 ac
2099 2046 2247 2116 pedis

2358 2045 2670 2120 νοτιὼτερος
2695 2049 2800 2103 τῶν
2836 2051 2892 2101 ἐν
2919 2047 2994 2118 τῷ
3034 2047 3302 2120 ἀριστερῷ
3339 2048 3478 2112 ποδὶ,
3507 2049 3601 2102 καὶ
3648 2049 3741 2101 τοῦ
3785 2049 3913 2100 Κεν-

699 2136 873 2191 dextri
925 2135 1164 2210 Virginis
1208 2141 1398 2194 ultima
1441 2149 1557 2208 est,
1603 2139 1926 2207 semicubito
1971 2123 2087 2195 fere
2114 2139 2247 2194 citra

2355 2138 2557 2210 ταύρου
2589 2140 2618 2191 6
2648 2140 2705 2193 ὲν
2743 2142 2856 2202 τοῖς
2890 2138 3150 2202 ὀπισθίοις
3200 2140 3325 2193 ποσὶ
3369 2139 3644 2210 λαμπρός·
3691 2140 3914 2208 Equo;

699 2227 1083 2286 meridianum.
1113 2229 1298 2284 Oritur
1327 2231 1433 2284 Ara
1460 2230 1746 2286 semihorae
1779 2229 1974 2299 spatio.
2219 2256 2223 2259 η

2353 2229 2412 2280 66
2445 2229 2541 2298 τῆς
2575 2227 2850 2301 Παρθένου
2883 2232 2911 2282 ὁ
2947 2229 3038 2282 ἀπ’
3066 2229 3297 2300 ’Ἄρκτου
3345 2231 3435 2284 τοῦ
3479 2230 3651 2296 δεξιοῦ
3692 2231 3912 2299 γόνατος

698 2324 794 2376 καὶ
831 2322 924 2377 τοῦ
970 2321 1144 2388 δεξιοῦ
1185 2325 1364 2391 ποδὸς,
1424 2325 1499 2388 ὡς
1545 2326 1839 2396 ὴμιπήχιον
1881 2322 2301 2393 ὑπολειπόμενος
2347 2323 2443 2377 τοῦ
2480 2324 2868 2396 μεσημϐρινοῦ.
2911 2324 3205 2378 Ἀνατέλλει
3246 2326 3302 2379 δὲ
3345 2326 3404 2380 τὺ
3438 2326 3801 2399 θυμιατήριον
3839 2328 3914 2378 ὲνδ

699 2418 967 2490 ἡμιωρίφο

768 2529 858 2587 lll.
899 2531 1140 2590 Australi
1178 2535 1333 2591 Pisce
1358 2534 1570 2590 oriente
1592 2574 1607 2600 ,
1648 2537 1823 2606 surgit
1852 2551 1958 2590 una
1992 2536 2248 2592 zodiacus

698 2635 728 2677 a
761 2630 914 2692 parte
944 2623 1010 2677 17
1043 2625 1219 2681 media
1251 2625 1472 2696 Aquarii
1508 2624 1576 2704 ad
1611 2623 1848 2697 Virginis
1875 2629 2105 2683 mediam
2141 2627 2246 2693 21;

697 2714 961 2769 culminat
1001 2729 1029 2770 a
1065 2725 1216 2786 parte
1248 2716 1526 2789 Sagittarii
1558 2716 1593 2772 4
1623 2717 1690 2773 ad
1728 2717 1799 2772 25
1835 2718 2090 2773 mediam.
2131 2715 2250 2772 Pri—

695 2819 784 2859 ma
833 2805 1075 2860 omnium
1130 2808 1307 2862 oritur
1361 2809 1551 2876 stella,
1600 2808 1870 2865 borealior
1905 2822 2096 2862 earum
2130 2822 2252 2878 qua

697 2896 912 2951 suntin
947 2897 1149 2964 cauda;
1184 2907 1457 2969 postrema
1479 2941 1495 2965 ,
1533 2915 1654 2970 quae
1690 2899 1743 2954 in
1781 2900 2123 2955 extremitate
2152 2891 2251 2954 ro-

695 2988 796 3045 atri
831 2987 1028 3043 lucida.
1056 2989 1331 3044 Culminat
1355 2989 1504 3060 prior
1526 3004 1646 3059 quae
1670 2997 1755 3046 est
1783 2989 1838 3044 in
1856 2989 2000 3044 Arcu
2029 2989 2207 3046 medio
2231 3006 2245 3056 ;

2423 2532 2498 2605 1:.
2538 2533 2704 2587 Ὅταν
2727 2532 2783 2585 δὲ
2818 2532 2847 2584 6
2879 2530 3046 2596 νότιος
3083 2532 3256 2602 ’ἰχθὺς
3284 2533 3562 2605 ἀνατέλλῃ,
3595 2535 3912 2589 ωνανατὲλ-

2353 2625 2435 2678 λει
2485 2624 2581 2694 μὲν
2605 2622 2751 2692 αὐτῷ
2780 2625 2808 2677 6
2837 2623 3090 2688 ζωδιακὸς
3123 2624 3231 2678 ἀπὸ
3264 2624 3540 2696 ’Υδροχόου
3582 2627 3691 2694 μοί.
3729 2625 3792 2690 ιζ’
3817 2627 3911 2697 μέ-

2355 2734 2454 2789 σης
2478 2717 2582 2780 ἕως
2610 2715 2884 2784 Παρθένου
2929 2711 2978 2768 α’
3023 2717 3115 2769 καὶ
3141 2724 3188 2768 κ’
3215 2717 3385 2787 μέσης
3408 2734 3419 2745 ο
3448 2721 3769 2790 μεσουρανεῖ
3804 2720 3910 2773 ἀπὸ

2354 2807 2581 2871 Τοξότου
2617 2807 2658 2860 δ’
2692 2806 2796 2868 ἕως
2838 2805 3061 2872 Τοξότου
3090 2812 3130 2859 ε’
3169 2808 3262 2872 καὶ
3292 2815 3339 2861 κ’
3375 2807 3563 2880 μέσης.
3596 2810 3705 2863 Ka‘t
3739 2817 3786 2862 α’
3812 2811 3908 2880 μὲν

2355 2893 2529 2965 ἀστὴρ
2547 2893 2819 2949 ἀνατέλλει
2843 2896 2870 2948 6
2900 2894 3234 2969 βορειότερος
3261 2897 3368 2951 τῶν
3396 2899 3452 2952 ἐν
3478 2901 3544 2970 τῇ
3575 2899 3733 2970 οὐρᾷ,
3751 2900 3903 2970 ἔσχα-

2353 3001 2444 3049 τος
2463 2985 2519 3039 66
2551 2987 2579 3038 6
2604 2987 2662 3039 ἐν
2696 2986 2850 3057 ἄκρῳ
2872 2985 2950 3056 τῷ
2979 2986 3166 3059 ῥύγχει
3189 2987 3455 3060 λαμπρός.
3491 2974 3829 3061 Μεσουρανεί
3853 2992 3907 3047 δὲ

675 3063 752 3136 ἐι
788 3080 1079 3135 australior
1114 3095 1302 3136 earum
1335 3095 1457 3151 quae
1493 3081 1549 3136 in
1587 3081 1779 3138 dextro
1815 3081 2091 3153 Anguiferi
2130 3082 2247 3137 sitae

2351 3081 2398 3128 α’
2430 3074 2526 3145 μὲν
2567 3075 2594 3128 ὅ
2633 3093 2693 3130 τε
2731 3078 2788 3130 ὲν
2824 3076 2972 3150 μέσῳ
3013 3078 3090 3149 τῷ
3119 3079 3300 3149 Τόξῳ,
3334 3079 3542 3133 καὶτοῦ
3574 3082 3855 3153 Ὀφιούχου
3879 3085 3907 3137 6

695 3180 826 3230 sunt
849 3170 1075 3229 humero
1093 3211 1110 3238 ,
1137 3171 1459 3229 semicubito
1483 3171 1594 3228 fere
1613 3163 2131 3230 citra‘meridianum
2153 3189 2247 3245 po-

2351 3165 2660 3236 νοτιώτερος
2699 3165 2807 3218 τῶν
2861 3169 2919 3219 ὲν
2952 3164 3029 3237 τῷ
3077 3165 3232 3236 δεξιῷ
3279 3165 3444 3238 ὤμῳ,
3491 3167 3565 3230 ὡς
3609 3170 3906 3240 ὴμιπήχιον

693 3263 840 3328 sita;
878 3263 1067 3317 ultima
1105 3277 1260 3329 vero,
1302 3261 1482 3338 lucida
1520 3263 1719 3335 pedum
1756 3266 2161 3336 posteriorum;
2196 3272 2250 3321 et
2291 3307 2300 3312 .

693 3366 815 3421 qua:
851 3351 908 3407 in
945 3351 1286 3407 extremitate
1323 3353 1508 3410 caudae
1547 3353 1823 3424 Serpentis
1845 3394 1859 3419 ,
1906 3371 2065 3424 quem
2103 3361 2250 3410 tenet

693 3439 1041 3512 Ophiuchus:
1066 3442 1193 3497 item
1214 3442 1520 3512 praeedens
1535 3443 1764 3500 duarum
1786 3444 2108 3509 lucidarum,
2130 3461 2250 3515 quae

693 3542 825 3588 sunt
857 3532 913 3588 in
940 3532 1073 3604 jugo
1102 3531 1390 3598 Fidiculaa,
1417 3535 1776 3591 semicubitali
1810 3535 1922 3592 fere
1958 3535 2248 3590 interstitio

693 3623 1051 3681 meridianum
1084 3621 1430 3681 antecedens.
1463 3624 1647 3688 Oritur
1673 3625 1848 3683 Piscis
1877 3625 2008 3681 hora
2035 3626 2068 3680 0
2087 3666 2103 3690 ,
2141 3623 2245 3681 48'.

763 3801 900 3858 Cum
925 3801 1093 3858 Cetus
1119 3803 1317 3868 oritur,
1345 3804 1572 3875 emergit
1597 3819 1718 3861 cum
1745 3818 1811 3860 eo
1838 3803 2094 3861 zodiacus
2121 3820 2150 3860 a
2175 3805 2248 3860 20

690 3900 847 3966 parte
885 3892 1123 3948 Piscium
1162 3893 1230 3948 ad
1268 3892 1432 3950 Tauri
1471 3894 1541 3964 7;
1599 3895 1860 3952 eulmiuat
1900 3911 1931 3949 a
1971 3893 2245 3967 Sagittarii

688 3987 870 4043 media
893 3984 964 4041 26
987 3985 1055 4041 ad
1087 3983 1402 4055 Capricorni
1425 3987 1496 4041 22
1518 3987 1774 4042 mediam.
1795 3986 1975 4041 Prima
2002 3988 2243 4042 omnium

689 4078 868 4133 oritur
897 4077 1054 4134 stella
1074 4118 1089 4143 ,
1127 4077 1393 4133 borealior
1417 4091 1604 4143 earum
1636 4091 1755 4146 qua:
1787 4085 1913 4133 sunt
1946 4077 2000 4132 in
2030 4077 2201 4133 cauda
2227 4096 2242 4145 ;

690 4169 916 4234 ultima,
942 4169 1344 4226 succedentium
1375 4169 1678 4224 lucidarum
1711 4183 1831 4239 qua:
1866 4168 1922 4223 in
1956 4168 2243 4225 Laterculo

689 4268 850 4327 sunt,
891 4260 1202 4336 austgralior.
1257 4260 1528 4316 Culminat
1564 4267 1689 4316 ante
1728 4260 1893 4325 alias,
1933 4259 2242 4338 pracedens

687 4365 877 4406 earum
899 4365 1020 4422 qua:
1046 4360 1174 4407 sunt
1199 4351 1254 4405 in
1279 4351 1410 4422 jugo
1431 4350 1599 4415 Fidis,
1623 4360 1896 4422 postrema
1924 4369 2043 4423 qua:
2069 4362 2152 4410 est
2185 4353 2242 4408 in

688 4442 861 4498 cauda
889 4441 1058 4516 Cygni
1082 4443 1281 4499 lucida.
1304 4441 1488 4498 Oritur
1520 4441 1684 4498 Cetus
1716 4442 1864 4500 horis
1892 4443 1948 4500 3.

758 4619 959 4676 Orione
991 4619 1346 4683 ascendente,
1386 4634 1509 4675 cum
1549 4634 1615 4676 eo
1653 4619 1910 4676 zodiacus
1946 4619 2171 4690 emergit
2207 4634 2239 4674 a

687 4707 849 4765 Tauri
893 4707 963 4768 28
995 4709 1171 4767 media
1200 4711 1266 4766 ad
1298 4709 1490 4767 Cancri
1524 4711 1592 4778 5;
1627 4709 1886 4766 culminat
1918 4709 1985 4764 ab
2017 4710 2238 4781 Aquarii

683 4800 898 4874 parte_9
920 4801 988 4856 ad
1012 4800 1252 4856 Piscium
1284 4802 1371 4858 i3.
1395 4802 1573 4856 Prima
1599 4803 1879 4874 consurgit
1903 4801 2056 4857 stella
2075 4841 2090 4864 ,
2118 4817 2238 4872 quae

685 4903 769 4952 est
792 4896 849 4951 in
874 4894 1095 4964 sinistra
1122 4909 1320 4961 manu;
1365 4894 1574 4958 ultima,
1609 4911 1726 4965 qua:
1751 4904 1834 4949 est
1858 4895 1912 4948 in
1942 4893 2131 4949 dextro
2152 4909 2238 4964 pe-

683 4985 772 5040 de.
794 4983 1064 5040 Culminat
1084 4999 1150 5042 ex
1173 4983 1295 5039 aliis
1323 4984 1554 5053 primum
1583 4982 1779 5053 Cephei
1804 4999 1900 5054 pes
1925 4986 2114 5038 dexter
2140 5001 2154 5048 ;
2183 4993 2236 5040 et

681 5089 872 5133 earum
908 5091 1029 5146 quae
1064 5078 1121 5131 in
1157 5074 1382 5148 Aquarii
1420 5090 1555 5132 urna
1596 5081 1753 5138 sunt,
1794 5073 1989 5131 media.
2032 5073 2234 5130 Ultimo

581 5227 590 5238 ,
681 5182 848 5232 vero,
887 5181 1053 5236 parva
1091 5166 1245 5222 stella
1281 5180 1402 5237 quae
1438 5166 1494 5220 in
1531 5165 1664 5222 sella
1693 5152 1776 5221 est
1804 5164 2146 5237 Cassiepeae;
2180 5172 2234 5222 et

681 5273 873 5315 earum
913 5255 1146 5312 maxime
1187 5255 1458 5322 borealis,
1499 5270 1619 5327 qua:
1659 5255 1714 5310 in
1751 5254 2108 5313 Andromedae
2139 5272 2234 5328 pe-

682 5358 861 5408 ctore.
892 5346 1060 5402 Orion
1090 5343 1265 5416 spatio
1297 5343 1472 5414 surgit
1497 5344 1756 5399 horarum
1784 5344 1848 5409 2,
1886 5343 1986 5401 10'.

748 5608 885 5663 Cum
908 5604 1116 5672 Fluvio,
1140 5606 1233 5678 qui
1254 5621 1334 5666 est
1358 5610 1425 5665 ab
1455 5609 1680 5672 Orione,
1709 5605 1968 5662 zodiacus
1997 5609 2170 5662 oritur
2195 5622 2225 5662 a

680 5709 833 5775 parte
861 5699 929 5752 13
957 5698 1153 5762 Tauri,
1187 5698 1252 5752 ad
1283 5698 1480 5753 Cancri
1521 5698 1622 5764 10;
1663 5698 1924 5753 culminat
1963 5714 1993 5751 a
2031 5699 2222 5766 Capri-

680 5792 833 5852 corni
861 5789 930 5848 27
959 5789 1027 5847 ad
1063 5788 1300 5848 Piscium
1327 5785 1415 5844 22.
1471 5787 1625 5845 Prior
1654 5790 1850 5857 oritur,
1897 5790 2221 5848 antecedens

2349 3257 2769 3327 ὑπολειπόμενος
2792 3256 2884 3312 τοῦ
2917 3257 3286 3329 μεσημϐρινοῦ
3310 3276 3323 3289 σ
3352 3258 3575 3330 ἔσχατος
3606 3259 3662 3312 δὲ
3697 3261 3726 3313 ὃ
3751 3277 3808 3312 τε
3850 3263 3905 3313 ὲν

2347 3349 2456 3410 τοῖς
2481 3347 2745 3410 ὀπισθίοις
2771 3347 2896 3400 ποσὶ
2927 3348 3193 3420 λαμπρὸς,
3217 3349 3310 3403 καὶ
3334 3349 3428 3402 τοῦ
3454 3351 3683 3420 Ὄφεως,
3714 3350 3773 3404 ὃν
3794 3353 3902 3421 ἔχει

2345 3438 2375 3490 6
2417 3436 2714 3506 Ὀφιοῦχος,
2741 3438 2768 3490 6
2804 3437 2862 3492 ὲν
2910 3438 3054 3510 ἄκρᾳ
3092 3441 3159 3509 τῇ
3204 3439 3370 3510 οὐρᾷ·
3407 3441 3625 3511 καὶτῆς
3665 3439 3849 3511 Λύρας
3875 3441 3904 3493 6

2345 3527 2645 3598 ἡγούμενος
2702 3527 2810 3582 τῶν
2854 3530 2912 3583 ὲν
2965 3529 3041 3599 τῷ
3083 3516 3362 3599 ζυγώματι
3410 3529 3455 3600 β’
3488 3529 3784 3602 λαμπρῶν,
3829 3531 3902 3594 ὡς

2345 3617 2639 3689 ήμιπήχιον
2683 3617 3089 3689 προηγούμενος
3131 3618 3225 3671 τοῦ
3296 3619 3680 3691 μεσημϐρινοῦ.
3753 3621 3903 3674 Ἀνα-

2345 3706 2517 3761 τέλλει
2545 3707 2601 3761 66
2628 3708 2658 3762 6
2697 3707 2868 3780 Ἰχθὺς
2892 3709 2949 3762 ὲν
2977 3709 3019 3761 6'
3041 3709 3486 3781 πεμπτημορίοις-
3501 3718 3550 3763 α’
3577 3709 3744 3782 ὥρας.

2419 3799 2585 3852 ’Ὦταν
2625 3799 2682 3854 66
2718 3798 2780 3852 τὺ
2820 3800 2997 3870 Κῆτος
3033 3799 3326 3871 ἀνατέλλῃ,
3373 3801 3746 3855 συνανατέλλει
3805 3803 3899 3874 μὲν

2345 3888 2493 3958 αὐτῷ
2523 3890 2552 3942 6
2573 3887 2831 3953 ζωδιακὸς
2856 3889 2963 3943 ἀπὸ
2999 3887 3214 3958 Ἰχθύων
3249 3891 3357 3961 μοί.
3387 3897 3436 3944 κ’
3459 3890 3563 3956 ἕως
3595 3889 3807 3964 Ταύρου
3833 3892 3893 3957 ζ’·

2347 3980 2671 4050 μεσουρανεῖ
2698 3979 2756 4032 66
2779 3979 2890 4033 ἀπὸ
2910 3978 3136 4043 Τοξότου
3162 3979 3202 4032 δ’
3229 3981 3321 4034 καὶ
3341 3979 3388 4034 κ’
3416 3981 3582 4052 μέσης
3612 3982 3714 4046 ἓως
3743 3982 3897 4051 Αἰγό-

2345 4083 2488 4138 κερω
2519 4067 2562 4137 β’
2600 4067 2693 4120 καὶ
2721 4073 2770 4128 κ’
2802 4067 2993 4137 μέσης.
3017 4068 3124 4121 Καὶ
3152 4074 3198 4122 α’
3234 4068 3332 4140 μὲν
3360 4071 3535 4143 ἀστὴρ
3566 4071 3840 4126 ἀνατέλλει
3868 4075 3896 4126 6

2347 4156 2678 4230 βορειότερος
2716 4158 2825 4212 τῶν
2866 4160 2924 4212 ἐν
2956 4161 3021 4230 τῇ
3059 4160 3226 4231 οὐρᾷ,
3258 4160 3480 4232 ἔσχατος
3507 4162 3564 4215 66
3602 4163 3706 4215 τῶν
3737 4165 3794 4216 έν
3822 4164 3894 4235 τῷ

2345 4251 2740 4323 Τετραπλεύρῳ
2773 4249 3036 4322 λαμπρῶν
3067 4253 3096 4306 6
3120 4251 3432 4324 νοτιώτερος
3459 4253 3567 4307 τῶν
3595 4255 3888 4325 ἑπομένων.

2343 4341 2684 4412 Μεσουρανεῖ
2709 4340 2764 4394 66
2791 4347 2838 4395 α’
2869 4340 2968 4411 μὲν
2993 4342 3021 4394 6
3049 4341 3149 4412 τῆς
3176 4342 3357 4416 Δύρας
3378 4344 3672 4415 ἡγούμενος
3701 4346 3814 4400 τῶν
3835 4349 3890 4400 ὲν

2342 4431 2420 4504 τῷ
2457 4431 2760 4502 ζυγώματι,
2789 4433 3014 4503 ἔσχατος
3049 4424 3107 4487 66
3133 4433 3224 4488 τοῦ
3263 4435 3510 4506 Ὄρνιθος
3533 4437 3561 4488 6
3584 4437 3641 4490 6v
3660 4441 3722 4509 τῇ
3756 4440 3888 4511 οὐρᾷ

2272 4516 2318 4572 Ι)
2341 4523 2610 4594 λαμπρός.
2660 4523 2960 4579 Ἀνατέλλει
2990 4523 3045 4578 66
3070 4523 3130 4577 τὸ
3153 4525 3330 4596 Κῆτος
3355 4527 3412 4578 ὲν
3437 4525 3608 4596 ὥραις
3631 4527 3696 4598 β’.

2415 4617 2579 4668 Ὅταν
2631 4616 2688 4670 δὲ
2728 4617 2755 4669 6
2795 4616 2982 4688 Ὠρίων
3024 4616 3286 4689 ἀνατέλλῃ
3311 4657 3328 4682 ,
3377 4620 3746 4674 συνανατέλλει
3793 4622 3886 4693 μὲν

2337 4704 2484 4781 αύτῷ
2515 4705 2542 4759 6
2577 4705 2835 4770 ζωδιακὸς
2862 4703 2970 4758 ἀπὸ
3005 4703 3218 4775 Ταύρου
3263 4712 3314 4776 η’
3342 4706 3436 4762 καὶ¹
3478 4716 3527 4761 κ’
3575 4710 3742 4781 μέσης
3787 4713 3884 4775 ’ἐως

2336 4798 2609 4868 Καρκίνου
2672 4798 2780 4869 μοί.
2839 4805 2922 4867 γ’έ
2976 4800 3294 4871 μεσουρανεῖ
3337 4799 3392 4854 66
3451 4800 3559 4855 ἀπὸ
3607 4801 3882 4873 ’Υδροχόου

2339 4887 2448 4960 μοί.
2490 4888 2533 4941 θ’
2559 4887 2664 4953 ἕως
2683 4890 2914 4961 ’Ἰχθύων
2949 4897 3035 4960 ιγ’.
3064 4891 3172 4944 Καὶ
3201 4897 3248 4943 α’
3284 4877 3382 4964 μὲν
3409 4893 3582 4966 ἀστὴρ
3613 4893 3882 4949 ἀνατέλλει

2334 4979 2362 5031 6
2389 4981 2446 5034 ἐν
2482 4982 2548 5051 τῇ
2582 4980 2842 5052 ἀριστερᾷ
2883 4980 3025 5052 χειρὶ
3049 4979 3314 5050 ,ἔσχατος
3349 4981 3406 5036 66
3447 4985 3475 5036 6
3522 4985 3579 5035 ἐν
3625 4982 3702 5053 τῷ
3730 4981 3881 5052 δεξιῷ

2335 5068 2473 5121 ποδί.
2505 5069 2843 5141 Μεσουρανεῖ
2866 5069 2922 5122 66
2949 5067 3058 5121 τῶν
3088 5068 3260 5124 ἄλλων
3294 5069 3342 5124 α’
3364 5071 3464 5141 μὲν
3496 5073 3524 5125 6
3557 5070 3723 5135 δεξιὸς
3751 5069 3878 5133 ποῦς

2332 5157 2424 5211 τοῦ
2451 5157 2704 5231 Κηφέως,
2737 5158 2831 5214 καὶ
2857 5156 2962 5213 τῶν
3003 5159 3058 5210 ὲν
3082 5161 3148 5231 τῇ
3179 5156 3394 5214 κάλπιδι
3422 5159 3515 5214 τοῦ
3553 5159 3829 5229 ’Υδροχόου
3852 5159 3877 5211 6

2334 5249 2494 5320 μέσος
2512 5290 2526 5315 ,
2552 5248 2773 5322 ἔσχατος
2798 5250 2855 5303 66
2882 5249 2980 5319 τῆς
3003 5267 3060 5303 τε
3088 5252 3451 5316 Κασσιεπείας
3477 5253 3507 5305 6
3528 5253 3584 5305 ὲν
3607 5249 3683 5321 τῷ
3709 5250 3874 5323 δίφρῳ

2333 5340 2551 5411 μικρὸς,
2588 5342 2680 5394 καὶ
2727 5341 2824 5411 τῆς
2865 5340 3214 5413 Ἀνδρομέδας
3247 5344 3275 5396 6
3309 5342 3641 5414 βορειότατος
3675 5344 3783 5397 τῶν
3821 5345 3874 5395 ὲν

2329 5430 2403 5501 τῷ
2445 5431 2648 5504 στήθει.
2694 5431 2996 5490 Ἀνατέλλει
3039 5433 3096 5488 66
3129 5436 3157 5489 6
3196 5433 3382 5506 Ὠρίων
3414 5434 3471 5488 ὲν
3501 5433 3671 5507 ὥραις
3715 5433 3758 5506 ρ’
3785 5434 3870 5488 καὶ

2329 5531 2380 5590 ς’
2419 5524 2591 5596 μέρει·
3749 5567 3753 5570 -

2397 5614 2563 5670 Ὅταν
2591 5615 2647 5667 δὲ
2673 5617 2701 5668 ὁ
2739 5616 2845 5668 ἀπὸ
2886 5617 2980 5671 τοῦ
3023 5616 3270 5687 Ὠρίωνος
3306 5613 3558 5685 Ποταμὺς
3589 5612 3865 5684 ἀνατέλλῃ.

2326 5706 2696 5759 συνανατέλλει
2731 5707 2828 5777 μὲν
2855 5708 3002 5780 αὐτῷ
3034 5709 3063 5760 6
3094 5706 3351 5773 ζωδιακὸς
3377 5708 3484 5761 ἀπὺ
3513 5706 3727 5778 Ταύρου
3747 5702 3861 5774 μοι.

2328 5803 2392 5868 ιγ’
2423 5795 2526 5860 ἕως
2567 5796 2840 5869 Καρκίνου
2881 5797 2988 5870 μοί.
3021 5805 3078 5850 ι¹’
3125 5798 3447 5870 μεσουρανεῖ
3480 5797 3536 5853 δὲ
3574 5795 3682 5855 ἀπὸ
3716 5796 3862 5867 Aita-
