4130 6342
93 501 238 557 1113

1073 502 1442 559 HIPPARCHI
1485 504 1571 558 A‘D
1604 504 2043 561 PHIENOMENA
2079 505 2204 560 LIB.
2245 506 2328 562 Ill.
2375 568 2382 586 ι

3154 510 3289 563 HN

95 611 333 683 κέρωτος
374 611 482 682 μοί.
512 610 555 675 ζ’
587 611 679 664 καὶ
716 618 762 664 κ’
796 612 906 676 ἔως
943 613 1157 683 ’ἰχθύων
1192 614 1236 685 β’
1262 617 1353 668 καὶ
1373 622 1439 668 κ’.
1477 617 1583 670 Καὶ
1607 625 1652 670 α’

1760 618 2117 672 borealiorum
2162 621 2217 672 in
2264 619 2792 690 parallelogrammo,
2828 621 2968 689 quod
3005 619 3060 673 in
3095 633 3290 689 magno

95 702 198 772 μὲν
223 701 394 772 ἀστὴρ
438 701 712 755 ἀνατέλλει
751 701 844 756 τοῦ
880 705 937 756 ἐν
973 707 1038 775 τῇ
1085 704 1293 778 μεγάλῃ
1332 706 1648 776 περιφερείᾳ

96 792 681 863 παραλληλογράμμου,
709 794 800 846 καὶ
828 793 996 861 ἔγγὺς
1037 792 1129 846 τοῦ
1161 795 1374 863 Κήτους
1399 795 1646 863 κειμένου

93 883 124 934 6
153 881 450 953 ἡγούμενος
475 880 584 934 τῶν
611 881 976 954 βορειοτέρων,
1002 883 1222 952 ἔσχατος
1258 883 1314 936 66
1348 886 1375 936 6
1405 885 1649 954 λαμπρό-

93 989 255 1034 τατος
274 1012 288 1035 ,
319 971 410 1024 καὶ
438 975 465 1025 ὁ
503 971 799 1043 ἡγούμενος
822 1011 836 1035 ,
863 975 956 1027 καὶ
989 975 1016 1025 6
1057 973 1371 1043 νοτιώτερος
1412 974 1645 1028 πάντων.

93 1066 434 1134 Μεσουρανεῖ
471 1065 528 1118 δὲ
572 1065 680 1117 τῶν
708 1064 878 1119 ἄλλων
919 1071 966 1118 α’
1008 1066 1104 1134 μὲν
1140 1071 1207 1132 ιγ’
1250 1064 1340 1118 τοῦ
1385 1083 1443 1118 τε
1481 1068 1508 1118 6
1540 1072 1588 1118 α’
1621 1067 1650 1118 6

93 1154 359 1224 ἑπόμενος
387 1154 493 1207 τῶν
528 1154 621 1206 ἀπ’
653 1154 853 1225 ἄρκτου
895 1152 1310 1224 παρακειμένων
1343 1157 1454 1215 τοῖς
1485 1154 1542 1205 ἐν
1579 1156 1644 1225 τῇ

92 1243 252 1314 οὐρᾷ,
287 1243 376 1296 καὶ
410 1241 504 1297 τοῦ
531 1242 778 1315 Ὄρνιθος
801 1245 830 1296 6
853 1242 1164 1313 νοτιώτερος
1202 1243 1306 1295 τῶν
1344 1247 1399 1297 ἐν
1421 1243 1498 1314 τῷ
1525 1245 1647 1314 ἀρι-

95 1332 272 1402 στερῷ
295 1331 444 1384 ποδί·
480 1330 703 1400 ἔσχατος
724 1331 781 1384 66
811 1331 908 1402 τῆς
933 1347 989 1383 τε
1018 1331 1380 1396 Κασσιεπείας
1408 1333 1435 1385 6
1462 1336 1518 1385 ἐν
1538 1335 1647 1396 τοῖς

1767 710 1920 763 ﬂexu-
1953 725 2118 780 prope
2161 711 2346 764 Cetum
2385 711 2618 780 positum
2660 718 2780 774 est;
2821 718 3122 780 postrema,
3155 709 3290 764 luci-

1756 798 2016 864 dissima,
2053 809 2107 854 et
2143 801 2497 866 antecedens,
2533 813 2584 856 et
2612 801 2843 855 maxime
2878 801 3129 856 australis
3169 816 3288 856 om—

1751 887 1926 942 nium.
1966 887 2599 959 Culminatreliquarum
2633 889 2905 945 stellarum
2939 889 3132 959 prior-
3169 929 3181 940 .
3219 929 3232 942 .
3271 926 3286 942 .

1751 1013 1766 1028 .
1805 1017 1818 1029 .
1857 1019 1871 1032 .
1915 1017 1928 1030 .
1964 1019 1977 1031 .
2017 1017 2031 1050 τ
2072 1019 2083 1029 .
2126 1020 2138 1032 .
2172 993 2292 1048 qua:
2321 958 2362 1031 ιιχ
2382 958 2744 1047 septentrione
2771 958 3016 1049 adjacent
3047 980 3147 1040 iis.
3174 995 3291 1048 qua:

1753 1075 1881 1122 sunt
1913 1069 1968 1123 in
1999 1069 2174 1122 cauda
2203 1089 2214 1123 :
2251 1070 2376 1141 item
2412 1070 2700 1123 australior
2730 1085 2913 1124 earum
2934 1109 2949 1135 ,
2982 1085 3101 1142 qua:
3135 1070 3188 1123 in
3216 1071 3290 1124 si—

1751 1159 1932 1214 nistro
1957 1158 2089 1228 pede
2113 1161 2300 1231 Cygni.
2330 1159 2523 1214 Ultima
2545 1200 2560 1225 ,
2589 1176 2705 1229 quae
2729 1168 2812 1214 est
2839 1160 2891 1214 in
2917 1162 3143 1230 genibus
3170 1160 3296 1215 Cas-

1753 1250 1947 1320 siepeze
1972 1291 1986 1315 ,
2033 1258 2086 1304 et
2122 1267 2239 1320 qua!
2274 1253 2328 1305 in
2361 1254 2696 1307 extremitate
2734 1251 2915 1306 caudze
2957 1251 3293 1307 australioris

1751 1335 2012 1414 Piscium.
2048 1337 2233 1393 Oritur
2258 1340 2450 1396 ﬂuvius
2479 1342 2534 1396 in
2568 1342 2716 1397 horis
2748 1343 2808 1404 5,
2844 1351 2896 1398 et
2927 1341 3026 1396 56'.

81 1424 317 1497 γόνασι,
349 1425 441 1477 καὶ
467 1424 573 1478 τῶν
613 1423 831 1494 Ἰχθύων
874 1423 967 1477 τοῦ
1010 1426 1328 1496 νοτιωτέρου
1360 1427 1388 1478 6
1416 1427 1472 1478 ἐν
1508 1427 1653 1497 ἄκρᾳ
1688 1431 1754 1500 τῇ
1777 1432 1931 1502 οὐρᾷ.
1962 1435 2257 1489 Ἀνατέλλει
2287 1436 2342 1490 66
2380 1437 2408 1488 6
2445 1437 2687 1508 Ποταμὸς
2713 1437 2769 1490 ἐν
2795 1437 2960 1508 ὥραις
3015 1442 3062 1503 γ’
3100 1433 3191 1487 καὶ
3247 1438 3295 1500 γ’

94 1535 322 1591 πεμπτη
331 1520 554 1591 μορίοις.

170 1611 243 1664 Δ’.
267 1609 372 1664 Τοῦ
399 1610 454 1662 δὲ
476 1608 699 1678 Λαγωοῦ
731 1608 1124 1675 ἀνατέλλοντος,
1151 1612 1521 1664 συνανατέλλει
1552 1612 1649 1682 μὲν

94 1699 249 1770 αὐτῷ
293 1700 321 1752 6
360 1699 618 1764 ζωδιακὸς
653 1698 762 1752 ἀπὸ
801 1699 1044 1770 Διδύμων
1094 1701 1200 1770 μοί.
1246 1702 1288 1765 ς’
1333 1703 1427 1753 καὶ
1473 1707 1520 1753 κ’
1547 1702 1649 1764 ἓως

94 1791 373 1862 Καρκίνου
407 1791 471 1861 ιβ’
500 1791 670 1860 μέσης
689 1809 702 1822 ·
737 1792 1055 1862 μεσουρανεῖ
1073 1791 1129 1842 δὲ
1151 1791 1258 1844 ἀπὸ
1297 1789 1511 1860 Ἰχθύων
1539 1792 1647 1860 μοί.

93 1881 142 1934 δ’
172 1881 276 1945 ἕως
313 1881 526 1952 Ἰχθύων
567 1883 675 1952 μοί.
701 1888 739 1935 ε’
766 1883 859 1934 καὶ
886 1888 954 1934 κ’.
997 1883 1105 1934 Καὶ
1127 1887 1174 1934 α’
1207 1882 1306 1951 μὲν
1329 1883 1499 1952 ἀστὴρ
1526 1884 1651 1935 ἀνα-

92 1972 277 2026 τέλλει
301 1973 409 2027 τῶν
440 1975 495 2026 ὲν
516 1975 627 2037 τοῖς
658 1974 760 2027 ὠσὶ
787 1974 828 2027 δ’
861 1975 888 2026 6
917 1973 1214 2044 ἡγούμενος
1253 1973 1359 2026 τῶν
1402 1973 1656 2043 βορειοτέ-

1771 1619 1775 1622 ’
1823 1610 1913 1665 ιν.
1952 1609 2169 1667 Oriente
2197 1597 2402 1682 Lepore
2433 1614 2686 1668 zodiacus
2715 1615 2954 1668 ascendit
2983 1629 3012 1668 a
3046 1614 3299 1671 Gemino-

1756 1719 1874 1758 rum
1910 1712 2062 1772 parte
2092 1702 2162 1756 27
2205 1704 2272 1757 ad
2311 1703 2507 1758 Caneri
2555 1705 2784 1758 mediam
2830 1705 2930 1769 12;
2973 1709 3230 1760 culmiuat
3266 1723 3298 1761 ε

1754 1793 1992 1848 Piscium
2036 1793 2068 1846 -1
2112 1791 2176 1845 ad
2206 1792 2506 1847 25.'Prima
2552 1796 2721 1866 surgit
2746 1794 3065 1850 antecedens
3112 1796 3273 1850 borea

1758 1883 1950 1936 liorum
1973 1922 1988 1947 ,
2024 1897 2144 1952 quae
2167 1893 2293 1937 sunt
2322 1885 2376 1937 in
2419 1884 2677 1950 auribus;
2711 1885 2895 1938 ultima
2943 1886 3297 1953 posteriorum

1740 1971 1952 2042 pedum
1986 1974 2292 2028 australior.
2321 1973 2590 2028 Culminat
2621 1991 2651 2030 e
2680 1975 2849 2031 stellis
2877 1976 3097 2044 reliquis
3130 1976 3298 2045 prior,

99 2081 238 2135 ρων,
262 2064 483 2136 ἔσχατος
521 2066 576 2119 δὲ
617 2067 646 2118 6
690 2063 1003 2136 νοτιώτερος
1027 2064 1134 2138 τῷν
1166 2065 1223 2118 ὲν
1261 2066 1369 2127 τοῖς
1399 2063 1658 2127 ὀπισθίοις

1733 2063 1939 2134 ‘lucida
1970 2079 2092 2133 quae
2121 2065 2173 2118 in
2204 2065 2399 2120 lumbis
2430 2065 2598 2135 Equi,
2633 2075 2685 2122 et
2713 2083 2804 2138 pes
2833 2067 3029 2138 Cephei
3061 2054 3300 2126 sinister.-

96 2155 251 2211 ποσί.
286 2158 616 2228 Μεσουρανεί
646 2158 702 2210 δὲ
739 2157 844 2211 τῶν
871 2156 1044 2211 ἄλλων
1087 2155 1297 2226 πρῶτος
1344 2156 1437 2225 μὲν
1476 2155 1566 2207 τοῦ
1599 2173 1658 2207 τε

98 2246 303 2299 Ἵππου
329 2249 356 2299 6
376 2245 465 2299 ἐπὶ
489 2246 588 2317 τῆς
615 2244 812 2314 ὀσφύος
836 2245 1104 2314 λαμπρὸς,
1130 2246 1230 2321 ,καὶ
1253 2246 1344 2296 τοῦ
1378 2247 1410 2295 ὶ-
1429 2246 1606 2314 ηφέως
1631 2247 1658 2296 6

1761 2151 1956 2206 Ultima
1980 2196 1994 2219 ,
2036 2155 2305 2208 borcalior
2338 2157 2740 2210 succedentium
2781 2158 2834 2211 in
2874 2159 3130 2213 laterculo
3163 2158 3297 2213 Ceti.

1757 2243 1940 2296 Oritur
1965 2241 2141 2314 Lepus
2169 2244 2299 2298 hora
2329 2247 2350 2298 1
2373 2284 2388 2310 ,
2423 2244 2522 2301 122

96 2337 386 2410 ἀριστερὸς
417 2337 550 2401 ποῦς
573 2353 587 2366 ·
619 2337 841 2408 ἔσχατος
871 2336 926 2389 δὲ
958 2335 1051 2388 τοῦ
1087 2337 1298 2405 Κήτους
1334 2335 1440 2386 τῶν
1484 2338 1540 2387 ἐν
1581 2333 1658 2387 τῶ
1695 2338 2076 2408 τετραπλεύρῳ
2137 2340 2164 2390 ὁ
2230 2337 2558 2408 βορειότερος
2588 2337 2693 2391 τῶν
2732 2339 3024 2410 ἑπομένων.
3065 2338 3305 2392 Ἀνατέλ-

97 2429 186 2482 λει
217 2429 275 2482 66
311 2428 338 2478 6
368 2427 588 2495 Λαγωὸς
617 2427 674 2480 ὲν
701 2425 819 2497 ὥρᾳ
840 2432 885 2479 α’
908 2427 1001 2478 καὶ
1024 2434 1063 2478 ε’
1095 2425 1269 2495 μέρει.

181 2522 341 2574 Ὅταν
369 2521 424 2575 66
451 2523 478 2574 6
497 2520 655 2573 Κύων
680 2520 960 2592 ἀνατέλλῃ,
991 2518 1364 2573 συνανατέλλει
1397 2518 1492 2588 μὲν
1515 2519 1664 2591 αὐτῷ

95 2616 127 2667 6
166 2612 425 2677 ζωδιακὸς
461 2612 568 2666 ἀπὸ
599 2608 872 2685 Καρκίνου
906 2612 1014 2684 μοί.
1059 2619 1117 2665 ιε’
1147 2611 1250 2675 ἕως
1278 2611 1503 2673 Λέοντος
1551 2612 1660 2680 μοί.

97 2712 140 2757 ε’
182 2703 351 2774 μέσης
376 2719 390 2733 ο
423 2707 746 2774 μεσουρανεῖ
781 2705 839 2758 δὲ
875 2705 980 2758 ἀπὸ
1017 2703 1231 2774 Ἰχθύων
1260 2702 1368 2774 μοί.
1411 2709 1457 2772 η’
1491 2704 1584 2756 καὶ
1615 2708 1661 2754 κ’

96 2796 211 2858 ἕως
236 2793 404 2866 Κριοῦ
428 2794 468 2847 δ’
490 2797 584 2848 καὶ
613 2802 660 2849 κ’
692 2797 880 2866 μέσης.
905 2797 1014 2850 Καὶ
1041 2801 1089 2848 α’
1113 2795 1207 2866 μὲν
1237 2795 1408 2866 ἀστὴρ
1431 2794 1655 2847 ἀνατέλ-

94 2887 189 2940 λει
225 2886 254 2939 6
289 2887 346 2942 ὲν
385 2885 537 2958 ἄκρῳ
569 2887 648 2956 τῷ
677 2888 990 2958 ἔμπροσθίῳ
1029 2890 1120 2942 καὶ
1155 2887 1470 2960 βορειοτέρῳ
1501 2886 1650 2940 ποδί·

97 2978 330 3048 ἔσχατος
368 2978 423 3032 66
448 2981 475 3032 6
506 2980 564 3031 ὲν
597 2978 742 3049 ἄκρᾳ
777 2981 839 3050 τῇ
883 2981 1034 3049 οὐρᾷ.
1077 2981 1415 3051 Μεσουρανεῖ
1449 2979 1505 3031 66
1550 2978 1657 3031 τῶν

98 3069 282 3124 ἀλλων
312 3075 358 3124 α’
387 3069 482 3139 μὲν
509 3071 536 3123 6
563 3071 620 3122 ὲν
662 3073 771 3133 τοῖς
801 3071 925 3123 ποσὶ
958 3071 1056 3140 τῆς
1084 3072 1480 3134 Κασσιεπείας,
1509 3071 1602 3124 καὶ
1630 3071 1658 3124 6

102 3159 442 3231 βορειότερος
471 3160 579 3214 τῶν
609 3161 666 3213 ὲν
708 3161 784 3231 τῷ
817 3161 972 3231 δεξιῷ
1007 3163 1128 3215 ποδὶ
1155 3163 1253 3232 τῆς
1285 3162 1656 3232 Ἀνδρομέδας,

1830 2519 1966 2574 Cum
1993 2521 2138 2576 Cane
2171 2521 2424 2576 zodiacus
2449 2485 2731 2592 emergit‘a
2758 2502 2948 2576 Cancri
2981 2523 3047 2576 15
3077 2523 3142 2578 ad
3171 2522 3307 2579 Leo-

1759 2612 1846 2665 nis
1880 2611 2109 2666 mediam
2161 2614 2227 2678 5;
2265 2614 2524 2667 culmina:
2553 2629 2585 2668 a
2620 2613 2690 2668 ‘28
2721 2612 2954 2669 Piscium
2995 2613 3060 2666 ad
3108 2614 3306 2669 Arietis

1759 2703 1827 2756 24
1858 2702 2106 2766 mediam.
2140 2701 2298 2757 Prior
2325 2704 2498 2758 oritur
2528 2704 2712 2768 stella,
2743 2720 2861 2774 qua:
2888 2687 2939 2757 in
2967 2705 3308 2759 extremitate
3371 2697 3378 2704 ’

1760 2794 2111 2864 praecedentis
2143 2794 2570 2866 borcaliorisque
2612 2794 2802 2864 pedis;
2850 2795 3032 2849 ultima
3057 2835 3070 2860 ,
3105 2810 3222 2863 quae
3251 2795 3307 2848 in

1764 2892 2003 2939 extrema
2033 2885 2224 2939 cauda.
2256 2885 2331 2940 Ex
2357 2885 2477 2940 aliis
2505 2885 2765 2939 culminat
2793 2900 2853 2940 ea
2878 2925 2891 2950 ,
2953 2900 3072 2955 qum
3115 2886 3168 2938 in
3216 2900 3311 2954 pe-

1765 2976 1924 3062 dibus
1978 2977 2321 3047 Cassiepeie,
2372 2986 2426 3033 et
2484 2978 2754 3032 borealior
2811 2993 3024 3044 earum,
3074 2992 3192 3046 quae
3253 2977 3310 3031 in

1766 3069 1958 3124 dextro
2011 3070 2366 3125 Andromeda:
2428 3069 2561 3140 pede
2619 3069 2892 3138 paululum
2956 3068 3310 3122 meridianum

1768 3160 2074 3225 antecedit;
2129 3161 2314 3215 ultima
2358 3174 2520 3224 vero,
2565 3157 2743 3212 lucida
2781 3157 2836 3211 in
2880 3157 3070 3228 dextro
3110 3155 3312 3209 femore

103 3249 307 3321 μικρὸν
340 3249 742 3321 προηγούμενος
776 3250 868 3304 τοῦ
913 3250 1309 3322 μεσημϐρινοῦ’
1356 3251 1580 3320 ἔσχατος
1608 3250 1659 3303 δὲ

1765 3250 1990 3314 Persei,
2041 3261 2093 3305 et
2141 3250 2435 3306 succedens
2479 3262 2666 3303 earum
2711 3261 2829 3316 quze
2874 3252 3000 3301 sunt
3041 3245 3096 3298 in
3139 3239 3310 3297 cauda

98 3339 204 3394 τοῦ
232 3335 482 3412 Περσέως
507 3344 536 3395 6
575 3343 632 3394 ὲν
659 3341 736 3412 τῷ
760 3340 916 3412 δεξιῷ
947 3343 1104 3412 μηρῷ
1143 3342 1406 3414 λαμπρὸς,
1433 3343 1526 3396 καὶ
1569 3340 1660 3394 τοῦ

100 3433 383 3505 Καρκίνου
409 3435 436 3487 6
462 3434 721 3504 ἑπόμενος
746 3432 854 3486 τῶν
876 3436 932 3486 ἐν
957 3436 1021 3504 τῇ
1046 3433 1199 3505 οὐρᾷ.
1237 3434 1534 3488 Ἀνατέλλει
1563 3434 1619 3487 δὲ
1637 3435 1664 3486 6

100 3528 273 3582 Κύων
302 3529 358 3581 ὲν
386 3528 504 3598 ὥρᾳ
544 3528 643 3598 μιᾷ
669 3527 763 3579 καὶ
789 3525 908 3579 δυσὶ
945 3525 1165 3596 μέρεσιν
1192 3525 1360 3600 ὧρας.

179 3619 288 3673 Τοῦ
313 3621 370 3673 66
396 3619 670 3689 Πρὸκυνος
712 3616 1086 3679 ἀνατέλλοντος
1106 3658 1120 3684 ,
1151 3618 1523 3671 συνανατέλλει
1567 3617 1666 3688 μὲν

100 3710 260 3782 αὐτῷ
299 3711 328 3762 6
370 3707 628 3774 ζωδιακὸς
665 3710 770 3764 ἀπὸ
811 3709 1084 3779 Καρκίνου
1115 3708 1153 3760 δ’
1200 3709 1310 3778 μοί.
1356 3709 1528 3779 μέσης
1563 3710 1666 3771 ἓως

101 3802 386 3876 Καρκίνου
412 3804 531 3874 μοι.
560 3803 633 3858 0"
663 3806 982 3874 μεσουρανεί
1006 3803 1061 3856 δὲ
1089 3803 1196 3856 ἀπὸ
1227 3801 1441 3870 Ἰχθύων
1477 3800 1584 3872 μοί.
1606 3808 1666 3854 ιε’

100 3899 217 3960 ἕως
256 3895 469 3967 ’ἰχθύων
493 3895 601 3968 μοί.
624 3902 671 3948 κ’
697 3895 889 3966 μέσης.
920 3895 1029 3947 Καὶ
1050 3900 1097 3946 α’
1130 3894 1226 3962 μὲν
1255 3893 1428 3963 ἀστὴρ
1455 3891 1668 3945 ἀνατέλ-

100 3990 190 4041 λει
215 3987 246 4040 6
270 3989 566 4058 ἡγούμενος
602 3986 693 4040 καὶ
730 3985 946 4046 διπλοῦς
971 4025 985 4049 ,
1021 3984 1242 4054 ἔσχατος
1271 3984 1326 4035 δὲ
1354 3985 1382 4035 6
1409 3984 1666 4052 ἑπόμενος

100 4063 205 4136 καὶ
232 4078 496 4148 λαμπρός.
516 4078 855 4147 Μεσουρανεί
888 4076 945 4129 δὲ
982 4075 1089 4128 τῶν
1115 4074 1284 4129 ἄλλων
1316 4074 1414 4142 τῆς
1436 4074 1666 4125 Κασσιε-

103 4171 274 4232 πείας
295 4170 323 4221 6
355 4170 411 4220 ὲν
449 4168 594 4238 μέσῳ
630 4165 706 4237 τῷ
747 4165 978 4236 σώματι,
1016 4163 1220 4218 καὶτοῦ
1245 4165 1456 4232 Κήτους
1475 4161 1580 4239 τῷν
1610 4162 1666 4212 ἐν

102 4269 174 4336 τῇ
207 4264 343 4334 οὑρᾷ
364 4262 404 4316 δ’
426 4263 474 4316 οἱ
500 4261 769 4330 ἑπόμενοι.
797 4257 1052 4329 Ἐσχατοι
1078 4257 1134 4311 δὲ
1164 4253 1547 4327 μεσουρανοῦσι
1570 4253 1667 4321 τῆς

101 4375 168 4411 τε
204 4354 558 4427 Ἀνδρομέδας
590 4355 618 4406 6
661 4352 910 4423 ἐχόμενος
943 4351 1050 4405 τῶν
1080 4352 1136 4403 ἐν
1163 4352 1228 4420 τῇ
1259 4347 1422 4418 ζώνῃ,
1451 4346 1543 4398 καὶ
1574 4344 1665 4396 τοῦ

102 4451 326 4519 Κὴτους
349 4449 377 4500 6
407 4445 737 4518 βορειότερος
759 4442 866 4497 τῶν
886 4443 943 4495 ὲν
967 4441 1043 4512 τῷ
1081 4437 1482 4513 τετραπλεύρῳ.
1519 4436 1666 4490 Ἀνα-

101 4540 286 4595 τέλλει
305 4537 360 4590 δὲ
383 4539 411 4590 6
438 4537 694 4608 Προκύων
713 4537 770 4589 ὲν
793 4541 840 4604 γ’
872 4533 1024 4604 μέρει
1049 4533 1216 4603 ὥρας.

67 4681 73 4687 .
176 4628 295 4698 Τῆς
339 4627 396 4680 δὲ
436 4625 660 4698 Ἀργοῦς
692 4625 1102 4693 ἀνατελλούσης,
1152 4619 1521 4674 συνανατέλλει
1569 4617 1666 4690 μὲν

101 4719 252 4789 αὐτῇ
272 4719 300 4770 6
323 4716 579 4780 ζωδιακὸς
597 4715 706 4770 ἀπὸ
732 4716 954 4778 Λέοντος
983 4713 1092 4784 μοί.
1130 4719 1182 4777 ς’
1203 4711 1306 4774 ἔως
1329 4709 1521 4790 Χηλῶν
1550 4708 1660 4779 μοί.

101 4811 143 4864 6'
179 4807 386 4881 μέσης·
424 4808 744 4877 μεσουρανεῖ
774 4805 832 4858 66
875 4804 984 4858 ἀπὸ
1010 4801 1178 4875 Κριοῦ
1215 4808 1265 4866 ς-’
1297 4801 1388 4853 καὶ
1417 4807 1464 4854 κ’
1500 4799 1668 4871 μέσης

101 4901 214 4964 ἕως
246 4898 518 4969 Καρκίνου
548 4898 590 4951 δ’
627 4897 814 4970 μέσης.
849 4895 958 4951 Καὶ
989 4893 1035 4949 α’
1065 4894 1159 4965 μὲν
1188 4892 1360 4962 ἀστὴρ
1397 4891 1670 4944 ἀνατέλλει

104 4997 135 5047 ὸ
167 4989 282 5047 ὑπὸ
311 4988 418 5042 τῶν
448 4991 506 5043 ὲν
529 4990 676 5062 ἄκρᾳ
697 4992 762 5060 τῇ
791 4989 925 5059 οὐρᾷ
955 4986 1049 5040 τοῦ
1083 4984 1256 5046 Κυνὸς
1281 4983 1352 5046 ὡς
1389 4981 1666 5052 τριπλοῦς,

104 5082 341 5155 ἔσχατος
390 5080 448 5134 δὲ
493 5082 522 5134 6
565 5081 880 5143 νοτιώτατος
930 5079 1038 5133 τῶν
1083 5080 1142 5132 ὲν
1173 5080 1238 5148 τῇ
1286 5077 1530 5145 ἀποτομῇ
1575 5076 1667 5128 τοῦ

103 5173 309 5228 Πλοίου
334 5173 427 5226 καὶ
444 5170 708 5241 λαμπρός.
733 5170 1071 5239 Μεσουρανεῖ
1084 5168 1141 5222 66
1166 5166 1274 5219 τῶν
1299 5164 1469 5219 ἄλλων
1495 5171 1543 5216 α’
1575 5165 1669 5233 μὲν

103 5265 204 5320 τοῦ
227 5264 480 5336 Περσέως
501 5265 530 5316 6
551 5260 699 5332 ἐντῷ
719 5260 988 5332 ἀριστερῷ
1005 5256 1286 5331 μηρῷ,καί
1307 5257 1334 5308 ὀ
1357 5253 1670 5319 νοτιώτατος

104 5358 223 5412 τῶν
261 5357 321 5410 ὲν
351 5357 417 5427 τῇ
443 5356 686 5426 ἀποτομῇ
715 5350 809 5406 τοῦ
834 5351 1044 5421 Ταύρου
1066 5368 1078 5380 ·
1105 5349 1326 5420 ἔσχατος
1364 5345 1420 5400 δὲ
1463 5347 1490 5397 6
1534 5363 1668 5414 προ-

108 5446 416 5521 ηγούμενος
441 5447 539 5518 τῆς
561 5445 655 5500 τοῦ
676 5444 873 5515 Ὕδρου
897 5441 1135 5512 κεφαλῆς
1155 5443 1183 5494 6
1205 5437 1455 5509 ἐκφανὴς,
1474 5438 1501 5490 ὃ
1525 5439 1668 5491 ἐστιν

105 5545 168 5596 ὲν
190 5541 308 5603 τοῖς
335 5538 526 5602 νοτίοις
545 5538 670 5591 ποσὶ
701 5535 795 5591 τοῦ
819 5533 1012 5598 Κυνός.

183 5629 264 5687 E'.
300 5626 455 5701 Ἑξῆς
475 5629 532 5683 δὲ
559 5628 787 5700 ἐροῦμεν
809 5626 937 5696 περὶ
961 5625 1058 5695 τῆς
1091 5623 1430 5684 καταδύσεως
1454 5620 1558 5673 τῶν
1585 5634 1669 5672 νο-

108 5719 388 5791 τιωντέρων
421 5718 513 5772 τοῦ
543 5717 802 5783 ζωδιακοῦ
834 5715 1049 5770 κύκλου.

187 5813 355 5867 Ὅταν
375 5810 471 5883 μὲν
485 5804 577 5864 οὖν
588 5808 717 5880 δύνῃ
731 5811 759 5862 6
777 5808 992 5876 Ὕδρος,
1013 5801 1394 5872 συγκαταδύνει
1415 5799 1509 5870 μὲν
1525 5798 1668 5868 αὐτῷ

111 5901 146 5959 6
167 5901 427 5970 ζωδιακὸς
467 5901 572 5958 ἀπὸ
606 5901 848 5971 Διδύμων
878 5899 921 5953 θ’
980 5898 1071 5954 καὶ
1102 5902 1150 5950 κ’
1180 5894 1290 5966 μοί..
1327 5893 1430 5956 ἔως
1465 5889 1669 5960 Παρθέ-

1771 3344 1989 3400 Cancri.
2025 3342 2207 3399 Oritur
2237 3343 2400 3399 Canis
2428 3343 2560 3396 hora
2608 3355 2714 3394 una
2737 3379 2750 3404 ,
2799 3339 3023 3408 ejusque
3069 3336 3312 3406 partibus

1766 3437 1991 3493 duabus.

1840 3612 1972 3666 Cum
2001 3626 2058 3667 se
2078 3609 2325 3680 Procyon
2349 3608 2572 3674 attollit,
2596 3608 2769 3662 oritur
2793 3621 2897 3661 una
2920 3605 3125 3661 zodiaci
3151 3619 3310 3662 arcus

1769 3721 1796 3758 a
1840 3704 1993 3774 135
2032 3701 2227 3758 Cancri
2263 3702 2295 3753 4
2340 3708 2493 3770 parte
2541 3700 2746 3763 media,
2779 3699 2843 3752 ad
2872 3699 2944 3763 9;
2986 3697 3241 3751 culminat
3279 3712 3311 3752 a

1772 3797 2002 3851 Piscium
2051 3795 2118 3849 15
2165 3793 2233 3848 ad
2268 3793 2338 3846 20
2379 3793 2628 3847 mediam.
2681 3791 2838 3843 l'rior
2886 3791 3059 3843 oritur
3098 3794 3312 3843 antece-

1766 3889 1900 3944 dens
1919 3926 1933 3951 ,
1956 3895 2007 3942 et
2038 3888 2199 3956 dupla
2229 3903 2241 3950 ;
2273 3886 2462 3941 ultima
2483 3925 2498 3948 ,
2524 3876 2822 3938 succedens
2841 3924 2855 3943 .
2885 3889 2938 3936 et
2964 3879 3162 3937 lucida.
3194 3878 3312 3932 Pri-

1767 3995 1853 4034 ma
1889 3996 1955 4035 ex
1983 3980 2103 4045 aliis
2135 3978 2430 4041 culminat,
2465 3990 2583 4044 qum
2610 3974 2664 4027 in
2695 3971 2870 4028 medio
2897 3970 3312 4053 corporisﬁas-

1767 4074 1958 4142 siepeze
1982 4090 1996 4125 :
2020 4080 2074 4125 et
2093 4069 2441 4125 succedentes
2465 4081 2647 4121 earum
2664 4071 2912 4135 quatuor,
2927 4077 3046 4132 quae
3062 4062 3115 4114 in
3141 4059 3312 4113 cauda

1767 4165 1884 4222 Ceti
1920 4171 2068 4220 sunt.
2108 4160 2428 4217 Novissima:
2471 4159 2770 4212 culminant
2815 4155 3057 4223 proxima
3090 4165 3308 4214 earum,

1767 4273 1886 4326 qua:
1919 4256 1972 4309 in
2004 4251 2356 4309 Andromedze
2383 4264 2519 4305 zona
2541 4289 2555 4312 ,
2587 4256 2642 4304 et
2669 4245 2937 4302 borealior
2974 4258 3036 4297 ex
3071 4242 3165 4306 iis,
3197 4255 3313 4312 quae

1770 4348 1822 4402 in
1860 4345 2120 4400 laterculo
2148 4342 2284 4398 Ceti.
2316 4339 2498 4395 Oritur
2527 4336 2770 4405 Procyon
2797 4331 2932 4386 hora
2960 4331 3022 4395 0,
3051 4327 3152 4383 90'.

1693 4604 1743 4663 D
1784 4591 1790 4598 ’
1849 4605 1994 4672 Argo
2040 4600 2161 4654 navi
2205 4599 2434 4661 oriente,
2471 4611 2592 4649 cum
2628 4608 2689 4648 ea
2727 4591 2989 4650 zodiacus
3022 4583 3254 4651 3550'?“
3283 4596 3312 4634 ³

1771 4695 1968 4750 Leonis
2006 4709 2099 4762 par
2129 4708 2157 4746 c
2193 4691 2225 4743 6
2268 4691 2332 4742 ad
2369 4689 2656 4742 Clielarum
2689 4684 2721 4737 4
2756 4679 3023 4742 mediam;
3057 4674 3314 4762 culmina:

1775 4780 1844 4835 ab
1877 4758 2074 4834 Arietis
2118 4776 2186 4831 :26
2218 4775 2411 4838 media,
2444 4772 2508 4825 ad
2553 4767 2743 4824 Cancri
2783 4764 3013 4819 inediam
3055 4762 3106 4814 4.
3135 4758 3314 4812 Prima

1778 4874 1952 4929 oritur
1999 4887 2115 4942 quae
2149 4887 2176 4923 c
2209 4867 2377 4922 stellis
2415 4865 2468 4917 in
2507 4859 2679 4914 cauda
2706 4857 2869 4912 Canis
2914 4855 2970 4908 ﬁt
3013 4851 3172 4907 veluti
3217 4849 3316 4902 tri-

1770 4969 1893 5040 plex
1944 4987 1954 5020 :
2007 4967 2213 5025 ultima,
2255 4973 2373 5028 quae
2419 4957 2469 5010 in
2520 4951 2854 5008 abscissione
2889 4946 3049 5001 Navis
3089 4942 3314 4997 sitarum

1775 5033 2173 5115 australissima
2218 5059 2340 5114 est,
2390 5057 2443 5104 et
2480 5046 2679 5102 lucida.
2724 5043 2903 5097 Prima
2950 5035 3205 5092 culmiuat
3249 5033 3318 5087 de

1776 5155 1949 5210 stellis
1984 5150 2207 5218 reliquis
2237 5162 2320 5209 ea,
2354 5159 2473 5214 quae
2499 5151 2582 5196 est
2619 5139 2674 5193 in
2707 5137 2926 5192 sinistro
2959 5130 3159 5184 femore
3185 5127 3312 5181 Per-

1743 5250 1847 5304 'sei
1881 5265 1894 5300 :
1930 5253 1981 5301 et
2028 5238 2424 5296 australissima
2459 5247 2642 5290 carum
2685 5242 2803 5298 quae
2841 5232 2967 5280 sunt
2992 5225 3046 5276 in
3077 5220 3316 5276 sectione

1774 5339 1940 5392 Tauri
1979 5355 1990 5388 :
2031 5334 2238 5395 ultima,
2272 5327 2582 5400 praecedens
2621 5319 2809 5388 capitis
2830 5315 2995 5387 Hydri
3015 5310 3311 5383 splendida,

1769 5448 1887 5501 quae
1919 5433 1999 5482 est
2030 5427 2086 5480 in
2123 5422 2452 5479 australibus
2486 5414 2710 5488 pedibus
2735 5408 2920 5464 Canis.

1841 5609 1907 5663 V.
1945 5604 2255 5662 Secundum
2290 5601 2403 5654 hinc
2445 5607 2659 5666 agemus
2691 5590 2762 5646 de
2791 5601 3005 5654 eccasu_
3030 5578 3311 5636 australio-

1770 5718 1886 5759 rum
1921 5699 2142 5754 zodiaco
2171 5693 2467 5750 caelestium
2500 5689 2809 5755 imaginum.

1843 5789 2111 5859 Imprimis
2149 5799 2272 5839 eum
2327 5779 2540 5851 Hydrus
2589 5773 2805 5834 nccidit,
2859 5764 3135 5822 descendit
3188 5775 3309 5859 cum

1769 5901 1832 5940 eo
1867 5851 2003 5938 mili.
2030 5896 2121 5934 cus
2152 5893 2178 5931 a
2204 5880 2353 5946 parte
2376 5870 2580 5926 Gemitu
2675 5881 2720 5917 ,ιι
2742 5862 2810 5917 ‘29
2838 5861 2899 5915 ad
2931 5855 3164 5929 Virginis
3211 5851 3266 5906 11
3294 5867 3312 5913 ί

4032 484 4045 551 ξ

4025 669 4116 768 εν

4027 834 4100 896 ςξ

4027 897 4061 946 is.
4095 915 4108 960 -,_

4027 957 4055 1082 is

4033 1797 4070 1826 ε’.
4093 1801 4100 1826 .'

4033 1947 4102 2062 re

4035 2065 4106 2160 Ὺξέ

4038 2247 4106 2340 ii

4039 2341 4098 2408 ῐὲξ
