4130 6342
118 462 284 523 ιιι-ι
1094 466 1454 524 HlPPARClll
1496 467 1705 553 ᾼοοριι

1828 468 2060 523 ΟΜΕΝΛ
2098 467 2225 522 LIB.
2266 469 2355 523 Ill.
3194 479 3327 535 ill8

112 579 407 649 τιώτερος
431 577 535 659 τῶν
571 578 627 631 ἐν
665 581 728 649 τῇ
760 579 893 650 οὐρᾷ
914 580 1195 653 λαμπρῶν,
1241 584 1459 655 ἔσχατος
1496 585 1552 637 δὲ
1587 586 1615 638 6
1640 585 1697 637 ὲν

1828 581 2060 646 tralior;
2105 580 2293 633 ultima
2336 595 2483 643 vero,
2518 579 2846 635 lucidissima
2878 580 3059 636 rostri.
3096 580 3175 638 Ex
3205 586 3326 640 aliis

116 670 213 739 τῷ
249 668 447 739 ῥύγχει
480 670 723 739 λαμπρὸς
758 671 977 741 σφόδρα.
1022 672 1358 744 Μεσουρανεῖ
1385 674 1439 726 66
1471 666 1577 726 τῶν
1605 674 1696 726 ἄλ-

1824 672 1961 725 tellis
1985 671 2303 733 culminant,
2338 670 2507 733 Initio,
2542 685 2659 739 qua:
2694 670 2861 725 cst‘in
2895 680 3128 726 extrema
3154 676 3327 729 cauda

118 762 250 813 λων
284 763 526 832 ἀστέρων
554 765 609 814 ὲν
643 764 780 833 ἀρχῇ
825 763 921 831 μὲν
961 762 1068 815 τῶν
1095 763 1307 833 Ἰχθύων
1338 764 1429 817 τοῦ
1456 765 1695 818 νοτιωτέ-

126 867 238 917 pou
270 854 301 903 6
329 854 384 903 ἐν
408 852 548 921 ἄκρα
570 855 635 921 τῇ
660 855 820 923 ούρᾷ⁸
851 852 1071 923 ἔσχατον
1106 855 1161 908 66
1185 856 1284 924 τῆς
1321 873 1379 908 τε
1418 857 1695 927 Ἀνδρομέ-

123 941 236 1002 δας
261 945 291 993 ὁ
324 944 605 1013 ἀριστερὸς
636 944 789 1007 ποῦς,
817 946 907 998 καὶ
942 944 1033 998 τοῦ
1063 947 1229 1018 Κριοῦ
1250 950 1277 1000 6
1317 948 1475 1017 μέσος
1505 949 1611 1001 τῶν
1637 951 1694 1001 ὲν

124 1034 202 1100 τῇ
242 1033 475 1103 κεφαλῇ,
508 1036 597 1087 καὶ
621 1035 710 1087 τοῦ
738 1038 795 1087 6v
827 1036 902 1106 τῷ
948 1039 1113 1107 Κήτει
1140 1038 1533 1111 τετραπλεύρου
1560 1041 1587 1091 6
1612 1056 1697 1093 νο-

126 1121 406 1193 τιὼτερος
440 1126 545 1178 τῶν
582 1127 873 1196 ἑπομένων.
916 1129 1069 1182 Δύνει
1110 1130 1167 1182 δὲ
1199 1132 1227 1183 ὀ
1262 1132 1431 1200 Ἰχθὺς
1480 1133 1537 1185 ὲν
1579 1131 1697 1203 ὥρᾳ

128 1217 184 1261 α’
215 1212 316 1262 καὶ
346 1211 385 1262 6'
413 1215 861 1284 πεμπτημορίοις.
900 1230 901 1233 ‘
1474 1210 1485 1219 ’

212 1301 327 1353 Τοῦ
360 1302 413 1355 66
436 1305 644 1373 Κήτους
669 1304 929 1371 δύνοντος,
960 1308 1341 1374 συγκαταδύνει
1371 1311 1465 1379 μὲν
1492 1309 1637 1380 αὐτῷ
1668 1312 1697 1363 6

128 1390 413 1454 ζωδιακὸς
450 1393 555 1446 ἀπὸ
600 1395 876 1465 Ὑδροχόου
927 1398 1034 1466 μοί.
1079 1404 1128 1467 η’
1175 1400 1264 1451 καὶ
1299 1406 1345 1451 κ’
1385 1400 1550 1470 μέσης
1593 1400 1695 1461 ἕως

128 1480 325 1548 Κριοῦ
355 1480 410 1532 ιδ’
436 1499 462 1535 ⁸.
489 1487 807 1553 μεσουρανεί
831 1486 885 1538 66
914 1487 1021 1539 ἀπὸ
1067 1488 1277 1559 Ταύρου
1318 1489 1423 1559 μοί.
1459 1488 1499 1558 β’
1533 1490 1624 1541 καὶ
1648 1494 1694 1541 κ’

129 1569 255 1631 ἓως
288 1570 557 1640 Καρκίνου
589 1574 697 1641 μοί.
751 1581 807 1626 ιε’
840 1576 1031 1645 μέσης.
1067 1577 1173 1628 Καὶ
1213 1586 1259 1630 α’
1294 1580 1390 1648 μὲν
1418 1578 1586 1649 ἀστὴρ
1611 1577 1693 1630 δύ-

128 1678 262 1713 νειν
298 1662 516 1731 ἄρχεται
550 1664 577 1713 6
616 1665 926 1735 νοτιώτερος
952 1666 1058 1720 τῶν
1100 1671 1157 1720 ἐν
1190 1672 1253 1739 τῇ
1285 1671 1438 1745 οὐρᾷ,
1478 1671 1697 1741 ἔσχατος

124 1751 199 1804 δὲ
226 1753 258 1802 ὁ
297 1753 554 1822 ἑπόμενος
575 1753 681 1806 τῶν
708 1755 763 1807 ἐν
800 1754 876 1825 τῷ
912 1755 1100 1827 βορείῳ
1138 1757 1361 1827 χελυνίῳ
1390 1759 1453 1811 θί.
1485 1761 1697 1812 Μεσου-

132 1843 373 1913 ρανοῦσι
398 1844 453 1895 δὲ
490 1845 599 1897 τῶν
637 1833 815 1899 ἄλλων
842 1848 1080 1918 ἀστέρων
1118 1850 1174 1900 ὲν
1216 1850 1311 1919 μὲν
1341 1853 1404 1919 τῇ
1434 1851 1570 1920 ἀρχῇ
1604 1849 1696 1903 τοῦ

1796 764 2140 817 australioris
2176 761 2453 827 Piscium;
2504 769 2796 830 postremo,
2836 762 3190 819 Andromeda:
3231 779 3330 835 pes

1792 854 2011 909 sinister
2042 872 2059 920 ;
2098 862 2152 909 et
2182 853 2354 907 media
2383 869 2590 916 earum,
2621 867 2740 923 quae
2770 854 2823 907 in
2853 855 3026 922 capite
3057 863 3183 911 sunt
3219 856 3329 910 An-

1791 944 2078 1008 dromedae,
2116 951 2169 998 et
2194 944 2459 1007 latercuii,
2498 944 2642 1013 quod
2679 952 2762 999 est
2790 944 2846 998 in
2867 943 3019 1010 Ceto,
3042 948 3328 1004 succeden-

1766 1035 1924 1090 tium
1951 1017 2258 1090 austr'alior.
2287 1031 2495 1089 Occidit
2522 1034 2695 1091 Piscis
2717 1035 2850 1090 hora
2874 1037 2925 1102 1,
2946 1038 3028 1093 48¹

1859 1315 2148 1376 Occidente
2192 1314 2357 1385 (leto,
2382 1335 2506 1374 eum
2546 1336 2611 1376 eo
2653 1314 2930 1377 descendit
2966 1323 3220 1380 zodiacus
3262 1325 3331 1379 ab

1792 1412 2012 1480 Aquarii
2051 1418 2201 1480 parte
2230 1411 2299 1465 2S
2332 1410 2505 1465 media
2546 1411 2611 1465 ad
2640 1411 2836 1468 Arietis
2870 1413 2966 1477 l4;
3012 1415 3271 1467 culminat
3300 1430 3332 1469 a

1794 1503 1955 1557 Tauri
1993 1502 2063 1555 22
2096 1501 2163 1556 ad
2203 1503 2395 1556 Cancri
2438 1503 2501 1557 15
2557 1504 2806 1559 mediam.
2846 1504 3102 1561 Occidere
3148 1507 3334 1576 incipit

1795 1593 2085 1646 australior
2110 1608 2293 1647 earum
2338 1610 2458 1664 qua:
2487 1603 2613 1649 sunt
2645 1596 2700 1648 in
2732 1594 2943 1661 cauda;
2983 1596 3166 1650 ultima
3210 1612 3332 1651 suc-

1795 1682 1989 1737 cedens
2016 1684 2069 1736 in
2092 1684 2294 1739 bore-ali
2326 1700 2566 1741 convexo
2588 1687 2911 1758 136tergi.
2930 1687 3242 1743 Culminant
3264 1705 3330 1743 ex

1796 1775 1915 1829 aliis
1956 1775 2149 1841 stellis,
2182 1776 2357 1871 initio]
2376 1776 2613 1847 quidem,
2658 1780 2946 1833 australior
2990 1794 3175 1835 earum
3215 1795 3333 1850 qua:

1797 1877 1921 1927 sunt
1954 1869 2008 1921 in
2042 1869 2255 1940 Auriga:
2278 1869 2453 1940 capite
2480 1878 2534 1925 et
2561 1869 2751 1926 dextro
2790 1870 2941 1941 pede,
2971 1871 3157 1925 ultima
3188 1887 3333 1936 vero,

126 1953 201 1988 τε
250 1937 489 2007 Ἡνιόχου
518 1939 545 1989 6
571 1938 879 2009 νοτιώτερος
918 1940 1022 1992 τῶν
1055 1940 1110 1993 ὲν
1132 1943 1195 2011 τῇ
1232 1941 1434 2013 κεφαλῂ
1466 1942 1558 1994 καὶ
1589 1942 1616 1994 6
1640 1943 1696 1994 ὲν

1824 1959 1973 2013 ucida
2012 1975 2132 2030 quae
2160 1970 2244 2016 cst
2294 1962 2349 2015 in
2378 1962 2748 2020 anterioribus
2786 1963 3036 2017 cruribus
3077 1962 3244 2028 Ursae,
3283 1973 3338 2020 et

125 2024 221 2092 τῷ
255 2024 414 2094 δεξιῷ
442 2024 576 2089 ποδὶ,
614 2026 837 2096 ἔσχατος
870 2028 923 2080 66
968 2028 1062 2099 τῆς
1093 2046 1150 2081 τε
1184 2030 1411 2099 Ἄρκτου
1436 2031 1464 2082 6
1497 2032 1552 2082 ὲν
1589 2034 1695 2094 τοῖς

129 2116 501 2185 ἐμπροσθίοις
524 2116 733 2168 σκέλεσι
766 2118 1030 2189 λαμπρὸς,
1074 2120 1166 2171 καὶ
1205 2121 1302 2191 τῆς
1342 2120 1562 2192 ’Λργοῦς
1588 2123 1614 2173 6
1641 2123 1698 2174 ἐν

134 2208 305 2276 μέσῳ
356 2206 461 2258 τῶν
508 2206 697 2277 τοίχων
745 2207 1010 2279 λαμπρὸς,
1041 2211 1437 2281 προηγούμενος
1474 2211 1566 2265 τοῦ
1606 2228 1700 2283 με·-

131 2288 452 2369 εημόρινοῦ
472 2299 545 2362 ὡς
585 2301 897 2370 ἡμιπήχιον.
936 2301 1085 2353 Δύνει
1106 2302 1160 2354 δὲ
1181 2301 1239 2354 τὸ
1257 2302 1435 2373 Κῆτος
1454 2306 1511 2357 ὲν
1533 2304 1700 2375 ὥραις

128 2392 180 2445 δ’
217 2390 530 2455 λειπούσαις
561 2392 609 2461 η’
641 2391 813 2461 μέρει.

217 2481 329 2534 Τοῦ
359 2482 413 2535 δὲ
446 2481 688 2553 Ὠρίωνος
714 2480 975 2546 δύνοντος,
1015 2468 1395 2552 συγκαταδύνει
1428 2486 1525 2556 μὲν
1556 2487 1700 2557 αὐτῷ

134 2577 170 2627 ὁ
207 2573 469 2637 ζωδιακὸς
501 2573 605 2626 ἀπὸ
630 2573 838 2645 Ταύρου
868 2575 975 2644 μοί.
1013 2575 1055 2637 ζ’
1088 2575 1191 2638 ἕως
1238 2578 1447 2648 Ταύρου
1491 2578 1597 2648 μοί.
1634 2579 1695 2630 λ’*

140 2668 474 2735 μεσουρανεῖ
496 2664 551 2718 66
583 2666 689 2720 ἀπὸ
736 2668 959 2729 Λέοντος
1013 2667 1122 2738 μοί.
1169 2667 1232 2737 ιβ’
1277 2667 1379 2730 ἓως
1429 2669 1701 2740 Παρθένου

138 2755 266 2825 μοί.
307 2760 390 2822 ιγ’.
424 2756 529 2809 Καὶ
568 2764 616 2810 α’
652 2758 751 2827 μὲν
781 2758 951 2829 ἀστὴρ
977 2758 1118 2812 δύνει
1156 2761 1184 2813 6
1220 2761 1276 2815 ἐν
1313 2760 1391 2830 τῷ
1435 2762 1703 2834 ἀριστερῷ

135 2842 294 2906 ποδὶ,
326 2842 536 2914 ἔσχατοι
558 2845 613 2896 66
635 2850 682 2900 οἱ
705 2846 1028 2918 βορειότατοι
1051 2847 1158 2900 τῶν
1184 2850 1239 2901 6v
1266 2849 1342 2920 τῷ
1378 2851 1699 2923 κολλορόὸῳ.

136 2935 557 3006 Μεσουρανοῦσι
576 2937 631 2989 δὲ
655 2938 762 2991 τῶν
788 2939 959 2993 ἄλλων
984 2941 1111 2993 ἀστέ
1123 2958 1226 3009 ρων
1256 2943 1313 2995 ὲν
1342 2944 1438 3013 μὲν
1463 2946 1528 3014 τῇ
1564 2946 1701 3016 ἀρχῇ

135 3026 252 3094 τῆς
282 3027 516 3097 μεγάλης
546 3029 775 3099 Ἀρκτου
805 3032 833 3082 6
860 3031 918 3082 6v
956 3034 1065 3095 τοῖς
1084 3031 1344 3097 ὀπισθίοις
1375 3036 1579 3101 γόνασι,
1612 3038 1705 3089 καὶ

137 3117 247 3170 τοῦ
275 3117 496 3183 Λέοντος
518 3120 545 3171 6
572 3121 679 3173 67:6
708 3122 857 3175 νότου
888 3122 964 3193 τῷ
990 3124 1083 3176 67:".
1117 3124 1214 3194 τῆς
1253 3126 1448 3193 ὀσφύος
1473 3126 1705 3198 λαμπρῷ

140 3210 586 3280 παρακείμενος,
620 3211 841 3282 ἔσχατος
885 3213 940 3267 δὲ
980 3219 1079 3285 τῆς
1110 3216 1380 3287 Παρθένου
1425 3218 1454 3269 6
1501 3217 1706 3289 βορειό-

138 3317 312 3370 τερος
338 3295 501 3372 ὦμος.
540 3303 692 3357 Δύνει
738 3305 793 3357 δὲ
831 3308 859 3359 6
902 3306 1091 3377 Ὠρίων
1138 3310 1196 3361 ἐν
1239 3307 1409 3380 ὥραις
1449 3309 1598 3364 δυσὶν
1633 3311 1708 3376 ὡς

142 3392 400 3460 ἔγγιστα.

228 3488 391 3541 Ὅταν
412 3486 469 3541 66
496 3488 523 3539 6
553 3486 660 3542 ἀπὸ
690 3486 778 3541 τοῦ
824 3488 1069 3559 Ὠρίωνος
1099 3491 1345 3561 Ποταμὸς
1391 3493 1541 3566 δύνῃ,
1581 3510 1710 3563 συγ-

142 3578 437 3634 καταδύνει
466 3580 561 3650 μὲν
588 3580 733 3649 αὐτῷ
773 3583 801 3633 6
833 3580 1089 3645 ζωδιακὸς
1123 3583 1228 3635 ἀπὸ
1260 3584 1473 3653 Ἰχθύων
1513 3586 1620 3654 μοί.
1664 3584 1708 3649 ζ’

142 3673 263 3734 ἕως
299 3670 509 3741 Ταύρου
560 3672 669 3741 μοί.
716 3678 755 3723 ε’
796 3672 992 3744 μέσηςο
1032 3676 1351 3744 μεσουρανεῖ
1388 3674 1444 3727 66
1484 3676 1591 3728 ἀπὸ
1623 3678 1711 3729 Δι-

142 3765 340 3834 δύμων
385 3763 425 3815 6'
453 3763 554 3828 ἕως
603 3764 826 3829 Λέοντος
863 3772 893 3817 ι’
943 3767 1128 3836 μέσης.
1174 3767 1280 3820 Καὶ
1332 3774 1379 3819 α’
1409 3767 1507 3837 μὲν
1541 3767 1712 3840 ἀστὴρ

143 3855 302 3909 δύνει
325 3857 352 3908 6
383 3856 513 3926 ἡγού
522 3873 674 3926 μενος
702 3857 795 3910 καὶ
823 3856 1198 3927 λαμπρότατος
1231 3858 1465 3922 πάντων,
1491 3858 1713 3929 ἔσχατος

144 3948 211 4005 δὲ
247 3950 277 4000 6
311 3954 377 4012 α’,
410 3947 502 4000 καὶ
532 3948 639 4000 ἀπὸ
684 3947 1023 4018 μεσημϐρίας
1054 3948 1449 4017 παρακείμενος
1476 3949 1553 4019 τῷ
1594 3946 1713 4000 ποδὶ

155 4039 249 4094 τοῦ
294 4038 560 4108 Ὠρίωνος.
595 4037 995 4110 Μεσουρανοῦσι
1045 4038 1099 4090 δὲ
1131 4038 1237 4090 τῶν
1268 4040 1438 4092 ἀλλων
1470 4039 1712 4110 ἀστέρων

160 4135 217 4197 ὲν
250 4130 349 4200 μὲν
376 4131 441 4199 τῇ
468 4130 605 4200 ἀρχῇ
647 4129 743 4197 τῆς
772 4129 972 4193 δύσεως
1007 4128 1111 4183 τῶν
1148 4147 1205 4183 τε
1238 4130 1477 4201 Διδύμων
1514 4132 1541 4183 6
1569 4130 1707 4201 Πρό-

160 4239 317 4283 πους,
367 4222 554 4293 μικρὸν
588 4221 1003 4291 ὑπολειπόμενος
1042 4221 1132 4274 τοῦ
1184 4220 1571 4292 μεσημϐρινοῦ,
1613 4222 1707 4274 καὶ

154 4310 255 4365 τοῦ
284 4310 504 4378 Λαγωοῦ
526 4312 575 4364 οί
604 4313 660 4365 ὲν
689 4312 833 4381 μέσῳ
852 4310 928 4380 τῷ
952 4310 1160 4381 σώματι
1182 4310 1247 4380 β¹’
1279 4310 1500 4381 ἔσχατον
1525 4311 1580 4364 δὲ
1615 4328 1707 4381 με-

156 4398 483 4471 σουρανοῦσι
530 4399 622 4451 τοῦ
659 4416 717 4452 τε
760 4398 983 4462 Λέοντος
1024 4401 1052 4452 6
1096 4401 1355 4470 ἑπόμενος
1391 4400 1496 4453 τῶν
1547 4402 1604 4453 ὲν
1631 4400 1707 4471 τῷ

1796 2050 1972 2106 lucida
2017 2050 2179 2105 medii
2229 2052 2413 2108 lateris
2467 2053 2664 2122 Argus,
2706 2070 2826 2123 quae
2864 2056 3183 2110 semicubito
3228 2056 3337 2108 cir-

1796 2142 1930 2195 citer
1958 2141 2226 2195 antecedit
2262 2142 2642 2196 meridianum.
2681 2142 2891 2198 Occidit
2922 2144 3085 2200 Cetus
3107 2144 3254 2199 horis
3277 2144 3333 2209 4,

1796 2233 1977 2290 minus
2006 2240 2193 2287 octava
2214 2240 2383 2302 parte.

1870 2488 2067 2543 Orione
2111 2490 2355 2551 cadente,
2411 2504 2533 2544 cum
2578 2504 2644 2544 eo
2689 2490 2966 2546 descendit
3016 2490 3268 2546 zodiacus
3308 2505 3338 2544 a

1801 2576 1963 2633 Tauri
2013 2586 2162 2647 parte
2214 2579 2244 2631 7
2277 2578 2345 2631 ad
2396 2580 2501 2645 30;
2559 2580 2819 2635 culminat
2860 2595 2892 2633 a
2934 2579 3131 2635 Leonis
3168 2579 3235 2633 12
3272 2580 3339 2634 ad

1800 2672 2036 2743 Virginis
2063 2673 2149 2725 15.
2183 2671 2339 2725 Prior
2367 2673 2565 2727 occidit
2600 2688 2661 2728 ea
2697 2689 2816 2742 quae
2849 2666 3005 2729 estin
3041 2674 3171 2744 pede
3210 2674 3343 2729 sini-

1803 2769 1935 2825 stro,
1987 2762 2187 2816 ultima:
2230 2776 2379 2828 vero,
2418 2777 2623 2827 earum,
2650 2777 2767 2831 quae
2794 2770 2921 2817 sunt
2960 2762 3015 2816 in
3063 2763 3338 2818 collorobo

1801 2851 2034 2904 maxime
2062 2849 2351 2904 australes.
2379 2847 2458 2901 Ex
2488 2848 2609 2902 aliis
2639 2849 2808 2904 stellis
2841 2841 3142 2904 culminant
3165 2850 3338 2914 initio,

1802 2956 1863 2995 ea
1884 2955 2001 3010 qua:
2028 2947 2111 2995 est
2140 2940 2193 2993 in
2222 2937 2610 3009 posterioribus
2646 2939 2871 3007 genibus
2914 2939 3063 2996 Ursa:
3099 2942 3340 3010 majoris,

1802 3041 1856 3089 et
1882 3048 1999 3103 qua:
2020 3034 2087 3085 ab
2115 3039 2299 3085 austro
2322 3029 2513 3082 lucidze
2534 3029 2767 3096 adjacet,
2794 3046 2913 3100 quae
2933 3042 3015 3087 est
3039 3034 3091 3086 in
3121 3034 3342 3097 lumbis,

1804 3133 2093 3195 postremo,
2110 3121 2380 3177 borealior
2396 3118 2631 3189 Virginis
2654 3120 2929 3177 humerus.
2949 3121 3157 3179 Occidit
3174 3122 3343 3179 Orion

1808 3216 1958 3272 boris
1988 3218 2202 3273 circiter
2231 3216 2285 3268 2.
2471 3206 2479 3214 ’

1872 3482 2005 3538 Cum
2035 3480 2254 3539 Orionis
2285 3483 2476 3538 Fluvio
2497 3482 2755 3539 zodiacus
2791 3480 2989 3537 occidit
3021 3494 3049 3533 a
3110 3476 3345 3533 Piscium

1804 3583 1955 3647 parte
1979 3574 2007 3627 7
2031 3574 2097 3629 ad
2124 3573 2286 3629 Tauri
2319 3575 2352 3629 5
2376 3576 2601 3629 mediam
2626 3592 2640 3640 ;
2673 3573 2931 3628 culminat
2951 3588 2978 3625 ιι
3003 3571 3348 3627 Geminorum

1809 3669 1843 3722 6
1873 3669 1937 3722 ad
1968 3669 2162 3723 Leonis
2191 3668 2424 3723 mediam
2463 3668 2548 3722 l0.
2578 3665 2735 3721 Prior
2773 3667 2974 3721 occidit
3001 3662 3345 3725 antecedens,

1814 3769 1865 3816 et
1919 3760 2251 3815 lucidissima
2300 3761 2562 3826 omnium,
2612 3757 2800 3811 ultima
2832 3772 2978 3817 vero,
3019 3770 3136 3826 qua:
3179 3754 3352 3823 prima

1812 3860 1914 3918 est,
1954 3860 2007 3907 et
2040 3867 2069 3905 a
2096 3836 2332 3906 “meridie
2376 3851 2586 3919 adjacet
2628 3849 2844 3905 Orionis
2876 3847 3018 3916 pedi.
3056 3846 3097 3899 Ε
3130 3845 3353 3915 reliquis

1815 3941 2004 4004 stellis,
2050 3954 2279 3995 occasus
2325 3940 2479 3993 initio
2524 3938 2825 3993 culminant
2857 3936 3065 4006 Propus
3102 3934 3354 3989 Gemino-

1811 4049 1952 4097 rum,
1994 4016 2265 4101 paululum
2307 4032 2444 4085 citra
2488 4031 2845 4085 meridianum
2898 4028 3125 4097 positus,
3156 4034 3208 4081 et
3252 4024 3355 4079 Le-

1812 4128 1960 4198 poris
1989 4128 2041 4181 in
2061 4127 2237 4181 medio
2261 4126 2409 4190 duae;
2433 4134 2703 4196 postremo
2727 4122 3037 4185 culminant,
3061 4117 3355 4174 succedens

1812 4220 1869 4273 in
1894 4228 2042 4290 tergo
2075 4218 2297 4283 Leonis,
2351 4225 2403 4273 et
2430 4232 2549 4287 quae
2592 4216 2647 4269 in
2678 4212 3066 4283 posterioribus
3089 4208 3241 4264 Ursae
3267 4225 3357 4278 ge-

1813 4311 1994 4375 nibus,
2027 4325 2212 4381 parum
2236 4309 2373 4365 citra
2395 4305 2750 4363 meridianum
2775 4305 2897 4360 sita.
2917 4300 3359 4358 OcciditFluvius

1814 4402 1964 4458 horis
1993 4404 2045 4468 4,
2078 4402 2182 4456 42’.

156 4494 337 4563 νώτῳ,
373 4494 465 4546 καὶ
488 4494 586 4562 τῆς
616 4494 846 4564 ’Ἄρκτου
883 4494 911 4545 6
943 4495 1000 4545 ἐν
1037 4497 1147 4555 τοῖς
1191 4494 1450 4557 ὀπισθίοις
1474 4496 1712 4563 γόνασιν,
1767 4495 1840 4558 ὡς
1888 4496 2184 4565 ἡμιπήχιον
2244 4495 2663 4565 ὑπολειπόμενος
2720 4492 2811 4547 τοῦ
2845 4484 3231 4563 μεσημϐρινοῦ.
3262 4482 3359 4535 Δύ-

156 4605 243 4642 νει
267 4584 325 4637 δὲ
356 4586 383 4635 6
410 4583 652 4652 Ποταμὸς
676 4585 730 4636 ἐν
757 4582 923 4652 ὥραις
951 4580 992 4633 δ’
1020 4582 1112 4634 καὶ
1138 4583 1340 4650 ἡμίσει,
1373 4584 1464 4635 καὶ
1490 4589 1530 4635 ε’
1555 4585 1709 4655 μέρει
1746 4582 1909 4654 ὧρας.

179 4682 183 4685 ’
236 4679 307 4730 Ζν.
340 4672 444 4726 Τοῦ
474 4673 542 4726 66'
574 4673 797 4743 Λαγωοῦ
842 4656 1104 4735 δύῦονιος,
1141 4672 1524 4739 συγκαταδύνει
1566 4674 1661 4744 μὲν
1692 4677 1705 4726 ἐ

1895 4673 2001 4728 V’ll.
2041 4674 2332 4731 Occidente
2368 4674 2590 4744 Lepore,
2618 4670 2894 4727 descendit
2921 4686 3044 4725 cum
3084 4685 3149 4725 eo
3181 4666 3358 4720 zodia-

160 4766 424 4835 ζωδιακὸς
461 4766 565 4818 ἀπὸ
596 4767 764 4836 Κριοῦ
793 4766 911 4848 μοί.
955 4765 996 4829 ζ’
1027 4765 1117 4817 κα).
1151 4771 1195 4817 κ’
1234 4765 1403 4835 μέσης
1443 4766 1545 4829 ἕως
1583 4766 1723 4818 Ταύ-

164 4880 266 4936 ρου
300 4859 376 4911 ιδ’·
417 4860 731 4928 μεσουρανεῖ
779 4857 834 4909 66
904 4856 1010 4909 ἀπὸ
1062 4856 1331 4924 Καρκίνου
1381 4856 1489 4925 μοί.
1538 4857 1579 4907 λ’
1620 4857 1722 4920 ἓως

162 4952 393 5012 Λέοντος
430 4948 534 5018 μοί.
567 4954 613 5001 α’
645 4948 735 5001 καὶ
768 4954 831 5000 κ’.
871 4947 983 5018 Καὶ
1018 4954 1064 5000 α’
1109 4949 1203 5016 μὲν
1235 4946 1407 5016 ἀστὴρ
1440 4945 1581 4998 δύνει
1611 4948 1641 4999 6
1665 4949 1721 5001 ἐν

164 5046 282 5105 τοῖς
330 5016 677 5109 ἐμπροσθίοις
717 5016 892 5100 ποσὶν,
940 5037 1163 5107 ἔσχατος
1194 5038 1249 5089 66
1297 5038 1324 5088 6
1365 5039 1421 5088 ὲν
1474 5037 1617 5109 ἄκρᾳ
1656 5042 1719 5109 τῇ

163 5138 325 5205 οὐρᾷ.
361 5129 760 5199 Μεσουρανοῦσι
797 5128 853 5181 66
887 5130 991 5183 τῶν
1023 5130 1191 5183 ἄλλων
1230 5129 1469 5200 ἀστέρων
1514 5133 1571 5182 ὲν
1618 5132 1716 5200 μὲν

166 5232 238 5298 τῇ
273 5227 409 5294 ἀρχῇ
460 5223 555 5291 τῆς
601 5238 660 5273 τε
684 5221 914 5290 Ἀρκτου
970 5221 1062 5273 τοῦ
1127 5220 1367 5274 πλινθίου
1406 5222 1432 5272 6
1474 5222 1563 5272 ἐπὶ
1612 5222 1717 5275 τῶν

167 5319 335 5386 ὤμων
364 5313 551 5381 αὐτῆς,
588 5312 676 5364 καὶ
717 5309 809 5362 τοῦ
839 5310 1133 5380 Δράκοντος
1161 5314 1188 5364 6
1214 5313 1271 5363 ἐν
1304 5312 1445 5380 ἄκρα
1469 5314 1532 5379 τῇ
1561 5312 1715 5381 οὐρᾷ,

170 5399 269 5461 καὶ
301 5402 389 5456 τοῦ
418 5402 640 5466 Λέοντος
673 5404 699 5454 ὁ
730 5404 787 5455 ἐν
828 5403 893 5471 τῇ
934 5403 1146 5473 καρδίᾳ,
1180 5403 1272 5456 καὶ
1304 5404 1400 5472 τῆς
1445 5401 1666 5471 Ἀργοῦς
1691 5404 1719 5453 6

174 5494 505 5569 βορειότερος
530 5494 633 5545 τῶν
662 5495 718 5546 ἐν
745 5494 809 5562 τῇ
852 5492 1118 5562 ἀποτομῇ,
1156 5493 1346 5563 μικρὸν
1380 5490 1719 5561 προηγούμε-

172 5604 267 5649 νος
299 5583 389 5635 τοῦ
425 5583 787 5656 μεσημϐρινοῦ
810 5600 821 5612 '
854 5582 1077 5652 ἔσχατον
1104 5583 1159 5635 66
1197 5582 1582 5654 μεσουρανοῡσι
1625 5582 1717 5635 τοῦ

173 5696 235 5732 τε
268 5676 487 5736 Λέοντος
526 5674 553 5725 6
581 5674 822 5737 όπίσθιος
866 5674 998 5737 ποῦς
1039 5674 1131 5727 καὶ
1171 5677 1199 5727 6
1240 5676 1293 5726 6v
1320 5677 1429 5737 τοῖς
1461 5673 1723 5737 ὀπισθίοις

1819 4781 1915 4820 cus
1956 4766 2024 4819 ab
2060 4765 2257 4820 Arietis
2286 4764 2356 4817 27
2380 4764 2553 4819 media
2584 4763 2653 4824 ad.
2683 4760 2845 4815 Tauri
2888 4761 2953 4815 14
2980 4778 2993 4826 ;
3038 4759 3296 4813 culminat
3328 4771 3358 4809 a

1818 4865 1969 4929 parte
1993 4857 2186 4911 Cancri
2207 4858 2275 4911 50
2306 4856 2369 4909 ad
2410 4853 2606 4908 Leonis
2642 4853 2730 4906 2L
2759 4851 2937 4906 Prima
2961 4849 3154 4905 occidit
3183 4846 3357 4911 stella,

1818 4964 1937 5018 qua}
1991 4957 2074 5003 est
2113 4947 2167 5000 in
2217 4946 2579 5000 anterioribus
2630 4942 2891 5012 pedibus;
2937 4941 3124 4994 ultima
3157 4953 3276 5008 quae
3304 4939 3357 4991 in

1818 5047 2152 5094 extremitate
2215 5037 2417 5091 caudae.
2471 5034 2513 5088 E
2563 5034 2733 5090 stellis
2790 5033 3014 5102 reliquis
3063 5031 3360 5085 culminant

1818 5131 1992 5191 initio,
2022 5131 2077 5183 in
2108 5126 2257 5183 Ursa:
2283 5127 2564 5190 laterculo,
2586 5140 2705 5195 quae
2731 5125 2784 5177 in
2812 5118 3052 5177 humeris
3081 5122 3223 5175 illius
3252 5127 3356 5179 est,

1821 5230 1875 5276 et
1913 5236 2031 5289 quae
2074 5220 2129 5273 in
2170 5226 2414 5273 extrema
2446 5219 2617 5273 cauda
2644 5214 2918 5276 Draconis,
2950 5214 3075 5267 item
3108 5226 3200 5265 cor
3228 5209 3359 5261 Leo-

1820 5311 1925 5377 nis,
1956 5319 2007 5364 et
2035 5325 2236 5375 earum,
2266 5326 2384 5379 qua:
2412 5310 2465 5363 in
2494 5307 2653 5361 Navis
2680 5305 3038 5362 abscissione.
3071 5299 3357 5359 borealior,

1821 5402 2036 5471 paulum
2075 5400 2400 5455 antecedens
2439 5398 2828 5461 meridianum;
2870 5401 3139 5463 postremo
3167 5388 3359 5442 culmi-

1822 5504 1951 5546 nant
2009 5491 2203 5547 Leonis
2229 5509 2323 5561 pes
2345 5490 2607 5561 posterior
2658 5497 2711 5543 et
2735 5503 2853 5559 quae.
2883 5488 2935 5540 in
2972 5480 3360 5555 posterioribus

1824 5583 2070 5636 cruribus
2106 5602 2119 5636 :
2164 5583 2289 5638 item
2336 5579 2721 5636 australissima
2762 5592 2943 5632 earum
2985 5588 3104 5642 quae
3142 5577 3266 5627 sunt
3306 5569 3377 5639 in‘

1823 5674 1937 5729 basi
1971 5674 2231 5730 Crateris.
2260 5674 2471 5730 Occidit
2499 5671 2675 5742 Lepus
2704 5672 2834 5725 hora
2866 5668 2919 5733 1,
2957 5666 3059 5719 20⁸.

178 5766 409 5827 σκέλεσι,
448 5762 657 5814 καὶτοῦ
694 5763 977 5834 Κρατῆρος
1020 5766 1046 5819 6
1082 5762 1394 5828 νοτιὼτατος
1423 5764 1528 5818 τῶν
1565 5766 1621 5817 ἐν
1656 5766 1719 5834 τῇ
1760 5764 1931 5833 βάσει.
1973 5766 2124 5821 Δύνει
2146 5767 2202 5820 66
2234 5769 2260 5820 6
2292 5766 2512 5834 Λαγωὸς
2546 5765 2600 5817 6v
2632 5762 2747 5833 ὥρᾳ
2783 5760 2874 5813 καὶ
2904 5764 2947 5825 γ’
2984 5757 3154 5829 μέρει.

255 5879 293 5910 ’⁸
330 5894 414 5947 γρ.
458 5876 708 5948 χελωνίῳ.
