4130 6342
106 362 160 425 2!

1007 356 1373 413 IIIPPARCHI
1410 355 1500 412 AD
1539 357 1981 415 PILENOMENA
2020 359 2145 417 LIB.
2186 358 2273 415 Ill.

3130 353 3272 415 “22

106 488 351 555 ούμενος,
403 480 493 535 καὶ
534 480 608 545 ὼς
655 479 789 550 πρὸς
831 468 1191 549 μεσημϐρίαν
1218 478 1463 548 κείμενος
1503 479 1594 531 106
1628 494 1669 547 Α

1718 479 1957 543 ιοηιίιιίε,
1990 490 2043 535 et
2075 468 2257 535 lucida
2291 500 2304 534 :
2341 480 2465 536 item
2507 478 2795 536 australior
2830 476 3263 542 succedentium,

106 594 263 648 1106;,
292 572 429 627 κατά
463 572 623 642 μέσον
661 569 822 623 αὑτοῦ
843 570 912 622 τὸ
946 569 1122 640 σῶμα,
1166 570 1599 640 ἀκατονόμαστος

106 671 125 721 ὶ
157 666 405 739 λαμπρός
424 683 437 695 ·
464 666 557 719 καὶ
601 663 707 716 τῶν
758 663 830 715 ὲνο
848 662 924 731 τῷ
953 662 1339 734 τετραπλεύρῳ
1362 661 1457 715 106
1486 664 1599 732 Κή-

106 778 155 822 δς
182 763 209 812 6
236 755 547 825 νοτιώτερος
577 754 685 808 τῶν
725 752 1031 823 ἑπομένων⁵
1058 752 1153 805 καὶ
1183 753 1282 824 τῆς
1324 751 1603 823 Ἀνδρομέ-

106 873 124 918 ς
170 857 199 907 ὁ
240 852 522 925 ἀριστερὸς
571 849 737 914 ποῦς,
793 848 983 919 μικρὸν
1040 847 1457 919 ὑπολειπόμενος
1494 846 1587 900 τοῦ
1632 865 1696 918 με

106 951 197 1001 καὶ
222 948 263 1000 6'
302 946 474 1016 μέρει.

108 1041 278 1093 Ὂταν
307 1039 362 1091 δὲ
385 1040 413 1090 6
439 1036 588 1091 Λέων
620 1035 903 1107 ἀνατέλλῃ,
935 1033 1308 1087 συνανατέλλει
1334 1035 1429 1104 μὲν
1455 1032 1604 1104 αύτῷ

105 1130 349 1195 ζωδιακὸς
376 1132 483 1184 ἀπὸ
516 1131 791 1200 Καρκίνου
832 1128 943 1199 μοί.
970 1134 1018 1196 η’
1051 1126 1221 1197 μέσης
1246 1127 1350 1189 ’έως
1378 1126 1607 1189 Λέοντος

138 1224 307 1294 μέσης
326 1239 340 1254 ·
378 1224 696 1294 μεσουρανεῖ
720 1221 778 1273 δὲ
805 1220 911 1274 ἀπὸ
943 1217 1160 1288 Ἰχθύων
1188 1224 1236 1270 κ’
1258 1219 1361 1281 ἓως
1394 1217 1606 1288 Ταύρου

106 1322 107 1327 ‘
142 1314 329 1383 μέσης.
364 1314 476 1366 Καὶ
505 1319 551 1365 α’
592 1312 689 1382 μὲν
730 1310 903 1381 ἀστὴρ
941 1308 1215 1363 ἀνατέλλει
1258 1308 1365 1360 τῶν
1409 1310 1501 1361 ἐπὶ
1541 1310 1608 1378 τῇ

110 1408 248 1477 φαλῇ
278 1408 307 1459 6
359 1406 692 1477 βορειότερος
741 1404 849 1457 τῶν
892 1404 1230 1474 ἡγουμένων,
1277 1401 1499 1473 ἔσχατος
1549 1401 1605 1454 δὲ

106 1520 146 1553 ›ν
174 1503 231 1553 ἐν
253 1502 365 1562 τοῖς
389 1498 653 1561 ὀπισθίοις
679 1498 824 1551 ποσί.
858 1499 1199 1568 Μεσουρανεῖ
1223 1496 1278 1549 δὲ
1302 1496 1407 1549 τῶν
1435 1494 1609 1550 ἄλλων

105 1593 288 1663 τέρων
344 1589 391 1644 α’
447 1590 546 1660 μὲν
601 1590 699 1659 τῆς
749 1606 807 1641 τε
857 1588 1212 1658 Ἀνδρομέδας
1265 1589 1294 1640 6
1346 1588 1610 1657 ἑπόμενος
1684 1636 1687 1640 .

106 1705 147 1736 ›ν
172 1687 230 1737 ὲν
264 1686 329 1755 τῇ
359 1680 525 1752 ζώνῃ,
556 1682 646 1734 καὶ
672 1680 766 1733 106
813 1681 869 1732 ὲν
902 1679 979 1749 τῷ
1008 1680 1178 1750 Κήτει
1206 1677 1607 1750 τετραπλεύρου

115 1773 443 1846 βορειότερος
493 1772 603 1824 τῶν
661 1770 969 1841 ἑπομένων·
1013 1770 1235 1839 ἔσχατος
1287 1769 1342 1822 δὲ
1395 1768 1503 1822 τῶν
1550 1786 1607 1820 τε

1643 1812 1683 1867 Β

1704 590 1824 643 qua:
1852 575 1906 628 in
1936 575 2200 630 laterculo
2246 574 2407 631 Ceti:
2457 589 2559 630 nec
2595 590 2705 631 non
2750 588 2845 644 pes
2887 572 3111 628 sinister
3157 571 3269 624 An-

1704 665 1989 732 dromedaej
2017 666 2297 736 paululum
2327 667 2462 721 citra
2503 667 2862 722 meridianum
2893 665 3048 721 situs.
3081 662 3270 719 Oritur

1705 753 1916 809 Cancer
1944 756 2079 810 hora
2109 756 2162 819 1,
2188 764 2241 810 et
2265 754 2335 809 24
2362 764 2538 826 parte.

1704 850 2022 921 σημδρινοῦ.
2068 850 2367 904 Ἀνατέλλει
2398 851 2456 904 δὲ
2490 853 2518 903 6
2546 850 2818 923 Καρκίνος
2839 850 2898 903 ὲν
2923 847 3040 923 ὥρᾳ
3068 844 3137 914 ι’,
3176 847 3270 901 καὶ

1771 1031 1904 1086 Cum
1932 1031 2113 1089 Leone
2154 1034 2473 1089 conscendit
2505 1033 2760 1089 zodiacus
2809 1050 2840 1088 a
2885 1033 3085 1089 Cancri
3117 1041 3271 1105 parte

1710 1122 1744 1177 8
1799 1124 1978 1179 media
2023 1125 2089 1179 ad
2125 1125 2323 1181 Leonis
2367 1126 2433 1181 i9
2482 1128 2760 1191 mediam;
2807 1127 3069 1181 culminat
3108 1142 3139 1180 a
3181 1125 3273 1180 Pi-

1706 1214 1881 1270 scium
1924 1215 1995 1270 20
2026 1214 2093 1269 ad
2140 1214 2305 1271 Tauri
2337 1216 2403 1269 i2
2440 1216 2693 1271 mediam.
2747 1216 2900 1271 Prior
2946 1218 3103 1271 stella
3140 1232 3273 1271 cen-

1708 1308 1881 1375 surgit
1916 1307 2369 1376 antecedentium,
2401 1323 2523 1379 quae
2575 1315 2704 1363 sunt
2756 1308 2807 1363 in
2849 1308 3049 1378 capite,
3086 1307 3273 1362 borea-

1710 1399 1844 1463 lior;
1874 1408 2150 1468 postrema
2179 1416 2308 1457 vero
2339 1416 2525 1457 earum
2550 1417 2670 1472 qua:
2703 1409 2831 1456 sunt
2864 1401 2918 1455 in
2953 1400 3273 1471 posteriori—

1708 1490 1811 1546 bus
1834 1492 2062 1560 pedibus
2094 1532 2107 1545 .
2146 1532 2161 1547 .
2198 1536 2210 1547 .
2252 1535 2267 1548 .
2301 1493 2379 1549 Ex
2417 1494 2541 1551 aliis
2571 1494 2745 1549 stellis
2772 1474 3037 1549 culminat
3092 1494 3272 1566 prima

1711 1584 2012 1640 succedens
2052 1599 2264 1653 carum,
2300 1602 2419 1658 quae
2460 1595 2590 1643 sunt
2616 1590 2669 1642 in
2709 1586 3066 1643 Andromedae
3098 1601 3270 1651 zona,

1711 1683 1766 1729 et
1799 1676 2068 1731 borealior
2099 1677 2504 1733 succedentium
2537 1680 2592 1733 in
2623 1680 2740 1736 Ceti
2763 1678 3056 1746 laterculo;
3082 1678 3273 1732 ultima

1711 1782 1861 1830 vero,
1910 1767 2247 1823 lucidissima
2299 1766 2657 1834 Sucularnm,
2706 1778 2754 1825 el
2794 1785 2913 1841 qua
2954 1770 3009 1823 in
3059 1769 3273 1839 Aurigae

106 1866 259 1942 ’ἀδων
304 1867 331 1918 6
362 1863 767 1934 λαμπρότατος·
804 1862 897 1915 καὶ
934 1861 1025 1914 τοῦ
1068 1861 1307 1931 Ἠνιόχου
1364 1862 1391 1913 ὁ
1434 1864 1491 1914 ὲν
1528 1860 1606 1931 τῷ
1643 1855 1681 1867 ”

1718 1857 1924 1911 sinistri
1969 1857 2137 1912 cubiti
2165 1855 2347 1921 ﬂexu,"
2374 1858 2532 1929 quasi
2573 1859 2894 1914 semicubito
2926 1860 3062 1914 citra
3111 1858 3275 1914 meri-

106 1955 317 2026 διστερῷ
359 1954 587 2022 ἀγκῶνι,
622 1954 696 2016 ὥς
740 1954 1033 2024 ἡμιπήχιον
1068 1952 1489 2023 ὑπολειπόμενος
1519 1951 1611 2005 106

106 2046 437 2119 ισημϐρινοῦ.
474 2045 774 2100 Ἀνατέλλει
810 2047 864 2099 δὲ
896 2049 922 2099 ὁ
952 2045 1102 2100 Λέων
1135 2045 1192 2099 ἐν
1226 2044 1395 2117 ὥραις
1439 2052 1486 2113 γ’
1520 2045 1614 2098 καὶ

123 2140 294 2209 μέρει.

114 2232 227 2302 Τῆς
252 2231 307 2284 δὲ
341 2210 615 2301 Παρθένου
657 2227 1068 2298 ἀνατελλούσης,
1105 2229 1483 2283 συνανατέλλει
1515 2228 1616 2300 μὲν

106 2324 187 2392 ιτῇ
216 2324 244 2373 6
266 2319 525 2385 ζωδιακὸς
554 2319 666 2373 ἀπὸ
702 2319 925 2379 Λέοντος
960 2318 1069 2387 μοί.
1104 2317 1148 2386 β’
1178 2320 1270 2372 καὶ
1298 2325 1345 2371 κ’
1374 2319 1478 2383 ἓως
1506 2321 1618 2391 Χη-

106 2413 153 2463 iv
183 2419 263 2481 η’·
292 2412 613 2482 μεσουρανεῖ
637 2410 691 2462 δὲ
718 2409 824 2461 ἀπὸ
850 2408 1060 2479 Ταύρου
1092 2410 1200 2479 μοί.
1228 2416 1284 2462 ιε’
1320 2410 1488 2480 μέσης
1515 2411 1620 2475 ἕως

106 2505 321 2575 αρκίνου
355 2503 419 2556 θ’.
454 2502 565 2554 Καὶ
602 2508 647 2553 α’
683 2500 779 2571 μὲν
810 2500 985 2569 ἀστὴρ
1012 2500 1289 2553 ἀνατέλλει
1329 2501 1436 2554 τῶν
1468 2503 1525 2554 ὲν
1549 2504 1615 2572 τῇ

106 2596 254 2667 ;φαλῇ
287 2597 316 2648 6
351 2593 683 2667 βορειότερος
729 2591 822 2644 τοῦ
870 2590 1193 2663 ἡγουμένου,
1239 2592 1463 2662 ἔσχατος
1500 2592 1557 2644 δὲ
1588 2593 1618 2644 6

106 2709 108 2721 ν
142 2688 217 2755 τῷ
245 2685 399 2756 δεξιῷ
432 2685 571 2739 ποδί,
604 2685 942 2756 Μεσουρανεῖ
981 2683 1037 2736 δὲ
1078 2682 1185 2737 τῶν
1227 2683 1401 2737 ἄλλων
1430 2690 1479 2736 α’
1520 2683 1617 2753 μὲν

106 2780 143 2832 »ὖ
177 2780 419 2849 Ἡνιόχου
454 2780 483 2832 6
522 2776 613 2829 ἐπὶ
662 2775 757 2828 τοῦ
806 2774 1095 2846 ἀριστεροῦ
1149 2773 1299 2845 ὥμου
1347 2774 1616 2845 λαμπρὸς,

106 2887 278 2939 τχατος
306 2869 362 2921 δὲ
382 2868 478 2937 τῆς
502 2884 561 2919 τε
605 2863 831 2935 ’Λργοῦς
859 2866 886 2916 ὁ
922 2867 979 2917 ὲν
1020 2865 1097 2935 τῷ
1121 2864 1453 2935 ἀκροστολίῳ
1480 2863 1610 2935 λαμ-

106 2964 185 3033 pr};
205 2980 217 2991 ο
259 2962 351 3015 καὶ
385 2958 479 3012 106
508 2958 709 3028 ’Ὑδρου
741 2959 769 3008 6
801 2956 1135 3027 βορειότερος
1175 2955 1283 3009 τῶν
1315 2957 1372 3009 ὲν
1402 2945 1479 3026 τῷ
1521 2956 1617 3026 χά-

106 3072 239 3120 ιατι,
273 3051 687 3122 ὑπολειπόμενος
736 3048 829 3102 106
880 3048 1249 3120 μεσημϐρινοῦ
1289 3048 1364 3112 ὡς
1406 3049 1615 3120 ήμιπή-
1665 3126 1674 3134 .

106 3163 186 3198 ον.
236 3143 538 3197 ’Λνιτέλλει
565 3142 622 3195 δὲ
657 3144 691 3214 ἡ
734 3141 1008 3213 Παρθένος
1032 3144 1088 3195 ὲν
1114 3142 1282 3214 ὥραις
1306 3149 1353 3212 γ’
1378 3142 1471 3195 καὶ
1500 3142 1619 3196 τέσ-
1646 3141 1689 3201 C

106 3255 214 3308 ιρσι
241 3254 465 3306 πεμπτη
476 3235 699 3307 μορίοις.

125 3331 197 3382 8'.
230 3329 399 3381 Ὅταν
443 3328 498 3381 δὲ
534 3328 589 3379 αἱ
624 3325 799 3395 Χηλαὶ
847 3324 1203 3391 ἀνατέλλωσι,
1251 3325 1620 3379 συνανατέλλει

106 3420 157 3471 ὲν
208 3419 398 3480 αὐταῖς
439 3416 468 3467 6
525 3412 785 3477 ζωδιακὸς
846 3413 952 3466 ἀπὸ
1001 3413 1194 3483 Χηλῶν
1240 3416 1349 3485 μοί.
1404 3413 1475 3480 ις’
1517 3415 1623 3478 ἕως

106 3485 325 3579 κορπίου
360 3506 469 3577 μοί.
507 3510 606 3570 ις”
638 3506 961 3575 μεσουρανεῖ
1001 3503 1060 3557 δὲ
1106 3504 1213 3556 ἀπὸ
1250 3505 1523 3576 Καρκίνου
1555 3510 1620 3575 ιη’

106 3619 160 3663 υς
186 3599 414 3660 Λέοντος
446 3603 532 3650 ια’.
562 3596 669 3648 Καὶ
690 3594 738 3648 α’
763 3596 859 3666 μὲν
888 3595 1058 3665 ἀστὴρ
1083 3595 1360 3649 ἀνατέλλει
1392 3598 1420 3649 6
1442 3595 1625 3651 νοτιώ-

105 3710 212 3762 ερος
236 3690 344 3744 τῶν
386 3690 444 3743 ἐν
473 3688 667 3759 ἄκραις
712 3691 829 3750 ταῖς
860 3687 1065 3759 Χηλαῖς
1099 3688 1369 3760 λαμπρὸς,
1401 3688 1625 3759 ἔσχατος

106 3802 113 3834 ε
146 3786 173 3836 6
205 3781 524 3844 νοτιώταττος
569 3774 677 3833 τῶν
714 3782 772 3833 ἐν
817 3779 895 3850 τῷ
924 3779 1159 3851 μετώπῳ
1201 3781 1293 3834 106
1331 3782 1623 3853 Σκορπίου.

105 3876 395 3944 ίεσουρανεῖ
425 3872 481 3925 δὲ
506 3870 613 3924 τῶν
644 3870 818 3925 ἄλλων
856 3870 1099 3941 ἀστέρων
1125 3878 1173 3926 α’
1208 3872 1307 3943 μὲν
1336 3872 1444 3927 τῶν
1472 3876 1529 3929 ὲν
1559 3878 1625 3947 τῇ

105 3967 269 4037 εφαλῇ
301 3964 397 4018 106
448 3964 671 4025 Λέοντος
719 3964 747 4015 6
788 3962 1102 4035 νοτιώτερος
1140 3964 1248 4018 τῶν
1288 3966 1623 4037 ἡγουμένων,

106 4056 158 4110 αὶ
180 4056 279 4126 τῆς
313 4053 540 4125 ’Δργοῦς
561 4054 591 4105 6
613 4053 944 4125 βορειότερος
964 4053 1069 4105 τῶν
1098 4056 1153 4107 ὲν
1178 4055 1325 4125 μέσῳ
1358 4056 1434 4126 τῷ
1460 4057 1588 4129 ἱστῷ
1609 4076 1622 4089 ο

106 4162 285 4215 ςχατος
314 4144 371 4197 δὲ
404 4142 496 4196 106
522 4141 749 4204 Λέοντος
768 4142 796 4193 ὁ
822 4140 1086 4219 ἑπόμενος
1110 4128 1226 4193 ’τῶν
1257 4143 1314 4193 ὲν
1363 4142 1439 4212 τῷ
1475 4128 1629 4215 νώτῳ

105 4240 395 4310 ’ἁστέρων.
441 4234 812 4289 Ἀνατέλλουσι
834 4232 891 4286 δὲ
923 4235 979 4286 αἱ
1015 4233 1189 4304 Χηλαὶ
1225 4237 1282 4289 έν
1316 4234 1435 4308 ὥρᾳ
1461 4237 1508 4290 α’
1535 4240 1628 4293 καὶ

106 4336 115 4355 ’
156 4346 221 4381 πε
230 4346 379 4400 μπτη
389 4326 615 4398 μορίοις.
844 4376 851 4392 ι
1350 4328 1355 4343 "

138 4376 267 4470 116.6"
700 4376 1093 4481 ἀνατέλλοντος,
1120 4417 1492 4472 συνανατέλλει
1533 4420 1629 4490 μὲν
1682 4403 1690 4410 ’

1713 1949 1937 2005 dianum
1970 1950 2168 2021 posita.
2198 1950 2384 2015 Oritur
2408 1947 2518 2004 Leo
2553 1948 2702 2005 horis
2731 1949 2786 2015 5,
2820 1950 2919 2029 15'.

1787 2229 1922 2285 Cum
1954 2228 2180 2301 Virgine
2200 2230 2409 2286 zodiaci
2440 2246 2569 2315 pars
2599 2232 2794 2298 oritur,
2826 2247 2947 2303 quae
2966 2240 3051 2315 est
3078 2248 3107 2287 a
3134 2232 3274 2289 Leo-

1717 2324 1803 2378 nis
1849 2321 1920 2375 22
1962 2322 2029 2377 ad
2076 2321 2253 2378 Libra
2295 2323 2357 2388 8;
2400 2310 2747 2379 culminat/a
2792 2324 2968 2379 media
3015 2310 3167 2395 parte
3209 2326 3277 2381 i5

1720 2411 1887 2465 Tauri
1921 2412 1988 2467 ad
2035 2412 2069 2467 9
2116 2412 2333 2469 Cancri.
2373 2411 2553 2468 Prima
2602 2414 2778 2469 oritur
2826 2430 3035 2481 earum,
3062 2432 3182 2487 qua:
3219 2418 3277 2473 in

1717 2503 1895 2572 capite
1920 2514 2065 2567 sunt,
2111 2505 2461 2560 antecedente
2500 2490 2800 2571 borealior;
2830 2514 3125 2577 postrema,
3156 2524 3279 2580 quae

1717 2600 1800 2645 est
1838 2592 1894 2645 in
1931 2590 2123 2648 dextro
2152 2593 2305 2663 pede.
2338 2592 2615 2648 Culminat
2647 2604 2961 2650 czeterarum
2986 2596 3155 2666 prior,
3191 2600 3276 2653 lu-

1718 2683 1861 2745 cida,
1890 2698 2012 2753 quae
2033 2685 2087 2737 in
2118 2683 2345 2739 sinistro
2369 2684 2598 2740 humero
2625 2694 2709 2742 est
2736 2686 2969 2758 Aurigae.
2998 2687 3277 2744 Postrema

1726 2789 1876 2841 vero,
1912 2774 2111 2841 lucida,
2141 2780 2263 2846 quae
2285 2784 2370 2830 est
2399 2775 2455 2830 in
2486 2778 2829 2833 extremitate
2854 2777 3059 2847 Navis;
3098 2786 3152 2834 et
3183 2779 3280 2834 bo-

1717 2866 1917 2922 realior
1944 2881 2156 2933 earum,
2193 2882 2316 2938 quae
2347 2868 2403 2922 in
2445 2869 2589 2923 rictu
2608 2876 2747 2924 sunt
2774 2868 2965 2940 Hydri,
2999 2870 3280 2940 quasi-sc-

1718 2959 1981 3013 niicubito
2008 2959 2146 3015 citra
2189 2961 2553 3031 meridianum
2601 2963 2724 3019 sita.
2767 2962 2955 3019 Oritur
2978 2961 3144 3037 Virgo
3176 2964 3279 3020 bo-

1717 3051 1794 3105 ris
1821 3048 1873 3114 5,
1905 3051 2009 3106 68'.

1698 3306 1732 3359 ι’
1790 3314 1880 3369 ΙΧ.
1919 3316 2147 3383 Quando
2177 3290 2359 3376 Chelaa
2408 3319 2682 3385 oriuntur,
2730 3320 2988 3374 cum'his
3036 3300 3282 3378 ascendit

1722 3406 1977 3463 zodiacus
2005 3423 2035 3462 a
2067 3408 2361 3465 Chelarum
2401 3419 2556 3480 parte
2581 3408 2647 3463 16
2676 3409 2745 3463 ad
2794 3408 3007 3481 Scorpii
3034 3410 3131 3477 16;
3166 3415 3283 3468 cul-

1722 3501 1891 3555 minat
1937 3516 1967 3555 a
2005 3501 2204 3557 Cancri
2240 3502 2328 3567 18,
2378 3502 2445 3556 ad
2492 3501 2689 3557 Leonis
2712 3504 2811 3573 ‘H.
2861 3502 3016 3558 Prior
3057 3505 3282 3576 emergit

1722 3595 2016 3651 australior
2045 3603 2097 3649 et
2135 3593 2313 3649 lucida
2345 3609 2556 3660 earum,
2601 3610 2724 3664 qua:
2770 3595 2825 3650 in
2856 3597 3119 3653 extremis
3154 3607 3284 3653 sunt

1723 3685 1941 3754 Chelis;
1979 3686 2171 3741 ultima
2200 3700 2330 3741 vero
2370 3701 2559 3742 earum
2588 3694 2710 3758 quze‘
2747 3688 2802 3741 in
2847 3687 3025 3745 fronte
3070 3687 3283 3762 Scorpii

1726 3787 1875 3842 sunt,
1922 3779 2234 3833 australior.
2292 3778 2620 3833 Caeterarutn
2664 3778 2838 3849 prima
2877 3780 3141 3835 culminat
3186 3796 3286 3835 au-

1726 3870 1948 3927 stralior
1976 3868 2413 3923 antecedentium
2443 3881 2627 3921 earum
2662 3882 2785 3938 quae
2824 3879 2954 3925 sunt
2994 3871 3049 3925 in
3086 3862 3285 3929 Leonis

1727 3962 1933 4031 capite;
1964 3966 2018 4014 et
2050 3958 2323 4014 borealior
2350 3972 2539 4013 earum
2572 3972 2690 4027 qua:
2719 3967 2847 4015 sunt
2872 3960 2927 4015 in
2961 3962 3141 4032 Argus
3171 3979 3287 4019 me-

1727 4053 1818 4108 dio
1851 4050 2038 4117 malo;
2090 4058 2387 4122 postrema,
2437 4067 2557 4121 quae
2601 4053 2657 4107 in
2707 4051 2903 4108 Leonis
2938 4052 3104 4109 dorso
3134 4063 3284 4119 sunt,

1728 4143 1959 4199 duarum
2023 4141 2304 4198 stellarum
2376 4142 2739 4214 subsequens.
2776 4141 3058 4200 ‘Oriuntur
3105 4144 3287 4201 Chela:

1728 4236 1863 4291 hora
1894 4237 1946 4302 1,
1972 4234 2075 4291 56'.

1800 4416 1938 4472 Cum
1966 4414 2193 4485 Scorpio
2234 4413 2493 4470 zodiacus
2590 4425 2743 4485 parte
2774 4416 2807 4470 5
2836 4416 3048 4487 Scorpii
3083 4417 3151 4472 ad
3184 4416 3285 4472 Sa-

109 4507 212 4579 ύέῷ
251 4511 279 4561 6
317 4507 575 4573 ζωδιακὸς
606 4506 711 4559 ἀπὸ
741 4506 1009 4575 Σκορπίου
1045 4509 1152 4578 μοί.
1185 4516 1233 4577 γ’
1268 4510 1371 4574 ἓως
1404 4511 1629 4575 Τοξότου
1661 4518 1687 4573 Ῑ

1734 4510 1937 4581 gittarii
1963 4509 1996 4562 9
2027 4506 2310 4573 ascendit;
2342 4508 2605 4562 culminat
2636 4523 2665 4561 a
2705 4507 2901 4563 Leonis
2941 4509 2974 4563 8
3008 4507 3184 4565 media
3218 4511 3286 4566 ad

106 4609 145 4630 "
182 4602 499 4672 μεσουρανεῖ
544 4600 599 4652 δὲ
645 4600 751 4653 ἀπὸ
795 4598 1018 4675 Λέοντος
1066 4603 1187 4669 μοί.¹
1223 4610 1270 4673 η’
1317 4604 1489 4673 μέσης
1528 4605 1629 4669 ἕως

105 4693 341 4764 [αρθένου
368 4701 451 4757 κγ’
489 4690 677 4761 μέσης.
716 4688 824 4743 Καὶ
864 4696 910 4742 α’
947 4690 1043 4758 μὲν
1080 4691 1255 4763 ἀστὴρ
1299 4694 1570 4747 ἀνατέλλει
1603 4697 1631 4747 6

109 4785 404 4855 ορειὸτατος
426 4783 534 4836 τῶν
556 4784 613 4836 ὲν
641 4782 717 4853 τῷ
741 4781 992 4851 μετώπῳ,
1020 4780 1242 4851 ἔσχατος
1268 4783 1323 4837 δὲ
1352 4788 1379 4838 ὁ
1403 4792 1450 4854 γ’
1474 4786 1631 4855 σφόν-

107 4881 221 4942 υλος
256 4880 362 4932 ἀπὸ
401 4876 493 4930 106
516 4879 572 4929 ἐν
604 4875 682 4945 τῷ
717 4876 1011 4949 Κενταύρῳ
1036 4874 1453 4947 ἀριθμούμενος,
1494 4886 1546 4944 ς’
1574 4879 1629 4932 δὲ

106 4991 146 5023 ›ν
168 4972 270 5025 τῶν
305 4969 441 5041 μετά
469 4969 591 5030 τοὺς
635 4969 691 5018 ὲν
720 4966 796 5036 τῷ
825 4966 1025 5037 στήθει.
1072 4969 1408 5039 Μεσουρανεῖ
1436 4970 1492 5023 δὲ
1523 4971 1628 5023 τῶν

105 5064 243 5116 ιλλων
295 5060 507 5133 πρῶτος
543 5059 638 5129 μὲν
678 5059 776 5129 τῆς
820 5059 1058 5129 μεγάλης
1100 5060 1330 5129 Ἄρκτου
1389 5064 1417 5114 6
1453 5063 1511 5113 ὲν
1553 5061 1630 5133 τῷ

106 5155 259 5222 ςτήθει
281 5153 548 5224 λαμπρὸς,
587 5152 677 5203 καὶ
708 5150 800 5203 106
834 5151 1031 5221 ’Ύδρου
1058 5150 1164 5203 τῶν
1202 5151 1338 5221 μετά
1374 5152 1465 5205 τὸν
1495 5153 1632 5225 λαμ-

106 5244 337 5307 πρότατον
364 5243 402 5295 6'
425 5242 530 5294 τῶν
558 5241 662 5311 πρὸ
692 5239 782 5292 τοῦ
815 5240 1098 5310 Κρατῆρος
1129 5242 1157 5293 6
1181 5239 1227 5307 γ’
1254 5241 1360 5295 ἀπὸ
1392 5243 1593 5307 δύσεως
1613 5260 1625 5272 ·

112 5349 295 5400 σχατος
323 5331 379 5383 δὲ
406 5332 434 5384 6
459 5348 518 5384 τε
552 5331 775 5400 Στάχυς,
825 5329 918 5381 καὶ
967 5328 1058 5381 106
1100 5331 1410 5402 Κενταύρου
1445 5336 1473 5386 6
1511 5335 1630 5404 ἀρι-

105 5423 262 5491 πτερὸς
298 5416 478 5492 ὦμος,
518 5421 594 5484 ὡς
633 5420 931 5491 ἡμιπήχιον
965 5422 1368 5492 προηγούμενος
1408 5425 1500 5477 τοῦ
1538 5444 1633 5496 με-

105 5511 396 5584 τημϐρινοῦ.
441 5511 738 5564 Ἀνατέλλει
778 5511 837 5563 δὲ
885 5510 914 5561 6
960 5511 1221 5581 Σκορπίος
1265 5514 1321 5564 ὲν
1365 5512 1535 5584 ὥραις
1585 5521 1629 5583 γ’

106 5605 386 5666 λειπούσαις
424 5608 454 5656 ι’
487 5601 658 5672 μέρει.
759 5627 763 5631 ·

152 5694 252 5748 Τοῦ
300 5695 356 5747 δὲ
397 5694 622 5759 Τοξότου
670 5695 1063 5758 ἀνατέλλοντος,
1108 5694 1480 5749 συνανατέλλει
1533 5694 1630 5763 μὲν

106 5785 291 5856 ιύτῷδὸ
338 5784 595 5850 ζωδιακὸς
641 5786 1009 5871 ἀπὸϊΤοξὸτου
1058 5786 1165 5855 μοί.
1214 5794 1263 5851 ς’
1322 5787 1489 5856 μέσης
1526 5786 1628 5847 ἕως

1732 4601 1964 4656 mediam
1988 4599 2058 4653 23
2088 4597 2354 4669 Virginis.
2386 4599 2573 4655 Oritur
2595 4601 2769 4670 prima
2794 4599 3029 4657 borealis
3053 4602 3289 4659 maxime

1732 4692 1786 4746 in
1819 4691 1994 4745 fronte
2037 4683 2373 4759 positarum;
2424 4690 2717 4745 novissime
2748 4705 2877 4745 vero
2912 4693 3072 4746 tertia
3109 4700 3288 4761 verte-

1730 4782 1829 4837 bra
1854 4782 1921 4836 ab
1949 4796 2035 4845 ea,
2072 4795 2192 4849 quae
2233 4790 2317 4834 est
2348 4781 2401 4834 in
2432 4779 2725 4842 Centauro,
2770 4790 3090 4849 numerata;
3135 4792 3287 4837 sexta

1731 4888 1896 4944 porro
1929 4873 1995 4926 ah
2028 4872 2116 4936 iis,
2150 4887 2271 4942 qua:
2306 4881 2433 4927 sunt
2465 4871 2521 4924 in
2550 4878 2790 4939 pectore.
2822 4871 3097 4925 Culminat
3126 4880 3289 4927 caete-

1731 4982 1915 5021 rarum
1961 4964 2129 5034 prior,
2175 4963 2353 5018 lucida
2392 4977 2512 5032 qua:
2560 4969 2646 5017 est
2690 4964 2745 5016 in
2795 4970 3015 5031 pectore
3063 4965 3289 5034 majoris

1694 5082 1705 5089 τ
1732 5058 1915 5126 Ursze;
1942 5066 1997 5114 et
2026 5060 2082 5113 in
2110 5058 2294 5130 Hydro
2317 5064 2553 5126 quatuor
2584 5071 2614 5109 a
2650 5055 2987 5109 lucidissima
3011 5065 3138 5113 ante
3158 5056 3289 5111 Cra-

1731 5156 1900 5202 terem
1916 5149 2146 5202 sitarum
2169 5147 2237 5201 ab
2252 5144 2533 5200 occidente
2552 5146 2714 5200 tertia
2737 5162 2751 5209 ;
2776 5145 3071 5201 novissime
3090 5146 3250 5216 Spica
3270 5190 3285 5212 ,

1730 5250 1785 5295 et
1821 5240 2080 5295 Centauri
2128 5239 2352 5295 sinister
2398 5239 2680 5301 humerus,
2724 5239 2883 5307 quasi
2930 5239 3286 5294 semicubitali

1732 5333 1908 5402 spatio
1940 5332 2300 5387 meridianum
2326 5330 2657 5400 praecedens.
2691 5326 2878 5383 Oritur
2908 5328 3170 5398 Scorpius
3191 5329 3289 5382 ho-

1732 5428 1807 5482 ris
1837 5427 1889 5491 5,
1922 5425 2159 5496 demptis
2188 5422 2222 5478 6
2252 5422 2545 5491 scrupulis.

1801 5689 1936 5743 Cum
1969 5687 2295 5759 Sagittarius
2327 5685 2525 5760 oritur,
2554 5682 2803 5739 ascendit
2844 5696 2965 5736 cum
3010 5695 3076 5736 eo
3106 5681 3289 5736 zodia-

1732 5798 1830 5835 rus
1860 5798 1889 5837 ιι
1929 5791 2083 5840 parte
2120 5781 2153 5836 6
2182 5780 2462 5850 Sagittarii
2494 5777 2672 5835 media
2722 5776 2791 5833 ad
2833 5774 3151 5847 Capricorni
3188 5774 3284 5842 18,

3334 5927 3373 5964 Ι
