4130 6342
89 394 120 446 1
144 394 240 450 1Ωὸ

1038 385 1401 444 IllPPARCHl
1435 387 1525 440 AD
1561 387 2006 443 ΡΗΛΞΝΟΜΕΝΑ
2036 386 2161 442 LIB.
2195 385 2289 473 Ill.

3153 387 3175 439 1
3192 385 3290 447 ἰεῦ

79 507 199 558 τῶν
218 506 277 556 ὲν
297 504 374 573 τῷ
395 502 691 572 ζυγὼματι,
719 499 811 552 καὶ
838 498 929 551 τοῦ
954 499 1177 565 Τοξότου
1203 499 1231 549 6
1257 499 1514 568 ἑπόμενος
1536 500 1642 549 τῶν

1746 516 1931 554 carum
1965 514 2082 569 qua:
2108 508 2235 553 sunt
2276 499 2329 551 in
2361 505 2512 566 tergo
2543 494 2835 565 Sagittarii,
2875 496 3084 552 duabus
3118 500 3288 558 cubiti

82 597 151 647 ἐν
173 594 254 665 τῷ
275 593 443 663 νώτῳ,
474 593 549 654 ὼς
586 590 627 661 β’
666 589 803 662 μέρη
844 591 1058 660 πήχεως
1099 590 1499 660 προηγούμενος
1550 590 1641 641 τοῦ

87 686 496 758 μεσημϐρινοῦ’
542 683 764 752 ἔσχατος
804 680 857 732 δὲ
890 684 1205 751 μεσουρανεϊ
1243 680 1334 737 τοῦ
1373 698 1431 732 τε
1466 680 1645 750 ‘i‘b‘po-

83 781 221 847 χὸου
264 782 293 831 6
319 779 575 846 ἑπόμενος
599 773 704 826 τῶν
744 774 801 825 ὲν
840 775 904 841 τῇ
947 772 1206 841 ἀριστερᾷ
1238 771 1396 841 χειρὶ,
1427 770 1517 823 καὶ
1551 770 1643 822 τοῦ

84 867 375 937 Αίγόκερω
398 869 424 918 6
454 867 510 917 ὲν
536 863 613 932 τῷ
644 862 846 931 στήθει,
869 863 959 913 καὶ
982 860 1073 914 τοῦ
1094 860 1339 927 Δελφῖνος
1362 863 1389 911 6
1415 861 1645 930 ἡγούμε-

80 976 185 1020 νος
238 958 343 1012 τῶν
380 958 435 1008 ἐν
467 958 529 1025 τῇ
571 955 727 1025 οὐρᾷ.
766 952 1059 1007 Ἀνατέλλει
1098 952 1154 1005 δὲ
1186 952 1213 1003 6
1245 952 1409 1020 Κριὸς
1440 955 1495 1004 ἐν
1530 952 1646 1025 ὥρᾳ.

80 1046 137 1099 α’
176 1065 263 1099 κει.
295 1047 409 1099 δυσὶ
434 1044 879 1115 πεμπτημορίοις.

165 1139 273 1191 Τοῦ
313 1139 367 1189 δὲ
416 1137 625 1207 Ταύρου
672 1138 1063 1200 ἀνατέλλοντος,
1115 1139 1487 1191 συνανατέλλει
1550 1140 1645 1206 μὲν

79 1227 241 1298 αὑτῴ
278 1231 305 1281 6
336 1228 590 1291 ζωδιακὸς
636 1228 741 1281 ἀπὸ
791 1228 1000 1299 Ταύρου
1056 1229 1163 1298 μοί.
1209 1229 1253 1293 ζ’
1290 1230 1392 1293 ἓως
1436 1228 1644 1297 Ταύρου

84 1322 212 1391 μοί.
239 1321 281 1372 θ’
312 1321 402 1373 καὶ
447 1328 492 1374 κ’
510 1337 524 1352 ’
557 1322 871 1390 μεσουρανεῖ
912 1320 966 1373 δὲ
1003 1320 1107 1373 ἀπὸ
1134 1320 1501 1391 Αἰγοκέρωτος
1536 1320 1641 1389 μοί.

85 1413 137 1482 β’
165 1412 261 1465 καὶ
286 1418 330 1464 κ’
362 1411 527 1482 μέσης
564 1411 666 1473 ἕως
702 1411 982 1480 ’Υδροχόου
1013 1410 1076 1465 0'.
1122 1411 1227 1464 Καὶ
1257 1418 1301 1463 α’
1342 1411 1439 1480 μὲν
1477 1412 1678 1494 ἀστὴρ¹

83 1502 371 1555 ἀνατέλλει
393 1504 421 1554 6
446 1502 761 1564 νοτιώτατος
796 1502 904 1553 τῶν
942 1503 998 1554 ἐν
1040 1505 1104 1572 τῇ
1136 1504 1381 1572 ἀποτομῇ
1404 1501 1463 1563 δ’,
1489 1502 1649 1569 ἔσχα-

75 1611 186 1657 ⁴ιός
224 1594 279 1646 δὲ
317 1597 345 1647 6
382 1596 439 1647 ἐν
474 1593 625 1663 ἄκρῳ
664 1593 741 1663 τῷ
776 1592 930 1662 δεξιῷ
976 1594 1180 1662 κέρατι.
1219 1593 1553 1662 Μεσουρανεῖ
1593 1590 1649 1642 δὲ

80 1686 206 1738 τῶν
234 1685 403 1739 ἄλλων
445 1692 491 1739 α’
519 1686 614 1756 μὲν
658 1685 751 1738 τοῦ
796 1685 1037 1753 Ὄρνιθος
1082 1684 1112 1732 6
1158 1685 1213 1735 ὲν
1245 1683 1381 1752 μέσῃ
1421 1685 1485 1749 τῇ
1516 1681 1650 1750 οὐρᾷ

80 1774 363 1845 λαμπρὸς,
398 1776 617 1845 ἔσχατος
661 1775 717 1827 δὲ
754 1774 846 1826 τοῦ
889 1774 1121 1844 Κηφέως
1168 1774 1195 1823 6
1248 1772 1648 1842 προηγούμενος

1752 592 1995 661 partibus
2021 591 2343 645 antecedens
2372 589 2729 643 meridianum
2752 606 2767 654 ;
2802 597 3069 657 postrema
3093 592 3289 645 culmi-

1743 682 2081 750 natAquarii
2121 681 2417 737 succedens
2464 695 2670 742 earum,
2701 668 2820 748 quae
2861 689 2986 733 sunt
3030 678 3083 735 in
3128 698 3289 737 manu

1745 772 1988 835 sinistra,
2016 780 2067 827 et
2096 788 2217 842 quae
2248 772 2301 825 in
2333 779 2548 840 pectore
2577 771 2892 841 Capricorni
2917 789 2929 834 ;
2966 775 3289 838 antecedens

1742 865 1870 917 item
1914 879 2122 926 earum,
2157 879 2278 932 quze
2324 871 2451 917 sunt
2500 864 2554 916 in
2586 864 2759 917 cauda
2808 864 3074 931 Delphini.
3110 864 3292 920 Oritur

1745 952 1899 1008 Aries
1933 955 2063 1007 liora
2093 954 2139 1017 ι,
2169 954 2272 1006 ‘24’.

1817 1128 1999 1184 Tauro
2024 1140 2349 1199 emergente,
2381 1130 2633 1184 zodiacus
2668 1132 2866 1194 oritur,
2901 1148 2928 1185 a
2955 1142 3106 1202 parte
3130 1134 3293 1188 Tauri

1750 1219 1779 1271 7
1814 1221 1877 1274 ad
1906 1218 2004 1285 29;
2036 1219 2293 1274 culminat
2327 1235 2356 1273 a
2384 1219 2701 1288 Capricorni
2728 1221 2797 1273 22
2822 1223 2997 1275 media
3026 1223 3090 1275 ad
3113 1225 3295 1293 Aqua-

1745 1310 1811 1362 rii
1844 1309 1894 1361 9.
1931 1308 2086 1362 Prior
2116 1310 2289 1363 oritur
2336 1311 2732 1363 australissima
2773 1312 2839 1363 de
2882 1320 3134 1379 quatuor,
3176 1328 3297 1381 quae

1747 1409 1874 1456 sunt
1906 1402 1960 1455 in
1984 1401 2356 1465 abscissione;
2385 1403 2593 1464 ultima,
2615 1416 2733 1471 qua:
2756 1413 2839 1455 est
2871 1402 2923 1454 in
2954 1406 3295 1457 extremitate

1745 1494 1920 1547 dextri
1947 1495 2493 1550 cornu..Ca:terarum
2525 1495 2800 1550 stellarum
2836 1496 3096 1551 culminat
3122 1496 3296 1564 prima

1746 1585 1946 1649 lucida,
1978 1600 2097 1655 quze
2136 1593 2219 1639 est
2251 1588 2304 1639 in
2337 1587 2507 1639 cauda
2553 1587 2726 1641 media
2764 1586 2968 1657 Cygni;
3001 1595 3292 1656 postrema,

1748 1679 1933 1739 trium,
1973 1692 2090 1745 qum
2118 1678 2172 1729 in
2200 1676 2378 1745 capite
2405 1677 2603 1744 Cephei
2628 1686 2774 1737 sunt,
2805 1680 3150 1744 antecedens,
3188 1695 3295 1731 una

1747 1785 1871 1823 cum
1902 1768 2093 1823 dextro
2126 1768 2272 1821 illius
2306 1760 2459 1836 pede,
2504 1769 2827 1822 semicubito
2868 1769 3085 1824 circiter
3131 1773 3297 1823 meri-

80 1867 206 1919 τῶν
235 1868 291 1918 ἐν
318 1870 382 1937 τῇ
414 1867 617 1937 κεφαλῇ
647 1874 693 1935 γ’
714 1883 726 1895 ·
772 1866 864 1919 καὶ
914 1866 941 1918 6
987 1864 1155 1928 δεξιὸς
1186 1863 1347 1917 αὑτοῦ
1393 1862 1545 1928 ποῦς,
1577 1863 1647 1925 ὠς

1750 1861 1969 1915 dianum
2004 1860 2349 1930 praecedens;
2382 1873 2481 1912 nec
2528 1859 2718 1917 nonin
2762 1861 2984 1929 Aquarii
3024 1876 3159 1915 urna
3187 1878 3298 1915 me-

82 1956 393 2025 ἡμιπήχιον
455 1956 855 2026 προηγούμενος
928 1956 1019 2008 τοῦ
1089 1956 1491 2025 μεσημϐρινοῦ·
1558 1954 1649 2006 καὶ

81 2048 116 2099 6
186 2046 347 2118 μέσος
396 2046 503 2100 τῶν
561 2050 618 2100 ἐν
666 2050 731 2117 τῇ
788 2047 1006 2100 κάλπιδι
1061 2047 1153 2100 τοῦ
1198 2047 1475 2116 Ὑδροχόου
1502 2085 1516 2109 ,
1580 2046 1654 2108 ὡς

1754 1953 1863 2013 dia,
1902 1953 2223 2007 semicubito
2255 1950 2367 2005 fere
2395 1951 2749 2005 meridianum
2798 1953 3144 2007 antecedens.
3184 1953 3301 2007 Ori-

1758 2052 1850 2098 tur
1879 2041 2091 2097 Taurus
2121 2043 2253 2095 hora
2286 2042 2335 2102 1,
2367 2050 2419 2095 et
2448 2042 2567 2110 1/8.

81 2136 394 2206 ἡμιπήχιον
452 2136 857 2205 προηγούμενος
902 2135 992 2188 τοῦ
1048 2135 1438 2206 μεσημϐρινοῦ.
1484 2132 1777 2188 Ἀνατέλλει
1805 2132 1860 2185 δὲ
1893 2133 1921 2183 6
1953 2131 2160 2201 Ταῦρος
2191 2132 2248 2182 ὲν
2276 2130 2394 2200 ὥρα
2417 2138 2464 2183 α’
2496 2132 2587 2184 καὶ
2611 2138 2658 2200 η’
2691 2133 2862 2202 μέρει.

160 2242 289 2297 Τῶν
317 2243 372 2295 δὲ
404 2242 643 2313 Διδύμων
675 2244 1065 2297 ἀνατελλόντων
1084 2283 1099 2307 ,
1144 2244 1515 2296 συνανατέλλει
1546 2245 1643 2313 μὲν

82 2335 277 2398 αὐτοῖς
310 2336 338 2387 6
379 2334 636 2398 ζωδιακὸς
673 2333 780 2387 ἀπὸ
823 2334 1067 2404 Διδύμων
1108 2333 1216 2402 μοί.
1254 2332 1297 2401 β’
1334 2334 1502 2404 μέσης
1540 2334 1643 2396 ἕως

82 2423 338 2492 Διδύμων
375 2423 449 2474 λ’·
503 2424 821 2493 μεσουρανεῖ
864 2422 919 2474 δὲ
956 2422 1063 2474 ἀπὸ
1098 2421 1376 2491 ’Υδροχόού
1421 2422 1527 2491 μοί.
1576 2428 1643 2473 ια’

87 2515 271 2584 μέσης
296 2514 398 2575 ἔως
436 2512 649 2581 Ἰχθύων
679 2511 721 2564 θ’
753 2512 941 2582 μέσης.
970 2514 1078 2567 Καὶ
1107 2513 1153 2566 α’
1190 2514 1287 2584 μὲν
1317 2514 1488 2584 ἀστὴρ
1519 2514 1646 2566 ἀνα-

82 2604 268 2657 τέλλει
295 2605 324 2655 6
354 2605 410 2656 ὲν
442 2606 507 2674 τῇ
535 2604 793 2674 ἀριστερᾷ
837 2605 976 2675 χειρὶ
1025 2604 1118 2657 τοῦ
1159 2604 1459 2675 ἡγουμένου
1502 2604 1653 2657 Διδύ-

91 2715 227 2767 μου,
256 2694 474 2767 ἔσχατος
502 2696 561 2749 δὲ
605 2699 633 2750 6
664 2698 719 2750 ὲν
759 2699 823 2767 τῇ
869 2697 1017 2767 δεξιᾷ
1063 2698 1202 2768 χειρὶ
1250 2694 1340 2749 τοῦ
1386 2697 1646 2767 ἑπομένου

87 2788 347 2857 Διδύμου.
380 2789 713 2860 Μεσουρανεῖ
741 2787 799 2841 δὲ
838 2788 945 2840 τῶν
986 2788 1157 2842 ἄλλων
1193 2788 1437 2856 ἀστέρων
1479 2796 1526 2841 α’
1553 2788 1649 2857 μὲν

85 2880 190 2934 τοῦ
220 2880 449 2950 Κηφέως
474 2882 502 2933 6
533 2880 591 2932 ὲν
625 2879 701 2951 τῷ
739 2879 947 2949 σώματι
986 2879 1384 2949 λαμπρὸς,νκαὶ
1426 2877 1520 2931 τοῦ
1557 2880 1649 2931 Ὺ-

87 2972 316 3042 δροχάσυ
354 2972 382 3023 ὁ
411 2973 467 3024 ιν
490 2971 567 3041 τῷ
599 2972 754 3042 δεξιῷ
795 2971 915 3024 ποδι
944 2969 1208 3041 λαμπρὸς,
1238 2972 1330 3023 καί
1357 2958 1448 3024 τοῦ
1478 2971 1650 3024 νοτίου

101 3062 312 3133 ’ἰχθύος
337 3063 365 3117 6
393 3063 451 3117 ὲν
482 3061 557 3137 τῷ
587 3063 775 3134 ῥύγχει
820 3062 1092 3133 λαμπρός·
1126 3061 1349 3130 ἔσχατος
1379 3061 1435 3113 δὲ
1461 3077 1653 3131 μεσου-

1817 2240 2058 2297 Geminis
2099 2240 2425 2302 orientibus,
2460 2254 2583 2292 cum
2611 2240 2679 2293 iis
2717 2240 2970 2294 zodiacus
2998 2239 3233 2309 assurgit
3265 2254 3296 2293 a

1749 2331 2094 2387 Geminorum
2115 2338 2264 2400 parte
2286 2329 2321 2383 Ε).
2343 2330 2516 2383 media
2538 2329 2601 2383 ad
2627 2330 2727 2395 30;
2753 2331 3014 2384 culminat
3031 2332 3097 2385 ab
3120 2332 3298 2399 Aqua-

1750 2426 1819 2479 rii
1851 2424 1912 2478 11
1950 2422 2125 2477 media
2153 2423 2220 2477 ad
2264 2422 2495 2477 mediam
2530 2422 2767 2478 Piscium
2807 2423 2859 2478 9.
2901 2421 3082 2476 Prima
3124 2425 3299 2477 oritur

1751 2530 1814 2569 ea
1841 2531 1963 2584 qua:
1999 2524 2083 2571 est
2114 2517 2169 2569 in
2215 2516 2435 2569 sinistra
2472 2531 2632 2568 manu
2667 2514 3019 2584 praecedentis
3048 2514 3295 2580 Gemini;

1749 2606 1958 2669 ultima,
1984 2615 2205 2674 quaeest
2236 2607 2285 2658 in
2318 2604 2507 2658 dextra
2538 2605 2877 2659 succedentis
2908 2603 3137 2658 Gemini.
3169 2604 3299 2659 Cul-

1750 2695 1917 2747 minat
1950 2695 2098 2763 prior
2144 2700 2461 2747 exterarum
2516 2694 2816 2756 stellarum,
2854 2694 3033 2746 lucida
3072 2694 3125 2746 in
3173 2707 3297 2747 cor-

1749 2801 1881 2856 pore
1922 2784 2155 2855 Cephei;
2209 2793 2262 2839 et
2300 2784 2499 2848 lucida,
2533 2799 2651 2854 qum
2698 2785 2754 2838 in
2808 2786 2996 2839 dextro
3030 2786 3164 2854 pede
3212 2792 3296 2838 est

1748 2876 1973 2947 Aquarii
2008 2896 2019 2930 :
2050 2877 2177 2930 item
2223 2876 2403 2931 lucida
2457 2876 2513 2929 in
2553 2884 2730 2930 rostro
2774 2874 2949 2929 Piscis
2998 2875 3292 2936 australis;

1752 2966 1939 3022 ultima
1992 2968 2258 3022 culminat
2306 2966 2662 3021 Andromedae
2709 2965 2885 3019 media
2928 2966 3125 3028 trium,
3174 2979 3295 3032 qua:

1752 3067 1881 3113 sunt
1910 3059 1964 3111 in
1989 3057 2178 3111 dextro
2197 3057 2439 3111 humero.
2458 3055 2717 3111 Oriuntur
2735 3056 2945 3111 Gemini
2969 3056 3100 3109 'nora
3119 3056 3170 3120 1,
3189 3055 3290 3108 50’.

93 3157 255 3225 ρανεί
292 3155 391 3226 τῆς
424 3156 775 3227 Ἀνδρομέδας
820 3157 848 3210 6
902 3155 1062 3226 μέσος
1102 3154 1211 3207 τῶν
1259 3156 1317 3207 ὲν
1366 3153 1444 3224 τῷ
1486 3154 1643 3225 δεξιῷ
1682 3152 1816 3225 ὤμῳ
1872 3160 1940 3223 γ’.
1979 3152 2343 3206 Ἀνατέλλουσι
2405 3151 2460 3202 δὲ
2490 3152 2554 3203 οἱ
2609 3150 2823 3220 Δίδυμοι
2864 3152 2922 3203 ὲν
2958 3150 3075 3221 ὥρᾳ
3116 3156 3164 3201 α’
3202 3150 3295 3202 καὶ

93 3247 165 3301 S"
196 3248 291 3304 xui.
324 3256 372 3318 γ’
397 3249 573 3321 μέρει.

215 3385 355 3454 Περὶ
384 3384 495 3455 τῆς
524 3385 1023 3454 συματαδύσεως
1052 3384 1168 3439 τῶν
1201 3386 1276 3449 ιβ*
1300 3384 1530 3446 ζωδίων.

166 3540 271 3593 IB'.
301 3538 467 3591 Πάλιν
507 3538 584 3601 δὲ,
610 3535 704 3591 τοῦ
733 3539 831 3609 μὲν
858 3538 1132 3608 Καρκίνου
1154 3537 1418 3601 δύνοντος,
1448 3553 1648 3603 συγκα-

89 3629 311 3684 ταδύνει
340 3630 437 3700 μὲν
459 3628 604 3699 αὐτῷ
626 3632 655 3683 6
676 3630 933 3694 ζωδιακὸς
958 3629 1065 3682 ἀπὸ
1088 3630 1330 3700 Διδύμων
1359 3629 1463 3699 μοί.
1491 3628 1532 3692 ζ’
1557 3628 1649 3680 καὶ

91 3730 141 3775 κ’
194 3720 363 3793 μέσης
410 3720 512 3783 ἓως
552 3721 822 3790 Καρκίνου
873 3727 918 3772 κ’
972 3720 1172 3790 μέσης·
1223 3720 1541 3789 μεσουρανεῖ
1591 3716 1648 3769 δὲ

90 3812 205 3865 ἀπὸ
228 3811 414 3882 Χηλῶν
451 3810 513 3874 ιζ’
542 3810 645 3875 ἔως
680 3811 943 3882 Σκορπέου
984 3811 1068 3880 ιβ’.
1100 3810 1209 3863 Καὶ
1244 3817 1290 3862 α’
1338 3809 1433 3879 μὲν
1476 3807 1647 3879 ἀστὴρ

89 3906 243 3958 δύνει
271 3907 299 3957 6
330 3906 385 3956 ἐν
412 3908 520 3968 τοῖς
552 3905 678 3957 ποσὶ
705 3903 798 3955 τοῦ
837 3904 1110 3974 Καρκίνου
1140 3902 1395 3971 ἐκφανὴς,
1429 3900 1520 3953 καὶ
1561 3901 1646 3952 ἐπ’

91 3995 314 4058 εὐθείας
337 3995 582 4063 κείμενος
608 3994 683 4057 ὡς
706 3995 840 4064 πρὸς
868 3994 1017 4046 δύσιν
1044 3996 1152 4057 τοῖς
1183 3993 1517 4062 νοτιωτέροις
1538 3993 1648 4053 τοῖς

93 4086 229 4157 περὶ
261 4085 319 4138 τὸ
355 4084 591 4153 νεφέλιον
620 4083 681 4135 τὸ
708 4086 765 4136 ὲν
789 4083 867 4152 τῷ
894 4084 1169 4153 Καρκίνῳ,
1197 4082 1417 4151 ἔσχατος
1442 4081 1496 4133 δὲ
1537 4082 1564 4132 ὁ
1591 4082 1648 4133 ἔν

93 4178 249 4246 ἄκρᾳ
276 4177 340 4245 τῇ
372 4175 551 4246 βαρείᾳ
582 4174 731 4246 Χηλῇ
774 4173 865 4227 τοῦ
910 4174 1203 4245 Καρκίνου.
1244 4172 1647 4242 Μεσουρανοῦσι

91 4272 151 4324 δὲ
180 4270 293 4322 τῶν
319 4269 489 4324 ἄλλων
520 4270 759 4340 ἀστέρων
785 4269 878 4321 τοῦ
906 4287 963 4320 τε
1001 4267 1208 4321 Βοὼτου
1233 4271 1261 4321 6
1283 4267 1452 4334 δεξιὸς
1490 4267 1643 4333 ποῦς,

92 4362 192 4417 καὶ
222 4361 331 4414 τῶν
372 4361 564 4431 Χηλῶν
593 4363 620 4413 6
649 4363 704 4414 ἐν
732 4362 875 4431 ἄκρᾳ
900 4363 962 4429 τῇ
998 4360 1147 4430 νοτία
1177 4361 1325 4430 Χηλῇ
1364 4359 1642 4431 λαμπρός·

94 4452 328 4520 ἔσχατον
350 4452 405 4503 δὲ
448 4450 831 4521 μεπυρανοῦσι
868 4448 959 4500 τοῦ
984 4465 1042 4500 τε
1078 4450 1163 4500 Ἑν
1188 4450 1401 4517 γόνασιν
1430 4453 1457 4503 ὁ
1490 4452 1545 4501 ἐν
1571 4442 1647 4518 τῷ

91 4540 258 4610 δεξιῷ
287 4541 543 4610 βραχίονι,
577 4547 623 4608 γ’
651 4538 724 4592 ὢν
753 4539 861 4593 ἀπὸ
898 4538 988 4592 τοῦ
1020 4537 1191 4603 δεξιοῦ
1226 4539 1396 4609 ὤμου,
1430 4540 1523 4592 καὶ
1554 4538 1646 4591 τοῦ

91 4630 363 4701 Σκορπίου
391 4632 419 4683 6
447 4636 515 4698 γ’,
542 4630 634 4683 καὶ
662 4632 690 4682 6
723 4630 785 4692 δ’,
810 4631 902 4682 καὶ
927 4630 954 4680 6
982 4636 1021 4681 ε’
1050 4629 1333 4697 σφόνδυλος
1370 4628 1476 4681 τῶν
1510 4628 1645 4699 μετὰ

1910 3379 1987 3433 De
2018 3378 2286 3431 duodecim
2318 3378 2604 3447 imaginum
2631 3379 2757 3432 εαξη
2776 3377 3123 3431 descensione.

1812 3553 1927 3609 XII.
1962 3553 2193 3618 Rursus,
2217 3554 2493 3610 occidente
2517 3554 2747 3617 Cancro,
2773 3555 3053 3610 descendit
3080 3571 3199 3611 cum
3228 3573 3292 3612 eo

1747 3646 2002 3699 zodiacus
2046 3661 2075 3698 a
2113 3644 2281 3716 gradu
2327 3644 2675 3700 Geminorum
2719 3647 2787 3698 27
2827 3647 2893 3700 ad
2930 3647 3127 3701 Cancri
3181 3663 3293 3701 me-

1746 3737 1890 3789 diam
1922 3736 2023 3803 20;
2070 3737 2333 3790 culminat
2367 3752 2398 3789 a
2448 3736 2733 3791 Chelarum
2762 3737 2825 3789 l7
2853 3738 2921 3790 ad
2959 3736 3167 3806 Scorpii
3202 3738 3288 3791 1‘2.

1747 3824 1927 3878 Prima
1978 3825 2131 3878 stella
2182 3824 2383 3878 occidit
2425 3825 2625 3888 lucida,
2670 3840 2788 3894 quae
2833 3832 2915 3879 est
2962 3826 3017 3878 in
3064 3828 3291 3897 pedibus

1746 3916 1963 3981 Cancri,
1997 3917 2049 3969 in
2087 3916 2353 3971 directum
2386 3917 2581 3985 posita,
2616 3917 2680 3969 ad
2712 3931 2965 3972 occasum
3004 3920 3291 3973 australio—

1748 4025 1837 4064 res
1876 4008 2190 4078 respiciens,
2244 4023 2364 4079 qua;
2405 4008 2551 4063 circa
2606 4010 2928 4063 nubeculam
2974 4011 3026 4065 in
3079 4011 3291 4065 Cancro

1747 4106 1901 4163 sunt;
1943 4098 2153 4164 ultima,
2193 4114 2315 4169 qua:
2340 4107 2423 4153 est
2464 4101 2517 4153 in
2547 4101 2885 4155 extremitate
2914 4101 3146 4154 borealis
3180 4102 3290 4154 l‘orr

1748 4190 1883 4258 cipis
1939 4187 2173 4255 Cancri;
2240 4197 2557 4244 caeterarum
2616 4190 2890 4242 stellarum
2954 4190 3285 4253 culminant,

1748 4277 1925 4331 Bootae
1956 4293 2051 4347 pes
2077 4278 2295 4345 dexter;
2330 4289 2381 4332 et
2420 4278 2705 4331 Clielarum
2738 4279 2941 4341 lucida,
2978 4296 3097 4348 qua:
3119 4283 3287 4335 estin

1747 4370 2086 4423 extremitate
2114 4370 2367 4422 australis
2406 4368 2616 4432 Chelae;
2659 4377 2930 4438 postremo
2963 4374 3283 4435 culminant,

1746 4476 1865 4531 qua:
1891 4469 1974 4515 est
2000 4462 2049 4513 in
2077 4461 2301 4515 brachio
2330 4462 2517 4516 dextro
2542 4464 2859 4537 Ingenieuli,
2890 4473 2943 4517 et
2972 4475 3053 4520 est
3083 4467 3151 4519 ab
3186 4467 3288 4520 hu-

1746 4564 1896 4603 mero
1924 4549 2114 4603 dextro
2142 4549 2327 4615 tertia;
2366 4550 2491 4604 item
2522 4548 2733 4620 Scorpii
2768 4553 2945 4616 tertia,
2985 4562 3196 4629 quarta.
3234 4563 3287 4607 et

1747 4637 1933 4705 quinta
1964 4638 2213 4692 vertebra
2248 4653 2432 4691 earum
2463 4655 2581 4708 qua:
2612 4650 2737 4695 sunt
2772 4649 2895 4709 post
2935 4650 3143 4711 pectus.
3180 4641 3285 4695 0c-

88 4724 150 4774 τὸ
185 4720 402 4789 στῆθος.
444 4719 595 4773 Δύνει
626 4718 683 4772 δὲ
719 4721 747 4772 ὁ
778 4718 1043 4791 Καρκίνος
1096 4719 1153 4771 ὲν
1194 4718 1311 4790 ὥρᾳ
1364 4726 1412 4771 α’
1456 4720 1547 4771 καὶ
1597 4722 1644 4785 γ’

1746 4726 1876 4781 cidit
1896 4728 2104 4783 Cancer
2132 4728 2264 4781 liora
2297 4729 2348 4792 i,
2378 4730 2482 4786 ὅδ’.

92 4832 162 4866 πε
172 4830 323 4882 μπτη
334 4811 554 4881 μορίοις.

164 4922 276 4977 Τοῦ
298 4923 353 4974 δὲ
367 4922 590 4983 Λέοντος
619 4920 882 4984 δύνοντος,
902 4898 1280 4987 συγκαταδύνει
1310 4918 1407 4986 μὲν
1435 4917 1580 4987 αὐτῷ
1613 4919 1642 4968 6

94 5014 359 5080 ζωδιακὸς
378 5014 482 5065 ἀπὸ
498 5012 766 5081 Καρκίνου
794 5011 901 5081 μοί.
928 5010 975 5064 α’
996 5010 1087 5063 καὶ
1115 5016 1161 5061 κ’
1187 5010 1354 5079 μέσης
1370 5009 1471 5072 ἕως
1494 5010 1637 5078 [Iap-

94 5111 253 5161 θένου
277 5108 385 5177 μοί.
409 5106 487 5159 ιδ”
510 5106 824 5176 μεσουρανεῖ
842 5104 897 5156 δὲ
917 5105 1021 5156 ἀπὸ
1042 5104 1300 5169 Σκορπίου
1328 5103 1435 5170 μοί.
1456 5109 1520 5168 ιγ’
1538 5102 1640 5163 ἔως

95 5198 324 5261 Τοξότου
352 5204 396 5248 α’
427 5197 521 5249 καὶ
544 5202 590 5248 κ’
618 5196 805 5264 μέσης.
834 5194 944 5247 Καὶ
969 5202 1016 5245 α’
1047 5196 1144 5263 μὲν
1173 5193 1342 5263 ἀστὴρ
1379 5193 1519 5246 δύνει
1549 5192 1639 5246 τοῦ

94 5289 323 5349 Λέοντος
374 5290 402 5338 6
444 5290 501 5339 ἐν
544 5291 654 5349 τοῖς
680 5286 1026 5357 ἐμπροσθίοις
1073 5288 1245 5347 ποσὶν,
1280 5286 1498 5355 ἔσχατος
1524 5285 1579 5336 δὲ
1612 5287 1639 5335 6

93 5383 150 5431 ὲν
176 5379 324 5447 ἄκρᾳ.
347 5379 410 5446 τῇ
440 5377 591 5447 οὐρᾷ..
618 5376 952 5449 Μεσουρανεῖ
976 5380 1031 5431 δὲ
1054 5380 1161 5431 τῶν
1198 5378 1367 5430 ἄλλων
1395 5377 1639 5444 ἀστέρων

94 5471 151 5520 ὲν
203 5467 303 5536 μὲν
345 5468 410 5535 τῇ
438 5467 577 5536 ἀρχῇ
612 5468 710 5535 τῆς
748 5468 948 5530 δύσεως
990 5467 1084 5520 τοῦ
1137 5486 1195 5520 τε
1237 5469 1322 5520 Ἐν
1354 5468 1570 5534 γόνασιν
1614 5469 1642 5517 6

93 5556 267 5623 δεξιὸς
297 5554 448 5619 ποῦς,
471 5557 563 5608 καὶ
597 5556 688 5609 τοῦ
738 5558 1014 5628 Ὀφιούχου
1065 5560 1124 5611 τὸ
1168 5558 1445 5629 ἀριστερὸν
1491 5558 1640 5625 γόνυ,

94 5648 168 5709 ὡς
238 5646 533 5713 ἡμιπὴχιον
611 5648 1025 5718 ὑπολειπόμενον
1081 5650 1173 5701 τοῦ
1238 5649 1639 5720 μεσημϐρινοῦ,

98 5738 189 5788 καὶ
214 5732 309 5786 τοῦ
336 5733 596 5797 Σκορπίου
623 5740 650 5790 6
686 5745 730 5791 α’
760 5739 1040 5803 σφόνδυλος
1058 5758 1071 5770 ε
1101 5741 1321 5810 ἔσχατον
1360 5743 1414 5795 δὲ
1451 5759 1643 5811 μεσου-

1813 4925 1946 4980 Cum
1987 4925 2163 4978 Leone
2204 4926 2402 4979 occidit
2450 4926 2703 4979 zodiacus
2736 4940 2765 4977 a
2798 4927 2993 4979 Cancri
3036 4933 3187 4994 parte
3216 4928 3277 4981 2|

1742 5017 1914 5070 media
1956 5017 2018 5068 ad
2054 5018 2117 5069 M-
2159 5017 2429 5087 Virginis;
2486 5018 2746 5070 culminat
2792 5033 2821 5069 a
2873 5017 3082 5085 Scorpii
3119 5018 3183 5070 i5
3215 5020 3285 5071 ad

1748 5106 2020 5177 Sagittarii
2063 5107 2126 5159 2i
2164 5110 2416 5163 mediam.
2455 5107 2634 5161 Prima
2678 5108 2875 5162 occidit
2926 5106 3121 5162 Leonis
3166 5125 3285 5177 qure

1744 5207 1825 5252 est
1849 5198 1900 5249 in
1930 5198 2292 5251 anterioribus
2320 5197 2543 5265 pedibus
2570 5217 2583 5263 ;
2615 5198 2822 5258 ultima,
2857 5212 2976 5265 quae
3004 5205 3087 5251 est
3116 5199 3167 5248 in
3190 5212 3280 5248 ex-

1744 5291 2013 5344 tremitate
2036 5291 2242 5345 caudre.
2263 5290 2535 5343 Culminat
2564 5290 2791 5342 aliarum
2824 5289 3099 5343 stellarum
3132 5289 3283 5339 initio

1744 5382 1959 5450 quidem
2004 5397 2253 5443 occasus,
2291 5382 2502 5435 Gemini
2542 5396 2634 5449 pes
2668 5380 2891 5444 dexter;
2926 5387 2979 5432 et
3006 5377 3282 5445 Anguiferi

1743 5473 2023 5527 sinistrum
2046 5489 2207 5543 genu,
2234 5474 2387 5539 quasi
2422 5471 2738 5526 semicubito
2768 5471 2901 5523 citra
2927 5469 3282 5547 meridianum

1744 5564 2022 5633 positum:
2054 5572 2107 5617 et
2149 5561 2359 5631 Scorpii
2410 5562 2703 5631 spondylus
2736 5563 2792 5624 l;
2847 5567 3121 5627 postremo
3168 5558 3285 5608 eul-

1745 5654 1952 5706 minant
1976 5653 2233 5707 Draconis
2266 5652 2535 5707 liorcalius
2562 5662 2806 5719 tempus;
2856 5660 2905 5703 et
2940 5665 3056 5717 qum
3090 5648 3141 5698 in
3171 5662 3283 5698 mn-
3352 5694 3357 5695 ,

1744 5746 1834 5799 dio
1863 5753 2012 5815 tergo
2040 5744 2341 5815 Sagittarii,
2375 5745 2528 5815 quasi
2572 5742 2891 5799 semicubito
2921 5738 3280 5794 meridianum
