  <div class='ocr_page' id='page_1' title='image "/cluster/home/n/w/nwhite01/storage/ocr_20150623/19/pst.000005712045/580.png"; bbox 0 0 4130 6342; ppageno 0'>
   <div class='ocr_carea' id='block_1_1' title="bbox 41 469 3314 551">
    <p class='ocr_par' dir='ltr' id='par_1_1' title="bbox 41 469 3314 551">
     <span class='ocr_line' id='line_1_1' title="bbox 41 469 3314 551; baseline 0.011 -35"><span class='ocrx_word' id='word_1_1' title='bbox 41 471 207 528; x_wconf 66' lang='lat'><strong>1529</strong></span> <span class='ocrx_word' id='word_1_2' title='bbox 1043 469 1411 528; x_wconf 70' lang='lat' dir='ltr'><strong>iIlPPARCIH</strong></span> <span class='ocrx_word' id='word_1_3' title='bbox 1449 473 1540 528; x_wconf 85' lang='lat' dir='ltr'><strong>AD</strong></span> <span class='ocrx_word' id='word_1_4' title='bbox 1578 475 2026 536; x_wconf 61' lang='lat' dir='ltr'><strong>PHENOMENA</strong></span> <span class='ocrx_word' id='word_1_5' title='bbox 2066 482 2194 536; x_wconf 86' lang='lat' dir='ltr'><strong>LIB.</strong></span> <span class='ocrx_word' id='word_1_6' title='bbox 2238 480 2321 536; x_wconf 81' lang='grc' dir='ltr'>ΠΙ.</span> <span class='ocrx_word' id='word_1_7' title='bbox 3179 495 3314 551; x_wconf 78' lang='grc'><strong>1130</strong></span> 
     </span>
    </p>
   </div>
   <div class='ocr_carea' id='block_1_2' title="bbox 39 586 1611 677">
    <p class='ocr_par' dir='ltr' id='par_1_2' title="bbox 39 586 1611 658">
     <span class='ocr_line' id='line_1_2' title="bbox 39 586 1611 658; baseline 0.003 -18"><span class='ocrx_word' id='word_1_8' title='bbox 39 605 148 652; x_wconf 81' lang='grc' dir='ltr'><strong>νος</strong></span> <span class='ocrx_word' id='word_1_9' title='bbox 189 588 307 641; x_wconf 81' lang='grc' dir='ltr'>τῶν</span> <span class='ocrx_word' id='word_1_10' title='bbox 353 588 410 640; x_wconf 85' lang='grc' dir='ltr'><strong>ἐν</strong></span> <span class='ocrx_word' id='word_1_11' title='bbox 449 589 514 657; x_wconf 80' lang='grc' dir='ltr'>τῇ</span> <span class='ocrx_word' id='word_1_12' title='bbox 549 586 702 658; x_wconf 81' lang='grc' dir='ltr'>οὐρᾷ.</span> <span class='ocrx_word' id='word_1_13' title='bbox 745 587 1154 656; x_wconf 88' lang='grc' dir='ltr'>Μεσουρανοῦσι</span> <span class='ocrx_word' id='word_1_14' title='bbox 1209 589 1292 641; x_wconf 81' lang='grc' dir='ltr'><strong>δὲ-</strong></span> <span class='ocrx_word' id='word_1_15' title='bbox 1317 591 1426 644; x_wconf 79' lang='grc' dir='ltr'><strong>τῶν</strong></span> <span class='ocrx_word' id='word_1_16' title='bbox 1470 593 1611 646; x_wconf 81' lang='grc' dir='ltr'>ἄλλω</span> 
     </span>
    </p>
   </div>
   <div class='ocr_carea' id='block_1_3' title="bbox 1716 586 3314 677">
    <p class='ocr_par' dir='ltr' id='par_1_3' title="bbox 1716 588 3314 677">
     <span class='ocr_line' id='line_1_3' title="bbox 1716 588 3314 677; baseline 0.013 -27"><span class='ocrx_word' id='word_1_17' title='bbox 1716 647 1721 656; x_wconf 88' lang='grc'><strong>,</strong></span> <span class='ocrx_word' id='word_1_18' title='bbox 1752 607 1902 662; x_wconf 91' lang='lat' dir='ltr'><strong>nant,</strong></span> <span class='ocrx_word' id='word_1_19' title='bbox 1959 599 2110 654; x_wconf 89' lang='lat' dir='ltr'><strong>initio</strong></span> <span class='ocrx_word' id='word_1_20' title='bbox 2173 588 2393 671; x_wconf 80' lang='lat' dir='ltr'><strong>quidem</strong></span> <span class='ocrx_word' id='word_1_21' title='bbox 2431 601 2715 657; x_wconf 81' lang='lat' dir='ltr'><strong>obscurior</strong></span> <span class='ocrx_word' id='word_1_22' title='bbox 2742 619 2927 659; x_wconf 89' lang='lat' dir='ltr'><strong>earum</strong></span> <span class='ocrx_word' id='word_1_23' title='bbox 2959 622 3078 677; x_wconf 78' lang='lat' dir='ltr'><strong>qua:</strong></span> <span class='ocrx_word' id='word_1_24' title='bbox 3107 621 3234 666; x_wconf 91' lang='lat' dir='ltr'><strong>sunt</strong></span> <span class='ocrx_word' id='word_1_25' title='bbox 3259 616 3314 670; x_wconf 90' lang='lat' dir='ltr'><strong>in</strong></span> 
     </span>
    </p>
   </div>
   <div class='ocr_carea' id='block_1_4' title="bbox 39 678 1611 770">
    <p class='ocr_par' dir='ltr' id='par_1_4' title="bbox 39 678 1608 753">
     <span class='ocr_line' id='line_1_4' title="bbox 39 678 1608 753; baseline 0.003 -20"><span class='ocrx_word' id='word_1_26' title='bbox 39 680 318 751; x_wconf 81' lang='grc' dir='ltr'><strong>ἀστέρων</strong></span> <span class='ocrx_word' id='word_1_27' title='bbox 345 682 402 732; x_wconf 83' lang='grc' dir='ltr'>ὲν</span> <span class='ocrx_word' id='word_1_28' title='bbox 433 678 532 750; x_wconf 82' lang='grc' dir='ltr'>μὲν</span> <span class='ocrx_word' id='word_1_29' title='bbox 575 682 640 750; x_wconf 85' lang='grc' dir='ltr'>τῇ</span> <span class='ocrx_word' id='word_1_30' title='bbox 677 681 816 751; x_wconf 82' lang='grc' dir='ltr'>ἀρχῇ</span> <span class='ocrx_word' id='word_1_31' title='bbox 860 680 960 750; x_wconf 78' lang='grc' dir='ltr'>τῆς</span> <span class='ocrx_word' id='word_1_32' title='bbox 993 682 1362 744; x_wconf 76' lang='grc' dir='ltr'><strong>Κασσιεπείας</strong></span> <span class='ocrx_word' id='word_1_33' title='bbox 1403 684 1431 734; x_wconf 86' lang='lat'><strong>6</strong></span> <span class='ocrx_word' id='word_1_34' title='bbox 1460 685 1608 753; x_wconf 81' lang='grc' dir='ltr'>ἀμαυ</span> 
     </span>
    </p>
   </div>
   <div class='ocr_carea' id='block_1_5' title="bbox 1716 678 3314 770">
    <p class='ocr_par' dir='ltr' id='par_1_5' title="bbox 1744 690 3314 770">
     <span class='ocr_line' id='line_1_5' title="bbox 1744 690 3314 770; baseline 0.013 -30"><span class='ocrx_word' id='word_1_35' title='bbox 1744 690 1882 744; x_wconf 88' lang='lat' dir='ltr'><strong>solio</strong></span> <span class='ocrx_word' id='word_1_36' title='bbox 1910 691 2242 762; x_wconf 68' lang='lat' dir='ltr'><strong>Cassiepeaa,</strong></span> <span class='ocrx_word' id='word_1_37' title='bbox 2269 699 2322 747; x_wconf 92' lang='lat' dir='ltr'><strong>ct</strong></span> <span class='ocrx_word' id='word_1_38' title='bbox 2359 708 2545 748; x_wconf 88' lang='lat' dir='ltr'><strong>earum</strong></span> <span class='ocrx_word' id='word_1_39' title='bbox 2573 710 2692 764; x_wconf 62' lang='lat' dir='ltr'><strong>qua</strong></span> <span class='ocrx_word' id='word_1_40' title='bbox 2717 708 2843 750; x_wconf 86' lang='lat' dir='ltr'><strong>sunt</strong></span> <span class='ocrx_word' id='word_1_41' title='bbox 2868 697 2921 750; x_wconf 91' lang='lat' dir='ltr'><strong>in</strong></span> <span class='ocrx_word' id='word_1_42' title='bbox 2955 697 3314 770; x_wconf 66' lang='lat' dir='ltr'><strong>Andromedae</strong></span> 
     </span>
    </p>
   </div>
   <div class='ocr_carea' id='block_1_6' title="bbox 43 770 1611 854">
    <p class='ocr_par' dir='ltr' id='par_1_6' title="bbox 43 770 1611 846">
     <span class='ocr_line' id='line_1_6' title="bbox 43 770 1611 846; baseline 0.002 -21"><span class='ocrx_word' id='word_1_43' title='bbox 43 774 292 844; x_wconf 82' lang='grc' dir='ltr'>ρότερος</span> <span class='ocrx_word' id='word_1_44' title='bbox 318 772 424 824; x_wconf 82' lang='grc' dir='ltr'>τῶν</span> <span class='ocrx_word' id='word_1_45' title='bbox 446 773 502 824; x_wconf 81' lang='grc' dir='ltr'>ὲν</span> <span class='ocrx_word' id='word_1_46' title='bbox 534 770 611 842; x_wconf 83' lang='grc' dir='ltr'>τῷ</span> <span class='ocrx_word' id='word_1_47' title='bbox 634 771 826 843; x_wconf 76' lang='grc' dir='ltr'>δίφρῳ,</span> <span class='ocrx_word' id='word_1_48' title='bbox 863 773 964 824; x_wconf 67' lang='grc' dir='ltr'>καις</span> <span class='ocrx_word' id='word_1_49' title='bbox 981 772 1079 843; x_wconf 82' lang='grc' dir='ltr'>τῆς</span> <span class='ocrx_word' id='word_1_50' title='bbox 1123 773 1477 844; x_wconf 76' lang='grc' dir='ltr'><strong>Ἀνδρομέδας</strong></span> <span class='ocrx_word' id='word_1_51' title='bbox 1503 779 1531 828; x_wconf 91' lang='lat'><strong>6</strong></span> <span class='ocrx_word' id='word_1_52' title='bbox 1553 776 1611 846; x_wconf 83' lang='grc' dir='ltr'>βο</span> 
     </span>
    </p>
   </div>
   <div class='ocr_carea' id='block_1_7' title="bbox 1716 770 3313 854">
    <p class='ocr_par' dir='ltr' id='par_1_7' title="bbox 1742 777 3313 854">
     <span class='ocr_line' id='line_1_7' title="bbox 1742 777 3313 854; baseline 0.01 -19"><span class='ocrx_word' id='word_1_53' title='bbox 1742 793 1979 851; x_wconf 86' lang='lat' dir='ltr'><strong>pectore,</strong></span> <span class='ocrx_word' id='word_1_54' title='bbox 2033 785 2302 838; x_wconf 85' lang='lat' dir='ltr'><strong>borealior</strong></span> <span class='ocrx_word' id='word_1_55' title='bbox 2329 801 2341 835; x_wconf 94' lang='lat'><strong>:</strong></span> <span class='ocrx_word' id='word_1_56' title='bbox 2372 786 2668 841; x_wconf 84' lang='lat' dir='ltr'><strong>novissime</strong></span> <span class='ocrx_word' id='word_1_57' title='bbox 2734 788 3053 854; x_wconf 86' lang='lat' dir='ltr'><strong>culminant,</strong></span> <span class='ocrx_word' id='word_1_58' title='bbox 3091 777 3313 852; x_wconf 53' lang='lat' dir='ltr'><strong>sinisthr</strong></span> 
     </span>
    </p>
   </div>
   <div class='ocr_carea' id='block_1_8' title="bbox 47 861 1611 942">
    <p class='ocr_par' dir='ltr' id='par_1_8' title="bbox 47 861 1611 938">
     <span class='ocr_line' id='line_1_8' title="bbox 47 861 1611 938; baseline 0.003 -23"><span class='ocrx_word' id='word_1_59' title='bbox 47 865 342 934; x_wconf 80' lang='grc' dir='ltr'>ρειότερος</span> <span class='ocrx_word' id='word_1_60' title='bbox 363 863 470 914; x_wconf 83' lang='grc' dir='ltr'><strong>τῶν</strong></span> <span class='ocrx_word' id='word_1_61' title='bbox 494 865 552 914; x_wconf 81' lang='grc' dir='ltr'><strong>ὲν</strong></span> <span class='ocrx_word' id='word_1_62' title='bbox 577 863 653 933; x_wconf 84' lang='grc' dir='ltr'>τῷ</span> <span class='ocrx_word' id='word_1_63' title='bbox 677 863 858 934; x_wconf 79' lang='grc' dir='ltr'><strong>στήθει</strong></span> <span class='ocrx_word' id='word_1_64' title='bbox 879 881 892 893; x_wconf 74' lang='grc' dir='ltr'><strong>ο</strong></span> <span class='ocrx_word' id='word_1_65' title='bbox 925 861 1148 934; x_wconf 67' lang='grc' dir='ltr'>ἔσχατοιὲ</span> <span class='ocrx_word' id='word_1_66' title='bbox 1170 865 1226 917; x_wconf 86' lang='grc' dir='ltr'>δὲ</span> <span class='ocrx_word' id='word_1_67' title='bbox 1250 883 1411 935; x_wconf 85' lang='grc' dir='ltr'>μεσου</span> <span class='ocrx_word' id='word_1_68' title='bbox 1422 868 1611 938; x_wconf 85' lang='grc' dir='ltr'>ρανοῦσ</span> 
     </span>
    </p>
   </div>
   <div class='ocr_carea' id='block_1_9' title="bbox 1716 861 3312 942">
    <p class='ocr_par' dir='ltr' id='par_1_9' title="bbox 1741 872 3312 942">
     <span class='ocr_line' id='line_1_9' title="bbox 1741 872 3312 942; baseline 0.011 -17"><span class='ocrx_word' id='word_1_69' title='bbox 1741 872 2000 928; x_wconf 79' lang='lat' dir='ltr'><strong>humerus</strong></span> <span class='ocrx_word' id='word_1_70' title='bbox 2058 874 2260 937; x_wconf 87' lang='lat' dir='ltr'><strong>Persei,</strong></span> <span class='ocrx_word' id='word_1_71' title='bbox 2295 876 2432 929; x_wconf 90' lang='lat' dir='ltr'><strong>citra</strong></span> <span class='ocrx_word' id='word_1_72' title='bbox 2491 877 2774 933; x_wconf 86' lang='lat' dir='ltr'><strong>meridiem</strong></span> <span class='ocrx_word' id='word_1_73' title='bbox 2835 879 3048 936; x_wconf 89' lang='lat' dir='ltr'><strong>duabus</strong></span> <span class='ocrx_word' id='word_1_74' title='bbox 3089 884 3312 942; x_wconf 76' lang='lat' dir='ltr'><strong>circiter</strong></span> 
     </span>
    </p>
   </div>
   <div class='ocr_carea' id='block_1_10' title="bbox 41 953 1611 1042">
    <p class='ocr_par' dir='ltr' id='par_1_10' title="bbox 41 953 1611 1026">
     <span class='ocr_line' id='line_1_10' title="bbox 41 953 1611 1026; baseline 0.004 -22"><span class='ocrx_word' id='word_1_75' title='bbox 41 954 152 1005; x_wconf 86' lang='grc' dir='ltr'><strong>τοῦ</strong></span> <span class='ocrx_word' id='word_1_76' title='bbox 182 971 246 1005; x_wconf 89' lang='grc' dir='ltr'><strong>τε</strong></span> <span class='ocrx_word' id='word_1_77' title='bbox 267 953 516 1024; x_wconf 78' lang='grc' dir='ltr'>Περσέως</span> <span class='ocrx_word' id='word_1_78' title='bbox 536 957 563 1007; x_wconf 79' lang='lat'><strong>6</strong></span> <span class='ocrx_word' id='word_1_79' title='bbox 592 955 873 1026; x_wconf 79' lang='grc' dir='ltr'>ἀριστερὸς</span> <span class='ocrx_word' id='word_1_80' title='bbox 901 953 1068 1024; x_wconf 79' lang='grc' dir='ltr'>ὦμος,</span> <span class='ocrx_word' id='word_1_81' title='bbox 1100 955 1522 1026; x_wconf 79' lang='grc' dir='ltr'>ὑπολειπόμενος</span> <span class='ocrx_word' id='word_1_82' title='bbox 1541 961 1611 1010; x_wconf 53' lang='grc' dir='ltr'><strong>τοι</strong></span> 
     </span>
    </p>
   </div>
   <div class='ocr_carea' id='block_1_11' title="bbox 1716 953 3310 1042">
    <p class='ocr_par' dir='ltr' id='par_1_11' title="bbox 1739 957 3310 1042">
     <span class='ocr_line' id='line_1_11' title="bbox 1739 957 3310 1042; baseline 0.009 -23"><span class='ocrx_word' id='word_1_83' title='bbox 1739 968 1984 1036; x_wconf 86' lang='lat' dir='ltr'><strong>partibus</strong></span> <span class='ocrx_word' id='word_1_84' title='bbox 2012 968 2176 1022; x_wconf 82' lang='lat' dir='ltr'><strong>cubiti</strong></span> <span class='ocrx_word' id='word_1_85' title='bbox 2203 969 2359 1024; x_wconf 87' lang='lat' dir='ltr'><strong>situs.</strong></span> <span class='ocrx_word' id='word_1_86' title='bbox 2395 968 2604 1025; x_wconf 78' lang='lat' dir='ltr'><strong>Occidit</strong></span> <span class='ocrx_word' id='word_1_87' title='bbox 2630 971 2994 1042; x_wconf 77' lang='lat' dir='ltr'><strong>Capricornus</strong></span> <span class='ocrx_word' id='word_1_88' title='bbox 3027 976 3158 1032; x_wconf 88' lang='lat' dir='ltr'><strong>hora</strong></span> <span class='ocrx_word' id='word_1_89' title='bbox 3191 957 3220 1034; x_wconf 56' lang='grc' dir='ltr'><strong>ἦ</strong></span> <span class='ocrx_word' id='word_1_90' title='bbox 3256 986 3310 1035; x_wconf 91' lang='lat' dir='ltr'><strong>et</strong></span> 
     </span>
    </p>
   </div>
   <div class='ocr_carea' id='block_1_12' title="bbox 48 1047 1638 1129">
    <p class='ocr_par' dir='ltr' id='par_1_12' title="bbox 48 1047 1638 1129">
     <span class='ocr_line' id='line_1_12' title="bbox 48 1047 1638 1129; baseline 0.006 -31"><span class='ocrx_word' id='word_1_91' title='bbox 48 1047 439 1129; x_wconf 48' lang='lat' dir='ltr'><strong>Eae-179696106</strong></span> <span class='ocrx_word' id='word_1_92' title='bbox 473 1049 547 1110; x_wconf 86' lang='grc' dir='ltr'>ὼς</span> <span class='ocrx_word' id='word_1_93' title='bbox 578 1049 620 1118; x_wconf 82' lang='grc' dir='ltr'><strong>β’</strong></span> <span class='ocrx_word' id='word_1_94' title='bbox 655 1050 792 1121; x_wconf 87' lang='grc' dir='ltr'>μέρη</span> <span class='ocrx_word' id='word_1_95' title='bbox 824 1051 1061 1120; x_wconf 85' lang='grc' dir='ltr'>πήχεως.</span> <span class='ocrx_word' id='word_1_96' title='bbox 1100 1050 1254 1103; x_wconf 87' lang='grc' dir='ltr'>Δύνει</span> <span class='ocrx_word' id='word_1_97' title='bbox 1277 1051 1334 1105; x_wconf 87' lang='grc' dir='ltr'>δὲ</span> <span class='ocrx_word' id='word_1_98' title='bbox 1362 1055 1390 1105; x_wconf 98' lang='lat'><strong>6</strong></span> <span class='ocrx_word' id='word_1_99' title='bbox 1414 1054 1638 1122; x_wconf 80' lang='grc' dir='ltr'>Αίγόκε-</span> 
     </span>
    </p>
   </div>
   <div class='ocr_carea' id='block_1_13' title="bbox 44 1138 1124 1211">
    <p class='ocr_par' dir='ltr' id='par_1_13' title="bbox 44 1138 1124 1211">
     <span class='ocr_line' id='line_1_13' title="bbox 44 1138 1124 1211; baseline 0.006 -23"><span class='ocrx_word' id='word_1_100' title='bbox 44 1155 167 1206; x_wconf 80' lang='grc' dir='ltr'><strong>ρως</strong></span> <span class='ocrx_word' id='word_1_101' title='bbox 199 1139 261 1190; x_wconf 83' lang='grc' dir='ltr'><strong>ἐν</strong></span> <span class='ocrx_word' id='word_1_102' title='bbox 293 1138 410 1209; x_wconf 80' lang='grc' dir='ltr'><strong>ὥρᾳ</strong></span> <span class='ocrx_word' id='word_1_103' title='bbox 435 1138 482 1190; x_wconf 84' lang='grc' dir='ltr'>α’</span> <span class='ocrx_word' id='word_1_104' title='bbox 521 1141 612 1192; x_wconf 77' lang='grc' dir='ltr'><strong>καὶ</strong></span> <span class='ocrx_word' id='word_1_105' title='bbox 641 1140 685 1209; x_wconf 86' lang='grc' dir='ltr'><strong>β’</strong></span> <span class='ocrx_word' id='word_1_106' title='bbox 713 1141 932 1211; x_wconf 84' lang='grc' dir='ltr'>μέρεσιν</span> <span class='ocrx_word' id='word_1_107' title='bbox 957 1141 1124 1211; x_wconf 80' lang='grc' dir='ltr'>ὥρας.</span> 
     </span>
    </p>
   </div>
   <div class='ocr_carea' id='block_1_14' title="bbox 125 1231 1635 1310">
    <p class='ocr_par' dir='ltr' id='par_1_14' title="bbox 125 1231 1635 1310">
     <span class='ocr_line' id='line_1_14' title="bbox 125 1231 1635 1310; baseline 0.006 -28"><span class='ocrx_word' id='word_1_108' title='bbox 125 1231 242 1283; x_wconf 92' lang='grc' dir='ltr'><strong>Τοῦ</strong></span> <span class='ocrx_word' id='word_1_109' title='bbox 264 1231 316 1282; x_wconf 80' lang='grc' dir='ltr'><strong>δὲ</strong></span> <span class='ocrx_word' id='word_1_110' title='bbox 355 1231 636 1302; x_wconf 77' lang='grc' dir='ltr'>’Υδροχόου</span> <span class='ocrx_word' id='word_1_111' title='bbox 657 1233 921 1296; x_wconf 74' lang='grc' dir='ltr'>δύνοντος,</span> <span class='ocrx_word' id='word_1_112' title='bbox 943 1235 1331 1301; x_wconf 78' lang='grc' dir='ltr'>συγκαταδύνει</span> <span class='ocrx_word' id='word_1_113' title='bbox 1365 1237 1463 1306; x_wconf 83' lang='grc' dir='ltr'>μὲν</span> <span class='ocrx_word' id='word_1_114' title='bbox 1487 1239 1635 1310; x_wconf 83' lang='grc' dir='ltr'>αὑτῷ</span> 
     </span>
    </p>
   </div>
   <div class='ocr_carea' id='block_1_15' title="bbox 39 1322 1635 1400">
    <p class='ocr_par' dir='ltr' id='par_1_15' title="bbox 39 1322 1635 1400">
     <span class='ocr_line' id='line_1_15' title="bbox 39 1322 1635 1400; baseline 0.005 -24"><span class='ocrx_word' id='word_1_115' title='bbox 39 1327 72 1376; x_wconf 89' lang='grc' dir='ltr'>ὁ</span> <span class='ocrx_word' id='word_1_116' title='bbox 138 1322 406 1388; x_wconf 72' lang='grc' dir='ltr'>ζωδιακὸς</span> <span class='ocrx_word' id='word_1_117' title='bbox 465 1325 571 1376; x_wconf 86' lang='grc' dir='ltr'><strong>ἀπὸ</strong></span> <span class='ocrx_word' id='word_1_118' title='bbox 623 1326 993 1395; x_wconf 80' lang='grc' dir='ltr'>Αίγοκέρωτος</span> <span class='ocrx_word' id='word_1_119' title='bbox 1043 1327 1152 1396; x_wconf 90' lang='grc' dir='ltr'>μοί.</span> <span class='ocrx_word' id='word_1_120' title='bbox 1188 1329 1255 1398; x_wconf 84' lang='grc' dir='ltr'>ιη’</span> <span class='ocrx_word' id='word_1_121' title='bbox 1312 1331 1635 1400; x_wconf 77' lang='grc' dir='ltr'>μέσης’ἓως</span> 
     </span>
    </p>
   </div>
   <div class='ocr_carea' id='block_1_16' title="bbox 53 1417 1632 1493">
    <p class='ocr_par' dir='ltr' id='par_1_16' title="bbox 53 1417 1632 1493">
     <span class='ocr_line' id='line_1_16' title="bbox 53 1417 1632 1493; baseline 0.006 -25"><span class='ocrx_word' id='word_1_122' title='bbox 53 1417 357 1487; x_wconf 81' lang='grc' dir='ltr'>’Υδροχόου</span> <span class='ocrx_word' id='word_1_123' title='bbox 395 1417 487 1470; x_wconf 84' lang='grc' dir='ltr'>ιε”</span> <span class='ocrx_word' id='word_1_124' title='bbox 525 1423 843 1490; x_wconf 87' lang='grc' dir='ltr'>μεσουρανεῐ</span> <span class='ocrx_word' id='word_1_125' title='bbox 871 1419 927 1471; x_wconf 81' lang='grc' dir='ltr'>δὲ</span> <span class='ocrx_word' id='word_1_126' title='bbox 960 1421 1065 1472; x_wconf 86' lang='grc' dir='ltr'><strong>ἀπὸ</strong></span> <span class='ocrx_word' id='word_1_127' title='bbox 1098 1421 1270 1492; x_wconf 86' lang='grc' dir='ltr'>Κριοῦ</span> <span class='ocrx_word' id='word_1_128' title='bbox 1310 1425 1416 1493; x_wconf 92' lang='grc' dir='ltr'>μοί.</span> <span class='ocrx_word' id='word_1_129' title='bbox 1456 1425 1504 1491; x_wconf 89' lang='grc' dir='ltr'><strong>γ’</strong></span> <span class='ocrx_word' id='word_1_130' title='bbox 1529 1426 1632 1490; x_wconf 79' lang='grc' dir='ltr'>ἓως</span> 
     </span>
    </p>
   </div>
   <div class='ocr_carea' id='block_1_17' title="bbox 33 1508 1631 1584">
    <p class='ocr_par' dir='ltr' id='par_1_17' title="bbox 33 1508 1631 1584">
     <span class='ocr_line' id='line_1_17' title="bbox 33 1508 1631 1584; baseline 0.006 -26"><span class='ocrx_word' id='word_1_131' title='bbox 33 1508 273 1578; x_wconf 88' lang='grc' dir='ltr'>Ταύρου</span> <span class='ocrx_word' id='word_1_132' title='bbox 299 1509 342 1573; x_wconf 75' lang='grc' dir='ltr'><strong>ξ’</strong></span> <span class='ocrx_word' id='word_1_133' title='bbox 379 1509 566 1578; x_wconf 84' lang='grc' dir='ltr'>μέσης.</span> <span class='ocrx_word' id='word_1_134' title='bbox 603 1510 712 1562; x_wconf 74' lang='grc' dir='ltr'><strong>Καὶ</strong></span> <span class='ocrx_word' id='word_1_135' title='bbox 747 1509 796 1562; x_wconf 86' lang='grc' dir='ltr'>α’</span> <span class='ocrx_word' id='word_1_136' title='bbox 837 1510 934 1579; x_wconf 81' lang='grc' dir='ltr'><strong>μὲν</strong></span> <span class='ocrx_word' id='word_1_137' title='bbox 962 1511 1136 1581; x_wconf 77' lang='grc' dir='ltr'>ἀστὴρ</span> <span class='ocrx_word' id='word_1_138' title='bbox 1167 1511 1309 1563; x_wconf 80' lang='grc' dir='ltr'>δύνει</span> <span class='ocrx_word' id='word_1_139' title='bbox 1336 1513 1363 1564; x_wconf 90' lang='lat'><strong>6</strong></span> <span class='ocrx_word' id='word_1_140' title='bbox 1397 1513 1631 1584; x_wconf 82' lang='grc' dir='ltr'>ἡγούμε-</span> 
     </span>
    </p>
   </div>
   <div class='ocr_carea' id='block_1_18' title="bbox 31 1599 1630 1674">
    <p class='ocr_par' dir='ltr' id='par_1_18' title="bbox 31 1599 1630 1674">
     <span class='ocr_line' id='line_1_18' title="bbox 31 1599 1630 1674; baseline 0.005 -25"><span class='ocrx_word' id='word_1_141' title='bbox 31 1616 138 1661; x_wconf 81' lang='grc' dir='ltr'><strong>νος</strong></span> <span class='ocrx_word' id='word_1_142' title='bbox 171 1599 283 1652; x_wconf 83' lang='grc' dir='ltr'><strong>τῶν</strong></span> <span class='ocrx_word' id='word_1_143' title='bbox 315 1603 370 1653; x_wconf 75' lang='grc' dir='ltr'><strong>ἐν</strong></span> <span class='ocrx_word' id='word_1_144' title='bbox 393 1603 458 1674; x_wconf 80' lang='grc' dir='ltr'>τῇ</span> <span class='ocrx_word' id='word_1_145' title='bbox 489 1602 749 1672; x_wconf 75' lang='grc' dir='ltr'>ἀριστερᾷ</span> <span class='ocrx_word' id='word_1_146' title='bbox 779 1601 941 1670; x_wconf 78' lang='grc' dir='ltr'>χειρὶ,</span> <span class='ocrx_word' id='word_1_147' title='bbox 979 1601 1202 1670; x_wconf 79' lang='grc' dir='ltr'>ἔσχατος</span> <span class='ocrx_word' id='word_1_148' title='bbox 1229 1603 1285 1653; x_wconf 82' lang='grc' dir='ltr'>δὲ</span> <span class='ocrx_word' id='word_1_149' title='bbox 1309 1605 1336 1654; x_wconf 93' lang='lat'><strong>6</strong></span> <span class='ocrx_word' id='word_1_150' title='bbox 1367 1604 1630 1674; x_wconf 81' lang='grc' dir='ltr'>ἑπόμενος</span> 
     </span>
    </p>
   </div>
   <div class='ocr_carea' id='block_1_19' title="bbox 26 1691 1630 1762">
    <p class='ocr_par' dir='ltr' id='par_1_19' title="bbox 26 1691 1630 1762">
     <span class='ocr_line' id='line_1_19' title="bbox 26 1691 1630 1762; baseline 0.004 -20"><span class='ocrx_word' id='word_1_151' title='bbox 26 1691 156 1743; x_wconf 81' lang='grc' dir='ltr'><strong>τῶν</strong></span> <span class='ocrx_word' id='word_1_152' title='bbox 191 1694 330 1762; x_wconf 81' lang='grc' dir='ltr'>ἐντῇ</span> <span class='ocrx_word' id='word_1_153' title='bbox 364 1692 599 1745; x_wconf 80' lang='grc' dir='ltr'>κάλπιδι.</span> <span class='ocrx_word' id='word_1_154' title='bbox 621 1692 1026 1762; x_wconf 83' lang='grc' dir='ltr'>Μεσουρανοῦσι</span> <span class='ocrx_word' id='word_1_155' title='bbox 1053 1693 1109 1745; x_wconf 80' lang='grc' dir='ltr'>δὲ</span> <span class='ocrx_word' id='word_1_156' title='bbox 1138 1694 1244 1744; x_wconf 84' lang='grc' dir='ltr'><strong>τῶν</strong></span> <span class='ocrx_word' id='word_1_157' title='bbox 1271 1694 1444 1747; x_wconf 82' lang='grc' dir='ltr'>ἄλλων</span> <span class='ocrx_word' id='word_1_158' title='bbox 1472 1698 1630 1749; x_wconf 89' lang='grc' dir='ltr'>ἀστέ-</span> 
     </span>
    </p>
   </div>
   <div class='ocr_carea' id='block_1_20' title="bbox 31 1784 1629 1857">
    <p class='ocr_par' dir='ltr' id='par_1_20' title="bbox 31 1784 1629 1857">
     <span class='ocr_line' id='line_1_20' title="bbox 31 1784 1629 1857; baseline 0.004 -23"><span class='ocrx_word' id='word_1_159' title='bbox 31 1801 160 1852; x_wconf 85' lang='grc' dir='ltr'>ρων</span> <span class='ocrx_word' id='word_1_160' title='bbox 188 1785 250 1836; x_wconf 82' lang='grc' dir='ltr'>ὲν</span> <span class='ocrx_word' id='word_1_161' title='bbox 283 1785 378 1854; x_wconf 81' lang='grc' dir='ltr'><strong>μὲν</strong></span> <span class='ocrx_word' id='word_1_162' title='bbox 412 1789 476 1854; x_wconf 82' lang='grc' dir='ltr'>τῇ</span> <span class='ocrx_word' id='word_1_163' title='bbox 526 1787 664 1854; x_wconf 78' lang='grc' dir='ltr'>ἀρχῇ</span> <span class='ocrx_word' id='word_1_164' title='bbox 694 1784 784 1837; x_wconf 86' lang='grc' dir='ltr'><strong>τοῦ</strong></span> <span class='ocrx_word' id='word_1_165' title='bbox 819 1785 1069 1855; x_wconf 78' lang='grc' dir='ltr'>Περσέως</span> <span class='ocrx_word' id='word_1_166' title='bbox 1105 1787 1215 1838; x_wconf 79' lang='grc' dir='ltr'>δ’έν</span> <span class='ocrx_word' id='word_1_167' title='bbox 1251 1787 1316 1856; x_wconf 77' lang='grc' dir='ltr'>τῇ</span> <span class='ocrx_word' id='word_1_168' title='bbox 1361 1788 1508 1857; x_wconf 79' lang='grc' dir='ltr'>ἅρπῃ</span> <span class='ocrx_word' id='word_1_169' title='bbox 1544 1805 1629 1840; x_wconf 90' lang='grc' dir='ltr'>νε-</span> 
     </span>
    </p>
   </div>
   <div class='ocr_carea' id='block_1_21' title="bbox 27 1873 1628 1947">
    <p class='ocr_par' dir='ltr' id='par_1_21' title="bbox 27 1873 1628 1947">
     <span class='ocr_line' id='line_1_21' title="bbox 27 1873 1628 1947; baseline 0.003 -23"><span class='ocrx_word' id='word_1_170' title='bbox 27 1875 330 1945; x_wconf 76' lang='grc' dir='ltr'>φελοειδὴς</span> <span class='ocrx_word' id='word_1_171' title='bbox 361 1873 454 1937; x_wconf 80' lang='grc' dir='ltr'>ὢν,</span> <span class='ocrx_word' id='word_1_172' title='bbox 483 1875 691 1944; x_wconf 72' lang='grc' dir='ltr'>καὶτῆς</span> <span class='ocrx_word' id='word_1_173' title='bbox 729 1874 1080 1946; x_wconf 81' lang='grc' dir='ltr'>Ἀνδρομέδας</span> <span class='ocrx_word' id='word_1_174' title='bbox 1104 1878 1131 1928; x_wconf 83' lang='lat'><strong>6</strong></span> <span class='ocrx_word' id='word_1_175' title='bbox 1163 1875 1443 1947; x_wconf 78' lang='grc' dir='ltr'>ἀριστερὸς</span> <span class='ocrx_word' id='word_1_176' title='bbox 1470 1876 1628 1941; x_wconf 82' lang='grc' dir='ltr'>ποῦς,</span> 
     </span>
    </p>
   </div>
   <div class='ocr_carea' id='block_1_22' title="bbox 1739 1059 2432 1130">
    <p class='ocr_par' dir='ltr' id='par_1_22' title="bbox 1739 1059 2432 1130">
     <span class='ocr_line' id='line_1_22' title="bbox 1739 1059 2432 1130; baseline 0.004 -18"><span class='ocrx_word' id='word_1_177' title='bbox 1739 1059 1951 1116; x_wconf 87' lang='lat' dir='ltr'><strong>duobus</strong></span> <span class='ocrx_word' id='word_1_178' title='bbox 1992 1061 2134 1115; x_wconf 64' lang='lat' dir='ltr'><strong>horse</strong></span> <span class='ocrx_word' id='word_1_179' title='bbox 2168 1061 2432 1130; x_wconf 78' lang='lat' dir='ltr'><strong>partibus.</strong></span> 
     </span>
    </p>
   </div>
   <div class='ocr_carea' id='block_1_23' title="bbox 1807 1237 3305 1314">
    <p class='ocr_par' dir='ltr' id='par_1_23' title="bbox 1807 1237 3305 1314">
     <span class='ocr_line' id='line_1_23' title="bbox 1807 1237 3305 1314; baseline 0.009 -25"><span class='ocrx_word' id='word_1_180' title='bbox 1807 1238 1943 1290; x_wconf 82' lang='lat' dir='ltr'><strong>Cum</strong></span> <span class='ocrx_word' id='word_1_181' title='bbox 1973 1237 2216 1308; x_wconf 83' lang='lat' dir='ltr'><strong>Aquario</strong></span> <span class='ocrx_word' id='word_1_182' title='bbox 2263 1238 2518 1295; x_wconf 80' lang='lat' dir='ltr'><strong>zodiacus</strong></span> <span class='ocrx_word' id='word_1_183' title='bbox 2571 1241 2772 1296; x_wconf 89' lang='lat' dir='ltr'><strong>occidit</strong></span> <span class='ocrx_word' id='word_1_184' title='bbox 2801 1257 2830 1296; x_wconf 88' lang='lat' dir='ltr'><strong>a</strong></span> <span class='ocrx_word' id='word_1_185' title='bbox 2869 1243 3190 1314; x_wconf 85' lang='lat' dir='ltr'><strong>Capricorni</strong></span> <span class='ocrx_word' id='word_1_186' title='bbox 3223 1247 3305 1311; x_wconf 81' lang='grc'><strong>18,</strong></span> 
     </span>
    </p>
   </div>
   <div class='ocr_carea' id='block_1_24' title="bbox 1736 1328 3308 1398">
    <p class='ocr_par' dir='ltr' id='par_1_24' title="bbox 1736 1328 3308 1398">
     <span class='ocr_line' id='line_1_24' title="bbox 1736 1328 3308 1398; baseline 0.008 -17"><span class='ocrx_word' id='word_1_187' title='bbox 1736 1328 1912 1382; x_wconf 90' lang='lat' dir='ltr'><strong>media</strong></span> <span class='ocrx_word' id='word_1_188' title='bbox 1966 1329 2032 1381; x_wconf 90' lang='lat' dir='ltr'><strong>ad</strong></span> <span class='ocrx_word' id='word_1_189' title='bbox 2089 1328 2312 1398; x_wconf 80' lang='lat' dir='ltr'><strong>Aquarii</strong></span> <span class='ocrx_word' id='word_1_190' title='bbox 2347 1330 2444 1396; x_wconf 72' lang='lat'><strong>15;</strong></span> <span class='ocrx_word' id='word_1_191' title='bbox 2501 1330 2767 1386; x_wconf 85' lang='lat' dir='ltr'><strong>culminat</strong></span> <span class='ocrx_word' id='word_1_192' title='bbox 2799 1333 2867 1387; x_wconf 88' lang='lat' dir='ltr'><strong>ab</strong></span> <span class='ocrx_word' id='word_1_193' title='bbox 2915 1331 3116 1392; x_wconf 85' lang='lat' dir='ltr'><strong>Arietis</strong></span> <span class='ocrx_word' id='word_1_194' title='bbox 3165 1340 3198 1393; x_wconf 81' lang='grc'><strong>5</strong></span> <span class='ocrx_word' id='word_1_195' title='bbox 3241 1339 3308 1394; x_wconf 81' lang='lat' dir='ltr'><strong>ad</strong></span> 
     </span>
    </p>
   </div>
   <div class='ocr_carea' id='block_1_25' title="bbox 1736 1418 3306 1489">
    <p class='ocr_par' dir='ltr' id='par_1_25' title="bbox 1736 1418 3306 1489">
     <span class='ocr_line' id='line_1_25' title="bbox 1736 1418 3306 1489; baseline 0.011 -21"><span class='ocrx_word' id='word_1_196' title='bbox 1736 1418 1899 1472; x_wconf 84' lang='lat' dir='ltr'><strong>Tauri</strong></span> <span class='ocrx_word' id='word_1_197' title='bbox 1950 1419 2179 1473; x_wconf 87' lang='lat' dir='ltr'><strong>mediam</strong></span> <span class='ocrx_word' id='word_1_198' title='bbox 2212 1419 2259 1472; x_wconf 91' lang='lat'><strong>7.</strong></span> <span class='ocrx_word' id='word_1_199' title='bbox 2293 1419 2452 1473; x_wconf 83' lang='lat' dir='ltr'><strong>Prior</strong></span> <span class='ocrx_word' id='word_1_200' title='bbox 2500 1423 2700 1478; x_wconf 82' lang='lat' dir='ltr'><strong>occidit</strong></span> <span class='ocrx_word' id='word_1_201' title='bbox 2734 1427 2912 1489; x_wconf 92' lang='lat' dir='ltr'><strong>stella,</strong></span> <span class='ocrx_word' id='word_1_202' title='bbox 2975 1430 3306 1487; x_wconf 82' lang='lat' dir='ltr'><strong>antecedens</strong></span> 
     </span>
    </p>
   </div>
   <div class='ocr_carea' id='block_1_26' title="bbox 1732 1513 3308 1585">
    <p class='ocr_par' dir='ltr' id='par_1_26' title="bbox 1732 1513 3308 1585">
     <span class='ocr_line' id='line_1_26' title="bbox 1732 1513 3308 1585; baseline 0.01 -21"><span class='ocrx_word' id='word_1_203' title='bbox 1732 1526 1942 1575; x_wconf 89' lang='lat' dir='ltr'><strong>earum,</strong></span> <span class='ocrx_word' id='word_1_204' title='bbox 1979 1528 2097 1582; x_wconf 65' lang='lat' dir='ltr'><strong>quae</strong></span> <span class='ocrx_word' id='word_1_205' title='bbox 2137 1522 2261 1566; x_wconf 90' lang='lat' dir='ltr'><strong>sunt</strong></span> <span class='ocrx_word' id='word_1_206' title='bbox 2292 1514 2343 1566; x_wconf 91' lang='lat' dir='ltr'><strong>in</strong></span> <span class='ocrx_word' id='word_1_207' title='bbox 2368 1513 2591 1568; x_wconf 86' lang='lat' dir='ltr'><strong>sinistra</strong></span> <span class='ocrx_word' id='word_1_208' title='bbox 2627 1531 2825 1585; x_wconf 83' lang='lat' dir='ltr'><strong>manu;</strong></span> <span class='ocrx_word' id='word_1_209' title='bbox 2863 1518 3073 1583; x_wconf 86' lang='lat' dir='ltr'><strong>ultima,</strong></span> <span class='ocrx_word' id='word_1_210' title='bbox 3116 1537 3308 1578; x_wconf 86' lang='lat' dir='ltr'><strong>succe-</strong></span> 
     </span>
    </p>
   </div>
   <div class='ocr_carea' id='block_1_27' title="bbox 1733 1602 3299 1678">
    <p class='ocr_par' dir='ltr' id='par_1_27' title="bbox 1733 1602 3299 1678">
     <span class='ocr_line' id='line_1_27' title="bbox 1733 1602 3299 1678; baseline 0.008 -23"><span class='ocrx_word' id='word_1_211' title='bbox 1733 1602 1868 1657; x_wconf 88' lang='lat' dir='ltr'><strong>dens</strong></span> <span class='ocrx_word' id='word_1_212' title='bbox 1894 1617 2103 1666; x_wconf 89' lang='lat' dir='ltr'><strong>earum,</strong></span> <span class='ocrx_word' id='word_1_213' title='bbox 2133 1619 2252 1673; x_wconf 67' lang='lat' dir='ltr'><strong>qua:</strong></span> <span class='ocrx_word' id='word_1_214' title='bbox 2285 1603 2338 1656; x_wconf 91' lang='lat' dir='ltr'><strong>in</strong></span> <span class='ocrx_word' id='word_1_215' title='bbox 2362 1619 2520 1658; x_wconf 87' lang='lat' dir='ltr'><strong>urna.</strong></span> <span class='ocrx_word' id='word_1_216' title='bbox 2579 1604 2934 1676; x_wconf 85' lang='lat' dir='ltr'><strong>Reliquarum</strong></span> <span class='ocrx_word' id='word_1_217' title='bbox 2981 1611 3299 1678; x_wconf 83' lang='lat' dir='ltr'><strong>culminant,</strong></span> 
     </span>
    </p>
   </div>
   <div class='ocr_carea' id='block_1_28' title="bbox 1732 1692 3306 1770">
    <p class='ocr_par' dir='ltr' id='par_1_28' title="bbox 1732 1692 3306 1770">
     <span class='ocr_line' id='line_1_28' title="bbox 1732 1692 3306 1770; baseline 0.008 -25"><span class='ocrx_word' id='word_1_218' title='bbox 1732 1692 1887 1748; x_wconf 89' lang='lat' dir='ltr'><strong>initio</strong></span> <span class='ocrx_word' id='word_1_219' title='bbox 1909 1692 2148 1762; x_wconf 88' lang='lat' dir='ltr'><strong>quidem,</strong></span> <span class='ocrx_word' id='word_1_220' title='bbox 2201 1709 2262 1748; x_wconf 87' lang='lat' dir='ltr'><strong>ea</strong></span> <span class='ocrx_word' id='word_1_221' title='bbox 2305 1711 2425 1770; x_wconf 75' lang='lat' dir='ltr'><strong>quae</strong></span> <span class='ocrx_word' id='word_1_222' title='bbox 2465 1703 2548 1751; x_wconf 90' lang='lat' dir='ltr'><strong>est</strong></span> <span class='ocrx_word' id='word_1_223' title='bbox 2606 1697 2660 1749; x_wconf 89' lang='lat' dir='ltr'><strong>in</strong></span> <span class='ocrx_word' id='word_1_224' title='bbox 2697 1697 2866 1767; x_wconf 86' lang='lat' dir='ltr'><strong>harpe</strong></span> <span class='ocrx_word' id='word_1_225' title='bbox 2898 1697 3084 1756; x_wconf 89' lang='lat' dir='ltr'><strong>Persei</strong></span> <span class='ocrx_word' id='word_1_226' title='bbox 3132 1703 3306 1757; x_wconf 83' lang='lat' dir='ltr'><strong>nebu-</strong></span> 
     </span>
    </p>
   </div>
   <div class='ocr_carea' id='block_1_29' title="bbox 1732 1781 3305 1858">
    <p class='ocr_par' dir='ltr' id='par_1_29' title="bbox 1732 1781 3305 1858">
     <span class='ocr_line' id='line_1_29' title="bbox 1732 1781 3305 1858; baseline 0.01 -24"><span class='ocrx_word' id='word_1_227' title='bbox 1732 1781 1844 1834; x_wconf 88' lang='lat' dir='ltr'><strong>Iosa</strong></span> <span class='ocrx_word' id='word_1_228' title='bbox 1866 1800 1879 1849; x_wconf 92' lang='lat'>;</span> <span class='ocrx_word' id='word_1_229' title='bbox 1900 1790 1953 1838; x_wconf 89' lang='lat' dir='ltr'><strong>et</strong></span> <span class='ocrx_word' id='word_1_230' title='bbox 1983 1783 2344 1841; x_wconf 70' lang='lat' dir='ltr'><strong>Andromedae</strong></span> <span class='ocrx_word' id='word_1_231' title='bbox 2377 1802 2473 1857; x_wconf 86' lang='lat' dir='ltr'><strong>pes</strong></span> <span class='ocrx_word' id='word_1_232' title='bbox 2514 1788 2758 1853; x_wconf 89' lang='lat' dir='ltr'><strong>sinister,</strong></span> <span class='ocrx_word' id='word_1_233' title='bbox 2787 1789 3067 1858; x_wconf 87' lang='lat' dir='ltr'><strong>paululum</strong></span> <span class='ocrx_word' id='word_1_234' title='bbox 3087 1802 3305 1849; x_wconf 80' lang='lat' dir='ltr'><strong>antece—</strong></span> 
     </span>
    </p>
   </div>
   <div class='ocr_carea' id='block_1_30' title="bbox 1729 1869 3303 1947">
    <p class='ocr_par' dir='ltr' id='par_1_30' title="bbox 1729 1869 3303 1947">
     <span class='ocr_line' id='line_1_30' title="bbox 1729 1869 3303 1947; baseline 0.008 -24"><span class='ocrx_word' id='word_1_235' title='bbox 1729 1869 1865 1927; x_wconf 77' lang='lat' dir='ltr'><strong>deus</strong></span> <span class='ocrx_word' id='word_1_236' title='bbox 1894 1874 2255 1929; x_wconf 87' lang='lat' dir='ltr'><strong>meridianum</strong></span> <span class='ocrx_word' id='word_1_237' title='bbox 2293 1892 2303 1925; x_wconf 93' lang='lat'>:</span> <span class='ocrx_word' id='word_1_238' title='bbox 2340 1877 2467 1929; x_wconf 88' lang='lat' dir='ltr'><strong>item</strong></span> <span class='ocrx_word' id='word_1_239' title='bbox 2497 1876 2696 1930; x_wconf 87' lang='lat' dir='ltr'><strong>Arietis</strong></span> <span class='ocrx_word' id='word_1_240' title='bbox 2729 1891 2915 1930; x_wconf 89' lang='lat' dir='ltr'><strong>earum</strong></span> <span class='ocrx_word' id='word_1_241' title='bbox 2940 1893 3060 1947; x_wconf 84' lang='lat' dir='ltr'><strong>quae</strong></span> <span class='ocrx_word' id='word_1_242' title='bbox 3090 1890 3219 1936; x_wconf 86' lang='lat' dir='ltr'><strong>sunt.</strong></span> <span class='ocrx_word' id='word_1_243' title='bbox 3247 1883 3303 1936; x_wconf 90' lang='lat' dir='ltr'><strong>in</strong></span> 
     </span>
    </p>
   </div>
   <div class='ocr_carea' id='block_1_31' title="bbox 30 1952 1611 2039">
    <p class='ocr_par' dir='ltr' id='par_1_31' title="bbox 30 1965 1611 2039">
     <span class='ocr_line' id='line_1_31' title="bbox 30 1965 1611 2039; baseline 0.004 -24"><span class='ocrx_word' id='word_1_244' title='bbox 30 1965 252 2033; x_wconf 81' lang='grc' dir='ltr'>μικρὸν</span> <span class='ocrx_word' id='word_1_245' title='bbox 301 1966 704 2036; x_wconf 79' lang='grc' dir='ltr'>προηγούμενος</span> <span class='ocrx_word' id='word_1_246' title='bbox 746 1965 839 2018; x_wconf 92' lang='grc' dir='ltr'><strong>τοῦ</strong></span> <span class='ocrx_word' id='word_1_247' title='bbox 883 1967 1253 2038; x_wconf 77' lang='grc' dir='ltr'>μεσημϐρινοῦ</span> <span class='ocrx_word' id='word_1_248' title='bbox 1277 1985 1288 1997; x_wconf 92' lang='grc'><strong>·</strong></span> <span class='ocrx_word' id='word_1_249' title='bbox 1325 1969 1524 2039; x_wconf 83' lang='grc' dir='ltr'>ὁμοίως</span> <span class='ocrx_word' id='word_1_250' title='bbox 1564 1969 1611 2023; x_wconf 83' lang='grc' dir='ltr'>δὲ</span> 
     </span>
    </p>
   </div>
   <div class='ocr_carea' id='block_1_32' title="bbox 1716 1952 3302 2039">
    <p class='ocr_par' dir='ltr' id='par_1_32' title="bbox 1727 1964 3302 2037">
     <span class='ocr_line' id='line_1_32' title="bbox 1727 1964 3302 2037; baseline 0.005 -21"><span class='ocrx_word' id='word_1_251' title='bbox 1727 1964 1923 2033; x_wconf 89' lang='lat' dir='ltr'><strong>capite,</strong></span> <span class='ocrx_word' id='word_1_252' title='bbox 1949 1965 2159 2031; x_wconf 86' lang='lat' dir='ltr'><strong>media;</strong></span> <span class='ocrx_word' id='word_1_253' title='bbox 2188 1966 2379 2020; x_wconf 89' lang='lat' dir='ltr'><strong>ultima</strong></span> <span class='ocrx_word' id='word_1_254' title='bbox 2423 1983 2574 2032; x_wconf 85' lang='lat' dir='ltr'><strong>vero,</strong></span> <span class='ocrx_word' id='word_1_255' title='bbox 2602 1983 2723 2037; x_wconf 69' lang='lat' dir='ltr'><strong>quae</strong></span> <span class='ocrx_word' id='word_1_256' title='bbox 2764 1977 2848 2023; x_wconf 90' lang='lat' dir='ltr'><strong>est</strong></span> <span class='ocrx_word' id='word_1_257' title='bbox 2877 1970 2932 2022; x_wconf 87' lang='lat' dir='ltr'><strong>in</strong></span> <span class='ocrx_word' id='word_1_258' title='bbox 2967 1969 3130 2025; x_wconf 89' lang='lat' dir='ltr'><strong>Tauri</strong></span> <span class='ocrx_word' id='word_1_259' title='bbox 3178 1987 3302 2027; x_wconf 80' lang='lat' dir='ltr'><strong>scu-</strong></span> 
     </span>
    </p>
   </div>
   <div class='ocr_carea' id='block_1_33' title="bbox 24 2055 1619 2130">
    <p class='ocr_par' dir='ltr' id='par_1_33' title="bbox 24 2055 1619 2130">
     <span class='ocr_line' id='line_1_33' title="bbox 24 2055 1619 2130; baseline 0.004 -24"><span class='ocrx_word' id='word_1_260' title='bbox 24 2057 136 2106; x_wconf 72' lang='grc' dir='ltr'><strong>καὶ</strong></span> <span class='ocrx_word' id='word_1_261' title='bbox 169 2055 265 2106; x_wconf 87' lang='grc' dir='ltr'><strong>τοῦ</strong></span> <span class='ocrx_word' id='word_1_262' title='bbox 295 2056 463 2126; x_wconf 85' lang='grc' dir='ltr'>Κριοῦ</span> <span class='ocrx_word' id='word_1_263' title='bbox 487 2059 514 2108; x_wconf 88' lang='lat'><strong>6</strong></span> <span class='ocrx_word' id='word_1_264' title='bbox 544 2057 704 2126; x_wconf 84' lang='grc' dir='ltr'>μέσος</span> <span class='ocrx_word' id='word_1_265' title='bbox 725 2057 833 2109; x_wconf 83' lang='grc' dir='ltr'><strong>τῶν</strong></span> <span class='ocrx_word' id='word_1_266' title='bbox 859 2059 915 2109; x_wconf 80' lang='grc' dir='ltr'><strong>ὲν</strong></span> <span class='ocrx_word' id='word_1_267' title='bbox 937 2062 1000 2129; x_wconf 80' lang='grc' dir='ltr'>τῇ</span> <span class='ocrx_word' id='word_1_268' title='bbox 1034 2059 1239 2129; x_wconf 74' lang='grc' dir='ltr'>κεφαλῇ</span> <span class='ocrx_word' id='word_1_269' title='bbox 1267 2077 1279 2091; x_wconf 74' lang='grc' dir='ltr'><strong><em>ο</em></strong></span> <span class='ocrx_word' id='word_1_270' title='bbox 1310 2060 1533 2130; x_wconf 78' lang='grc' dir='ltr'>ἔσχατος</span> <span class='ocrx_word' id='word_1_271' title='bbox 1563 2061 1619 2113; x_wconf 81' lang='grc' dir='ltr'>δὲ</span> 
     </span>
    </p>
   </div>
   <div class='ocr_carea' id='block_1_34' title="bbox 21 2145 1617 2221">
    <p class='ocr_par' dir='ltr' id='par_1_34' title="bbox 21 2145 1617 2221">
     <span class='ocr_line' id='line_1_34' title="bbox 21 2145 1617 2221; baseline 0.006 -27"><span class='ocrx_word' id='word_1_272' title='bbox 21 2147 58 2194; x_wconf 82' lang='grc' dir='ltr'>ὁ</span> <span class='ocrx_word' id='word_1_273' title='bbox 88 2147 164 2215; x_wconf 59' lang='grc' dir='ltr'><strong>,ἐν</strong></span> <span class='ocrx_word' id='word_1_274' title='bbox 199 2147 266 2214; x_wconf 86' lang='grc' dir='ltr'>τῇ</span> <span class='ocrx_word' id='word_1_275' title='bbox 295 2145 590 2219; x_wconf 79' lang='grc' dir='ltr'>ὼμοπλὰτῃ</span> <span class='ocrx_word' id='word_1_276' title='bbox 623 2146 715 2199; x_wconf 89' lang='grc' dir='ltr'><strong>τοῦ</strong></span> <span class='ocrx_word' id='word_1_277' title='bbox 750 2148 983 2220; x_wconf 87' lang='grc' dir='ltr'>Ταύρου,</span> <span class='ocrx_word' id='word_1_278' title='bbox 1045 2149 1120 2212; x_wconf 82' lang='grc' dir='ltr'>ὡς</span> <span class='ocrx_word' id='word_1_279' title='bbox 1159 2151 1457 2220; x_wconf 80' lang='grc' dir='ltr'>ἡμιπήχιον</span> <span class='ocrx_word' id='word_1_280' title='bbox 1484 2168 1617 2221; x_wconf 89' lang='grc' dir='ltr'>προ-</span> 
     </span>
    </p>
   </div>
   <div class='ocr_carea' id='block_1_35' title="bbox 21 2236 1620 2313">
    <p class='ocr_par' dir='ltr' id='par_1_35' title="bbox 21 2236 1620 2313">
     <span class='ocr_line' id='line_1_35' title="bbox 21 2236 1620 2313; baseline 0.011 -32"><span class='ocrx_word' id='word_1_281' title='bbox 21 2236 181 2306; x_wconf 66' lang='grc' dir='ltr'>ηγού</span> <span class='ocrx_word' id='word_1_282' title='bbox 191 2253 350 2306; x_wconf 86' lang='grc' dir='ltr'>μενος</span> <span class='ocrx_word' id='word_1_283' title='bbox 375 2237 468 2289; x_wconf 90' lang='grc' dir='ltr'><strong>τοῦ</strong></span> <span class='ocrx_word' id='word_1_284' title='bbox 503 2238 894 2309; x_wconf 73' lang='grc' dir='ltr'>μεσημϐρινοῦ,</span> <span class='ocrx_word' id='word_1_285' title='bbox 926 2240 1017 2291; x_wconf 70' lang='grc' dir='ltr'><strong>καὶ</strong></span> <span class='ocrx_word' id='word_1_286' title='bbox 1043 2241 1151 2292; x_wconf 79' lang='grc' dir='ltr'><strong>τῶν</strong></span> <span class='ocrx_word' id='word_1_287' title='bbox 1179 2241 1382 2294; x_wconf 79' lang='grc' dir='ltr'>Ὑάδων</span> <span class='ocrx_word' id='word_1_288' title='bbox 1409 2245 1437 2295; x_wconf 90' lang='lat'><strong>6</strong></span> <span class='ocrx_word' id='word_1_289' title='bbox 1461 2245 1519 2296; x_wconf 83' lang='grc' dir='ltr'><strong>ὲν</strong></span> <span class='ocrx_word' id='word_1_290' title='bbox 1543 2242 1620 2313; x_wconf 82' lang='grc' dir='ltr'>τῷ</span> 
     </span>
    </p>
   </div>
   <div class='ocr_carea' id='block_1_36' title="bbox 25 2330 1620 2406">
    <p class='ocr_par' dir='ltr' id='par_1_36' title="bbox 25 2330 1620 2406">
     <span class='ocr_line' id='line_1_36' title="bbox 25 2330 1620 2406; baseline 0.005 -27"><span class='ocrx_word' id='word_1_291' title='bbox 25 2330 263 2398; x_wconf 70' lang='grc' dir='ltr'>ῥύγχει,</span> <span class='ocrx_word' id='word_1_292' title='bbox 301 2330 374 2392; x_wconf 83' lang='grc' dir='ltr'>ὡς</span> <span class='ocrx_word' id='word_1_293' title='bbox 423 2332 721 2400; x_wconf 78' lang='grc' dir='ltr'>ήμιπήχιον</span> <span class='ocrx_word' id='word_1_294' title='bbox 746 2331 1166 2400; x_wconf 82' lang='grc' dir='ltr'>ὑπολειπόμενος</span> <span class='ocrx_word' id='word_1_295' title='bbox 1195 2333 1288 2385; x_wconf 90' lang='grc' dir='ltr'><strong>τοῦ</strong></span> <span class='ocrx_word' id='word_1_296' title='bbox 1322 2334 1620 2406; x_wconf 80' lang='grc' dir='ltr'>μεσημϐρι-</span> 
     </span>
    </p>
   </div>
   <div class='ocr_carea' id='block_1_37' title="bbox 23 2419 1615 2497">
    <p class='ocr_par' dir='ltr' id='par_1_37' title="bbox 23 2419 1615 2497">
     <span class='ocr_line' id='line_1_37' title="bbox 23 2419 1615 2497; baseline 0.004 -25"><span class='ocrx_word' id='word_1_297' title='bbox 23 2420 154 2472; x_wconf 84' lang='grc' dir='ltr'>νοῦ.</span> <span class='ocrx_word' id='word_1_298' title='bbox 198 2419 354 2472; x_wconf 81' lang='grc' dir='ltr'>Δύνει</span> <span class='ocrx_word' id='word_1_299' title='bbox 382 2421 440 2472; x_wconf 86' lang='grc' dir='ltr'><strong>δὲ</strong></span> <span class='ocrx_word' id='word_1_300' title='bbox 469 2422 496 2471; x_wconf 92' lang='lat'><strong>6</strong></span> <span class='ocrx_word' id='word_1_301' title='bbox 537 2419 815 2491; x_wconf 87' lang='grc' dir='ltr'>Ύδροχόος</span> <span class='ocrx_word' id='word_1_302' title='bbox 843 2423 900 2472; x_wconf 81' lang='grc' dir='ltr'>ὲν</span> <span class='ocrx_word' id='word_1_303' title='bbox 943 2421 1111 2490; x_wconf 85' lang='grc' dir='ltr'>ὥραις</span> <span class='ocrx_word' id='word_1_304' title='bbox 1149 2422 1194 2492; x_wconf 83' lang='grc' dir='ltr'><strong>β’</strong></span> <span class='ocrx_word' id='word_1_305' title='bbox 1228 2425 1319 2476; x_wconf 76' lang='grc' dir='ltr'><strong>καὶ</strong></span> <span class='ocrx_word' id='word_1_306' title='bbox 1365 2426 1413 2495; x_wconf 79' lang='grc' dir='ltr'>η’</span> <span class='ocrx_word' id='word_1_307' title='bbox 1443 2426 1615 2497; x_wconf 86' lang='grc' dir='ltr'>μέρει.</span> 
     </span>
    </p>
   </div>
   <div class='ocr_carea' id='block_1_38' title="bbox 109 2510 1618 2584">
    <p class='ocr_par' dir='ltr' id='par_1_38' title="bbox 109 2510 1618 2584">
     <span class='ocr_line' id='line_1_38' title="bbox 109 2510 1618 2584; baseline 0.005 -22"><span class='ocrx_word' id='word_1_308' title='bbox 109 2511 239 2564; x_wconf 83' lang='grc' dir='ltr'><strong>Τῶν</strong></span> <span class='ocrx_word' id='word_1_309' title='bbox 284 2511 340 2564; x_wconf 81' lang='grc' dir='ltr'><strong>δὲ</strong></span> <span class='ocrx_word' id='word_1_310' title='bbox 381 2510 600 2580; x_wconf 72' lang='grc' dir='ltr'>Ἰχθύων</span> <span class='ocrx_word' id='word_1_311' title='bbox 637 2511 920 2574; x_wconf 84' lang='grc' dir='ltr'>δυνόντων,</span> <span class='ocrx_word' id='word_1_312' title='bbox 957 2512 1344 2578; x_wconf 79' lang='grc' dir='ltr'>συγκαταδύνει</span> <span class='ocrx_word' id='word_1_313' title='bbox 1382 2515 1480 2584; x_wconf 85' lang='grc' dir='ltr'><strong>μὲν</strong></span> <span class='ocrx_word' id='word_1_314' title='bbox 1518 2517 1618 2568; x_wconf 79' lang='grc' dir='ltr'>αὑ-</span> 
     </span>
    </p>
   </div>
   <div class='ocr_carea' id='block_1_39' title="bbox 21 2600 1619 2672">
    <p class='ocr_par' dir='ltr' id='par_1_39' title="bbox 21 2600 1619 2672">
     <span class='ocr_line' id='line_1_39' title="bbox 21 2600 1619 2672; baseline 0.003 -20"><span class='ocrx_word' id='word_1_315' title='bbox 21 2605 152 2664; x_wconf 82' lang='grc' dir='ltr'>τοῖς</span> <span class='ocrx_word' id='word_1_316' title='bbox 200 2604 230 2654; x_wconf 93' lang='lat'><strong>6</strong></span> <span class='ocrx_word' id='word_1_317' title='bbox 279 2600 538 2664; x_wconf 76' lang='grc' dir='ltr'>ζωδιακὸς</span> <span class='ocrx_word' id='word_1_318' title='bbox 585 2601 691 2652; x_wconf 88' lang='grc' dir='ltr'><strong>ἀπὸ</strong></span> <span class='ocrx_word' id='word_1_319' title='bbox 733 2600 1014 2672; x_wconf 85' lang='grc' dir='ltr'>’Υδροχόου</span> <span class='ocrx_word' id='word_1_320' title='bbox 1074 2602 1182 2671; x_wconf 89' lang='grc' dir='ltr'>μοί.</span> <span class='ocrx_word' id='word_1_321' title='bbox 1219 2609 1268 2669; x_wconf 89' lang='grc' dir='ltr'><strong>γ’</strong></span> <span class='ocrx_word' id='word_1_322' title='bbox 1299 2604 1393 2655; x_wconf 55' lang='grc' dir='ltr'><strong>καὶ⁸</strong></span> <span class='ocrx_word' id='word_1_323' title='bbox 1433 2611 1480 2656; x_wconf 82' lang='grc' dir='ltr'>κ’</span> <span class='ocrx_word' id='word_1_324' title='bbox 1514 2604 1619 2668; x_wconf 86' lang='grc' dir='ltr'>’έως</span> 
     </span>
    </p>
   </div>
   <div class='ocr_carea' id='block_1_40' title="bbox 22 2690 1618 2762">
    <p class='ocr_par' dir='ltr' id='par_1_40' title="bbox 22 2690 1618 2762">
     <span class='ocr_line' id='line_1_40' title="bbox 22 2690 1618 2762; baseline 0.001 -20"><span class='ocrx_word' id='word_1_325' title='bbox 22 2690 218 2761; x_wconf 78' lang='grc' dir='ltr'>Κριοῦ</span> <span class='ocrx_word' id='word_1_326' title='bbox 275 2692 381 2760; x_wconf 87' lang='grc' dir='ltr'>μοί.</span> <span class='ocrx_word' id='word_1_327' title='bbox 411 2690 483 2742; x_wconf 87' lang='grc' dir='ltr'><strong>ε’·</strong></span> <span class='ocrx_word' id='word_1_328' title='bbox 528 2693 851 2760; x_wconf 86' lang='grc' dir='ltr'>μεσουρανεί</span> <span class='ocrx_word' id='word_1_329' title='bbox 905 2690 1086 2742; x_wconf 83' lang='grc' dir='ltr'>δὲάπὸ</span> <span class='ocrx_word' id='word_1_330' title='bbox 1130 2690 1344 2760; x_wconf 85' lang='grc' dir='ltr'>Ταύρου</span> <span class='ocrx_word' id='word_1_331' title='bbox 1401 2691 1508 2762; x_wconf 91' lang='grc' dir='ltr'>μοί.</span> <span class='ocrx_word' id='word_1_332' title='bbox 1556 2691 1618 2756; x_wconf 73' lang='grc' dir='ltr'><strong>ιζ’</strong></span> 
     </span>
    </p>
   </div>
   <div class='ocr_carea' id='block_1_41' title="bbox 21 2782 1619 2855">
    <p class='ocr_par' dir='ltr' id='par_1_41' title="bbox 21 2782 1619 2855">
     <span class='ocr_line' id='line_1_41' title="bbox 21 2782 1619 2855; baseline 0.001 -21"><span class='ocrx_word' id='word_1_333' title='bbox 21 2784 144 2844; x_wconf 79' lang='grc' dir='ltr'>ἓως</span> <span class='ocrx_word' id='word_1_334' title='bbox 170 2783 443 2850; x_wconf 78' lang='grc' dir='ltr'>Καρκίνου</span> <span class='ocrx_word' id='word_1_335' title='bbox 465 2789 538 2846; x_wconf 84' lang='grc' dir='ltr'>ς’.</span> <span class='ocrx_word' id='word_1_336' title='bbox 559 2783 666 2835; x_wconf 76' lang='grc' dir='ltr'><strong>Καὶ</strong></span> <span class='ocrx_word' id='word_1_337' title='bbox 692 2789 738 2833; x_wconf 76' lang='grc' dir='ltr'><strong>ι’</strong></span> <span class='ocrx_word' id='word_1_338' title='bbox 760 2782 856 2852; x_wconf 84' lang='grc' dir='ltr'>μὲν</span> <span class='ocrx_word' id='word_1_339' title='bbox 887 2782 1060 2854; x_wconf 82' lang='grc' dir='ltr'>ἀστὴρ</span> <span class='ocrx_word' id='word_1_340' title='bbox 1080 2782 1221 2835; x_wconf 88' lang='grc' dir='ltr'>δύνει</span> <span class='ocrx_word' id='word_1_341' title='bbox 1241 2786 1269 2834; x_wconf 87' lang='lat'><strong>6</strong></span> <span class='ocrx_word' id='word_1_342' title='bbox 1299 2785 1353 2834; x_wconf 84' lang='grc' dir='ltr'>ὲν</span> <span class='ocrx_word' id='word_1_343' title='bbox 1369 2784 1520 2855; x_wconf 80' lang='grc' dir='ltr'>ἄκρῳ</span> <span class='ocrx_word' id='word_1_344' title='bbox 1542 2783 1619 2853; x_wconf 84' lang='grc' dir='ltr'>τῷ</span> 
     </span>
    </p>
   </div>
   <div class='ocr_carea' id='block_1_42' title="bbox 24 2873 1618 2945">
    <p class='ocr_par' dir='ltr' id='par_1_42' title="bbox 24 2873 1618 2945">
     <span class='ocr_line' id='line_1_42' title="bbox 24 2873 1618 2945; baseline 0.003 -21"><span class='ocrx_word' id='word_1_345' title='bbox 24 2875 237 2944; x_wconf 73' lang='grc' dir='ltr'>ῥύγχει</span> <span class='ocrx_word' id='word_1_346' title='bbox 271 2873 362 2924; x_wconf 83' lang='grc' dir='ltr'><strong>τοῦ</strong></span> <span class='ocrx_word' id='word_1_347' title='bbox 408 2873 746 2944; x_wconf 87' lang='grc' dir='ltr'>βορειοτέρου</span> <span class='ocrx_word' id='word_1_348' title='bbox 792 2873 1022 2943; x_wconf 81' lang='grc' dir='ltr'>Ἰχθύος·</span> <span class='ocrx_word' id='word_1_349' title='bbox 1067 2877 1387 2945; x_wconf 84' lang='grc' dir='ltr'>μεσουρανεί</span> <span class='ocrx_word' id='word_1_350' title='bbox 1424 2875 1478 2927; x_wconf 85' lang='grc' dir='ltr'>δὲ</span> <span class='ocrx_word' id='word_1_351' title='bbox 1511 2874 1618 2928; x_wconf 85' lang='grc' dir='ltr'><strong>τῶν</strong></span> 
     </span>
    </p>
   </div>
   <div class='ocr_carea' id='block_1_43' title="bbox 21 2964 1615 3038">
    <p class='ocr_par' dir='ltr' id='par_1_43' title="bbox 21 2964 1615 3038">
     <span class='ocr_line' id='line_1_43' title="bbox 21 2964 1615 3038; baseline -0.001 -18"><span class='ocrx_word' id='word_1_352' title='bbox 21 2965 218 3020; x_wconf 74' lang='grc' dir='ltr'>ἄλλων</span> <span class='ocrx_word' id='word_1_353' title='bbox 250 2964 488 3034; x_wconf 81' lang='grc' dir='ltr'>ἀστέρων</span> <span class='ocrx_word' id='word_1_354' title='bbox 517 2966 574 3017; x_wconf 82' lang='grc' dir='ltr'>ἐν</span> <span class='ocrx_word' id='word_1_355' title='bbox 619 2966 714 3034; x_wconf 85' lang='grc' dir='ltr'><strong>μὲν</strong></span> <span class='ocrx_word' id='word_1_356' title='bbox 751 2967 815 3034; x_wconf 82' lang='grc' dir='ltr'>τῇ</span> <span class='ocrx_word' id='word_1_357' title='bbox 848 2967 988 3036; x_wconf 81' lang='grc' dir='ltr'>ἀρχῇ</span> <span class='ocrx_word' id='word_1_358' title='bbox 1023 2967 1114 3020; x_wconf 91' lang='grc' dir='ltr'><strong>τοῦ</strong></span> <span class='ocrx_word' id='word_1_359' title='bbox 1150 2985 1207 3019; x_wconf 87' lang='grc' dir='ltr'><strong>τε</strong></span> <span class='ocrx_word' id='word_1_360' title='bbox 1235 2967 1444 3038; x_wconf 90' lang='grc' dir='ltr'>Ταύρου</span> <span class='ocrx_word' id='word_1_361' title='bbox 1484 2969 1512 3019; x_wconf 94' lang='lat'><strong>6</strong></span> <span class='ocrx_word' id='word_1_362' title='bbox 1559 2968 1615 3019; x_wconf 81' lang='grc' dir='ltr'>ὲν</span> 
     </span>
    </p>
   </div>
   <div class='ocr_carea' id='block_1_44' title="bbox 18 3056 1616 3130">
    <p class='ocr_par' dir='ltr' id='par_1_44' title="bbox 18 3056 1616 3130">
     <span class='ocr_line' id='line_1_44' title="bbox 18 3056 1616 3130; baseline 0.001 -19"><span class='ocrx_word' id='word_1_363' title='bbox 18 3061 103 3127; x_wconf 77' lang='grc' dir='ltr'>τῇ</span> <span class='ocrx_word' id='word_1_364' title='bbox 138 3057 364 3125; x_wconf 77' lang='grc' dir='ltr'>ὲκφύσει</span> <span class='ocrx_word' id='word_1_365' title='bbox 410 3057 502 3108; x_wconf 91' lang='grc' dir='ltr'><strong>τοῦ</strong></span> <span class='ocrx_word' id='word_1_366' title='bbox 547 3056 717 3121; x_wconf 78' lang='grc' dir='ltr'>δεξιοῦ</span> <span class='ocrx_word' id='word_1_367' title='bbox 761 3058 1008 3127; x_wconf 81' lang='grc' dir='ltr'>κέρατος,</span> <span class='ocrx_word' id='word_1_368' title='bbox 1042 3059 1135 3112; x_wconf 76' lang='grc' dir='ltr'>καὶ</span> <span class='ocrx_word' id='word_1_369' title='bbox 1177 3059 1268 3111; x_wconf 90' lang='grc' dir='ltr'><strong>τοῦ</strong></span> <span class='ocrx_word' id='word_1_370' title='bbox 1309 3061 1550 3130; x_wconf 83' lang='grc' dir='ltr'>Ἡνιόχου</span> <span class='ocrx_word' id='word_1_371' title='bbox 1589 3063 1616 3113; x_wconf 88' lang='lat'><strong>6</strong></span> 
     </span>
    </p>
   </div>
   <div class='ocr_carea' id='block_1_45' title="bbox 22 3145 1614 3221">
    <p class='ocr_par' dir='ltr' id='par_1_45' title="bbox 22 3145 1614 3221">
     <span class='ocr_line' id='line_1_45' title="bbox 22 3145 1614 3221; baseline 0 -18"><span class='ocrx_word' id='word_1_372' title='bbox 22 3150 326 3221; x_wconf 81' lang='grc' dir='ltr'>ἀριστερὸς</span> <span class='ocrx_word' id='word_1_373' title='bbox 371 3145 517 3220; x_wconf 75' lang='grc' dir='ltr'>ὦμος</span> <span class='ocrx_word' id='word_1_374' title='bbox 543 3190 556 3213; x_wconf 94' lang='grc'><strong>,</strong></span> <span class='ocrx_word' id='word_1_375' title='bbox 596 3150 672 3212; x_wconf 82' lang='grc' dir='ltr'>ὡς</span> <span class='ocrx_word' id='word_1_376' title='bbox 715 3151 1013 3220; x_wconf 82' lang='grc' dir='ltr'>ήμιπήχιον</span> <span class='ocrx_word' id='word_1_377' title='bbox 1065 3151 1469 3220; x_wconf 83' lang='grc' dir='ltr'>προηγούμενος</span> <span class='ocrx_word' id='word_1_378' title='bbox 1518 3148 1614 3203; x_wconf 82' lang='grc' dir='ltr'><strong>τοῦ</strong></span> 
     </span>
    </p>
   </div>
   <div class='ocr_carea' id='block_1_46' title="bbox 1724 2053 3305 2124">
    <p class='ocr_par' dir='ltr' id='par_1_46' title="bbox 1724 2053 3305 2124">
     <span class='ocr_line' id='line_1_46' title="bbox 1724 2053 3305 2124; baseline 0.008 -20"><span class='ocrx_word' id='word_1_379' title='bbox 1724 2053 1850 2121; x_wconf 88' lang='lat' dir='ltr'><strong>pula</strong></span> <span class='ocrx_word' id='word_1_380' title='bbox 1881 2055 2078 2118; x_wconf 85' lang='lat' dir='ltr'><strong>media,</strong></span> <span class='ocrx_word' id='word_1_381' title='bbox 2120 2057 2278 2124; x_wconf 84' lang='lat' dir='ltr'><strong>quasi</strong></span> <span class='ocrx_word' id='word_1_382' title='bbox 2315 2057 2638 2110; x_wconf 84' lang='lat' dir='ltr'><strong>semicubito</strong></span> <span class='ocrx_word' id='word_1_383' title='bbox 2686 2059 3045 2115; x_wconf 86' lang='lat' dir='ltr'><strong>meridianum</strong></span> <span class='ocrx_word' id='word_1_384' title='bbox 3087 2072 3305 2117; x_wconf 80' lang='lat' dir='ltr'><strong>antece-</strong></span> 
     </span>
    </p>
   </div>
   <div class='ocr_carea' id='block_1_47' title="bbox 1721 2143 3302 2216">
    <p class='ocr_par' dir='ltr' id='par_1_47' title="bbox 1721 2143 3302 2216">
     <span class='ocr_line' id='line_1_47' title="bbox 1721 2143 3302 2216; baseline 0.008 -20"><span class='ocrx_word' id='word_1_385' title='bbox 1721 2143 1876 2209; x_wconf 83' lang='lat' dir='ltr'><strong>dens,</strong></span> <span class='ocrx_word' id='word_1_386' title='bbox 1903 2151 1957 2198; x_wconf 90' lang='lat' dir='ltr'><strong>et</strong></span> <span class='ocrx_word' id='word_1_387' title='bbox 2016 2143 2336 2200; x_wconf 87' lang='lat' dir='ltr'><strong>Sucularum</strong></span> <span class='ocrx_word' id='word_1_388' title='bbox 2362 2161 2480 2216; x_wconf 85' lang='lat' dir='ltr'><strong>quae</strong></span> <span class='ocrx_word' id='word_1_389' title='bbox 2512 2154 2595 2200; x_wconf 89' lang='lat' dir='ltr'><strong>est</strong></span> <span class='ocrx_word' id='word_1_390' title='bbox 2639 2148 2694 2200; x_wconf 89' lang='lat' dir='ltr'><strong>in</strong></span> <span class='ocrx_word' id='word_1_391' title='bbox 2727 2156 2924 2214; x_wconf 87' lang='lat' dir='ltr'><strong>rostro,</strong></span> <span class='ocrx_word' id='word_1_392' title='bbox 2983 2155 3302 2208; x_wconf 87' lang='lat' dir='ltr'><strong>semicubito</strong></span> 
     </span>
    </p>
   </div>
   <div class='ocr_carea' id='block_1_48' title="bbox 1723 2233 3299 2314">
    <p class='ocr_par' dir='ltr' id='par_1_48' title="bbox 1723 2233 3299 2314">
     <span class='ocr_line' id='line_1_48' title="bbox 1723 2233 3299 2314; baseline 0.01 -28"><span class='ocrx_word' id='word_1_393' title='bbox 1723 2233 1834 2289; x_wconf 80' lang='lat' dir='ltr'><strong>fere</strong></span> <span class='ocrx_word' id='word_1_394' title='bbox 1860 2236 2124 2289; x_wconf 80' lang='lat' dir='ltr'><strong>collocata</strong></span> <span class='ocrx_word' id='word_1_395' title='bbox 2166 2239 2304 2291; x_wconf 86' lang='lat' dir='ltr'><strong>citra</strong></span> <span class='ocrx_word' id='word_1_396' title='bbox 2337 2238 2735 2296; x_wconf 84' lang='lat' dir='ltr'><strong>&#39;meridianum.</strong></span> <span class='ocrx_word' id='word_1_397' title='bbox 2777 2239 2989 2296; x_wconf 89' lang='lat' dir='ltr'><strong>Occidit</strong></span> <span class='ocrx_word' id='word_1_398' title='bbox 3022 2246 3299 2314; x_wconf 68' lang='lat' dir='ltr'><strong>Aquarius</strong></span> 
     </span>
    </p>
   </div>
   <div class='ocr_carea' id='block_1_49' title="bbox 1722 2326 2093 2399">
    <p class='ocr_par' dir='ltr' id='par_1_49' title="bbox 1722 2326 2093 2399">
     <span class='ocr_line' id='line_1_49' title="bbox 1722 2326 2093 2399; baseline 0.005 -19"><span class='ocrx_word' id='word_1_399' title='bbox 1722 2326 1874 2383; x_wconf 84' lang='lat' dir='ltr'><strong>horis</strong></span> <span class='ocrx_word' id='word_1_400' title='bbox 1899 2326 1934 2380; x_wconf 75' lang='grc'>2</span> <span class='ocrx_word' id='word_1_401' title='bbox 1973 2328 2093 2399; x_wconf 76' lang='lat'><strong>1/8.</strong></span> 
     </span>
    </p>
   </div>
   <div class='ocr_carea' id='block_1_50' title="bbox 1795 2505 3298 2569">
    <p class='ocr_par' dir='ltr' id='par_1_50' title="bbox 1795 2505 3298 2569">
     <span class='ocr_line' id='line_1_50' title="bbox 1795 2505 3298 2569; baseline 0.007 -11"><span class='ocrx_word' id='word_1_402' title='bbox 1795 2505 2042 2562; x_wconf 87' lang='lat' dir='ltr'><strong>Piscibus</strong></span> <span class='ocrx_word' id='word_1_403' title='bbox 2119 2507 2496 2567; x_wconf 90' lang='lat' dir='ltr'><strong>occidentibus</strong></span> <span class='ocrx_word' id='word_1_404' title='bbox 2564 2510 2846 2567; x_wconf 85' lang='lat' dir='ltr'><strong>descendit</strong></span> <span class='ocrx_word' id='word_1_405' title='bbox 2911 2512 3165 2569; x_wconf 76' lang='lat' dir='ltr'><strong>zodiacus</strong></span> <span class='ocrx_word' id='word_1_406' title='bbox 3229 2515 3298 2568; x_wconf 84' lang='lat' dir='ltr'><strong>ab</strong></span> 
     </span>
    </p>
   </div>
   <div class='ocr_carea' id='block_1_51' title="bbox 1720 2598 3295 2668">
    <p class='ocr_par' dir='ltr' id='par_1_51' title="bbox 1720 2598 3295 2668">
     <span class='ocr_line' id='line_1_51' title="bbox 1720 2598 3295 2668; baseline 0.004 -18"><span class='ocrx_word' id='word_1_407' title='bbox 1720 2598 1946 2667; x_wconf 83' lang='lat' dir='ltr'><strong>Aquarii</strong></span> <span class='ocrx_word' id='word_1_408' title='bbox 1975 2606 2128 2667; x_wconf 88' lang='lat' dir='ltr'><strong>parte</strong></span> <span class='ocrx_word' id='word_1_409' title='bbox 2155 2599 2226 2654; x_wconf 79' lang='lat'><strong>‘25</strong></span> <span class='ocrx_word' id='word_1_410' title='bbox 2271 2601 2338 2653; x_wconf 86' lang='lat' dir='ltr'><strong>ad</strong></span> <span class='ocrx_word' id='word_1_411' title='bbox 2368 2601 2650 2668; x_wconf 84' lang='lat' dir='ltr'><strong>Arietis5;</strong></span> <span class='ocrx_word' id='word_1_412' title='bbox 2707 2603 2970 2658; x_wconf 89' lang='lat' dir='ltr'><strong>culminat</strong></span> <span class='ocrx_word' id='word_1_413' title='bbox 2993 2620 3021 2657; x_wconf 91' lang='lat' dir='ltr'><strong>a</strong></span> <span class='ocrx_word' id='word_1_414' title='bbox 3042 2603 3207 2658; x_wconf 87' lang='lat' dir='ltr'><strong>Tauri</strong></span> <span class='ocrx_word' id='word_1_415' title='bbox 3233 2604 3295 2656; x_wconf 83' lang='lat' dir='ltr'><strong>l7</strong></span> 
     </span>
    </p>
   </div>
   <div class='ocr_carea' id='block_1_52' title="bbox 1721 2688 3296 2761">
    <p class='ocr_par' dir='ltr' id='par_1_52' title="bbox 1721 2688 3296 2761">
     <span class='ocr_line' id='line_1_52' title="bbox 1721 2688 3296 2761; baseline 0.006 -19"><span class='ocrx_word' id='word_1_416' title='bbox 1721 2691 1788 2743; x_wconf 88' lang='lat' dir='ltr'><strong>ad</strong></span> <span class='ocrx_word' id='word_1_417' title='bbox 1821 2689 2017 2744; x_wconf 87' lang='lat' dir='ltr'><strong>Cancri</strong></span> <span class='ocrx_word' id='word_1_418' title='bbox 2046 2689 2098 2743; x_wconf 75' lang='lat'><em>6.</em></span> <span class='ocrx_word' id='word_1_419' title='bbox 2125 2688 2283 2744; x_wconf 91' lang='lat' dir='ltr'><strong>Prior</strong></span> <span class='ocrx_word' id='word_1_420' title='bbox 2302 2692 2504 2745; x_wconf 81' lang='lat' dir='ltr'><strong>occidit</strong></span> <span class='ocrx_word' id='word_1_421' title='bbox 2533 2707 2652 2761; x_wconf 66' lang='lat' dir='ltr'><strong>qua:</strong></span> <span class='ocrx_word' id='word_1_422' title='bbox 2672 2701 2754 2747; x_wconf 90' lang='lat' dir='ltr'><strong>cst</strong></span> <span class='ocrx_word' id='word_1_423' title='bbox 2787 2694 2841 2746; x_wconf 94' lang='lat' dir='ltr'><strong>in</strong></span> <span class='ocrx_word' id='word_1_424' title='bbox 2872 2703 3051 2750; x_wconf 89' lang='lat' dir='ltr'><strong>rostro</strong></span> <span class='ocrx_word' id='word_1_425' title='bbox 3098 2693 3296 2750; x_wconf 71' lang='lat' dir='ltr'><strong>borea-</strong></span> 
     </span>
    </p>
   </div>
   <div class='ocr_carea' id='block_1_53' title="bbox 1721 2780 3292 2851">
    <p class='ocr_par' dir='ltr' id='par_1_53' title="bbox 1721 2780 3292 2851">
     <span class='ocr_line' id='line_1_53' title="bbox 1721 2780 3292 2851; baseline 0.005 -18"><span class='ocrx_word' id='word_1_426' title='bbox 1721 2781 1874 2835; x_wconf 88' lang='lat' dir='ltr'><strong>lioris</strong></span> <span class='ocrx_word' id='word_1_427' title='bbox 1921 2780 2113 2844; x_wconf 84' lang='lat' dir='ltr'><strong>Piscis,</strong></span> <span class='ocrx_word' id='word_1_428' title='bbox 2167 2783 2430 2848; x_wconf 81' lang='lat' dir='ltr'><strong>culminat</strong></span> <span class='ocrx_word' id='word_1_429' title='bbox 2501 2785 2726 2838; x_wconf 88' lang='lat' dir='ltr'><strong>aliarum</strong></span> <span class='ocrx_word' id='word_1_430' title='bbox 2785 2785 3066 2842; x_wconf 89' lang='lat' dir='ltr'><strong>stellarum</strong></span> <span class='ocrx_word' id='word_1_431' title='bbox 3115 2789 3292 2851; x_wconf 89' lang='lat' dir='ltr'><strong>initio,</strong></span> 
     </span>
    </p>
   </div>
   <div class='ocr_carea' id='block_1_54' title="bbox 1722 2872 3295 2943">
    <p class='ocr_par' dir='ltr' id='par_1_54' title="bbox 1722 2872 3295 2943">
     <span class='ocr_line' id='line_1_54' title="bbox 1722 2872 3295 2943; baseline 0.003 -18"><span class='ocrx_word' id='word_1_432' title='bbox 1722 2889 1844 2942; x_wconf 69' lang='lat' dir='ltr'><strong>quae</strong></span> <span class='ocrx_word' id='word_1_433' title='bbox 1865 2883 1949 2928; x_wconf 88' lang='lat' dir='ltr'><strong>est</strong></span> <span class='ocrx_word' id='word_1_434' title='bbox 1975 2873 2028 2926; x_wconf 93' lang='lat' dir='ltr'><strong>in</strong></span> <span class='ocrx_word' id='word_1_435' title='bbox 2052 2888 2315 2943; x_wconf 75' lang='lat' dir='ltr'><strong>processu</strong></span> <span class='ocrx_word' id='word_1_436' title='bbox 2347 2889 2519 2929; x_wconf 89' lang='lat' dir='ltr'><strong>cornu</strong></span> <span class='ocrx_word' id='word_1_437' title='bbox 2545 2873 2717 2928; x_wconf 77' lang='lat' dir='ltr'><strong>dextri</strong></span> <span class='ocrx_word' id='word_1_438' title='bbox 2749 2872 2913 2928; x_wconf 90' lang='lat' dir='ltr'><strong>Tauri</strong></span> <span class='ocrx_word' id='word_1_439' title='bbox 2941 2893 2954 2941; x_wconf 89' lang='lat'><strong>;</strong></span> <span class='ocrx_word' id='word_1_440' title='bbox 2989 2883 3042 2930; x_wconf 91' lang='lat' dir='ltr'><strong>et</strong></span> <span class='ocrx_word' id='word_1_441' title='bbox 3073 2876 3295 2931; x_wconf 86' lang='lat' dir='ltr'><strong>sinister</strong></span> 
     </span>
    </p>
   </div>
   <div class='ocr_carea' id='block_1_55' title="bbox 1721 2964 3293 3030">
    <p class='ocr_par' dir='ltr' id='par_1_55' title="bbox 1721 2964 3293 3030">
     <span class='ocr_line' id='line_1_55' title="bbox 1721 2964 3293 3030; baseline 0.003 -12"><span class='ocrx_word' id='word_1_442' title='bbox 1721 2965 1982 3020; x_wconf 84' lang='lat' dir='ltr'><strong>humerus</strong></span> <span class='ocrx_word' id='word_1_443' title='bbox 2049 2964 2333 3030; x_wconf 83' lang='lat' dir='ltr'><strong>Heniochi,</strong></span> <span class='ocrx_word' id='word_1_444' title='bbox 2396 2967 2722 3022; x_wconf 82' lang='lat' dir='ltr'><strong>semicubito</strong></span> <span class='ocrx_word' id='word_1_445' title='bbox 2765 2966 2874 3022; x_wconf 84' lang='lat' dir='ltr'><strong>fere</strong></span> <span class='ocrx_word' id='word_1_446' title='bbox 2928 2967 3293 3022; x_wconf 86' lang='lat' dir='ltr'><strong>meridianum</strong></span> 
     </span>
    </p>
   </div>
   <div class='ocr_carea' id='block_1_56' title="bbox 1721 3055 3293 3124">
    <p class='ocr_par' dir='ltr' id='par_1_56' title="bbox 1721 3055 3293 3124">
     <span class='ocr_line' id='line_1_56' title="bbox 1721 3055 3293 3124; baseline 0.001 -14"><span class='ocrx_word' id='word_1_447' title='bbox 1721 3055 2031 3124; x_wconf 80' lang='lat' dir='ltr'><strong>praecedens</strong></span> <span class='ocrx_word' id='word_1_448' title='bbox 2072 3070 2086 3105; x_wconf 91' lang='lat'><strong>:</strong></span> <span class='ocrx_word' id='word_1_449' title='bbox 2123 3056 2418 3110; x_wconf 89' lang='lat' dir='ltr'><strong>novissime</strong></span> <span class='ocrx_word' id='word_1_450' title='bbox 2475 3068 2607 3112; x_wconf 80' lang='lat' dir='ltr'><strong>vero</strong></span> <span class='ocrx_word' id='word_1_451' title='bbox 2660 3056 2964 3110; x_wconf 87' lang='lat' dir='ltr'><strong>culminant</strong></span> <span class='ocrx_word' id='word_1_452' title='bbox 3019 3057 3293 3112; x_wconf 86' lang='lat' dir='ltr'><strong>horealior</strong></span> 
     </span>
    </p>
   </div>
   <div class='ocr_carea' id='block_1_57' title="bbox 1720 3147 3295 3216">
    <p class='ocr_par' dir='ltr' id='par_1_57' title="bbox 1720 3147 3295 3216">
     <span class='ocr_line' id='line_1_57' title="bbox 1720 3147 3295 3216; baseline 0.003 -16"><span class='ocrx_word' id='word_1_453' title='bbox 1720 3163 1928 3213; x_wconf 86' lang='lat' dir='ltr'><strong>earum,</strong></span> <span class='ocrx_word' id='word_1_454' title='bbox 1965 3162 2083 3216; x_wconf 67' lang='lat' dir='ltr'><strong>qua</strong></span> <span class='ocrx_word' id='word_1_455' title='bbox 2113 3147 2169 3200; x_wconf 91' lang='lat' dir='ltr'><strong>in</strong></span> <span class='ocrx_word' id='word_1_456' title='bbox 2196 3148 2560 3202; x_wconf 88' lang='lat' dir='ltr'><strong>anterioribus</strong></span> <span class='ocrx_word' id='word_1_457' title='bbox 2588 3148 2743 3203; x_wconf 69' lang='lat' dir='ltr'><strong>Ursa:</strong></span> <span class='ocrx_word' id='word_1_458' title='bbox 2770 3149 3056 3216; x_wconf 79' lang='lat' dir='ltr'><strong>cruribus;</strong></span> <span class='ocrx_word' id='word_1_459' title='bbox 3089 3149 3215 3203; x_wconf 87' lang='lat' dir='ltr'><strong>item</strong></span> <span class='ocrx_word' id='word_1_460' title='bbox 3261 3164 3295 3205; x_wconf 80' lang='grc' dir='ltr'><strong>ο</strong></span> 
     </span>
    </p>
   </div>
   <div class='ocr_carea' id='block_1_58' title="bbox 30 3237 1611 3338">
    <p class='ocr_par' dir='ltr' id='par_1_58' title="bbox 30 3242 1611 3315">
     <span class='ocr_line' id='line_1_58' title="bbox 30 3242 1611 3315; baseline 0 -20"><span class='ocrx_word' id='word_1_461' title='bbox 30 3242 422 3314; x_wconf 74' lang='grc' dir='ltr'>μεσημϐρινοῦ</span> <span class='ocrx_word' id='word_1_462' title='bbox 445 3261 457 3273; x_wconf 88' lang='grc'><strong>·</strong></span> <span class='ocrx_word' id='word_1_463' title='bbox 490 3243 712 3313; x_wconf 71' lang='grc' dir='ltr'>ἔσχατον</span> <span class='ocrx_word' id='word_1_464' title='bbox 737 3243 793 3296; x_wconf 81' lang='grc' dir='ltr'>δὲ</span> <span class='ocrx_word' id='word_1_465' title='bbox 833 3244 1225 3315; x_wconf 85' lang='grc' dir='ltr'>μεσουρανοῦσι</span> <span class='ocrx_word' id='word_1_466' title='bbox 1257 3244 1356 3314; x_wconf 76' lang='grc' dir='ltr'>τῆς</span> <span class='ocrx_word' id='word_1_467' title='bbox 1399 3261 1453 3296; x_wconf 90' lang='grc' dir='ltr'><strong>τε</strong></span> <span class='ocrx_word' id='word_1_468' title='bbox 1487 3245 1611 3315; x_wconf 78' lang='grc' dir='ltr'><strong>’Ἃρ-</strong></span> 
     </span>
    </p>
   </div>
   <div class='ocr_carea' id='block_1_59' title="bbox 1716 3237 3289 3338">
    <p class='ocr_par' dir='ltr' id='par_1_59' title="bbox 1723 3237 3289 3309">
     <span class='ocr_line' id='line_1_59' title="bbox 1723 3237 3289 3309; baseline -0.001 -16"><span class='ocrx_word' id='word_1_469' title='bbox 1723 3246 1956 3309; x_wconf 88' lang='lat' dir='ltr'><strong>quatuor</strong></span> <span class='ocrx_word' id='word_1_470' title='bbox 2006 3238 2152 3291; x_wconf 76' lang='lat' dir='ltr'><strong>circa</strong></span> <span class='ocrx_word' id='word_1_471' title='bbox 2185 3238 2507 3292; x_wconf 89' lang='lat' dir='ltr'><strong>nubeculam</strong></span> <span class='ocrx_word' id='word_1_472' title='bbox 2539 3239 2593 3292; x_wconf 92' lang='lat' dir='ltr'><strong>in</strong></span> <span class='ocrx_word' id='word_1_473' title='bbox 2625 3237 2839 3294; x_wconf 90' lang='lat' dir='ltr'><strong>Cancro</strong></span> <span class='ocrx_word' id='word_1_474' title='bbox 2870 3242 3096 3296; x_wconf 87' lang='lat' dir='ltr'><strong>sitarum</strong></span> <span class='ocrx_word' id='word_1_475' title='bbox 3140 3243 3289 3294; x_wconf 83' lang='lat' dir='ltr'><strong>occi-</strong></span> 
     </span>
    </p>
   </div>
   <div class='ocr_carea' id='block_1_60' title="bbox 23 3335 1609 3408">
    <p class='ocr_par' dir='ltr' id='par_1_60' title="bbox 23 3335 1609 3408">
     <span class='ocr_line' id='line_1_60' title="bbox 23 3335 1609 3408; baseline -0.001 -20"><span class='ocrx_word' id='word_1_476' title='bbox 23 3353 172 3388; x_wconf 82' lang='grc' dir='ltr'>κτου</span> <span class='ocrx_word' id='word_1_477' title='bbox 205 3338 232 3388; x_wconf 97' lang='lat'><strong>6</strong></span> <span class='ocrx_word' id='word_1_478' title='bbox 260 3335 588 3407; x_wconf 84' lang='grc' dir='ltr'>βορειότερος</span> <span class='ocrx_word' id='word_1_479' title='bbox 614 3335 722 3387; x_wconf 87' lang='grc' dir='ltr'><strong>τῶν</strong></span> <span class='ocrx_word' id='word_1_480' title='bbox 751 3337 936 3399; x_wconf 78' lang='grc' dir='ltr'>ἐντοῖς</span> <span class='ocrx_word' id='word_1_481' title='bbox 960 3336 1310 3408; x_wconf 76' lang='grc' dir='ltr'>ἐμπροσθίοις</span> <span class='ocrx_word' id='word_1_482' title='bbox 1348 3336 1609 3399; x_wconf 78' lang='grc' dir='ltr'>σκέλεσιν,</span> 
     </span>
    </p>
   </div>
   <div class='ocr_carea' id='block_1_61' title="bbox 25 3426 1612 3499">
    <p class='ocr_par' dir='ltr' id='par_1_61' title="bbox 25 3426 1612 3499">
     <span class='ocr_line' id='line_1_61' title="bbox 25 3426 1612 3499; baseline -0.001 -18"><span class='ocrx_word' id='word_1_483' title='bbox 25 3430 136 3481; x_wconf 66' lang='grc' dir='ltr'>καὶ</span> <span class='ocrx_word' id='word_1_484' title='bbox 175 3427 268 3481; x_wconf 90' lang='grc' dir='ltr'><strong>τοῦ</strong></span> <span class='ocrx_word' id='word_1_485' title='bbox 299 3428 569 3499; x_wconf 81' lang='grc' dir='ltr'>Καρκίνου</span> <span class='ocrx_word' id='word_1_486' title='bbox 600 3429 651 3480; x_wconf 87' lang='grc' dir='ltr'><strong>οί</strong></span> <span class='ocrx_word' id='word_1_487' title='bbox 690 3427 816 3497; x_wconf 77' lang='grc' dir='ltr'>περὶ</span> <span class='ocrx_word' id='word_1_488' title='bbox 855 3428 916 3480; x_wconf 90' lang='grc' dir='ltr'><strong>τὸ</strong></span> <span class='ocrx_word' id='word_1_489' title='bbox 948 3429 1191 3498; x_wconf 83' lang='grc' dir='ltr'>νεφέλιον</span> <span class='ocrx_word' id='word_1_490' title='bbox 1223 3430 1329 3483; x_wconf 85' lang='grc' dir='ltr'><strong>τῶν</strong></span> <span class='ocrx_word' id='word_1_491' title='bbox 1361 3432 1418 3482; x_wconf 85' lang='grc' dir='ltr'>ὲν</span> <span class='ocrx_word' id='word_1_492' title='bbox 1463 3426 1612 3498; x_wconf 80' lang='grc' dir='ltr'>αὑτῷ</span> 
     </span>
    </p>
   </div>
   <div class='ocr_carea' id='block_1_62' title="bbox 1721 3330 3289 3394">
    <p class='ocr_par' dir='ltr' id='par_1_62' title="bbox 1721 3330 3289 3394">
     <span class='ocr_line' id='line_1_62' title="bbox 1721 3330 3289 3394; baseline -0.001 -8"><span class='ocrx_word' id='word_1_493' title='bbox 1721 3331 1965 3386; x_wconf 86' lang='lat' dir='ltr'><strong>dentales</strong></span> <span class='ocrx_word' id='word_1_494' title='bbox 1988 3330 2128 3394; x_wconf 66' lang='lat' dir='ltr'><strong>duae,</strong></span> <span class='ocrx_word' id='word_1_495' title='bbox 2155 3345 2371 3384; x_wconf 90' lang='lat' dir='ltr'><strong>necnon</strong></span> <span class='ocrx_word' id='word_1_496' title='bbox 2419 3332 2713 3385; x_wconf 83' lang='lat' dir='ltr'><strong>australior</strong></span> <span class='ocrx_word' id='word_1_497' title='bbox 2742 3334 3076 3388; x_wconf 81' lang='lat' dir='ltr'><strong>anteriorum</strong></span> <span class='ocrx_word' id='word_1_498' title='bbox 3123 3333 3289 3387; x_wconf 85' lang='lat' dir='ltr'><strong>Canis</strong></span> 
     </span>
    </p>
   </div>
   <div class='ocr_carea' id='block_1_63' title="bbox 1721 3421 3181 3495">
    <p class='ocr_par' dir='ltr' id='par_1_63' title="bbox 1721 3421 3181 3495">
     <span class='ocr_line' id='line_1_63' title="bbox 1721 3421 3181 3495; baseline -0.001 -16"><span class='ocrx_word' id='word_1_499' title='bbox 1721 3425 1936 3495; x_wconf 77' lang='lat' dir='ltr'><strong>pedum.</strong></span> <span class='ocrx_word' id='word_1_500' title='bbox 1973 3422 2242 3478; x_wconf 89' lang='lat' dir='ltr'><strong>Occidunt</strong></span> <span class='ocrx_word' id='word_1_501' title='bbox 2272 3421 2458 3478; x_wconf 88' lang='lat' dir='ltr'><strong>Pisces</strong></span> <span class='ocrx_word' id='word_1_502' title='bbox 2481 3423 2632 3478; x_wconf 90' lang='lat' dir='ltr'><strong>horis</strong></span> <span class='ocrx_word' id='word_1_503' title='bbox 2662 3424 2838 3478; x_wconf 89' lang='lat' dir='ltr'><strong>tribus</strong></span> <span class='ocrx_word' id='word_1_504' title='bbox 2860 3434 2914 3478; x_wconf 87' lang='lat' dir='ltr'><strong>et</strong></span> <span class='ocrx_word' id='word_1_505' title='bbox 2933 3426 3181 3479; x_wconf 86' lang='lat' dir='ltr'><strong>semisse.</strong></span> 
     </span>
    </p>
   </div>
   <div class='ocr_carea' id='block_1_64' title="bbox 26 3515 3291 3591">
    <p class='ocr_par' dir='ltr' id='par_1_64' title="bbox 26 3515 3291 3591">
     <span class='ocr_line' id='line_1_64' title="bbox 26 3515 3291 3591; baseline -0.002 -17"><span class='ocrx_word' id='word_1_506' title='bbox 26 3521 316 3590; x_wconf 84' lang='grc' dir='ltr'>κειμένων</span> <span class='ocrx_word' id='word_1_507' title='bbox 338 3521 375 3572; x_wconf 83' lang='grc' dir='ltr'>δ’</span> <span class='ocrx_word' id='word_1_508' title='bbox 412 3521 454 3590; x_wconf 85' lang='grc' dir='ltr'><strong>β’</strong></span> <span class='ocrx_word' id='word_1_509' title='bbox 477 3522 524 3572; x_wconf 85' lang='grc' dir='ltr'>οἱ</span> <span class='ocrx_word' id='word_1_510' title='bbox 547 3523 682 3591; x_wconf 85' lang='grc' dir='ltr'>πρὸς</span> <span class='ocrx_word' id='word_1_511' title='bbox 703 3523 872 3588; x_wconf 85' lang='grc' dir='ltr'>δύσιν,</span> <span class='ocrx_word' id='word_1_512' title='bbox 907 3524 1001 3578; x_wconf 74' lang='grc' dir='ltr'>καὶ</span> <span class='ocrx_word' id='word_1_513' title='bbox 1029 3525 1120 3576; x_wconf 88' lang='grc' dir='ltr'><strong>τοῦ</strong></span> <span class='ocrx_word' id='word_1_514' title='bbox 1146 3524 1318 3588; x_wconf 85' lang='grc' dir='ltr'>Κυνὸς</span> <span class='ocrx_word' id='word_1_515' title='bbox 1347 3520 1708 3591; x_wconf 85' lang='grc' dir='ltr'>ὁνοτιώτερος</span> <span class='ocrx_word' id='word_1_516' title='bbox 1740 3520 1847 3572; x_wconf 85' lang='grc' dir='ltr'><strong>τῶν</strong></span> <span class='ocrx_word' id='word_1_517' title='bbox 1880 3518 2222 3587; x_wconf 74' lang='grc' dir='ltr'>ἐμπροσθίων</span> <span class='ocrx_word' id='word_1_518' title='bbox 2266 3516 2458 3570; x_wconf 78' lang='grc' dir='ltr'>ποδῶν.</span> <span class='ocrx_word' id='word_1_519' title='bbox 2521 3515 2744 3568; x_wconf 80' lang='grc' dir='ltr'>Δύνουσι</span> <span class='ocrx_word' id='word_1_520' title='bbox 2787 3515 2843 3568; x_wconf 83' lang='grc' dir='ltr'><strong>δὲ</strong></span> <span class='ocrx_word' id='word_1_521' title='bbox 2883 3517 2930 3567; x_wconf 91' lang='grc' dir='ltr'>οἱ</span> <span class='ocrx_word' id='word_1_522' title='bbox 2968 3515 3170 3584; x_wconf 73' lang='grc' dir='ltr'>’ἰχθύες</span> <span class='ocrx_word' id='word_1_523' title='bbox 3229 3516 3291 3569; x_wconf 83' lang='grc' dir='ltr'>ὲν</span> 
     </span>
    </p>
   </div>
   <div class='ocr_carea' id='block_1_65' title="bbox 24 3617 706 3688">
    <p class='ocr_par' dir='ltr' id='par_1_65' title="bbox 24 3617 706 3688">
     <span class='ocr_line' id='line_1_65' title="bbox 24 3617 706 3688; baseline 0.001 -19"><span class='ocrx_word' id='word_1_524' title='bbox 24 3617 217 3686; x_wconf 76' lang='grc' dir='ltr'>ὥραις</span> <span class='ocrx_word' id='word_1_525' title='bbox 245 3623 292 3685; x_wconf 62' lang='grc' dir='ltr'><em>Υ</em></span> <span class='ocrx_word' id='word_1_526' title='bbox 313 3617 406 3670; x_wconf 77' lang='grc' dir='ltr'><strong>καὶ</strong></span> <span class='ocrx_word' id='word_1_527' title='bbox 435 3618 706 3688; x_wconf 78' lang='grc' dir='ltr'>ἡμιωρίῳ.</span> 
     </span>
    </p>
   </div>
   <div class='ocr_carea' id='block_1_66' title="bbox 107 3770 1607 3846">
    <p class='ocr_par' dir='ltr' id='par_1_66' title="bbox 107 3770 1607 3846">
     <span class='ocr_line' id='line_1_66' title="bbox 107 3770 1607 3846; baseline -0.001 -20"><span class='ocrx_word' id='word_1_528' title='bbox 107 3772 213 3826; x_wconf 84' lang='grc' dir='ltr'><strong>1Ε’.</strong></span> <span class='ocrx_word' id='word_1_529' title='bbox 237 3773 340 3827; x_wconf 87' lang='grc' dir='ltr'>Τοῦ</span> <span class='ocrx_word' id='word_1_530' title='bbox 360 3774 416 3826; x_wconf 79' lang='grc' dir='ltr'><strong>δὲ</strong></span> <span class='ocrx_word' id='word_1_531' title='bbox 437 3774 606 3846; x_wconf 86' lang='grc' dir='ltr'>Κριοῦ</span> <span class='ocrx_word' id='word_1_532' title='bbox 625 3774 889 3842; x_wconf 76' lang='grc' dir='ltr'>δύνοντος,</span> <span class='ocrx_word' id='word_1_533' title='bbox 924 3775 1316 3843; x_wconf 85' lang='grc' dir='ltr'>συγκαταδύνει</span> <span class='ocrx_word' id='word_1_534' title='bbox 1343 3773 1439 3844; x_wconf 82' lang='grc' dir='ltr'><strong>μὲν</strong></span> <span class='ocrx_word' id='word_1_535' title='bbox 1462 3770 1607 3840; x_wconf 87' lang='grc' dir='ltr'>αὑτῷ</span> 
     </span>
    </p>
   </div>
   <div class='ocr_carea' id='block_1_67' title="bbox 19 3863 1605 3938">
    <p class='ocr_par' dir='ltr' id='par_1_67' title="bbox 19 3863 1605 3938">
     <span class='ocr_line' id='line_1_67' title="bbox 19 3863 1605 3938; baseline -0.004 -16"><span class='ocrx_word' id='word_1_536' title='bbox 19 3871 52 3921; x_wconf 85' lang='grc' dir='ltr'>ὁ</span> <span class='ocrx_word' id='word_1_537' title='bbox 116 3866 380 3930; x_wconf 71' lang='grc' dir='ltr'>ζωδιακὸς</span> <span class='ocrx_word' id='word_1_538' title='bbox 427 3868 534 3920; x_wconf 79' lang='grc' dir='ltr'><strong>ἀπὸ</strong></span> <span class='ocrx_word' id='word_1_539' title='bbox 570 3868 788 3938; x_wconf 87' lang='grc' dir='ltr'>Ἰχθύων</span> <span class='ocrx_word' id='word_1_540' title='bbox 842 3867 951 3937; x_wconf 90' lang='grc' dir='ltr'>μοί.</span> <span class='ocrx_word' id='word_1_541' title='bbox 996 3866 1038 3918; x_wconf 89' lang='grc' dir='ltr'>θ’</span> <span class='ocrx_word' id='word_1_542' title='bbox 1071 3869 1162 3919; x_wconf 66' lang='grc' dir='ltr'><strong>κα)⁸</strong></span> <span class='ocrx_word' id='word_1_543' title='bbox 1205 3875 1249 3919; x_wconf 88' lang='grc' dir='ltr'>κ’</span> <span class='ocrx_word' id='word_1_544' title='bbox 1285 3867 1386 3928; x_wconf 75' lang='grc' dir='ltr'><strong>ἕως</strong></span> <span class='ocrx_word' id='word_1_545' title='bbox 1434 3863 1605 3935; x_wconf 86' lang='grc' dir='ltr'>Κριοῦ</span> 
     </span>
    </p>
   </div>
   <div class='ocr_carea' id='block_1_68' title="bbox 25 3953 1607 4028">
    <p class='ocr_par' dir='ltr' id='par_1_68' title="bbox 25 3953 1607 4028">
     <span class='ocr_line' id='line_1_68' title="bbox 25 3953 1607 4028; baseline -0.004 -19"><span class='ocrx_word' id='word_1_546' title='bbox 25 3957 150 4028; x_wconf 84' lang='grc' dir='ltr'>μοί.</span> <span class='ocrx_word' id='word_1_547' title='bbox 175 3962 230 4020; x_wconf 83' lang='grc' dir='ltr'>ς’</span> <span class='ocrx_word' id='word_1_548' title='bbox 255 3957 348 4008; x_wconf 68' lang='grc' dir='ltr'><strong>καὶ</strong></span> <span class='ocrx_word' id='word_1_549' title='bbox 375 3964 421 4009; x_wconf 86' lang='grc' dir='ltr'>κ’</span> <span class='ocrx_word' id='word_1_550' title='bbox 437 3975 450 3986; x_wconf 87' lang='grc'><strong>·</strong></span> <span class='ocrx_word' id='word_1_551' title='bbox 487 3960 805 4028; x_wconf 87' lang='grc' dir='ltr'>μεσουρανεῖ</span> <span class='ocrx_word' id='word_1_552' title='bbox 828 3957 883 4008; x_wconf 84' lang='grc' dir='ltr'>δὲ</span> <span class='ocrx_word' id='word_1_553' title='bbox 905 3957 1012 4007; x_wconf 84' lang='grc' dir='ltr'><strong>ἀπὸ</strong></span> <span class='ocrx_word' id='word_1_554' title='bbox 1043 3956 1286 4025; x_wconf 85' lang='grc' dir='ltr'>Διδύμων</span> <span class='ocrx_word' id='word_1_555' title='bbox 1318 3955 1425 4023; x_wconf 86' lang='grc' dir='ltr'>μοί.</span> <span class='ocrx_word' id='word_1_556' title='bbox 1450 3954 1490 4004; x_wconf 85' lang='grc' dir='ltr'>θ’</span> <span class='ocrx_word' id='word_1_557' title='bbox 1515 3953 1607 4004; x_wconf 79' lang='grc' dir='ltr'><strong>καὶ</strong></span> 
     </span>
    </p>
   </div>
   <div class='ocr_carea' id='block_1_69' title="bbox 20 4046 1607 4120">
    <p class='ocr_par' dir='ltr' id='par_1_69' title="bbox 20 4046 1607 4120">
     <span class='ocr_line' id='line_1_69' title="bbox 20 4046 1607 4120; baseline -0.006 -16"><span class='ocrx_word' id='word_1_558' title='bbox 20 4059 76 4104; x_wconf 84' lang='grc' dir='ltr'>κ’</span> <span class='ocrx_word' id='word_1_559' title='bbox 111 4051 221 4111; x_wconf 77' lang='grc' dir='ltr'><strong>ἕως</strong></span> <span class='ocrx_word' id='word_1_560' title='bbox 249 4049 520 4120; x_wconf 85' lang='grc' dir='ltr'>Καρκίνου</span> <span class='ocrx_word' id='word_1_561' title='bbox 551 4048 593 4101; x_wconf 84' lang='grc' dir='ltr'>θ’</span> <span class='ocrx_word' id='word_1_562' title='bbox 627 4051 719 4102; x_wconf 77' lang='grc' dir='ltr'>καὶ</span> <span class='ocrx_word' id='word_1_563' title='bbox 752 4057 820 4104; x_wconf 84' lang='grc' dir='ltr'>κ’.</span> <span class='ocrx_word' id='word_1_564' title='bbox 856 4049 964 4102; x_wconf 76' lang='grc' dir='ltr'><strong>Καὶ</strong></span> <span class='ocrx_word' id='word_1_565' title='bbox 997 4055 1043 4100; x_wconf 84' lang='lat' dir='ltr'><strong>o.’</strong></span> <span class='ocrx_word' id='word_1_566' title='bbox 1081 4049 1175 4117; x_wconf 82' lang='grc' dir='ltr'><strong>μὲν</strong></span> <span class='ocrx_word' id='word_1_567' title='bbox 1204 4048 1378 4116; x_wconf 80' lang='grc' dir='ltr'>ἀστὴρ</span> <span class='ocrx_word' id='word_1_568' title='bbox 1409 4046 1550 4097; x_wconf 87' lang='grc' dir='ltr'>δύνει</span> <span class='ocrx_word' id='word_1_569' title='bbox 1579 4048 1607 4095; x_wconf 81' lang='lat'><strong>6</strong></span> 
     </span>
    </p>
   </div>
   <div class='ocr_carea' id='block_1_70' title="bbox 20 4135 1602 4211">
    <p class='ocr_par' dir='ltr' id='par_1_70' title="bbox 20 4135 1602 4211">
     <span class='ocr_line' id='line_1_70' title="bbox 20 4135 1602 4211; baseline -0.006 -17"><span class='ocrx_word' id='word_1_570' title='bbox 20 4146 86 4194; x_wconf 84' lang='grc' dir='ltr'><strong>ὲν</strong></span> <span class='ocrx_word' id='word_1_571' title='bbox 118 4142 231 4202; x_wconf 83' lang='grc' dir='ltr'>τοῖς</span> <span class='ocrx_word' id='word_1_572' title='bbox 261 4140 610 4210; x_wconf 76' lang='grc' dir='ltr'>ἐμπροσθίοις</span> <span class='ocrx_word' id='word_1_573' title='bbox 631 4141 807 4204; x_wconf 72' lang='grc' dir='ltr'>ποσὶν,</span> <span class='ocrx_word' id='word_1_574' title='bbox 831 4140 1055 4211; x_wconf 76' lang='grc' dir='ltr'>ἔσχατος</span> <span class='ocrx_word' id='word_1_575' title='bbox 1078 4138 1132 4191; x_wconf 79' lang='grc' dir='ltr'>δὲ</span> <span class='ocrx_word' id='word_1_576' title='bbox 1162 4140 1191 4190; x_wconf 90' lang='lat'><em>&#39;6</em></span> <span class='ocrx_word' id='word_1_577' title='bbox 1214 4138 1475 4206; x_wconf 80' lang='grc' dir='ltr'>ἑπόμενος</span> <span class='ocrx_word' id='word_1_578' title='bbox 1497 4135 1602 4186; x_wconf 85' lang='grc' dir='ltr'><strong>τῶν</strong></span> 
     </span>
    </p>
   </div>
   <div class='ocr_carea' id='block_1_71' title="bbox 19 4225 1602 4301">
    <p class='ocr_par' dir='ltr' id='par_1_71' title="bbox 19 4225 1602 4301">
     <span class='ocr_line' id='line_1_71' title="bbox 19 4225 1602 4301; baseline -0.006 -16"><span class='ocrx_word' id='word_1_579' title='bbox 19 4237 85 4286; x_wconf 83' lang='grc' dir='ltr'><strong>ὲν</strong></span> <span class='ocrx_word' id='word_1_580' title='bbox 125 4233 192 4301; x_wconf 82' lang='grc' dir='ltr'>τῇ</span> <span class='ocrx_word' id='word_1_581' title='bbox 236 4231 386 4300; x_wconf 78' lang='grc' dir='ltr'>οὐρᾷ.</span> <span class='ocrx_word' id='word_1_582' title='bbox 419 4231 755 4301; x_wconf 86' lang='grc' dir='ltr'>Μεσουρανεί</span> <span class='ocrx_word' id='word_1_583' title='bbox 794 4230 850 4283; x_wconf 86' lang='grc' dir='ltr'>δὲ</span> <span class='ocrx_word' id='word_1_584' title='bbox 889 4228 996 4281; x_wconf 85' lang='grc' dir='ltr'>τῶν</span> <span class='ocrx_word' id='word_1_585' title='bbox 1050 4227 1222 4280; x_wconf 79' lang='grc' dir='ltr'>ἄλλων</span> <span class='ocrx_word' id='word_1_586' title='bbox 1263 4225 1503 4294; x_wconf 85' lang='grc' dir='ltr'>ἀστέρων</span> <span class='ocrx_word' id='word_1_587' title='bbox 1548 4226 1602 4276; x_wconf 83' lang='grc' dir='ltr'>ὲν</span> 
     </span>
    </p>
   </div>
   <div class='ocr_carea' id='block_1_72' title="bbox 24 4315 1608 4392">
    <p class='ocr_par' dir='ltr' id='par_1_72' title="bbox 24 4315 1608 4392">
     <span class='ocr_line' id='line_1_72' title="bbox 24 4315 1608 4392; baseline -0.005 -19"><span class='ocrx_word' id='word_1_588' title='bbox 24 4324 136 4392; x_wconf 81' lang='grc' dir='ltr'><strong>μὲν</strong></span> <span class='ocrx_word' id='word_1_589' title='bbox 163 4323 232 4390; x_wconf 83' lang='grc' dir='ltr'>τῇ</span> <span class='ocrx_word' id='word_1_590' title='bbox 272 4323 409 4392; x_wconf 86' lang='grc' dir='ltr'>ἀρχῇ</span> <span class='ocrx_word' id='word_1_591' title='bbox 443 4323 534 4374; x_wconf 88' lang='grc' dir='ltr'><strong>τοῦ</strong></span> <span class='ocrx_word' id='word_1_592' title='bbox 568 4322 742 4384; x_wconf 85' lang='grc' dir='ltr'>Κυνὸς</span> <span class='ocrx_word' id='word_1_593' title='bbox 770 4324 798 4374; x_wconf 89' lang='lat'><strong>6</strong></span> <span class='ocrx_word' id='word_1_594' title='bbox 836 4322 893 4374; x_wconf 85' lang='grc' dir='ltr'>ὲν</span> <span class='ocrx_word' id='word_1_595' title='bbox 923 4320 1068 4391; x_wconf 76' lang='grc' dir='ltr'>ἄκρᾳ</span> <span class='ocrx_word' id='word_1_596' title='bbox 1094 4322 1160 4388; x_wconf 79' lang='grc' dir='ltr'>τῇ</span> <span class='ocrx_word' id='word_1_597' title='bbox 1192 4317 1345 4387; x_wconf 73' lang='grc' dir='ltr'>οὐρᾷ,</span> <span class='ocrx_word' id='word_1_598' title='bbox 1375 4315 1449 4377; x_wconf 85' lang='grc' dir='ltr'>ὼς</span> <span class='ocrx_word' id='word_1_599' title='bbox 1478 4317 1608 4384; x_wconf 83' lang='grc' dir='ltr'>ἡμι-</span> 
     </span>
    </p>
   </div>
   <div class='ocr_carea' id='block_1_73' title="bbox 19 4403 1605 4481">
    <p class='ocr_par' dir='ltr' id='par_1_73' title="bbox 19 4403 1605 4481">
     <span class='ocr_line' id='line_1_73' title="bbox 19 4403 1605 4481; baseline -0.008 -15"><span class='ocrx_word' id='word_1_600' title='bbox 19 4411 672 4481; x_wconf 74' lang='grc' dir='ltr'>πὴχιονιὺπολειπόμενος</span> <span class='ocrx_word' id='word_1_601' title='bbox 692 4411 786 4463; x_wconf 86' lang='grc' dir='ltr'><strong>τοῦ</strong></span> <span class='ocrx_word' id='word_1_602' title='bbox 829 4406 1218 4481; x_wconf 72' lang='grc' dir='ltr'>μεσημϐρινοῦ,</span> <span class='ocrx_word' id='word_1_603' title='bbox 1257 4404 1351 4458; x_wconf 73' lang='grc' dir='ltr'><strong>καὶ</strong></span> <span class='ocrx_word' id='word_1_604' title='bbox 1377 4403 1470 4456; x_wconf 88' lang='grc' dir='ltr'><strong>τοῦ</strong></span> <span class='ocrx_word' id='word_1_605' title='bbox 1497 4405 1605 4474; x_wconf 84' lang='grc' dir='ltr'>Πη-</span> 
     </span>
    </p>
   </div>
   <div class='ocr_carea' id='block_1_74' title="bbox 18 4494 1604 4573">
    <p class='ocr_par' dir='ltr' id='par_1_74' title="bbox 18 4494 1604 4573">
     <span class='ocr_line' id='line_1_74' title="bbox 18 4494 1604 4573; baseline -0.008 -15"><span class='ocrx_word' id='word_1_606' title='bbox 18 4503 216 4558; x_wconf 88' lang='grc' dir='ltr'>δαλίου</span> <span class='ocrx_word' id='word_1_607' title='bbox 249 4504 276 4553; x_wconf 77' lang='lat'><strong>6</strong></span> <span class='ocrx_word' id='word_1_608' title='bbox 297 4504 352 4554; x_wconf 85' lang='grc' dir='ltr'>ὲν</span> <span class='ocrx_word' id='word_1_609' title='bbox 386 4503 522 4573; x_wconf 76' lang='grc' dir='ltr'>μέσῃ</span> <span class='ocrx_word' id='word_1_610' title='bbox 552 4506 616 4572; x_wconf 81' lang='grc' dir='ltr'>τῇ</span> <span class='ocrx_word' id='word_1_611' title='bbox 641 4503 794 4572; x_wconf 72' lang='grc' dir='ltr'>νοτία</span> <span class='ocrx_word' id='word_1_612' title='bbox 832 4501 1039 4572; x_wconf 80' lang='grc' dir='ltr'>πλευρᾷ</span> <span class='ocrx_word' id='word_1_613' title='bbox 1059 4519 1070 4529; x_wconf 93' lang='grc'>·</span> <span class='ocrx_word' id='word_1_614' title='bbox 1101 4499 1324 4568; x_wconf 79' lang='grc' dir='ltr'>ἔσχατον</span> <span class='ocrx_word' id='word_1_615' title='bbox 1353 4496 1408 4548; x_wconf 79' lang='grc' dir='ltr'>δὲ</span> <span class='ocrx_word' id='word_1_616' title='bbox 1434 4494 1532 4565; x_wconf 82' lang='grc' dir='ltr'>τῆς</span> <span class='ocrx_word' id='word_1_617' title='bbox 1546 4511 1604 4546; x_wconf 87' lang='grc' dir='ltr'><strong>τε</strong></span> 
     </span>
    </p>
   </div>
   <div class='ocr_carea' id='block_1_75' title="bbox 1789 3760 3282 3818">
    <p class='ocr_par' dir='ltr' id='par_1_75' title="bbox 1789 3760 3282 3818">
     <span class='ocr_line' id='line_1_75' title="bbox 1789 3760 3282 3818; baseline -0.001 0"><span class='ocrx_word' id='word_1_618' title='bbox 1789 3763 1904 3818; x_wconf 79' lang='lat' dir='ltr'><strong>XV.</strong></span> <span class='ocrx_word' id='word_1_619' title='bbox 1959 3762 2093 3817; x_wconf 91' lang='lat' dir='ltr'><strong>Cum</strong></span> <span class='ocrx_word' id='word_1_620' title='bbox 2151 3762 2333 3816; x_wconf 84' lang='lat' dir='ltr'><strong>Ariete</strong></span> <span class='ocrx_word' id='word_1_621' title='bbox 2396 3762 2650 3816; x_wconf 82' lang='lat' dir='ltr'><strong>zodiacus</strong></span> <span class='ocrx_word' id='word_1_622' title='bbox 2707 3760 2908 3816; x_wconf 68' lang='lat' dir='ltr'><strong>occidit</strong></span> <span class='ocrx_word' id='word_1_623' title='bbox 2955 3776 2987 3816; x_wconf 87' lang='lat' dir='ltr'><strong>a</strong></span> <span class='ocrx_word' id='word_1_624' title='bbox 3039 3760 3282 3817; x_wconf 80' lang='lat' dir='ltr'><strong>Piscium</strong></span> 
     </span>
    </p>
   </div>
   <div class='ocr_carea' id='block_1_76' title="bbox 1714 3851 3280 3928">
    <p class='ocr_par' dir='ltr' id='par_1_76' title="bbox 1714 3851 3280 3928">
     <span class='ocr_line' id='line_1_76' title="bbox 1714 3851 3280 3928; baseline -0.003 -18"><span class='ocrx_word' id='word_1_625' title='bbox 1714 3864 1866 3928; x_wconf 77' lang='lat' dir='ltr'><strong>parte</strong></span> <span class='ocrx_word' id='word_1_626' title='bbox 1885 3856 1954 3909; x_wconf 72' lang='lat'><strong>29</strong></span> <span class='ocrx_word' id='word_1_627' title='bbox 1987 3855 2050 3908; x_wconf 88' lang='lat' dir='ltr'><strong>ad</strong></span> <span class='ocrx_word' id='word_1_628' title='bbox 2083 3855 2279 3908; x_wconf 82' lang='lat' dir='ltr'><strong>Arietis</strong></span> <span class='ocrx_word' id='word_1_629' title='bbox 2337 3852 2442 3920; x_wconf 70' lang='lat'><strong>26;</strong></span> <span class='ocrx_word' id='word_1_630' title='bbox 2475 3853 2737 3906; x_wconf 88' lang='lat' dir='ltr'><strong>culminat</strong></span> <span class='ocrx_word' id='word_1_631' title='bbox 2763 3867 2794 3906; x_wconf 88' lang='lat' dir='ltr'><strong>a</strong></span> <span class='ocrx_word' id='word_1_632' title='bbox 2825 3851 3175 3906; x_wconf 89' lang='lat' dir='ltr'><strong>Geminorum</strong></span> <span class='ocrx_word' id='word_1_633' title='bbox 3208 3851 3280 3906; x_wconf 72' lang='lat'><strong>9.9</strong></span> 
     </span>
    </p>
   </div>
   <div class='ocr_carea' id='block_1_77' title="bbox 1718 3942 3310 4012">
    <p class='ocr_par' dir='ltr' id='par_1_77' title="bbox 1718 3942 3310 4012">
     <span class='ocr_line' id='line_1_77' title="bbox 1718 3942 3310 4012; baseline -0.006 -9"><span class='ocrx_word' id='word_1_634' title='bbox 1718 3951 1783 4003; x_wconf 83' lang='lat' dir='ltr'><strong>ad</strong></span> <span class='ocrx_word' id='word_1_635' title='bbox 1804 3948 1998 4003; x_wconf 84' lang='lat' dir='ltr'><strong>Cancri</strong></span> <span class='ocrx_word' id='word_1_636' title='bbox 2025 3946 2114 3999; x_wconf 73' lang='lat'><strong>‘29.</strong></span> <span class='ocrx_word' id='word_1_637' title='bbox 2150 3944 2304 4000; x_wconf 89' lang='lat' dir='ltr'><strong>Prior</strong></span> <span class='ocrx_word' id='word_1_638' title='bbox 2337 3943 2534 3998; x_wconf 87' lang='lat' dir='ltr'><strong>occidit</strong></span> <span class='ocrx_word' id='word_1_639' title='bbox 2555 3944 2730 4004; x_wconf 89' lang='lat' dir='ltr'><strong>stella,</strong></span> <span class='ocrx_word' id='word_1_640' title='bbox 2757 3958 2876 4012; x_wconf 71' lang='lat' dir='ltr'><strong>qua:</strong></span> <span class='ocrx_word' id='word_1_641' title='bbox 2900 3950 2985 3997; x_wconf 92' lang='lat' dir='ltr'><strong>est</strong></span> <span class='ocrx_word' id='word_1_642' title='bbox 3010 3942 3063 3994; x_wconf 92' lang='lat' dir='ltr'><strong>in</strong></span> <span class='ocrx_word' id='word_1_643' title='bbox 3113 3951 3310 3995; x_wconf 88' lang='lat' dir='ltr'><strong>ante—.</strong></span> 
     </span>
    </p>
   </div>
   <div class='ocr_carea' id='block_1_78' title="bbox 1716 4031 3282 4107">
    <p class='ocr_par' dir='ltr' id='par_1_78' title="bbox 1716 4031 3282 4107">
     <span class='ocr_line' id='line_1_78' title="bbox 1716 4031 3282 4107; baseline -0.008 -11"><span class='ocrx_word' id='word_1_644' title='bbox 1716 4040 1953 4095; x_wconf 87' lang='lat' dir='ltr'><strong>rioribus</strong></span> <span class='ocrx_word' id='word_1_645' title='bbox 1991 4038 2247 4107; x_wconf 83' lang='lat' dir='ltr'><strong>pedibus;</strong></span> <span class='ocrx_word' id='word_1_646' title='bbox 2297 4035 2484 4087; x_wconf 86' lang='lat' dir='ltr'><strong>ultima</strong></span> <span class='ocrx_word' id='word_1_647' title='bbox 2535 4047 2683 4095; x_wconf 90' lang='lat' dir='ltr'><strong>vero,</strong></span> <span class='ocrx_word' id='word_1_648' title='bbox 2747 4031 3045 4086; x_wconf 85' lang='lat' dir='ltr'><strong>succedens</strong></span> <span class='ocrx_word' id='word_1_649' title='bbox 3090 4043 3282 4084; x_wconf 86' lang='lat' dir='ltr'><strong>earum</strong></span> 
     </span>
    </p>
   </div>
   <div class='ocr_carea' id='block_1_79' title="bbox 1716 4117 3282 4200">
    <p class='ocr_par' dir='ltr' id='par_1_79' title="bbox 1716 4117 3282 4200">
     <span class='ocr_line' id='line_1_79' title="bbox 1716 4117 3282 4200; baseline -0.007 -17"><span class='ocrx_word' id='word_1_650' title='bbox 1716 4145 1837 4200; x_wconf 60' lang='lat' dir='ltr'><strong>qua:</strong></span> <span class='ocrx_word' id='word_1_651' title='bbox 1870 4138 1996 4182; x_wconf 90' lang='lat' dir='ltr'><strong>sunt</strong></span> <span class='ocrx_word' id='word_1_652' title='bbox 2025 4129 2076 4180; x_wconf 91' lang='lat' dir='ltr'><strong>in</strong></span> <span class='ocrx_word' id='word_1_653' title='bbox 2107 4125 2296 4178; x_wconf 89' lang='lat' dir='ltr'><strong>cauda.</strong></span> <span class='ocrx_word' id='word_1_654' title='bbox 2330 4122 2661 4176; x_wconf 61' lang='lat' dir='ltr'><strong>Cagterarum</strong></span> <span class='ocrx_word' id='word_1_655' title='bbox 2680 4120 2941 4173; x_wconf 85' lang='lat' dir='ltr'><strong>culminat</strong></span> <span class='ocrx_word' id='word_1_656' title='bbox 2971 4118 3146 4181; x_wconf 91' lang='lat' dir='ltr'><strong>initio,</strong></span> <span class='ocrx_word' id='word_1_657' title='bbox 3176 4117 3282 4173; x_wconf 87' lang='lat' dir='ltr'><strong>Ca—</strong></span> 
     </span>
    </p>
   </div>
   <div class='ocr_carea' id='block_1_80' title="bbox 1707 4209 3293 4281">
    <p class='ocr_par' dir='ltr' id='par_1_80' title="bbox 1707 4209 3293 4281">
     <span class='ocr_line' id='line_1_80' title="bbox 1707 4209 3293 4281; baseline -0.008 -7"><span class='ocrx_word' id='word_1_658' title='bbox 1707 4221 1794 4275; x_wconf 90' lang='lat' dir='ltr'><strong>nis</strong></span> <span class='ocrx_word' id='word_1_659' title='bbox 1820 4220 1874 4272; x_wconf 89' lang='lat' dir='ltr'><strong>in</strong></span> <span class='ocrx_word' id='word_1_660' title='bbox 1906 4219 2244 4273; x_wconf 79' lang='lat' dir='ltr'><strong>extremitate</strong></span> <span class='ocrx_word' id='word_1_661' title='bbox 2268 4213 2454 4268; x_wconf 69' lang='lat' dir='ltr'><strong>cauda:</strong></span> <span class='ocrx_word' id='word_1_662' title='bbox 2477 4212 2672 4281; x_wconf 84' lang='lat' dir='ltr'><strong>posita,</strong></span> <span class='ocrx_word' id='word_1_663' title='bbox 2699 4210 3021 4266; x_wconf 88' lang='lat' dir='ltr'><strong>semicubito</strong></span> <span class='ocrx_word' id='word_1_664' title='bbox 3052 4209 3166 4263; x_wconf 81' lang='lat' dir='ltr'><strong>fere</strong></span> <span class='ocrx_word' id='word_1_665' title='bbox 3202 4211 3293 4263; x_wconf 86' lang='lat' dir='ltr'><strong>ci--</strong></span> 
     </span>
    </p>
   </div>
   <div class='ocr_carea' id='block_1_81' title="bbox 1709 4301 3276 4375">
    <p class='ocr_par' dir='ltr' id='par_1_81' title="bbox 1709 4301 3276 4375">
     <span class='ocr_line' id='line_1_81' title="bbox 1709 4301 3276 4375; baseline -0.006 -10"><span class='ocrx_word' id='word_1_666' title='bbox 1709 4320 1793 4364; x_wconf 85' lang='lat' dir='ltr'><strong>tra</strong></span> <span class='ocrx_word' id='word_1_667' title='bbox 1823 4301 2206 4371; x_wconf 83' lang='lat' dir='ltr'><strong>meridianum,</strong></span> <span class='ocrx_word' id='word_1_668' title='bbox 2241 4313 2294 4361; x_wconf 90' lang='lat' dir='ltr'><strong>et</strong></span> <span class='ocrx_word' id='word_1_669' title='bbox 2328 4320 2447 4375; x_wconf 74' lang='lat' dir='ltr'><strong>quae</strong></span> <span class='ocrx_word' id='word_1_670' title='bbox 2473 4305 2527 4357; x_wconf 91' lang='lat' dir='ltr'><strong>in</strong></span> <span class='ocrx_word' id='word_1_671' title='bbox 2583 4302 2763 4358; x_wconf 86' lang='lat' dir='ltr'><strong>medio</strong></span> <span class='ocrx_word' id='word_1_672' title='bbox 2821 4301 3048 4356; x_wconf 85' lang='lat' dir='ltr'><strong>australi</strong></span> <span class='ocrx_word' id='word_1_673' title='bbox 3106 4301 3276 4357; x_wconf 81' lang='lat' dir='ltr'><strong>latere</strong></span> 
     </span>
    </p>
   </div>
   <div class='ocr_carea' id='block_1_82' title="bbox 1711 4395 3276 4469">
    <p class='ocr_par' dir='ltr' id='par_1_82' title="bbox 1711 4395 3276 4469">
     <span class='ocr_line' id='line_1_82' title="bbox 1711 4395 3276 4469; baseline -0.007 -11"><span class='ocrx_word' id='word_1_674' title='bbox 1711 4402 2001 4469; x_wconf 90' lang='lat' dir='ltr'><strong>Temonis;</strong></span> <span class='ocrx_word' id='word_1_675' title='bbox 2044 4399 2358 4463; x_wconf 84' lang='lat' dir='ltr'><strong>novissime,</strong></span> <span class='ocrx_word' id='word_1_676' title='bbox 2409 4397 2736 4452; x_wconf 88' lang='lat' dir='ltr'><strong>antecedens</strong></span> <span class='ocrx_word' id='word_1_677' title='bbox 2783 4409 2992 4458; x_wconf 87' lang='lat' dir='ltr'><strong>earum,</strong></span> <span class='ocrx_word' id='word_1_678' title='bbox 3052 4409 3173 4464; x_wconf 68' lang='lat' dir='ltr'><strong>qua</strong></span> <span class='ocrx_word' id='word_1_679' title='bbox 3220 4395 3276 4448; x_wconf 87' lang='lat' dir='ltr'><strong>in</strong></span> 
     </span>
    </p>
   </div>
   <div class='ocr_carea' id='block_1_83' title="bbox 1710 4486 3275 4566">
    <p class='ocr_par' dir='ltr' id='par_1_83' title="bbox 1710 4486 3275 4566">
     <span class='ocr_line' id='line_1_83' title="bbox 1710 4486 3275 4566; baseline -0.009 -16"><span class='ocrx_word' id='word_1_680' title='bbox 1710 4495 2106 4566; x_wconf 87' lang='lat' dir='ltr'><strong>posterioribus</strong></span> <span class='ocrx_word' id='word_1_681' title='bbox 2129 4489 2279 4544; x_wconf 69' lang='lat' dir='ltr'><strong>Ursae</strong></span> <span class='ocrx_word' id='word_1_682' title='bbox 2304 4489 2555 4559; x_wconf 88' lang='lat' dir='ltr'><strong>pedibus,</strong></span> <span class='ocrx_word' id='word_1_683' title='bbox 2589 4488 2914 4543; x_wconf 86' lang='lat' dir='ltr'><strong>semicubito</strong></span> <span class='ocrx_word' id='word_1_684' title='bbox 2936 4486 3154 4539; x_wconf 83' lang='lat' dir='ltr'><strong>circiter</strong></span> <span class='ocrx_word' id='word_1_685' title='bbox 3175 4501 3275 4537; x_wconf 86' lang='lat' dir='ltr'><strong>an-</strong></span> 
     </span>
    </p>
   </div>
   <div class='ocr_carea' id='block_1_84' title="bbox 25 4578 1611 4664">
    <p class='ocr_par' dir='ltr' id='par_1_84' title="bbox 25 4579 1602 4664">
     <span class='ocr_line' id='line_1_84' title="bbox 25 4579 1602 4664; baseline -0.008 -17"><span class='ocrx_word' id='word_1_686' title='bbox 25 4598 278 4664; x_wconf 77' lang='grc' dir='ltr'>Ἀρκτου</span> <span class='ocrx_word' id='word_1_687' title='bbox 306 4592 334 4642; x_wconf 76' lang='lat'><strong>6</strong></span> <span class='ocrx_word' id='word_1_688' title='bbox 356 4579 653 4664; x_wconf 82' lang='grc' dir='ltr'>ἡγούμενος</span> <span class='ocrx_word' id='word_1_689' title='bbox 682 4589 788 4643; x_wconf 82' lang='grc' dir='ltr'><strong>τῶν</strong></span> <span class='ocrx_word' id='word_1_690' title='bbox 812 4590 868 4642; x_wconf 87' lang='grc' dir='ltr'>ὲν</span> <span class='ocrx_word' id='word_1_691' title='bbox 888 4593 1000 4652; x_wconf 85' lang='grc' dir='ltr'>τοῖς</span> <span class='ocrx_word' id='word_1_692' title='bbox 1034 4588 1297 4649; x_wconf 80' lang='grc' dir='ltr'>ὀπισθίοις</span> <span class='ocrx_word' id='word_1_693' title='bbox 1330 4587 1503 4649; x_wconf 68' lang='grc' dir='ltr'>ποσὶν,</span> <span class='ocrx_word' id='word_1_694' title='bbox 1527 4583 1602 4644; x_wconf 83' lang='grc' dir='ltr'>ὡς</span> 
     </span>
    </p>
   </div>
   <div class='ocr_carea' id='block_1_85' title="bbox 1716 4578 3278 4664">
    <p class='ocr_par' dir='ltr' id='par_1_85' title="bbox 1716 4578 3278 4644">
     <span class='ocr_line' id='line_1_85' title="bbox 1716 4578 3278 4644; baseline -0.006 -4"><span class='ocrx_word' id='word_1_695' title='bbox 1716 4586 1966 4641; x_wconf 86' lang='lat' dir='ltr'><strong>tecedens</strong></span> <span class='ocrx_word' id='word_1_696' title='bbox 2005 4583 2387 4640; x_wconf 88' lang='lat' dir='ltr'><strong>meridianum,</strong></span> <span class='ocrx_word' id='word_1_697' title='bbox 2420 4590 2473 4635; x_wconf 92' lang='lat' dir='ltr'><strong>et</strong></span> <span class='ocrx_word' id='word_1_698' title='bbox 2513 4579 2811 4634; x_wconf 88' lang='lat' dir='ltr'><strong>lucidarum</strong></span> <span class='ocrx_word' id='word_1_699' title='bbox 2845 4581 2898 4631; x_wconf 85' lang='lat' dir='ltr'><strong>in</strong></span> <span class='ocrx_word' id='word_1_700' title='bbox 2922 4578 3064 4631; x_wconf 93' lang='lat' dir='ltr'><strong>collo</strong></span> <span class='ocrx_word' id='word_1_701' title='bbox 3094 4591 3156 4629; x_wconf 88' lang='lat' dir='ltr'><strong>ac</strong></span> <span class='ocrx_word' id='word_1_702' title='bbox 3186 4592 3278 4644; x_wconf 84' lang='lat' dir='ltr'><strong>pe-</strong></span> 
     </span>
    </p>
   </div>
   <div class='ocr_carea' id='block_1_86' title="bbox 20 4675 1595 4757">
    <p class='ocr_par' dir='ltr' id='par_1_86' title="bbox 20 4675 1595 4757">
     <span class='ocr_line' id='line_1_86' title="bbox 20 4675 1595 4757; baseline -0.007 -19"><span class='ocrx_word' id='word_1_703' title='bbox 20 4683 330 4757; x_wconf 76' lang='grc' dir='ltr'>ἡμιπήχιον</span> <span class='ocrx_word' id='word_1_704' title='bbox 359 4682 762 4753; x_wconf 79' lang='grc' dir='ltr'>προηγούμενος</span> <span class='ocrx_word' id='word_1_705' title='bbox 797 4680 888 4735; x_wconf 89' lang='grc' dir='ltr'><strong>τοῦ</strong></span> <span class='ocrx_word' id='word_1_706' title='bbox 929 4678 1318 4750; x_wconf 74' lang='grc' dir='ltr'>μεσημϐρινοῦ,</span> <span class='ocrx_word' id='word_1_707' title='bbox 1352 4677 1445 4729; x_wconf 71' lang='grc' dir='ltr'>καὶ</span> <span class='ocrx_word' id='word_1_708' title='bbox 1503 4675 1595 4727; x_wconf 87' lang='grc' dir='ltr'><strong>τοῦ</strong></span> 
     </span>
    </p>
   </div>
   <div class='ocr_carea' id='block_1_87' title="bbox 22 4766 1599 4843">
    <p class='ocr_par' dir='ltr' id='par_1_87' title="bbox 22 4766 1599 4843">
     <span class='ocr_line' id='line_1_87' title="bbox 22 4766 1599 4843; baseline -0.007 -13"><span class='ocrx_word' id='word_1_709' title='bbox 22 4778 267 4836; x_wconf 85' lang='grc' dir='ltr'>Λέοντος</span> <span class='ocrx_word' id='word_1_710' title='bbox 297 4772 401 4825; x_wconf 82' lang='grc' dir='ltr'><strong>τῶν</strong></span> <span class='ocrx_word' id='word_1_711' title='bbox 435 4772 609 4843; x_wconf 36' lang='grc' dir='ltr'><strong>ἐνΑτῷ</strong></span> <span class='ocrx_word' id='word_1_712' title='bbox 646 4771 898 4843; x_wconf 85' lang='grc' dir='ltr'>τραχήλῳ</span> <span class='ocrx_word' id='word_1_713' title='bbox 926 4770 1019 4822; x_wconf 72' lang='grc' dir='ltr'><strong>καὶ</strong></span> <span class='ocrx_word' id='word_1_714' title='bbox 1050 4770 1234 4840; x_wconf 71' lang='grc' dir='ltr'>στήσει</span> <span class='ocrx_word' id='word_1_715' title='bbox 1275 4766 1541 4838; x_wconf 85' lang='grc' dir='ltr'>λαμπρῶν</span> <span class='ocrx_word' id='word_1_716' title='bbox 1571 4770 1599 4819; x_wconf 91' lang='lat'><strong>6</strong></span> 
     </span>
    </p>
   </div>
   <div class='ocr_carea' id='block_1_88' title="bbox 22 4835 1598 4940">
    <p class='ocr_par' dir='ltr' id='par_1_88' title="bbox 22 4835 1598 4940">
     <span class='ocr_line' id='line_1_88' title="bbox 22 4835 1598 4940; baseline -0.007 -19"><span class='ocrx_word' id='word_1_717' title='bbox 22 4880 75 4940; x_wconf 85' lang='grc' dir='ltr'><strong>γ’</strong></span> <span class='ocrx_word' id='word_1_718' title='bbox 107 4870 205 4922; x_wconf 84' lang='grc' dir='ltr'>ἀπ’</span> <span class='ocrx_word' id='word_1_719' title='bbox 235 4867 466 4937; x_wconf 75' lang='grc' dir='ltr'>ἄρκτων,</span> <span class='ocrx_word' id='word_1_720' title='bbox 583 4835 631 4935; x_wconf 52' lang='grc' dir='ltr'><strong>β’</strong></span> <span class='ocrx_word' id='word_1_721' title='bbox 667 4835 1044 4934; x_wconf 52' lang='grc' dir='ltr'>ῥέρἦίπῆχεως</span> <span class='ocrx_word' id='word_1_722' title='bbox 1071 4835 1488 4930; x_wconf 79' lang='grc' dir='ltr'>ὑπολειπόμενος</span> <span class='ocrx_word' id='word_1_723' title='bbox 1505 4858 1598 4910; x_wconf 83' lang='grc' dir='ltr'><strong>τοῦ</strong></span> 
     </span>
    </p>
   </div>
   <div class='ocr_carea' id='block_1_89' title="bbox 26 4954 1303 5038">
    <p class='ocr_par' dir='ltr' id='par_1_89' title="bbox 26 4954 1303 5038">
     <span class='ocr_line' id='line_1_89' title="bbox 26 4954 1303 5038; baseline -0.006 -23"><span class='ocrx_word' id='word_1_724' title='bbox 26 4959 428 5038; x_wconf 76' lang='grc' dir='ltr'>μεσημϐρινοῦ.</span> <span class='ocrx_word' id='word_1_725' title='bbox 458 4959 612 5012; x_wconf 83' lang='grc' dir='ltr'>Δύνει</span> <span class='ocrx_word' id='word_1_726' title='bbox 640 4957 697 5010; x_wconf 84' lang='grc' dir='ltr'>δὲ</span> <span class='ocrx_word' id='word_1_727' title='bbox 723 4959 751 5008; x_wconf 90' lang='lat'><strong>6</strong></span> <span class='ocrx_word' id='word_1_728' title='bbox 775 4956 939 5028; x_wconf 85' lang='grc' dir='ltr'>Κριὸς</span> <span class='ocrx_word' id='word_1_729' title='bbox 968 4957 1023 5008; x_wconf 79' lang='grc' dir='ltr'><strong>έν</strong></span> <span class='ocrx_word' id='word_1_730' title='bbox 1044 4954 1210 5024; x_wconf 83' lang='grc' dir='ltr'>ὥραις</span> <span class='ocrx_word' id='word_1_731' title='bbox 1239 4954 1303 5023; x_wconf 66' lang='grc' dir='ltr'><strong>β’.</strong></span> 
     </span>
    </p>
   </div>
   <div class='ocr_carea' id='block_1_90' title="bbox 103 5041 1600 5116">
    <p class='ocr_par' dir='ltr' id='par_1_90' title="bbox 103 5041 1600 5116">
     <span class='ocr_line' id='line_1_90' title="bbox 103 5041 1600 5116; baseline -0.007 -13"><span class='ocrx_word' id='word_1_732' title='bbox 103 5048 214 5103; x_wconf 86' lang='grc' dir='ltr'><strong>Τοῦ</strong></span> <span class='ocrx_word' id='word_1_733' title='bbox 243 5046 296 5100; x_wconf 80' lang='grc' dir='ltr'>δὲ</span> <span class='ocrx_word' id='word_1_734' title='bbox 325 5047 534 5116; x_wconf 81' lang='grc' dir='ltr'>Ταύρου</span> <span class='ocrx_word' id='word_1_735' title='bbox 564 5046 828 5108; x_wconf 88' lang='grc' dir='ltr'>δύνοντος,</span> <span class='ocrx_word' id='word_1_736' title='bbox 859 5043 1243 5112; x_wconf 78' lang='grc' dir='ltr'>συγκαταδύνει</span> <span class='ocrx_word' id='word_1_737' title='bbox 1279 5042 1373 5111; x_wconf 81' lang='grc' dir='ltr'>μὲν</span> <span class='ocrx_word' id='word_1_738' title='bbox 1402 5041 1549 5111; x_wconf 77' lang='grc' dir='ltr'>αὑτῴ</span> <span class='ocrx_word' id='word_1_739' title='bbox 1573 5043 1600 5093; x_wconf 91' lang='lat'><strong>6</strong></span> 
     </span>
    </p>
   </div>
   <div class='ocr_carea' id='block_1_91' title="bbox 25 5131 1595 5208">
    <p class='ocr_par' dir='ltr' id='par_1_91' title="bbox 25 5131 1595 5208">
     <span class='ocr_line' id='line_1_91' title="bbox 25 5131 1595 5208; baseline -0.009 -12"><span class='ocrx_word' id='word_1_740' title='bbox 25 5137 295 5208; x_wconf 78' lang='grc' dir='ltr'>ζωδιακὸς</span> <span class='ocrx_word' id='word_1_741' title='bbox 327 5135 433 5189; x_wconf 71' lang='grc' dir='ltr'><strong>ἀπὸ</strong></span> <span class='ocrx_word' id='word_1_742' title='bbox 473 5135 643 5205; x_wconf 85' lang='grc' dir='ltr'>Κριοῦ</span> <span class='ocrx_word' id='word_1_743' title='bbox 699 5135 809 5204; x_wconf 87' lang='grc' dir='ltr'>μοί.</span> <span class='ocrx_word' id='word_1_744' title='bbox 841 5141 886 5186; x_wconf 85' lang='grc' dir='ltr'>κ’</span> <span class='ocrx_word' id='word_1_745' title='bbox 915 5135 1017 5196; x_wconf 73' lang='grc' dir='ltr'>ἓως</span> <span class='ocrx_word' id='word_1_746' title='bbox 1063 5133 1272 5204; x_wconf 88' lang='grc' dir='ltr'>Ταύρου</span> <span class='ocrx_word' id='word_1_747' title='bbox 1321 5133 1428 5202; x_wconf 88' lang='grc' dir='ltr'>μοί.</span> <span class='ocrx_word' id='word_1_748' title='bbox 1475 5131 1595 5196; x_wconf 59' lang='grc' dir='ltr'>αις-ὀ</span> 
     </span>
    </p>
   </div>
   <div class='ocr_carea' id='block_1_92' title="bbox 31 5221 1600 5304">
    <p class='ocr_par' dir='ltr' id='par_1_92' title="bbox 31 5221 1600 5304">
     <span class='ocr_line' id='line_1_92' title="bbox 31 5221 1600 5304; baseline -0.007 -21"><span class='ocrx_word' id='word_1_749' title='bbox 31 5229 358 5304; x_wconf 82' lang='grc' dir='ltr'>μεσουρανεί</span> <span class='ocrx_word' id='word_1_750' title='bbox 383 5227 439 5280; x_wconf 82' lang='grc' dir='ltr'>δὲ</span> <span class='ocrx_word' id='word_1_751' title='bbox 471 5225 579 5280; x_wconf 77' lang='grc' dir='ltr'><strong>ἀπὸ</strong></span> <span class='ocrx_word' id='word_1_752' title='bbox 610 5225 883 5296; x_wconf 84' lang='grc' dir='ltr'>Καρκίνου</span> <span class='ocrx_word' id='word_1_753' title='bbox 925 5224 1031 5294; x_wconf 85' lang='grc' dir='ltr'>μοί.</span> <span class='ocrx_word' id='word_1_754' title='bbox 1058 5221 1102 5292; x_wconf 70' lang='grc' dir='ltr'><strong>β’</strong></span> <span class='ocrx_word' id='word_1_755' title='bbox 1137 5224 1229 5274; x_wconf 71' lang='grc' dir='ltr'>καὶ</span> <span class='ocrx_word' id='word_1_756' title='bbox 1253 5229 1299 5274; x_wconf 87' lang='grc' dir='ltr'>κ’</span> <span class='ocrx_word' id='word_1_757' title='bbox 1322 5222 1424 5284; x_wconf 72' lang='grc' dir='ltr'>ἕως</span> <span class='ocrx_word' id='word_1_758' title='bbox 1457 5221 1600 5292; x_wconf 73' lang='grc' dir='ltr'>Παρ-</span> 
     </span>
    </p>
   </div>
   <div class='ocr_carea' id='block_1_93' title="bbox 27 5314 1598 5390">
    <p class='ocr_par' dir='ltr' id='par_1_93' title="bbox 27 5314 1598 5390">
     <span class='ocr_line' id='line_1_93' title="bbox 27 5314 1598 5390; baseline -0.008 -12"><span class='ocrx_word' id='word_1_759' title='bbox 27 5325 196 5378; x_wconf 86' lang='grc' dir='ltr'>θένου</span> <span class='ocrx_word' id='word_1_760' title='bbox 219 5317 281 5382; x_wconf 81' lang='grc' dir='ltr'><strong>ζ’.</strong></span> <span class='ocrx_word' id='word_1_761' title='bbox 313 5320 422 5373; x_wconf 67' lang='grc' dir='ltr'><strong>Καὶ</strong></span> <span class='ocrx_word' id='word_1_762' title='bbox 452 5326 496 5372; x_wconf 83' lang='grc' dir='ltr'>α’</span> <span class='ocrx_word' id='word_1_763' title='bbox 524 5319 621 5390; x_wconf 81' lang='grc' dir='ltr'><strong>μὲν</strong></span> <span class='ocrx_word' id='word_1_764' title='bbox 646 5318 820 5389; x_wconf 76' lang='grc' dir='ltr'>ἀστὴρ</span> <span class='ocrx_word' id='word_1_765' title='bbox 839 5315 982 5369; x_wconf 89' lang='grc' dir='ltr'>δύνει</span> <span class='ocrx_word' id='word_1_766' title='bbox 1011 5317 1038 5368; x_wconf 91' lang='lat'><strong>6</strong></span> <span class='ocrx_word' id='word_1_767' title='bbox 1067 5314 1384 5382; x_wconf 77' lang='grc' dir='ltr'>νοτιωτερος</span> <span class='ocrx_word' id='word_1_768' title='bbox 1409 5314 1517 5367; x_wconf 82' lang='grc' dir='ltr'><strong>τῶν</strong></span> <span class='ocrx_word' id='word_1_769' title='bbox 1542 5317 1598 5367; x_wconf 76' lang='grc' dir='ltr'>ὲν</span> 
     </span>
    </p>
   </div>
   <div class='ocr_carea' id='block_1_94' title="bbox 28 5405 1599 5487">
    <p class='ocr_par' dir='ltr' id='par_1_94' title="bbox 28 5405 1599 5487">
     <span class='ocr_line' id='line_1_94' title="bbox 28 5405 1599 5487; baseline -0.009 -18"><span class='ocrx_word' id='word_1_770' title='bbox 28 5421 99 5487; x_wconf 77' lang='grc' dir='ltr'>τῇ</span> <span class='ocrx_word' id='word_1_771' title='bbox 149 5414 388 5482; x_wconf 74' lang='grc' dir='ltr'>ἀποτομῇ</span> <span class='ocrx_word' id='word_1_772' title='bbox 423 5413 486 5476; x_wconf 87' lang='grc' dir='ltr'>δ’,</span> <span class='ocrx_word' id='word_1_773' title='bbox 517 5411 739 5483; x_wconf 77' lang='grc' dir='ltr'>ἔσχατος</span> <span class='ocrx_word' id='word_1_774' title='bbox 782 5409 836 5462; x_wconf 86' lang='grc' dir='ltr'>δὲ</span> <span class='ocrx_word' id='word_1_775' title='bbox 872 5411 901 5460; x_wconf 90' lang='lat'><strong>6</strong></span> <span class='ocrx_word' id='word_1_776' title='bbox 938 5410 994 5458; x_wconf 81' lang='grc' dir='ltr'>ὲν</span> <span class='ocrx_word' id='word_1_777' title='bbox 1025 5405 1179 5477; x_wconf 75' lang='grc' dir='ltr'>ἄκρῳ</span> <span class='ocrx_word' id='word_1_778' title='bbox 1223 5405 1301 5475; x_wconf 84' lang='grc' dir='ltr'>τῷ</span> <span class='ocrx_word' id='word_1_779' title='bbox 1332 5405 1599 5476; x_wconf 83' lang='grc' dir='ltr'>ἀριστερῷ</span> 
     </span>
    </p>
   </div>
   <div class='ocr_carea' id='block_1_95' title="bbox 29 5496 1598 5586">
    <p class='ocr_par' dir='ltr' id='par_1_95' title="bbox 29 5496 1598 5586">
     <span class='ocr_line' id='line_1_95' title="bbox 29 5496 1598 5586; baseline -0.01 -23"><span class='ocrx_word' id='word_1_780' title='bbox 29 5512 250 5578; x_wconf 85' lang='grc' dir='ltr'>κέρατι.</span> <span class='ocrx_word' id='word_1_781' title='bbox 277 5502 680 5586; x_wconf 72' lang='grc' dir='ltr'>Μεσουρανοῦσι</span> <span class='ocrx_word' id='word_1_782' title='bbox 707 5501 762 5554; x_wconf 83' lang='grc' dir='ltr'>δὲ</span> <span class='ocrx_word' id='word_1_783' title='bbox 794 5499 899 5564; x_wconf 79' lang='grc' dir='ltr'>τῶν</span> <span class='ocrx_word' id='word_1_784' title='bbox 937 5498 1107 5552; x_wconf 70' lang='grc' dir='ltr'>ἄλλων</span> <span class='ocrx_word' id='word_1_785' title='bbox 1133 5497 1374 5566; x_wconf 82' lang='grc' dir='ltr'>ἀστέρων</span> <span class='ocrx_word' id='word_1_786' title='bbox 1413 5499 1469 5549; x_wconf 84' lang='grc' dir='ltr'>ὲν</span> <span class='ocrx_word' id='word_1_787' title='bbox 1502 5496 1598 5565; x_wconf 81' lang='grc' dir='ltr'><strong>μὲν</strong></span> 
     </span>
    </p>
   </div>
   <div class='ocr_carea' id='block_1_96' title="bbox 27 5585 1598 5672">
    <p class='ocr_par' dir='ltr' id='par_1_96' title="bbox 27 5585 1598 5672">
     <span class='ocr_line' id='line_1_96' title="bbox 27 5585 1598 5672; baseline -0.008 -22"><span class='ocrx_word' id='word_1_788' title='bbox 27 5605 98 5672; x_wconf 81' lang='grc' dir='ltr'>τῇ</span> <span class='ocrx_word' id='word_1_789' title='bbox 131 5596 268 5667; x_wconf 82' lang='grc' dir='ltr'>ἀρχῇ</span> <span class='ocrx_word' id='word_1_790' title='bbox 299 5593 390 5646; x_wconf 85' lang='grc' dir='ltr'><strong>τοῦ</strong></span> <span class='ocrx_word' id='word_1_791' title='bbox 411 5593 606 5664; x_wconf 86' lang='grc' dir='ltr'>’Ύδρου</span> <span class='ocrx_word' id='word_1_792' title='bbox 631 5595 658 5646; x_wconf 88' lang='lat'><strong>6</strong></span> <span class='ocrx_word' id='word_1_793' title='bbox 687 5589 1002 5651; x_wconf 87' lang='grc' dir='ltr'>νοτιώτατος</span> <span class='ocrx_word' id='word_1_794' title='bbox 1031 5585 1138 5641; x_wconf 86' lang='grc' dir='ltr'><strong>τῶν</strong></span> <span class='ocrx_word' id='word_1_795' title='bbox 1163 5591 1218 5641; x_wconf 80' lang='grc' dir='ltr'>ὲν</span> <span class='ocrx_word' id='word_1_796' title='bbox 1239 5588 1316 5658; x_wconf 83' lang='grc' dir='ltr'>τῷ</span> <span class='ocrx_word' id='word_1_797' title='bbox 1345 5587 1598 5657; x_wconf 82' lang='grc' dir='ltr'>τραχήλῳ</span> 
     </span>
    </p>
   </div>
   <div class='ocr_carea' id='block_1_97' title="bbox 30 5676 1595 5761">
    <p class='ocr_par' dir='ltr' id='par_1_97' title="bbox 30 5676 1595 5761">
     <span class='ocr_line' id='line_1_97' title="bbox 30 5676 1595 5761; baseline -0.004 -27"><span class='ocrx_word' id='word_1_798' title='bbox 30 5700 106 5761; x_wconf 69' lang='grc' dir='ltr'><strong>γ’,</strong></span> <span class='ocrx_word' id='word_1_799' title='bbox 122 5679 341 5755; x_wconf 54' lang='grc' dir='ltr'>ἐγὴιστα</span> <span class='ocrx_word' id='word_1_800' title='bbox 358 5681 464 5735; x_wconf 82' lang='grc' dir='ltr'>τῶν</span> <span class='ocrx_word' id='word_1_801' title='bbox 482 5683 574 5733; x_wconf 80' lang='grc' dir='ltr'>ἀπ’</span> <span class='ocrx_word' id='word_1_802' title='bbox 590 5684 823 5752; x_wconf 72' lang='grc' dir='ltr'>’Ἄρκτου</span> <span class='ocrx_word' id='word_1_803' title='bbox 838 5679 1105 5748; x_wconf 83' lang='grc' dir='ltr'>κειμένων</span> <span class='ocrx_word' id='word_1_804' title='bbox 1119 5679 1213 5731; x_wconf 89' lang='grc' dir='ltr'><strong>τοῦ</strong></span> <span class='ocrx_word' id='word_1_805' title='bbox 1236 5676 1506 5747; x_wconf 83' lang='grc' dir='ltr'>λαμπροῦ,</span> <span class='ocrx_word' id='word_1_806' title='bbox 1523 5677 1595 5740; x_wconf 83' lang='grc' dir='ltr'><strong>ὡς</strong></span> 
     </span>
    </p>
   </div>
   <div class='ocr_carea' id='block_1_98' title="bbox 33 5767 1597 5856">
    <p class='ocr_par' dir='ltr' id='par_1_98' title="bbox 33 5767 1597 5856">
     <span class='ocr_line' id='line_1_98' title="bbox 33 5767 1597 5856; baseline -0.008 -26"><span class='ocrx_word' id='word_1_807' title='bbox 33 5778 331 5856; x_wconf 71' lang='grc' dir='ltr'>ὴμιπὴχιον</span> <span class='ocrx_word' id='word_1_808' title='bbox 361 5771 781 5841; x_wconf 84' lang='grc' dir='ltr'>ὑπολειπόμενος</span> <span class='ocrx_word' id='word_1_809' title='bbox 805 5770 898 5823; x_wconf 90' lang='grc' dir='ltr'><strong>τοῦ</strong></span> <span class='ocrx_word' id='word_1_810' title='bbox 943 5768 1332 5840; x_wconf 73' lang='grc' dir='ltr'><strong>μεσημϐρινοῦ⁸</strong></span> <span class='ocrx_word' id='word_1_811' title='bbox 1374 5767 1597 5837; x_wconf 77' lang='grc' dir='ltr'>ἔσχατον</span> 
     </span>
    </p>
   </div>
   <div class='ocr_carea' id='block_1_99' title="bbox 32 5857 1594 5940">
    <p class='ocr_par' dir='ltr' id='par_1_99' title="bbox 32 5857 1594 5940">
     <span class='ocr_line' id='line_1_99' title="bbox 32 5857 1594 5940; baseline -0.008 -20"><span class='ocrx_word' id='word_1_812' title='bbox 32 5874 93 5925; x_wconf 72' lang='grc' dir='ltr'>δὲ</span> <span class='ocrx_word' id='word_1_813' title='bbox 129 5859 512 5940; x_wconf 83' lang='grc' dir='ltr'>μεσουρανοῦσι</span> <span class='ocrx_word' id='word_1_814' title='bbox 533 5859 628 5929; x_wconf 78' lang='grc' dir='ltr'><strong>τῆς</strong></span> <span class='ocrx_word' id='word_1_815' title='bbox 651 5859 922 5930; x_wconf 79' lang='grc' dir='ltr'>Παρθένου</span> <span class='ocrx_word' id='word_1_816' title='bbox 945 5860 972 5910; x_wconf 89' lang='grc' dir='ltr'>ὁ</span> <span class='ocrx_word' id='word_1_817' title='bbox 1001 5859 1058 5911; x_wconf 85' lang='grc' dir='ltr'>ὲν</span> <span class='ocrx_word' id='word_1_818' title='bbox 1087 5857 1226 5929; x_wconf 84' lang='grc' dir='ltr'>μέσῃ</span> <span class='ocrx_word' id='word_1_819' title='bbox 1246 5858 1311 5927; x_wconf 76' lang='grc' dir='ltr'>τῇ</span> <span class='ocrx_word' id='word_1_820' title='bbox 1334 5857 1594 5924; x_wconf 81' lang='grc' dir='ltr'>ἀριστερᾷ</span> 
     </span>
    </p>
   </div>
   <div class='ocr_carea' id='block_1_100' title="bbox 351 5947 976 6015">
    <p class='ocr_par' dir='ltr' id='par_1_100' title="bbox 351 5947 976 6015">
     <span class='ocr_line' id='line_1_100' title="bbox 351 5947 976 6015; baseline -0.014 0"><span class='ocrx_word' id='word_1_821' title='bbox 351 5954 619 6015; x_wconf 68' lang='grc' dir='ltr'>Ρλτιιοι..</span> <span class='ocrx_word' id='word_1_822' title='bbox 651 5952 764 6012; x_wconf 76' lang='lat' dir='ltr'><strong>Gn.</strong></span> <span class='ocrx_word' id='word_1_823' title='bbox 802 5947 976 6009; x_wconf 78' lang='lat' dir='ltr'><strong>XIX.</strong></span> 
     </span>
    </p>
   </div>
   <div class='ocr_carea' id='block_1_101' title="bbox 1707 4665 3275 4739">
    <p class='ocr_par' dir='ltr' id='par_1_101' title="bbox 1707 4665 3275 4739">
     <span class='ocr_line' id='line_1_101' title="bbox 1707 4665 3275 4739; baseline -0.006 -13"><span class='ocrx_word' id='word_1_824' title='bbox 1707 4681 1856 4726; x_wconf 89' lang='lat' dir='ltr'><strong>ctore</strong></span> <span class='ocrx_word' id='word_1_825' title='bbox 1882 4670 2080 4725; x_wconf 89' lang='lat' dir='ltr'><strong>Leonis</strong></span> <span class='ocrx_word' id='word_1_826' title='bbox 2115 4687 2142 4722; x_wconf 86' lang='lat' dir='ltr'><strong>a</strong></span> <span class='ocrx_word' id='word_1_827' title='bbox 2169 4670 2639 4739; x_wconf 84' lang='lat' dir='ltr'><strong>septentrionibus</strong></span> <span class='ocrx_word' id='word_1_828' title='bbox 2667 4669 2847 4727; x_wconf 85' lang='lat' dir='ltr'><strong>tertia,</strong></span> <span class='ocrx_word' id='word_1_829' title='bbox 2880 4665 3125 4735; x_wconf 75' lang='lat' dir='ltr'><strong>partibus&quot;</strong></span> <span class='ocrx_word' id='word_1_830' title='bbox 3178 4682 3275 4718; x_wconf 85' lang='lat' dir='ltr'><strong>cu-</strong></span> 
     </span>
    </p>
   </div>
   <div class='ocr_carea' id='block_1_102' title="bbox 1707 4755 3277 4818">
    <p class='ocr_par' dir='ltr' id='par_1_102' title="bbox 1707 4755 3277 4818">
     <span class='ocr_line' id='line_1_102' title="bbox 1707 4755 3277 4818; baseline -0.004 -1"><span class='ocrx_word' id='word_1_831' title='bbox 1707 4764 1804 4818; x_wconf 86' lang='lat' dir='ltr'><strong>biti</strong></span> <span class='ocrx_word' id='word_1_832' title='bbox 1834 4763 2046 4817; x_wconf 86' lang='lat' dir='ltr'><strong>duabus</strong></span> <span class='ocrx_word' id='word_1_833' title='bbox 2078 4763 2190 4816; x_wconf 80' lang='lat' dir='ltr'><strong>fere</strong></span> <span class='ocrx_word' id='word_1_834' title='bbox 2231 4761 2368 4815; x_wconf 83' lang='lat' dir='ltr'><strong>citra</strong></span> <span class='ocrx_word' id='word_1_835' title='bbox 2425 4759 2806 4814; x_wconf 86' lang='lat' dir='ltr'><strong>meridianum.</strong></span> <span class='ocrx_word' id='word_1_836' title='bbox 2864 4755 3074 4811; x_wconf 90' lang='lat' dir='ltr'><strong>Occidit</strong></span> <span class='ocrx_word' id='word_1_837' title='bbox 3116 4755 3277 4811; x_wconf 80' lang='lat' dir='ltr'><strong>Aries</strong></span> 
     </span>
    </p>
   </div>
   <div class='ocr_carea' id='block_1_103' title="bbox 1703 4855 2109 4911">
    <p class='ocr_par' dir='ltr' id='par_1_103' title="bbox 1703 4855 2109 4911">
     <span class='ocr_line' id='line_1_103' title="bbox 1703 4855 2109 4911; baseline -0.002 -2"><span class='ocrx_word' id='word_1_838' title='bbox 1703 4856 1850 4911; x_wconf 81' lang='lat' dir='ltr'><strong>horis</strong></span> <span class='ocrx_word' id='word_1_839' title='bbox 1880 4855 2109 4911; x_wconf 72' lang='lat' dir='ltr'><strong>duabus.</strong></span> 
     </span>
    </p>
   </div>
   <div class='ocr_carea' id='block_1_104' title="bbox 1778 5009 3272 5103">
    <p class='ocr_par' dir='ltr' id='par_1_104' title="bbox 1778 5009 3272 5103">
     <span class='ocr_line' id='line_1_104' title="bbox 1778 5009 3272 5103; baseline -0.001 -13"><span class='ocrx_word' id='word_1_840' title='bbox 1778 5037 1912 5090; x_wconf 89' lang='lat' dir='ltr'><strong>Cum</strong></span> <span class='ocrx_word' id='word_1_841' title='bbox 1943 5035 2123 5090; x_wconf 88' lang='lat' dir='ltr'><strong>Tauro</strong></span> <span class='ocrx_word' id='word_1_842' title='bbox 2150 5009 2405 5089; x_wconf 65' lang='lat' dir='ltr'><strong>zodiacns</strong></span> <span class='ocrx_word' id='word_1_843' title='bbox 2425 5034 2629 5089; x_wconf 86' lang='lat' dir='ltr'><strong>occidit</strong></span> <span class='ocrx_word' id='word_1_844' title='bbox 2655 5036 2725 5090; x_wconf 75' lang='lat' dir='ltr'><strong>ab</strong></span> <span class='ocrx_word' id='word_1_845' title='bbox 2759 5034 2960 5088; x_wconf 82' lang='lat' dir='ltr'><strong>Arietis</strong></span> <span class='ocrx_word' id='word_1_846' title='bbox 2997 5043 3150 5103; x_wconf 87' lang='lat' dir='ltr'><strong>parte</strong></span> <span class='ocrx_word' id='word_1_847' title='bbox 3201 5036 3272 5089; x_wconf 73' lang='lat'><strong>20</strong></span> 
     </span>
    </p>
   </div>
   <div class='ocr_carea' id='block_1_105' title="bbox 1709 5125 3271 5198">
    <p class='ocr_par' dir='ltr' id='par_1_105' title="bbox 1709 5125 3271 5198">
     <span class='ocr_line' id='line_1_105' title="bbox 1709 5125 3271 5198; baseline 0 -19"><span class='ocrx_word' id='word_1_848' title='bbox 1709 5128 1866 5198; x_wconf 73' lang='grc' dir='ltr'>ιω</span> <span class='ocrx_word' id='word_1_849' title='bbox 1925 5126 1992 5180; x_wconf 87' lang='lat' dir='ltr'><strong>ad</strong></span> <span class='ocrx_word' id='word_1_850' title='bbox 2054 5125 2217 5179; x_wconf 88' lang='lat' dir='ltr'><strong>Tauri</strong></span> <span class='ocrx_word' id='word_1_851' title='bbox 2277 5125 2383 5192; x_wconf 75' lang='lat'><strong>26;</strong></span> <span class='ocrx_word' id='word_1_852' title='bbox 2440 5128 2703 5181; x_wconf 88' lang='lat' dir='ltr'><strong>culminat</strong></span> <span class='ocrx_word' id='word_1_853' title='bbox 2758 5142 2788 5180; x_wconf 84' lang='lat' dir='ltr'><strong>a</strong></span> <span class='ocrx_word' id='word_1_854' title='bbox 2837 5127 3034 5182; x_wconf 88' lang='lat' dir='ltr'><strong>Cancri</strong></span> <span class='ocrx_word' id='word_1_855' title='bbox 3081 5127 3150 5180; x_wconf 74' lang='lat'><strong>22</strong></span> <span class='ocrx_word' id='word_1_856' title='bbox 3202 5126 3271 5180; x_wconf 78' lang='lat' dir='ltr'><strong>ad</strong></span> 
     </span>
    </p>
   </div>
   <div class='ocr_carea' id='block_1_106' title="bbox 1705 5217 3271 5292">
    <p class='ocr_par' dir='ltr' id='par_1_106' title="bbox 1705 5217 3271 5292">
     <span class='ocr_line' id='line_1_106' title="bbox 1705 5217 3271 5292; baseline -0.001 -20"><span class='ocrx_word' id='word_1_857' title='bbox 1705 5218 1942 5288; x_wconf 75' lang='lat' dir='ltr'><strong>Virginis</strong></span> <span class='ocrx_word' id='word_1_858' title='bbox 1979 5217 2032 5292; x_wconf 76' lang='grc'>7.</span> <span class='ocrx_word' id='word_1_859' title='bbox 2066 5217 2222 5272; x_wconf 89' lang='lat' dir='ltr'><strong>Prior</strong></span> <span class='ocrx_word' id='word_1_860' title='bbox 2251 5221 2453 5273; x_wconf 89' lang='lat' dir='ltr'><strong>occidit</strong></span> <span class='ocrx_word' id='word_1_861' title='bbox 2486 5219 2661 5282; x_wconf 87' lang='lat' dir='ltr'><strong>stella,</strong></span> <span class='ocrx_word' id='word_1_862' title='bbox 2695 5234 2816 5287; x_wconf 75' lang='lat' dir='ltr'><strong>quae</strong></span> <span class='ocrx_word' id='word_1_863' title='bbox 2847 5229 2931 5274; x_wconf 89' lang='lat' dir='ltr'><strong>est</strong></span> <span class='ocrx_word' id='word_1_864' title='bbox 2976 5220 3271 5272; x_wconf 85' lang='lat' dir='ltr'><strong>australior</strong></span> 
     </span>
    </p>
   </div>
   <div class='ocr_carea' id='block_1_107' title="bbox 1705 5312 3270 5382">
    <p class='ocr_par' dir='ltr' id='par_1_107' title="bbox 1705 5312 3270 5382">
     <span class='ocr_line' id='line_1_107' title="bbox 1705 5312 3270 5382; baseline -0.001 -15"><span class='ocrx_word' id='word_1_865' title='bbox 1705 5315 1932 5367; x_wconf 86' lang='lat' dir='ltr'><strong>sitarum</strong></span> <span class='ocrx_word' id='word_1_866' title='bbox 1978 5312 2034 5365; x_wconf 93' lang='lat' dir='ltr'><strong>in</strong></span> <span class='ocrx_word' id='word_1_867' title='bbox 2064 5315 2383 5381; x_wconf 70' lang='lat' dir='ltr'><strong>praecisione</strong></span> <span class='ocrx_word' id='word_1_868' title='bbox 2411 5325 2677 5382; x_wconf 87' lang='lat' dir='ltr'><strong>quatuor;</strong></span> <span class='ocrx_word' id='word_1_869' title='bbox 2710 5315 2917 5376; x_wconf 89' lang='lat' dir='ltr'><strong>ultima,</strong></span> <span class='ocrx_word' id='word_1_870' title='bbox 2950 5327 3069 5382; x_wconf 62' lang='lat' dir='ltr'><strong>qua</strong></span> <span class='ocrx_word' id='word_1_871' title='bbox 3102 5321 3186 5367; x_wconf 91' lang='lat' dir='ltr'><strong>est</strong></span> <span class='ocrx_word' id='word_1_872' title='bbox 3213 5314 3270 5367; x_wconf 91' lang='lat' dir='ltr'><strong>in</strong></span> 
     </span>
    </p>
   </div>
   <div class='ocr_carea' id='block_1_108' title="bbox 1703 5402 3267 5474">
    <p class='ocr_par' dir='ltr' id='par_1_108' title="bbox 1703 5402 3267 5474">
     <span class='ocr_line' id='line_1_108' title="bbox 1703 5402 3267 5474; baseline -0.003 -15"><span class='ocrx_word' id='word_1_873' title='bbox 1703 5403 2042 5459; x_wconf 66' lang='lat' dir='ltr'><strong>extremitate</strong></span> <span class='ocrx_word' id='word_1_874' title='bbox 2078 5404 2284 5459; x_wconf 81' lang='lat' dir='ltr'><strong>sinistri</strong></span> <span class='ocrx_word' id='word_1_875' title='bbox 2314 5418 2504 5458; x_wconf 90' lang='lat' dir='ltr'><strong>cornu.</strong></span> <span class='ocrx_word' id='word_1_876' title='bbox 2540 5402 2890 5474; x_wconf 78' lang='lat' dir='ltr'><strong>Reliquarum</strong></span> <span class='ocrx_word' id='word_1_877' title='bbox 2945 5404 3267 5465; x_wconf 86' lang='lat' dir='ltr'><strong>culminant,</strong></span> 
     </span>
    </p>
   </div>
   <div class='ocr_carea' id='block_1_109' title="bbox 1702 5486 3271 5561">
    <p class='ocr_par' dir='ltr' id='par_1_109' title="bbox 1702 5486 3271 5561">
     <span class='ocr_line' id='line_1_109' title="bbox 1702 5486 3271 5561; baseline -0.001 -16"><span class='ocrx_word' id='word_1_878' title='bbox 1702 5491 1858 5546; x_wconf 88' lang='lat' dir='ltr'><strong>initio</strong></span> <span class='ocrx_word' id='word_1_879' title='bbox 1915 5486 2152 5561; x_wconf 73' lang='lat' dir='ltr'><strong>quidem,</strong></span> <span class='ocrx_word' id='word_1_880' title='bbox 2209 5492 2602 5546; x_wconf 84' lang='lat' dir='ltr'><strong>australissima</strong></span> <span class='ocrx_word' id='word_1_881' title='bbox 2655 5506 2839 5549; x_wconf 81' lang='lat' dir='ltr'><strong>earum</strong></span> <span class='ocrx_word' id='word_1_882' title='bbox 2885 5506 3004 5560; x_wconf 79' lang='lat' dir='ltr'><strong>quae</strong></span> <span class='ocrx_word' id='word_1_883' title='bbox 3053 5497 3180 5545; x_wconf 81' lang='lat' dir='ltr'><strong>sunt</strong></span> <span class='ocrx_word' id='word_1_884' title='bbox 3214 5490 3271 5543; x_wconf 90' lang='lat' dir='ltr'><strong>in</strong></span> 
     </span>
    </p>
   </div>
   <div class='ocr_carea' id='block_1_110' title="bbox 1702 5581 3269 5652">
    <p class='ocr_par' dir='ltr' id='par_1_110' title="bbox 1702 5581 3269 5652">
     <span class='ocr_line' id='line_1_110' title="bbox 1702 5581 3269 5652; baseline -0.003 -15"><span class='ocrx_word' id='word_1_885' title='bbox 1702 5583 1860 5647; x_wconf 91' lang='lat' dir='ltr'><strong>collo,</strong></span> <span class='ocrx_word' id='word_1_886' title='bbox 1891 5583 2055 5637; x_wconf 90' lang='lat' dir='ltr'><strong>trium</strong></span> <span class='ocrx_word' id='word_1_887' title='bbox 2077 5601 2092 5649; x_wconf 92' lang='lat'><strong>;</strong></span> <span class='ocrx_word' id='word_1_888' title='bbox 2112 5597 2230 5652; x_wconf 62' lang='lat' dir='ltr'><strong>qua</strong></span> <span class='ocrx_word' id='word_1_889' title='bbox 2255 5583 2512 5650; x_wconf 65' lang='lat' dir='ltr'><strong>proxima:</strong></span> <span class='ocrx_word' id='word_1_890' title='bbox 2532 5592 2659 5638; x_wconf 85' lang='lat' dir='ltr'><strong>sunt</strong></span> <span class='ocrx_word' id='word_1_891' title='bbox 2693 5581 2895 5651; x_wconf 73' lang='lat' dir='ltr'><strong>iisquae</strong></span> <span class='ocrx_word' id='word_1_892' title='bbox 2937 5581 3003 5635; x_wconf 86' lang='lat' dir='ltr'><strong>ad</strong></span> <span class='ocrx_word' id='word_1_893' title='bbox 3050 5589 3269 5648; x_wconf 84' lang='lat' dir='ltr'><strong>septen-</strong></span> 
     </span>
    </p>
   </div>
   <div class='ocr_carea' id='block_1_111' title="bbox 1702 5669 3267 5740">
    <p class='ocr_par' dir='ltr' id='par_1_111' title="bbox 1702 5669 3267 5740">
     <span class='ocr_line' id='line_1_111' title="bbox 1702 5669 3267 5740; baseline -0.003 -15"><span class='ocrx_word' id='word_1_894' title='bbox 1702 5673 1910 5727; x_wconf 90' lang='lat' dir='ltr'><strong>triones</strong></span> <span class='ocrx_word' id='word_1_895' title='bbox 1940 5673 2189 5740; x_wconf 76' lang='lat' dir='ltr'><strong>objaoent</strong></span> <span class='ocrx_word' id='word_1_896' title='bbox 2216 5671 2442 5732; x_wconf 65' lang='lat' dir='ltr'><strong>lucida;</strong></span> <span class='ocrx_word' id='word_1_897' title='bbox 2466 5671 2791 5726; x_wconf 82' lang='lat' dir='ltr'><strong>semicubito</strong></span> <span class='ocrx_word' id='word_1_898' title='bbox 2820 5671 2929 5725; x_wconf 80' lang='lat' dir='ltr'><strong>fere</strong></span> <span class='ocrx_word' id='word_1_899' title='bbox 2951 5671 3088 5722; x_wconf 85' lang='lat' dir='ltr'><strong>citra</strong></span> <span class='ocrx_word' id='word_1_900' title='bbox 3107 5669 3267 5722; x_wconf 89' lang='lat' dir='ltr'><strong>meri-</strong></span> 
     </span>
    </p>
   </div>
   <div class='ocr_carea' id='block_1_112' title="bbox 1701 5759 3268 5834">
    <p class='ocr_par' dir='ltr' id='par_1_112' title="bbox 1701 5759 3268 5834">
     <span class='ocr_line' id='line_1_112' title="bbox 1701 5759 3268 5834; baseline -0.004 -17"><span class='ocrx_word' id='word_1_901' title='bbox 1701 5765 1920 5819; x_wconf 87' lang='lat' dir='ltr'><strong>dianum</strong></span> <span class='ocrx_word' id='word_1_902' title='bbox 1948 5765 2145 5834; x_wconf 76' lang='lat' dir='ltr'><strong>posita,</strong></span> <span class='ocrx_word' id='word_1_903' title='bbox 2177 5764 2469 5818; x_wconf 82' lang='lat' dir='ltr'><strong>novissime</strong></span> <span class='ocrx_word' id='word_1_904' title='bbox 2497 5761 2820 5826; x_wconf 85' lang='lat' dir='ltr'><strong>cuiminant,</strong></span> <span class='ocrx_word' id='word_1_905' title='bbox 2847 5775 2964 5830; x_wconf 69' lang='lat' dir='ltr'><strong>qua:</strong></span> <span class='ocrx_word' id='word_1_906' title='bbox 3005 5759 3061 5812; x_wconf 88' lang='lat' dir='ltr'><strong>in</strong></span> <span class='ocrx_word' id='word_1_907' title='bbox 3091 5759 3268 5815; x_wconf 84' lang='lat' dir='ltr'><strong>media</strong></span> 
     </span>
    </p>
   </div>
   <div class='ocr_carea' id='block_1_113' title="bbox 1703 5852 3264 5927">
    <p class='ocr_par' dir='ltr' id='par_1_113' title="bbox 1703 5852 3264 5927">
     <span class='ocr_line' id='line_1_113' title="bbox 1703 5852 3264 5927; baseline -0.003 -15"><span class='ocrx_word' id='word_1_908' title='bbox 1703 5856 1925 5913; x_wconf 83' lang='lat' dir='ltr'><strong>sinistra</strong></span> <span class='ocrx_word' id='word_1_909' title='bbox 1953 5855 2035 5909; x_wconf 82' lang='lat' dir='ltr'><strong>ala</strong></span> <span class='ocrx_word' id='word_1_910' title='bbox 2060 5852 2321 5927; x_wconf 65' lang='lat' dir='ltr'><strong>Virginis,</strong></span> <span class='ocrx_word' id='word_1_911' title='bbox 2350 5853 2630 5923; x_wconf 86' lang='lat' dir='ltr'><strong>paululum</strong></span> <span class='ocrx_word' id='word_1_912' title='bbox 2652 5853 3013 5909; x_wconf 86' lang='lat' dir='ltr'><strong>meridianum</strong></span> <span class='ocrx_word' id='word_1_913' title='bbox 3062 5865 3264 5921; x_wconf 67' lang='lat' dir='ltr'><strong>prace-</strong></span> 
     </span>
    </p>
   </div>
   <div class='ocr_carea' id='block_1_114' title="bbox 2915 5941 2986 6003">
    <p class='ocr_par' dir='ltr' id='par_1_114' title="bbox 2915 5941 2986 6003">
     <span class='ocr_line' id='line_1_114' title="bbox 2915 5941 2986 6003; baseline 0 0"><span class='ocrx_word' id='word_1_914' title='bbox 2915 5941 2986 6003; x_wconf 79' lang='lat'><em>36</em></span> 
     </span>
    </p>
   </div>
  </div>
