4124 6320
780 404 909 461 1151

1750 400 1842 454 AD
1874 400 2139 459 EUSEBII
2175 401 2567 460 CHRONICON
2605 402 2962 485 APPEINDIX.

3872 404 3985 461 ΗΞ

777 518 912 575 deus
942 538 954 572 :
979 526 1105 575 item
1129 530 1295 588 parva
1326 518 1382 571 in
1408 514 1569 571 Corvi
1605 515 1784 571 medio
1840 533 2088 589 corpore.
2120 518 2328 576 Occidit
2358 574 2361 583 ,

2431 520 2678 591 πτέρυγι,
2716 521 2908 593 μικρὸν
2932 534 3334 590 προηγουμενος
3363 515 3453 570 τοῦ
3485 515 3876 587 μεσημϐρινοῦ,
3903 520 3976 572 καὶ

778 610 991 667 Taurus
1017 610 1166 666 horis
1184 610 1239 665 4.

850 788 1094 847 Geminis
1122 787 1495 844 occidentibus
1530 786 1785 843 zodiacus
1828 788 2110 845 descendit
2131 797 2339 859 aparte

776 884 811 938 4
842 882 1195 937 Geminorum
1232 882 1299 935 ad
1339 881 1375 936 2
1418 881 1649 936 mediam
1703 881 1934 947 Cancri;
1993 881 2248 940 culmina!
2306 896 2339 936 a

777 981 933 1045 parte
959 970 1197 1042 Virginis
1225 971 1290 1025 17
1309 971 1374 1027 ad
1428 971 1713 1027 Chelarum
1762 972 1833 1025 22
1876 970 2128 1027 mediam.
2183 972 2340 1027 Prior

776 1061 979 1117 occidit
1006 1061 1181 1125 stella,
1207 1076 1329 1132 quae
1378 1070 1603 1117 vocatur
1645 1062 1891 1133 Propus;
1949 1063 2161 1128 ultima,
2217 1077 2339 1133 quae

775 1158 860 1206 est
888 1152 944 1205 in
975 1150 1166 1206 dextra
1205 1166 1370 1206 manu
1398 1153 1745 1209 succedentis
1797 1152 2030 1209 Gemini.
2071 1153 2339 1224 ’Reliqua-

775 1256 899 1295 rum
928 1241 1190 1295 culminat
1216 1241 1373 1296 initio
1398 1241 1643 1312 quidem,
1668 1240 2046 1299 Vindemiator
2068 1252 2123 1299 et
2150 1246 2338 1300 dexter

775 1332 1035 1388 humerus
1058 1330 1317 1405 Virginis,
1343 1333 1663 1389 semicubito
1679 1333 1791 1389 fere
1821 1335 2179 1390 meridianum
2209 1351 2339 1405 prae-

774 1422 1011 1490 cedens;
1039 1424 1335 1480 novissime
1356 1426 1617 1479 culminat
1637 1425 1838 1490 lucida,
1871 1441 1994 1495 quae
2040 1429 2200 1482 estin
2244 1444 2340 1483 en-

772 1514 1045 1570 tremitate
1069 1514 1253 1570 borea;
1276 1514 1455 1569 Cbela:
1479 1554 1495 1581 ,
1526 1515 1741 1570 duabus
1774 1516 1946 1571 cubiti
2003 1516 2116 1572 fere
2163 1519 2339 1587 parti-

770 1602 874 1659 bus
921 1605 1058 1660 citra
1107 1604 1489 1661 meridianum.
1530 1605 1801 1662 Occidunt
1839 1605 2051 1663 Gemini
2088 1609 2239 1693 horis
2276 1610 2333 1677 2,

762 1692 873 1748 40’.
2136 1698 2161 1711 ““

2438 612 2529 664 τοῦ
2546 614 2795 683 Κόρακος
2825 614 2855 663 6
2880 613 2938 663 ὲν
2961 610 3113 683 μέσῳ
3134 608 3211 679 τῷ
3232 607 3439 679 σώματι
3468 608 3681 683 μικρός.
3714 607 3867 659 Δύνει
3890 609 3976 662 6ὲὸ

2438 702 2647 773 Ταῦρος
2680 704 2738 758 ὲν
2771 702 2942 774 ὥραις
2965 707 3033 770 γ’.

2508 793 2626 848 Τῶν
2648 794 2705 847 δὲ
2725 793 2967 863 Διδύμων
2987 792 3268 856 δυνόντων,
3292 791 3676 860 συγκαταδύνει
3702 793 3802 863 μὲν
3819 794 3977 855 aiat-oi;

2437 886 2464 937 6
2490 884 2752 949 ζωδιακὸς
2775 886 2883 939 ἀπὸ
2912 883 3155 955 Διδύμων
3184 884 3293 954 μοί.
3327 883 3367 937 δ’
3386 883 3489 947 ἕως
3521 884 3798 952 Καρκίνου
3833 884 3875 953 β’
3897 886 3974 953 μὲ-

2439 994 2536 1047 σης
2555 993 2568 1006 ·
2604 979 2927 1048 μεσουρανεῖ
2946 976 3001 1029 δὲ
3023 977 3129 1029 ἀπὸ
3150 974 3424 1047 Παρθένου
3456 974 3563 1044 μοί.
3591 974 3657 1037 ιζ’
3682 976 3787 1037 ἕως
3808 976 3975 1044 XT;le

2440 1066 2483 1135 β’
2517 1066 2611 1117 καὶ
2642 1073 2689 1119 κ’
2722 1067 2909 1138 μέσης.
2940 1069 3048 1121 Kal.
3072 1074 3120 1121 α’
3152 1067 3250 1138 μὲν
3263 1065 3434 1137 ἀστὴρ
3460 1067 3650 1119 δύνειὸ
3670 1066 3976 1136 καλούμενος

2437 1157 2705 1228 Πρόπους,
2742 1158 2963 1229 ἔσχατος
2985 1159 3041 1212 δὲ
3084 1162 3113 1213 6
3143 1160 3201 1212 ἐν
3232 1162 3299 1231 τῇ
3326 1157 3473 1227 δεξιᾷ
3494 1159 3633 1229 χειρὶ
3661 1157 3753 1211 τοῦ
3796 1160 3975 1227 ἑπομέ-

2438 1266 2526 1303 νου
2555 1249 2804 1320 Διδύμου.
2850 1253 3187 1324 Μεσουρανεῖ
3220 1252 3276 1303 δὲ
3302 1250 3409 1303 τῶν
3456 1251 3628 1305 ἄλλων
3669 1251 3907 1321 ἀστέρων
3930 1254 3975 1301 ἐν

2441 1340 2537 1410 μὲν
2564 1343 2631 1412 τῇ
2662 1341 2804 1414 ἀρχῇ
2831 1343 2859 1395 ὃ
2886 1360 2944 1395 τε
2980 1341 3393 1416 Προτρυγητὴρ,
3420 1342 3511 1395 καὶ
3535 1342 3633 1412 τῆς
3671 1342 3977 1413 Παρθένον.ῐό

2435 1433 2607 1500 δεξιὸς
2650 1429 2822 1505 ὦμος,
2880 1436 2955 1499 ὡς
2997 1436 3291 1508 ἡμιπήχιον
3328 1435 3731 1508 προηγούμενος
3773 1435 3866 1487 τοῦ
3899 1453 3977 1504 με·

2438 1524 2765 1597 σημϐρινοῦ’
2808 1528 3033 1599 ἔσχατον
3062 1529 3119 1581 δὲ
3164 1531 3485 1600 μεσουρανεί
3519 1527 3625 1579 τῶν
3650 1525 3843 1597 Χηλῶν
3878 1528 3903 1577 6
3932 1527 3977 1575 ὲν

2436 1613 2579 1685 ἄκρᾳ
2603 1618 2669 1687 τῇ
2695 1616 2876 1689 βορείᾳ
2906 1619 3059 1689 Χηλῇ
3104 1618 3374 1689 λαμπρὸς,
3408 1618 3482 1681 ὡς
3524 1616 3569 1688 β’
3602 1617 3735 1688 μέρη
3779 1618 3976 1686 πήχεως

2436 1704 2856 1777 ὑπολειπόμενος
2879 1706 2973 1761 τοῦ
3012 1707 3403 1780 μεσημϐρινοῦ.
3437 1708 3659 1762 Δύνουσι
3687 1709 3741 1760 δὲ
3771 1710 3821 1760 οἱ
3844 1708 3977 1760 Attiu-

2438 1811 2527 1864 μοι
2561 1798 2618 1852 ὲν
2645 1797 2812 1867 ὥραις
2839 1799 2882 1869 β’
2914 1801 3005 1852 καὶ
3041 1806 3093 1864 ς’
3123 1800 3298 1871 μέρει.

1527 1913 1606 1971 De
1633 1915 1888 1971 distantia
1942 1918 2219 1972 stellarum
2248 1920 2467 1980 invicem
2491 1931 2886 1997 per‘intervatla
2910 1944 3221 2003 temporum.

818 2018 980 2080 ΓΧἮ.
1006 2022 1210 2079 Praeter
1233 2018 1524 2080 orientium
1548 2033 1601 2081 et
1630 2027 1997 2083 occidentium
2026 2044 2149 2085 cum
2190 2032 2328 2088 side-
2358 2048 2361 2100 j

2498 2042 2613 2108 IC.".
2641 2041 2821 2112 Χωρὶς
2849 2043 2908 2102 δὲ,
2931 2043 3027 2113 τῆς
3052 2045 3108 2095 ὲν
3129 2046 3247 2104 ταῖς
3282 2044 3661 2107 συνανατολαῖς
3682 2046 3772 2097 καὶ
3804 2044 3863 2098 δύ
3875 2034 3973 2097 eter

756 2114 918 2171 ribus
974 2114 1180 2171 zodiaci
1224 2117 1459 2186 partium
1513 2116 1842 2184 doctrinam,
1901 2137 2059 2176 usum
2110 2123 2333 2192 insuper

2433 2117 2681 2202 θεωρίας,
2712 2131 3002 2203 εὔχρηστον
3037 2128 3174 2186 εἴναι
3203 2133 3406 2203 νομίζω
3434 2136 3529 2186 καὶ
3555 2136 3615 2188 τὸ
3656 2135 3975 2206 παρακολου-

688 2212 691 2215 ’
766 2208 1042 2279 egregium
1075 2206 1277 2279 babere
1314 2208 1447 2262 mihi
1476 2208 1710 2274 videtur,
1755 2210 1897 2265 scire
1926 2227 2048 2278 nos,
2081 2220 2330 2282 quaenam

2432 2222 2542 2275 θεῖν
2574 2224 2719 2293 ἡμᾶς
2745 2224 2887 2288 τίνες
2910 2224 3016 2277 τῶν
3045 2224 3295 2278 ἀπλανῶν
3313 2220 3554 2295 ἀστέρων
3572 2227 3871 2293 ,ἀπέχουσιν
3894 2230 3974 2279 ἀπ’

767 2300 1047 2355 stellarum
1080 2298 1435 2353 inerrantium
1465 2302 1721 2356 horarum
1759 2303 2218 2371 aequinoctialium
2250 2308 2335 2360 in-

2431 2313 2670 2385 ἀλλήλων
2685 2314 2824 2367 κατά
2853 2315 2920 2369 τὰ
2946 2314 3072 2386 ἑξῆς
3098 2314 3293 2387 ὼριαῖα
3317 2317 3605 2386 ἰσημερινά
3629 2316 3972 2386 διαστήματα.

714 2409 721 2416 ο
753 2388 1008 2444 tervallis
1031 2387 1291 2459 deinceps
1343 2389 1576 2445 invicem
1624 2390 1850 2447 distent.
1894 2393 2053 2450 Utilis
2088 2397 2235 2451 enim
2267 2413 2331 2452 ea

2431 2402 2598 2461 Τοῦτο
2623 2408 2731 2479 γὰρ
2758 2410 2890 2479 ἡμῖν
2910 2407 3205 2479 εὔχρηστον
3228 2410 3374 2462 ἐστιν
3398 2408 3530 2480 πρός
3564 2424 3623 2460 τε
3642 2408 3700 2459 τὸ
3718 2408 3817 2479 τὴν
3844 2409 3975 2479 ὥραν

763 2494 857 2535 res
888 2485 971 2535 est
985 2478 1055 2533 ad
1075 2478 1264 2533 horam
1296 2488 1483 2537 exacte
1516 2490 1787 2538 nocturno
1810 2492 2052 2557 tempore
2068 2489 2327 2559 colligen-

765 2569 925 2623 dam:
955 2576 1066 2625 tum
1098 2571 1163 2625 ad
1195 2571 1443 2642 ecliptica
1471 2573 1612 2631 lunae
1638 2577 1836 2647 spatia,
1862 2586 1916 2633 et
1947 2579 2000 2633 id
2035 2596 2205 2651 genus
2235 2596 2330 2636 co-

746 2664 1078 2734 ..gnoscenda
1104 2666 1335 2736 reliqua,
1359 2681 1479 2736 qua:
1505 2666 1574 2721 ad
1624 2666 1865 2724 siderum
1911 2672 2329 2743 contemplatio-

750 2768 889 2808 -ncm
906 2755 1197 2823 pertinent.

834 2840 1291 2911 Quamobremin‘
1316 2861 1381 2901 eo
1420 2846 1648 2911 circulo,
1677 2849 1772 2918 qui
1810 2863 1908 2919 per
1957 2851 2115 2920 polos
2156 2852 2329 2922 tropi-

752 2953 969 3009 -cosque
1009 2937 1359 3001 describitur,
1391 2938 1547 2993 stella
1569 2944 1653 2993 est
1684 2939 1741 2993 in
1769 2942 2111 2997 extremitate
2145 2944 2330 2998 caudae

758 3026 952 3091 Canis,
976 3026 1216 3096 amne-in
1251 3041 1316 3082 eo
1342 3026 1712 3093 semicirculo,
1738 3029 1829 3098 qui
1861 3030 2108 3084 aestivum
2159 3032 2329 3103 tropi-

767 3135 892 3173 cum
928 3102 1428 3174 eontinét.Abhac
1465 3120 1622 3174 stella
1677 3121 1896 3177 borario
1946 3122 2111 3193 distat
2162 3102 2329 3180 inter-

646 3206 653 3213 ’
762 3211 931 3273 vallo,
988 3210 1217 3280 quarm
1271 3223 1544 3279 .processu
1600 3212 1724 3265 colli
1757 3212 1923 3283 Hydri
1987 3215 2165 3283 posita
2221 3224 2323 3271 est.

768 3299 1021 3355 Proxime
1076 3300 1241 3354 etiam
1286 3300 1483 3356 lucida
1541 3301 1606 3356 in
1667 3303 2033 3358 anterioribus
2096 3306 2325 3377 genibus

767 3386 943 3444 Ursae.

837 3464 1144 3534 Secundum
1184 3475 1460 3536 horarium
1489 3480 1832 3537 intervallum
1883 3484 2142 3537 terminat
2198 3484 2328 3539 stel-

766 3570 874 3625 lula
899 3572 1060 3641 paulo
1088 3570 1211 3641 plus
1248 3572 1471 3627 cubitali
1514 3574 1691 3643 spatio
1735 3589 1831 3628 cor
1863 3573 2060 3630 Leonis
2110 3583 2328 3631 antece-

766 3662 922 3737 dens.
948 3660 1149 3716 Eadem
1173 3662 1384 3718 stellula
1419 3665 1745 3735 spend-yium
1790 3667 2048 3736 praecedit
2097 3666 2327 3729 circulo,

767 3750 859 3820 qui
891 3764 986 3821 per
1016 3750 1171 3820 polos
1223 3750 1463 3818 ducitur,
1522 3752 1819 3810 secundum
1873 3754 2151 3813 borarium
2193 3758 2327 3814 deti-

767 3840 950 3895 niente
976 3840 1230 3911 spatium.

837 4014 1080 4072 Tertium
1116 4015 1263 4071 hora:
1300 3998 1536 4089 spatium
1589 4020 1989 4076 circumscribit
2026 4022 2324 4080 australior

760 4107 1076 4172 ambarum,
1105 4123 1225 4178 quae
1252 4122 1318 4163 ex
1352 4114 1582 4179 utraque
1610 4118 1762 4182 parte
1788 4112 2048 4192 adjacent
2106 4116 2323 4181 lucidas,

758 4211 889 4267 qua:
907 4204 995 4252 est
1015 4195 1071 4251 in
1105 4197 1303 4255 lumbis
1330 4198 1523 4254 Leonir

837 4369 1098 4436 Quartam
1128 4368 1315 4425 deﬁnit
1343 4372 1531 4427 horam
1556 4347 1611 4429 in
1633 4375 1855 4445 Virgine
1881 4379 2062 4444 stella,
2098 4395 2219 4449 qua:
2243 4389 2328 4437 est

770 4462 828 4515 in
863 4462 1059 4532 angulo
1088 4470 1240 4517 recto
1261 4464 1568 4534 orthogonii
1611 4468 1887 4538 trianguli,
1922 4472 2013 4541 qui
2050 4473 2152 4527 sub
2192 4473 2327 4526 Cra-

771 4554 1045 4609 teresitus
1076 4562 1180 4618 est,
1232 4561 1393 4626 atque
1450 4557 1506 4611 in
1552 4554 1865 4616 lumbis"’est
1894 4558 2119 4633 majoris
2152 4560 2324 4631 Ursa,

2353 3369 2396 3428 C

2428 2499 2529 2569 τῆς
2550 2500 2739 2563 νυκτὸς
2768 2499 3007 2572 ἀκριϐῶς
3037 2496 3463 2569 συλλογίζεσθαι,
3490 2501 3585 2552 καὶ
3614 2499 3745 2570 πρὸς
3772 2498 3833 2551 τὸ
3866 2501 3976 2562 τοὶς

2428 2590 2801 2652 ὲκλειπτικοὺς
2821 2590 2920 2660 τῆς
2943 2589 3168 2659 σελήνης
3190 2589 3433 2660 χρόνους,
3464 2589 3558 2640 καὶ
3583 2587 3741 2658 ἕτερα
3770 2588 3975 2640 πλείονα

2429 2681 2707 2733 κατανοεῖν
2737 2677 2843 2731 τῶν
2872 2678 2928 2731 ὲν
2958 2676 3280 2748 ἀστρολογίᾳ
3298 2676 3683 2749 θεωρημάτων.

2511 2855 2633 2906 Ἐπὶ
2660 2854 2757 2925 μὲν
2782 2849 2872 2909 οὖν
2888 2854 2995 2908 τῶν
3013 2851 3102 2908 διὰ
3121 2852 3226 2907 τῶν
3242 2852 3514 2925 τροπικῶν
3533 2854 3767 2924 σημείων
3787 2850 3882 2905 καὶ
3898 2853 3974 2906 διὰ

2428 2944 2535 2998 τῶν
2554 2939 2729 2999 πόλων
2754 2944 3097 3017 γραφομένου
3119 2943 3314 2998 κύκλου
3335 2946 3509 2999 κεῖται
3530 2943 3703 3014 ἀστὴρ
3719 2946 3745 2996 6
3764 2946 3823 2995 ὲν
3844 2945 3974 3013 ἄκρᾳ

2426 3037 2491 3105 τῇ
2516 3034 2651 3105 οὐρᾷ
2678 3034 2771 3087 τοῦ
2820 3036 3015 3099 Κυνὸς,
3047 3034 3201 3105 ὲντῷ
3232 3036 3322 3088 τὸν
3359 3034 3566 3105 θερινὸν
3594 3033 3851 3104 τροπικὸν
3882 3050 3974 3102 tn]-

2430 3124 2579 3193 μεῖον
2618 3124 2792 3194 ἔχοντι
2840 3125 3146 3195 ἡμικυκλίῳ
3182 3123 3451 3194 κείμενος.
3498 3123 3630 3177 Ἀπὸ
3678 3124 3868 3175 τούτου
3889 3124 3974 3175 τοῦ

2427 3215 2651 3285 ἀστέρος
2679 3216 2870 3285 ἀπέχει
2901 3214 3121 3286 ὠριαῖον
3147 3214 3419 3286 διάστημα
3436 3212 3528 3269 τοῦ
3548 3231 3609 3266 τε
3640 3213 3837 3284 ’Υδρου
3866 3215 3894 3266 6
3922 3216 3975 3266 ὲν

2426 3308 2491 3377 τῇ
2526 3304 2751 3375 ἐκφύσει
2787 3305 2880 3358 τοῦ
2921 3306 3187 3378 τραχήλου
3217 3307 3481 3375 κείμενος.
3514 3307 3784 3374 Ἐγγιστα
3807 3307 3865 3359 δὲ
3892 3308 3974 3360 καί

2426 3396 2521 3465 τῆς
2555 3396 2789 3461 Ἀρκτου
2822 3396 2850 3447 6
2875 3395 2932 3447 ὲν
2961 3398 3077 3458 τοῖς
3100 3395 3449 3465 ἐμπροσθίοις
3480 3395 3667 3463 γόνασι
3715 3396 3968 3467 λαμπρός.

2497 3486 2571 3537 Τὸ
2594 3484 2652 3537 δὲ
2681 3484 2930 3557 δεύτερον
2970 3485 3191 3555 ὼριαῖον
3216 3486 3488 3556 διάστημα
3522 3486 3767 3557 ἀφορίζει
3797 3487 3901 3538 τῶν
3922 3488 3961 3537 ἐι

2426 3575 2503 3645 τῷ
2532 3575 2721 3629 Λέοντι
2765 3578 2793 3628 6
2840 3576 3242 3648 προηγούμενος
3296 3576 3475 3648 μικρῷ
3516 3577 3698 3647 μεῖζον
3730 3578 3764 3648 ἦ
3807 3578 3961 3648 eam»

2427 3665 2519 3719 τοῦ
2549 3668 2608 3719 ὲν
2647 3669 2711 3738 τῇ
2741 3667 2940 3741 καρδίᾳ
2983 3667 3237 3740 λαμπροῦ
3273 3668 3467 3738 μικρὸς
3507 3669 3845 3740 ἀστερίσκος.
3876 3668 3967 3722 Το-ῖ,

2425 3772 2486 3809 τε
2520 3754 2805 3825 σφονδύλου
2845 3745 3162 3825 προηγεῖται
3194 3750 3347 3819 οὗτος
3369 3759 3397 3810 6
3432 3757 3751 3825 ἀστερίσκος
3771 3758 3865 3811 τοῦ
3896 3758 3970 3810 διὰ

2331 3866 2337 3876 λ
2426 3846 2534 3899 τῶν
2588 3846 2767 3900 πόλων
2810 3845 3010 3900 κύκλου
3047 3848 3109 3900 τὸ
3137 3847 3181 3917 β’
3210 3847 3429 3920 ὠριαίον
3476 3847 3751 3919 διάστημα
3796 3848 3973 3920 ἀφορί-

2428 3934 2630 3998 ζοντος.

2496 4021 2570 4075 Τὸ
2612 4020 2668 4075 δὲ
2719 4021 2900 4094 τρίτον
2930 4023 3158 4097 ὡριαῖον
3201 4025 3476 4100 διάστημα
3524 4029 3652 4102 περὶ
3682 4029 3858 4101 μέσον
3891 4028 3970 4082 τὸν

2427 4114 2630 4167 Λέοντα
2654 4115 2899 4193 ἀφορίζει
2922 4116 3016 4169 τοῦ
3042 4116 3265 4181 Λέοντος
3293 4121 3322 4173 6
3349 4119 3661 4193 νοτιιίηερος
3684 4122 3793 4175 τῶν
3814 4122 3857 4192 β’
3874 4122 3969 4176 τῶν

2426 4201 2486 4266 έξ
2512 4202 2766 4275 ἑκυπέρου
2794 4191 2989 4275 μέρους
3020 4206 3433 4277 παρακειμένων
3458 4209 3534 4280 τῷ
3554 4191 3646 4264 ιπι
3664 4211 3764 4281 τῆς

2426 4292 2679 4364 λαμπρῶς
2906 4299 2908 4301 ’

2496 4384 2569 4435 Τὸ
2597 4383 2653 4436 δὲ
2676 4384 2931 4457 τέταρτον
2967 4387 3186 4459 ὡριαῖον
3216 4388 3488 4461 διάστημα
3517 4393 3644 4461 περὶ
3676 4394 3777 4464 τὴν
3811 4395 3970 4465 ἀρχὴν

2426 4472 2526 4543 τῆς
2555 4474 2828 4545 Παρθένου
2861 4477 3107 4547 ἀφορίζει
3143 4479 3235 4533 τοῦ
3262 4480 3366 4534 ὑπὸ
3406 4482 3496 4536 τὸν
3520 4484 3796 4557 Κρατῆρα
3833 4488 3970 4559 ὀρθο-

2428 4565 2622 4633 γωνίου
2666 4568 2929 4637 τριγώνου
2968 4571 2996 4622 6
3020 4570 3112 4623 ἐπὶ
3149 4570 3247 4640 τῆς
3296 4571 3459 4641 ὀρθῆς
3500 4576 3696 4641 γωνίας
3736 4579 3970 4648 κείμενος

774 4641 988 4708 lucida,
1036 4645 1215 4700 minus
1275 4646 1531 4703 vicesima
1592 4649 1741 4721 hora:
1788 4660 1949 4721 parte
1996 4654 2135 4709 citra
2181 4658 2361 4713 hoset

2429 4655 2623 4725 ἀστήρ.
2669 4655 2725 4709 '0
2750 4656 2806 4709 δὲ
2850 4657 2941 4710 ἐπὶ
2978 4658 3076 4730 τῆς
3106 4658 3304 4729 ὀσφύος
3341 4660 3441 4731 τῆς
3483 4663 3719 4734 μεγάλης
3748 4641 3969 4735 Ἄρκτου

775 4743 979 4815 quarta:
999 4733 1333 4791 limitaneum
1362 4738 1649 4801 circulum.

849 4909 1057 4976 Quintae
1080 4913 1228 4967 hora:
1254 4915 1517 4971 terminus
1542 4927 1625 4972 est
1666 4920 1721 4973 in
1771 4921 1947 4976 media
1979 4921 2223 4993 Virgine,
2279 4926 2326 4979 si

775 5015 965 5063 exacte
993 5009 1143 5078 loqui
1169 5010 1415 5073 velimus,
1451 5013 1605 5067 stella
1633 5015 1813 5083 nulla;
1846 5032 2029 5071 verum
2062 5019 2185 5087 plus
2234 5019 2328 5073 de-

777 5099 920 5153 cima
949 5098 1095 5151 hora:
1119 5110 1269 5167 parte
1294 5100 1472 5155 deﬁcit
1494 5101 1562 5156 ab
1592 5102 1685 5156 illo
1723 5106 1953 5160 termino
2014 5106 2329 5164 Vindemia-

777 5194 884 5251 tor,
909 5194 962 5243 et
986 5187 1163 5242 lucida
1194 5187 1249 5241 in
1280 5189 1468 5246 dextro
1492 5191 1718 5249 humero
1747 5191 2003 5290 Virginis.

852 5376 1222 5437 Sexta-horae
1265 5382 1421 5439 limes
1470 5394 1553 5440 est
1587 5388 1643 5441 ln
1697 5391 2063 5459 aequinoctiali
2118 5395 2324 5450 circulo

779 5471 1185 5538 quamproxime
1208 5473 1422 5541 quidem
1454 5475 1506 5528 in
1530 5475 1799 5532 Centauro
1828 5480 2005 5535 lucida
2033 5484 2331 5541 succedens

781 5572 988 5625 earum,
1019 5576 1139 5630 quae
1158 5572 1283 5616 sunt
1306 5568 1358 5618 in
1372 5568 1765 5623 australissima
1780 5583 1930 5640 parte
1953 5574 2143 5644 thyrsi,
2178 5593 2325 5645 quaa-

782 5663 888 5716 que
918 5653 1234 5707 semicubito
1258 5652 1367 5709 fere
1396 5658 1625 5721 distant,
1656 5675 1719 5713 ac
1750 5664 1985 5717 medium
2026 5664 2138 5721 fere
2185 5668 2326 5723 Cen-

776 5740 924 5793 tauri
949 5751 1132 5808 pectus
1157 5755 1439 5815 occupant.
1471 5746 1599 5805 Item
1630 5752 1803 5835 media
1827 5770 2034 5825 earum,
2061 5775 2179 5828 quae
2199 5770 2326 5817 sunt

2431 4745 2678 4817 λαμπρὸς
2724 4746 2939 4801 ἔλαττον
2977 4748 3011 4819 ἢ
3044 4751 3091 4803 κ’
3122 4748 3286 4823 μέρος
3324 4750 3472 4823 ὥρας
3518 4753 3860 4812 ὑπολείπεται
3888 4755 3971 4809 τοῦ

2431 4836 2529 4907 τὴν
2553 4836 2592 4887 δ’
2623 4835 2770 4907 ῶραν
2801 4839 3146 4910 ἀφορίζοντος
3179 4839 3398 4895 κύκλου.
3838 4883 3843 4887 ς

2501 4925 2610 4996 Τὴν
2651 4926 2708 4980 δὲ
2750 4928 3004 5000 πέμπτην
3035 4928 3183 5000 ῶραν
3228 4931 3470 5003 ἀφορίζει
3514 4930 3641 5007 περὶ
3686 4936 3859 5010 μέσην
3889 4937 3969 5007 τὴν

2425 5015 2701 5089 Παρθένον
2732 5020 2974 5101 ἀκριϐῶς
3016 5023 3113 5092 μὲν
3149 5024 3323 5093 οὐδεὶς
3362 5025 3556 5099 ἀστὴρ,
3584 5029 3661 5100 τῷ
3689 5031 3744 5083 δὲ
3774 5040 3805 5084 ι’
3830 5032 3967 5101 μέρει

2432 5107 2580 5177 ῶρας
2606 5099 2789 5164 πλέον’
2814 5111 3231 5181 ὑπολειπόμενος
3265 5115 3293 5168 δ
3322 5133 3381 5167 τε
3414 5099 3805 5191 Προτρυγητὴρ
3833 5099 3927 5175 καὶ
3944 5123 3969 5171 6

2429 5199 2522 5338 iul.
2544 5199 2637 5252 τοῦ
2658 5201 2829 5269 δεξιοῦ
2858 5201 3009 5274 ῶμου
3036 5204 3135 5276 τῆς
3156 5207 3431 5279 Παρθένου
3470 5210 3717 5280 κείμενος
3735 5212 3969 5285 λαμπρὸς

2470 5290 2623 5338 orno.

2470 5290 2623 5360 στήρ.

2498 5404 2680 5474 Τὴνδὲ
2707 5406 2870 5477 ἕκτην
2903 5408 3049 5481 ὥραν
3093 5409 3340 5483 ἀφορίζει
3384 5414 3478 5466 ἐπὶ
3504 5414 3598 5468 τοῦ
3643 5416 3729 5471 διὰ
3760 5418 3865 5471 τῶν
3897 5419 3963 5470 ισ-

2430 5494 2702 5565 ημερινῶν
2725 5498 2959 5566 σημείων
2972 5500 3189 5564 κύκλου,
3218 5502 3441 5573 ἔγγιστα
3459 5508 3556 5576 μὲν
3569 5508 3661 5561 τοῦ
3679 5510 3962 5580 Κενταύρου

2430 5584 2458 5634 6
2489 5585 2747 5653 ἑπόμενος
2773 5588 2881 5641 τῶν
2910 5591 2968 5643 ὲν
2995 5592 3073 5661 τῷ
3111 5595 3412 5665 νοτιωτάτῳ
3446 5598 3599 5668 μέρει
3640 5600 3731 5653 τοῦ
3786 5600 3961 5673 θύρσω

2430 5674 2713 5746 λαμπρῶν,
2743 5680 2835 5732 καὶ⁸
2860 5682 2935 5745 ὡς
2958 5685 3254 5755 ήμιπήχιον
3280 5686 3654 5760 διεστηκότων,
3696 5695 3747 5748 οἳ
3781 5696 3959 5753 κεῖνται
4036 5676 4048 5692 ’

2428 5767 2569 5851 κατά
2611 5768 2771 5837 μέσον
2798 5790 2915 5839 πως
2960 5775 3019 5829 τὸ
3057 5778 3248 5849 στῆθος
3277 5780 3370 5834 τοῦ
3417 5782 3762 5837 Κενταύοοω
3799 5783 3887 5838 τοῦ
3913 5781 3959 5835 ο
