4124 6320
218 477 360 533 “35

1195 475 1554 529 lllPPARClll
1593 473 1681 527 AD
1720 466 2162 525 PlleNOMENA
2203 466 2325 520 LlB.
2369 466 2449 521 ΙΙΙ.

3288 473 3308 520 1
3331 477 3423 524 IS}

215 591 434 646 Βοώτου
453 596 480 646 6
515 592 686 661 μέσος·
707 593 816 647 τῶν
843 596 899 647 ὲν
937 593 1014 664 τῷ
1041 592 1313 662 ἀριστερῷ
1351 592 1490 654 ποδὶ,
1524 592 1598 654 ὡς
1629 591 1674 622 θ’
1695 591 1772 642 εί-

1878 589 1929 640 ἰη
1957 585 2087 656 pede
2118 582 2557 646 sinistro-Bootae,
2578 582 2828 636 vicesima
2847 581 2956 637 fere
2978 591 3125 651 parte
3153 584 3362 641 distans
3392 603 3421 639 a

216 684 411 736 κοστὺν
446 684 606 753 μέρος
643 685 864 756 ὡριαίου
892 685 1250 753 διαστήματος
1288 683 1630 735 ὑπολείπεται
1677 681 1769 733 τού

216 774 319 836 τὰς
353 781 402 838 ς’
422 774 568 841 ὥρας
595 774 939 843 ἀφορίζοντος
970 774 1188 828 κύκλου.

295 865 390 916 lZ'.
405 863 524 914 Τῶν
542 865 596 915 δὲ
611 863 809 934 μεταξὺ
825 865 916 917 τοῦ
931 863 1331 934 φθινοπωρινοῦΔ
1350 865 1506 933 ίσημε
1515 863 1658 932 ρινοῦ
1675 879 1769 932 ση-

222 955 377 1023 μείου
408 955 498 1007 καὶ
541 955 632 1006 τοῦ
664 956 966 1026 χειμερινοῦ
1015 955 1274 1026 τροπικοῦ
1305 961 1356 1018 ς’
1385 955 1617 1024 ώριαίων
1660 954 1771 1006 δια-

224 1046 514 1115 στημάτων
539 1047 598 1098 τί)
637 1049 730 1116 μὲν
754 1055 800 1100 α’
828 1047 1045 1116 ὡριαῖον
1073 1048 1164 1099 ἐπὶ
1190 1046 1282 1099 τοῦ
1320 1065 1384 1098 πε
1395 1047 1447 1116 pl.
1483 1046 1650 1115 μέσας
1673 1045 1771 1107 τὰς

220 1137 407 1205 Χηλὰς
441 1136 636 1188 κύκλου
669 1136 912 1207 ἀφορίζει
938 1137 1013 1199 ὡς
1037 1137 1280 1204 ἔγγιστα,
1310 1137 1400 1190 τοῦ
1427 1154 1484 1190 τε
1514 1136 1719 1188 Βοιῦτου
1745 1139 1772 1187 6

217 1229 502 1297 ἀριστερὸς
522 1222 687 1297 ὦμος,
720 1231 810 1280 καὶ
833 1231 862 1282 6
893 1231 950 1281 ὲν
991 1229 1133 1299 ἄκρᾳ
1163 1232 1226 1300 τῇ
1263 1230 1409 1298 νοτία
1447 1229 1596 1299 Χηλῇ
1631 1228 1770 1297 λαμ-

217 1317 359 1387 πρὸς
389 1302 589 1387 ἀστήρέ
622 1320 649 1370 6
674 1319 768 1387 μὲν
791 1312 938 1388 ὦμος
963 1318 1266 1390 ἀδιαφόρως
1295 1321 1472 1372 πλεῖον
1499 1319 1772 1383 ὑπολειπὸ-

220 1423 402 1477 μενος,
426 1411 459 1478 ἡ
487 1408 540 1460 δὲ
563 1410 712 1479 Χηλὴ
739 1410 813 1471 ὡς
841 1411 1155 1480 τριακοστὸν
1187 1411 1349 1480 μέρος
1393 1412 1770 1481 προηγουμένη

217 1497 312 1549 τοῦ
337 1498 619 1568 εἰρημένου
654 1499 740 1552 διὰ
761 1499 866 1549 τῶν
904 1499 1076 1551 πόλων
1101 1500 1314 1553 κύκλου.

290 1588 362 1639 T6
382 1588 436 1640 δὲ
461 1587 501 1656 β’
531 1588 746 1658 ὼριαίον
772 1588 1040 1657 διάστημα
1070 1590 1314 1657 ἀφορίζει
1341 1592 1466 1659 περὶ
1486 1589 1582 1659 τὴν
1601 1588 1771 1660 ἀρχὴν

215 1679 311 1732 τοῦ
341 1679 605 1748 Σκορπίου
631 1679 721 1731 τοῦ
758 1697 814 1737 τε
852 1677 1190 1748 Ὁφιούχου’ὁ
1225 1681 1553 1750 βορειότερος
1586 1683 1691 1732 τῶν
1716 1684 1770 1732 ἐν

215 1775 284 1841 τῇ
309 1771 455 1842 δεξιᾷ
479 1773 618 1842 χειρὶ
649 1772 692 1841 β’
722 1771 960 1840 ἀστέρων
986 1769 1268 1840 λαμπρῶν,
1301 1774 1348 1823 οἳ
1390 1775 1588 1824 κεῖνται
1617 1775 1672 1823 ἐν
1696 1772 1771 1842 τῷ

216 1862 430 1932 σώματι
456 1863 548 1915 τοῦ
586 1864 793 1930 Ὄφεως
827 1861 962 1930 μετά
986 1860 1156 1926 δεξιὸν
1181 1863 1305 1929 γόνυ
1342 1863 1434 1915 τού
1468 1863 1765 1932 Ὀφιούχου,

1872 686 2036 732 sexta:
2069 676 2214 729 hora:
2247 673 2522 730 limitaneo
2548 673 2771 728 circulo.

1947 849 2102 904 XVII.
2136 853 2278 905 lnter
2309 857 2567 920 punctum
2616 849 3319 916 mquinoctiiautumnalis,
3372 864 3424 906 ct

1872 940 2080 994 hiberni
2115 942 2306 1009 tropici
2358 956 2450 993 sex
2481 941 2818 993 horariorum
2872 940 3272 995 intervallorum
3315 947 3424 1013 prio

1873 1047 2017 1085 mum
2043 1036 2297 1087 terminat
2329 1035 2384 1087 in
2436 1034 2664 1097 circulo,
2693 1035 2786 1102 qui
2838 1038 3042 1091 medias
3081 1037 3274 1094 Chelas
3306 1056 3426 1108 per-

1871 1123 2088 1184 transit,
2115 1125 2358 1191 proxime
2386 1124 2602 1192 quidem
2641 1123 2864 1178 sinister
2897 1126 3156 1182 humerus
3217 1129 3424 1186 Bootae:

1871 1223 1924 1268 et
1955 1214 2130 1267 lucida
2169 1215 2221 1266 in
2251 1217 2586 1268 extremitate
2640 1217 2893 1269 australis
2931 1219 3127 1282 Chelze,
3169 1238 3198 1274 e
3231 1224 3427 1290 quibus

1871 1305 2128 1358 humerus
2157 1305 2296 1356 haud
2322 1309 2488 1357 multo
2522 1307 2753 1375 amplius
2783 1308 2919 1360 citra
2957 1309 3160 1364 :‘Chela
3186 1329 3312 1366 vero
3341 1317 3428 1366 tri-

1873 1394 2073 1448 cesima
2122 1401 2273 1462 parte
2325 1395 2463 1446 ultra
2514 1403 2597 1448 est
2629 1395 2892 1450 circulum
2947 1398 3116 1464 illum,
3150 1416 3306 1469 quem
3335 1419 3428 1472 per

1874 1486 2023 1554 polos
2048 1487 2283 1540 transire
2311 1485 2565 1540 diximus.

1944 1575 2588 1634 Secundum.horarium
2644 1580 2998 1636 interstitium
3073 1584 3426 1649 determinat,

1873 1668 2016 1721 circa
2046 1669 2260 1721 initium
2293 1667 2524 1738 Scorpii,
2553 1671 2821 1724 borealior
2852 1674 3150 1728 lucidarnm
3174 1679 3424 1742 duarum,

1872 1774 1992 1827 qua:
2021 1760 2075 1812 in
2102 1759 2293 1813 dextra
2317 1771 2444 1813 sunt
2474 1759 2766 1830 Ophiuchi,
2795 1779 3020 1832 qumque
3049 1766 3099 1818 in
3159 1772 3428 1837 serpentis

1872 1863 2099 1917 corpore
2148 1856 2273 1918 post
2320 1849 2585 1919 Ophiuchi
2629 1853 2878 1906 dextrum
2940 1871 3078 1923 genu
3133 1858 3246 1911 sitae
3279 1868 3424 1913 sunt.

212 1953 311 2003 τοῦ
338 1953 394 2004 δὲ
435 1954 700 2020 Στεφάνου
736 1955 763 2004 6
791 1952 1190 2023 προηγούμενος
1224 1953 1315 2005 τοῦ
1345 1953 1594 2025 λαμπροῦ
1618 1956 1690 2017 ὼς
1727 1954 1768 2005 λ’

1871 1939 1937 1991 At
1980 1942 2289 2008 praecedens
2321 1943 2552 1996 lucidam
2575 1943 2800 1998 Coronze
2831 1945 3102 2000 tricesima
3147 1947 3256 2004 fere
3285 1950 3431 2006 hora:

218 2041 382 2112 μέρος
405 2040 550 2110 ὧρας
588 2040 931 2093 ὑπολείπεται
957 2041 1048 2094 τοῦ
1082 2040 1167 2093 διὰ
1197 2040 1301 2093 τῶν
1334 2041 1510 2093 πόλων
1541 2041 1764 2094 κύκλου⁹

211 2131 412 2200 ὁμοίως
434 2131 487 2182 δὲ
517 2131 607 2183 καὶ
629 2135 656 2183 6
696 2117 856 2200 μέσος
881 2131 987 2185 τῶν
1025 2133 1084 2182 ὲν
1114 2131 1191 2202 τῷ
1225 2131 1457 2202 μετώπῳ
1490 2132 1771 2205 τοῠιΣκορ-

217 2222 344 2273 πίου
375 2227 422 2288 γ’
449 2220 711 2291 λαμπρῶν
731 2223 991 2292 ἀστέρων.

287 2311 395 2382 Τὴν
425 2311 480 2364 δὲ
509 2318 556 2380 γ’
584 2312 732 2382 ὤραν
770 2313 1013 2382 ἀφορίζει
1050 2312 1179 2382 περὶ
1206 2313 1266 2364 τὸ
1295 2314 1454 2381 μέσον
1477 2313 1566 2366 τοῦ
1601 2316 1774 2385 Σκορ-

217 2402 341 2455 πίου
370 2402 460 2455 τοῦ
511 2404 596 2455 Ἐν
620 2405 835 2470 γόνασιν
858 2406 884 2455 6
910 2404 1002 2454 ἐπὶ
1022 2405 1114 2455 τοῦ
1147 2403 1318 2467 δεξιοῦ
1348 2404 1497 2474 ὤμου
1523 2407 1771 2477 κείμενος

212 2496 409 2565 ἀστὴρ,
434 2495 524 2546 καὶ
548 2497 574 2547 6
600 2496 656 2546 ὲν
681 2495 819 2568 μέσῃ
840 2498 903 2566 τῇ
927 2493 1073 2566 δεξιᾷ
1095 2497 1280 2567 κνήμῃ
1308 2497 1490 2562 αὐτοῦ’,
1509 2499 1584 2562 ὡς
1613 2500 1655 2551 λ’
1686 2502 1772 2570 μέ-

215 2605 308 2656 ρος
337 2589 482 2658 ὧρας
521 2589 655 2656 πρὸς
681 2587 942 2650 ἀνατολὰς
971 2589 1386 2658 παραλλάσσων.

289 2681 398 2749 Τὴν
425 2681 480 2732 δὲ
503 2681 541 2732 δ’
575 2680 820 2751 ἀφορίζει
843 2698 908 2732 πε
920 2681 970 2750 ρί
995 2682 1092 2750 τὴν
1118 2681 1288 2752 ἀρχὴν
1308 2683 1399 2736 τοῦ
1428 2685 1652 2750 Τοξότου
1677 2685 1769 2739 τοῦ

211 2786 274 2820 τε
321 2771 407 2820 Ἐν
445 2771 664 2836 γόνασιν
696 2775 724 2824 6
765 2775 822 2824 ἐν
866 2771 944 2841 τῷ
986 2772 1254 2842 ἀριστερῷ
1302 2775 1458 2846 μηρῴ
1501 2776 1768 2848 λαμπρὸς,

214 2859 426 2929 καὶτῆς
454 2863 653 2930 μικρᾶς
685 2864 917 2932 ’Ἄρκτου
951 2867 999 2917 oi
1040 2866 1407 2939 λαμπρὸτατοι
1438 2875 1529 2926 καὶ
1549 2874 1773 2946 ἡγούμε-

215 2968 294 3001 νοι
315 2950 421 3003 τῶν
442 2953 498 3003 ἐν
521 2951 596 3021 τῷ
622 2953 839 3022 πλινθίῳ
862 2955 923 3017 δ’,
947 2956 1038 3008 καὶ
1052 2957 1150 3014 τοῦ
1181 2961 1460 3035 Ὀφιούχου
1483 2964 1590 3018 τῶν
1619 2968 1674 3020 ὲν
1697 2965 1772 3036 τῷ

213 3039 372 3110 δεξιῷ
391 3040 520 3109 ὤμῳ
549 3043 576 3094 6
601 3042 954 3115 βορειότερος.
1731 3103 1734 3108 ,

287 3133 394 3206 Τὴν
430 3131 486 3182 δὲ
511 3139 549 3190 ε’
589 3131 734 3210 ὥραν
776 3134 1023 3212 ἀφορίζει
1047 3145 1174 3216 περὶ
1210 3146 1372 3215 μέσον
1401 3145 1490 3198 τοῦ
1522 3146 1769 3211 Τοξὸτου,

1869 2038 2023 2098 parte
2052 2031 2188 2085 citra
2223 2035 2489 2090 circulum
2532 2043 2618 2088 est
2673 2051 2768 2102 per
2817 2038 2970 2105 polos
3035 2047 3428 2101 transeuntem.

1871 2121 2131 2178 Similiter
2159 2126 2323 2178 etiam
2350 2128 2526 2182 media
2558 2128 2864 2182 lucidarum
2919 2130 3101 2196 trium,
3155 2149 3274 2202 qua:
3304 2148 3432 2191 sunt

1869 2215 1924 2269 in
1957 2213 2135 2270 fronte
2172 2214 2381 2285 Scorpii
2777 2214 2779 2216 ’

1941 2305 2178 2361 Tertiam
2205 2308 2392 2363 deﬁnit
2423 2311 2608 2366 horam
2664 2315 2810 2369 circa
2868 2317 3102 2372 medium
3145 2321 3431 2390 Scorpium

1870 2401 2048 2463 stella,
2083 2416 2204 2470 quae
2251 2401 2306 2455 in
2367 2403 2562 2458 dextro
2613 2404 2840 2461 humero
2895 2419 2976 2463 est
3019 2409 3433 2479 lngenieuli:et

1865 2507 1990 2560 qum
2018 2503 2102 2547 est
2126 2493 2182 2547 in
2205 2494 2448 2563 ejusdem
2484 2511 2644 2552 crure
2676 2497 2888 2563 dextro,
2920 2502 3191 2557 tricesima
3215 2505 3432 2561 circiter

1870 2584 2016 2638 hora:
2041 2593 2194 2656 parte
2223 2587 2290 2640 ad
2318 2589 2576 2642 orientem
2608 2591 2906 2646 declinans.

1940 2675 2156 2740 Quarta
2179 2677 2328 2731 hora:
2382 2678 2541 2732 limes
2571 2686 2655 2734 est
2682 2682 2829 2735 circa
2881 2682 3094 2736 initium
3154 2683 3430 2754 Sagittarii

1880 2767 2060 2822 lucida
2083 2769 2138 2822 in
2193 2769 2395 2823 femore
2428 2770 2662 2837 _sinistro
2696 2772 2986 2843 lngeniculi
3027 2793 3039 2828 :
3069 2782 3122 2829 et
3157 2777 3432 2832 lucidissi-

1871 2874 1991 2922 mze,
2016 2859 2508 2931 antecedentesque
2540 2863 2690 2935 141
2735 2865 2801 2920 de
2823 2874 3056 2934 quatuor
3091 2868 3145 2920 in
3172 2868 3431 2924 laterculo

1870 2951 2099 3006 minoris
2130 2949 2312 3018 Ursae;
2349 2962 2464 3007 tum
2505 2953 2776 3010 borealior
2807 2971 3017 3020 earum,
3052 2973 3174 3026 qua:
3207 2968 3336 3014 sunt
3373 2961 3429 3015 in

1870 3039 2136 3110 Ophiuehi
2162 3043 2354 3098 dextro
2384 3044 2630 3100 humero.
2675 3111 2682 3117 _

1941 3133 2194 3198 Quintam
2223 3135 2410 3186 horam
2440 3134 2764 3190 determinat
2804 3138 2950 3192 circa
2983 3139 3222 3195 medium
3254 3140 3433 3210 Sagit-

214 3228 308 3280 τοῦ
342 3247 400 3282 τε
433 3231 654 3296 Τοξὸτου
695 3235 722 3285 6
751 3236 1013 3303 ἑπόμενος
1035 3236 1140 3290 τῶν
1180 3238 1238 3290 ὲν
1262 3241 1326 3308 τῇ
1363 3239 1568 3309 κεφαλῇ
1602 3247 1670 3307 γ’,
1705 3238 1772 3302 ὡς

1879 3225 2098 3287 tarium,
2129 3223 2428 3280 succedens
2457 3226 2619 3280 trium
2645 3228 2695 3280 in
2721 3230 2898 3298 capite
2929 3229 3232 3301 Sagittarii,
3271 3235 3434 3289 trice-

215 3317 258 3368 λ¹
291 3319 451 3389 μέρος
480 3319 626 3391 ὧρας
661 3311 791 3394 πρός
821 3325 1080 3389 ἀνατολὰς
1107 3328 1518 3399 παραλλάσσων.

289 3410 399 3479 Τὴν
434 3409 489 3462 δὲ
525 3418 576 3474 ς’
609 3411 755 3482 ὥραν
781 3414 1025 3484 ἀφορίζει
1054 3418 1143 3468 ἐπὶ
1189 3416 1281 3469 τοῦ
1324 3417 1410 3470 διὰ
1447 3418 1553 3471 τῶν
1581 3436 1768 3487 τροπι-

218 3499 331 3551 κῶν
363 3501 600 3570 σημείων
633 3502 829 3555 κύκλου
857 3506 931 3568 ὡς
960 3505 1184 3574 ἔγγιστα
1229 3509 1335 3560 τῶν
1385 3511 1441 3561 ἐν
1475 3509 1551 3578 τῷ
1597 3513 1612 3531 '
1632 3514 1646 3530 ‘
1668 3513 1686 3531 ⁶
1722 3517 1770 3578 γ’

216 3590 486 3661 λαμπρῶν
539 3595 568 3644 6
621 3592 968 3664 βορειότερος,
1019 3597 1092 3659 ὡς
1146 3596 1193 3649 κ’
1235 3598 1396 3669 μέρος
1449 3599 1574 3668 μιᾶς
1626 3599 1771 3670 ὧρας

217 3680 640 3752 ὑπολειπόμενος
670 3682 762 3737 τοῦ
797 3684 1014 3738 κύκλου.

292 3773 396 3825 ΙΗ¹.
438 3774 554 3826 Τῶν
582 3775 638 3828 δὲ
683 3777 883 3846 μεταξὺ
911 3776 1002 3830 τοῦ
1036 3780 1342 3852 χειμερινοῦ
1382 3781 1642 3852 τροπικοῦ
1677 3800 1772 3853 ση-

220 3863 376 3935 μείου
408 3867 498 3918 καὶ
529 3864 618 3918 τού
666 3867 878 3937 ὲαρινοῦ
930 3876 982 3932 ς’
1026 3870 1259 3940 ὠριαίων
1302 3872 1679 3941 διαστημάτων
1714 3873 1774 3925 τὸ

221 3957 323 4026 μὲν
367 3962 414 4007 α’
447 3957 664 4028 ὡριαῖον
695 3959 964 4028 διάστημα
1015 3959 1259 4030 ἀφορίζει
1306 3961 1397 4024 τοῦ
1447 3963 1696 4031 Δελφῖνος
1749 3965 1777 4015 6

219 4048 555 4120 βορειότερος
586 4049 690 4102 τῶν
737 4051 1050 4121 ἡγουμένων
1079 4053 1135 4103 ὲν
1170 4052 1246 4123 τῷ
1301 4054 1504 4123 ῥόμϐῳ,
1550 4056 1642 4106 καὶ
1681 4054 1774 4106 τοῦ

218 4139 592 4209 Αίγοκέρωτος
622 4142 651 4192 6
678 4139 973 4212 ἡγούμενος
1003 4143 1109 4196 τῶν
1139 4146 1195 4196 ἐν
1223 4143 1298 4213 τῷ
1325 4144 1494 4215 νώτῳ.

205 4228 208 4229 ⁷
295 4230 368 4282 Τὸ
397 4230 452 4283 δὲ
495 4230 536 4282 δ’
561 4231 777 4302 ὡριαίον
811 4232 1081 4304 διάστημα
1117 4235 1361 4305 ἀφορίζει
1395 4236 1520 4307 περὶ
1549 4236 1647 4306 τὴν
1675 4239 1774 4307 ἀρ-

217 4318 326 4389 χὴν
368 4319 459 4372 τοῦ
499 4321 776 4390 Ὑδροχόου
815 4323 921 4374 τῶν
962 4327 1017 4376 ὲν
1053 4325 1129 4394 τῷ
1169 4328 1393 4395 στόματι
1436 4326 1532 4379 τοῦ
1581 4329 1776 4381 Ἵππου

219 4413 472 4483 λαμπρὸς
512 4415 703 4486 ἀστὴρ,
741 4415 950 4467 καὶτοῦ
985 4416 1214 4485 Κηφέως
1247 4420 1275 4470 6
1317 4419 1632 4490 νοτιώτερος
1671 4420 1779 4472 τῶν

222 4505 649 4574 προηγουμένων
680 4504 771 4556 τοῦ
803 4506 972 4570 δεξιοῦ
1001 4506 1168 4576 ὤμου.

1873 3317 2010 3374 sima
2045 3317 2262 3371 circiter
2298 3316 2446 3371 hora:
2470 3326 2618 3386 parte
2641 3319 2704 3372 ad
2728 3321 2990 3376 orientem
3023 3323 3324 3380 declinans.

1943 3408 2119 3462 Sexta:
2177 3408 2323 3462 horae
2371 3408 2643 3462 terminus
2671 3417 2754 3463 est
2812 3410 2866 3462 in
2922 3412 3150 3476 circulo,
3199 3416 3292 3483 qui
3338 3432 3433 3484 per

1873 3501 2178 3557 solstitialia
2207 3509 2408 3572 puncta
2443 3501 2658 3564 transit,
2691 3516 2852 3570 quam
2887 3503 3132 3571 proxime
3159 3505 3432 3564 borealior

1872 3606 1902 3646 (ι
1932 3591 2124 3646 lucidis
2153 3592 2348 3656 tribus,
2383 3591 2645 3646 vicesima
2674 3592 2894 3647 circiter
2924 3593 3073 3649 hora:
3106 3605 3258 3665 parte
3293 3599 3431 3652 citra

1873 3683 2134 3736 circulum
2164 3683 2362 3751 posita.

1943 3771 2127 3826 XV‘lll.
2159 3773 2219 3827 ln
2248 3789 2314 3828 eo
2350 3774 2688 3844 quadrante,
2737 3776 2827 3845 qui
2868 3776 2936 3831 ab
2979 3777 3187 3832 hiberni
3239 3780 3430 3848 tropici

1873 3871 2073 3933 puncto
2102 3865 2168 3918 ad
2201 3865 2582 3935 aequinoctium
2635 3882 2861 3921 vernum
2919 3869 3190 3937 pertinet,
3249 3885 3280 3923 e
3334 3886 3430 3924 sex

1876 3956 2106 4010 horariis
2153 3956 2449 4011 intervallis
2487 3957 2721 4025 primum
2768 3959 3024 4012 terminat
3068 3961 3121 4013 in
3163 3959 3429 4028 Delphino

1879 4047 2146 4100 borealior
2203 4047 2634 4110 antecedentium
2701 4051 2757 4102 in
2811 4049 3069 4114 rhombo,
3123 4059 3174 4104 et
3212 4060 3428 4107 antece-

1876 4136 2008 4191 dens
2039 4152 2246 4202 earum,
2277 4153 2396 4208 quae
2425 4147 2551 4192 sunt
2578 4140 2633 4193 in
2667 4137 2832 4193 dorso
2857 4139 3198 4209 Capricorni.

1953 4227 2260 4283 Secundum
2314 4229 2588 4284 horarium
2637 4223 2980 4296 intervallum
3045 4231 3230 4287 deﬁnit
3283 4234 3428 4288 circa

1876 4317 2089 4372 initium
2139 4320 2398 4388 Aquarii,
2452 4319 2630 4373 lucida
2679 4335 2800 4389 qua:
2833 4321 2888 4374 in
2937 4336 3030 4376 ore
3061 4332 3145 4377 est
3187 4323 3344 4392 Equi,
3375 4334 3429 4380 et

1879 4411 2168 4465 australior
2198 4409 2632 4464 antecedentium
2665 4409 2842 4466 dextri
2873 4411 3086 4467 humeri
3135 4413 3353 4483 Cephei.

298 4594 371 4647 Τὸ
409 4595 466 4646 δὲ
516 4601 566 4662 γ’»
604 4596 821 4666 ὠριαίον
861 4597 1128 4666 διάστημα
1171 4598 1415 4668 ἀφορίζει
1459 4604 1576 4670 ,ςερι
1615 4602 1772 4671 μέσον

1950 4583 2142 4639 Tertia:
2166 4585 2311 4639 horae
2341 4585 2492 4640 limes
2523 4594 2608 4640 est
2646 4584 2792 4639 circa
2833 4583 3066 4638 medium
3096 4583 3390 4652 Aquarium
3410 4627 3425 4649 ,

217 4685 321 4739 τοῦ
364 4684 640 4755 Ὑδροχόου
670 4689 698 4740 6
716 4689 874 4757 μέσος
887 4688 993 4739 τῶν
1013 4692 1070 4740 ὲν
1097 4694 1160 4758 τῇ
1186 4690 1394 4760 κεφαλῇ
1428 4691 1520 4742 τοῦ
1544 4693 1776 4761 Κηφέως

219 4783 273 4845 γ’
310 4776 549 4846 ἀστέρων
605 4779 690 4828 ἐπ’
733 4777 943 4840 εὐθείας
991 4780 1273 4848 κειμένων,
1321 4783 1412 4832 καὶ
1457 4779 1548 4832 τοῦ
1581 4780 1774 4834 Ἵππου

218 4866 337 4920 τῶν
383 4868 438 4919 ὲν
483 4866 559 4936 τῷ
592 4868 840 4938 τραχήλῳ
873 4867 914 4936 β’
941 4869 1181 4939 ἀστέρων
1232 4872 1260 4920 ὁ
1306 4870 1653 4940 βορειότερος,
1703 4871 1778 4934 ὼς

219 4958 546 5030 τριακοστὸν
598 4959 758 5028 μέρος
804 4959 948 5028 ὥρας
979 4960 1378 5031 προηγούμενος
1405 4959 1497 5014 τοῦ
1537 4960 1625 5014 διά
1669 4962 1778 5016 τῶν

221 5050 410 5104 πόλων
447 5049 662 5102 κύκλου.

301 5141 374 5194 Τὸ
397 5140 452 5194 δὲ
472 5141 511 5193 δ’
529 5141 747 5212 ὼριαῖον
765 5141 1035 5210 διάστημα
1060 5141 1304 5210 ἀφορίζει
1332 5142 1458 5212 περὶ
1480 5142 1577 5212 τὴν
1605 5143 1780 5215 ἀρχὴν

221 5232 339 5286 τῶν
378 5231 593 5301 Ἰχθύων
622 5232 719 5303 τῆς
747 5231 1094 5302 Ἀνδρομέδας
1123 5232 1230 5286 τῶν
1259 5235 1314 5287 ὲν
1363 5237 1429 5304 τῇ
1461 5234 1607 5304 δεξιᾷ
1638 5237 1779 5305 χειρὶ

221 5323 471 5393 ἀστέρων
506 5325 534 5375 6
560 5321 894 5385 vorttbta'rog,
923 5323 994 5384 ὼς
1024 5329 1070 5373 κ’
1103 5323 1264 5392 μέρος
1307 5324 1451 5395 ὦρας
1479 5325 1778 5394 γύπολειπό-

227 5429 394 5484 μενος
421 5411 512 5465 τοῦ
547 5413 634 5467 διὰ
660 5431 766 5466 των
797 5412 970 5466 πόλων
1001 5411 1223 5465 κύκλου.

303 5505 376 5557 Τὸ
420 5505 476 5556 δὲ
530 5513 568 5556 ε’
627 5507 842 5576 ὼριαῖον
904 5504 1170 5573 διάπτμὶ
1230 5507 1350 5576 περὶ
1403 5506 1598 5576 μέσους
1651 5508 1775 5570 τοὺς

238 5594 452 5663 Ἰχθύας
501 5594 744 5665 ἀφορίζει
788 5600 886 5664 τῆς
935 5600 1099 5644 κνισνν
1150 5595 1286 5669 χντς
1345 5596 1372 5647 6
1412 5598 1468 5648 ὲν
1513 5594 1660 5666 μέσῳ
1699 5594 1775 5664 τῷ

229 5679 463 5751 σώματι,
494 5683 586 5733 καὶ
613 5685 793 5753 τρίτος
821 5682 926 5734 ἀπὸ
951 5682 1052 5751 ’τῆς
1081 5682 1317 5754 κεφαλῆς
1363 5684 1775 5756 ἀριθμούμενος.

336 5838 382 5869 ο·
414 5837 453 5906 ί.
483 5837 560 5902 ὅς.

1877 4675 2053 4730 media
2082 4675 2244 4728 trium
2272 4677 2570 4742 stellarum,
2601 4689 2720 4744 quae
2752 4683 2878 4730 sunt
2918 4675 2974 4728 in
3007 4676 3182 4743 capite
3227 4676 3428 4745 Cephei

1876 4767 1930 4819 in
1979 4767 2242 4821 directum
2290 4768 2510 4836 positae;
2559 4782 2658 4821 nec
2697 4781 2806 4820 non
2849 4765 3123 4822 borealior
3162 4767 3426 4833 duarum,

1803 4873 1810 4879 ·
1876 4871 1995 4924 quae
2024 4863 2152 4910 sunt
2179 4856 2257 4924 .in
2287 4855 2424 4926 Equi
2469 4857 2646 4922 collo,
2710 4856 2985 4930 tricesima
3030 4857 3243 4911 circiter
3286 4857 3431 4913 horae

1879 4943 2142 5010 particula
2190 4944 2488 5011 circulum,
2539 4949 2630 5017 qui
2677 4962 2771 5017 per
2810 4946 2964 5016 polos
3015 4947 3240 5012 transit,
3273 4957 3428 5005 ante-

1878 5033 2096 5089 cedens.

1951 5121 2202 5188 Quartam
2253 5125 2440 5180 horam
2491 5127 2678 5183 delituit
2737 5133 2881 5185 circa
2931 5133 3170 5188 Piscium
3216 5132 3428 5188 initium

1881 5213 2274 5268 australissima
2298 5230 2483 5270 earum
2515 5233 2636 5287 qua:
2664 5226 2791 5274 sunt
2825 5220 2878 5274 in
2907 5220 3095 5276 dextra
3127 5237 3286 5275 manu
3317 5221 3429 5276 An-

1879 5302 2182 5370 dromeda,
2216 5305 2474 5359 vicesima
2503 5313 2656 5374 parte
2687 5307 2798 5364 fere
2835 5310 2973 5366 citra
3005 5326 3126 5365 eum
3166 5311 3427 5365 circulum

1881 5391 2055 5461 posita
2079 5392 2216 5463 ,'qui
2245 5410 2340 5464 per
2369 5396 2520 5463 polos
2561 5398 2769 5452 transit.

1950 5482 2208 5546 Quintum
2268 5485 2543 5539 horarium
2615 5487 2954 5543 intervallum
3025 5491 3169 5545 circa
3222 5490 3426 5546 medios

1881 5571 2064 5627 Pisces
2097 5573 2284 5629 deﬁnit
2313 5591 2395 5639 ea,
2421 5591 2539 5646 quae
2565 5586 2648 5632 est
2666 5578 2718 5631 in
2755 5580 2934 5634 medio
2960 5590 3185 5652 corpore
3212 5580 3425 5637 Cassie-

1884 5677 2014 5730 pcze,
2038 5679 2156 5733 qua
2179 5681 2208 5720 a
2235 5666 2408 5736 capite
2430 5668 2590 5723 tertia
2619 5676 2952 5724 numeratur.
