4130 6342
59 485 206 534 1157
1079 482 1351 538 INCERTI
1373 483 1476 537 ~AD
1514 480 1622 536 Alii

1759 482 2221 540 PHENOMENA:
3130 486 3153 538 1
3170 486 3265 542 [58

56 594 163 649 κὸν
208 595 392 668 Κριὸν,
439 595 734 668 Δράκοντος
778 597 1015 670 κεφαλὴν
1060 600 1194 670 πρὸς
1244 601 1319 671 τῷ
1365 601 1618 672 ὁρίζοντι.

1722 602 1876 659 Aries
1928 608 1982 657 in
2034 602 2323 658 occidente.
2356 607 2635 666 versetur;
2683 596 2941 657 Draconis
2985 611 3144 673 caput
3189 604 3267 659 in-

56 689 384 760 Περιέχεται
434 689 488 742 δὲ
532 690 633 743 ὑπὸ
680 690 773 743 τοῦ
797 691 1085 762 ὁρίζοντος.
1135 693 1196 746 Ἦ
1242 695 1299 747 δὲ
1344 695 1483 749 κατὰ
1522 697 1622 768 τὴν

56 782 326 852 ἐξήγησιν
348 782 493 843 θέσις
505 782 611 835 τῶν
628 784 682 835 Ἀ
692 785 850 854 ράτου
863 785 1235 854 Φαινομένων
1246 788 1360 840 ἐστὶ
1379 789 1620 859 τοιαύτη,

56 874 198 927 ὥστ’
239 876 377 944 ἔχειν
413 874 841 947 μεσουρανοῦντα
872 878 1179 950 Αἰγάκερων
1206 879 1296 933 ἐπὶ
1323 878 1416 933 τοῦ
1438 897 1621 951 χειμε-

59 966 220 1035 ρινοῦ
266 966 542 1036 τροπικοῦ,
586 968 894 1022 ἀνατολικὸν
924 969 1090 1040 Κριὸν
1117 970 1209 1023 ἐπὶ
1250 969 1343 1023 τοῦ
1374 971 1620 1043 ἰσημερι-

55 1058 180 1122 νοῦ,
213 1058 429 1121 δυτικὰς
456 1058 657 1128 Χηλὰς,
708 1061 1007 1129 Δράκοντος
1046 1060 1283 1133 κεφαλὴν
1330 1061 1439 1117 ἄνω
1485 1062 1621 1133 πρὸς

54 1150 138 1219 τῷ
172 1149 427 1221 ὁρίζοντι,
456 1151 589 1202 ὅπου
904 1152 905 1157 “

54 1263 397 1331 lilia-ponat
431 1260 637 1327 δύσιές
688 1278 752 1316 τε
779 1263 877 1316 καὶ
907 1263 1152 1319 ἀντολαὶ
1174 1264 1540 1335 ἀλλήλῃσιν.

58 1376 227 1443 Ἔχει
272 1375 329 1428 δὲ
376 1375 469 1427 καὶ
522 1374 715 1437 πόλους
748 1373 872 1427 δύο·
925 1376 1182 1449 ἀρκτικὸν
1208 1377 1328 1430 ὅλον
1384 1376 1621 1432 τοιοῦτον

58 1465 361 1536 μετέωρον,
408 1467 499 1519 τὸν
544 1466 637 1518 καὶ
674 1464 879 1535 βόρειον
923 1466 1228 1537 λεγόμενονο
1265 1468 1619 1540 ἀνταρκτικὸν

54 1557 115 1609 δὲ
145 1558 209 1609 ὲν
243 1555 320 1626 τῷ
343 1558 557 1625 ἀφανεῖ,
580 1555 669 1609 τὸν
700 1557 791 1609 καὶ
820 1555 990 1609 νότιον
1016 1556 1322 1628 λεγόμενον.
1372 1559 1522 1628 Ἔχει
1563 1558 1619 1613 δὲ

57 1648 298 1711 κύκλους
349 1648 613 1718 μεγάλους
657 1646 926 1719 τέσσαρας
979 1649 1145 1718 χωρὶς
1192 1648 1286 1702 τοῦ
1328 1649 1617 1721 ὁρίζοντος,

56 1742 189 1795 ἐπεὶ
220 1742 534 1811 προείρηται
567 1740 663 1811 μὲν
690 1740 824 1808 ἔχων
868 1740 1252 1811 μεσημϐρινὸν,
1288 1741 1617 1813 ἰσημερινὸν,

57 1832 351 1897 ζωδιακὸν,
392 1830 681 1901 γαλαξίανο
731 1830 1043 1901 ἐλαχίστους
1088 1830 1147 1883 δὲ
1177 1831 1475 1902 τέσσαρας’
1518 1834 1618 1903 ἀρ-

1721 696 1940 749 cumbat
1968 692 2257 751 horizonti.
2301 690 2414 745 Hoc
2465 692 2607 744 cnim
2637 691 2704 745 ab
2730 692 3005 745 horizonte
3033 693 3265 747 circum-

1721 786 1996 841 scribitur.
2050 783 2247 839 Verum
2291 783 2378 837 hic
2416 782 2470 836 in
2499 785 2826 852 exponendis
2854 784 3001 839 Arati
3035 784 3263 840 Phanio-

1721 876 1885 929 menis
1916 874 2138 945 sphaerae
2178 874 2393 943 positus
2438 875 2793 941 observatur,
2835 881 2893 929 ut
2930 877 2983 930 in
3036 878 3262 932 hiberno

1718 966 1928 1056 tr0pico
1972 964 2233 1020 culminet
2266 964 2657 1034 Capricornus;
2709 967 2762 1020 in
2798 967 3261 1038 aequinocualiad
3348 978 3349 981 ‘

1718 1065 1895 1111 ortum
1926 1057 1996 1112 sit
2029 1057 2215 1122 Aries;
2246 1057 2311 1110 ad
2350 1072 2605 1111 occasum
2634 1058 2847 1125 Chelze;
2891 1058 3145 1116 Draconis
3175 1077 3263 1115 ca-

1718 1158 1815 1219 put
1845 1165 2007 1220 supra
2034 1149 2367 1223 horizontem
2395 1149 2679 1218 respiciat;
2717 1150 2808 1204 ubi

1827 1260 2116 1316 Miscentur
2138 1277 2371 1327 occasus,
2394 1271 2442 1315 et
2467 1269 2612 1315 ortus
2632 1261 2866 1318 invicem.

1722 1397 1891 1453 Habet
1936 1406 1989 1453 et
2024 1398 2176 1468 polos
2220 1404 2358 1454 duos
2394 1422 2405 1457 :
2450 1402 2740 1464 arcticum,
2780 1401 2872 1471 qui
2916 1409 3062 1459 totus
3092 1405 3263 1460 subli—

1719 1490 1823 1545 mis
1845 1497 1948 1553 est,
1972 1504 2035 1544 ac
2064 1491 2262 1546 b‘oreus
2282 1493 2445 1547 etiam
2489 1494 2822 1565 appellatur;
2865 1496 3217 1551 antarcticum
3245 1538 3261 1563 ,

1717 1578 1810 1646 qui
1854 1593 2129 1647 nunquam
2165 1588 2454 1649 apparente
2483 1582 2685 1657 circulo
2716 1583 3051 1647 continetur,
3085 1593 3139 1640 et
3167 1602 3265 1641 au-

1718 1669 1900 1723 stralis
1930 1669 2147 1725 dicitur.
2173 1670 2343 1727 Habet
2369 1687 2496 1728 vero
2516 1673 2750 1729 circulos
2776 1675 3009 1744 majores
3033 1686 3266 1747 quatuor

1718 1768 1913 1829 praeter
1945 1760 2281 1816 horizontem
2320 1782 2333 1817 :
2366 1778 2504 1833 quos
2526 1766 2638 1835 jam
2667 1765 2902 1821 diximus
2944 1782 3064 1823 esse
3104 1772 3267 1823 meri—

1720 1852 1973 1915 dianum,
2016 1853 2477 1923 aequinoctialem,
2522 1858 2838 1924 zodiacum,
2876 1859 3128 1914 lacteum.
3168 1862 3268 1915 Mi-

55 1924 272 1989 κτικὸν,
317 1924 432 1977 ὅλον
479 1924 767 1993 μετέωρον,
805 1922 887 1990 ἐφ’
919 1914 965 1989 ᾧ
1005 1924 1419 1993 κατεστήρικται
1457 1924 1619 1987 ζώδια

1722 1958 1879 1999 nores
1918 1942 2045 1999 item
2067 1953 2338 2014 quatuor:
2375 1950 2657 2013 arcticum,
2683 1955 2777 2021 qui
2823 1959 2971 2007 totus
3006 1960 3261 2023 apparet,

53 2017 336 2085 τέσσαρα,
382 2014 603 2083 ’Ἀρκτοι
657 2013 769 2076 δύο,
818 2013 1039 2082 Κηφεὺς
1077 2012 1183 2065 ἀπὸ
1225 2013 1333 2067 τῶν
1387 2014 1615 2085 στηθῶν,

54 2108 322 2180 Δράκων·
373 2104 582 2175 θερινὸν
628 2104 910 2175 τροπικὸν,
945 2104 1125 2157 πλεῖον
1170 2104 1359 2174 ἔχοντα
1384 2105 1443 2158 τὸ
1480 2106 1629 2176 ὑπὲρ

53 2200 188 2269 γῆν,
217 2196 381 2270 ἦσσον
413 2196 469 2249 δὲ
505 2196 565 2249 τὸ
611 2196 713 2248 ὑπὸ
745 2196 867 2265 γῆν,
894 2196 977 2264 ἐφ’
1002 2190 1044 2263 ᾧ
1070 2198 1488 2267 κατεστήρικται
1518 2197 1619 2261 ζώ-

54 2292 145 2344 δια
172 2297 247 2361 η’,
281 2289 514 2357 Βοώτης,
542 2288 827 2355 Στέφανος,
867 2286 953 2338 Ἐν
974 2286 1244 2354 γούνασιν,
1276 2288 1450 2358 Λύρα,
1474 2289 1621 2341 Κασ-

58 2382 302 2443 σιέπεια,
340 2381 809 2451 Ἦνίοχος,”ορνις,
835 2377 1091 2449 Περσεύς.
1138 2375 1197 2431 '0
1234 2376 1619 2449 Sexstpeptvbg

56 2472 323 2544 τροπικὸς
348 2472 525 2525 πλεῖον
549 2470 659 2540 ἔχει
693 2470 752 2523 τὸ
792 2470 895 2521 ὑπὸ
918 2469 1037 2539 γῆν,
1064 2462 1231 2539 ἦσσον
1274 2468 1331 2520 δὲ
1367 2469 1428 2520 τὸ
1480 2469 1620 2540 ὑπὲρ

56 2567 202 2634 γῆνο
254 2562 338 2632 ἐφ’
392 2555 435 2630 ᾧ
476 2562 894 2631 κατηστέρισται
951 2560 1116 2624 ζώδια
1171 2566 1257 2624 ς”
1317 2560 1616 2631 Ἠριδανὸς,

71 2654 277 2729 Ἀργὼ,
308 2655 633 2724 Κένταυρος,
664 2654 748 2723 ἐφ’
774 2646 818 2721 ᾧ
860 2652 1074 2726 Θηρίον,
1115 2651 1395 2723 Θυτήριον,
1451 2650 1618 2721 ’ἰχθὺς

60 2746 241 2816 μέγας
270 2745 439 2810 νότιος
476 2746 702 2817 ἀφανής.

143 2947 204 3001 Ὁ
232 2946 291 3000 δὲ
325 2946 633 3018 ίσημερινὸς
675 2944 869 3009 κύκλος
916 2943 1027 2999 ἴσον
1065 2943 1176 3015 ἔχει
1224 2944 1283 2997 τὸ
1329 2943 1468 3018 ὑπὲρ
1516 2944 1621 3015 γῆν

60 3041 159 3094 καὶ
201 3039 266 3092 τὸ
306 3040 409 3092 ὑπὸ
450 3038 572 3108 γῆν,
608 3038 691 3107 ἐφ’
742 3031 786 3105 ᾧ
830 3036 1244 3109 κατηστέρισται
1312 3033 1475 3101 ζώδια
1516 3036 1616 3106 ιβ’·

61 3133 282 3196 Ἵππος,
322 3130 615 3200 Ὀφιοῦχος,
650 3131 732 3199 ἐφ’
760 3122 803 3199 ᾧ
831 3130 1010 3197 Ὄφις,
1046 3128 1259 3198 ’Ὑδρος,
1295 3127 1378 3196 ἐφ’
1411 3119 1455 3194 ᾧ
1489 3144 1619 3180 κατ-

60 3223 378 3293 ηστέρισται
403 3220 866 3292 Κρατὴρ,Κόραξ,
882 3217 1159 3290 Προκύων,
1193 3217 1390 3281 Ἀετὸς,
1407 3217 1618 3285 Δελφὶς,

74 3318 292 3387 Ὠρίων,
352 3306 586 3380 Ὀῖστὸς,
633 3311 897 3365 Δελτωτδν
917 3350 932 3377 ,
995 3308 1337 3381 Ἀνδρομέδα,
1375 3307 1618 3376 Λαγωὸς,

61 3410 269 3478 Κῆτος,
319 3407 499 3471 Κύων,
542 3400 831 3460 ῶστέῖναι
872 3402 942 3457 τὰ
988 3402 1164 3457 πάντα
1209 3399 1373 3465 ζώδια
1425 3400 1623 3452 εἰκοσι-

60 3500 192 3563 τρία
243 3498 320 3531 ’τ’
356 3497 522 3567 χωρὶς
565 3495 674 3548 τῶν
731 3496 1012 3566 ἐπισήμων
1047 3495 1106 3547 έν
1127 3494 1333 3556 ἀὐτοῖς
1380 3490 1623 3562 ἀστέρων

62 3587 575 3659 κατηστερισμένων
609 3593 678 3655 η’,
707 3579 817 3638 οἷον
849 3586 941 3638 ἐπὶ
972 3583 1064 3637 τοῦ
1118 3584 1325 3638 Βοώτου
1372 3581 1625 3654 Ἀρκτοῦ-

67 3697 179 3749 ρος,
215 3679 308 3731 ἐπὶ
330 3670 421 3730 τοῦ
477 3676 718 3745 Ἡνιόχου
759 3672 858 3739 Αἴξ
900 3690 960 3726 τε
1004 3672 1098 3727 καὶ
1124 3673 1359 3745 Ἔριφοι,
1407 3672 1498 3724 ἐπὶ
1529 3670 1623 3724 τοῦ

64 3773 281 3845 Ταύρου
311 3769 583 3833 Πλειάδες,
615 3768 829 3831 ’Υάδεςσ
854 3766 947 3821 ἐπὶ
976 3766 1075 3837 τῆς
1102 3764 1375 3835 Παρθένου
1394 3763 1620 3833 Στάχυς,

65 3864 498 3936 Προτρυγητήρ’
540 3860 759 3932 ὲπὶξτοῦ
809 3859 981 3923 Κυνὸς
1021 3857 1249 3929 Σείριος,
1309 3856 1402 3910 καὶ
1430 3856 1482 3910 εῐ
1504 3872 1626 3909 τινα

64 3957 277 4019 τούτοις
311 3956 487 4025 ὃμοια.

148 4049 210 4101 '0
237 4044 293 4099 δὲ
320 4045 575 4110 ζωδιακὸς
607 4044 804 4108 κύκλος
846 4044 958 4116 ἔχει
1004 4042 1165 4108 ζὼδια
1205 4042 1270 4114 ιβ*
1287 4060 1309 4073 ’ν
1330 4042 1622 4114 Καρκίνον,

66 4140 293 4201 Λέοντα,
319 4137 609 4208 Παρθένον,
652 4136 856 4208 Χηλὰς,
898 4137 925 4188 ὅ
958 4139 1071 4189 ὲστι
1114 4135 1301 4203 Ζυγὸς,
1338 4134 1621 4206 Σκορπίον,

69 4228 338 4299 Τοξότην,
391 4227 730 4298 Δὶγόκερων,
791 4227 1102 4297 ’Υδροχόον,
1152 4226 1388 4295 Ἰχθύας,
1435 4226 1623 4296 Κριὸν,

68 4321 316 4392 Ταῦρον,
364 4319 661 4389 Διδύμους·
728 4316 867 4371 ὥστε
928 4314 1067 4371 εἶναι
1115 4317 1183 4370 τὰ
1236 4318 1411 4371 πάντα.
1444 4316 1625 4381 Δζζώδια

68 4420 151 4483 κγ’
182 4413 251 4467 θ’.

138 4507 261 4559 Εἰσὶ
285 4505 342 4559 δὲ
382 4504 473 4557 καὶ
506 4501 770 4572 πλάνητες
802 4498 1028 4574 ἀστέρες
1059 4500 1224 4572 χωρὶς
1254 4498 1402 4569 ἡλίου
1432 4516 1493 4552 τε
1532 4499 1624 4552 καὶ

1718 2039 1775 2089 in
1808 2051 1981 2114 eoque
2003 2044 2235 2107 quatuor
2256 2038 2442 2093 insunt
2473 2042 2763 2105 ast’erismi,
2806 2043 2959 2099 Ursae.
2990 2044 3129 2111 due,
3164 2045 3266 2102 Cc-

1717 2127 1892 2197 pheus
1925 2134 2143 2196 pectore
2167 2137 2347 2197 tenus,
2369 2138 2421 2185 et
2446 2129 2657 2199 Draco;
2683 2133 2925 2188 aestivum
2957 2136 3220 2205 tropicum
3246 2176 3263 2201 ,

1717 2219 1875 2288 cujus
1900 2234 2026 2287 pars
2050 2234 2215 2288 supra
2252 2231 2448 2276 terram
2476 2224 2650 2293 major
2677 2225 2922 2293 exsistit,
2952 2225 3130 2280 minor
3161 2228 3263 2283 sub

1716 2318 1882 2364 terra.
1930 2312 2104 2381 Atque
2144 2312 2189 2364 is
2222 2312 2374 2382 signa
2401 2321 2524 2368 octo
2573 2317 2979 2385 complectitur,
3021 2316 3219 2374 Booten
3243 2359 3258 2385 ,

1718 2402 2008 2470 Coronam,
2044 2402 2441 2472 lngeniculum,
2493 2402 2789 2461 Fidiculam
2814 2447 2830 2473 ,
2880 2408 3218 2481 Cassiepeam
3242 2451 3259 2475 ,

1718 2494 2010 2565 Aurigam,
2046 2495 2324 2567 Cygnum,
2381 2496 2657 2553 Perseum.
2708 2498 2973 2571 Hibernus
3022 2503 3263 2571 tropicus

1717 2584 1915 2653 majori
1950 2600 2013 2639 ex
2042 2593 2197 2655 parte
2235 2586 2335 2642 sub
2375 2592 2575 2642 terram
2617 2586 2965 2657 deprimitur;
3000 2591 3261 2647 minorem

1718 2689 1883 2745 supra
1927 2684 2125 2730 terram
2181 2677 2397 2732 attollit.
2444 2676 2502 2731 In
2556 2692 2621 2732 eo
2657 2688 2782 2733 sunt
2829 2681 3262 2736 constellationes

1720 2781 1850 2821 sex:
1876 2766 2165 2833 Eridanus,
2191 2767 2353 2838 Argo,
2379 2768 2705 2831 Centaurus,
2732 2769 2786 2822 in
2811 2786 2917 2839 quo
2939 2770 3097 2838 Fera,
3134 2774 3260 2837 Ara,

1719 2858 1893 2914 Piscis
1922 2874 2149 2929 magnus
2181 2860 2435 2914 australis
2470 2874 2578 2914 non
2618 2875 2900 2929 apparens.

1787 2946 2207 3017 Equinoctialis
2236 2949 2474 3005 circulus
2502 2964 2568 3003 ex
2606 2964 2760 3020 aequo
2797 2965 2959 3019 supra
3016 2951 3265 3023 infraque

1718 3046 1923 3093 terram
1975 3040 2111 3094 situs
2154 3046 2281 3109 est;
2332 3042 2390 3096 in
2433 3056 2500 3097 eo
2552 3041 2705 3112 signa
2761 3051 2887 3097 sunt
2944 3044 3260 3101 duodecim:

1720 3126 1927 3198 Equus,
1956 3128 2291 3199 Ophiuchus,
2326 3132 2380 3186 in
2432 3148 2540 3203 quo
2580 3130 2812 3203 Serpens
2854 3142 2973 3189 est:
3020 3133 3285 3206 Hydrus,

1721 3218 1775 3271 in
1817 3233 1926 3288 quo
1977 3222 2283 3276 continetur
2321 3230 2385 3297 et
2430 3223 2663 3279 Crater:
2696 3223 2936 3290 Corvus,
2988 3224 3263 3299 Procyon,

1720 3309 1935 3381 Aquila,
1954 3310 2199 3382 Delphin,
2236 3312 2422 3377 Orion,
2457 3312 2661 3383 Sagitta
2684 3352 2700 3378 ,
2746 3314 3025 3381 Deltotou,
3059 3314 3268 3371 Andro-

1720 3402 1906 3467 meda,
1954 3401 2152 3473 Lepus,
2196 3404 2395 3471 Cetus,
2428 3405 2610 3461 Canis.
2654 3406 2738 3460 'Ita
2768 3406 3096 3475 colliguntur
3141 3406 3265 3461 uni-

1720 3497 1889 3550 verse
1927 3496 2078 3565 signa
2106 3497 2207 3550 tria
2243 3505 2297 3552 et
2327 3496 2551 3567 viginti;
2585 3504 2779 3567 praeter
2823 3497 3060 3567 insignes
3083 3500 3267 3554 stellas

1721 3591 1863 3648 octo,
1883 3598 2003 3654 qua:
2031 3585 2086 3639 in
2114 3585 2222 3640 illis
2248 3586 2521 3640 collocatae
2536 3594 2681 3653 sunt,
2696 3587 2843 3645 velut
2870 3587 2920 3639 in
2956 3585 3135 3648 Boote,
3162 3589 3266 3640 Ar-

1722 3682 1930 3738 cturus,
1963 3676 2018 3728 in
2050 3674 2250 3744 Auriga
2275 3673 2491 3744 Capella
2522 3685 2577 3730 et
2599 3676 2779 3741 Haedi;
2815 3677 2869 3730 in
2891 3675 3071 3731 Tauro
3098 3675 3268 3732 Pleia-

1721 3762 1818 3817 des
1854 3771 1907 3817 et
1932 3760 2183 3833 Hyades;
2217 3763 2273 3816 in
2302 3761 2522 3834 Virgine
2550 3762 2730 3834 Spica,
2771 3762 3178 3829 Yindemiator;
3210 3769 3285 3823 in.

1720 3849 1869 3907 Cane
1894 3848 2102 3916 Sirius,
2134 3859 2189 3906 et
2212 3853 2259 3909 si
2279 3868 2399 3924 quae
2423 3861 2551 3909 sunt
2587 3854 2857 3924 ejusmodi
2886 3856 3021 3910 aliae.

1794 4029 2059 4087 Zodiacus
2084 4031 2250 4102 signis
2268 4030 2551 4086 duodecim
2572 4030 2938 4100 distinguitur,
2958 4046 3077 4099 quae
3102 4041 3231 4086 sunt
3252 4050 3265 4063 ο

1722 4124 1952 4191 Cancer,
1978 4124 2106 4186 Leo,
2133 4122 2316 4193 Virgo,
2341 4122 2521 4177 Chelte
2538 4163 2553 4187 ,
2595 4123 2708 4177 sive
2734 4121 2895 4175 Libra
2919 4140 2932 4189 ;
2968 4120 3225 4193 Scorpius
3251 4165 3279 4192 ,_

1726 4216 2069 4286 Sagittarius,
2103 4214 2487 4283 Capricornus,
2521 4212 2810 4283 Aquarius,
2835 4210 3041 4275 Pisces,
3076 4213 3268 4276 Aries,
3342 4232 3344 4235 '

1724 4308 1965 4369 Taurus,
2009 4305 2238 4361 Gemini.
2293 4304 2630 4376 Colliguntur
2680 4304 2833 4374 signa
2865 4304 2919 4358 in
2951 4312 3120 4359 totum
3167 4305 3293 4358 tria.
3392 4302 3395 4303 ⁷

1721 4408 1775 4453 et
1798 4398 2003 4453 viginti.

1798 4415 1844 4452 νι
1885 4415 2003 4451 mu.

1792 4415 2025 4545 Piganetae
2054 4496 2310 4560 praeterea
2350 4488 2519 4543 stellae
2566 4495 2692 4542 sunt
2732 4494 2926 4557 praeter
2984 4484 3164 4537 lunam
3209 4500 3271 4537 ac

73 4597 302 4667 σελήνης
338 4601 410 4647 ε’·
440 4594 663 4667 Κρόνος,
706 4593 859 4657 Ζεὺς,
905 4571 1099 4663 ΙἌρης,
1146 4590 1445 4663 Ἀφροδίτη,
1505 4590 1622 4661 Ἐρ-

1727 4583 1895 4639 solem
1918 4622 1932 4647 ,
1968 4584 2205 4651 quinque
2237 4598 2250 4633 :
2279 4577 2547 4633 Saturnus
2571 4616 2587 4642 ,
2610 4575 2838 4645 Jupiter,
2867 4572 3029 4637 Mars,
3056 4571 3269 4638 Venus,

74 4704 199 4757 μης-

139 4778 250 4849 Τὴν
276 4777 336 4829 δὲ
362 4777 469 4831 τῶν
503 4774 836 4846 φαινομένων
856 4773 1112 4843 ἐξήγησιν
1139 4773 1427 4842 πεποίηται
1462 4772 1628 4841 ’Ἀρα-

70 4886 180 4931 τος,
234 4867 538 4938 ἀρξάμενος
587 4867 694 4920 ἀπὸ
742 4864 849 4918 τῶν
890 4865 1132 4934 ἄρκτων,
1187 4863 1282 4916 καὶ
1324 4862 1628 4933 περιλαϐὼν

70 4956 246 5017 fama
295 4960 364 5012 τὰ
410 4959 590 5031 βόρεια
638 4957 895 5012 κυκλόθεν
959 4956 1119 5026 μέχρι
1178 4956 1270 5008 τοῦ
1326 4952 1624 5017 ζωδιακοιῶ

74 5048 188 5106 εἶτα
239 5050 496 5122 μεταϐὰς,
532 5053 624 5103 καὶ
669 5048 968 5118 ἀρξάμενος
1020 5045 1127 5098 ἀπὸ
1186 5045 1278 5098 τοῦ
1344 5045 1623 5116 Ὠρίωνος·

76 5146 194 5198 ἐπεὶ
225 5142 475 5213 λαμπρός
523 5144 660 5194 ἐστι.
694 5141 774 5195 Τὰ
824 5141 869 5193 δ’
899 5138 1007 5192 ἀπὸ
1050 5136 1143 5189 τοῦ
1176 5135 1438 5201 ζωδιακοῦ
1482 5135 1630 5188 νότια

76 5238 251 5290 πάντα
280 5234 519 5288 καλεῖται
555 5232 832 5304 μέχριτοῦ
880 5228 1262 5302 ἀνταρκτικοῦ.
1306 5225 1417 5281 Εἶθ’
1459 5226 1629 5291 οὕτως

80 5329 315 5399 μέτεισιν
351 5328 442 5379 ἐπὶ
472 5326 538 5379 τὰ
573 5326 717 5397 ἑξῆς.

144 5422 362 5475 Τούτων
407 5418 576 5481 οὕτως
626 5419 872 5487 ἑχόντων,
926 5416 1107 5469 λοιπὸν
1156 5413 1481 5485 μεταδατέον
1540 5414 1631 5465 ἐπὶ

80 5513 199 5577 τοὺς
228 5514 519 5582 τέμνοντας
561 5509 789 5572 κύκλους
826 5509 1013 5561 καὶτὰ
1063 5507 1367 5578 τεμνόμενα
1409 5507 1499 5558 ὑπ’
1536 5508 1631 5557 αύ-

81 5604 183 5656 τῶν
212 5603 395 5668 mea.
454 5604 682 5675 Ὁμοίως
729 5601 786 5653 δὲ
816 5602 904 5653 ὲπί
941 5619 999 5653 τε
1032 5600 1128 5663 τὰς
1157 5598 1511 5661 συνανατο).ὰς
1540 5598 1632 5651 καὶ

80 5696 175 5759 τὰς
219 5696 638 5763 συγκαταδύσεις
670 5693 863 5757 αὐτῶν,
897 5694 1043 5755 ὅπως
1084 5692 1244 5764 μηδὲν
1289 5690 1632 5760 ὑπολίπωμεν

173 5889 217 5924 ⁵⁷
250 5889 364 5945 Ima
407 5892 713 5962 τριάκοντα.
808 5889 852 5921 9°
888 5890 1001 5941 Imo
1039 5884 1137 5956 μβπ

1728 4675 2045 4731 Mercurius.

1806 4767 2193 4838 Apparentium
2237 4762 2626 4834 expositionem
2689 4776 2756 4817 eo
2790 4761 2997 4829 ,ordine
3053 4757 3291 4812 tradidit:

1730 4860 1949 4920 Aratus,
1984 4867 2042 4911 ut
2074 4872 2103 4909 a
2134 4853 2589 4925 septentrionibus
2618 4866 2867 4915 exorsus,
2901 4848 3135 4904 horealia
3167 4850 3274 4901 cir-
3371 4857 3380 4869 '

1728 4969 1853 5006 cum
1887 4950 2066 5004 omnia
2098 4947 2594 5017 comprehenderet,
2638 4959 2809 5012 usque
2841 4940 2907 4994 ad
2956 4940 3231 5023 zodiacum
3258 4960 3270 4993 :

1733 5047 1857 5099 hinc
1888 5044 1954 5097 ab
1984 5041 2182 5095 Orione
2208 5056 2400 5096 rursus
2440 5038 2778 5107 auspicatus,
2828 5032 2973 5102 quod
3001 5047 3063 5085 ea
3096 5030 3273 5083 lucida

1733 5140 1803 5193 sit
1837 5136 2011 5199 stella,
2044 5134 2253 5203 reliqua
2289 5136 2605 5202 pertexeret.
2637 5125 2806 5181 Porro
2842 5141 2961 5195 quae
2990 5140 3019 5176 a
3054 5123 3275 5177 zodiaco

1732 5240 1857 5287 sunt
1889 5229 2148 5297 deinceps
2183 5225 2249 5279 ad
2286 5222 2660 5286 antarcticum,
2697 5220 2952 5275 australia
2987 5214 3166 5269 omnia
3194 5214 3277 5267 di-

1731 5330 1945 5378 cuntur.
1987 5319 2191 5373 Exinde
2217 5316 2283 5368 ad
2313 5314 2415 5365 alia
2448 5312 2643 5366 transit
2678 5312 2893 5365 Aratus.

1800 5413 1894 5467 His
1919 5408 2308 5465 animadversis
2334 5421 2477 5460 nunc
2506 5405 2573 5459 ad
2594 5419 2686 5459 eos
2715 5403 2947 5456 circulos
2977 5397 3273 5459 veniemus.

1730 5505 1820 5573 qui
1845 5503 2109 5573 sphaeram
2141 5507 2353 5562 secant,
2394 5506 2445 5551 et
2478 5497 2653 5564 signa,
2695 5508 2813 5563 quae
2846 5492 2912 5546 ab
2959 5491 3063 5545 illis
3086 5504 3278 5547 secan-

1733 5606 1839 5650 tur.
1876 5593 2004 5649 ltem
2039 5594 2105 5648 de
2147 5594 2359 5646 illorum
2404 5589 2678 5653 coortibus
2725 5594 2777 5639 et
2812 5582 3159 5639 cooccasibus
3198 5583 3277 5633 di-

1734 5702 1941 5752 cemus,
1970 5686 2103 5741 nihil
2138 5693 2227 5747 ut,
2269 5681 2411 5754 quod
2443 5679 2657 5750 quidem
2687 5676 2839 5749 143
2870 5674 2935 5729 ad
2988 5673 3277 5729 constella-

4096 150 4111 191 ζ

4032 150 4107 491 ἒ

4070 378 4097 389 »ι

4072 402 4095 421 Ἷ

4072 150 4115 301 ἔξ

4072 292 4105 375 g4;

4088 378 4097 389 ι

4072 402 4095 429 Γ(
