4130 6342
50 458 223 514 iul
1149 458 1421 515 INCEBTI
1459 457 1553 528 AD
1588 453 1796 511 ARATI
1832 454 2300 538 PHENOMENA.
3172 459 3311 516 HR

59 590 229 627 των’
271 574 486 627 Βοῶτου
530 574 591 626 τὸ
639 572 842 637 λοιπὸν,
876 572 1164 644 Στέφανος,
1207 576 1516 647 Ὀφιοῦχος,
1562 576 1652 629 καὶ

1768 588 1939 630 :asum
1960 574 2160 637 facere,
2182 573 2417 638 Corona,
2440 569 3022 645 Ophiuchus,-ejusque
3050 574 3307 646 Serpens,

68 664 261 733 Ὄφις
294 661 479 728 αὐτοῦ,
512 662 732 735 Ίχθύες,
768 664 967 735 Κῆτος,
1010 665 1096 718 Ἐν
1134 666 1349 735 γόνασιν
1376 667 1493 731 ὅλος
1522 666 1658 737 πλὴν

1768 664 1965 729 Pisces,
1998 662 2188 730 Cetus,
2222 663 2569 735 Ingeniculus
2614 672 2784 731 totus,
2816 675 3039 737 excepta
3084 668 3309 729 sinistra

66 755 318 824 κνήμης
350 753 657 824 ἀριστερᾶς.
1420 746 1421 749 ¹
1756 754 1913 811 tibia.

155 842 451 914 Παρθένου
481 844 894 914 ἀνατελλούσης,
912 843 1188 899 ἀνατέλλει
1211 846 1407 918 ’Υδρος
1439 846 1541 910 ἕως
1563 848 1658 900 τοῦ

1826 836 2050 902 Oriente
2085 847 2309 918 Virgine
2340 846 2556 919 Hydrus
2585 848 2763 902 oritur
2808 862 2983 919 usque
3011 847 3077 902 ad
3125 848 3316 904 Crate-

67 934 421 1005 Κρατῆρος,
458 936 631 999 Κυνὸς
664 936 904 1007 pax/(ilco
928 936 1160 997 όπίσθιοι
1204 938 1395 1003 πόδες,
1432 938 1659 1009 Ἀργοῦς

1768 952 1895 1002 rem,
1934 937 2355 1010 majorisCanis
2384 940 2717 1013 posteriores
2754 941 2940 1011 pedes,
2993 940 3170 1012 Argus
3220 956 3312 995 ca-

69 1014 347 1095 τρἷόπεως
383 1025 625 1098 πρύμνα.
670 1026 826 1081 Δύνει
853 1027 909 1081 δὲ
953 1028 1136 1098 Λύρα,
1166 1028 1383 1096 Δελφίς,
1426 1029 1657 1093 Ὀἳστὸς,

1768 1031 1892 1091 rina:
1920 1030 2135 1101 puppis.
2160 1020 2645 1095 OcciditFidicula,
2680 1030 2931 1104 Delphin,
2962 1031 3189 1103 Sagitta,
3213 1035 3318 1105 Cy-

34 1160 40 1164 .
77 1118 293 1188 Ὄρνις
322 1117 426 1181 ἕως
454 1120 638 1190 οὐρᾶς,
675 1118 922 1190 ποταμοῦ
962 1120 1244 1190 ’Ἠριδανοῦ
1269 1121 1459 1194 πρῶτα
1496 1121 1658 1193 μέρη,

1768 1139 1898 1194 gnua
1920 1124 2091 1177 cauda
2122 1133 2301 1187 tenus.
2345 1122 2565 1183 Eridani
2606 1124 2753 1185 ﬂuvii
2787 1126 3088 1185 anteriores
3117 1137 3316 1197 partes,

75 1208 301 1261 Ἵππου
330 1210 559 1281 κεφαλὴ,
598 1211 691 1264 καὶ
723 1212 922 1283 αὐχήν.

1768 1213 1899 1284 Equi
1922 1221 2085 1283 caput
2100 1222 2167 1271 et
2186 1214 2390 1269 cervix.

160 1298 370 1369 Χηλῶν
426 1300 828 1355 ἀνατελλουσῶν
852 1341 867 1367 ,
916 1300 1193 1355 ἀνατέλλει
1242 1302 1458 1370 Βοώτης
1504 1302 1659 1366 ὅλος,

93 1389 294 1460 Ἀργὼ
336 1390 471 1455 ναῦς
513 1392 639 1463 ὅλη,
666 1392 896 1463 ’Ύδροςη
944 1392 1203 1465 Κρατὴρ,
1250 1392 1469 1466 Κόραξ,
1516 1394 1662 1459 δεξιά

79 1482 284 1553 κνήμη
318 1482 411 1535 τοῦ
440 1483 525 1536 Ἐν
544 1484 761 1551 γόνασιν
785 1484 893 1547 ἕως
918 1484 1343 1556 γόνατος,ἥμισυ
1371 1484 1659 1556 Στεφάνου,

79 1574 268 1644 ἄκρον
292 1564 399 1644 ’τῆς
430 1576 597 1645 οὐρᾶς
625 1574 718 1627 τοῦ
738 1577 1088 1647 Κενταύρου.
1120 1579 1378 1649 Παρείται
1413 1580 1661 1651 Κρατὴρ,

80 1665 307 1735 Κόραξ.
326 1665 478 1720 Δύνει
511 1666 568 1719 δὲ
596 1668 789 1721 Ἵππου
812 1668 873 1721 τὸ
906 1668 1389 1742 λοιπὸν,,”ορνιθος
1423 1674 1659 1742 μεγάλου

80 1755 260 1825 οὐρὰ,
313 1756 663 1827 Ἀνδρομέδας
704 1758 931 1830 κεφαλὴ,
966 1760 1061 1812 καὶ
1100 1760 1282 1829 Κῆτος
1311 1761 1415 1825 ἕως
1453 1763 1662 1833 λοφιᾶς,

84 1846 342 1918 Κηφέως
368 1848 597 1919 κεφαλὴ,
626 1850 719 1903 καὶ
749 1844 909 1920 ὦμοι,
941 1851 1038 1904 καὶ
1068 1854 1270 1923 χεῖρες.

1829 1302 2145 1366 Orientibus
2192 1306 2375 1361 Chelis
2434 1305 2629 1362 Bootes
2664 1312 2811 1367 totus
2856 1308 3122 1370 exoritur,
3176 1308 3320 1377 Argo

1761 1399 1917 1453 navis
1951 1399 2183 1470 integra,
2233 1396 2471 1468 Hydrus,
2500 1398 2712 1461 Crater,
2746 1398 2975 1463 Corvus,
3025 1397 3322 1469 lngeniculi

1760 1490 1895 1543 tibia
1918 1488 2106 1544 dextra
2140 1506 2311 1560 usque
2341 1490 2408 1544 ad
2435 1506 2596 1559 genu,
2629 1490 2859 1554 dimidia
2880 1488 3115 1552 Corona.
3145 1497 3323 1549 extre-

1760 1581 1925 1635 mitas
1956 1580 2143 1635 caudae
2172 1578 2456 1655 Centauri.
2490 1580 2738 1639 Omissus
2780 1587 2863 1639 est
2894 1578 3085 1643 Crater
3112 1587 3166 1635 et
3187 1578 3324 1633 Cor-

1762 1684 1883 1724 vus.
1914 1668 2202 1733 Occidunt,
2232 1669 2369 1741 Equi
2399 1671 2845 1740 reliquum,.Avis
2873 1670 3095 1741 majoris
3125 1672 3321 1737 cauda,

1763 1758 2120 1818 Andromedae
2149 1768 2333 1833 caput,
2373 1757 2539 1815 Cetus
2565 1761 2777 1816 cervice
2804 1758 3210 1831 tenusLCephei
3231 1774 3325 1813 ca-

1764 1858 1882 1923 put,
1912 1851 2147 1920 humeri
2177 1866 2245 1907 ac
2276 1866 2491 1909 manus.

171 1932 447 2006 Σκορπίου
494 1941 901 2008 ἀνατέλλοντος,
953 1922 1229 1996 ἀνατέλλει
1274 1944 1538 2013 Στεφάνου
1604 1944 1666 1997 τὸ

1784 1922 1787 1923 ν
1838 1943 1972 1999 Cum
2001 1942 2227 2014 Scorpio
2256 1943 2483 2019 dimidia
2512 1957 2640 2014 pars
2664 1944 2833 1998 altera
2861 1922 3092 2000 Corona:
3124 1942 3323 2005 oritur,

86 2030 287 2084 λοιπὸν
330 2031 521 2101 ἥμισυ,
570 2032 769 2103 ’Υδρου
802 2032 967 2103 οὐρὰ,
1010 2035 1321 2106 Κενταύρου
1372 2035 1529 2107 σῶμα
1572 2037 1687 2089 καὶε

88 2119 355 2190 κεφαλὴ,
391 2120 484 2173 καὶ
517 2119 576 2174 τὸ
624 2122 840 2193 Θηρίων,
870 2121 899 2174 ὃ
945 2121 1057 2192 ἔχει
1095 2124 1154 2177 ὲν
1189 2127 1275 2204 τῇ⁸
1296 2124 1443 2196 δεξιᾷ
1492 2126 1664 2196 χιρῗξ,

102 2211 397 2283 Ὀφιούχου
437 2213 645 2284 κεφαλή
685 2230 745 2265 τε
782 2216 874 2268 καὶ
903 2215 1059 2291 χεὶρ,
1097 2215 1191 2272 καὶ
1224 2214 1411 2289 πρώτη
1449 2214 1663 2292 καμπὴ,

88 2305 127 2355 ὁ
182 2305 272 2357 Ἐν
311 2307 529 2373 γόνασιν
576 2307 725 2370 ὅλος,
780 2306 919 2378 πλὴν
966 2308 1203 2378 κεφαλῆς
1235 2307 1328 2361 καὶ
1377 2309 1669 2381 ἀριστερᾶς

90 2398 308 2470 χειρός.
336 2397 491 2451 Δύνει
530 2398 588 2452 δὲ
614 2397 733 2460 ὅλος
770 2398 1039 2469 Ποταμὸς,
1078 2398 1268 2469 Ὠρίων
1307 2388 1435 2470 παρ’
1468 2401 1666 2469 ὀλίγον,

90 2493 321 2562 Κήτους
353 2490 532 2559 λοφιά,
583 2490 905 2562 ’Δνδρομέδα
926 2531 940 2555 ,
974 2488 1273 2555 Δελτωτδν,
1309 2492 1665 2559 Κασσιέπεια,

92 2582 332 2653 Κηφεὺς
383 2582 490 2636 ἀπὸ
526 2581 766 2652 κεφαλῆς
804 2581 909 2647 ἕως
953 2581 1179 2651 ὀσφύος.
1232 2582 1493 2657 Παρεῖται
1538 2584 1667 2637 Δελ-

94 2675 299 2728 τωτόν.

178 2765 411 2834 Τοξότω
434 2767 826 2835 ἀνατέλλοντος,
862 2769 1452 2843 ἀνατέλλει-ὀφιθύχου
1487 2770 1667 2840 σῶμα,

101 2858 326 2926 Ὄφεως
355 2858 414 2912 τό
444 2859 653 2925 λοιπὸν,
693 2860 789 2914 τοῦ
828 2862 917 2915 Ἐν
940 2862 1129 2931 γόνασι
1168 2860 1377 2934 κεφαλὴ
1413 2862 1507 2917 καὶ
1551 2862 1672 2934 ἀρι-

98 2949 278 3023 στερὰ
311 2952 433 3024 χεὶρ
454 2992 469 3017 ,
520 2952 696 3026 Λύρα,
747 2954 993 3024 Κηφεύς.
1031 2954 1189 3008 Δύνει
1219 2955 1277 3009 δὲ
1309 2954 1473 3010 Κύων
1513 2953 1631 3018 ὅλος
1651 2995 1667 3021 ,

112 3040 340 3123 Ὠρίων,
387 3042 642 3110 Λαγωὸς,
677 3042 917 3114 Ἡνίοχος
949 3043 1088 3115 πλὴν
1123 3045 1340 3117 κνήμης
1377 3046 1670 3117 ἀριστερᾶς

98 3132 203 3182 καὶ
227 3131 324 3200 τῆς
364 3132 563 3202 χειρὸς,
588 3135 671 3202 ἐφ’
710 3127 778 3206 ἧς
808 3136 944 3187 εἰσιν
986 3134 1105 3200 Αἲξ,
1147 3136 1391 3205 Ἔριφοι,
1427 3137 1671 3206 Περσεὺς

98 3222 248 3294 πλὴν
266 3223 357 3277 τοῦ
372 3224 543 3290 δεξιοῦ
571 3225 744 3291 ποδὸς,
785 3226 1008 3299 Ἀργοῦς
1031 3225 1275 3297 πρύμνα,
1305 3227 1588 3298 Προκύων.

177 3315 459 3387 Αίγόκερω
512 3318 886 3383 ἀνατέλλοντος
905 3361 919 3385 ,
972 3318 1249 3373 ἀνατέλλει
1296 3320 1476 3383 Ἀετὸς
1509 3320 1628 3383 ὅλος
1649 3360 1665 3387 ,

116 3404 349 3467 Ὀἳστδς,
372 3406 653 3478 Θυτήριον,
687 3407 901 3477 Δελφὶς,
936 3410 1140 3479 Ὄρνις.
1163 3406 1316 3462 Δύνει
1340 3408 1396 3461 δὲ
1425 3408 1667 3479 Ἦνιόχου

102 3493 178 3548 τὰ
212 3494 395 3560 λοιπὰ,
447 3497 654 3567 κεφαλὴ
710 3498 804 3551 καὶ
855 3497 975 3569 χεὶρ
1017 3496 1277 3569 ἀριστερά
1302 3539 1316 3563 ,
1357 3492 1504 3572 ὲφ⁹ᾖ
1546 3491 1683 3563 Αἲξ,’

109 3586 361 3657 Ἕριφοι,
398 3586 575 3657 Ἀργὼ
611 3588 744 3659 ὅλη,
778 3588 976 3660 ’Υδρος
1018 3588 1123 3653 ἕως
1160 3591 1486 3662 Κρατῆρος,
1530 3590 1669 3643 Κεν-

106 3676 311 3748 ταύρου
347 3677 439 3729 ὀπί
446 3678 581 3731 σθιοι
618 3677 796 3742 πόδες.
1672 3686 1677 3694 ’

200 3770 480 3842 Ύδροχόου
510 3770 907 3837 ἀνατέλλοντος,
935 3772 1211 3826 ἀνατέλλει
1231 3773 1426 3826 Ἵππου
1460 3772 1669 3844 κεφαλὴ

114 3861 215 3916 καὶ
265 3861 423 3926 πόδες
460 3861 835 3934 ·ὲμπρόσθιοι·
885 3863 978 3917 καὶ
1009 3865 1346 3918 Κασσιέπεια
1391 3866 1664 3935 παρεῖται.

115 3951 271 4005 Δύνει
296 3952 352 4005 δὲ
380 3951 688 4024 Κενταύρου
730 3951 970 4019 ὀπίσθια,
997 3954 1194 4026 ’Ύδρος
1224 3971 1287 4007 τε
1318 3953 1413 4009 καὶ
1443 3955 1671 4027 Κρατὴρ

114 4043 226 4106 ἕως
252 4043 515 4113 Κόρακος.
550 4044 810 4114 Παρεῖται
843 4046 1093 4118 Κρατήρ.
1676 4060 1685 4067 ’

202 4131 414 4203 Ἰχθύων
466 4132 858 4189 ἀνατελλόντων
880 4176 895 4200 ,
946 4136 1222 4190 ἀνατέλλει
1274 4138 1445 4200 νότιος
1499 4124 1686 4207 ’ἰχθύς’

117 4228 223 4297 οὐχ
247 4226 396 4295 ὅλος,
446 4228 796 4301 Ἀνδρομέδας
828 4230 998 4295 δεξιὸν
1039 4230 1221 4301 μέρος.
1265 4229 1420 4282 Δύνει
1465 4228 1523 4282 δὲ
1549 4229 1668 4291 ὅλος

118 4319 441 4391 Κένταυρος,
469 4321 684 4393 "rem,
711 4322 918 4394 Κόραξ,
942 4318 1190 4393 Κρατήρ.

184 4411 350 4483 Κριοῦ
393 4412 799 4489 ἀνατέλλοντος,
827 4414 1103 4469 ἀνατέλλει
1150 4412 1371 4483 κεφαλὴ¹
1396 4411 1487 4465 καὶ
1519 4405 1667 4483 ὦμος

116 4501 387 4572 Περσέως,
428 4490 782 4576 ’Δνδρομέδας
826 4506 1113 4575 ἀριστερὸν
1164 4505 1347 4575 μέρος.
1401 4503 1669 4557 Δελτωτὸν

122 4595 390 4663 παρεῖται.
425 4595 578 4651 Δύνει
608 4594 666 4650 δὲ
692 4596 972 4668 Θυτήριον,
1011 4596 1399 4667 Ἀρκτοφύλαξ.

191 4684 395 4758 Ταύρου
450 4689 857 4753 ἀνατέλλοντος,
907 4689 1181 4744 ἀνατέλλει
1229 4691 1471 4761 Περσεὺς
1516 4691 1634 4754 ὅλος
1654 4729 1670 4754 ,

132 4778 373 4849 Ἦνιόχου
407 4781 565 4845 ποδὸς
587 4780 870 4854 ἀριστεροῦ
910 4782 1075 4852 ἄκρον
1106 4783 1199 4835 καὶ
1235 4783 1499 4854 ἀριστερά
1527 4783 1667 4852 χεὶρ,

118 4873 207 4941 ἐφ’
301 4872 434 4926 εἰσιν
482 4873 600 4939 Αἲξ,
634 4875 881 4945 Ἔριφοι,
920 4874 1134 4943 Κήτους
1178 4872 1335 4945 λοφιὰ
1369 4877 1461 4929 καὶ
1512 4876 1667 4947 οὐρά.

121 4965 273 5018 Δύνει
296 4964 350 5018 δὲ
391 4958 764 5036 ’Ᾱρκτοφύλαξ
790 4968 886 5021 σὺν
913 4969 979 5038 τῇ
1004 4974 1050 5021 α’
1085 4967 1249 5040 μοίρᾳ
1268 4968 1365 5021 τοῦ
1403 4968 1597 5039 Κριοῦ.

195 5139 429 5211 Διδύμων
462 5142 875 5207 ἀνατελλόντων,
912 5142 1199 5216 ἀνατέλλει.
1230 5145 1471 5214 ποταμὸς
1518 5145 1669 5216 Ἠρι-

120 5233 293 5298 δανδς,
323 5232 533 5305 nam,
576 5232 785 5305 Ὠρίων.
820 5234 975 5289 Δύνει
1018 5237 1075 5290 δὲ
1123 5215 1400 5307 ’.Οφιοῦχος
1440 5238 1545 5307 ἕως
1581 5215 1675 5306 το.

124 5323 314 5379 νάτων.
483 5320 489 5324 ’
1294 5322 1299 5325 ’

200 5414 263 5466 Ἀ
307 5414 403 5484 μὲν
452 5409 547 5470 οὖν
582 5416 747 5489 ἐχρῆν
780 5418 908 5487 περὶ
944 5419 1043 5489 τῆς
1089 5418 1320 5491 σφαίρας
1354 5419 1547 5485 εἰπεῖν,
1595 5422 1671 5486 ὡς

124 5506 256 5578 πρὸς
284 5508 605 5581 εἰσαγωγὴν,
647 5508 828 5580 σχεδὸν
870 5510 1020 5564 ταῦτ’
1051 5511 1217 5565 ἐστίν.
1250 5510 1579 5576 Ἀκολούθως
1611 5513 1670 5567 δὲ

124 5598 220 5655 καὶ
249 5598 281 5669 ή
306 5597 379 5667 γῆ
414 5602 540 5657 ἐστι,
564 5600 927 5673 σφαιροειδὴς,
962 5601 1158 5672 ἔχουσα
1195 5602 1355 5672 μέσον
1389 5603 1549 5669 ἄξονα
1597 5604 1671 5657 δι-

123 5690 335 5760 ήκοντα,
365 5686 425 5750 ὃς
444 5691 634 5758 κρατεί
662 5688 828 5758 αὐτὴν
862 5688 1143 5760 ἀκίνητον,
1182 5691 1319 5761 ἔχων
1358 5692 1424 5745 τά
1456 5692 1666 5761 πέρατα

125 5780 470 5851 ἑνηρεισμένα
521 5778 578 5834 έν
639 5798 696 5834 τε
717 5779 794 5851 τῷ
822 5780 1014 5852 βορείῳ
1043 5782 1187 5853 πόλῳ
1224 5784 1317 5838 καὶ
1342 5784 1419 5855 τῷ

127 5870 294 5937 νοτίῳ.

1692 3268 1738 3327 ο

1765 2032 1934 2104 Hydri
1974 2036 2146 2090 cauda
2172 2075 2187 2101 ,
2230 2034 2488 2091 Centauri
2545 2050 2742 2106 corpus
2785 2043 2839 2091 et
2884 2043 3070 2105 caput,
3113 2049 3327 2090 necnon

1766 2125 1925 2192 Fera,
1974 2141 2135 2204 quam
2168 2127 2361 2188 dextra
2387 2143 2552 2183 manu
2594 2126 2898 2198 prehendit,
2922 2125 3205 2196 ’Ophiucbi
3235 2139 3320 2180 ca-

1767 2227 1885 2289 put,
1915 2233 2132 2283 manus,
2176 2220 2494 2289 primusque
2537 2218 2733 2287 ﬂexus,
2778 2217 3124 2291 lngenicuius
3153 2225 3326 2283 totus,

1770 2315 1965 2379 praeter
2014 2316 2175 2380 caput
2212 2317 2269 2365 et
2317 2311 2598 2365 sinistram
2627 2312 2869 2365 manum.
2904 2308 3326 2372 Occiduntveno

1769 2400 1991 2457 Fluvius
2014 2409 2180 2466 totus,
2212 2400 2379 2457 Orion
2407 2410 2557 2457 totus
2583 2401 2715 2466 fere,
2736 2400 2853 2456 Ceti
2879 2400 3083 2465 cervix,
3109 2399 3324 2461 Andro-

1768 2496 1947 2562 meda,
2003 2494 2278 2557 Deltoton.
2334 2495 2655 2564 'Cassiepea,
2698 2492 2945 2566 Cepheus
2982 2507 3018 2548 a
3045 2492 3223 2563 capite
3257 2491 3325 2548 ad
3365 2540 3371 2555 ,

1770 2584 2008 2642 lumbos.
2037 2584 2310 2642 Omissum
2339 2596 2424 2642 est
2453 2584 2721 2641 Deltoton.

1842 2762 2066 2818 oriente
2096 2760 2595 2833 Sagittariooritur
2641 2759 2910 2833 Ophiuchi
2936 2776 3167 2834 corpus,
3198 2763 3329 2819 reli-

1770 2868 1937 2924 quum
1956 2853 2250 2926 Serpentis,
2268 2852 2559 2926 lngeniculi
2574 2860 2737 2924 caput
2750 2869 2872 2909 cum
2894 2854 3116 2910 sinistra
3137 2870 3324 2921 manu,

1769 2945 2036 3015 Fidicula,
2057 2936 2326 3019 Cepheus.
2356 2946 2621 3003 Occidunt
2642 2946 2806 3002 Canis
2822 2952 2987 3012 totus,
3013 2945 3202 3010 Orion,
3224 2946 3329 3002 Le-

1770 3056 1895 3111 pus,
1919 3038 2254 3106 Heniochus,
2291 3045 2519 3116 excepta
2556 3039 2777 3095 sinistra
2813 3038 2943 3093 tibia
2966 3047 3021 3093 et
3048 3053 3233 3103 manu,
3270 3040 3327 3093 in

1769 3145 1878 3200 qua
1906 3138 2035 3185 sunt
2062 3130 2281 3200 Capella
2325 3137 2379 3185 et
2419 3128 2601 3191 Hmdi,
2632 3129 2885 3195 Perseus,
2919 3138 3145 3201 excepto
3166 3128 3329 3200 jpedo

1771 3221 2015 3284 sinistro,
2047 3220 2247 3290 puppis
2269 3220 2465 3291 Argus,
2490 3226 2543 3274 et
2574 3218 2845 3292 Prdcyon.

1839 3309 1975 3367 Cum
2003 3310 2336 3381 Capricorno
2362 3312 2535 3365 oritur
2561 3310 2755 3381 Aquila
2777 3319 2911 3376 tota,
2945 3310 3173 3381 Sagitta,
3197 3313 3325 3378 Ara,

1769 3402 2021 3473 Delphin,
2047 3401 2285 3474 Cygnus.
2315 3400 2583 3458 Occidunt
2612 3401 2875 3457 Heniochi
2907 3402 3141 3471 reliqua,
3166 3410 3330 3472 caput

1775 3494 1937 3567 1M
1968 3496 2175 3551 scilicet
2198 3504 2252 3551 et
2292 3495 2516 3551 sinistra
2548 3508 2765 3559 manus,
2801 3494 2858 3549 in
2884 3509 2990 3565 qua
3017 3494 3194 3563 Capra
3220 3502 3326 3556 est,

1771 3594 1825 3642 et
1875 3584 2056 3651 Haedi,
2103 3585 2249 3656 Argo
2289 3593 2422 3650 tota,
2461 3584 2677 3657 Hydrus
2718 3584 2937 3640 Cratere
2975 3592 3154 3650 tenus,
3188 3583 3331 3639 Cen-

1775 3677 1919 3732 tauri
1952 3677 2284 3751 posteriores
2315 3676 2501 3747 pedes.
2916 3670 2921 3676 ’

1844 3768 2067 3825 Oriente
2091 3768 2332 3839 Aquarlo
2351 3768 2530 3823 oritur
2561 3767 2699 3839 Equi
2728 3775 2911 3839 caput,
2943 3784 3067 3825 cum
3094 3770 3343 3829 anterioo.

1777 3858 1929 3914 ribus
1949 3857 2202 3929 pedibus,
2228 3865 2285 3913 et
2315 3855 2606 3929 Cassiepea
2641 3859 3025 3930 praetermissa.
3062 3858 3333 3915 Occidunt
3357 3891 3369 3912 .-

1773 3951 2075 4021 posteriora
2126 3948 2407 4013 Centauri,
2474 3965 2688 4007 necnon
2752 3950 2991 4022 Hydrus,
3039 3953 3333 4010 et-Crater

1771 4056 1945 4114 usque
1975 4042 2044 4096 ad
2074 4040 2331 4097 Corvum.
2360 4040 2623 4097 Omissus
2637 4049 2721 4097 est
2749 4042 2963 4099 Crater.

1844 4132 2093 4188 Piscibus
2130 4132 2454 4195 orientibus,
2499 4133 2757 4187 australis
2802 4131 2978 4189 Piscis
3023 4144 3135 4189 non
3181 4141 3369 4193 totus.

1776 4225 2040 4289 exoritur,
2070 4223 2513 4279 etAndromedze
2550 4238 2675 4293 pars
2718 4224 2927 4281 dextra.
2977 4223 3149 4282 Totus
3176 4226 3359 4285 Cena

1779 4324 1969 4371 taurus
1990 4315 2211 4380 occidit,
2244 4313 2481 4386 Hydrus,
2507 4315 2735 4380 Corvus,
2767 4315 2980 4372 Crater.

1848 4410 1984 4465 Cum
2040 4409 2198 4466 Aries
2241 4411 2433 4473 oritur,
2473 4418 2635 4479 caput
2686 4408 2871 4466 Persei
2926 4427 3049 4467 cum
3089 4412 3367 4468 humeris.

1778 4502 1974 4567 oritur,
2020 4502 2375 4557 Andromedae
2406 4504 2626 4558 sinistra
2673 4518 2819 4572 pars.
2867 4502 3117 4559 Deltoton
3160 4504 3335 4558 omis-rr

1699 4608 1744 4663 ι)
1774 4608 1895 4649 sum
1921 4600 2026 4648 est.
2066 4592 2276 4647 Occidit
2304 4594 2410 4645 Ara
2444 4582 2905 4662 etArctophylax.

1839 4684 1977 4741 Cum
2006 4684 2219 4739 Taurus
2246 4684 2438 4747 oritur,
2469 4672 2704 4739 Perseus,
2729 4691 2876 4740 totus
2904 4692 3146 4741 exortum
3176 4684 3359 4750 facit”

1772 4778 1901 4834 item
1939 4777 2156 4847 Aurigae
2188 4777 2397 4831 sinistri
2436 4776 2590 4846 pedis
2619 4778 2957 4841 extremitas,
3001 4786 3055 4832 et
3100 4777 3322 4833 sinistra

1770 4884 1966 4923 manus
1988 4902 2003 4932 ,
2029 4867 2083 4920 in
2117 4880 2223 4935 qua
2247 4864 2421 4933 Capra
2451 4874 2660 4921 suntet
2700 4865 2875 4934 Haedi,
2908 4866 3033 4921 Ceti'
3053 4867 3237 4922 cervix
3270 4879 3324 4923 et

1764 4960 1965 5016 cauda.
2028 4958 2240 5014 Occidit
2294 4958 2677 5031 ArctOphylax.
2718 4973 2851 5013 cum.
2909 4959 3112 5017 Arietis
3172 4967 3365 5039 parte

1812 5066 1965 5105 rima.

1812 5068 1965 5105 rima.

1771 5068 1807 5122 Ρ
1841 5142 1975 5198 Cum
2029 5140 2279 5199 Geminis
2312 5145 2486 5198 oritur
2533 5142 2729 5197 ﬂuvius
2774 5140 3079 5208 Eridanus,
3138 5141 3325 5209 Cetus,

1771 5235 1962 5295 Orion.
1992 5234 2201 5291 Occidit
2227 5235 2541 5308 Ophiuchus
2581 5236 2808 5306 genibus
2830 5242 3010 5290 tenus.

1841 5414 1967 5470 Haec
1989 5414 2103 5470 fere
2135 5422 2264 5471 sunt
2292 5428 2411 5484 quae
2441 5413 2507 5467 ad
2533 5412 2722 5468 rudem
2757 5408 3200 5465 informationem
3252 5409 3322 5464 de

1771 5506 1980 5576 sphaera
2010 5506 2239 5561 dicenda
2271 5504 2510 5560 fuerunt.
2553 5503 2686 5558 lllud
2717 5518 3060 5574 consequens
3080 5509 3183 5566 est,
3220 5508 3328 5556 ter—
3369 5519 3375 5525 ’

1770 5612 1887 5652 ram
1934 5598 2173 5652 rotunda
2201 5602 2453 5653 constare
2497 5594 2689 5657 forma,
2740 5608 2903 5663 quam
2942 5591 3151 5647 medius
3202 5607 3329 5662 per-

1770 5690 1969 5744 transit
2007 5691 2146 5753 axis,
2195 5696 2250 5743 et
2288 5704 2405 5743 eam
2462 5686 2788 5743 immobilem
2845 5691 3061 5740 coercet
3101 5701 3114 5737 :
3169 5685 3327 5753 cujus

1770 5783 2010 5837 extrema
2038 5798 2134 5852 per
2162 5791 2449 5851 utrumque
2478 5781 2680 5851 polum,
2706 5777 2973 5835 borealem
3004 5776 3324 5839 australem:

1774 5889 1880 5946 que
1909 5873 2137 5946 trajecta
2172 5880 2318 5930 sunt.
