4130 6342
1103 224 1147 253 δ

62 405 207 463 11ιὸ
1110 409 1385 465 INCERTI
1411 410 1500 484 ᾼῐ)
1537 411 1628 466 AR

1727 413 1742 467 Ι
1769 413 2235 476 ΡΗΔΕΝΟΜΕΝΑ.
3134 428 3268 486 1146

64 527 431 594 συνεστηκὸςο
465 526 521 589 ὃς
548 526 622 578 ὣν
655 527 906 598 λαμπρὸς
944 532 1039 584 καὶ
1074 530 1342 600 πυρώδης,
1372 531 1622 583 οὐδέποτε

1727 534 1943 591 aliunde
1974 538 2243 604 calorem,
2289 554 2353 595 ac
2404 546 2583 601 lumen
2613 544 2670 599 ,⁵.
2703 585 2719 600 .
2768 561 2829 601 ex
2882 547 3079 605 athere
3121 566 3269 605 com-

62 622 259 672 στάσιν
294 605 432 687 ἔχον,
486 619 597 671 ἀλλ’
644 621 731 672 ἀεὶ
783 623 1055 691 φερομένη
1092 621 1292 691 κύκλῳ.
1328 621 1530 684 Πόλος⁸
1564 623 1622 675 δὲ

60 711 353 763 καλοῦνται
376 711 423 760 οἱ
452 709 591 761 κατὰ
619 711 860 781 κορυφὴν
884 712 1037 765 τόποι
1062 712 1161 781 τῆς
1190 712 1420 781 σφαίρας
1441 730 1454 742 ⁵
1481 713 1621 776 ἄξων

54 800 119 854 δδ
151 800 216 853 τδ
264 801 348 853 διὰ
380 800 540 869 μέσον
576 801 673 870 τῆς
722 802 951 873 σφαίρας
994 803 1173 873 διῆκον
1202 803 1447 872 πνεῦμα·
1486 805 1623 875 ὅπερ

57 894 214 945 ἐστὶν
246 892 425 945 εὐθεῖὰ
449 910 551 955 τις.
579 892 781 946 Κύκλοι
803 894 858 946 δὲ
886 893 1132 962 λέγονται
1161 896 1218 947 ὲν
1250 893 1330 964 τῷ
1370 895 1583 966 οὐρανῷ
1603 914 1617 927 ο

58 982 233 1047 ζῶναι
260 984 315 1037 δὲ
338 984 429 1037 ἐπὶ
457 986 555 1055 τῆς
583 986 683 1055 γῆς
706 1002 719 1016 ·
752 985 997 1057 κόλουροι
1027 986 1081 1038 δέ
1105 987 1239 1038 εἰσιν
1270 992 1343 1049 ς’.

130 1254 291 1315 Οὗτοι
321 1261 377 1315 δὲ
404 1262 452 1315 οί
478 1262 790 1330 ἀναγκαῖοί·
812 1264 840 1315 6
863 1262 1253 1334 μεσημϐρινὸς,
1278 1263 1371 1317 καὶ
1405 1264 1433 1315 6
1461 1261 1554 1315 τοῦ
1577 1262 1625 1295 ’δ

60 1353 229 1423 μέσον
273 1352 503 1423 τέμνων.
553 1353 751 1423 Νοητοὶ
792 1354 888 1424 μὲν
937 1351 1029 1407 οὖν
1056 1350 1198 1408 οὗτοι
1223 1369 1234 1386 ·
1283 1354 1534 1424 αἰσθητὸς
1566 1354 1621 1408 δὲ

55 1447 86 1497 ὁ
114 1444 400 1513 γαλαξίας.
440 1445 497 1497 '0
528 1446 739 1516 τέμνων
766 1447 859 1499 καὶ
889 1446 1083 1517 ὁρίζων
1114 1445 1279 1499 ἐστίν.
1321 1444 1545 1517 Ὀρίξων
1565 1446 1623 1499 δὲ

56 1534 279 1603 λέγεται
312 1538 339 1589 6
361 1535 564 1598 διιστὰς
585 1535 693 1589 τῶν
718 1536 1010 1607 ὁρωμένων
1048 1536 1117 1589 τὰ
1148 1535 1221 1606 μὴ
1246 1534 1494 1606 ὁρώμενα
1524 1533 1622 1603 τῆς

59 1627 336 1697 σφαίρας·
371 1626 463 1679 καὶ
496 1626 607 1687 ἔστι
628 1644 734 1680 των
769 1626 1057 1696 μεγίστων.
1087 1627 1286 1695 Τέμνει
1320 1626 1374 1678 δὲ
1401 1625 1491 1678 τὸν
1519 1625 1623 1688 ξω-

56 1714 271 1776 διακὸν,
303 1718 394 1767 καὶ
424 1716 674 1784 τέμνεται
706 1716 796 1767 ὑπ’
836 1712 1019 1767 αὐτοῦ.
1064 1715 1211 1767 Ὅλοι
1237 1714 1282 1766 δ’
1308 1715 1413 1767 είσὶ
1438 1712 1624 1766 κύκλοι

56 1802 137 1868 ἓξ,
169 1804 219 1857 oi
248 1804 528 1874 τράνοντες
555 1807 577 1836 ⁹
602 1805 691 1856 καὶ
722 1803 1040 1873 διορίζοντες
1069 1802 1137 1855 τὰ
1161 1802 1618 1872 δωδεκατημόρια.

1722 634 1940 695 pactum
1976 648 1988 683 :
2024 632 2115 699 qui
2166 647 2287 686 cum
2327 635 2642 703 splendidus
2674 637 2962 708 igneusque
2993 642 3082 706 sit,
3118 644 3269 698 nullo

1723 724 1962 784 tempore
1986 721 2344 789 conquiescit,
2387 726 2477 779 sed
2509 725 2563 779 in
2587 726 2771 781 orbem
2793 737 3046 798 perpetuo
3081 746 3267 788 move-

1721 811 1830 858 tur.
1870 805 2030 861 Polos
2059 811 2335 879 appellant
2368 812 2486 868 loca
2518 815 2763 884 quaedam
2793 817 2847 870 in
2889 818 3107 887 sphaera
3148 838 3268 876 ver-

1720 894 1825 948 tice
1859 912 1872 947 :
1907 910 2058 951 axem
2102 914 2248 964 vero,
2302 903 2551 971 spiritum
2606 907 2700 975 qui
2742 901 3007 977 sphaeram
3038 911 3265 966 mediam

1722 988 1987 1056 pervadit,
2037 991 2139 1046 hoc
2181 1000 2268 1048 est
2318 995 2512 1050 lineam
2571 997 2724 1069 145
2758 1010 2977 1054 rectam.
3024 1001 3268 1058 Circulos

1722 1079 2067 1137 nominamus
2100 1084 2156 1137 in
2202 1085 2343 1141 caelo
2373 1104 2389 1140 :
2438 1102 2604 1144 zonas
2632 1090 2689 1143 in
2712 1096 2876 1145 terra.
2930 1086 3115 1147 Coluri
3144 1101 3271 1148 sunt

1720 1180 1841 1224 861.

1794 1258 1900 1316 Sed
1932 1261 1987 1317 hi
2016 1271 2144 1318 sunt
2191 1267 2427 1323 maxime
2454 1268 2746 1324 necessarii
2778 1288 2791 1324 :
2824 1270 3185 1338 meridianus;
3217 1280 3271 1328 et

1730 1352 1825 1420 qui
1860 1353 2097 1411 medium
2132 1366 2299 1412 secat.
2337 1358 2525 1429 Atque
2559 1360 2614 1415 hi
2661 1361 2875 1431 quidem
2916 1362 3289 1433 intelligentia

1722 1444 1861 1503 sola.
1918 1460 2027 1499 non
2081 1446 2260 1517 reipsa
2310 1452 2634 1505 consistunt.
2661 1455 2732 1507 At
2774 1436 2978 1508 lacteus
3028 1454 3270 1509 circulus

1722 1546 1888 1587 sensu
1950 1548 2171 1603 quoque
2221 1537 2539 1606 percipitur.
2583 1538 2753 1595 Porro
2806 1556 2962 1610 quem
3009 1541 3271 1596 circulum

1732 1638 1922 1679 secare
1947 1625 2181 1680 medium
2218 1627 2474 1692 diximus,
2515 1617 2655 1684 idem
2703 1637 2755 1685 et
2788 1632 3010 1685 horizon
3054 1630 3268 1685 dicitur.

1725 1713 2075 1771 Horizontem
2099 1731 2373 1778 vocamus.
2404 1720 2495 1790 qui
2528 1721 2751 1790 sphaera:
2779 1730 2961 1790 partes
2998 1737 3113 1785 eas,
3154 1738 3273 1793 quae

1722 1804 1993 1869 videntur,
2042 1815 2255 1877 separat
2299 1809 2367 1863 ab
2422 1810 2490 1865 iis
2542 1826 2661 1879 qua:
2713 1811 2934 1866 minime
2979 1812 3270 1880 videntur;

54 1889 547 1960 Δωδεκατημόριον
583 1890 638 1943 δέ
670 1891 814 1943 ἐστιν
842 1890 1068 1943 ἕκαστον
1095 1890 1289 1961 τμῆμα
1316 1890 1424 1943 τῶν
1466 1892 1523 1943 ἐν
1550 1889 1628 1959 τῷ

1729 1894 1886 1963 isque
1919 1896 2059 1951 inter
2100 1900 2364 1953 maximos
2413 1910 2820 1967 annumeratur,
2853 1916 3045 1957 secans
3087 1902 3272 1956 zodia-

54 1976 328 2047 ζωδιακῷ.

1723 1999 1871 2049 cum,
1903 1996 1957 2040 et
1991 1988 2230 2043 vicissim
2274 1990 2342 2044 ab
2386 2006 2453 2045 eo
2483 1996 2685 2064 sectus.
2740 1991 2877 2048 Sunt
2926 2000 3104 2047 autem
3153 1991 3276 2047 uni-

53 2086 218 2126 verse
240 2074 423 2127 circuli
454 2088 569 2138 sex,
600 2074 690 2143 qui
722 2073 1157 2128 dodecat‘emoria
1185 2074 1526 2145 distinguunt
1565 2086 1629 2128 ac
1664 2074 2043 2135 determinant.
2086 2080 2577 2138 Dodecatemorium
2607 2094 2690 2141 est
2745 2094 3076 2155 segmentum
3101 2082 3276 2155 quod-

56 2164 194 2217 libet
226 2180 407 2219 eorum
438 2180 555 2233 quae
577 2174 703 2220 sunt
734 2165 789 2219 in
818 2164 1063 2219 zodiaco.

382 2277 443 2329 Τί
477 2276 735 2345 διαφέρει
780 2274 1006 2343 ἄστρον
1038 2276 1307 2342 ἀστέρος.

133 2391 209 2441 E'.
245 2389 494 2460 Διαφέρει
522 2389 578 2441 δὲ
612 2388 810 2457 ἄστρον
843 2387 1087 2457 ἀστέρος.
1121 2386 1193 2438 Τὸ
1226 2386 1322 2455 μὲν
1346 2398 1453 2455 γαρ
1478 2388 1624 2440 ἐστιν

55 2481 280 2534 εἴδωλον
324 2483 385 2533 ὲκ
430 2479 636 2557 πολλῶν
682 2481 923 2551 ἀστέρων
969 2478 1427 2551 μεμορφωμένον·
1475 2478 1626 2531 τὸδὲ

54 2572 201 2624 κατὰ
252 2572 380 2643 μίαν
426 2574 642 2642 γραφὴν
697 2570 1155 2642 περιοριζόμενον.
1209 2571 1433 2639 Φέρεται
1492 2569 1548 2623 δὲ
1600 2570 1629 2622 6

52 2663 207 2731 ἣλιος
235 2662 329 2733 τὴν
362 2663 604 2716 ἐναντίαν
645 2661 816 2734 φορὰν
856 2661 931 2732 τῷ
975 2661 1185 2734 οὐρανῷ
1208 2678 1223 2693 ⁸
1267 2660 1403 2714 ὥστε
1436 2661 1630 2730 δισσὴν

53 2750 224 2803 αὑτοῦ
286 2752 494 2821 κίνησιν
547 2748 723 2804 εἶναι’
764 2751 863 2820 τὴν
922 2752 1017 2820 μὲν
1048 2752 1143 2805 σὺν
1168 2749 1243 2821 τῷ
1282 2751 1489 2821 κόσμῳ,
1533 2749 1631 2821 τὴν

54 2843 109 2895 δὲ
146 2844 269 2895 κατ’
310 2842 442 2896 ίδίαν
469 2844 537 2895 ¹⁶.
587 2843 738 2912 Ἔχει
771 2842 827 2894 δὲ
852 2840 943 2893 τοῦ
976 2842 1074 2912 μὲν
1134 2842 1322 2911 θέρους
1354 2844 1385 2911 ἡ
1430 2842 1633 2913 ἡμέρα,

54 2935 144 2987 ὅτε
173 2934 321 2986 ἐστὶν
360 2935 389 2986 ὁ
416 2934 564 3002 ἥλιος
592 2935 649 2985 ὲν
687 2932 965 3003 Καρκίνῳ,
1010 2930 1152 2985 κατά
1181 2932 1276 3003 τὴν
1313 2931 1560 2985 Ἑλλάδαο
1595 2934 1628 3001 ὴ

54 3025 114 3079 δὲ
148 3026 249 3090 νὺξ
274 3025 367 3079 καὶ
396 3025 488 3077 δύο
514 3024 735 3096 πέμπτη
768 3023 902 3094 μόνα
928 3023 967 3053 ¹¹
990 3039 1003 3053 ’
1046 3023 1139 3075 ἐπὶ
1180 3022 1236 3075 δὲ
1282 3021 1547 3093 χειμῶνος
1567 3021 1629 3075 τὸ

1968 2277 2108 2343 Quid
2138 2281 2343 2334 intersit
2370 2290 2572 2333 astrum
2596 2280 2732 2333 inter
2748 2266 2802 2332 ἐι
2830 2279 3053 2333 stellam.

1796 2384 1859 2440 ν.
1897 2385 2081 2441 Dillert
2098 2396 2301 2444 astrum
2332 2407 2361 2445 a
2385 2392 2558 2446 stella.
2590 2390 2684 2447 Est
2699 2393 2986 2447 enimillud
3010 2394 3184 2464 imago
3210 2411 3276 2451 ex

1728 2476 1914 2531 multis
1946 2479 2117 2534 stellis
2141 2480 2404 2550 elﬁgiata;
2437 2482 2550 2536 hazc
2581 2496 2710 2537 vero
2741 2483 2990 2552 simplex,
3023 2492 3076 2538 et
3120 2486 3277 2539 unica

1736 2564 2099 2636 descriptione
2140 2576 2423 2625 constans.
2454 2569 2717 2624 Caeterum
2762 2570 2843 2624 sol
2894 2576 3083 2625 contra
3117 2582 3278 2642 atque

1728 2657 1924 2711 caelum
1953 2659 2187 2729 agitatur
2212 2698 2227 2723 ,
2262 2661 2397 2715 adeo
2430 2667 2489 2713 ut
2519 2659 2783 2729 duplicem
2817 2667 3020 2713 motum
3051 2660 3273 2716 habeat:

1735 2748 1964 2802 alterum
2000 2764 2341 2804 communem
2385 2764 2507 2805 cum
2538 2748 2759 2813 mundo,
2796 2749 3117 2818 peculiarem
3145 2752 3279 2806 alte-

1733 2854 1869 2895 rum.
1900 2839 2069 2897 Habet
2089 2834 2267 2897 autem
2299 2843 2517 2896 aestivus
2539 2841 2673 2904 dies,
2698 2840 2914 2911 quando
2941 2842 3020 2895 sol
3045 2843 3276 2907 obtinet,

1728 2932 1785 2985 in
1827 2930 2056 2997 Graecia,
2262 2946 2369 2986 nox
2411 2946 2540 2985 vero
2571 2928 2705 2986 duas
2735 2930 2989 3000 quintas;
3018 2937 3071 2983 at
3103 2930 3277 2988 hieme

1730 3031 1920 3076 contra
1943 3038 2063 3080 sese
2101 3039 2207 3079 res~
2230 3023 2407 3077 habet.
2443 3022 2631 3077 Sidera
2668 3022 2955 3092 ἁμφιφανη
2990 3028 3275 3084 vocantur,

58 3118 348 3169 ἀνάπαλιν.
381 3118 586 3186 Ἀστρα
632 3115 917 3186 ἀμφιφανῆ
962 3114 1042 3177 δὶς
1082 3115 1190 3185 γὰρ
1234 3114 1330 3185 τὴν
1368 3116 1408 3145 ⁸³
1458 3114 1624 3185 αὐτὴν

1731 3129 1851 3184 qua:
1878 3114 1963 3170 bis
1993 3114 2183 3170 eadem
2212 3121 2371 3170 nocte
2414 3120 2730 3169 cernuntur.
2760 3110 2817 3166 In
2867 3113 3092 3166 australi
3143 3111 3278 3165 nihil

57 3209 252 3278 ὁρᾶται
277 3207 462 3262 νύκτα.
484 3208 570 3260 Ἐν
589 3205 667 3276 τῷ
700 3206 854 3277 νοτίῳ
881 3207 978 3259 οὐκ
995 3205 1136 3259 ἔστιν
1168 3204 1292 3260 ἰδεῖν
1304 3204 1623 3259 τιτοιοῦτον.

1732 3183 1951 3278 apparet
1976 3205 2267 3276 ejusmodi.

436 3415 620 3467 Πόσοι
653 3416 705 3466 οἱ
734 3412 953 3478 πάντες
980 3411 1248 3479 ἀστέρες.

137 3528 229 3592 ς’.
246 3525 381 3589 Τοὺς
394 3526 597 3589 πάντας
619 3526 847 3597 ἀστέρας
869 3523 1305 3595 εἶναι”Ιππαρχὸς
1320 3541 1483 3593 φησιν
1501 3531 1621 3587 ,απ’·

58 3618 175 3669 ὅσοι
204 3612 294 3670 οὖν
323 3616 585 3688 πληροῦσι
618 3617 686 3671 τὰ
720 3619 777 3670 ὲν
814 3620 928 3680 τοῖς
967 3616 1308 3686 φαινομένοις
1351 3614 1625 3685 ὁρώμενα.

72 3709 362 3777 Ἀντίζυγα
390 3710 445 3762 δέ
478 3712 591 3763 ἐστι
618 3709 785 3773 ζώδια
808 3709 963 3763 τάδε·
1007 3711 1192 3780 Κριὸς,
1236 3707 1409 3779 Χηλαί
1430 3725 1442 3737 ·
1484 3707 1627 3761 Ταῦ-

61 3820 176 3873 ρος,
221 3802 516 3873 Σκορπίος’
562 3789 819 3871 Δίδυμοιξ
865 3801 1131 3872 Τοξότης’
1182 3801 1279 3854 καὶ
1318 3799 1627 3871 Αίγόκερως

60 3892 321 3962 Καρκὶνῳ
344 3908 357 3921 ·
389 3890 575 3944 Λέοντι
615 3891 895 3963 ’Υδροχόος
917 3908 931 3921 ·
969 3891 1226 3962 Παρθένῳ
1267 3889 1484 3961 ἸχΘύες.

302 4024 430 4091 Περὶ
465 4022 586 4076 τῶν
613 4023 722 4092 τῆς
755 4022 1024 4091 σελήνης
1057 4022 1399 4093 σχημάτων.

133 4138 210 4188 Z'.
244 4134 365 4189 Τῶν
397 4135 452 4187 δὲ
484 4136 774 4207 σχημάτων
797 4138 893 4207 τῆς
924 4135 1149 4207 σελήνης
1179 4134 1451 4205 φωτεινῶν
1495 4136 1628 4187 εἰσιν

64 4228 174 4282 οἵδε
203 4226 374 4300 [μέν.]
400 4227 699 4299 Μηνοειδὴς
731 4229 826 4300 μὲν
858 4224 947 4281 οὖν
973 4229 1137 4290 ἐστιν,
1165 4228 1290 4280 ὅταν
1321 4225 1425 4278 ὑπὸ
1451 4242 1629 4297 γραμ-

69 4321 187 4393 μῶν
235 4323 585 4395 περιφέρειαν
635 4322 988 4393 περιέχηταιο
1050 4320 1328 4391 διχότομος
1373 4317 1449 4381 δὲ,
1502 4318 1655 4371 ὅτανσ

62 4414 1627 4483 ἡμικύκλων..........-...

137 4506 409 4576 Διαφορὰς
445 4502 732 4575 τέμνεσθαι
764 4502 861 4571 τῆς
892 4502 1157 4572 σφαίρας*
1188 4500 1287 4570 τὴν
1325 4498 1381 4552 δὲ
1422 4497 1629 4569 παράλ-
1658 4529 1702 4583 D

64 4597 225 4667 ληλον
257 4598 350 4648 καὶ
381 4598 476 4668 τὴν
506 4594 801 4665 λεγομένην
835 4591 991 4662 λοξήν
1012 4610 1025 4623 '
1061 4592 1141 4644 ἔτι
1175 4592 1232 4644 δὲ
1258 4591 1354 4662 τὴν
1388 4589 1623 4661 ὁρθινήν.

70 4687 451 4757 Παραλλήλους
504 4688 599 4759 μὲν
646 4689 701 4740 ὲν
747 4684 824 4754 τῷ
858 4683 1045 4753 κόσμῳ
1079 4682 1389 4753 συμϐέϐηκε
1429 4680 1626 4747 λέγειν,

69 4780 182 4832 ὅσοι
207 4778 296 4830 τὸν
324 4777 483 4829 αὐτὸν
506 4777 685 4847 έχουσι
715 4775 874 4828 πόλον
903 4775 967 4843 τῇ
1003 4772 1138 4842 αὐτῇ
1176 4772 1379 4841 σφαίρᾳ
1398 4789 1410 4801 ο
1439 4769 1629 4839 ὀρθοὺς

69 4871 126 4923 δὲ
153 4868 340 4921 τούσδε
364 4869 491 4929 τοὺς
514 4868 621 4920 ἀπὸ
657 4867 762 4919 τῶν
789 4866 984 4918 πόλων.
1016 4863 1212 4926 Λοξοὺς
1236 4862 1291 4914 δὲ
1315 4856 1387 4914 ὧν
1420 4861 1488 4913 τὰ
1518 4859 1632 4911 επί-

72 4962 208 5014 ςτοδα
246 4960 545 5028 κέκρυπται
576 4959 619 4990 ¹³
656 4959 792 5029 πρὸς
818 4959 943 5020 τοὺς
974 4955 1293 5025 λεγομένους
1320 4954 1509 5025 ὀρθοὺς
1536 4952 1629 5004 καὶ

71 5057 197 5117 τοὺς
229 5049 617 5125 παραλλήλους.
658 5050 924 5118 Ἀπείρως
955 5047 1012 5100 δὲ
1040 5044 1367 5099 ἐπινοεῖσθαι
1393 5041 1628 5111 δυναμέ-

72 5162 177 5197 νων
229 5146 282 5195 tu
326 5143 472 5213 τρισὶ
516 5141 794 5211 διαφοραῖς
840 5139 1074 5200 κύκλων,
1109 5136 1325 5206 νοητέον
1369 5132 1471 5186 ὑπὸ
1521 5132 1627 5184 τῶν

80 5233 474 5305 μαθηματικῶν
532 5232 654 5295 τοὺς
714 5232 793 5293 είς
845 5230 943 5301 τὴν
1004 5228 1188 5301 χρείαν
1245 5227 1341 5295 τῆς
1400 5224 1628 5294 θεωρίας

77 5329 264 5397 ἔχοντα
299 5327 681 5399 παρειλῆιρθαι.
716 5323 1099 5394 Παραλλήλους
1140 5322 1194 5374 δὲ
1227 5320 1315 5371 τόν
1341 5336 1400 5370 τε
1434 5320 1625 5387 ἀρκτι-

76 5420 168 5471 κὺν
200 5420 293 5471 καὶ
322 5419 414 5471 τὸν
443 5419 647 5490 θερινὸν
679 5416 955 5489 τροπικὸν,
990 5416 1083 5469 καὶ
1125 5414 1213 5467 τὸν
1246 5409 1622 5480 ἀνταρκτικὸν.

80 5512 221 5581 Ἀρα
244 5527 304 5562 τε
341 5509 398 5561 δὲ
424 5510 601 5581 αὐτὸς,
625 5509 717 5564 καὶ
748 5508 793 5542 ⁸⁸
818 5507 905 5561 ἀεὶ
933 5506 1181 5576 φανερὸς,
1215 5503 1299 5555 διὰ
1324 5502 1385 5553 τό
1408 5517 1466 5553 τε
1493 5500 1627 5552 πάν-

2244 3402 2385 3468 Quot
2427 3402 2532 3455 sint
2576 3376 2761 3454 stellis.

1795 3513 1885 3569 Vl.
1919 3514 2113 3569 Stellas
2156 3530 2345 3569 omnes
2389 3513 2725 3582 Hipparchus
2746 3509 2940 3567 asserit
2965 3524 3087 3566 esse
3107 3509 3275 3565 1080;

1726 3621 1844 3677 quae
1871 3606 2129 3659 nimirum
2173 3604 2615 3659 constellationes
2666 3610 2980 3672 apparentes
3023 3599 3277 3656 alliciunt.

1726 3697 1987 3767 Opposita
2028 3696 2183 3764 signa
2213 3702 2375 3750 sunt:
2401 3693 2579 3756 Aries,
2610 3692 2808 3757 Chelas;
2845 3690 3075 3755 Taurus,
3119 3687 3281 3744 Scor~

1726 3792 1866 3862 pius;
1890 3789 2123 3854 Gemini,
2144 3787 2489 3859 Sagittarius;
2513 3786 2638 3841 item
2664 3784 3023 3855 Capricornus
3045 3780 3281 3849 Cancro,

1726 3882 1893 3939 Leoni
1925 3882 2217 3952 Aquarius,
2246 3878 2454 3951 Virgini
2477 3877 2686 3933 Pisces.

2192 4015 2270 4069 De
2300 4014 2483 4085 ﬁguris
2521 4009 2814 4065 lunaribus.

1795 4133 1907 4187 Vll.
1948 4132 2263 4185 lllnminatae
2290 4136 2429 4183 lunae
2457 4126 2662 4197 efﬁgies
2697 4128 2816 4179 istae
2849 4130 2996 4178 sunt.
3022 4120 3283 4176 Cornicu-

1728 4223 1833 4277 lata
1878 4222 2096 4283 dicitur,
2143 4218 2361 4289 quando
2405 4216 2549 4271 illius
2575 4214 2808 4268 ambitus
2836 4212 2994 4266 lineis
3041 4212 3283 4265 contine-

1727 4320 1835 4368 tur.
1860 4312 2143 4367 Dimidiata
2173 4325 2320 4374 vero,
2350 4323 2473 4362 cum
2515 4346 2529 4361 .
2573 4347 2587 4361 .
2633 4347 2646 4361 .
2688 4345 2702 4360 .
2747 4343 2761 4358 .
2800 4344 2815 4359 .
2858 4342 2872 4356 .
2914 4343 2927 4357 .
2974 4344 2989 4358 .
3031 4340 3044 4355 .
3092 4340 3106 4354 .
3147 4342 3159 4352 .
3205 4339 3219 4352 .
3264 4339 3280 4355 .

1789 4487 2223 4559 Equidistantes
2262 4484 2598 4554 appellantur
2641 4481 2694 4533 in
2746 4476 2965 4542 mundo,
2996 4476 3086 4544 qui
3133 4490 3283 4527 eum-

1729 4580 1851 4635 dem
1894 4580 2092 4635 hahent
2127 4594 2249 4633 cum
2292 4576 2501 4645 spha’ra
2536 4574 2649 4641 ipsa
2689 4571 2910 4640 polum:
2944 4570 3034 4636 qui
3064 4565 3281 4634 quidem

1728 4689 1849 4729 cum
1868 4672 2006 4743 polis
2025 4667 2343 4739 comparati,
2360 4664 2491 4720 recti
2510 4662 2877 4717 nominantur.
2898 4658 3110 4728 Obliqui
3131 4665 3277 4718 sunt,

1728 4754 1960 4835 quorum
2007 4763 2165 4831 plana
2208 4750 2539 4811 inclinantur
2587 4752 2654 4807 ad
2704 4759 2903 4814 rectos,
2953 4759 3005 4803 et
3058 4745 3281 4815 aequidi-

1730 4868 1954 4914 stantes.
1986 4856 2119 4910 Cum
2152 4859 2328 4905 autem
2365 4848 2591 4903 inﬁnitis
2630 4846 2806 4902 modis
2832 4841 3122 4911 excogitari
3155 4852 3281 4908 pos-

1731 4954 1841 5007 sint
1874 4950 1927 5003 in
1951 4945 2151 5016 triplici
2173 4942 2475 4997 dill‘erentia
2496 4940 2707 5002 circuli,
2738 4932 3140 5003 intelligendum
3172 4936 3277 4989 est.

1732 5058 1826 5097 eos
1860 5040 2121 5093 duntaxat
2160 5051 2189 5087 a
2232 5032 2627 5087 mathematicis
2665 5028 2932 5081 adhibitos
2969 5022 3154 5083 fuisse,
3188 5018 3279 5088 qui

1732 5132 1799 5186 ad
1828 5132 2038 5183 illarum
2066 5141 2242 5180 rerum
2268 5121 2771 5190 contemplationem
2812 5115 3060 5169 utilizatis
3082 5108 3281 5179 aliquid

1732 5224 2002 5277 aﬂ'errent.
2032 5216 2277 5273 l’aralleli
2316 5224 2457 5274 sunt,
2485 5213 2736 5274 arcticus,
2765 5208 2984 5262 asstivus
3020 5203 3277 5270 tropicus,

1732 5323 1786 5369 et
1816 5312 2169 5365 antarcticus.
2203 5306 2456 5359 Arcticus
2486 5304 2619 5355 alias
2652 5314 2863 5369 semper
2895 5308 3156 5365 apparens
3186 5305 3281 5341 vo-

1730 5413 1903 5464 catur,
1944 5399 2087 5470 quod
2118 5404 2375 5467 perpetuo
2406 5392 2672 5453 videatur,
2706 5404 2801 5442 nec
2852 5398 3083 5453 unquam
3135 5378 3281 5432 oeci—

1732 5495 1860 5548 dat.
1898 5530 1911 5543 .
1951 5534 1963 5545 .
2000 5530 2011 5543 .
2049 5531 2062 5543 .
2109 5489 2450 5543 Concurrunt
2497 5480 2607 5553 pro'
2644 5481 2923 5550 regionum
2980 5473 3276 5527 varietate:

179 5732 200 5758 “
234 5730 271 5796 f.
308 5727 480 5782 πόλοι.
554 5727 595 5758 ⁸⁸
626 5728 667 5795 ι’.
698 5726 777 5780 τό.
830 5726 850 5755 ⁹
884 5721 1287 5796 [κτρανοῷτ-ες..
1356 5719 1399 5749 ¹⁰
1429 5716 1558 5796 flat:
1586 5730 1629 5767 m

1727 5711 1857 5793 losa_1
1891 5778 1901 5796 ἱ
1932 5708 2042 5796 “If.
2070 5703 2475 5796 πεμπτημόρια.
2556 5702 2595 5732 ¹’
2622 5701 2660 5768 ί.
2690 5694 2824 5750 κατὰ
2845 5696 2959 5764 τήν.
3038 5692 3079 5723 ’³
3107 5692 3143 5759 Ῑ.
3173 5687 3279 5741 ἐπί.-

90 5775 523 5855 τεδαᾯὲ-κλιται.
595 5775 1000 5866 Α’Ῑίαρκτὶκὸέ
1030 5794 1083 5845 δὲ
1110 5794 1136 5845 ὁ
1161 5775 1319 5851 αὐτὸς
1351 5786 1461 5851 καί,
1499 5795 1596 5840 etc.
1653 5782 1801 5845 Mox,
1830 5778 1915 5833 διὰ
1945 5780 2003 5832 τδ
2033 5775 2277 5830 πάντοτε.

4014 632 4039 727 ξ,

4014 722 4039 817 ἐ

4016 632 4021 655 ἶ

4016 688 4039 705 πο

4016 708 4035 733 li

4016 794 4019 813 ⁵
4030 794 4039 823 ἱ

4014 824 4041 853 ῗῗ

4018 1148 4045 1207 li

4016 1214 4065 1299 ἐξ

4020 1304 4053 1359 ill

4018 1512 4053 1639 li
