4130 6342
779 396 920 454 lu?
1794 392 1882 446 AD
1919 391 2189 450 EUSEBI]
2225 390 2622 456 CHRONICON
2663 395 3020 452 APPENDIX.
3913 406 4003 461 ωε

779 515 1021 574 ret-ticali
1052 519 1255 585 puncto
1279 511 1354 567 ad
1375 514 1640 577 austrum,
1668 511 1752 566 vel
1784 509 2092 581 aquilonem
2131 493 2335 574 longius

2440 525 2559 560 τοτε
2609 510 2921 578 φαίνεσθαι,
2981 527 3073 566 και
3131 513 3403 584 μηδέποτε
3446 515 3668 574 δύνειν,
3703 559 3719 573 .
3750 560 3765 573 .
3795 560 3810 573 .
3843 521 4004 592 lapsi.

776 613 1124 668 abscedente.
2147 613 2180 637 ι
2416 613 2631 651 οπτουσι
2657 601 2799 655 κατὰ
2831 602 2930 666 τὰς
2957 603 3249 677 διαφόρους
3275 607 3554 679 οἰκήσεις.
3577 610 3684 676 τοῦ
3711 612 3857 666 κατά
3881 631 3996 686 πυρί

842 792 1114 864 Tropicus
1163 793 1402 848 circulus
1449 792 1530 847 sic
1575 791 1958 848 informandus
2001 792 2186 846 animo
2233 801 2337 858 est,

776 892 1046 954 tanquam
1069 885 1152 940 sol
1187 886 1242 939 in
1275 883 1467 939 aestivo
1498 884 1735 940 solstitio
1771 886 1984 955 positus
2022 885 2341 954 parallelum

773 975 942 1038 istum
975 991 1004 1029 a
1037 991 1098 1031 se
1124 976 1456 1046 descriptum
1491 977 1747 1032 sensibus
1795 977 2052 1045 objioiat:
2105 977 2344 1046 acquino-

772 1068 956 1123 ctialis
983 1068 1104 1122 ideo
1134 1069 1354 1133 dicitur,
1379 1070 1522 1139 quod
1545 1070 1800 1125 noctibus
1825 1069 1941 1129 dies
1969 1078 2338 1140 exaequentur,

774 1173 898 1212 cum
931 1158 997 1211 ad
1023 1175 1145 1213 eum
1180 1161 1448 1214 circulum
1505 1161 1807 1215 secundum
1852 1175 2075 1215 sensum
2121 1160 2205 1214 sol
2251 1174 2341 1212 ac.

773 1249 1032 1312 cesserit;
1063 1249 1324 1305 hibernus
1355 1250 1600 1318 tropicus
1630 1257 1878 1313 vocatur,
1908 1249 2051 1317 quod
2081 1264 2203 1303 eum
2235 1249 2342 1328 cir-

772 1337 955 1392 culum
1007 1338 1090 1394 sol
1161 1341 1435 1408 attingens
1492 1339 1779 1394 hibernum
1825 1340 2118 1394 solstitium
2177 1338 2337 1405 facit;

769 1431 1109 1484 antarcticus
1163 1431 1272 1483 alio
1335 1431 1555 1485 nomine
1603 1446 1871 1499 nunquam
1937 1446 2189 1499 apparens
2257 1430 2342 1484 di-

770 1520 917 1571 citur
938 1534 1007 1577 ex
1043 1534 1108 1574 eo
1143 1520 1290 1587 quod
1333 1523 1517 1589 reipsa
1557 1521 1852 1592 contingit,
1895 1529 1954 1574 ut
1998 1522 2150 1575 nullo
2180 1522 2342 1576 modo

771 1611 1048 1665 videatur;
1085 1610 1441 1680 Obliquorum
1472 1613 1580 1666 duo
1622 1622 1772 1676 sunt,
1807 1613 1903 1682 qui
1935 1614 1990 1668 in
2021 1629 2219 1668 sensus
2258 1614 2343 1666 in-

771 1710 1024 1764 currunt,
1063 1703 1323 1758 zodiacus
1361 1713 1416 1759 et
1460 1705 1701 1771 lacteus;
1770 1711 1827 1758 at
1867 1705 2183 1763 borizontes
2228 1705 2343 1758 sola

771 1795 971 1848 mentis
997 1795 1329 1863 cogitatione
1355 1803 1631 1850 constant.
1662 1795 1705 1848 E
1737 1797 1904 1852 rectis
1945 1797 2118 1852 coluri
2141 1811 2340 1852 nomen

2369 1848 2416 1910 Β

2439 690 2545 761 φὴν
2575 692 2800 762 σημείου
2829 695 3144 766 νοτιωτέρου
3168 695 3201 766 ἦ
3229 696 3586 771 βορειοτέρα)
3613 687 3927 772 γινομένω.

2510 782 2758 836 Νοείσθω
2787 784 2832 836 δ’
2859 787 2888 838 ό
2931 786 3028 856 μὲν
3059 786 3270 856 θερινὸς
3295 793 3586 860 τροπικὸς,
3617 793 3730 846 τοῦ
3767 795 3915 865 ἡλίου
3937 800 3999 849 Et;

2441 873 2666 944 θερινῶν
2692 876 2909 946 τροπῶν
2934 879 3248 947 γενομένου,
3281 882 3379 934 καὶ
3407 883 3552 954 πρὸς
3587 884 3859 956 αἴσθησιν

2441 963 3113 1044 παράλληλον-γράφοντος
3136 985 3150 998 ·
3177 971 3206 1021 ό
3234 969 3292 1022 δὲ
3338 967 3694 1044 ἰσημερινὸς,
3728 977 3821 1030 διὰ
3850 979 3905 1030 τὸ
3930 983 3998 1040 si;

2440 1056 2653 1126 ἡμέρας
2680 1061 2799 1121 ταῖς
2823 1059 2971 1126 νυξὶν
3002 1042 3327 1128 ἐξισοῦσθαι,
3354 1042 3448 1120 τοῦ
3475 1042 3640 1139 ἡλίου
3675 1073 3827 1126 κατὰ
3851 1075 3996 1128 τοθὶεπ

2441 1147 2726 1218 γινομένου
2755 1149 2845 1201 τὸν
2880 1149 3078 1204 κύκλον
3116 1154 3251 1224 πρὸς
3290 1150 3586 1229 αἴσθησιν·
3623 1161 3657 1212 ὁ
3702 1163 3764 1215 δὲ
3792 1182 3994 1235 χειμερι-

2441 1237 2550 1301 νὺς,
2576 1237 2663 1289 διὰ
2687 1239 2748 1290 τὸ
2769 1238 2860 1291 τὸν
2888 1240 3059 1310 ἥλιον,
3083 1245 3222 1299 κατά
3247 1246 3436 1301 τοῦτον
3473 1251 3781 1322 γινόμενον
3807 1255 3893 1307 τὸν
3927 1257 3993 1308 zi-

2443 1328 2588 1392 κλον,
2633 1331 2944 1402 χειμερινὰς
2973 1335 3180 1406 τροπὰς
3224 1338 3932 1413 ποιεῖσθαι-ἀνταρκτικὸς
3965 1349 3992 1397 ε

2441 1416 2612 1484 οὗτος.
2654 1425 2744 1476 καὶ
2780 1425 2866 1478 ἀεὶ
2906 1426 3116 1498 ἀφανὴς
3159 1431 3268 1502 ἀπὸ
3309 1430 3404 1484 τοῦ
3440 1433 3866 1506 συμϐεϐἢκότος
3891 1442 3988 1509 ἕχει,

2443 1517 2536 1569 καὶ
2567 1515 2816 1568 οὐδέποτε
2868 1519 3142 1587 φαίνεται·
3190 1522 3298 1574 τῶν
3336 1523 3394 1576 δὲ
3441 1523 3619 1591 λοξῶν
3673 1528 3780 1583 δύο
3813 1533 3905 1600 μὲν
3932 1537 3990 1585 ξι-

2441 1624 2548 1660 των
2580 1608 2623 1638 "
2654 1608 2786 1679 πρὸς
2815 1609 3083 1681 αἴσθησιν,
3115 1614 3144 1666 ὃ
3165 1631 3223 1666 τε
3252 1613 3514 1681 ζωδιακὸς
3541 1621 3644 1673 καὶ
3672 1625 3705 1674 6
3737 1624 3987 1690 γαὶαξίες-

2443 1699 2492 1752 οῑ
2522 1698 2579 1752 δὲ
2616 1700 2886 1770 ὁρίζοντες
2925 1704 3138 1776 ἐπινοίᾳ.
3184 1706 3342 1776 μόνον
3386 1708 3792 1778 λαμϐάνονται.
3822 1717 3926 1769 Τῶν
3950 1720 3989 1767 ξε

2443 1789 2619 1862 ὀρθῶν
2640 1794 2688 1844 οἱ
2724 1792 2822 1862 μὲν
2847 1793 3090 1868 κόλουροι
3119 1795 3216 1867 τὴν
3234 1798 3526 1868 ὀνομασίαν
3553 1799 3782 1870 ἔχοντες
3802 1806 3902 1856 ἀπὸ
3920 1808 3986 1857 τεΞ

768 1899 835 1943 ex
881 1901 946 1940 eo
993 1887 1177 1941 sortiti
1220 1897 1370 1951 sunt,
1405 1888 1548 1958 quod
1593 1887 1768 1942 mutili
1815 1889 1945 1952 sint,
1989 1903 2091 1944 nec
2142 1888 2335 1959 integri

2444 1883 2654 1938 κολοϐοὶ
2691 1885 2786 1937 καὶ
2832 1884 2907 1956 μὴ
2941 1886 3199 1949 ὁλοτελεῖς
3236 1890 3520 1956 φαίνεσθαι
3555 1894 3706 1948 κατὰ
3745 1898 3843 1967 τῆς
3871 1915 3988 1968 στρο-

770 1987 1071 2032 cernantur
1114 1979 1169 2033 in
1216 1981 1576 2038 conversione
1625 1981 1869 2050 sphaerae.
1916 1981 2339 2052 Equinoctialis

770 2066 895 2121 inde
941 2067 1162 2134 dicitur,
1210 2071 1358 2140 quod
1409 2071 1465 2126 in
1505 2087 1573 2127 eo
1622 2072 1951 2142 aequinoctia
1994 2074 2336 2144 contingant.

769 2157 971 2214 Omnes
1028 2161 1119 2216 isti
1186 2169 1335 2218 recta
1399 2170 1452 2217 et
1501 2164 1914 2234 aequidistantes
1980 2163 2338 2230 incumbunt;

767 2254 977 2323 obliqui
1011 2270 1140 2310 vero
1173 2256 1244 2310 ab
1279 2271 1338 2310 re
1366 2256 1483 2327 ipsa
1507 2258 1835 2313 vocabulum
1861 2259 2041 2328 adepti
2076 2266 2229 2313 sunt.

839 2343 976 2398 Cum
1011 2355 1189 2401 autem
1221 2347 1448 2415 sphaerae
1488 2349 1685 2404 similis
1726 2368 1794 2420 ιη,
1843 2366 1900 2403 Ἳὶ
1928 2351 2001 2406 sit
2039 2351 2249 2415 mundi,
2285 2361 2340 2406 et

769 2431 837 2486 ad
868 2448 992 2487 eum
1030 2442 1344 2504 comparata
1387 2444 1536 2493 terra
1581 2439 1757 2494 centri
1804 2440 2071 2496 rationem
2112 2442 2338 2508 habeat;

768 2541 890 2596 qua:
916 2542 1011 2597 per
1047 2528 1291 2597 ipsorum
1333 2530 1574 2586 medium
1616 2532 1846 2601 trajecta
1889 2535 2163 2605 cogitatur
2189 2541 2340 2589 recta

767 2617 931 2680 linea,
959 2634 1122 2688 quam
1150 2620 1358 2675 circum
1393 2630 1708 2678 manentem
1742 2631 1797 2679 et
1819 2624 2151 2681 immobilem
2177 2641 2340 2680 mun-

766 2707 872 2764 dus
911 2710 1171 2776 vertitur,
1207 2699 1328 2766 aiis
1371 2713 1699 2782 appellatur,
1747 2714 1908 2784 cujus
1947 2717 2339 2786 extrema‘poli

767 2798 1159 2855 nominantur:
1192 2815 1312 2870 quae
1345 2803 1564 2871 quidem
1593 2811 1838 2858 extrema
1868 2807 2115 2860 nonnulli
2144 2821 2339 2875 parvas

764 2906 890 2946 esse
919 2889 1108 2950 stellas
1150 2893 1442 2960 dixerunt;
1476 2895 1568 2950 alii
1603 2904 1806 2965 puncta
1844 2899 2177 2967 cogitatione
2205 2903 2342 2954 c'on-

766 2984 992 3046 stantia,
1023 2999 1145 3052 qua:
1185 2992 1270 3040 est
1303 2986 1457 3040 Arati
1502 2987 1796 3041 sententia.
1843 2986 2048 3045 Horum
2091 2990 2339 3058 polorum

765 3073 906 3126 alter
931 3074 1181 3128 sublimis
1219 3083 1325 3137 est,
1354 3076 1623 3146 nobisque
1657 3077 2025 3157 conspicuus;
2062 3079 2198 3134 alter
2232 3081 2338 3134 mi-

2443 1976 2552 2046 φῆς
2582 1978 2682 2047 τῆς
2730 1978 3001 2047 σφαίρας·
3043 1980 3070 2030 ό
3126 1980 3184 2033 δὲ
3235 1983 3570 2054 ἰσημερινδς,
3625 1988 3757 2040 ἀπο
3775 1989 3865 2042 τοῦ

2441 2066 2604 2120 αὑτὸν
2656 2067 2900 2136 γίνεσθαι
2957 2067 3056 2132 τὰς
3111 2072 3490 2143 μεσημϐρινός
3533 2076 3604 2128 ³⁸.
3652 2078 3911 2146 Λέγσνται

2441 2158 2640 2222 πάντες
2683 2153 2826 2214 οὗτοι
2880 2160 3013 2233 πρὸς
3058 2161 3156 2224 τὰς
3200 2162 3366 2233 ὀρθὰς
3414 2166 3834 2239 παραλλήλους·
3877 2175 3919 2222 α

2439 2248 2583 2314 λοξοὶ
2625 2251 2739 2307 ἀπὸ
2765 2251 2858 2305 τοῦ
2899 2251 3302 2323 συμϐεϐηκότος
3335 2255 3520 2326 ἔχουσι
3562 2260 3671 2331 τὴν
3707 2261 3986 2331 ὀνομαστὶπ,

2434 2365 2448 2383 ’κ
2509 2342 2617 2398 Τοῦ
2663 2345 2704 2376 ¹⁷
2740 2345 2942 2416 κόσμου
2980 2346 3348 2417 σφαιροειδοῦς
3374 2350 3774 2422 ὑποκειμενου,
3815 2359 3901 2408 καὶ

2437 2435 2541 2505 γῆς
2570 2434 2706 2504 πρὸς
2735 2435 2894 2488 αὑτὸν
2929 2435 3153 2506 κέντρου
3185 2437 3344 2506 λόγον
3370 2439 3711 2512 ἐπεχούσης,
3739 2448 3780 2516 ἡ
3801 2445 3884 2498 διὰ
3913 2447 3986 2515 μέ-

2441 2544 2535 2580 σου
2565 2525 2742 2580 αὐτῶν
2779 2526 3019 2594 ἀγομένη
3055 2526 3234 2580 εὐθεῖα
3267 2529 3454 2601 νοητὴ,
3496 2534 3630 2602 περὶ
3659 2535 3728 2604 ἦν
3758 2537 3989 2603 μένουσαν

2437 2621 2466 2671 6
2515 2606 2716 2689 κόσμος
2768 2619 3078 2688 στρέφεται,
3126 2617 3266 2682 ἄξων
3299 2622 3566 2688 καλεῖται,
3595 2626 3697 2678 καὶ
3727 2627 3799 2679 τὰ
3836 2628 3986 2682 τούτου

2439 2708 2650 2778 πέρατα
2673 2707 2844 2768 πόλοι,
2871 2707 3012 2777 ἅπερ
3040 2708 3181 2771 τινὲς
3216 2708 3318 2780 μὲν
3345 2711 3586 2780 ἀστέρας
3621 2711 3769 2768 εἶναι

2439 2797 2674 2867 ἐφασαψ
2723 2797 2854 2852 ἔνιοι
2895 2799 2953 2851 δὲ
2985 2801 3185 2870 σημεῖα
3215 2800 3404 2872 νοητὰ,
3437 2802 3587 2856 καθὰ
3641 2807 3740 2858 καὶ
3769 2809 3984 2878 Ἄρατος.

2439 2889 2654 2944 Τούτων
2707 2889 2764 2944 δὲ
2794 2892 2822 2944 6
2868 2891 2966 2962 μὲν
3013 2890 3128 2944 ἔστι
3182 2893 3454 2964 μετέωρος
3497 2895 3594 2948 καὶ
3645 2898 3987 2969 φανερώτερος

2439 2983 2590 3053 ἡμῖν,
2618 2985 2647 3035 6
2673 2981 2730 3037 δὲ
2752 2983 2850 3053 οὐχ
2881 2982 3075 3055 ὁρᾶται
3098 2983 3187 3053 ὑφ’
3215 2985 3392 3054 ἡμῶν.
3424 2987 3537 3040 Καὶ
3578 2989 3832 3046 καλεῖται
3854 2993 3881 3044 ὁ
3911 2992 3986 3059 μὲν

2439 3074 2529 3130 ἀεὶ
2559 3074 2816 3145 φανερὸς
2848 3075 2940 3136 καὶ
2961 3075 3222 3145 βόρειος,
3244 3078 3274 3130 ὁ
3299 3077 3483 3138 Beda!
3511 3080 3764 3154 ἀφανὴς
3789 3081 3880 3137 καὶ
3909 3087 3985 3135 r6-

764 3162 916 3216 nime
954 3176 985 3215 a
1028 3164 1187 3217 nobis
1229 3166 1492 3219 cernitur.
1553 3164 1712 3240 Prior
1758 3177 1883 3222 cum
1936 3184 2136 3238 semper
2169 3186 2332 3238 appa-
2365 3191 2410 3250 ς
2440 3187 2584 3236 τιος.

763 3268 905 3316 rens,
956 3260 1069 3307 tum
1111 3254 1294 3309 boreas
1341 3257 1678 3327 appellatur;
1724 3260 1994 3329 posterior
2027 3276 2227 3329 semper
2255 3279 2341 3316 oc-
2379 3320 2385 3325 ,

762 3344 935 3397 cultus
958 3353 1008 3397 et
1036 3345 1313 3400 australis.

829 3433 950 3490 1am
1002 3437 1197 3492 circuli
1247 3453 1374 3493 cum
1429 3437 1857 3500 innumerabiles
1910 3445 2219 3516 cogitentur
2281 3447 2338 3503 in

2509 3433 2740 3488 Κύκλων
2762 3433 2818 3487 δὲ
2841 3436 2900 3488 ὲν
2926 3433 3010 3505 τῷ
3037 3433 3227 3507 κόσμῳ
3249 3432 3367 3507 [καὶ
3394 3432 3492 3507 μὴ]
3525 3433 3833 3507 νοουμένων
3854 3435 3979 3490 ἀπεί-

761 3529 990 3591 mundo,
1021 3528 1112 3582 alii
1143 3538 1288 3593 sunt,
1334 3545 1474 3600 quos
1504 3533 1801 3602 parallelos
1844 3545 2063 3603 vocant,
2106 3539 2195 3593 alii
2242 3556 2335 3610 per

2441 3544 2548 3597 ρων
2591 3527 2641 3579 οἱ
2673 3527 2770 3598 μὲν
2808 3525 3139 3597 παράλληλοι
3165 3525 3541 3596 ὀνομάζονται,
3580 3527 3729 3583 οἶδὲ
3773 3528 3866 3581 διὰ
3893 3526 3978 3578 τῶν

763 3620 920 3689 polos
943 3628 1250 3683 transeunt,
1279 3622 1370 3676 alii
1397 3622 1664 3689 ﬁ'nitorcs,
1697 3627 1904 3698 obliqui
1941 3631 2032 3686 alii
2057 3640 2203 3689 sunt.
2231 3632 2336 3687 Pa-

764 3713 944 3767 ralleli
989 3722 1221 3782 quatuor
1254 3722 1404 3777 sunt,
1438 3717 1530 3786 qui
1561 3717 1780 3773 eosdem
1804 3737 1929 3774 cum
1951 3724 2153 3780 mundo
2180 3726 2336 3796 polos

763 3796 988 3852 habent.
1027 3797 1266 3870 Obliqui,
1308 3802 1402 3870 qui
1433 3816 1542 3855 non
1583 3802 1742 3875 156
1765 3807 1983 3862 eosdem
2013 3810 2331 3869 habent.....

763 3905 859 3958 per
887 3892 1041 3959 polos
1085 3893 1278 3947 circuli
1317 3901 1607 3948 vocantur.
1655 3893 1885 3960 Quidam
1930 3899 1987 3953 in
2027 3903 2336 3961 circumfe—

763 3982 939 4034 rcntia
971 3998 1070 4037 sua
1102 3983 1288 4039 mundi
1315 3987 1470 4054 polos
1499 3989 1812 4054 continent;
1837 3990 2109 4061 iidemque
2133 3993 2330 4058 coluri,

761 4080 817 4125 et
844 4075 1130 4128 meridiani
1155 4084 1416 4145 praeterea
1446 4088 1745 4147 vocantur;
1785 4066 2208 4148 ﬁnitoressu‘ht,
2238 4086 2333 4154 qui

763 4176 1109 4235 apparentem
1146 4170 1332 4223 mundi
1351 4171 1574 4240 {partem
1598 4182 1868 4243 separant.
1905 4218 1919 4231 .
1959 4217 1973 4232 .
2013 4217 2028 4230 .
2062 4217 2076 4231 .
2114 4179 2217 4234 hoc
2247 4187 2332 4236 est

761 4271 903 4319 eam,
939 4272 1059 4325 quae
1085 4249 1252 4326 supra'
1273 4269 1472 4314 terram
1499 4270 1600 4328 est,
1636 4265 1706 4317 ab
1731 4280 1794 4319 ea
1815 4282 1935 4336 qua:
1957 4267 2099 4323 infra
2129 4281 2332 4326 terram

707 4406 710 4408 γ
761 4344 1038 4399 conditur.
1083 4345 1149 4399 Hi
1191 4362 1354 4416 porro
1406 4359 1705 4418 mutantur,
1738 4371 1838 4425 pro
1883 4373 1950 4413 eo
1974 4374 2039 4413 ac
2067 4361 2330 4417 verticalc

760 4446 1020 4512 punctum
1053 4438 1200 4492 aliud
1227 4446 1332 4505 est,
1362 4441 1455 4510 qui
1485 4452 1568 4498 est
1598 4445 1755 4514 polus
1792 4449 2115 4508 borizontis.
2272 4457 2274 4460 ’

832 4613 1032 4668 Aratus
1074 4631 1228 4679 vero,
1258 4618 1352 4688 qui
1383 4619 1449 4674 ad
1479 4621 1888 4682 inclinationem
1918 4629 2139 4686 Graeciae
2174 4633 2325 4704 phae-

759 4719 992 4759 nomena
1019 4720 1118 4759 sua
1144 4714 1498 4778 comparavit,
1524 4731 1715 4771 novem
1742 4722 2120 4776 tantummodo
2146 4726 2325 4780 circu-

758 4797 934 4850 lorum
991 4799 1257 4865 meminit,
1289 4817 1320 4856 e
1379 4802 1578 4873 quibus
1642 4815 1768 4863 octo
1801 4811 1944 4864 'sola
1989 4814 2325 4882 cogitatione

757 4888 1102 4954 consistunt;
1148 4905 1290 4943 unus
1326 4893 1520 4961 majori
1554 4908 1704 4964 parte
1746 4901 2000 4957 sensibus
2042 4904 2320 4972 objicitur,

755 4981 850 5048 qui
905 4983 1113 5037 lacteus
1169 4982 1391 5037 dicitur.
1445 4980 1580 5038 Nam
1624 4995 1680 5041 et
1729 4990 1784 5044 in
1826 4993 1944 5062 ipSo
1992 5011 2126 5051 suus
2181 4997 2325 5051 inest

757 5075 1071 5142 cogitationi
1137 5076 1310 5131 locus.
1364 5076 1441 5130 Ex
1498 5078 1566 5133 iis
1620 5081 1842 5138 circulis
1897 5089 2139 5155 paralleli
2195 5098 2323 5142 sunt

755 5167 998 5236 quinque
1031 5156 1043 5222 ξ
1073 5171 1337 5235 arcticus,
1357 5177 1582 5230 aestivus
1606 5159 1867 5245 tropicus,
1899 5182 2320 5249 mquinoctialis,

756 5258 1020 5314 hibernus
1060 5262 1325 5329 tropicus,
1369 5266 1748 5334 antarcticus;
1784 5270 1988 5339 obliqui
2025 5280 2154 5326 sunt
2186 5274 2316 5338 duo,

755 5349 1014 5405 zodiacus
1036 5359 1088 5404 et
1112 5351 1338 5414 lacteus,
1372 5357 1462 5424 qui
1495 5361 1771 5413 contrario
1805 5360 2036 5416 invicem
2084 5365 2191 5419 situ
2224 5381 2319 5436 per

755 5443 1002 5510 tropicos
1029 5446 1252 5514 oblique
1282 5447 1605 5519 sinuantur;
1641 5468 1738 5521 per
1766 5454 1922 5523 polos
1966 5457 2320 5525 trajiciuntur

755 5533 865 5589 duo
892 5555 904 5590 ε
940 5537 1275 5593 meridianus
1302 5546 1354 5593 et
1379 5541 1852 5599 horizon.ﬂorum
1880 5550 2123 5602 omnium
2156 5549 2335 5602 maxi?

759 5624 830 5677 mi
887 5634 1056 5692 sunt,
1099 5631 1499 5699 aequinoctialis
1547 5643 1601 5688 et
1654 5637 1902 5708 obliqui,
1962 5655 2175 5695 necnon
2223 5655 2319 5710 per

2438 3619 2635 3683 πόλων,
2667 3620 2717 3672 οἱ
2750 3617 2805 3671 δὲ
2829 3617 3120 3690 ὁρίζοντες,
3150 3620 3198 3671 ot
3229 3618 3288 3671 δὲ
3329 3616 3488 3684 λοξοί.
3517 3619 3632 3672 Kal.
3660 3622 3713 3672 ot
3751 3619 3974 3689 τέσσαρες

2436 3711 2766 3783 παράλληλοι
2813 3710 2910 3781 μέν
2933 3712 3071 3764 εἰσιν
3100 3711 3147 3762 οί
3185 3710 3313 3786 τοὺς
3341 3710 3542 3771 αὐτοὺς
3793 3712 3976 3781 ἔχοντες

2435 3803 2512 3874 τῷ
2555 3803 2742 3873 κόσμῳ
2767 3819 2780 3832 θ
2814 3802 2959 3866 λοξαὶ
2997 3803 3055 3856 δὲ
3085 3803 3132 3856 οἱ
3164 3803 3238 3876 μὴ
3275 3804 3402 3867 τοὺς
3430 3803 3630 3867 αὐτοὺς
3663 3843 3678 3856 .
3705 3841 3720 3856 .
3743 3842 3760 3856 .
3783 3803 3867 3856 διὰ
3889 3802 3973 3854 τῶν

2434 3897 2611 3950 πόλων
2640 3893 2828 3949 κύκλοι
2854 3894 3180 3950 καλοῦνται·
3219 3896 3267 3949 οἱ
3297 3896 3355 3949 δὲ
3382 3897 3476 3949 ἐπὶ
3505 3897 3607 3967 τῆς
3647 3896 3820 3966 αὐτῆς
3843 3912 3971 3965 περι-

2434 3985 2653 4058 φερείας
2680 3986 2806 4048 τοὺς
2835 3984 2926 4039 τοῦ
2959 3986 3165 4056 κόσμου
3192 3986 3386 4050 πόλους
3417 3986 3666 4057 ἔχοντες·
3697 3987 3747 4040 οξ
3771 3986 3826 4039 δὲ
3849 3985 3971 4038 αὑτοὶ

2431 4073 2575 4134 οὗτοι
2607 4078 2756 4150 ὀρθοί
2786 4096 2845 4132 τε
2878 4080 2974 4132 καὶ
3010 4079 3286 4154 κόλουροι,
3309 4080 3407 4134 καὶ
3424 4078 3802 4151 μεσημϐρινοί
3833 4093 3970 4146 xpos-

2430 4171 2807 4241 ονομάςονταιο
2842 4171 3115 4240 ὁρίζοντες
3145 4169 3204 4222 δὲ
3236 4171 3284 4222 οἱ
3315 4167 3643 4242 διορίζοντες
3671 4171 3801 4240 ἡμῖν
3827 4169 3883 4221 τό
3921 4181 3967 4216 τε

2432 4259 2661 4331 φανερὸν
2706 4259 2799 4313 τοῦ
2844 4260 3052 4329 κόσμου
3098 4301 3111 4313 .
3140 4296 3156 4311 .
3185 4299 3199 4312 .
3228 4258 3474 4311 τουτέστι
3506 4258 3568 4311 τό
3608 4272 3669 4310 τε
3715 4257 3848 4329 ὑπὲρ
3885 4255 3967 4322 γῆν

2431 4351 2523 4404 καὶ
2550 4350 2613 4402 τὸ
2661 4350 2764 4402 ὑπὸ
2810 4350 2932 4420 γῆν.
2983 4341 3142 4402 Οὗτοι
3178 4347 3236 4401 δὲ
3277 4347 3725 4418 μεταϐάλλουσιν,
3764 4348 3884 4400 ὅταν
3917 4344 3965 4396 τὸ

2430 4439 2569 4493 κατὰ
2614 4438 2856 4510 κορυφὴν
2901 4439 3124 4508 σημεῖον
3173 4437 3358 4515 ἓτερον
3401 4438 3654 4511 γένηται·
3686 4437 3834 4491 τοῦτο
3875 4439 3964 4505 γαρ

2358 4544 2404 4600 ι)
2427 4533 2541 4585 ἐστι
2576 4531 2735 4594 πόλος
2761 4526 3082 4607 ὁρίζοντος..

2507 4623 2741 4692 ’Ἄρατος
2772 4621 2890 4691 μὲν,
2922 4621 3145 4693 πρὸςτδ
3166 4620 3268 4692 τῆς
3307 4620 3748 4693 Ἑλλάδος-κλίμα
3772 4622 3832 4674 τὰ
3855 4637 3960 4688 φαι-

2429 4712 2624 4783 νόμενα
2660 4713 3238 4785 πραγματευσάμενος,
3275 4712 3432 4765 ἐννέα
3472 4713 3648 4784 μόνων
3675 4711 3974 4782 ἐπεμνήσθη,

2429 4805 2663 4870 κύκλων,
2696 4803 2840 4858 ὀκτὼ
2874 4805 2973 4876 μὲν
2996 4804 3221 4877 νοητῶν·
3241 4803 3500 4874 αἰσθητοῦ
3526 4805 3603 4870 δὲ,
3641 4807 3732 4858 καὶ
3758 4803 3887 4858 κατὰ
3909 4799 3959 4852 τὸ

2428 4897 2587 4950 πλέον
2612 4896 2748 4958 ἐνὸς,
2771 4895 2866 4949 τοῦ
2890 4895 3223 4967 καλουμένου
3245 4894 3501 4963 γαλαξίου
3522 4897 3585 4949 ⁸⁸.
3611 4897 3718 4950 Καὶ
3735 4897 3790 4947 ὲν
3809 4893 3957 4958 τούτῳ

2427 4992 2536 5064 γὰρ
2579 4993 2778 5044 νοεῖται
2804 4989 2895 5044 διὰ
2929 4989 3118 5042 τούτου
3159 4989 3252 5042 τοῦ
3300 4988 3525 5042 κύκλου.
3559 4989 3771 5042 Τούτων
3796 4987 3835 5038 δ’
3865 4984 3954 5036 dat

2427 5083 2757 5156 παράλληλοι
2778 5090 2815 5136 ε’
2837 5101 2851 5115 ·
2887 5080 3164 5154 ἀρκτικὸς,
3193 5080 3401 5153 θερινὸς
3425 5081 3708 5153 ’τροπικὸς,
3741 5082 3952 5146 ἰσημερι-

2423 5175 2533 5240 νὸς,
2567 5174 2889 5248 χειμερινὸς,
2919 5169 3296 5244 ἀνταρκτικὸς,
3335 5171 3479 5236 λοξοὶ
3507 5171 3622 5236 δύο,
3648 5172 3677 5223 δ
3708 5186 3766 5222 τε
3789 5167 3950 5232 ζωδια-

2424 5267 2518 5330 κδς
2548 5267 2640 5320 καὶ
2675 5267 2702 5316 ὁ
2730 5263 3011 5334 γαλαξίας,
3043 5265 3298 5327 ἐναντίως
3330 5264 3584 5336 ἀλλήλοις
3610 5262 3747 5343 κατὰ
3768 5263 3848 5331 τήν
3873 5258 3948 5311 θέ-

2423 5375 2507 5411 σιν
2533 5357 2620 5411 διὰ
2659 5358 2765 5409 τῶν
2792 5354 3066 5427 τροπικῶν
3095 5354 3446 5426 λελοξωμένοι
3465 5371 3481 5385 θ
3512 5355 3608 5408 καὶ
3654 5354 3744 5408 δύο
3763 5353 3839 5408 διὰ
3860 5349 3947 5402 τῶν

2424 5450 2599 5503 πόλων
2615 5467 2627 5481 ·
2662 5446 3026 5519 μεσημϐρινός
3049 5463 3108 5499 τε
3129 5441 3209 5510 εἷς
3239 5447 3336 5500 καὶ
3357 5447 3386 5498 ό
3405 5444 3607 5516 ὁρίζων
3628 5447 3819 5518 ἔτερος,
3842 5440 3947 5494 τεύ-

2421 5563 2528 5598 των
2552 5545 2608 5598 δέ
2643 5545 2747 5595 εἰσι
2773 5540 3015 5612 μέγιστοι
3039 5541 3068 5593 ὃ
3090 5556 3154 5592 τε
3178 5537 3493 5609 ἰσημερινὸς
3519 5539 3615 5592 καὶ
3639 5541 3688 5593 οἱ
3713 5536 3856 5602 λοξαὶ,
3873 5530 3944 5585 καὶ

2421 5640 2468 5690 οἱ
2499 5637 2585 5688 διὰ
2617 5634 2725 5688 τῶν
2756 5631 2952 5688 πόλων.
2987 5631 3250 5701 Μέγιστοι
3288 5628 3346 5683 δὲ
3380 5629 3698 5699 καλοῦνται,
3732 5625 3802 5687 ὧν
3823 5627 3870 5683 αἱ
3896 5636 3952 5675 τε.

845 5782 886 5811 ⁸⁸
921 5781 964 5846 Ῐο
991 5782 1156 5848 ὅντες.
1244 5789 1285 5819 ¹⁸
1309 5788 1348 5856 f.
1388 5768 1694 5859 ἰσημερίας,
1771 5794 1812 5824 "
1839 5792 1879 5861 f.
1910 5792 2000 5847 τοῦ
2029 5793 2106 5848 δέ.
2185 5795 2228 5828 ¹⁸
2263 5793 2335 5874 ﬂ"

2439 5789 2662 5846 nendosa
2693 5796 2834 5842 sunt.
