4130 6342
120 398 323 456 1149
1233 406 1505 464 INCERTI
1542 412 1633 465 AB
1670 413 1882 469 ARATI
1920 416 2391 483 PHA‘INOMENA.
3258 436 3392 493 “50

115 514 477 591 διάμετροι
493 517 600 572 ἴσαι
632 518 767 570 είσὶν
803 518 1051 590 ἀλλήλοις
1080 522 1173 575 καὶ
1195 526 1259 594 τῇ
1287 524 1382 577 τοῦ
1419 526 1613 596 ςόσμου
1638 528 1748 580 δια-

1851 533 2005 599 polos
2040 537 2311 604 producti.
2354 537 2618 594 Dicuntur
2666 550 2843 598 autem
2884 548 3121 614 maximi,
3161 566 3389 620 quorum

124 608 397 679 μέτρῳ·
426 612 518 662 καὶ
553 611 663 662 ὅσοι
690 604 751 663 7:6
781 614 910 665 αὑτὸ
948 616 1167 687 κέντρον
1206 618 1386 688 ἔχουσί
1429 622 1504 690 τῷ
1532 622 1739 693 κόσμῳ.

1846 622 2095 678 diametri
2125 642 2250 679 cum
2283 628 2538 693 invicem,
2588 638 2702 685 tum
2737 636 2924 689 mundi
2972 604 3233 693 diametro
3265 651 3393 696 sunt

124 698 303 751 ὀτι
335 700 392 752 δὲ
424 703 517 754 καὶ
553 701 724 766 ἄλλως
753 707 780 754 6
808 704 894 757 διὰ
933 706 1111 775 μέσων
1145 710 1250 760 τῶν
1281 710 1483 774 ζωδίων
1521 713 1744 783 λεγόμε-

1846 717 2099 784 aequales,
2126 729 2179 772 et
2210 735 2441 787 quorum
2488 721 2630 776 idem
2675 732 2761 779 est
2787 726 3082 796 mundique
3122 737 3387 785 centrum.

120 806 256 853 νος
284 833 302 855 ,
374 794 691 861 μεσαίτατος
745 797 1001 867 ὑπάρχων
1060 799 1151 853 τοῦ
1220 801 1512 869 ζωδιακοῦ,
1572 808 1741 874 ἡλια-

1846 805 2053 862 Rursus
2098 808 2190 863 ille
2218 810 2311 879 qui
2346 826 2441 879 per
2470 813 2647 868 media
2689 816 2962 871 transiens
2991 794 3142 887 signa
3172 819 3388 884 dicitur,

121 883 287 947 κός
328 900 389 935 τε
435 884 525 936 καὶ
578 886 951 953 ἐκλειπτικὸς
986 892 1448 962 ἐπικαλούμενος·
1490 895 1744 963 ἡλιακός

1846 900 1898 953 in
1932 899 2155 973 Zodiaco
2198 900 2375 955 medio
2428 904 2673 972 positus,
2719 904 2979 972 heliacus,
3029 883 3083 962 et
3128 911 3391 979 ecl‘ipticus

129 974 302 1041 μὲν,
353 977 434 1028 ὅτι
482 978 510 1028 6
551 976 697 1047 ἥλιος
748 980 847 1044 τὴν
900 983 1123 1052 πορείαν
1160 984 1226 1036 δι’
1260 985 1422 1037 αὑτοῦ
1477 990 1740 1041 ποιεῖται’

1846 992 2178 1061 appellatur;
2224 993 2489 1059 heliacus,
2539 997 2683 1066 quod
2726 998 2901 1067 ipsum
2947 1000 3027 1053 sol
3073 974 3261 1059 itinere
3295 1021 3393 1059 suo

122 1064 549 1133 ἐκλειπτικὸς
601 1068 695 1133 δὲ,
758 1071 837 1123 ὅτι
888 1071 953 1123 δι’
1010 1074 1172 1126 αὑτοῦ
1235 1075 1571 1131 ἐκλείπουσιν
1612 1080 1639 1131 ὅ
1685 1096 1743 1132 τε

1846 1091 2119 1151 peragrat,
2186 1086 2456 1151 eclipticus
2522 1064 2676 1156 quod
2746 1064 2801 1141 in
2863 1105 2929 1144 eo
2982 1092 3063 1145 sol
3136 1109 3201 1146 ac
3271 1096 3396 1148 luna

123 1158 329 1227 ἥλιος
357 1159 511 1229 καὶὴ
554 1162 767 1232 σελήνη.
806 1164 916 1215 Καὶ
942 1164 1049 1216 τῶν
1079 1167 1431 1237 παραλλήλων
1470 1169 1526 1221 δὲ
1568 1172 1597 1221 6
1645 1170 1743 1239 μὲν

1846 1170 2088 1225 defectus
2118 1173 2417 1242 patiuntur.
2441 1174 2518 1228 Ad
2541 1176 2654 1230 haec
2679 1176 2817 1231 inter
2843 1176 3128 1247 parallelos
3158 1186 3395 1238 arcticus

126 1250 438 1320 ἀρκτικὸς
479 1252 577 1303 οὑκ
614 1253 657 1282 ¹⁹
698 1253 1011 1325 ὠνομάσθη,
1059 1257 1139 1308 ὅτι
1170 1257 1304 1327 πρὸς
1334 1261 1446 1320 τοῖς
1477 1258 1743 1328 ἀρκτῴοις

1846 1262 1920 1315 ita
1954 1264 2268 1318 nominatus
2306 1273 2421 1331 est,
2448 1267 2593 1335 quod
2628 1267 2694 1321 ad
2725 1275 2938 1325 arctoas
2979 1272 3166 1326 mundi
3216 1286 3396 1341 partes

132 1342 417 1414 ὑπάρχει
436 1361 449 1373 ’
480 1346 508 1396 6
531 1345 585 1397 δὲ
616 1345 819 1416 θερινὸς
842 1350 1116 1417 τροπικὸς,
1140 1350 1242 1415 ὅτι,
1266 1350 1356 1401 ἐπὶ
1381 1349 1565 1403 τούτου
1593 1352 1744 1418 γενό-

133 1450 346 1503 μενος
375 1435 543 1504 ἥλιος,
570 1437 709 1489 κατὰ
737 1438 832 1507 τὴν
862 1439 953 1490 τοῦ
980 1441 1249 1511 Καρκίνου
1275 1442 1467 1511 ἀρχὴν,
1500 1442 1595 1495 καὶ
1621 1443 1742 1495 τότε

140 1526 419 1594 μάλιστα
446 1529 583 1597 ὑπὲρ
626 1530 864 1599 κεφαλῆς
896 1532 1073 1601 ἡμῶν,
1107 1532 1293 1604 θέρους
1328 1537 1535 1605 τροπὰς
1579 1520 1744 1588 ποιεῖ-

134 1637 256 1673 ται
290 1635 307 1648 ⁸
340 1621 649 1691 ίσημερινὺς
670 1622 745 1686 δὲ,
772 1612 853 1676 ὅτι
880 1625 936 1676 ἐν
957 1624 1126 1695 τούτῳ
1148 1627 1429 1698 ἰσημερίας
1449 1627 1540 1680 δύο
1568 1630 1709 1681 ποιεῖ
1727 1643 1741 1661 ³

139 1714 403 1784 ἐαρινὴν
431 1714 527 1782 μὲν
552 1714 689 1767 κατὰ
713 1715 810 1784 τὴν
834 1714 925 1767 τοῦ
949 1715 1120 1787 Κριοῦ
1146 1718 1337 1787 ἀρχὴν,
1371 1718 1743 1791 μετοπωρινὴν

1846 1722 2027 1776 noctia
2054 1720 2193 1775 duo:
2229 1737 2475 1788 vernum,
2507 1724 2653 1779 circa
2680 1725 2876 1781 Arietis
2909 1726 3152 1793 initium;
3183 1741 3393 1783 autum-

138 1806 215 1859 δὲ
256 1808 409 1860 κατὰ
432 1806 561 1869 τῶν,
577 1807 801 1876 Χηλῶντ
836 1808 1140 1879 χειμερινὸς
1163 1809 1217 1861 δὲ
1254 1811 1531 1880 τροπικὸς,
1562 1813 1644 1879 ἐφ’
1682 1806 1742 1865 οὗ

1846 1813 1995 1878 nale,
2050 1815 2193 1867 circa
2241 1812 2529 1869 Cbelarum
2568 1816 2800 1871 initium.
2844 1816 3111 1873 llibernus
3154 1821 3396 1889 tr0picus

144 1898 328 1949 κατὰ
348 1898 444 1967 τὴν
467 1913 558 1949 του
586 1897 865 1968 Αίγόκερω
896 1898 1068 1969 ἀρχὴν
1097 1900 1125 1950 6
1162 1879 1330 1967 ἥλιος,
1359 1898 1452 1952 τοῦ
1486 1900 1623 1953 κατὰ
1651 1916 1741 1952 κο-

1846 1914 1947 1968 est,
1998 1906 2053 1960 in
2090 1922 2218 1977 quo,
2252 1907 2402 1961 circa
2430 1908 2644 1961 initium
2675 1909 3017 1978 Capricorni,
3053 1912 3133 1965 sol
3179 1912 3247 1966 ab
3274 1929 3395 1966 ver-

144 1988 360 2060 ρυφῆν
388 1990 541 2061 ἡμῶν
568 1989 729 2042 τόπου
748 1991 1014 2059 ἀφεστὼς,
1050 1993 1316 2062 χειμῶνος
1343 1993 1546 2063 τροπὰς
1574 1998 1743 2047 ποιεῖη

1846 1995 1948 2049 tice
2002 2004 2191 2050 nostro
2254 1996 2469 2063 longius
2520 1998 2818 2053 abscedens
2848 2000 3123 2067 illibernas
3174 2016 3400 2056 conver-

143 2098 294 2136 ταν
345 2085 701 2155 ἀνταρκτικὸς
743 2085 800 2137 δὲ
842 2087 870 2137 6
901 2084 978 2155 τῷ
1020 2086 1288 2157 Ἀρκτικξῖ)
1330 2088 1442 2150 ἴσος
1487 2088 1743 2159 ὑπάρχων

1846 2089 2025 2144 siones
2064 2088 2238 2143 facit:
2285 2089 2615 2144 antarcticus
2660 2091 2883 2159 aequalis
2924 2093 3127 2146 arctico
3174 2094 3240 2145 ad
3298 2109 3398 2147 au-

142 2178 315 2248 πρὸς
340 2177 415 2248 τῷ
445 2178 601 2248 νοτίῳ
640 2177 1015 2248 τεθεμάτισται
1040 2180 1215 2249 πόλῳο
1250 2182 1296 2232 οί
1326 2180 1381 2232 δὲ
1404 2181 1490 2233 διὰ
1512 2182 1619 2233 τῶν
1652 2184 1745 2235 πό-

1846 2178 2060 2233 stralem
2083 2181 2266 2247 polum
2294 2180 2619 2244 collocatur;
2644 2179 2735 2249 qui
2760 2178 2937 2235 autem
2964 2197 3059 2252 per
3086 2184 3235 2253 polos
3250 2182 3399 2237 ducti

141 2272 280 2323 λων
312 2271 406 2324 καὶ
434 2270 573 2334 λοξοὶ
609 2270 757 2340 παρὰ
780 2271 875 2341 τὴν
902 2270 1047 2323 θέσιν
1072 2270 1466 2343 ὠνομάσθησαν
1494 2290 1507 2303 ’
1541 2274 1634 2326 καὶ
1661 2276 1742 2327 ὅτι

1846 2270 1927 2325 vel
1968 2270 2172 2341 obliqui
2213 2270 2491 2336 dicuntur,
2553 2273 2621 2326 ab
2662 2272 2769 2325 situ
2818 2287 3013 2328 nomen
3050 2281 3395 2343 acceperunt.

142 2363 179 2413 6
228 2362 347 2431 μὲν
367 2360 623 2425 ζωδιακὸς
648 2362 767 2414 ἐπεὶ
795 2364 851 2415 ὲν
878 2361 1024 2431 αὑτῴ
1051 2362 1119 2413 τὰ
1144 2362 1209 2432 ιβ’
1232 2361 1395 2426 ζώδια
1420 2369 1741 2438 κατηστέρι-

1847 2361 2120 2418 Zodiacus
2146 2362 2268 2418 ideo
2289 2372 2535 2428 vocatur,
2565 2364 2711 2433 quod
2738 2362 2793 2418 in
2818 2380 2883 2419 eo
2910 2364 3192 2419 duodecim
3223 2366 3396 2427 zodia,

149 2471 324 2518 σται,
359 2454 452 2506 τοῦ
480 2453 565 2506 διὰ
610 2452 787 2523 μέσου
809 2452 971 2505 αὑτοῦ
1004 2448 1606 2525 κὺκλουἝφαπτομένου
1636 2457 1743 2510 τῶν

1846 2453 1947 2507 hoc
1990 2460 2074 2507 est
2113 2452 2554 2508 constellationes
2592 2453 2927 2517 animalium,
2958 2452 3199 2524 efﬁgiata:
3224 2464 3350 2509 sunt
3380 2474 3395 2511 :

145 2545 454 2618 τροπικῶν
486 2546 627 2598 κατά
650 2562 701 2597 τι
732 2544 888 2614 μόνον
923 2549 1166 2616 σημεῖον.
1198 2547 1351 2600 Κατὰ
1389 2548 1487 2617 μὲν
1525 2550 1629 2621 γὰρ
1652 2550 1743 2602 τὸν

1846 2544 2077 2613 cujusin
2107 2544 2287 2598 medio
2318 2544 2411 2613 qui
2433 2545 2731 2621 collpcatus
2764 2550 2846 2597 est
2884 2544 3122 2599 circulus
3162 2530 3400 2616 tr0picos

147 2634 387 2705 θερινὸν
415 2634 666 2706 τροπικὸν
697 2637 730 2705 ἡ
771 2634 864 2687 τοῦ
915 2636 1187 2706 Καρκίνου
1220 2637 1365 2690 ἐστὶν
1401 2636 1562 2708 ἀρχὴ,
1606 2638 1744 2691 κατὰ

1846 2634 2052 2687 in-uno
2101 2641 2309 2701 puncto
2358 2623 2645 2701 continkit.
2687 2631 2819 2685 Nam
2874 2634 2929 2687 in
2973 2634 3161 2689 aestivo
3193 2623 3401 2704 tropico

147 2728 214 2781 δὲ
264 2729 364 2780 τὸν
393 2724 697 2797 χειμερινὸν
736 2724 830 2780 τοῦ
859 2707 1155 2797 Ᾰίγόκερω.
1200 2726 1256 2779 '0
1281 2726 1336 2779 δὲ
1367 2707 1624 2795 γαλαξίας
1650 2728 1745 2781 καὶ

1846 2725 2040 2778 Cancri
2060 2732 2145 2779 est
2168 2724 2405 2790 initium,
2452 2724 2508 2777 in
2529 2723 2776 2787 hiberno,
2802 2721 3142 2792 Capricorni.
3170 2724 3401 2779 Lacteus

150 2823 331 2892 παρᾶ
362 2820 459 2891 τὴν
495 2819 681 2891 χροιὰν
726 2819 1054 2889 ὠνόμασται.
1099 2820 1305 2883 Λευκὸς
1334 2821 1440 2892 γὰρ
1474 2821 1742 2890 φαίνεται,

1846 2815 2083 2870 circulus
2135 2829 2164 2867 a
2197 2815 2380 2868 colore
2412 2815 2493 2869 sic
2522 2813 2721 2867 dicitur
2747 2832 2761 2868 :
2792 2814 2992 2884 quippe
3020 2814 3287 2869 candidus
3306 2832 3403 2885 ap-

1843 1354 2094 1419 accedat;
2134 1356 2357 1411 aestivus
2384 1359 2648 1427 tropicus,
2676 1362 2929 1429 quoniam
2961 1378 3083 1417 cum
3126 1365 3206 1418 sol
3246 1366 3299 1419 in
3331 1384 3395 1422 eo

1840 1439 2113 1509 versatur,
2141 1448 2298 1501 initio
2320 1448 2539 1529 Cancri,
2564 1452 2783 1521 quando
2802 1454 2992 1507 vertici
3018 1464 3203 1509 nostro
3226 1459 3396 1525 petis-

1843 1538 2039 1591 simum
2071 1537 2336 1604 imminet,
2358 1541 2573 1595 :estivas
2600 1543 2980 1599 conversiones
3000 1544 3176 1599 efficit.
3211 1546 3397 1616 Aiqui-

1843 1629 2095 1683 noctialis
2130 1629 2251 1684 ideo
2281 1638 2531 1695 vocatur,
2561 1634 2689 1702 quia
2721 1634 2802 1688 sol
2830 1634 2883 1687 in
2915 1636 3034 1705 ipso
3061 1637 3192 1691 facit
3224 1640 3394 1707 aqui-

152 2914 267 2967 καὶ
316 2913 477 2975 αὐτὸς
524 2912 614 2966 διὰ
658 2911 766 2964 τῶν
808 2909 1081 2981 τροπικῶν
1126 2910 1506 2980 λελοξωμένος,
1552 2913 1745 2982 μικρὸν

1846 2915 2016 2975 paret,
2042 2921 2106 2961 ac
2139 2920 2240 2977 per
2264 2908 2507 2975 tropicos
2534 2906 2755 2976 obliquo
2791 2914 2846 2961 ct
2888 2907 3003 2976 ipse
3035 2914 3213 2960 tractu
3248 2908 3404 2961 duci-

159 3006 363 3075 μέντοι
394 3004 733 3058 ὑποπίπτων.
767 3002 1156 3074 Μεσημϐρινός
1184 3019 1264 3066 τε,
1301 3004 1387 3071 ἐφ’
1424 2997 1485 3056 οὗ
1526 3004 1747 3073 τέμνον-

155 3114 261 3159 τος
290 3096 386 3148 τὸν
412 3094 657 3165 ὁρίζοντα
688 3093 795 3165 πρὸ
820 3093 865 3125 ²⁰
900 3093 1010 3146 τῶν
1052 3094 1248 3159 πόλων,
1280 3095 1374 3147 καὶ
1398 3097 1474 3157 εἰς
1502 3095 1593 3147 δύο
1626 3096 1745 3149 τινὰ

1842 3000 2226 3068 tur,quamvis
2252 2999 2532 3067 paululum
2577 2999 2719 3052 citra
2767 2998 3032 3053 ﬂectitur.
3076 2998 3402 3055 lleridianus

1843 3100 1945 3155 est,
1972 3092 2027 3144 in
2060 3107 2169 3160 quo
2196 3090 2465 3144 ﬁnitorem
2494 3088 2560 3141 ad
2600 3089 2757 3159 polos
2800 3099 3042 3153 secante,
3078 3098 3133 3145 et
3180 3091 3235 3144 in
3266 3091 3405 3146 duos

156 3188 477 3259 ἡμικύκλια
508 3174 839 3260 διαιροῦντος
858 3227 873 3251 ,
905 3179 979 3243 ὧν
1004 3187 1064 3240 τὸ
1098 3187 1196 3257 μὲν
1232 3186 1590 3241 ἀνατολικὸν
1609 3228 1623 3251 ,
1681 3188 1742 3239 τὸ

1846 3177 2223 3233 semicirculos
2301 3177 2610 3246 dividente;
2668 3194 2909 3249 quorum
2981 3196 3123 3235 unus
3172 3183 3402 3245 ortivus,

156 3281 219 3333 δὲ
257 3279 511 3335 δυτικὸν
544 3280 895 3351 ὀνομάζεται,
946 3278 1231 3350 συμϐαίνει
1287 3280 1387 3342 τὰς
1440 3278 1745 3350 μεσημϐρι-

158 3374 266 3437 νὰς
314 3374 712 3429 ἀποτελεῖσθαι.
746 3375 900 3444 Ἔχει
934 3372 991 3426 δὲ
1022 3372 1083 3425 τὸ
1115 3372 1212 3442 μὲν
1236 3372 1407 3440 ἥμισυ
1450 3372 1590 3443 ὑπὲρ
1622 3372 1744 3442 γῆν,

159 3468 227 3520 τὸ
270 3468 336 3521 δὲ
366 3467 550 3539 ἕτερον
584 3467 758 3539 ἥμισυ
786 3465 893 3519 ὑπὸ
923 3466 1047 3537 γῆν,
1080 3464 1174 3517 καὶ
1208 3464 1367 3526 αὐτὸς
1398 3464 1484 3516 διὰ
1512 3463 1621 3516 τῶν
1652 3464 1748 3517 πό-

160 3559 278 3612 λων
313 3559 759 3629 ἀντιτεμνόμενος
778 3557 900 3628 δίχα
935 3557 1039 3610 ὑπὸ
1066 3556 1157 3609 τοῦ
1190 3553 1480 3627 ὁρίζοντος.
1521 3554 1747 3624 Ὀρίζων

164 3649 247 3715 δὲ,
280 3647 425 3703 καθὰ
466 3647 801 3720 προείρηται,
826 3647 917 3700 ἐπὶ
940 3646 982 3678 ²¹
1007 3645 1115 3699 τῶν
1144 3643 1520 3716 παραλλήλων.
1560 3644 1616 3697 Ὀ
1650 3643 1747 3713 μὲν

164 3741 283 3809 γὰρ
318 3741 596 3811 ἀρκτικὸς,
620 3739 899 3810 ἐλάχιστος
925 3736 1021 3801 ὢν,
1052 3737 1168 3802 ὅλος
1204 3737 1343 3808 ὑπὲρ
1369 3736 1473 3806 γῆν
1503 3738 1616 3789 ἐστι
1633 3776 1646 3788 .
1664 3777 1677 3789 .
1697 3778 1709 3789 .
1727 3776 1745 3803 ,

167 3831 264 3884 διὰ
289 3832 394 3903 τὴν
420 3832 495 3895 ὡς
536 3832 671 3900 πρὸς
702 3831 762 3883 τὸ
800 3831 897 3901 τῆς
938 3828 1183 3892 Ἑλλάδος
1216 3826 1383 3899 κλίμα
1410 3827 1501 3880 τοῦ
1542 3827 1745 3897 κόσμου

168 3924 441 3993 ἔγκλισιν,
470 3924 781 3994 ἁπτομένης
811 3922 972 3976 αὑτοῦ
1001 3922 1101 3991 τῆς
1133 3923 1283 3975 κάτω
1316 3919 1664 3992 περιφερείας

170 4017 269 4071 τοῦ
302 4017 568 4072 ἀνάπαλιν
591 4016 695 4069 ὑπὸ
732 4016 837 4085 γῆν
863 4015 982 4077 ὅλος
1011 4015 1262 4087 ὑπάρχει.

257 4108 319 4161 Ὁ
352 4106 408 4161 δὲ
439 4105 1058 4178 ίσημερινὸς,ομέγιστος
1085 4104 1180 4167 ὣν,
1221 4104 1381 4175 μέσος
1407 4103 1514 4156 τῶν
1538 4102 1747 4173 παραλ-

171 4198 377 4269 λήλων,
414 4198 474 4252 τὸ
515 4199 613 4269 μὲν
653 4198 826 4269 ἥμισυ
868 4196 981 4268 ἔχει
1022 4196 1159 4267 ὑπὲρ
1210 4196 1311 4266 γῆν
1354 4194 1678 4265 τεμνόμενον
1702 4195 1746 4224 ’⁸

170 4272 286 4345 67:6
319 4290 411 4344 τοῦ
440 4290 709 4360 ὁρίζοντος
739 4290 891 4360 δίχα’
919 4289 979 4342 τὸ
998 4289 1055 4342 δὲ
1080 4288 1261 4341 λοιπὸν
1292 4288 1459 4357 ἥμισυ
1493 4285 1596 4338 ὑπὸ
1623 4286 1743 4353 γῆν.

172 4362 522 4451 Τέμνεταῦί³
565 4380 653 4434 διὰ
703 4381 883 4451 μέσων
924 4380 1044 4449 δίχα
1094 4379 1236 4431 κατὰ
1280 4378 1371 4431 δύο
1408 4379 1639 4448 σημεῖα*
1673 4371 1747 4430 ὧν

180 4473 325 4526 κατὰ
360 4473 457 4542 μὲν
483 4473 544 4526 τὸ
582 4472 638 4525 ἒν
665 4476 697 4543 ἠ
722 4472 814 4525 τοῦ
852 4472 1023 4542 Κριοῦ
1058 4473 1203 4523 ἐστιν
1240 4470 1399 4541 ἁρχὴ,
1427 4469 1565 4522 κατὰ
1595 4468 1651 4521 δὲ
1688 4470 1747 4522 τὸ

180 4565 425 4638 ἓτερονὴ
457 4567 564 4620 τῶν
607 4566 823 4638 Χηλῶν.
866 4562 973 4617 Τοῦ
1019 4563 1200 4633 μέντοι
1237 4562 1447 4634 θερινοῦ
1487 4562 1746 4633 τροπικοῦ
1780 4593 1825 4647 D

184 4660 342 4714 πλέον
366 4659 400 4730 ἢ
426 4660 485 4713 τὸ
510 4661 683 4730 ἥμισυ
712 4659 850 4729 ὑπὲρ
881 4658 985 4727 γῆν
1011 4656 1114 4709 67:6
1140 4656 1232 4708 τοῦ
1254 4656 1521 4725 ὁρίζοντος
1553 4655 1749 4727 τέμνε-

183 4766 300 4802 ται·
336 4750 398 4802 τὸ
427 4749 483 4803 δὲ
513 4750 697 4803 λοιπὸν
725 4750 896 4819 ἥμισυ
930 4748 1034 4801 ὑπὸ
1064 4746 1164 4815 γῆν
1190 4747 1327 4797 ἐστι.
1366 4748 1473 4800 Καὶ
1511 4747 1601 4799 τοῦ
1641 4765 1751 4817 χει-

188 4840 407 4912 μερινοῦ
436 4841 491 4893 δὲ
512 4840 768 4911 τροπικοῦ
799 4839 1081 4893 ἀνάπαλιν.
1114 4840 1237 4893 Εἰσί
1262 4857 1318 4891 τε
1343 4840 1626 4902 ἐλάσσονες
1652 4841 1750 4910 μὲν

184 4935 293 4987 τῶν
340 4934 641 5005 μεγίστων’
676 4935 919 5004 μείζονες
948 4933 1003 4986 δὲ
1029 4932 1135 4985 τῶν
1169 4932 1483 5001 ἐλαχίστων.
1521 4933 1582 4986 Οἱ
1621 4932 1665 4964 ’δ
1692 4933 1747 4985 δὲ

187 5026 426 5100 ἀλλήλοις
459 5027 593 5098 μετὰ
625 5028 747 5085 τοὺς
774 5028 1078 5096 μεγίστους,
1096 5027 1195 5078 ὅτε
1226 5024 1431 5094 Θερινὸς
1459 5023 1535 5093 τῷ
1564 5041 1748 5093 χειμε-

191 5117 339 5186 ρινῷ,
368 5118 461 5170 καί
490 5119 517 5170 6
545 5116 798 5185 ἀρκτικὸς
837 5114 915 5184 τῷ
953 5112 1315 5185 άνταρκτικῷ.
1359 5112 1489 5165 Ἀπδ
1513 5114 1620 5183 γὰρ
1651 5112 1744 5166 τοῦ

196 5207 500 5279 ίσημερινοῦ
529 5208 639 5262 ἴσον
665 5208 975 5277 ἀπέχουσιν,
1009 5206 1065 5269 ὃς
1093 5206 1180 5259 διὰ
1215 5205 1305 5258 τοῦ
1340 5205 1565 5273 κέντρου
1601 5206 1746 5257 ἐστὶν

196 5337 209 5348 .
231 5338 245 5351 .
268 5336 282 5351 .
305 5337 319 5352 .
341 5342 355 5353 .
375 5300 432 5350 ἐν
458 5300 739 5369 διαφοραῖς
782 5297 892 5349 ἴσον
919 5296 1212 5366 ἀπέχοντος
1252 5296 1355 5349 ἀπὸ
1381 5296 1473 5347 τοῦ
1523 5296 1745 5365 κέντρου

167 5389 295 5451 ,ῐσοι
326 5390 451 5444 εἰσί.
482 5390 823 5461 Τεμνομένου
863 5388 968 5458 γὰρ
1001 5388 1092 5441 τοῦ
1140 5388 1508 5461 μεσημϐρινοῦ
1548 5390 1744 5441 κύκλου

197 5480 270 5542 είς
297 5480 371 5545 τξ¹
405 5480 616 5551 μοίρας,
659 5481 768 5553 67:6
795 5482 839 5512 ³⁵
883 5479 1251 5551 μεσημϐρινοῦ
1284 5480 1483 5532 κύκλου
1517 5480 1608 5532 ἐπὶ
1655 5481 1743 5533 τὸν

198 5570 443 5641 ἀρκτικὸν
467 5572 661 5626 κύκλον
694 5556 899 5644 μοιρῶν
938 5568 1023 5635 τς¹
1052 5572 1128 5602 ³⁸⁸
1163 5572 1269 5624 ἀπὸ
1304 5572 1359 5624 δὲ
1398 5572 1489 5625 τοῦ
1537 5572 1627 5624 ἐπὶ
1655 5574 1744 5627 τὸν

1850 3272 1987 3326 alter
2038 3270 2283 3325 occiduus
2316 3270 2556 3336 dicitur,
2608 3271 2911 3339 meridiana
2968 3280 3239 3326 momenta
3276 3288 3406 3327 con-

1849 3360 2086 3430 tingunt.
2146 3360 2321 3431 Hujus
2361 3376 2487 3431 pars
2544 3360 2769 3415 dimidia
2826 3378 2989 3432 supra
3033 3372 3230 3416 terram
3287 3371 3403 3436 est;

1850 3452 1954 3507 sub
1997 3460 2143 3508 terra
2193 3452 2418 3507 dimidia
2463 3467 2589 3521 pars
2640 3454 2828 3506 altera.
2860 3451 3004 3506 Idem
3034 3460 3088 3507 et
3127 3468 3223 3523 per
3250 3454 3406 3522 polos

1848 3542 2099 3597 bifariam
2131 3543 2201 3597 ab
2233 3543 2513 3597 horizonte
2544 3542 2842 3597 dividitur:
2873 3543 3331 3614 quemadmodum
3373 3561 3404 3599 a

1848 3634 2121 3704 parallelis
2164 3634 2503 3688 horizontem
2549 3634 2727 3704 ipsum
2767 3637 2942 3692 secari
2974 3636 3404 3693 diximus:nam

1848 3729 2118 3794 arcticu's,
2177 3728 2436 3783 minimus
2482 3743 2605 3781 cum
2663 3728 2754 3792 sit,
2804 3736 2949 3784 totus
2995 3745 3157 3800 supra
3201 3738 3402 3785 terram

1848 3821 2046 3873 eminet
2079 3860 2093 3873 .
2126 3859 2137 3870 .
2170 3858 2183 3870 .
2213 3859 2226 3873 .
2254 3858 2267 3869 .
2303 3818 2373 3873 ob
2422 3818 2829 3875 inclinationem
2879 3821 3067 3875 mundi
3100 3823 3401 3878 secundum

1849 3909 2067 3965 Graecia:
2096 3912 2279 3973 clima,
2304 3912 2599 3982 attingente
2630 3912 2809 3980 ipsum
2840 3911 3094 3966 inferiore
3121 3912 3351 3968 ambitu.
3383 3947 3398 3973 .

1901 4044 1915 4059 .
1948 4045 1961 4057 .
1999 4005 2117 4057 vice
2143 4018 2294 4057 versa
2319 4011 2465 4057 totus
2497 4002 2599 4057 sub
2622 4011 2765 4057 terra
2795 3988 3086 4059 delitescit.

1918 4095 2333 4167 Equinoctialis
2366 4080 2607 4152 circulus
2657 4097 2953 4161 maximus,
3000 4113 3064 4153 ac
3117 4097 3407 4168 parallelo-

1847 4179 1967 4243 rum
1999 4187 2229 4249 medius,
2255 4186 2481 4240 dimidia
2514 4187 2597 4240 sui
2626 4196 2779 4257 parte
2807 4202 2971 4258 supra
3001 4196 3203 4242 terram
3241 4190 3374 4243 attol

1848 4282 1996 4347 litur,
2028 4280 2277 4334 bifariam
2312 4280 2381 4333 ab
2411 4281 2692 4335 horizonte
2720 4280 2951 4345 divisus,
2984 4283 3150 4337 altera
3179 4282 3405 4337 dimidia

1848 4362 2009 4444 parte:
2034 4375 2137 4429 sub
2170 4382 2314 4430 terra
2364 4375 2710 4445 deprimitur.
2765 4376 2824 4429 ln
2878 4376 2979 4431 has
3035 4390 3164 4430 vero
3220 4386 3406 4447 partes

1848 4467 1983 4521 duas
2012 4465 2221 4522 duobus
2253 4466 2307 4518 in
2366 4468 2583 4536 punctis
2618 4475 2869 4522 secatur:
2911 4472 3161 4543 quorum
3186 4466 3239 4519 in
3297 4482 3407 4520 uno

1850 4560 2049 4615 Arietis
2100 4570 2184 4614 est
2223 4560 2455 4625 initium,
2484 4560 2537 4613 in
2591 4561 2796 4624 altero,
2835 4559 3143 4613 Chelarum.
3191 4557 3404 4628 Trepici

1849 4654 2021 4709 aestivi
2073 4654 2304 4724 amplius
2351 4653 2575 4709 dimidio
2630 4654 2701 4707 ab
2754 4652 3039 4706 horizonte
3091 4653 3406 4707 intercisum

1851 4763 2019 4817 supra
2068 4753 2269 4802 terram
2308 4747 2564 4815 assurgit,
2594 4745 2861 4815 reliquum
2916 4745 3017 4801 sub
3049 4753 3249 4800 terram
3283 4746 3407 4799 abs-

1848 4841 2124 4896 conditur.
2188 4840 2391 4893 Contra
2428 4854 2513 4893 ‘se
2584 4838 2747 4893 habet
2816 4839 3080 4893 hibernus
3140 4839 3401 4906 tr0picus.

1848 4932 2023 4987 Ambo
2071 4932 2159 4987 isti
2199 4942 2257 4986 ut
2299 4932 2539 4986 minores
2582 4931 2835 4986 maximis
2868 4940 3015 4995 sunt,
3059 4932 3136 4985 sic
3169 4929 3405 4982 minimis
3444 4948 3453 4955 λ

1820 5027 2111 5097 'majores.
2163 5023 2293 5079 Post
2347 5026 2613 5078 maximos
2676 5024 2931 5092 aequales,
2969 5030 3093 5075 sunt
3152 5022 3402 5082 invicem,

1850 5120 2093 5187 tropicus
2144 5116 2366 5169 aestivus
2410 5116 2660 5179 hiberno,
2710 5122 2763 5167 et
2798 5110 3400 5183 arcticus‘antarctico:

1850 5210 2051 5279 quippe
2085 5207 2152 5259 ab
2185 5205 2551 5275 aequinoctiali
2577 5205 2777 5257 distant
2802 5201 3083 5270 :equaliter
3111 5219 3125 5252 :
3157 5198 3251 5265 qui
3279 5211 3405 5249 cen-

1850 5309 1994 5353 trum
2024 5298 2327 5353 continent.
2363 5298 2464 5363 Qui
2499 5308 2673 5349 autem
2707 5294 2897 5347 circuli
2934 5310 3000 5347 ex
3035 5307 3189 5365 azquo
3214 5286 3403 5342 remoti

1853 5399 1981 5445 sunt
2034 5404 2062 5440 a
2108 5397 2319 5451 centro,
2366 5396 2491 5442 sunt
2536 5386 2773 5453 aequales
2816 5385 3068 5438 invicem.
3101 5378 3310 5432 Etenim
3355 5376 3400 5428 si

1853 5482 2211 5536 meridianum
2262 5482 2524 5535 circulum
2579 5482 2630 5531 in
2688 5478 2792 5533 360
2852 5485 3033 5548 partes
3083 5471 3400 5530 distribuas,

1852 5580 2015 5628 erunt
2057 5588 2086 5625 a
2119 5573 2242 5644 polo
2274 5572 2459 5625 mundi
2495 5569 2558 5623 ad
2595 5570 2855 5624 arcticum
2904 5565 3188 5627 circulum,
3220 5567 3402 5631 partes

268 5755 303 5785 "
326 5756 366 5825 Ῑ.
401 5753 590 5827 οὕτως.
653 5755 710 5827 _'°
740 5755 779 5824 ι’.
800 5754 910 5827 διά.
958 5756 1036 5827 Ᾱ¹¹ᾃ
1067 5753 1186 5827 67:6.
1250 5757 1304 5827 _“
1338 5754 1376 5823 f.
1408 5757 1748 5827 τεμνόμενος.

1846 5757 1874 5788 ¹³
1898 5757 1939 5827 Ι.
1965 5758 2215 5818 τέμνεται
2240 5757 2316 5813 δέ.
2392 5757 2437 5789 υ
2462 5757 2499 5825 f.
2536 5757 2659 5811 ἴσοι.
2733 5755 2777 5787 ’⁸
2812 5752 3023 5827 Videtur
3051 5745 3401 5815 πόλουιεῃειι-

204 5822 335 5883 dum.
411 5827 457 5859 “
491 5822 613 5896 Leg.
653 5822 757 5891 lg".
792 5823 919 5879 Mox
948 5825 1053 5879 ἀπὺ
1083 5824 1137 5878 δὲ
1174 5822 1380 5879 τούτου.
