4124 6320
734 405 872 464 M59

1749 403 1840 459 AD
1875 401 2141 460 EUSEBII
2175 397 2566 490 CHRONICOIS
2606 397 2965 454 APPENDIX.

733 523 802 578 ab
830 514 1039 592 sphaera
1069 522 1401 600 consistente
1425 521 1590 589 facto,
1615 520 1684 578 de
1706 537 1829 588 axe,
1865 524 2009 594 polo,
2043 530 2098 578 et
2128 523 2196 578 iis
2217 523 2290 579 si-

2391 538 2490 592 σης
2519 521 2616 592 τῆς
2646 521 2878 591 σφαίρας
2927 519 3056 590 περὶ
3096 516 3274 591 ἄξονος
3327 520 3422 573 καὶ
3469 520 3676 582 πόλων,
3718 501 3824 575 καὶ
3850 524 3953 575 τῶν

732 613 976 678 deribus,
1022 628 1141 683 quae
1179 614 1367 691 arctici
1422 613 1615 668 circuli
1669 615 1875 668 ambitu
1937 614 2285 679 clauduntur,

734 718 1038 758 sermonem
1059 703 1328 769 instituit;
1358 702 1663 773 cujusmodi
1695 713 1842 768 sunt,
1887 702 2058 769 Ursae,
2093 703 2285 768 Draco,

733 800 788 848 et
813 809 932 863 qua:
964 794 1032 848 ab
1057 794 1275 863 cingulo
1303 793 1370 848 ad
1400 795 1562 864 pedes
1592 793 1793 864 Cephei
1838 796 2144 864 pertinent;
2173 803 2288 850 tum

734 880 806 936 de
847 882 913 936 iis
953 895 1074 952 quae
1120 881 1380 936 arcticum
1422 883 1564 937 inter
1612 889 1666 937 et
1713 882 1995 938 zodiacum
2027 884 2288 938 collocata

733 973 1002 1027 videntur.
1035 971 1113 1027 Ac
1139 972 1205 1027 de
1231 973 1299 1028 iis
1317 973 1555 1043 quidem,
1607 989 1728 1044 qua:
1771 973 1913 1029 inter
1945 974 2205 1029 arcticum
2235 982 2290 1029 et

734 1064 1040 1130 zodiacum,
1072 1071 1232 1133 atque
1259 1065 1618 1119 antarcticum
1648 1065 1754 1120 sita
1785 1071 1932 1129 sunt,
1953 1064 2029 1118 ita
2062 1065 2284 1120 scribit:

738 1176 902 1242 Atque
933 1173 1045 1226 alia
1073 1173 1277 1242 quidem
1310 1174 1458 1227 inter
1483 1173 1780 1242 aquilonem
1823 1183 1872 1228 et
1899 1178 1998 1226 iter
2033 1175 2158 1228 solis
2225 1209 2227 1211 ι

739 1242 805 1296 In
835 1243 999 1296 medio
1017 1244 1137 1310 [usa
1153 1253 1293 1306 sunt;
1315 1243 1428 1296 alia
1446 1243 1509 1295 ab
1532 1243 1767 1311 inferiori
1782 1256 1930 1312 parte
1946 1245 2223 1312 incipiunt.

737 1354 936 1410 Verum
1008 1370 1324 1411 conversam
1374 1362 1564 1424 postea
1601 1355 1996 1424 contemplatus
2047 1355 2290 1410 eamdem

738 1447 1022 1517 sphaeram,
1053 1446 1209 1516 150
1234 1447 1473 1512 ortuum,
1496 1460 1559 1500 ac
1587 1446 1749 1502 simul
1793 1447 2081 1501 orientium
2111 1455 2166 1502 et
2197 1462 2288 1501 oc-

737 1537 1033 1592 cidentium
1083 1537 1486 1592 enarrationem
1532 1536 1654 1590 iniit
1696 1539 1765 1592 ab
1800 1539 2008 1593 oriente
2053 1537 2284 1603 Cancro,

736 1629 1067 1684 culminante
1091 1627 1290 1692 Ariete,
1321 1635 1376 1682 et
1395 1629 1672 1683 occidente
1717 1627 2071 1698 Capricorno.
2117 1627 2287 1685 Orsus

737 1729 918 1774 autem
948 1719 1016 1773 ab
1036 1726 1229 1773 exortu
1258 1717 1475 1782 Cancri,
1513 1733 1635 1773 cum
1665 1733 1839 1790 eoque
1875 1721 2036 1775 simul
2057 1721 2287 1776 orientia

2393 611 2544 676 ἐντὸς
2573 611 2664 666 τοῦ
2695 610 2957 686 ἀρκτικοῦ
2995 609 3189 664 κύκλου
3219 611 3430 682 ἄστρων
3474 612 3566 665 τδν
3594 611 3751 680 λόγον
3781 617 3954 667 ποιεῖ-

2391 720 2501 756 ται.
2540 703 2695 770 Λέγω
2724 704 2779 756 δὲ
2808 704 3076 771 Ἄρκτων,
3107 703 3198 755 καὶ
3225 703 3542 773 Δράκοντος,
3578 704 3672 756 καὶ
3707 703 3826 756 τῶν
3853 705 3954 758 ἀπὶ

2391 793 2491 865 τῆς
2518 793 2691 865 ζώνης
2727 793 2887 864 μέχρι
2917 792 3093 845 ποδῶν
3113 791 3208 845 τοῦ
3242 793 3476 863 Κηφέως
3497 811 3510 824 ·
3547 791 3664 848 εἶτα
3695 796 3954 866 περὶτῶν

2396 889 2599 960 μεταξὺ
2637 883 2732 940 τοῦ
2779 882 3035 954 ἁρκτικοῦ
3064 883 3158 936 καὶ
3185 881 3445 947 ζωδιακοῦ
3491 881 3626 939 εἶναι
3666 887 3954 957 νομιζομέ-

2392 997 2519 1035 νων.
2568 978 2729 1046 Λέγει
2767 976 2825 1028 δὲ
2872 974 3133 1044 περὶτῶν
3169 975 3369 1043 μεταξὺ
3411 978 3504 1029 τοῦ
3544 977 3814 1048 ἀρκτικοῦ
3866 979 3952 1029 καὶ

2393 1069 2677 1137 ζωδιακοῦ,
2710 1070 2803 1121 καί
2831 1067 3186 1138 ἀνταρκτικοῦ
3210 1065 3380 1130 οὕτως
3405 1084 3420 1097 ο

2393 1185 2503 1238 Kal
2529 1185 2600 1238 τὰ
2621 1183 2736 1252 μὲν
2757 1178 2870 1236 οὖν
2890 1180 3082 1249 βορέω
3102 1181 3210 1252 ,καὶ
3238 1181 3492 1246 ἀλήσιος
3515 1183 3740 1252 ἠελίοιο

2391 1251 2718 1322 Medon-rbi;
2746 1252 2986 1322 κέχυται
3005 1268 3018 1278 ·
3052 1251 3123 1305 τὰ
3153 1252 3220 1304 δὲ
3245 1252 3474 1304 νειόθεν
3501 1251 3738 1319 ἄρχεται
3766 1252 3946 1306 ἄλλα.

2393 1371 2554 1423 Κινου
2563 1369 2724 1439 μένης
2746 1368 2800 1421 δὲ
2823 1369 2921 1439 τῆς
2945 1367 3198 1438 σφαίρας,
3215 1366 3259 1397 ⁸³
3273 1362 3382 1417 τῶν
3404 1365 3692 1429 ἀνατολῶν,
3712 1367 3807 1418 καὶ
3833 1383 3948 1418 συν-

2391 1459 2780 1514 ανατελλόντων
2811 1460 2906 1512 καὶ
2929 1457 3309 1511 ἅντιδυνόντων
3338 1456 3626 1525 πεποίηται
3655 1457 3762 1508 ἀπὺ
3801 1459 3948 1526 Καρο

2391 1553 2541 1606 κίνου
2575 1549 2973 1612 ἀνατέλλοντος,
3013 1549 3107 1601 καὶ
3147 1545 3601 1617 μεσουρανοῦντος
3627 1544 3822 1617 Κριοῦ,
3859 1548 3946 1598 καὶ

2391 1641 2668 1712 Αῑγόκερω
2695 1639 2964 1702 δύνοντος·
3010 1636 3337 1708 Ἀρξάμενος
3373 1635 3550 1705 μέντοι
3587 1633 3694 1686 ἀπὸ
3737 1635 3944 1703 Καρκί-

2391 1751 2481 1787 νου
2512 1732 2906 1796 ἀνατέλλοντος,
2934 1729 3028 1782 καὶ⁵
3054 1729 3098 1760 ⁸⁵
3128 1727 3348 1799 προσέτι
3391 1727 3457 1779 τὰ
3497 1725 3944 1778 συνανατέλλοηηα

737 1817 793 1862 et
821 1808 1122 1864 accidentia
1151 1823 1218 1864 ex
1261 1808 1489 1864 adverso
1522 1809 1700 1865 sidera
1741 1819 2080 1880 persecutus,
2100 1812 2286 1880 [dein-

2399 1824 2544 1894 αὐτῷ
2576 1823 2748 1894 ἄστρα
2769 1865 2785 1888 ,
2816 1822 2910 1876 καὶ
2943 1819 3282 1876 ἀντιδύνοντα
3313 1821 3370 1872 ὲν
3400 1821 3512 1880 τοῖς
3545 1817 3670 1887 ἑξῆς
3702 1816 3800 1868 οὐκ
3826 1814 3945 1883 ἐτή-

739 1913 866 1967 ceps
897 1898 1144 1954 eumdem
1175 1899 1421 1954 ordinem
1455 1913 1562 1954 non
1589 1901 1891 1961 tenuit,sed
1919 1901 2085 1957 variis
2116 1901 2290 1956 modis

2394 1890 2528 1985 ρησέ
2553 1890 2754 1983 ταύτὴν
2795 1912 2892 1982 τὴν
2933 1909 3082 1973 τάξιν
3107 1927 3119 1941 ·
3154 1908 3287 1962 ἀλλὰ
3325 1908 3629 1978 διαφόρως,
3666 1904 3797 1958 ποτὲ
3851 1904 3943 1973 μὲν

740 2005 872 2044 usus
903 1997 986 2044 est
1013 2007 1028 2044 :
1058 1996 1159 2045 ute
1181 1989 1399 2060 regione
1415 1990 1688 2046 interdum
1711 1991 2014 2045 occidentia
2035 1992 2288 2061 primum,

738 2087 864 2150 post
893 2080 1054 2135 simul
1083 2080 1310 2136 orientia
1332 2080 1666 2136 describeret
1691 2097 1706 2147 ;
1736 2082 1791 2134 in
1823 2081 1944 2136 aliis
1974 2082 2091 2137 vice
2113 2097 2288 2147 versa,

738 2185 768 2223 a
794 2171 1162 2226 coorientibus
1206 2172 1487 2241 inciperet,
1536 2173 1712 2242 iisque
1755 2159 2091 2226 Contrarium
2132 2187 2291 2229 occa-

739 2275 861 2318 sum
891 2261 1141 2315 facientia
1163 2262 1476 2330 subjiceret.

809 2347 914 2403 Sed
968 2349 1234 2418 poeticum
1283 2349 1386 2403 hoc
1435 2363 1571 2418 opus
1618 2349 1861 2418 plerique
1907 2349 2290 2421 depravarunt,

738 2439 1000 2509 pictores,
1041 2439 1358 2500 astronomi,
1399 2438 1758 2508 grammatici,
1801 2447 2122 2509 geometrae;
2171 2457 2293 2496 cum

741 2524 810 2584 ad
856 2541 1009 2581 suam
1042 2527 1272 2596 quisque
1305 2525 1539 2581 mentem
1574 2542 1638 2581 ac
1682 2529 2010 2584 voluntatem
2058 2531 2296 2602 privatas

739 2615 981 2685 picturas
1007 2622 1062 2672 et
1094 2615 1564 2686 interpretationes
1601 2618 1863 2689 exigeret.

806 2705 1161 2762 Proferuntur
1208 2722 1238 2761 a
1289 2705 1565 2764 nonnullis
1607 2707 1959 2765 Pharnamena
2012 2710 2130 2766 sine
2183 2711 2295 2766 ullo

739 2801 1006 2870 prommio
1036 2800 1091 2853 in
1119 2797 1263 2852 hunc
1302 2801 1524 2854 modum
1556 2818 1570 2854 :

741 2911 840 2966 Ila:
865 2912 1072 2983 quidem
1093 2911 1425 2966 nihilominus
1462 2912 1663 2977 multis,
1698 2920 1746 2966 et
1769 2912 1897 2966 alibi
1939 2914 2062 2969 aliae
2089 2917 2296 2984 posite;

739 3022 956 3094 quidam
989 3023 1203 3100 diversa
1230 3021 1494 3092 prooemia
1525 3020 1787 3092 referunt,
1829 3022 1972 3077 velut
2008 3042 2023 3079 :

915 3133 994 3187 De
1021 3134 1130 3186 sole
1155 3143 1203 3186 et
1232 3133 1424 3202 insigni
1453 3133 1579 3187 luna

912 3204 1080 3258 Dicite
1105 3203 1248 3266 mihi,
1281 3200 1462 3282 Mus/in

741 3314 804 3370 lii
833 3314 954 3370 aliis
981 3311 1382 3384 exemplaribus
1407 3330 1423 3369 :

741 3428 957 3503 Anclide
981 3429 1237 3503 hospitum
1273 3444 1482 3503 sacrum
1509 3445 1763 3503 germen,
1815 3440 1995 3503 age-tu
2034 3434 2161 3488 mihi

741 3502 1010 3558 Caelestem
1044 3501 1275 3569 attingas
1296 3498 1364 3552 ed
1390 3498 1666 3564 semitam;
1693 3511 1695 3513 ‘

746 3616 866 3682 alia,

915 3752 1190 3821 Antigone,
1219 3750 1480 3820 hospitum
1508 3765 1714 3803 sacrum
1739 3766 1964 3820 germen.

677 3894 688 3912 ν
743 3863 939 3921 Verum
984 3865 1128 3920 omni
1176 3879 1400 3936 prorsus
1437 3877 1624 3918 carere
1660 3862 1925 3932 prooemio
1957 3877 2094 3932 opus
2124 3861 2293 3926 istud,

741 3955 1058 4011 indecorum
1084 3962 1205 4021 est;
1241 3969 1306 4008 ac
1346 3969 1467 4009 cum
1503 3952 1669 4022 hujus
1715 3960 1886 4022 poetae
1923 3953 2199 4021 praestanti
2228 3951 2300 4005 fa-

739 4047 959 4112 cultate,
990 4055 1100 4099 tum
1128 4059 1258 4098 vero
1283 4045 1419 4098 tanti
1453 4043 1756 4113 argumenti
1789 4042 2070 4112 majestate
2115 4045 2296 4098 minus

740 4138 991 4206 dignum,
1018 4135 1100 4190 sic
1137 4135 1282 4189 enim
1311 4133 1450 4186 initii
1495 4148 1559 4187 ac
1583 4133 1730 4186 velut
1759 4132 1951 4201 capitis
1979 4147 2170 4200 expers
2209 4149 2299 4189 es-

741 4223 826 4284 set
845 4229 947 4283 hoc
970 4240 1179 4296 poema.
1204 4223 1286 4278 Ab
1315 4224 1383 4277 iis
1413 4232 1592 4276 autem
1615 4222 1862 4277 exordiis
1899 4222 2162 4287 inchoari,
2189 4224 2299 4277 An-

744 4317 906 4382 clide',
946 4324 1002 4371 et
1040 4314 1091 4369 id
1123 4319 1298 4383 genus
1334 4311 1578 4374 cateris,
1628 4323 1735 4363 non
1762 4326 1827 4365 eo
1863 4311 2039 4366 solum
2086 4311 2299 4366 videtur

745 4405 1058 4469 absurdum,
1081 4404 1221 4473 quod
1245 4412 1463 4473 propter
1501 4401 1829 4456 cacozeliam
1875 4402 1942 4457 ab
1970 4402 2123 4456 Arati
2157 4404 2296 4473 stylo

2325 3221 2372 3284 C

2388 2002 2458 2055 τὰ
2489 2001 2827 2055 ἀντιδύνοντα
2859 2000 3048 2071 πρῶτα
3076 1999 3259 2062 λέγει,
3293 1998 3514 2069 ὕστερον
3538 1998 3594 2050 δὲ
3624 1997 3690 2050 τὰ
3720 2013 3962 2049 συναναοι

2390 2093 2673 2146 τέλλονταο
2705 2093 2799 2144 ἐπὶ
2848 2091 2905 2143 δέ
2945 2108 3104 2144 τινων
3152 2089 3448 2142 ἀνάπαλιν·
3498 2088 3688 2159 πρῶτα
3735 2090 3834 2158 μὲν
3877 2087 3943 2138 τὰ

2392 2183 2864 2247 συνανατέλλοντα,
2899 2182 3118 2254 ὕστερον
3147 2180 3215 2234 τὰ
3233 2180 3592 2234 ἀντιδύνοντα.

2474 2362 2775 2434 Ἐλύμηναν
2819 2361 2875 2414 δὲ
2913 2359 3098 2413 πολλοὶ
3132 2357 3289 2412 τοῦτο
3335 2357 3395 2411 τὸ
3427 2359 3636 2428 ποίημα
3671 2358 3940 2427 ζωγράφοι

2393 2455 2487 2508 καὶ
2516 2454 2834 2524 ἀστρονόμοι
2857 2492 2871 2516 ,
2909 2451 3002 2505 καὶ
3047 2450 3418 2521 γραμματικοὶ
3443 2493 3458 2515 ,
3489 2450 3584 2503 καὶ
3615 2448 3938 2518 γεωμέτραι,

2393 2545 2618 2607 ἕκαστος
2644 2541 2820 2596 αὐτῶν
2850 2541 2985 2611 πρὸς
3014 2541 3075 2593 es
3106 2540 3348 2611 βούλημα
3370 2540 3431 2594 τὸ
3463 2540 3589 2595 ἴδιον
3621 2538 3831 2611 γραφὰς
3853 2538 3941 2592 καὶ

2394 2636 2679 2707 ιξηγήσεις
2711 2633 2842 2696 ίδίας
2863 2631 3188 2697 ποιούμενοι.

2461 2727 2685 2799 Φέρεται
2717 2725 2782 2796 δὴ
2827 2725 2898 2779 τὰ
2933 2722 3261 2792 «Patronem
3296 2721 3400 2774 ὑπὸ
3436 2722 3533 2792 μέν
3573 2739 3728 2775 τινων
3780 2724 3942 2791 ἀπρο-

2392 2820 2649 2891 οιμίαστα
2671 2834 2686 2849 ο

2386 2934 2464 2986 οι
2487 2930 2602 3000 μὲν
2625 2928 2779 2999 ὁμῶς
2803 2929 3013 2995 πολέες
3037 2946 3099 2982 τε
3118 2910 3227 2982 και
3241 2925 3494 2992 ἄλλυδις
3510 2925 3684 2979 «ωσι
3710 2926 3936 2991 ἐόντες·

2399 3021 2501 3076 ὑπὸ
2526 3022 2584 3074 δέ
2605 3039 2762 3074 τινων
2787 3021 3016 3093 διάφορα
3045 3021 3322 3091 προοίμια,
3351 3021 3524 3090 ἀρχὴν
3549 3018 3738 3090 ἔχοντα
3755 3035 3769 3047 ·

2547 3134 2709 3202 Ἀμφί
2736 3151 2836 3200 μοι
2869 3132 3092 3199 ἠελίοιο
3123 3130 3508 3199 περικιίειτοῖό
3531 3147 3594 3184 τε
3613 3129 3806 3198 μήνης

2544 3203 2793 3256 Ἕσπετέ
2815 3219 2937 3272 μοι,
2964 3202 3198 3255 Μοῦσαι

2397 3319 2518 3375 τινὰ
2546 3320 2602 3372 δὲ
2630 3318 2738 3371 τῶν
2769 3316 3115 3386 ἀντιγράφων
3135 3332 3149 3344 ·

2409 3431 2706 3501 Ἇγκλείδη
2733 3429 2944 3491 ξείνων
2968 3427 3128 3501 lepor
3158 3425 3362 3501 adice,
3388 3426 3511 3482 eid“
3539 3426 3644 3496 ἄγε
3665 3428 3742 3480 σύ
3763 3444 3862 3495 μοι

2393 3498 2688 3570 Οὐρανίην
2716 3501 3016 3567 ψαύσειας
3038 3498 3135 3551 ἐπὶ
3161 3498 3389 3566 τρίϐον·

2395 3615 2512 3669 ἔνια
2542 3613 2600 3666 δέ
2619 3630 2631 3642 ·

2545 3719 2852 3792 Ἀντίγονε,
2880 3720 3090 3787 ξείνω
3117 3719 3277 3788 ἱερὸν
3297 3721 3499 3787 θάλος.

2396 3838 2469 3892 Τὸ
2504 3837 2602 3908 μὲν
2624 3830 2715 3889 οὗν
2750 3833 3169 3905 ἀπροοιμίαστον
3193 3831 3450 3903 φέρεσθαι
3481 3832 3542 3886 τι
3570 3833 3778 3904 ποίημα
3812 3851 3940 3888 πανο
3973 3868 3975 3871 -

2393 3928 2560 3991 τελῶς
2597 3929 2743 3981 ἐστιν
2789 3926 3030 3997 ἀπρεπὲς
3073 3925 3167 3979 καὶ
3203 3922 3418 3989 ἀνάξιον
3457 3923 3556 3993 τῆς
3592 3923 3687 3977 τοῦ
3730 3924 3940 3994 ποιητοῦ

2395 4020 2590 4091 ἀρετῆς
2638 4019 2731 4072 καὶ
2779 4017 2880 4087 τῆς
2940 4017 3266 4088 τηλικαύτης
3329 4014 3633 4078 ὑποθέσεως
3657 4033 3670 4045 ·
3719 4017 3940 4085 ἄναρχον

2396 4112 2501 4183 γὰρ
2544 4111 2640 4166 καὶ
2671 4110 2940 4180 ἀκέφαλον
2983 4111 3135 4164 ἔσται
3175 4108 3235 4162 τὸ
3263 4107 3472 4177 ποίημα
3491 4124 3511 4140 ·‹
3536 4107 3597 4160 τὸ
3634 4107 3690 4160 δὲ
3720 4107 3826 4160 ἀπὸ
3855 4105 3938 4160 τοῦ

2407 4204 2737 4274 Ἀγκλείδη,
2787 4203 2881 4256 καὶ
2925 4202 3032 4257 τῶν
3082 4201 3209 4270 ἑξῆς
3251 4200 3534 4272 ἄρχεσθαι,
3574 4201 3711 4271 πρὸς
3747 4201 3825 4270 τῷ
3863 4202 3941 4260 διὰ

2395 4297 2721 4371 κακοζηλίαν
2768 4297 3024 4365 ἐκφυγεῖν
3062 4293 3230 4346 ταῦτα
3270 4292 3341 4345 τὰ
3389 4291 3493 4362 ἔπη
3542 4292 3629 4345 τδν
3672 4293 3940 4364 ’Δράτειον

2394 4388 2733 4458 χαρακτῆρα,
2767 4386 2844 4438 ἔτι
2874 4385 2966 4440 καὶ
2995 4381 3301 4455 ἐναντίωμα
3337 4381 3451 4454 ἔχει
3481 4383 3542 4436 τὸ
3567 4383 3770 4436 οἴεσθαι
3795 4384 3940 4438 ἑϐδο-

744 4499 832 4553 isti
860 4512 1055 4554 versus
1087 4472 1442 4562 abhorreant;
1477 4495 1573 4550 sed
1611 4495 1754 4549 inest
1788 4493 1841 4548 id
1885 4493 1941 4548 in
1973 4509 2036 4549 eo
2080 4472 2292 4564 quoque

2399 4481 2859 4553 μηκονταετηρίδα
2903 4475 3064 4544 εἶναι,
3095 4480 3152 4534 ὲν
3280 4475 3710 4532 ἀποκαθίσταται
3741 4477 3768 4528 ὁ
3798 4477 3940 4547 ἣλιος

744 4569 990 4660 pugnans
1009 4630 1024 4655 ,
1056 4585 1199 4656 quod
1227 4585 1384 4640 annis
1407 4586 1742 4655 septuaginta
1777 4583 2014 4669 “idem
2036 4563 2292 4654 punctum

2396 4574 2504 4628 ἀπὸ
2536 4573 2758 4643 σημείου
2786 4572 2877 4626 ἐπὶ
2902 4573 3142 4641 σημεῖον.
3176 4570 3329 4642 Ἔχει
3352 4569 3460 4640 γὰρ
3490 4569 3554 4623 τὸ
3575 4569 3941 4641 κατεψευσμι-
3969 4607 3984 4642 μ
4082 4581 4083 4588 ‘

743 4673 985 4729 revocari
1012 4673 1143 4728 solis
1179 4669 1452 4725 curricula
1490 4670 1803 4724 credantur.
1852 4665 1986 4722 Tale
2029 4673 2113 4724 est
2151 4667 2296 4722 enim

745 4763 1170 4819 commentitiun
1190 4759 1323 4816 illud
1349 4761 1626 4815 exordium
1648 4779 1660 4814 :

749 4871 947 4944 septies
972 4889 1091 4928 eum
1119 4874 1376 4930 decennii:
1398 4873 1656 4928 conversis
1684 4873 1855 4927 annis.

747 4984 878 5039 Cum
904 4993 1083 5037 tamen
1103 4983 1301 5037 Aratus
1327 4981 1695 5036 nevemdecim
1718 4992 1980 5044 annorum
2010 4977 2188 5049 spatio
2213 4991 2300 5031 re-

747 5075 899 5131 stitui
915 5073 1081 5129 solem
1096 5073 1152 5127 in
1168 5072 1308 5128 idem
1323 5061 1646 5143 principium
1662 5068 1894 5136 noverit,
1912 5070 1988 5125 ita
2015 5064 2261 5134 scribens
2279 5082 2298 5123 :

751 5223 767 5238 .
799 5222 815 5239 .
853 5225 866 5238 .
899 5223 911 5237 .
956 5226 969 5238 .
1015 5225 1030 5238 .
1062 5223 1076 5237 .
1110 5181 1234 5236 Jam
1264 5183 1400 5236 enim
1429 5181 1673 5235 celebrati
1702 5189 1824 5234 sunt

752 5252 1115 5307 Novemdecim
1138 5251 1322 5306 circuli
1349 5251 1606 5320 splendidi
1641 5248 1791 5305 solis.

751 5323 883 5376 Tum
914 5333 1232 5392 quotcunque
1259 5320 1323 5392 ab
1357 5317 1560 5389 cingulo
1595 5327 1660 5392 ad
1706 5317 2259 5392 extremumﬂrionem

755 5392 876 5447 Non:
901 5386 1102 5454 evolvit,
1139 5386 1188 5444 et
1225 5390 1293 5444 ad
1322 5386 1501 5443 canem
1530 5389 1780 5443 audacem
1817 5386 2048 5442 Orionis.
2162 5393 2171 5403 ‘

751 5500 905 5560 Unde
947 5504 992 5559 si
1033 5502 1353 5572 prooemium
1394 5498 1524 5554 illud
1569 5499 1975 5563 admiserimus,
2026 5498 2080 5552 in
2117 5511 2182 5553 eo
2210 5511 2296 5550 se-

752 5596 1027 5666 ptuaginta
1066 5607 1330 5647 annorum
1379 5593 1566 5648 orbem
1615 5601 1773 5663 poeta
1829 5587 2293 5646 constitueritzin

821 5750 868 5783 “
902 5749 1050 5823 Deest
1073 5763 1254 5803 nomen
1291 5747 1478 5817 ἀρχήν.
1571 5745 1619 5778 ⁸⁸
1650 5745 1800 5800 Deest
1847 5742 2067 5825 aliquid.

2396 4681 2487 4719 νον
2521 4662 2802 4734 προοίμιον
2826 4661 2996 4725 οὕτως
3024 4678 3037 4690 ·

2401 4863 2663 4929 Ἕπταχα
2688 4861 2807 4914 σὺν
2838 4859 3114 4914 δεκάδεσι
3139 4855 3586 4926 περιπλομένων
3606 4856 3910 4910 ενιαυτῶν.

2402 4972 2508 5027 Τοῦ
2551 4971 2777 5042 Ἀράτου
2816 4967 3415 5040 ὲννεακαιδεκαετηρίδα
3439 4967 3637 5032 εἰδότος
3671 4969 3941 5022 ἀποκατι-

2403 5063 2659 5133 στατικὴν
2683 5061 2775 5115 τοῦ
2802 5060 2951 5132 ἡλίου
2976 5059 3064 5114 διὰ
3084 5058 3326 5112 τούτων’.
3374 5056 3383 5100 Ῐ

2402 5220 2416 5233 .
2463 5216 2475 5228 .
2520 5217 2533 5229 .
2570 5215 2581 5228 .
2623 5214 2634 5227 .
2673 5214 2686 5226 .
2730 5214 2744 5227 .
2777 5212 2790 5225 .
2837 5173 2915 5226 Τὰ
2943 5171 3054 5239 γὰρ
3082 5166 3565 5240 marslpsﬂtt“
3594 5165 3710 5234 ἤδη

2413 5242 2858 5299 Ἑννεακαίδεκα
2877 5238 3070 5294 κύκλα
3094 5238 3342 5308 φαεινοῦ
3373 5238 3599 5308 ἠελίοιο
3622 5254 3637 5288 τ

2403 5317 2594 5368 ’⁷οσοά
2620 5316 2666 5366 τ’
2699 5311 2814 5366 ἀπὸ
2845 5310 3024 5375 ζώνης
3059 5307 3144 5374 είς
3165 5308 3427 5377 ἔσχατον
3456 5307 3695 5377 Ὠρίωνα

2400 5384 2526 5447 Νὺξ
2554 5380 2912 5445 ἐπιδινεῖται,
2947 5381 3112 5432 Κύνα
3140 5395 3204 5432 τε
3241 5376 3470 5445 θρασὺν
3501 5376 3789 5444 Ὠρίωνος.

2403 5494 2562 5547 Ὥστε
2591 5497 2638 5547 εί
2676 5490 3129 5562 προσδεχθείημεν
3155 5489 3217 5542 τὸ
3249 5487 3548 5572 προοίμιον,
3581 5489 3640 5540 ὲν
3674 5487 3824 5558 αὑτῷ
3853 5489 3944 5560 μὲν

2399 5581 2990 5656 ὲὸδομηκονταετηρίδα
3019 5581 3168 5636 ἔσται
3213 5579 3388 5649 λέγων
3425 5580 3453 5632 6
3491 5578 3754 5652 ποιητὴς,
3790 5582 3850 5635 ὲν
3895 5580 3942 5634 δὲ

2163 5741 2206 5773 δ’
2240 5739 2282 5807 f.
2319 5736 2672 5792 συναείδεται.
