  <div class='ocr_page' id='page_1' title='image "/cluster/home/n/w/nwhite01/storage/ocr_20150623/19/pst.000005712045/598.png"; bbox 0 0 4124 6320; ppageno 0'>
   <div class='ocr_carea' id='block_1_1' title="bbox 914 366 928 394">
    <p class='ocr_par' dir='ltr' id='par_1_1' title="bbox 914 366 928 394">
     <span class='ocr_line' id='line_1_1' title="bbox 914 366 928 394; baseline 0 0"><span class='ocrx_word' id='word_1_1' title='bbox 914 366 928 394; x_wconf 80' lang='grc' dir='ltr'><strong>ι</strong></span> 
     </span>
    </p>
   </div>
   <div class='ocr_carea' id='block_1_2' title="bbox 179 412 321 468">
    <p class='ocr_par' dir='ltr' id='par_1_2' title="bbox 179 412 321 468">
     <span class='ocr_line' id='line_1_2' title="bbox 179 412 321 468; baseline 0.021 -2"><span class='ocrx_word' id='word_1_2' title='bbox 179 412 321 468; x_wconf 73' lang='lat'><strong>“65</strong></span> 
     </span>
    </p>
   </div>
   <div class='ocr_carea' id='block_1_3' title="bbox 1593 417 2018 474">
    <p class='ocr_par' dir='ltr' id='par_1_3' title="bbox 1593 417 2018 474">
     <span class='ocr_line' id='line_1_3' title="bbox 1593 417 2018 474; baseline -0.005 0"><span class='ocrx_word' id='word_1_3' title='bbox 1593 417 1798 474; x_wconf 80' lang='lat' dir='ltr'><strong>ARATI</strong></span> <span class='ocrx_word' id='word_1_4' title='bbox 1840 417 2018 474; x_wconf 80' lang='lat' dir='ltr'><strong>VITA.</strong></span> 
     </span>
    </p>
   </div>
   <div class='ocr_carea' id='block_1_4' title="bbox 3235 408 3371 471">
    <p class='ocr_par' dir='ltr' id='par_1_4' title="bbox 3235 408 3371 471">
     <span class='ocr_line' id='line_1_4' title="bbox 3235 408 3371 471; baseline 0.044 -6"><span class='ocrx_word' id='word_1_5' title='bbox 3235 408 3371 471; x_wconf 74' lang='lat'><strong>“66</strong></span> 
     </span>
    </p>
   </div>
   <div class='ocr_carea' id='block_1_5' title="bbox 178 527 1728 604">
    <p class='ocr_par' dir='ltr' id='par_1_5' title="bbox 178 527 1728 602">
     <span class='ocr_line' id='line_1_5' title="bbox 178 527 1728 602; baseline 0.005 -22"><span class='ocrx_word' id='word_1_6' title='bbox 178 528 275 580; x_wconf 73' lang='grc' dir='ltr'><strong>καὶ</strong></span> <span class='ocrx_word' id='word_1_7' title='bbox 329 527 616 594; x_wconf 73' lang='grc' dir='ltr'>Βουλαῒος</span> <span class='ocrx_word' id='word_1_8' title='bbox 657 529 810 594; x_wconf 80' lang='grc' dir='ltr'>Ζεὺς,</span> <span class='ocrx_word' id='word_1_9' title='bbox 858 531 932 594; x_wconf 81' lang='grc' dir='ltr'>ὡς</span> <span class='ocrx_word' id='word_1_10' title='bbox 984 531 1218 598; x_wconf 77' lang='grc' dir='ltr'>Ξένιος³</span> <span class='ocrx_word' id='word_1_11' title='bbox 1266 533 1356 587; x_wconf 78' lang='grc' dir='ltr'>καὶ</span> <span class='ocrx_word' id='word_1_12' title='bbox 1407 534 1728 602; x_wconf 64' lang='grc' dir='ltr'>Ἑταιρεῖος,</span> 
     </span>
    </p>
   </div>
   <div class='ocr_carea' id='block_1_6' title="bbox 1812 527 3369 604">
    <p class='ocr_par' dir='ltr' id='par_1_6' title="bbox 1833 528 3369 604">
     <span class='ocr_line' id='line_1_6' title="bbox 1833 528 3369 604; baseline -0.007 -14"><span class='ocrx_word' id='word_1_13' title='bbox 1833 545 1916 590; x_wconf 88' lang='lat' dir='ltr'><strong>est</strong></span> <span class='ocrx_word' id='word_1_14' title='bbox 1933 533 2306 598; x_wconf 80' lang='lat' dir='ltr'><strong>Consiliarius&#39;,</strong></span> <span class='ocrx_word' id='word_1_15' title='bbox 2327 533 2625 603; x_wconf 75' lang='lat' dir='ltr'><strong>appellatur</strong></span> <span class='ocrx_word' id='word_1_16' title='bbox 2640 532 2868 604; x_wconf 77' lang='lat' dir='ltr'><strong>Jupiter;</strong></span> <span class='ocrx_word' id='word_1_17' title='bbox 2894 531 3035 585; x_wconf 87' lang='lat' dir='ltr'><strong>sicut</strong></span> <span class='ocrx_word' id='word_1_18' title='bbox 3055 528 3369 598; x_wconf 75' lang='lat' dir='ltr'><strong>Hospitalts,</strong></span> 
     </span>
    </p>
   </div>
   <div class='ocr_carea' id='block_1_7' title="bbox 177 618 1179 691">
    <p class='ocr_par' dir='ltr' id='par_1_7' title="bbox 177 618 1179 691">
     <span class='ocr_line' id='line_1_7' title="bbox 177 618 1179 691; baseline 0.005 -20"><span class='ocrx_word' id='word_1_19' title='bbox 177 618 378 683; x_wconf 75' lang='grc' dir='ltr'>Φίλος,</span> <span class='ocrx_word' id='word_1_20' title='bbox 402 618 750 686; x_wconf 65' lang='grc' dir='ltr'>Φυτὰλιμος,</span> <span class='ocrx_word' id='word_1_21' title='bbox 792 622 1179 691; x_wconf 74' lang='grc' dir='ltr'>Ἐπικάρπιος.</span> 
     </span>
    </p>
   </div>
   <div class='ocr_carea' id='block_1_8' title="bbox 248 702 1726 785">
    <p class='ocr_par' dir='ltr' id='par_1_8' title="bbox 248 702 1726 785">
     <span class='ocr_line' id='line_1_8' title="bbox 248 702 1726 785; baseline 0.007 -23"><span class='ocrx_word' id='word_1_22' title='bbox 248 707 450 776; x_wconf 80' lang='grc' dir='ltr'>Μεστὴ</span> <span class='ocrx_word' id='word_1_23' title='bbox 483 702 564 761; x_wconf 76' lang='grc' dir='ltr'><strong>δὲ’</strong></span> <span class='ocrx_word' id='word_1_24' title='bbox 581 710 878 776; x_wconf 66' lang='grc' dir='ltr'>θάλασσα,</span> <span class='ocrx_word' id='word_1_25' title='bbox 903 714 999 766; x_wconf 72' lang='grc' dir='ltr'>καὶ</span> <span class='ocrx_word' id='word_1_26' title='bbox 1019 715 1275 782; x_wconf 72' lang='grc' dir='ltr'>λιμένες.</span> <span class='ocrx_word' id='word_1_27' title='bbox 1313 716 1644 785; x_wconf 77' lang='grc' dir='ltr'>Ἐπιπόριος</span> <span class='ocrx_word' id='word_1_28' title='bbox 1661 717 1726 781; x_wconf 74' lang='grc'><strong>⁸⁸,</strong></span> 
     </span>
    </p>
   </div>
   <div class='ocr_carea' id='block_1_9' title="bbox 177 798 1728 877">
    <p class='ocr_par' dir='ltr' id='par_1_9' title="bbox 177 798 1728 877">
     <span class='ocr_line' id='line_1_9' title="bbox 177 798 1728 877; baseline 0.006 -26"><span class='ocrx_word' id='word_1_29' title='bbox 177 798 275 851; x_wconf 83' lang='grc' dir='ltr'>καὶ</span> <span class='ocrx_word' id='word_1_30' title='bbox 315 798 603 866; x_wconf 81' lang='grc' dir='ltr'>Λιμένιος,</span> <span class='ocrx_word' id='word_1_31' title='bbox 651 800 743 856; x_wconf 73' lang='grc' dir='ltr'>καὶ</span> <span class='ocrx_word' id='word_1_32' title='bbox 792 803 1058 872; x_wconf 77' lang='grc' dir='ltr'>Κερδῷος</span> <span class='ocrx_word' id='word_1_33' title='bbox 1107 809 1215 868; x_wconf 85' lang='grc' dir='ltr'>τοῖς</span> <span class='ocrx_word' id='word_1_34' title='bbox 1259 807 1538 877; x_wconf 77' lang='grc' dir='ltr'>ἐμπόροις.</span> <span class='ocrx_word' id='word_1_35' title='bbox 1583 809 1635 860; x_wconf 89' lang='grc' dir='ltr'><strong><em>Ὀ</em></strong></span> <span class='ocrx_word' id='word_1_36' title='bbox 1676 808 1728 861; x_wconf 84' lang='grc' dir='ltr'><strong>δ’</strong></span> 
     </span>
    </p>
   </div>
   <div class='ocr_carea' id='block_1_10' title="bbox 175 888 1728 967">
    <p class='ocr_par' dir='ltr' id='par_1_10' title="bbox 175 888 1728 967">
     <span class='ocr_line' id='line_1_10' title="bbox 175 888 1728 967; baseline 0.008 -26"><span class='ocrx_word' id='word_1_37' title='bbox 175 888 356 959; x_wconf 70' lang='grc' dir='ltr'>ἤπιος</span> <span class='ocrx_word' id='word_1_38' title='bbox 389 890 804 959; x_wconf 63' lang='grc' dir='ltr'>ἀνθρώποισιν</span> <span class='ocrx_word' id='word_1_39' title='bbox 844 897 964 948; x_wconf 74' lang='grc' dir='ltr'>ἐπεὶ</span> <span class='ocrx_word' id='word_1_40' title='bbox 993 896 1186 964; x_wconf 73' lang='grc' dir='ltr'>πατὴρ</span> <span class='ocrx_word' id='word_1_41' title='bbox 1218 898 1450 967; x_wconf 79' lang='grc' dir='ltr'><em>ἀνδρῶν</em></span> <span class='ocrx_word' id='word_1_42' title='bbox 1487 916 1551 951; x_wconf 79' lang='grc' dir='ltr'><strong>τε</strong></span> <span class='ocrx_word' id='word_1_43' title='bbox 1581 899 1728 954; x_wconf 81' lang='grc' dir='ltr'>θεῶν</span> 
     </span>
    </p>
   </div>
   <div class='ocr_carea' id='block_1_11' title="bbox 176 981 1356 1053">
    <p class='ocr_par' dir='ltr' id='par_1_11' title="bbox 176 981 1356 1053">
     <span class='ocr_line' id='line_1_11' title="bbox 176 981 1356 1053; baseline 0.006 -20"><span class='ocrx_word' id='word_1_44' title='bbox 176 998 261 1034; x_wconf 82' lang='grc' dir='ltr'>τε.</span> <span class='ocrx_word' id='word_1_45' title='bbox 293 981 390 1035; x_wconf 81' lang='grc' dir='ltr'><strong>Διὰ</strong></span> <span class='ocrx_word' id='word_1_46' title='bbox 435 983 589 1036; x_wconf 85' lang='grc' dir='ltr'>τοῦτο</span> <span class='ocrx_word' id='word_1_47' title='bbox 623 985 714 1037; x_wconf 82' lang='grc' dir='ltr'><strong>καὶ</strong></span> <span class='ocrx_word' id='word_1_48' title='bbox 747 984 921 1053; x_wconf 76' lang='grc' dir='ltr'>ἤπιος</span> <span class='ocrx_word' id='word_1_49' title='bbox 952 1002 964 1016; x_wconf 75' lang='grc'><strong><em>⁸</em></strong></span> <span class='ocrx_word' id='word_1_50' title='bbox 1353 983 1356 986; x_wconf 60' lang='grc'><em>’</em></span> 
     </span>
    </p>
   </div>
   <div class='ocr_carea' id='block_1_12' title="bbox 246 1094 1327 1168">
    <p class='ocr_par' dir='ltr' id='par_1_12' title="bbox 246 1094 1327 1168">
     <span class='ocr_line' id='line_1_12' title="bbox 246 1094 1327 1168; baseline 0.002 -18"><span class='ocrx_word' id='word_1_51' title='bbox 246 1137 260 1150; x_wconf 93' lang='grc'><strong>.</strong></span> <span class='ocrx_word' id='word_1_52' title='bbox 299 1136 314 1149; x_wconf 94' lang='grc'><strong>.</strong></span> <span class='ocrx_word' id='word_1_53' title='bbox 349 1135 364 1148; x_wconf 93' lang='grc'><strong>.</strong></span> <span class='ocrx_word' id='word_1_54' title='bbox 401 1134 417 1149; x_wconf 86' lang='grc'><strong>.</strong></span> <span class='ocrx_word' id='word_1_55' title='bbox 450 1135 465 1148; x_wconf 90' lang='grc'><em>.</em></span> <span class='ocrx_word' id='word_1_56' title='bbox 503 1136 518 1151; x_wconf 92' lang='grc'><strong>.</strong></span> <span class='ocrx_word' id='word_1_57' title='bbox 556 1097 755 1165; x_wconf 83' lang='grc' dir='ltr'>Πατὴρ</span> <span class='ocrx_word' id='word_1_58' title='bbox 785 1098 835 1150; x_wconf 79' lang='grc' dir='ltr'><strong>δ’</strong></span> <span class='ocrx_word' id='word_1_59' title='bbox 874 1099 952 1163; x_wconf 87' lang='grc' dir='ltr'>ὡς</span> <span class='ocrx_word' id='word_1_60' title='bbox 992 1097 1163 1164; x_wconf 75' lang='grc' dir='ltr'>ἤπιος</span> <span class='ocrx_word' id='word_1_61' title='bbox 1200 1094 1327 1168; x_wconf 79' lang='grc' dir='ltr'><strong>ἦεν.</strong></span> 
     </span>
    </p>
   </div>
   <div class='ocr_carea' id='block_1_13' title="bbox 249 1209 1727 1283">
    <p class='ocr_par' dir='ltr' id='par_1_13' title="bbox 249 1209 1727 1283">
     <span class='ocr_line' id='line_1_13' title="bbox 249 1209 1727 1283; baseline 0.003 -21"><span class='ocrx_word' id='word_1_62' title='bbox 249 1209 414 1279; x_wconf 77' lang='grc' dir='ltr'>Λέγει</span> <span class='ocrx_word' id='word_1_63' title='bbox 456 1210 507 1263; x_wconf 83' lang='grc' dir='ltr'><strong>δ’</strong></span> <span class='ocrx_word' id='word_1_64' title='bbox 542 1211 638 1266; x_wconf 85' lang='grc' dir='ltr'>ὅτε</span> <span class='ocrx_word' id='word_1_65' title='bbox 663 1211 868 1278; x_wconf 68' lang='grc' dir='ltr'><strong>,βῶλος⁵</strong></span> <span class='ocrx_word' id='word_1_66' title='bbox 894 1213 1127 1280; x_wconf 82' lang='grc' dir='ltr'>ἀρίστη.</span> <span class='ocrx_word' id='word_1_67' title='bbox 1157 1212 1426 1283; x_wconf 83' lang='grc' dir='ltr'>Γράφεται</span> <span class='ocrx_word' id='word_1_68' title='bbox 1457 1213 1548 1267; x_wconf 82' lang='grc' dir='ltr'><strong>καὶ</strong></span> <span class='ocrx_word' id='word_1_69' title='bbox 1593 1215 1727 1283; x_wconf 83' lang='grc' dir='ltr'>ἀρο-</span> 
     </span>
    </p>
   </div>
   <div class='ocr_carea' id='block_1_14' title="bbox 173 1299 1723 1376">
    <p class='ocr_par' dir='ltr' id='par_1_14' title="bbox 173 1299 1723 1376">
     <span class='ocr_line' id='line_1_14' title="bbox 173 1299 1723 1376; baseline 0.005 -26"><span class='ocrx_word' id='word_1_70' title='bbox 173 1299 292 1366; x_wconf 83' lang='grc' dir='ltr'><strong>στὴ</strong></span> <span class='ocrx_word' id='word_1_71' title='bbox 315 1302 346 1370; x_wconf 80' lang='grc' dir='ltr'><strong>ἡ</strong></span> <span class='ocrx_word' id='word_1_72' title='bbox 373 1302 655 1373; x_wconf 75' lang='grc' dir='ltr'>ιὰροσίμη·</span> <span class='ocrx_word' id='word_1_73' title='bbox 673 1321 690 1353; x_wconf 73' lang='grc' dir='ltr'><strong>ι</strong></span> <span class='ocrx_word' id='word_1_74' title='bbox 710 1303 754 1333; x_wconf 79' lang='grc' dir='ltr'><strong>⁸ο</strong></span> <span class='ocrx_word' id='word_1_75' title='bbox 776 1302 893 1373; x_wconf 83' lang='grc' dir='ltr'>[οὐχ</span> <span class='ocrx_word' id='word_1_76' title='bbox 915 1303 1171 1372; x_wconf 82' lang='grc' dir='ltr'><strong>ἁρμόττει</strong></span> <span class='ocrx_word' id='word_1_77' title='bbox 1197 1303 1308 1375; x_wconf 88' lang='grc' dir='ltr'><strong>δέ</strong></span> <span class='ocrx_word' id='word_1_78' title='bbox 1339 1303 1576 1372; x_wconf 76' lang='grc' dir='ltr'>ἐπιλέγεί</span> <span class='ocrx_word' id='word_1_79' title='bbox 1595 1307 1723 1376; x_wconf 85' lang='grc' dir='ltr'>γὰρ,</span> 
     </span>
    </p>
   </div>
   <div class='ocr_carea' id='block_1_15' title="bbox 166 1389 1725 1467">
    <p class='ocr_par' dir='ltr' id='par_1_15' title="bbox 166 1389 1725 1467">
     <span class='ocr_line' id='line_1_15' title="bbox 166 1389 1725 1467; baseline 0.004 -25"><span class='ocrx_word' id='word_1_80' title='bbox 166 1389 358 1451; x_wconf 80' lang='grc' dir='ltr'>,βουσί</span> <span class='ocrx_word' id='word_1_81' title='bbox 402 1409 463 1444; x_wconf 83' lang='grc' dir='ltr'><strong>τε</strong></span> <span class='ocrx_word' id='word_1_82' title='bbox 508 1393 605 1446; x_wconf 78' lang='grc' dir='ltr'>καὶ</span> <span class='ocrx_word' id='word_1_83' title='bbox 641 1393 957 1461; x_wconf 71' lang='grc' dir='ltr'>μακέλῃσι.</span> <span class='ocrx_word' id='word_1_84' title='bbox 995 1395 1268 1458; x_wconf 79' lang='grc' dir='ltr'>Μακέλαις</span> <span class='ocrx_word' id='word_1_85' title='bbox 1299 1395 1353 1448; x_wconf 78' lang='grc' dir='ltr'><strong>δὲ</strong></span> <span class='ocrx_word' id='word_1_86' title='bbox 1377 1397 1478 1448; x_wconf 84' lang='grc' dir='ltr'><strong>οὐκ</strong></span> <span class='ocrx_word' id='word_1_87' title='bbox 1501 1395 1725 1467; x_wconf 76' lang='grc' dir='ltr'>ἀροῦται</span> 
     </span>
    </p>
   </div>
   <div class='ocr_carea' id='block_1_16' title="bbox 170 1478 1726 1558">
    <p class='ocr_par' dir='ltr' id='par_1_16' title="bbox 170 1478 1726 1558">
     <span class='ocr_line' id='line_1_16' title="bbox 170 1478 1726 1558; baseline 0.008 -31"><span class='ocrx_word' id='word_1_88' title='bbox 170 1492 278 1539; x_wconf 83' lang='grc' dir='ltr'>τις.</span> <span class='ocrx_word' id='word_1_89' title='bbox 339 1478 642 1546; x_wconf 86' lang='grc' dir='ltr'>Γυρῶσαι,</span> <span class='ocrx_word' id='word_1_90' title='bbox 713 1480 891 1550; x_wconf 82' lang='grc' dir='ltr'>κύκλῳ</span> <span class='ocrx_word' id='word_1_91' title='bbox 950 1484 1302 1552; x_wconf 74' lang='grc' dir='ltr'>περισκάψαι.</span> <span class='ocrx_word' id='word_1_92' title='bbox 1352 1485 1466 1537; x_wconf 80' lang='grc' dir='ltr'><strong>Πᾶν</strong></span> <span class='ocrx_word' id='word_1_93' title='bbox 1509 1486 1612 1558; x_wconf 86' lang='grc' dir='ltr'><strong>γὰρ</strong></span> <span class='ocrx_word' id='word_1_94' title='bbox 1668 1485 1726 1539; x_wconf 82' lang='grc' dir='ltr'>τὸ</span> 
     </span>
    </p>
   </div>
   <div class='ocr_carea' id='block_1_17' title="bbox 172 1559 1752 1646">
    <p class='ocr_par' dir='ltr' id='par_1_17' title="bbox 172 1559 1752 1646">
     <span class='ocr_line' id='line_1_17' title="bbox 172 1559 1752 1646; baseline 0.004 -24"><span class='ocrx_word' id='word_1_95' title='bbox 172 1559 494 1640; x_wconf 78' lang='grc' dir='ltr'>κυκλοτερὲς</span> <span class='ocrx_word' id='word_1_96' title='bbox 535 1571 723 1642; x_wconf 83' lang='grc' dir='ltr'>γυρόν·</span> <span class='ocrx_word' id='word_1_97' title='bbox 757 1572 948 1639; x_wconf 86' lang='grc' dir='ltr'>Γυρὸς</span> <span class='ocrx_word' id='word_1_98' title='bbox 980 1574 1048 1625; x_wconf 80' lang='grc' dir='ltr'><strong>ἐν</strong></span> <span class='ocrx_word' id='word_1_99' title='bbox 1074 1573 1345 1642; x_wconf 73' lang='grc' dir='ltr'>ὤμοισιν,</span> <span class='ocrx_word' id='word_1_100' title='bbox 1384 1576 1574 1642; x_wconf 87' lang='grc' dir='ltr'>Αὐτὸς</span> <span class='ocrx_word' id='word_1_101' title='bbox 1615 1578 1752 1646; x_wconf 78' lang='grc' dir='ltr'><strong>τὰρ”</strong></span> 
     </span>
    </p>
   </div>
   <div class='ocr_carea' id='block_1_18' title="bbox 153 1655 1725 1735">
    <p class='ocr_par' dir='ltr' id='par_1_18' title="bbox 153 1655 1725 1735">
     <span class='ocr_line' id='line_1_18' title="bbox 153 1655 1725 1735; baseline 0.005 -25"><span class='ocrx_word' id='word_1_102' title='bbox 153 1655 314 1712; x_wconf 76' lang='grc' dir='ltr'>’τάδε</span> <span class='ocrx_word' id='word_1_103' title='bbox 361 1659 571 1727; x_wconf 79' lang='grc' dir='ltr'>σήματ’</span> <span class='ocrx_word' id='word_1_104' title='bbox 614 1661 682 1712; x_wconf 82' lang='grc' dir='ltr'><strong>ὲν</strong></span> <span class='ocrx_word' id='word_1_105' title='bbox 712 1660 938 1729; x_wconf 68' lang='grc' dir='ltr'>οὐρανῷ</span> <span class='ocrx_word' id='word_1_106' title='bbox 980 1662 1288 1729; x_wconf 75' lang='grc' dir='ltr'>ἐστήριξε,</span> <span class='ocrx_word' id='word_1_107' title='bbox 1341 1665 1463 1727; x_wconf 76' lang='grc' dir='ltr'>τοὺς</span> <span class='ocrx_word' id='word_1_108' title='bbox 1495 1665 1725 1735; x_wconf 80' lang='grc' dir='ltr'><strong>ἀστέρας</strong></span> 
     </span>
    </p>
   </div>
   <div class='ocr_carea' id='block_1_19' title="bbox 171 1748 1722 1827">
    <p class='ocr_par' dir='ltr' id='par_1_19' title="bbox 171 1748 1722 1827">
     <span class='ocr_line' id='line_1_19' title="bbox 171 1748 1722 1827; baseline 0.005 -27"><span class='ocrx_word' id='word_1_109' title='bbox 171 1748 270 1800; x_wconf 76' lang='grc' dir='ltr'><strong>καὶ</strong></span> <span class='ocrx_word' id='word_1_110' title='bbox 303 1750 373 1802; x_wconf 83' lang='grc' dir='ltr'>τὰ</span> <span class='ocrx_word' id='word_1_111' title='bbox 417 1750 624 1805; x_wconf 79' lang='grc' dir='ltr'>εἴδωλα.</span> <span class='ocrx_word' id='word_1_112' title='bbox 655 1752 809 1821; x_wconf 77' lang='grc' dir='ltr'>Παρὰ</span> <span class='ocrx_word' id='word_1_113' title='bbox 833 1752 888 1804; x_wconf 81' lang='grc' dir='ltr'>δὲ</span> <span class='ocrx_word' id='word_1_114' title='bbox 1008 1753 1322 1824; x_wconf 85' lang='grc' dir='ltr'>ἐστηρίχθαι</span> <span class='ocrx_word' id='word_1_115' title='bbox 1355 1755 1722 1825; x_wconf 79' lang='grc' dir='ltr'>ὴτυμολόγησε</span> 
     </span>
    </p>
   </div>
   <div class='ocr_carea' id='block_1_20' title="bbox 169 1839 1715 1917">
    <p class='ocr_par' dir='ltr' id='par_1_20' title="bbox 169 1839 1715 1917">
     <span class='ocr_line' id='line_1_20' title="bbox 169 1839 1715 1917; baseline 0.006 -28"><span class='ocrx_word' id='word_1_116' title='bbox 169 1839 282 1890; x_wconf 84' lang='grc' dir='ltr'><strong>τῶν</strong></span> <span class='ocrx_word' id='word_1_117' title='bbox 296 1841 534 1911; x_wconf 84' lang='grc' dir='ltr'><strong>ἀστέρων</strong></span> <span class='ocrx_word' id='word_1_118' title='bbox 556 1841 615 1894; x_wconf 80' lang='grc' dir='ltr'><strong>τὸ</strong></span> <span class='ocrx_word' id='word_1_119' title='bbox 639 1843 820 1912; x_wconf 73' lang='grc' dir='ltr'>ὄνομα.</span> <span class='ocrx_word' id='word_1_120' title='bbox 844 1842 1023 1896; x_wconf 84' lang='grc' dir='ltr'>Ἀλλοι</span> <span class='ocrx_word' id='word_1_121' title='bbox 1043 1845 1099 1896; x_wconf 81' lang='grc' dir='ltr'><strong>δέ</strong></span> <span class='ocrx_word' id='word_1_122' title='bbox 1119 1862 1278 1912; x_wconf 82' lang='grc' dir='ltr'>φασιν</span> <span class='ocrx_word' id='word_1_123' title='bbox 1296 1846 1401 1898; x_wconf 84' lang='grc' dir='ltr'>ἀπὸ</span> <span class='ocrx_word' id='word_1_124' title='bbox 1417 1847 1715 1917; x_wconf 82' lang='grc' dir='ltr'>Ἀστραίου.</span> 
     </span>
    </p>
   </div>
   <div class='ocr_carea' id='block_1_21' title="bbox 171 1930 1723 2007">
    <p class='ocr_par' dir='ltr' id='par_1_21' title="bbox 171 1930 1723 2007">
     <span class='ocr_line' id='line_1_21' title="bbox 171 1930 1723 2007; baseline 0.006 -25"><span class='ocrx_word' id='word_1_125' title='bbox 171 1930 274 1982; x_wconf 85' lang='grc' dir='ltr'><strong>Διὰ</strong></span> <span class='ocrx_word' id='word_1_126' title='bbox 331 1931 386 1983; x_wconf 86' lang='grc' dir='ltr'><strong>δὲ</strong></span> <span class='ocrx_word' id='word_1_127' title='bbox 429 1933 507 1996; x_wconf 80' lang='grc' dir='ltr'><strong>τὸ,</strong></span> <span class='ocrx_word' id='word_1_128' title='bbox 553 1933 879 2001; x_wconf 75' lang='grc' dir='ltr'>Ἐστήριξε,</span> <span class='ocrx_word' id='word_1_129' title='bbox 923 1935 982 1988; x_wconf 86' lang='grc' dir='ltr'><strong>τὸ</strong></span> <span class='ocrx_word' id='word_1_130' title='bbox 1025 1936 1276 2007; x_wconf 82' lang='grc' dir='ltr'>ἀκίνητον</span> <span class='ocrx_word' id='word_1_131' title='bbox 1322 1938 1430 1990; x_wconf 84' lang='grc' dir='ltr'>τῶν</span> <span class='ocrx_word' id='word_1_132' title='bbox 1474 1939 1723 1992; x_wconf 78' lang='grc' dir='ltr'><strong>ἀπλανῶν</strong></span> 
     </span>
    </p>
   </div>
   <div class='ocr_carea' id='block_1_22' title="bbox 169 2022 1787 2107">
    <p class='ocr_par' dir='ltr' id='par_1_22' title="bbox 169 2022 1787 2107">
     <span class='ocr_line' id='line_1_22' title="bbox 169 2022 1787 2107; baseline 0.006 -33"><span class='ocrx_word' id='word_1_133' title='bbox 169 2022 442 2093; x_wconf 79' lang='grc' dir='ltr'><strong>ἐδήλωσε·</strong></span> <span class='ocrx_word' id='word_1_134' title='bbox 507 2026 857 2094; x_wconf 75' lang='grc' dir='ltr'><strong>τετυγμένα,</strong></span> <span class='ocrx_word' id='word_1_135' title='bbox 913 2030 1310 2097; x_wconf 84' lang='grc' dir='ltr'><strong>παρῳχημένου</strong></span> <span class='ocrx_word' id='word_1_136' title='bbox 1362 2029 1549 2099; x_wconf 85' lang='grc' dir='ltr'>χρόνου</span> <span class='ocrx_word' id='word_1_137' title='bbox 1606 2032 1725 2083; x_wconf 68' lang='grc' dir='ltr'>ἀντὶ</span> <span class='ocrx_word' id='word_1_138' title='bbox 1759 2086 1787 2107; x_wconf 40' lang='grc' dir='ltr'><strong>κ</strong></span> 
     </span>
    </p>
   </div>
   <div class='ocr_carea' id='block_1_23' title="bbox 173 2114 1165 2189">
    <p class='ocr_par' dir='ltr' id='par_1_23' title="bbox 173 2114 1165 2189">
     <span class='ocr_line' id='line_1_23' title="bbox 173 2114 1165 2189; baseline 0.026 -25"><span class='ocrx_word' id='word_1_139' title='bbox 173 2114 490 2181; x_wconf 82' lang='grc' dir='ltr'>μέλλοντος·</span> <span class='ocrx_word' id='word_1_140' title='bbox 529 2116 602 2177; x_wconf 85' lang='grc' dir='ltr'>ὼς</span> <span class='ocrx_word' id='word_1_141' title='bbox 636 2116 785 2185; x_wconf 83' lang='grc' dir='ltr'><strong>παρά</strong></span> <span class='ocrx_word' id='word_1_142' title='bbox 815 2116 893 2186; x_wconf 77' lang='grc' dir='ltr'>τῷ</span> <span class='ocrx_word' id='word_1_143' title='bbox 935 2123 1165 2189; x_wconf 75' lang='grc' dir='ltr'>ποιητῇ·</span> 
     </span>
    </p>
   </div>
   <div class='ocr_carea' id='block_1_24' title="bbox 169 2225 1720 2298">
    <p class='ocr_par' dir='ltr' id='par_1_24' title="bbox 169 2225 1720 2298">
     <span class='ocr_line' id='line_1_24' title="bbox 169 2225 1720 2298; baseline 0.005 -20"><span class='ocrx_word' id='word_1_144' title='bbox 169 2227 246 2278; x_wconf 82' lang='lat' dir='ltr'><strong>El</strong></span> <span class='ocrx_word' id='word_1_145' title='bbox 259 2225 506 2294; x_wconf 75' lang='grc' dir='ltr'>δύναμαι</span> <span class='ocrx_word' id='word_1_146' title='bbox 525 2227 760 2280; x_wconf 77' lang='grc' dir='ltr'><strong>τελέσαι</strong></span> <span class='ocrx_word' id='word_1_147' title='bbox 783 2245 867 2295; x_wconf 77' lang='grc' dir='ltr'>γε,</span> <span class='ocrx_word' id='word_1_148' title='bbox 889 2228 984 2280; x_wconf 75' lang='grc' dir='ltr'>καὶ</span> <span class='ocrx_word' id='word_1_149' title='bbox 1006 2231 1055 2280; x_wconf 86' lang='lat' dir='ltr'><strong>el</strong></span> <span class='ocrx_word' id='word_1_150' title='bbox 1074 2231 1496 2298; x_wconf 68' lang='grc' dir='ltr'>τετελεσμένον</span> <span class='ocrx_word' id='word_1_151' title='bbox 1521 2233 1691 2286; x_wconf 84' lang='grc' dir='ltr'>ἐστίν</span> <span class='ocrx_word' id='word_1_152' title='bbox 1707 2250 1720 2264; x_wconf 87' lang='grc'><strong>·</strong></span> 
     </span>
    </p>
   </div>
   <div class='ocr_carea' id='block_1_25' title="bbox 167 2333 1726 2411">
    <p class='ocr_par' dir='ltr' id='par_1_25' title="bbox 167 2333 1726 2411">
     <span class='ocr_line' id='line_1_25' title="bbox 167 2333 1726 2411; baseline 0.005 -20"><span class='ocrx_word' id='word_1_153' title='bbox 167 2339 293 2391; x_wconf 79' lang='grc' dir='ltr'>ἀντὶ</span> <span class='ocrx_word' id='word_1_154' title='bbox 323 2338 414 2390; x_wconf 76' lang='grc' dir='ltr'><strong>τοῦ</strong></span> <span class='ocrx_word' id='word_1_155' title='bbox 445 2358 462 2388; x_wconf 76' lang='grc' dir='ltr'><strong>ι</strong></span> <span class='ocrx_word' id='word_1_156' title='bbox 487 2333 956 2410; x_wconf 79' lang='grc' dir='ltr'>τελεσθησόμενον.</span> <span class='ocrx_word' id='word_1_157' title='bbox 1004 2361 1021 2391; x_wconf 76' lang='grc' dir='ltr'><strong>ι</strong></span> <span class='ocrx_word' id='word_1_158' title='bbox 1076 2343 1232 2411; x_wconf 66' lang='grc' dir='ltr'>Ὄςερ’</span> <span class='ocrx_word' id='word_1_159' title='bbox 1270 2344 1492 2411; x_wconf 70' lang='grc' dir='ltr'>ἔμπεδα</span> <span class='ocrx_word' id='word_1_160' title='bbox 1534 2345 1726 2399; x_wconf 76' lang='grc' dir='ltr'>πάντα</span> 
     </span>
    </p>
   </div>
   <div class='ocr_carea' id='block_1_26' title="bbox 167 2431 1724 2508">
    <p class='ocr_par' dir='ltr' id='par_1_26' title="bbox 167 2431 1724 2508">
     <span class='ocr_line' id='line_1_26' title="bbox 167 2431 1724 2508; baseline 0.006 -27"><span class='ocrx_word' id='word_1_161' title='bbox 167 2432 475 2496; x_wconf 65' lang='grc' dir='ltr'><strong>φύωνταιμ</strong></span> <span class='ocrx_word' id='word_1_162' title='bbox 491 2431 740 2500; x_wconf 78' lang='grc' dir='ltr'><strong>ἀσφαλῶς</strong></span> <span class='ocrx_word' id='word_1_163' title='bbox 766 2433 1084 2499; x_wconf 81' lang='grc' dir='ltr'>φυτεύσωσι,</span> <span class='ocrx_word' id='word_1_164' title='bbox 1107 2435 1416 2506; x_wconf 74' lang='grc' dir='ltr'><strong>»παθητικῷ</strong></span> <span class='ocrx_word' id='word_1_165' title='bbox 1444 2437 1562 2490; x_wconf 67' lang='grc' dir='ltr'>ἀντὶ</span> <span class='ocrx_word' id='word_1_166' title='bbox 1579 2439 1724 2508; x_wconf 77' lang='grc' dir='ltr'>ἐνερ-</span> 
     </span>
    </p>
   </div>
   <div class='ocr_carea' id='block_1_27' title="bbox 166 2519 1719 2593">
    <p class='ocr_par' dir='ltr' id='par_1_27' title="bbox 166 2519 1719 2593">
     <span class='ocr_line' id='line_1_27' title="bbox 166 2519 1719 2593; baseline 0.006 -22"><span class='ocrx_word' id='word_1_167' title='bbox 166 2519 429 2590; x_wconf 81' lang='grc' dir='ltr'>γητικοῦ,</span> <span class='ocrx_word' id='word_1_168' title='bbox 476 2521 506 2588; x_wconf 82' lang='grc' dir='ltr'><strong>ἢ</strong></span> <span class='ocrx_word' id='word_1_169' title='bbox 561 2521 645 2575; x_wconf 83' lang='grc' dir='ltr'><strong>ἵνα</strong></span> <span class='ocrx_word' id='word_1_170' title='bbox 675 2522 944 2592; x_wconf 75' lang='grc' dir='ltr'>φαίνηται,</span> <span class='ocrx_word' id='word_1_171' title='bbox 973 2523 1048 2586; x_wconf 83' lang='grc' dir='ltr'>ὡς</span> <span class='ocrx_word' id='word_1_172' title='bbox 1087 2544 1103 2574; x_wconf 84' lang='grc' dir='ltr'><strong>ι</strong></span> <span class='ocrx_word' id='word_1_173' title='bbox 1134 2524 1368 2593; x_wconf 81' lang='grc' dir='ltr'>σπάρτα</span> <span class='ocrx_word' id='word_1_174' title='bbox 1419 2527 1719 2582; x_wconf 77' lang='grc' dir='ltr'>λέλυνται.</span> 
     </span>
    </p>
   </div>
   <div class='ocr_carea' id='block_1_28' title="bbox 183 2609 1720 2685">
    <p class='ocr_par' dir='ltr' id='par_1_28' title="bbox 183 2609 1720 2685">
     <span class='ocr_line' id='line_1_28' title="bbox 183 2609 1720 2685; baseline 0.007 -24"><span class='ocrx_word' id='word_1_175' title='bbox 183 2609 500 2676; x_wconf 79' lang='grc' dir='ltr'><strong>Ἀνδράσιν</strong></span> <span class='ocrx_word' id='word_1_176' title='bbox 517 2610 734 2678; x_wconf 79' lang='grc' dir='ltr'><strong>ὡράων·</strong></span> <span class='ocrx_word' id='word_1_177' title='bbox 775 2615 893 2665; x_wconf 76' lang='grc' dir='ltr'>ἀντὶ</span> <span class='ocrx_word' id='word_1_178' title='bbox 913 2614 1004 2666; x_wconf 83' lang='grc' dir='ltr'>τοῦ</span> <span class='ocrx_word' id='word_1_179' title='bbox 1028 2634 1045 2665; x_wconf 78' lang='grc' dir='ltr'><strong>ι</strong></span> <span class='ocrx_word' id='word_1_180' title='bbox 1068 2615 1240 2685; x_wconf 80' lang='grc' dir='ltr'>ὡρῶν.</span> <span class='ocrx_word' id='word_1_181' title='bbox 1269 2633 1286 2665; x_wconf 80' lang='grc' dir='ltr'><strong>ι</strong></span> <span class='ocrx_word' id='word_1_182' title='bbox 1307 2615 1358 2668; x_wconf 83' lang='grc' dir='ltr'><em>Χ</em></span> <span class='ocrx_word' id='word_1_183' title='bbox 1359 2617 1502 2683; x_wconf 64' lang='lat' dir='ltr'><strong>eripe,</strong></span> <span class='ocrx_word' id='word_1_184' title='bbox 1521 2617 1720 2684; x_wconf 76' lang='grc' dir='ltr'>πάτερ,</span> 
     </span>
    </p>
   </div>
   <div class='ocr_carea' id='block_1_29' title="bbox 165 2697 1720 2773">
    <p class='ocr_par' dir='ltr' id='par_1_29' title="bbox 165 2697 1720 2773">
     <span class='ocr_line' id='line_1_29' title="bbox 165 2697 1720 2773; baseline 0.006 -24"><span class='ocrx_word' id='word_1_185' title='bbox 165 2697 323 2767; x_wconf 75' lang='grc' dir='ltr'>μέγα</span> <span class='ocrx_word' id='word_1_186' title='bbox 371 2699 584 2766; x_wconf 82' lang='grc' dir='ltr'>θαῦμα,</span> <span class='ocrx_word' id='word_1_187' title='bbox 607 2698 732 2770; x_wconf 79' lang='grc' dir='ltr'>μέγ’</span> <span class='ocrx_word' id='word_1_188' title='bbox 761 2702 1156 2770; x_wconf 80' lang='grc' dir='ltr'>ἀνθρώποισιν</span> <span class='ocrx_word' id='word_1_189' title='bbox 1195 2702 1403 2770; x_wconf 75' lang='grc' dir='ltr'>ὄνειαρ.</span> <span class='ocrx_word' id='word_1_190' title='bbox 1435 2705 1507 2755; x_wconf 78' lang='grc' dir='ltr'><strong>Οὐ</strong></span> <span class='ocrx_word' id='word_1_191' title='bbox 1555 2704 1720 2773; x_wconf 81' lang='grc' dir='ltr'><strong>λέγει,</strong></span> 
     </span>
    </p>
   </div>
   <div class='ocr_carea' id='block_1_30' title="bbox 177 2789 1726 2862">
    <p class='ocr_par' dir='ltr' id='par_1_30' title="bbox 177 2789 1726 2862">
     <span class='ocr_line' id='line_1_30' title="bbox 177 2789 1726 2862; baseline 0.009 -23"><span class='ocrx_word' id='word_1_192' title='bbox 177 2809 196 2839; x_wconf 79' lang='lat' dir='ltr'><strong>s</strong></span> <span class='ocrx_word' id='word_1_193' title='bbox 221 2791 318 2842; x_wconf 72' lang='grc' dir='ltr'><strong>καὶ</strong></span> <span class='ocrx_word' id='word_1_194' title='bbox 358 2789 550 2858; x_wconf 72' lang='grc' dir='ltr'>μέγα.»</span> <span class='ocrx_word' id='word_1_195' title='bbox 586 2789 758 2857; x_wconf 72' lang='grc' dir='ltr'>Χαῖρε</span> <span class='ocrx_word' id='word_1_196' title='bbox 793 2792 991 2856; x_wconf 86' lang='grc' dir='ltr'>αὐτὸς,</span> <span class='ocrx_word' id='word_1_197' title='bbox 1023 2793 1119 2844; x_wconf 80' lang='grc' dir='ltr'>καὶ</span> <span class='ocrx_word' id='word_1_198' title='bbox 1145 2793 1394 2860; x_wconf 81' lang='grc' dir='ltr'><strong>προτέρη</strong></span> <span class='ocrx_word' id='word_1_199' title='bbox 1432 2796 1624 2862; x_wconf 71' lang='grc' dir='ltr'><strong>γενεή.</strong></span> <span class='ocrx_word' id='word_1_200' title='bbox 1657 2792 1726 2853; x_wconf 81' lang='grc' dir='ltr'><strong><em>Ὦ</em></strong></span> 
     </span>
    </p>
   </div>
   <div class='ocr_carea' id='block_1_31' title="bbox 169 2879 1725 2966">
    <p class='ocr_par' dir='ltr' id='par_1_31' title="bbox 169 2879 1725 2966">
     <span class='ocr_line' id='line_1_31' title="bbox 169 2879 1725 2966; baseline 0.006 -33"><span class='ocrx_word' id='word_1_201' title='bbox 169 2879 302 2942; x_wconf 81' lang='grc' dir='ltr'>Ζεῦ,</span> <span class='ocrx_word' id='word_1_202' title='bbox 339 2882 400 2933; x_wconf 82' lang='grc' dir='ltr'>σὺ</span> <span class='ocrx_word' id='word_1_203' title='bbox 433 2881 523 2933; x_wconf 81' lang='grc' dir='ltr'><strong>καὶ</strong></span> <span class='ocrx_word' id='word_1_204' title='bbox 554 2883 585 2950; x_wconf 85' lang='grc' dir='ltr'>ἡ</span> <span class='ocrx_word' id='word_1_205' title='bbox 615 2881 678 2952; x_wconf 83' lang='grc' dir='ltr'><strong>σὴ</strong></span> <span class='ocrx_word' id='word_1_206' title='bbox 716 2883 900 2948; x_wconf 84' lang='grc' dir='ltr'>γενεά·</span> <span class='ocrx_word' id='word_1_207' title='bbox 938 2882 1055 2951; x_wconf 75' lang='grc' dir='ltr'>ἢτοι</span> <span class='ocrx_word' id='word_1_208' title='bbox 1085 2883 1132 2933; x_wconf 80' lang='grc' dir='ltr'>οἱ</span> <span class='ocrx_word' id='word_1_209' title='bbox 1162 2881 1404 2946; x_wconf 78' lang='grc' dir='ltr'><strong>Τιτᾶνες.</strong></span> <span class='ocrx_word' id='word_1_210' title='bbox 1446 2887 1602 2966; x_wconf 53' lang='lat' dir='ltr'><strong>jam;</strong></span> <span class='ocrx_word' id='word_1_211' title='bbox 1633 2890 1725 2942; x_wconf 79' lang='grc' dir='ltr'>καὶ</span> 
     </span>
    </p>
   </div>
   <div class='ocr_carea' id='block_1_32' title="bbox 173 2971 686 3044">
    <p class='ocr_par' dir='ltr' id='par_1_32' title="bbox 173 2971 686 3044">
     <span class='ocr_line' id='line_1_32' title="bbox 173 2971 686 3044; baseline 0.004 -20"><span class='ocrx_word' id='word_1_212' title='bbox 173 2971 326 3044; x_wconf 73' lang='grc' dir='ltr'>παρὰ</span> <span class='ocrx_word' id='word_1_213' title='bbox 364 2975 686 3043; x_wconf 82' lang='grc' dir='ltr'><strong>Ἀντιμάχῳ·</strong></span> 
     </span>
    </p>
   </div>
   <div class='ocr_carea' id='block_1_33' title="bbox 173 3086 1720 3158">
    <p class='ocr_par' dir='ltr' id='par_1_33' title="bbox 173 3086 1720 3158">
     <span class='ocr_line' id='line_1_33' title="bbox 173 3086 1720 3158; baseline 0.003 -18"><span class='ocrx_word' id='word_1_214' title='bbox 173 3087 475 3155; x_wconf 80' lang='grc' dir='ltr'>Γηγενέας</span> <span class='ocrx_word' id='word_1_215' title='bbox 509 3103 572 3139; x_wconf 80' lang='grc' dir='ltr'><strong>τε</strong></span> <span class='ocrx_word' id='word_1_216' title='bbox 615 3086 805 3152; x_wconf 85' lang='grc' dir='ltr'>θεοὺς,</span> <span class='ocrx_word' id='word_1_217' title='bbox 853 3090 1310 3158; x_wconf 72' lang='grc' dir='ltr'>προτερηγενέας</span> <span class='ocrx_word' id='word_1_218' title='bbox 1349 3107 1412 3143; x_wconf 84' lang='grc' dir='ltr'><strong>τε</strong></span> <span class='ocrx_word' id='word_1_219' title='bbox 1458 3088 1720 3158; x_wconf 78' lang='grc' dir='ltr'><strong>Τιτῆνας.</strong></span> 
     </span>
    </p>
   </div>
   <div class='ocr_carea' id='block_1_34' title="bbox 172 3196 593 3269">
    <p class='ocr_par' dir='ltr' id='par_1_34' title="bbox 172 3196 593 3269">
     <span class='ocr_line' id='line_1_34' title="bbox 172 3196 593 3269; baseline 0.005 -22"><span class='ocrx_word' id='word_1_220' title='bbox 172 3196 285 3248; x_wconf 76' lang='grc' dir='ltr'><strong>Καὶ</strong></span> <span class='ocrx_word' id='word_1_221' title='bbox 314 3198 560 3269; x_wconf 87' lang='grc' dir='ltr'>Ὄμηρος</span> <span class='ocrx_word' id='word_1_222' title='bbox 580 3213 593 3225; x_wconf 86' lang='grc'>·</span> 
     </span>
    </p>
   </div>
   <div class='ocr_carea' id='block_1_35' title="bbox 184 3305 1652 3384">
    <p class='ocr_par' dir='ltr' id='par_1_35' title="bbox 184 3305 1652 3384">
     <span class='ocr_line' id='line_1_35' title="bbox 184 3305 1652 3384; baseline 0.018 -27"><span class='ocrx_word' id='word_1_223' title='bbox 184 3307 468 3362; x_wconf 78' lang='grc' dir='ltr'>Ὠκεανόν</span> <span class='ocrx_word' id='word_1_224' title='bbox 495 3323 556 3358; x_wconf 83' lang='grc' dir='ltr'><strong>τε</strong></span> <span class='ocrx_word' id='word_1_225' title='bbox 592 3305 739 3359; x_wconf 81' lang='grc' dir='ltr'>θεῶν</span> <span class='ocrx_word' id='word_1_226' title='bbox 774 3306 1030 3384; x_wconf 68' lang='grc' dir='ltr'>γένεσιν,</span> <span class='ocrx_word' id='word_1_227' title='bbox 1061 3309 1157 3360; x_wconf 77' lang='grc' dir='ltr'>καὶ</span> <span class='ocrx_word' id='word_1_228' title='bbox 1186 3309 1410 3376; x_wconf 69' lang='grc' dir='ltr'>μητέρα</span> <span class='ocrx_word' id='word_1_229' title='bbox 1444 3310 1652 3376; x_wconf 77' lang='grc' dir='ltr'>Τηθύνο</span> 
     </span>
    </p>
   </div>
   <div class='ocr_carea' id='block_1_36' title="bbox 245 3402 1724 3483">
    <p class='ocr_par' dir='ltr' id='par_1_36' title="bbox 245 3402 1724 3483">
     <span class='ocr_line' id='line_1_36' title="bbox 245 3402 1724 3483; baseline 0.001 -19"><span class='ocrx_word' id='word_1_230' title='bbox 245 3412 381 3466; x_wconf 81' lang='grc' dir='ltr'>Είδὲ</span> <span class='ocrx_word' id='word_1_231' title='bbox 403 3411 632 3480; x_wconf 71' lang='grc' dir='ltr'>ὠςπρὺς</span> <span class='ocrx_word' id='word_1_232' title='bbox 664 3409 978 3480; x_wconf 85' lang='grc' dir='ltr'><strong>ἀνθρώπους</strong></span> <span class='ocrx_word' id='word_1_233' title='bbox 1007 3402 1555 3483; x_wconf 81' lang='grc' dir='ltr'>προτέρανοήσομεν,</span> <span class='ocrx_word' id='word_1_234' title='bbox 1580 3414 1724 3482; x_wconf 81' lang='grc' dir='ltr'>λέγοι</span> 
     </span>
    </p>
   </div>
   <div class='ocr_carea' id='block_1_37' title="bbox 173 3501 1726 3572">
    <p class='ocr_par' dir='ltr' id='par_1_37' title="bbox 173 3501 1726 3572">
     <span class='ocr_line' id='line_1_37' title="bbox 173 3501 1726 3572; baseline 0.002 -18"><span class='ocrx_word' id='word_1_235' title='bbox 173 3501 244 3554; x_wconf 86' lang='grc' dir='ltr'><strong>ἂν</strong></span> <span class='ocrx_word' id='word_1_236' title='bbox 294 3502 392 3571; x_wconf 85' lang='grc' dir='ltr'>τὴν</span> <span class='ocrx_word' id='word_1_237' title='bbox 447 3501 709 3570; x_wconf 82' lang='grc' dir='ltr'><strong>τετάρτην</strong></span> <span class='ocrx_word' id='word_1_238' title='bbox 764 3502 868 3553; x_wconf 84' lang='grc' dir='ltr'>ἀπὸ</span> <span class='ocrx_word' id='word_1_239' title='bbox 916 3502 1010 3554; x_wconf 80' lang='grc' dir='ltr'>τοῦ</span> <span class='ocrx_word' id='word_1_240' title='bbox 1051 3503 1249 3572; x_wconf 80' lang='grc' dir='ltr'><strong>χρυσοῦ</strong></span> <span class='ocrx_word' id='word_1_241' title='bbox 1288 3505 1470 3571; x_wconf 80' lang='grc' dir='ltr'>γένους</span> <span class='ocrx_word' id='word_1_242' title='bbox 1501 3505 1596 3565; x_wconf 80' lang='grc' dir='ltr'><strong>τὴν</strong></span> <span class='ocrx_word' id='word_1_243' title='bbox 1622 3504 1726 3557; x_wconf 76' lang='grc' dir='ltr'><strong>τῶν</strong></span> 
     </span>
    </p>
   </div>
   <div class='ocr_carea' id='block_1_38' title="bbox 171 3593 1726 3668">
    <p class='ocr_par' dir='ltr' id='par_1_38' title="bbox 171 3593 1726 3668">
     <span class='ocr_line' id='line_1_38' title="bbox 171 3593 1726 3668; baseline 0.003 -22"><span class='ocrx_word' id='word_1_244' title='bbox 171 3593 439 3668; x_wconf 73' lang='grc' dir='ltr'>ἡμιθέων.</span> <span class='ocrx_word' id='word_1_245' title='bbox 475 3594 659 3664; x_wconf 80' lang='grc' dir='ltr'>Ἡμεῖς</span> <span class='ocrx_word' id='word_1_246' title='bbox 700 3596 806 3666; x_wconf 81' lang='grc' dir='ltr'><strong>γὰρ</strong></span> <span class='ocrx_word' id='word_1_247' title='bbox 838 3596 934 3664; x_wconf 81' lang='grc' dir='ltr'>τῆς</span> <span class='ocrx_word' id='word_1_248' title='bbox 971 3596 1223 3667; x_wconf 80' lang='grc' dir='ltr'>πέμπτης</span> <span class='ocrx_word' id='word_1_249' title='bbox 1253 3599 1460 3665; x_wconf 78' lang='grc' dir='ltr'>γενεᾶς.</span> <span class='ocrx_word' id='word_1_250' title='bbox 1498 3597 1726 3666; x_wconf 79' lang='grc' dir='ltr'>Τιτῆνας</span> 
     </span>
    </p>
   </div>
   <div class='ocr_carea' id='block_1_39' title="bbox 173 3683 1727 3759">
    <p class='ocr_par' dir='ltr' id='par_1_39' title="bbox 173 3683 1727 3759">
     <span class='ocr_line' id='line_1_39' title="bbox 173 3683 1727 3759; baseline 0.002 -21"><span class='ocrx_word' id='word_1_251' title='bbox 173 3685 233 3738; x_wconf 74' lang='grc' dir='ltr'><strong>δὶ</strong></span> <span class='ocrx_word' id='word_1_252' title='bbox 267 3685 357 3737; x_wconf 81' lang='grc' dir='ltr'><strong>διὰ</strong></span> <span class='ocrx_word' id='word_1_253' title='bbox 393 3683 546 3737; x_wconf 82' lang='grc' dir='ltr'>τοῦτο</span> <span class='ocrx_word' id='word_1_254' title='bbox 591 3686 732 3753; x_wconf 82' lang='grc' dir='ltr'>λέγει</span> <span class='ocrx_word' id='word_1_255' title='bbox 783 3686 1019 3756; x_wconf 78' lang='grc' dir='ltr'>χαίρειν,</span> <span class='ocrx_word' id='word_1_256' title='bbox 1055 3689 1234 3759; x_wconf 77' lang='grc' dir='ltr'>ἐπειδὴ</span> <span class='ocrx_word' id='word_1_257' title='bbox 1265 3691 1358 3742; x_wconf 76' lang='grc' dir='ltr'><strong>καὶ</strong></span> <span class='ocrx_word' id='word_1_258' title='bbox 1387 3691 1443 3741; x_wconf 87' lang='grc' dir='ltr'>ὲν</span> <span class='ocrx_word' id='word_1_259' title='bbox 1471 3691 1578 3750; x_wconf 82' lang='grc' dir='ltr'>τοῖς</span> <span class='ocrx_word' id='word_1_260' title='bbox 1604 3689 1727 3758; x_wconf 77' lang='grc' dir='ltr'>ἑξῆς</span> 
     </span>
    </p>
   </div>
   <div class='ocr_carea' id='block_1_40' title="bbox 187 3775 1618 3849">
    <p class='ocr_par' dir='ltr' id='par_1_40' title="bbox 187 3775 1618 3849">
     <span class='ocr_line' id='line_1_40' title="bbox 187 3775 1618 3849; baseline 0.002 -20"><span class='ocrx_word' id='word_1_261' title='bbox 187 3775 492 3848; x_wconf 68' lang='grc' dir='ltr'>Ἀστραῖον,</span> <span class='ocrx_word' id='word_1_262' title='bbox 522 3776 613 3829; x_wconf 71' lang='grc' dir='ltr'><strong>ἕνα</strong></span> <span class='ocrx_word' id='word_1_263' title='bbox 640 3777 743 3830; x_wconf 82' lang='grc' dir='ltr'>τῶν</span> <span class='ocrx_word' id='word_1_264' title='bbox 772 3778 1008 3831; x_wconf 83' lang='grc' dir='ltr'>Τιτάνων</span> <span class='ocrx_word' id='word_1_265' title='bbox 1041 3780 1185 3845; x_wconf 76' lang='grc' dir='ltr'>ὄντα,</span> <span class='ocrx_word' id='word_1_266' title='bbox 1215 3781 1391 3849; x_wconf 75' lang='grc' dir='ltr'>ὑμνεῖ,</span> <span class='ocrx_word' id='word_1_267' title='bbox 1418 3780 1588 3848; x_wconf 80' lang='grc' dir='ltr'>λέγων</span> <span class='ocrx_word' id='word_1_268' title='bbox 1606 3797 1618 3809; x_wconf 95' lang='grc'><strong>·</strong></span> 
     </span>
    </p>
   </div>
   <div class='ocr_carea' id='block_1_41' title="bbox 171 3967 1730 4044">
    <p class='ocr_par' dir='ltr' id='par_1_41' title="bbox 171 3967 1730 4044">
     <span class='ocr_line' id='line_1_41' title="bbox 171 3967 1730 4044; baseline 0 -16"><span class='ocrx_word' id='word_1_269' title='bbox 171 3973 297 4028; x_wconf 78' lang='grc' dir='ltr'><strong>Εἶτ’</strong></span> <span class='ocrx_word' id='word_1_270' title='bbox 326 3967 438 4028; x_wconf 62' lang='grc' dir='ltr'><strong>οὖν</strong></span> <span class='ocrx_word' id='word_1_271' title='bbox 469 3975 777 4044; x_wconf 77' lang='grc' dir='ltr'>Ἀστραίου</span> <span class='ocrx_word' id='word_1_272' title='bbox 811 3976 1008 4028; x_wconf 81' lang='grc' dir='ltr'>κείνου</span> <span class='ocrx_word' id='word_1_273' title='bbox 1041 3975 1230 4044; x_wconf 75' lang='grc' dir='ltr'>γένος·</span> <span class='ocrx_word' id='word_1_274' title='bbox 1249 3976 1319 4028; x_wconf 81' lang='grc' dir='ltr'><strong>ὅν</strong></span> <span class='ocrx_word' id='word_1_275' title='bbox 1345 3977 1424 4044; x_wconf 81' lang='grc' dir='ltr'><strong>ῥά</strong></span> <span class='ocrx_word' id='word_1_276' title='bbox 1453 3976 1514 4029; x_wconf 83' lang='grc' dir='ltr'><strong>τέ</strong></span> <span class='ocrx_word' id='word_1_277' title='bbox 1543 3992 1730 4044; x_wconf 69' lang='grc' dir='ltr'>φασιν</span> 
     </span>
    </p>
   </div>
   <div class='ocr_carea' id='block_1_42' title="bbox 178 4043 1463 4113">
    <p class='ocr_par' dir='ltr' id='par_1_42' title="bbox 178 4043 1463 4113">
     <span class='ocr_line' id='line_1_42' title="bbox 178 4043 1463 4113; baseline -0.002 -16"><span class='ocrx_word' id='word_1_278' title='bbox 178 4045 454 4110; x_wconf 75' lang='grc' dir='ltr'><strong>Ἀστρων</strong></span> <span class='ocrx_word' id='word_1_279' title='bbox 475 4043 722 4110; x_wconf 66' lang='grc' dir='ltr'>ἀρχαῖον</span> <span class='ocrx_word' id='word_1_280' title='bbox 745 4044 940 4112; x_wconf 81' lang='grc' dir='ltr'>πατέρ’</span> <span class='ocrx_word' id='word_1_281' title='bbox 969 4043 1227 4113; x_wconf 77' lang='grc' dir='ltr'>ἔμμεναι.</span> <span class='ocrx_word' id='word_1_282' title='bbox 1263 4087 1276 4100; x_wconf 95' lang='grc'><em>.</em></span> <span class='ocrx_word' id='word_1_283' title='bbox 1310 4085 1324 4098; x_wconf 94' lang='grc'><strong>.</strong></span> <span class='ocrx_word' id='word_1_284' title='bbox 1350 4043 1369 4098; x_wconf 46' lang='grc'><strong>⁷.</strong></span> <span class='ocrx_word' id='word_1_285' title='bbox 1402 4087 1414 4100; x_wconf 92' lang='grc'><strong>.</strong></span> <span class='ocrx_word' id='word_1_286' title='bbox 1449 4084 1463 4095; x_wconf 93' lang='grc'>.</span> 
     </span>
    </p>
   </div>
   <div class='ocr_carea' id='block_1_43' title="bbox 248 4153 1730 4228">
    <p class='ocr_par' dir='ltr' id='par_1_43' title="bbox 248 4153 1730 4228">
     <span class='ocr_line' id='line_1_43' title="bbox 248 4153 1730 4228; baseline 0.002 -22"><span class='ocrx_word' id='word_1_287' title='bbox 248 4153 484 4206; x_wconf 82' lang='grc' dir='ltr'>Δύναται</span> <span class='ocrx_word' id='word_1_288' title='bbox 532 4155 587 4208; x_wconf 81' lang='grc' dir='ltr'>δὲ</span> <span class='ocrx_word' id='word_1_289' title='bbox 642 4154 700 4207; x_wconf 75' lang='grc' dir='ltr'><strong>τὸ</strong></span> <span class='ocrx_word' id='word_1_290' title='bbox 745 4157 873 4208; x_wconf 81' lang='grc' dir='ltr'>αὐτὸ</span> <span class='ocrx_word' id='word_1_291' title='bbox 914 4158 1145 4220; x_wconf 77' lang='grc' dir='ltr'>καὶτοῖς</span> <span class='ocrx_word' id='word_1_292' title='bbox 1175 4157 1606 4228; x_wconf 85' lang='grc' dir='ltr'>προειρημένοις,</span> <span class='ocrx_word' id='word_1_293' title='bbox 1639 4158 1730 4209; x_wconf 72' lang='grc' dir='ltr'><strong>καὶ</strong></span> 
     </span>
    </p>
   </div>
   <div class='ocr_carea' id='block_1_44' title="bbox 1827 622 2857 692">
    <p class='ocr_par' dir='ltr' id='par_1_44' title="bbox 1827 622 2857 692">
     <span class='ocr_line' id='line_1_44' title="bbox 1827 622 2857 692; baseline -0.002 -13"><span class='ocrx_word' id='word_1_294' title='bbox 1827 624 2074 689; x_wconf 84' lang='lat' dir='ltr'><strong>Socialis,</strong></span> <span class='ocrx_word' id='word_1_295' title='bbox 2102 626 2336 688; x_wconf 81' lang='lat' dir='ltr'><strong>Amicus,</strong></span> <span class='ocrx_word' id='word_1_296' title='bbox 2366 624 2566 686; x_wconf 85' lang='lat' dir='ltr'><strong>Serius,</strong></span> <span class='ocrx_word' id='word_1_297' title='bbox 2596 622 2857 692; x_wconf 81' lang='lat' dir='ltr'><strong>Frugil&#39;er.</strong></span> 
     </span>
    </p>
   </div>
   <div class='ocr_carea' id='block_1_45' title="bbox 1897 709 3366 779">
    <p class='ocr_par' dir='ltr' id='par_1_45' title="bbox 1897 709 3366 779">
     <span class='ocr_line' id='line_1_45' title="bbox 1897 709 3366 779; baseline -0.007 -8"><span class='ocrx_word' id='word_1_298' title='bbox 1897 717 2118 771; x_wconf 81' lang='lat' dir='ltr'><strong>Plenum</strong></span> <span class='ocrx_word' id='word_1_299' title='bbox 2149 726 2225 770; x_wconf 85' lang='lat' dir='ltr'><strong>est</strong></span> <span class='ocrx_word' id='word_1_300' title='bbox 2246 733 2408 778; x_wconf 89' lang='lat' dir='ltr'><strong>mare,</strong></span> <span class='ocrx_word' id='word_1_301' title='bbox 2439 727 2485 768; x_wconf 93' lang='lat' dir='ltr'><strong>et</strong></span> <span class='ocrx_word' id='word_1_302' title='bbox 2515 724 2714 779; x_wconf 84' lang='lat' dir='ltr'><strong>portus.</strong></span> <span class='ocrx_word' id='word_1_303' title='bbox 2756 713 2964 767; x_wconf 84' lang='lat' dir='ltr'><strong>Dicitur</strong></span> <span class='ocrx_word' id='word_1_304' title='bbox 3005 711 3146 766; x_wconf 85' lang='lat' dir='ltr'><strong>enim</strong></span> <span class='ocrx_word' id='word_1_305' title='bbox 3179 709 3366 763; x_wconf 85' lang='lat' dir='ltr'><strong>Portu-</strong></span> 
     </span>
    </p>
   </div>
   <div class='ocr_carea' id='block_1_46' title="bbox 1826 790 3369 874">
    <p class='ocr_par' dir='ltr' id='par_1_46' title="bbox 1826 790 3369 874">
     <span class='ocr_line' id='line_1_46' title="bbox 1826 790 3369 874; baseline -0.005 -16"><span class='ocrx_word' id='word_1_306' title='bbox 1826 790 1977 859; x_wconf 81' lang='lat' dir='ltr'><strong>mnus</strong></span> <span class='ocrx_word' id='word_1_307' title='bbox 1999 815 2050 860; x_wconf 92' lang='lat' dir='ltr'><strong>et</strong></span> <span class='ocrx_word' id='word_1_308' title='bbox 2077 804 2266 858; x_wconf 82' lang='lat' dir='ltr'><strong>Lucrio</strong></span> <span class='ocrx_word' id='word_1_309' title='bbox 2290 805 2735 874; x_wconf 73' lang='lat' dir='ltr'><strong>negotiatoribus;</strong></span> <span class='ocrx_word' id='word_1_310' title='bbox 2763 803 2865 856; x_wconf 84' lang='lat' dir='ltr'><strong>Hic</strong></span> <span class='ocrx_word' id='word_1_311' title='bbox 2896 813 3010 856; x_wconf 75' lang='lat' dir='ltr'><strong>vero</strong></span> <span class='ocrx_word' id='word_1_312' title='bbox 3037 801 3175 854; x_wconf 86' lang='lat' dir='ltr'><strong>mitis</strong></span> <span class='ocrx_word' id='word_1_313' title='bbox 3201 800 3369 854; x_wconf 80' lang='lat' dir='ltr'><strong>honu-</strong></span> 
     </span>
    </p>
   </div>
   <div class='ocr_carea' id='block_1_47' title="bbox 1825 888 3369 968">
    <p class='ocr_par' dir='ltr' id='par_1_47' title="bbox 1825 888 3369 968">
     <span class='ocr_line' id='line_1_47' title="bbox 1825 888 3369 968; baseline -0.005 -19"><span class='ocrx_word' id='word_1_314' title='bbox 1825 897 1999 960; x_wconf 85' lang='lat' dir='ltr'><strong>nibus,</strong></span> <span class='ocrx_word' id='word_1_315' title='bbox 2048 896 2303 964; x_wconf 84' lang='lat' dir='ltr'><strong>quoniam</strong></span> <span class='ocrx_word' id='word_1_316' title='bbox 2347 906 2500 968; x_wconf 6' lang='lat' dir='ltr'><strong>pater,</strong></span> <span class='ocrx_word' id='word_1_317' title='bbox 2528 904 2604 946; x_wconf 89' lang='lat' dir='ltr'><strong>est</strong></span> <span class='ocrx_word' id='word_1_318' title='bbox 2665 895 2930 963; x_wconf 79' lang='lat' dir='ltr'><strong>uirumque</strong></span> <span class='ocrx_word' id='word_1_319' title='bbox 2971 891 3242 962; x_wconf 81' lang='lat' dir='ltr'><strong>deumque.</strong></span> <span class='ocrx_word' id='word_1_320' title='bbox 3289 888 3369 944; x_wconf 70' lang='grc' dir='ltr'>οι)</span> 
     </span>
    </p>
   </div>
   <div class='ocr_carea' id='block_1_48' title="bbox 1824 987 2385 1043">
    <p class='ocr_par' dir='ltr' id='par_1_48' title="bbox 1824 987 2385 1043">
     <span class='ocr_line' id='line_1_48' title="bbox 1824 987 2385 1043; baseline -0.005 -1"><span class='ocrx_word' id='word_1_321' title='bbox 1824 988 1879 1042; x_wconf 89' lang='lat' dir='ltr'><strong>id</strong></span> <span class='ocrx_word' id='word_1_322' title='bbox 1909 998 1963 1043; x_wconf 89' lang='lat' dir='ltr'><strong>et</strong></span> <span class='ocrx_word' id='word_1_323' title='bbox 1996 990 2137 1042; x_wconf 83' lang='lat' dir='ltr'><strong>mitis</strong></span> <span class='ocrx_word' id='word_1_324' title='bbox 2167 987 2385 1043; x_wconf 90' lang='lat' dir='ltr'><strong>dicitur.</strong></span> 
     </span>
    </p>
   </div>
   <div class='ocr_carea' id='block_1_49' title="bbox 1829 1098 2747 1155">
    <p class='ocr_par' dir='ltr' id='par_1_49' title="bbox 1829 1098 2747 1155">
     <span class='ocr_line' id='line_1_49' title="bbox 1829 1098 2747 1155; baseline -0.005 0"><span class='ocrx_word' id='word_1_325' title='bbox 1829 1141 1844 1155; x_wconf 94' lang='lat'><strong>.</strong></span> <span class='ocrx_word' id='word_1_326' title='bbox 1887 1140 1902 1154; x_wconf 93' lang='lat'><strong>.</strong></span> <span class='ocrx_word' id='word_1_327' title='bbox 1944 1139 1958 1154; x_wconf 93' lang='lat'><strong>.</strong></span> <span class='ocrx_word' id='word_1_328' title='bbox 2000 1099 2160 1153; x_wconf 88' lang='lat' dir='ltr'><strong>Pater</strong></span> <span class='ocrx_word' id='word_1_329' title='bbox 2189 1115 2304 1151; x_wconf 83' lang='lat' dir='ltr'><strong>vero</strong></span> <span class='ocrx_word' id='word_1_330' title='bbox 2330 1115 2419 1151; x_wconf 88' lang='lat' dir='ltr'><strong>ceu</strong></span> <span class='ocrx_word' id='word_1_331' title='bbox 2446 1098 2584 1150; x_wconf 87' lang='lat' dir='ltr'><strong>mitis</strong></span> <span class='ocrx_word' id='word_1_332' title='bbox 2616 1104 2747 1150; x_wconf 87' lang='lat' dir='ltr'><strong>erat.</strong></span> 
     </span>
    </p>
   </div>
   <div class='ocr_carea' id='block_1_50' title="bbox 1895 1208 3369 1282">
    <p class='ocr_par' dir='ltr' id='par_1_50' title="bbox 1895 1208 3369 1282">
     <span class='ocr_line' id='line_1_50' title="bbox 1895 1208 3369 1282; baseline -0.003 -14"><span class='ocrx_word' id='word_1_333' title='bbox 1895 1215 2148 1268; x_wconf 78' lang='lat' dir='ltr'><strong>Admonet</strong></span> <span class='ocrx_word' id='word_1_334' title='bbox 2171 1223 2346 1267; x_wconf 87' lang='lat' dir='ltr'><strong>autem</strong></span> <span class='ocrx_word' id='word_1_335' title='bbox 2368 1212 2701 1282; x_wconf 82' lang='lat' dir='ltr'><strong>quandonam</strong></span> <span class='ocrx_word' id='word_1_336' title='bbox 2721 1209 2867 1280; x_wconf 82' lang='lat' dir='ltr'><strong><em>gleba</em></strong></span> <span class='ocrx_word' id='word_1_337' title='bbox 2889 1208 3083 1276; x_wconf 78' lang='lat' dir='ltr'><strong>optima</strong></span> <span class='ocrx_word' id='word_1_338' title='bbox 3100 1218 3197 1262; x_wconf 89' lang='lat' dir='ltr'><strong>est.</strong></span> <span class='ocrx_word' id='word_1_339' title='bbox 3219 1208 3369 1263; x_wconf 80' lang='lat' dir='ltr'><strong>Alias</strong></span> 
     </span>
    </p>
   </div>
   <div class='ocr_carea' id='block_1_51' title="bbox 1824 1294 3368 1375">
    <p class='ocr_par' dir='ltr' id='par_1_51' title="bbox 1824 1294 3368 1375">
     <span class='ocr_line' id='line_1_51' title="bbox 1824 1294 3368 1375; baseline -0.003 -19"><span class='ocrx_word' id='word_1_340' title='bbox 1824 1294 2044 1375; x_wconf 75' lang='grc' dir='ltr'>ἁροστή,</span> <span class='ocrx_word' id='word_1_341' title='bbox 2077 1304 2129 1357; x_wconf 87' lang='lat' dir='ltr'><strong>id</strong></span> <span class='ocrx_word' id='word_1_342' title='bbox 2166 1313 2249 1358; x_wconf 86' lang='lat' dir='ltr'><strong>est</strong></span> <span class='ocrx_word' id='word_1_343' title='bbox 2283 1321 2302 1354; x_wconf 87' lang='grc'><em>‹</em></span> <span class='ocrx_word' id='word_1_344' title='bbox 2325 1303 2562 1358; x_wconf 88' lang='lat' dir='ltr'><strong>arabilis.</strong></span> <span class='ocrx_word' id='word_1_345' title='bbox 2591 1322 2610 1354; x_wconf 86' lang='grc'>›</span> <span class='ocrx_word' id='word_1_346' title='bbox 2650 1302 2754 1356; x_wconf 91' lang='lat' dir='ltr'><strong>Sed</strong></span> <span class='ocrx_word' id='word_1_347' title='bbox 2780 1317 2888 1356; x_wconf 89' lang='lat' dir='ltr'><strong>non</strong></span> <span class='ocrx_word' id='word_1_348' title='bbox 2921 1300 3186 1370; x_wconf 78' lang='lat' dir='ltr'><strong>congruit.</strong></span> <span class='ocrx_word' id='word_1_349' title='bbox 3234 1298 3368 1353; x_wconf 86' lang='lat' dir='ltr'><strong>Nam</strong></span> 
     </span>
    </p>
   </div>
   <div class='ocr_carea' id='block_1_52' title="bbox 1825 1391 3371 1463">
    <p class='ocr_par' dir='ltr' id='par_1_52' title="bbox 1825 1391 3371 1463">
     <span class='ocr_line' id='line_1_52' title="bbox 1825 1391 3371 1463; baseline -0.002 -16"><span class='ocrx_word' id='word_1_350' title='bbox 1825 1394 2046 1462; x_wconf 83' lang='lat' dir='ltr'><strong>subjieit</strong></span> <span class='ocrx_word' id='word_1_351' title='bbox 2081 1412 2094 1446; x_wconf 88' lang='lat'><strong>:</strong></span> <span class='ocrx_word' id='word_1_352' title='bbox 2130 1392 2288 1446; x_wconf 87' lang='lat' dir='ltr'><strong>bobus</strong></span> <span class='ocrx_word' id='word_1_353' title='bbox 2337 1402 2382 1446; x_wconf 91' lang='lat' dir='ltr'><strong>et</strong></span> <span class='ocrx_word' id='word_1_354' title='bbox 2419 1391 2694 1462; x_wconf 76' lang='lat' dir='ltr'><strong>ligonibus.</strong></span> <span class='ocrx_word' id='word_1_355' title='bbox 2726 1392 2795 1446; x_wconf 83' lang='lat' dir='ltr'><strong>At</strong></span> <span class='ocrx_word' id='word_1_356' title='bbox 2833 1392 3098 1463; x_wconf 81' lang='lat' dir='ltr'><strong>ligonibus</strong></span> <span class='ocrx_word' id='word_1_357' title='bbox 3131 1398 3248 1443; x_wconf 86' lang='lat' dir='ltr'><strong>arat</strong></span> <span class='ocrx_word' id='word_1_358' title='bbox 3274 1405 3371 1444; x_wconf 84' lang='lat' dir='ltr'><strong>ne-</strong></span> 
     </span>
    </p>
   </div>
   <div class='ocr_carea' id='block_1_53' title="bbox 1823 1481 3368 1552">
    <p class='ocr_par' dir='ltr' id='par_1_53' title="bbox 1823 1481 3368 1552">
     <span class='ocr_line' id='line_1_53' title="bbox 1823 1481 3368 1552; baseline -0.001 -16"><span class='ocrx_word' id='word_1_359' title='bbox 1823 1499 1928 1538; x_wconf 91' lang='lat' dir='ltr'><strong>mo.</strong></span> <span class='ocrx_word' id='word_1_360' title='bbox 1939 1482 1998 1538; x_wconf 84' lang='lat' dir='ltr'><strong>Ci</strong></span> <span class='ocrx_word' id='word_1_361' title='bbox 2005 1484 2346 1538; x_wconf 80' lang='lat' dir='ltr'><strong>rcumvallare</strong></span> <span class='ocrx_word' id='word_1_362' title='bbox 2359 1492 2442 1539; x_wconf 90' lang='lat' dir='ltr'><strong>est</strong></span> <span class='ocrx_word' id='word_1_363' title='bbox 2463 1503 2480 1536; x_wconf 81' lang='grc' dir='ltr'><strong>ι</strong></span> <span class='ocrx_word' id='word_1_364' title='bbox 2492 1482 2901 1537; x_wconf 80' lang='lat' dir='ltr'><strong>circumfodere.</strong></span> <span class='ocrx_word' id='word_1_365' title='bbox 2917 1501 2935 1534; x_wconf 76' lang='grc' dir='ltr'><strong>ι</strong></span> <span class='ocrx_word' id='word_1_366' title='bbox 2956 1481 3160 1552; x_wconf 85' lang='lat' dir='ltr'><strong>Quippe</strong></span> <span class='ocrx_word' id='word_1_367' title='bbox 3175 1482 3368 1536; x_wconf 80' lang='lat' dir='ltr'><strong>rotun-</strong></span> 
     </span>
    </p>
   </div>
   <div class='ocr_carea' id='block_1_54' title="bbox 1823 1566 3368 1650">
    <p class='ocr_par' dir='ltr' id='par_1_54' title="bbox 1823 1566 3368 1650">
     <span class='ocr_line' id='line_1_54' title="bbox 1823 1566 3368 1650; baseline -0.003 -24"><span class='ocrx_word' id='word_1_368' title='bbox 1823 1566 1950 1627; x_wconf 85' lang='lat' dir='ltr'><strong>dum</strong></span> <span class='ocrx_word' id='word_1_369' title='bbox 1980 1590 2138 1628; x_wconf 91' lang='lat' dir='ltr'><strong>omne</strong></span> <span class='ocrx_word' id='word_1_370' title='bbox 2164 1575 2327 1650; x_wconf 77' lang='grc' dir='ltr'>γυρὸν</span> <span class='ocrx_word' id='word_1_371' title='bbox 2355 1574 2673 1644; x_wconf 75' lang='lat' dir='ltr'><strong>appellatur,</strong></span> <span class='ocrx_word' id='word_1_372' title='bbox 2700 1579 2779 1639; x_wconf 90' lang='lat' dir='ltr'><strong>ut,</strong></span> <span class='ocrx_word' id='word_1_373' title='bbox 2809 1571 3062 1625; x_wconf 76' lang='lat' dir='ltr'><strong>rotundus</strong></span> <span class='ocrx_word' id='word_1_374' title='bbox 3095 1572 3151 1624; x_wconf 81' lang='lat' dir='ltr'><strong>in</strong></span> <span class='ocrx_word' id='word_1_375' title='bbox 3187 1571 3368 1623; x_wconf 82' lang='lat' dir='ltr'><strong>hume-</strong></span> 
     </span>
    </p>
   </div>
   <div class='ocr_carea' id='block_1_55' title="bbox 1823 1662 3366 1736">
    <p class='ocr_par' dir='ltr' id='par_1_55' title="bbox 1823 1662 3366 1736">
     <span class='ocr_line' id='line_1_55' title="bbox 1823 1662 3366 1736; baseline -0.003 -18"><span class='ocrx_word' id='word_1_376' title='bbox 1823 1666 1916 1720; x_wconf 85' lang='lat' dir='ltr'><strong>ris.</strong></span> <span class='ocrx_word' id='word_1_377' title='bbox 1951 1665 2234 1736; x_wconf 90' lang='lat' dir='ltr'><strong>Sequitur:</strong></span> <span class='ocrx_word' id='word_1_378' title='bbox 2265 1666 2383 1732; x_wconf 84' lang='lat' dir='ltr'><strong>Ipse</strong></span> <span class='ocrx_word' id='word_1_379' title='bbox 2411 1667 2544 1718; x_wconf 86' lang='lat' dir='ltr'><strong>enim</strong></span> <span class='ocrx_word' id='word_1_380' title='bbox 2580 1663 2682 1717; x_wconf 72' lang='lat' dir='ltr'><strong>ltwe</strong></span> <span class='ocrx_word' id='word_1_381' title='bbox 2705 1664 2852 1732; x_wconf 87' lang='lat' dir='ltr'><strong>signa</strong></span> <span class='ocrx_word' id='word_1_382' title='bbox 2885 1662 2938 1714; x_wconf 87' lang='lat' dir='ltr'><strong>in</strong></span> <span class='ocrx_word' id='word_1_383' title='bbox 2965 1662 3093 1715; x_wconf 71' lang='lat' dir='ltr'><strong>caelo</strong></span> <span class='ocrx_word' id='word_1_384' title='bbox 3118 1663 3366 1732; x_wconf 77' lang='lat' dir='ltr'><strong>ﬁrmauit,</strong></span> 
     </span>
    </p>
   </div>
   <div class='ocr_carea' id='block_1_56' title="bbox 1821 1751 3370 1823">
    <p class='ocr_par' dir='ltr' id='par_1_56' title="bbox 1821 1751 3370 1823">
     <span class='ocr_line' id='line_1_56' title="bbox 1821 1751 3370 1823; baseline -0.002 -16"><span class='ocrx_word' id='word_1_385' title='bbox 1821 1769 2013 1823; x_wconf 86' lang='lat' dir='ltr'><strong>nempe</strong></span> <span class='ocrx_word' id='word_1_386' title='bbox 2043 1754 2230 1809; x_wconf 84' lang='lat' dir='ltr'><strong>stellas</strong></span> <span class='ocrx_word' id='word_1_387' title='bbox 2280 1763 2332 1808; x_wconf 88' lang='lat' dir='ltr'><strong>et</strong></span> <span class='ocrx_word' id='word_1_388' title='bbox 2384 1754 2668 1823; x_wconf 77' lang='lat' dir='ltr'><strong>imagines.</strong></span> <span class='ocrx_word' id='word_1_389' title='bbox 2706 1753 2887 1822; x_wconf 89' lang='lat' dir='ltr'><strong>Itaque</strong></span> <span class='ocrx_word' id='word_1_390' title='bbox 2929 1752 2997 1806; x_wconf 87' lang='lat' dir='ltr'><strong>ab</strong></span> <span class='ocrx_word' id='word_1_391' title='bbox 3022 1766 3087 1805; x_wconf 89' lang='lat' dir='ltr'><strong>eo</strong></span> <span class='ocrx_word' id='word_1_392' title='bbox 3115 1751 3258 1822; x_wconf 88' lang='lat' dir='ltr'><strong>quod</strong></span> <span class='ocrx_word' id='word_1_393' title='bbox 3286 1759 3370 1807; x_wconf 89' lang='lat' dir='ltr'><strong>est</strong></span> 
     </span>
    </p>
   </div>
   <div class='ocr_carea' id='block_1_57' title="bbox 1822 1839 3368 1912">
    <p class='ocr_par' dir='ltr' id='par_1_57' title="bbox 1822 1839 3368 1912">
     <span class='ocr_line' id='line_1_57' title="bbox 1822 1839 3368 1912; baseline 0.001 -19"><span class='ocrx_word' id='word_1_394' title='bbox 1822 1842 2154 1912; x_wconf 79' lang='grc' dir='ltr'>ὲστηρίχθαι,</span> <span class='ocrx_word' id='word_1_395' title='bbox 2187 1842 2436 1912; x_wconf 82' lang='grc' dir='ltr'>ἀστέρας,</span> <span class='ocrx_word' id='word_1_396' title='bbox 2465 1842 2518 1896; x_wconf 90' lang='lat' dir='ltr'><strong>id</strong></span> <span class='ocrx_word' id='word_1_397' title='bbox 2546 1850 2635 1896; x_wconf 85' lang='lat' dir='ltr'><strong>est</strong></span> <span class='ocrx_word' id='word_1_398' title='bbox 2666 1842 2872 1906; x_wconf 82' lang='lat' dir='ltr'><strong>stellas,</strong></span> <span class='ocrx_word' id='word_1_399' title='bbox 2909 1843 3134 1895; x_wconf 83' lang='lat' dir='ltr'><strong>vocavit.</strong></span> <span class='ocrx_word' id='word_1_400' title='bbox 3160 1839 3263 1894; x_wconf 86' lang='lat' dir='ltr'><strong>Alii</strong></span> <span class='ocrx_word' id='word_1_401' title='bbox 3299 1842 3368 1895; x_wconf 88' lang='lat' dir='ltr'><strong>ab</strong></span> 
     </span>
    </p>
   </div>
   <div class='ocr_carea' id='block_1_58' title="bbox 1756 1901 3365 2004">
    <p class='ocr_par' dir='ltr' id='par_1_58' title="bbox 1756 1901 3365 2004">
     <span class='ocr_line' id='line_1_58' title="bbox 1756 1901 3365 2004; baseline 0.004 -24"><span class='ocrx_word' id='word_1_402' title='bbox 1756 1901 2041 2004; x_wconf 54' lang='lat' dir='ltr'><strong>B_Astr.:ed</strong></span> <span class='ocrx_word' id='word_1_403' title='bbox 2079 1901 2256 1985; x_wconf 79' lang='lat' dir='ltr'><strong>dictas</strong></span> <span class='ocrx_word' id='word_1_404' title='bbox 2308 1901 2517 1985; x_wconf 49' lang='lat' dir='ltr'><strong>iolunt.</strong></span> <span class='ocrx_word' id='word_1_405' title='bbox 2561 1931 2735 2001; x_wconf 81' lang='lat' dir='ltr'><strong>Atque</strong></span> <span class='ocrx_word' id='word_1_406' title='bbox 2766 1901 2869 1986; x_wconf 82' lang='lat' dir='ltr'><strong>hoc</strong></span> <span class='ocrx_word' id='word_1_407' title='bbox 2898 1931 3145 2000; x_wconf 83' lang='lat' dir='ltr'><strong>ﬁrmandi</strong></span> <span class='ocrx_word' id='word_1_408' title='bbox 3182 1931 3365 1994; x_wconf 84' lang='lat' dir='ltr'><strong>verbo,</strong></span> 
     </span>
    </p>
   </div>
   <div class='ocr_carea' id='block_1_59' title="bbox 1824 2021 3368 2093">
    <p class='ocr_par' dir='ltr' id='par_1_59' title="bbox 1824 2021 3368 2093">
     <span class='ocr_line' id='line_1_59' title="bbox 1824 2021 3368 2093; baseline 0.003 -20"><span class='ocrx_word' id='word_1_409' title='bbox 1824 2022 1889 2074; x_wconf 94' lang='lat' dir='ltr'><strong>ad</strong></span> <span class='ocrx_word' id='word_1_410' title='bbox 1921 2021 2145 2074; x_wconf 79' lang='lat' dir='ltr'><strong>lixarum</strong></span> <span class='ocrx_word' id='word_1_411' title='bbox 2179 2021 2607 2075; x_wconf 89' lang='lat' dir='ltr'><strong>immobilitatem</strong></span> <span class='ocrx_word' id='word_1_412' title='bbox 2639 2023 2855 2088; x_wconf 76' lang='lat' dir='ltr'><strong>allusit;</strong></span> <span class='ocrx_word' id='word_1_413' title='bbox 2896 2022 3065 2089; x_wconf 86' lang='lat' dir='ltr'><strong>facta,</strong></span> <span class='ocrx_word' id='word_1_414' title='bbox 3099 2025 3368 2093; x_wconf 70' lang='lat' dir='ltr'><strong>praeterito</strong></span> 
     </span>
    </p>
   </div>
   <div class='ocr_carea' id='block_1_60' title="bbox 1825 2113 2963 2184">
    <p class='ocr_par' dir='ltr' id='par_1_60' title="bbox 1825 2113 2963 2184">
     <span class='ocr_line' id='line_1_60' title="bbox 1825 2113 2963 2184; baseline 0.001 -16"><span class='ocrx_word' id='word_1_415' title='bbox 1825 2130 1956 2169; x_wconf 92' lang='lat' dir='ltr'><strong>usus</strong></span> <span class='ocrx_word' id='word_1_416' title='bbox 1981 2123 2063 2168; x_wconf 85' lang='lat' dir='ltr'><strong>est</strong></span> <span class='ocrx_word' id='word_1_417' title='bbox 2088 2129 2185 2182; x_wconf 88' lang='lat' dir='ltr'><strong>pro</strong></span> <span class='ocrx_word' id='word_1_418' title='bbox 2210 2113 2394 2167; x_wconf 78' lang='lat' dir='ltr'><strong>futuro</strong></span> <span class='ocrx_word' id='word_1_419' title='bbox 2417 2132 2431 2181; x_wconf 92' lang='lat'><strong>;</strong></span> <span class='ocrx_word' id='word_1_420' title='bbox 2463 2121 2522 2167; x_wconf 93' lang='lat' dir='ltr'><strong>ut</strong></span> <span class='ocrx_word' id='word_1_421' title='bbox 2550 2115 2689 2184; x_wconf 89' lang='lat' dir='ltr'><strong>apud</strong></span> <span class='ocrx_word' id='word_1_422' title='bbox 2714 2123 2924 2183; x_wconf 83' lang='lat' dir='ltr'><strong>poetam</strong></span> <span class='ocrx_word' id='word_1_423' title='bbox 2951 2134 2963 2169; x_wconf 89' lang='lat'><strong>:</strong></span> 
     </span>
    </p>
   </div>
   <div class='ocr_carea' id='block_1_61' title="bbox 1824 2222 3228 2293">
    <p class='ocr_par' dir='ltr' id='par_1_61' title="bbox 1824 2222 3228 2293">
     <span class='ocr_line' id='line_1_61' title="bbox 1824 2222 3228 2293; baseline 0.001 -16"><span class='ocrx_word' id='word_1_424' title='bbox 1824 2222 1885 2277; x_wconf 88' lang='lat' dir='ltr'><strong>Si</strong></span> <span class='ocrx_word' id='word_1_425' title='bbox 1913 2223 2115 2293; x_wconf 88' lang='lat' dir='ltr'><strong>quidem</strong></span> <span class='ocrx_word' id='word_1_426' title='bbox 2145 2239 2354 2291; x_wconf 81' lang='lat' dir='ltr'><strong>possum</strong></span> <span class='ocrx_word' id='word_1_427' title='bbox 2381 2225 2644 2293; x_wconf 80' lang='lat' dir='ltr'><strong>perﬁcere,</strong></span> <span class='ocrx_word' id='word_1_428' title='bbox 2672 2233 2719 2276; x_wconf 92' lang='lat' dir='ltr'><strong>et</strong></span> <span class='ocrx_word' id='word_1_429' title='bbox 2748 2225 2794 2276; x_wconf 84' lang='lat' dir='ltr'><strong>si</strong></span> <span class='ocrx_word' id='word_1_430' title='bbox 2819 2234 3099 2293; x_wconf 69' lang='lat' dir='ltr'><strong>perlectum</strong></span> <span class='ocrx_word' id='word_1_431' title='bbox 3132 2235 3228 2279; x_wconf 85' lang='lat' dir='ltr'><strong>est.</strong></span> 
     </span>
    </p>
   </div>
   <div class='ocr_carea' id='block_1_62' title="bbox 1892 2331 3373 2405">
    <p class='ocr_par' dir='ltr' id='par_1_62' title="bbox 1892 2331 3373 2405">
     <span class='ocr_line' id='line_1_62' title="bbox 1892 2331 3373 2405; baseline 0.001 -15"><span class='ocrx_word' id='word_1_432' title='bbox 1892 2331 2004 2390; x_wconf 82' lang='lat' dir='ltr'><strong>Hoc</strong></span> <span class='ocrx_word' id='word_1_433' title='bbox 2024 2341 2125 2396; x_wconf 83' lang='lat' dir='ltr'><strong>est,</strong></span> <span class='ocrx_word' id='word_1_434' title='bbox 2159 2335 2231 2389; x_wconf 71' lang='lat' dir='ltr'><strong>(si</strong></span> <span class='ocrx_word' id='word_1_435' title='bbox 2267 2344 2441 2404; x_wconf 89' lang='lat' dir='ltr'><strong>potest</strong></span> <span class='ocrx_word' id='word_1_436' title='bbox 2466 2337 2669 2404; x_wconf 87' lang='lat' dir='ltr'><strong>perﬁci.</strong></span> <span class='ocrx_word' id='word_1_437' title='bbox 2709 2331 2920 2405; x_wconf 79' lang='lat' dir='ltr'><strong>Pergit:</strong></span> <span class='ocrx_word' id='word_1_438' title='bbox 2952 2335 3178 2390; x_wconf 85' lang='lat' dir='ltr'><strong>Utstata</strong></span> <span class='ocrx_word' id='word_1_439' title='bbox 3195 2340 3373 2394; x_wconf 79' lang='lat' dir='ltr'><strong>omnia</strong></span> 
     </span>
    </p>
   </div>
   <div class='ocr_carea' id='block_1_63' title="bbox 1824 2425 3368 2498">
    <p class='ocr_par' dir='ltr' id='par_1_63' title="bbox 1824 2425 3368 2498">
     <span class='ocr_line' id='line_1_63' title="bbox 1824 2425 3368 2498; baseline 0.004 -22"><span class='ocrx_word' id='word_1_440' title='bbox 1824 2434 2141 2490; x_wconf 83' lang='lat' dir='ltr'><strong>nascantur;</strong></span> <span class='ocrx_word' id='word_1_441' title='bbox 2182 2425 2286 2481; x_wconf 82' lang='lat' dir='ltr'><strong>hoc</strong></span> <span class='ocrx_word' id='word_1_442' title='bbox 2311 2433 2413 2492; x_wconf 88' lang='lat' dir='ltr'><strong>est,</strong></span> <span class='ocrx_word' id='word_1_443' title='bbox 2439 2444 2456 2476; x_wconf 82' lang='grc' dir='ltr'><strong>ι</strong></span> <span class='ocrx_word' id='word_1_444' title='bbox 2489 2435 2546 2480; x_wconf 86' lang='grc' dir='ltr'><strong>ιιι</strong></span> <span class='ocrx_word' id='word_1_445' title='bbox 2577 2435 2692 2481; x_wconf 90' lang='lat' dir='ltr'><strong>tuto</strong></span> <span class='ocrx_word' id='word_1_446' title='bbox 2720 2436 3023 2490; x_wconf 81' lang='lat' dir='ltr'><strong>conserant,</strong></span> <span class='ocrx_word' id='word_1_447' title='bbox 3045 2445 3065 2478; x_wconf 71' lang='grc' dir='ltr'><strong>ι</strong></span> <span class='ocrx_word' id='word_1_448' title='bbox 3094 2429 3368 2498; x_wconf 82' lang='lat' dir='ltr'><strong>passivum</strong></span> 
     </span>
    </p>
   </div>
   <div class='ocr_carea' id='block_1_64' title="bbox 1824 2514 3369 2587">
    <p class='ocr_par' dir='ltr' id='par_1_64' title="bbox 1824 2514 3369 2587">
     <span class='ocr_line' id='line_1_64' title="bbox 1824 2514 3369 2587; baseline 0.008 -22"><span class='ocrx_word' id='word_1_449' title='bbox 1824 2528 1922 2582; x_wconf 88' lang='lat' dir='ltr'><strong>pro</strong></span> <span class='ocrx_word' id='word_1_450' title='bbox 1950 2514 2156 2580; x_wconf 78' lang='lat' dir='ltr'><strong>activo;</strong></span> <span class='ocrx_word' id='word_1_451' title='bbox 2189 2523 2282 2568; x_wconf 89' lang='lat' dir='ltr'><strong>aut</strong></span> <span class='ocrx_word' id='word_1_452' title='bbox 2305 2524 2361 2568; x_wconf 91' lang='lat' dir='ltr'><strong>ut</strong></span> <span class='ocrx_word' id='word_1_453' title='bbox 2385 2517 2657 2581; x_wconf 84' lang='lat' dir='ltr'><strong>videatur,</strong></span> <span class='ocrx_word' id='word_1_454' title='bbox 2683 2527 2929 2586; x_wconf 83' lang='lat' dir='ltr'><strong>tanquam</strong></span> <span class='ocrx_word' id='word_1_455' title='bbox 2952 2519 3098 2587; x_wconf 75' lang='lat' dir='ltr'><strong>funes</strong></span> <span class='ocrx_word' id='word_1_456' title='bbox 3127 2519 3369 2577; x_wconf 72' lang='lat' dir='ltr'><strong>dissoluti</strong></span> 
     </span>
    </p>
   </div>
   <div class='ocr_carea' id='block_1_65' title="bbox 1823 2603 3367 2680">
    <p class='ocr_par' dir='ltr' id='par_1_65' title="bbox 1823 2603 3367 2680">
     <span class='ocr_line' id='line_1_65' title="bbox 1823 2603 3367 2680; baseline 0.004 -24"><span class='ocrx_word' id='word_1_457' title='bbox 1823 2616 1964 2657; x_wconf 78' lang='lat' dir='ltr'><strong>sunt.</strong></span> <span class='ocrx_word' id='word_1_458' title='bbox 2024 2603 2162 2657; x_wconf 81' lang='lat' dir='ltr'><strong>Viris</strong></span> <span class='ocrx_word' id='word_1_459' title='bbox 2211 2613 2606 2672; x_wconf 73' lang='lat' dir='ltr'><strong>tempestatum,</strong></span> <span class='ocrx_word' id='word_1_460' title='bbox 2642 2618 2740 2675; x_wconf 83' lang='lat' dir='ltr'><strong>pro</strong></span> <span class='ocrx_word' id='word_1_461' title='bbox 2784 2607 2958 2678; x_wconf 80' lang='grc' dir='ltr'>ὡρῶν.</span> <span class='ocrx_word' id='word_1_462' title='bbox 2999 2608 3174 2675; x_wconf 72' lang='lat' dir='ltr'><strong>Salve,</strong></span> <span class='ocrx_word' id='word_1_463' title='bbox 3200 2620 3367 2680; x_wconf 79' lang='lat' dir='ltr'><strong>pater,</strong></span> 
     </span>
    </p>
   </div>
   <div class='ocr_carea' id='block_1_66' title="bbox 1824 2697 3368 2767">
    <p class='ocr_par' dir='ltr' id='par_1_66' title="bbox 1824 2697 3368 2767">
     <span class='ocr_line' id='line_1_66' title="bbox 1824 2697 3368 2767; baseline 0.008 -21"><span class='ocrx_word' id='word_1_464' title='bbox 1824 2709 2067 2765; x_wconf 86' lang='lat' dir='ltr'><strong>magnum</strong></span> <span class='ocrx_word' id='word_1_465' title='bbox 2095 2697 2438 2762; x_wconf 77' lang='lat' dir='ltr'><strong>miraculum,</strong></span> <span class='ocrx_word' id='word_1_466' title='bbox 2470 2714 2658 2767; x_wconf 88' lang='lat' dir='ltr'><strong>magna</strong></span> <span class='ocrx_word' id='word_1_467' title='bbox 2683 2697 2974 2753; x_wconf 84' lang='lat' dir='ltr'><strong>hominibus</strong></span> <span class='ocrx_word' id='word_1_468' title='bbox 2998 2703 3222 2760; x_wconf 83' lang='lat' dir='ltr'><strong>utilitas.</strong></span> <span class='ocrx_word' id='word_1_469' title='bbox 3252 2702 3368 2758; x_wconf 78' lang='lat' dir='ltr'><strong>Non</strong></span> 
     </span>
    </p>
   </div>
   <div class='ocr_carea' id='block_1_67' title="bbox 1825 2784 3365 2862">
    <p class='ocr_par' dir='ltr' id='par_1_67' title="bbox 1825 2784 3365 2862">
     <span class='ocr_line' id='line_1_67' title="bbox 1825 2784 3365 2862; baseline 0.006 -23"><span class='ocrx_word' id='word_1_470' title='bbox 1825 2784 1976 2849; x_wconf 87' lang='lat' dir='ltr'><strong>dicit,</strong></span> <span class='ocrx_word' id='word_1_471' title='bbox 2018 2805 2037 2836; x_wconf 86' lang='grc'><em>‹</em></span> <span class='ocrx_word' id='word_1_472' title='bbox 2062 2796 2114 2840; x_wconf 91' lang='lat' dir='ltr'><strong>et</strong></span> <span class='ocrx_word' id='word_1_473' title='bbox 2132 2802 2343 2858; x_wconf 84' lang='lat' dir='ltr'><strong>magna.</strong></span> <span class='ocrx_word' id='word_1_474' title='bbox 2369 2786 2570 2845; x_wconf 62' lang='lat' dir='ltr'><strong>r&#39;Salue</strong></span> <span class='ocrx_word' id='word_1_475' title='bbox 2595 2798 2649 2841; x_wconf 91' lang='lat' dir='ltr'><strong>tu</strong></span> <span class='ocrx_word' id='word_1_476' title='bbox 2672 2790 2801 2858; x_wconf 87' lang='lat' dir='ltr'><strong>ipse,</strong></span> <span class='ocrx_word' id='word_1_477' title='bbox 2831 2798 2881 2843; x_wconf 89' lang='lat' dir='ltr'><strong>et</strong></span> <span class='ocrx_word' id='word_1_478' title='bbox 2919 2792 3064 2857; x_wconf 74' lang='lat' dir='ltr'><strong>prior</strong></span> <span class='ocrx_word' id='word_1_479' title='bbox 3085 2795 3365 2862; x_wconf 76' lang='lat' dir='ltr'><strong>generatio.</strong></span> 
     </span>
    </p>
   </div>
   <div class='ocr_carea' id='block_1_68' title="bbox 1825 2876 3364 2952">
    <p class='ocr_par' dir='ltr' id='par_1_68' title="bbox 1825 2876 3364 2952">
     <span class='ocr_line' id='line_1_68' title="bbox 1825 2876 3364 2952; baseline 0.005 -22"><span class='ocrx_word' id='word_1_480' title='bbox 1825 2876 1868 2931; x_wconf 93' lang='grc' dir='ltr'>Ο</span> <span class='ocrx_word' id='word_1_481' title='bbox 1905 2876 2139 2946; x_wconf 81' lang='lat' dir='ltr'><strong>Jupiter,</strong></span> <span class='ocrx_word' id='word_1_482' title='bbox 2171 2886 2227 2932; x_wconf 86' lang='lat' dir='ltr'><strong>tu</strong></span> <span class='ocrx_word' id='word_1_483' title='bbox 2284 2887 2338 2934; x_wconf 86' lang='lat' dir='ltr'><strong>et</strong></span> <span class='ocrx_word' id='word_1_484' title='bbox 2389 2880 2672 2950; x_wconf 85' lang='lat' dir='ltr'><strong>progenies</strong></span> <span class='ocrx_word' id='word_1_485' title='bbox 2725 2887 3082 2952; x_wconf 84' lang='lat' dir='ltr'><strong>tua:n_empe</strong></span> <span class='ocrx_word' id='word_1_486' title='bbox 3127 2881 3364 2939; x_wconf 83' lang='lat' dir='ltr'><strong>Titanes.</strong></span> 
     </span>
    </p>
   </div>
   <div class='ocr_carea' id='block_1_69' title="bbox 1824 2968 2610 3040">
    <p class='ocr_par' dir='ltr' id='par_1_69' title="bbox 1824 2968 2610 3040">
     <span class='ocr_line' id='line_1_69' title="bbox 1824 2968 2610 3040; baseline 0.008 -20"><span class='ocrx_word' id='word_1_487' title='bbox 1824 2968 1983 3024; x_wconf 78' lang='lat' dir='ltr'><strong>Velut</strong></span> <span class='ocrx_word' id='word_1_488' title='bbox 2017 2970 2159 3040; x_wconf 88' lang='lat' dir='ltr'><strong>apud</strong></span> <span class='ocrx_word' id='word_1_489' title='bbox 2187 2971 2564 3025; x_wconf 80' lang='lat' dir='ltr'><strong>Antimachum</strong></span> <span class='ocrx_word' id='word_1_490' title='bbox 2595 2990 2610 3026; x_wconf 88' lang='lat'><strong>:</strong></span> 
     </span>
    </p>
   </div>
   <div class='ocr_carea' id='block_1_70' title="bbox 1827 3064 3370 3157">
    <p class='ocr_par' dir='ltr' id='par_1_70' title="bbox 1827 3064 3370 3157">
     <span class='ocr_line' id='line_1_70' title="bbox 1827 3064 3370 3157; baseline 0.003 -19"><span class='ocrx_word' id='word_1_491' title='bbox 1827 3083 2230 3156; x_wconf 85' lang='lat' dir='ltr'><strong>Terrigenasque</strong></span> <span class='ocrx_word' id='word_1_492' title='bbox 2266 3086 2388 3139; x_wconf 85' lang='lat' dir='ltr'><strong>deos</strong></span> <span class='ocrx_word' id='word_1_493' title='bbox 2407 3123 2424 3153; x_wconf 91' lang='lat'><strong>,</strong></span> <span class='ocrx_word' id='word_1_494' title='bbox 2453 3086 2872 3154; x_wconf 78' lang='lat' dir='ltr'><strong>autiquioresque</strong></span> <span class='ocrx_word' id='word_1_495' title='bbox 2902 3064 3098 3157; x_wconf 83' lang='lat' dir='ltr'><strong>origine</strong></span> <span class='ocrx_word' id='word_1_496' title='bbox 3130 3087 3370 3142; x_wconf 83' lang='lat' dir='ltr'><strong>Titanas.</strong></span> 
     </span>
    </p>
   </div>
   <div class='ocr_carea' id='block_1_71' title="bbox 1751 3197 2229 3286">
    <p class='ocr_par' dir='ltr' id='par_1_71' title="bbox 1751 3197 2229 3286">
     <span class='ocr_line' id='line_1_71' title="bbox 1751 3197 2229 3286; baseline 0.006 -35"><span class='ocrx_word' id='word_1_497' title='bbox 1751 3230 1793 3286; x_wconf 64' lang='grc' dir='ltr'>ρ</span> <span class='ocrx_word' id='word_1_498' title='bbox 1828 3197 1919 3252; x_wconf 91' lang='lat' dir='ltr'><strong>Sic</strong></span> <span class='ocrx_word' id='word_1_499' title='bbox 1945 3197 2229 3262; x_wconf 78' lang='lat' dir='ltr'><strong>Homerus,</strong></span> 
     </span>
    </p>
   </div>
   <div class='ocr_carea' id='block_1_72' title="bbox 1827 3291 3248 3380">
    <p class='ocr_par' dir='ltr' id='par_1_72' title="bbox 1827 3291 3248 3380">
     <span class='ocr_line' id='line_1_72' title="bbox 1827 3291 3248 3380; baseline 0.003 -16"><span class='ocrx_word' id='word_1_500' title='bbox 1827 3309 2189 3380; x_wconf 82' lang='lat' dir='ltr'><strong>Oceanumque</strong></span> <span class='ocrx_word' id='word_1_501' title='bbox 2218 3310 2384 3363; x_wconf 85' lang='lat' dir='ltr'><strong>Deum</strong></span> <span class='ocrx_word' id='word_1_502' title='bbox 2413 3291 2683 3380; x_wconf 75' lang='lat' dir='ltr'><strong>originem,</strong></span> <span class='ocrx_word' id='word_1_503' title='bbox 2704 3318 2755 3371; x_wconf 87' lang='lat' dir='ltr'><strong>et</strong></span> <span class='ocrx_word' id='word_1_504' title='bbox 2783 3319 3002 3364; x_wconf 84' lang='lat' dir='ltr'><strong>matrem</strong></span> <span class='ocrx_word' id='word_1_505' title='bbox 3028 3310 3248 3380; x_wconf 75' lang='lat' dir='ltr'><strong>Tethyn.</strong></span> 
     </span>
    </p>
   </div>
   <div class='ocr_carea' id='block_1_73' title="bbox 1891 3404 3375 3490">
    <p class='ocr_par' dir='ltr' id='par_1_73' title="bbox 1891 3404 3375 3490">
     <span class='ocr_line' id='line_1_73' title="bbox 1891 3404 3375 3490; baseline 0.001 -17"><span class='ocrx_word' id='word_1_506' title='bbox 1891 3404 2092 3485; x_wconf 84' lang='lat' dir='ltr'><strong>Quodsi</strong></span> <span class='ocrx_word' id='word_1_507' title='bbox 2138 3421 2205 3474; x_wconf 90' lang='lat' dir='ltr'><strong>ad</strong></span> <span class='ocrx_word' id='word_1_508' title='bbox 2253 3421 2499 3479; x_wconf 87' lang='lat' dir='ltr'><strong>homines</strong></span> <span class='ocrx_word' id='word_1_509' title='bbox 2550 3435 2652 3476; x_wconf 81' lang='lat' dir='ltr'><strong>vox</strong></span> <span class='ocrx_word' id='word_1_510' title='bbox 2698 3420 2787 3474; x_wconf 88' lang='lat' dir='ltr'><strong>illa</strong></span> <span class='ocrx_word' id='word_1_511' title='bbox 2814 3461 2829 3486; x_wconf 89' lang='lat'><strong>,</strong></span> <span class='ocrx_word' id='word_1_512' title='bbox 2862 3422 3042 3490; x_wconf 84' lang='lat' dir='ltr'><strong>prior,</strong></span> <span class='ocrx_word' id='word_1_513' title='bbox 3088 3421 3375 3485; x_wconf 65' lang='lat' dir='ltr'><strong>referenda</strong></span> 
     </span>
    </p>
   </div>
   <div class='ocr_carea' id='block_1_74' title="bbox 1824 3512 3372 3585">
    <p class='ocr_par' dir='ltr' id='par_1_74' title="bbox 1824 3512 3372 3585">
     <span class='ocr_line' id='line_1_74' title="bbox 1824 3512 3372 3585; baseline 0.005 -19"><span class='ocrx_word' id='word_1_514' title='bbox 1824 3512 1929 3575; x_wconf 88' lang='lat' dir='ltr'><strong>sit,</strong></span> <span class='ocrx_word' id='word_1_515' title='bbox 1965 3512 2031 3566; x_wconf 87' lang='lat' dir='ltr'><strong>de</strong></span> <span class='ocrx_word' id='word_1_516' title='bbox 2063 3521 2254 3582; x_wconf 82' lang='lat' dir='ltr'><strong>quarta</strong></span> <span class='ocrx_word' id='word_1_517' title='bbox 2306 3513 2380 3570; x_wconf 85' lang='lat' dir='ltr'><strong>ab.</strong></span> <span class='ocrx_word' id='word_1_518' title='bbox 2413 3529 2576 3566; x_wconf 91' lang='lat' dir='ltr'><strong>aureo</strong></span> <span class='ocrx_word' id='word_1_519' title='bbox 2620 3527 2812 3582; x_wconf 80' lang='lat' dir='ltr'><strong>genere</strong></span> <span class='ocrx_word' id='word_1_520' title='bbox 2849 3515 3205 3571; x_wconf 77' lang='lat' dir='ltr'><strong>semideorum</strong></span> <span class='ocrx_word' id='word_1_521' title='bbox 3248 3531 3372 3585; x_wconf 60' lang='lat' dir='ltr'><strong>prop</strong></span> 
     </span>
    </p>
   </div>
   <div class='ocr_carea' id='block_1_75' title="bbox 1825 3601 3374 3674">
    <p class='ocr_par' dir='ltr' id='par_1_75' title="bbox 1825 3601 3374 3674">
     <span class='ocr_line' id='line_1_75' title="bbox 1825 3601 3374 3674; baseline 0.003 -18"><span class='ocrx_word' id='word_1_522' title='bbox 1825 3602 1981 3670; x_wconf 82' lang='lat' dir='ltr'><strong>genie</strong></span> <span class='ocrx_word' id='word_1_523' title='bbox 2008 3601 2441 3671; x_wconf 61' lang='lat' dir='ltr'><strong>loqueturJiam</strong></span> <span class='ocrx_word' id='word_1_524' title='bbox 2487 3618 2587 3656; x_wconf 89' lang='lat' dir='ltr'><strong>nos</strong></span> <span class='ocrx_word' id='word_1_525' title='bbox 2631 3604 2685 3656; x_wconf 93' lang='lat' dir='ltr'><strong>in</strong></span> <span class='ocrx_word' id='word_1_526' title='bbox 2727 3603 2919 3673; x_wconf 84' lang='lat' dir='ltr'><strong>quinta</strong></span> <span class='ocrx_word' id='word_1_527' title='bbox 2960 3605 3214 3674; x_wconf 77' lang='lat' dir='ltr'><strong>progenie</strong></span> <span class='ocrx_word' id='word_1_528' title='bbox 3243 3621 3374 3661; x_wconf 59' lang='lat' dir='ltr'><strong>cens</strong></span> 
     </span>
    </p>
   </div>
   <div class='ocr_carea' id='block_1_76' title="bbox 1827 3690 3371 3763">
    <p class='ocr_par' dir='ltr' id='par_1_76' title="bbox 1827 3690 3371 3763">
     <span class='ocr_line' id='line_1_76' title="bbox 1827 3690 3371 3763; baseline 0.001 -17"><span class='ocrx_word' id='word_1_529' title='bbox 1827 3707 2027 3750; x_wconf 87' lang='lat' dir='ltr'><strong>semur.</strong></span> <span class='ocrx_word' id='word_1_530' title='bbox 2062 3692 2140 3745; x_wconf 86' lang='lat' dir='ltr'><strong>Ac</strong></span> <span class='ocrx_word' id='word_1_531' title='bbox 2185 3698 2468 3760; x_wconf 79' lang='lat' dir='ltr'><strong>propterea</strong></span> <span class='ocrx_word' id='word_1_532' title='bbox 2515 3690 2738 3746; x_wconf 86' lang='lat' dir='ltr'><strong>Titanas</strong></span> <span class='ocrx_word' id='word_1_533' title='bbox 2781 3693 2991 3745; x_wconf 84' lang='lat' dir='ltr'><strong>salvere</strong></span> <span class='ocrx_word' id='word_1_534' title='bbox 3031 3692 3204 3760; x_wconf 84' lang='lat' dir='ltr'><strong>jubet,</strong></span> <span class='ocrx_word' id='word_1_535' title='bbox 3237 3710 3371 3763; x_wconf 82' lang='lat' dir='ltr'><strong>quo-</strong></span> 
     </span>
    </p>
   </div>
   <div class='ocr_carea' id='block_1_77' title="bbox 1825 3779 3369 3850">
    <p class='ocr_par' dir='ltr' id='par_1_77' title="bbox 1825 3779 3369 3850">
     <span class='ocr_line' id='line_1_77' title="bbox 1825 3779 3369 3850; baseline 0.003 -18"><span class='ocrx_word' id='word_1_536' title='bbox 1825 3779 1968 3832; x_wconf 88' lang='lat' dir='ltr'><strong>niam</strong></span> <span class='ocrx_word' id='word_1_537' title='bbox 1996 3779 2049 3831; x_wconf 90' lang='lat' dir='ltr'><strong>in</strong></span> <span class='ocrx_word' id='word_1_538' title='bbox 2080 3780 2426 3847; x_wconf 87' lang='lat' dir='ltr'><strong>sequentibus</strong></span> <span class='ocrx_word' id='word_1_539' title='bbox 2460 3779 2750 3847; x_wconf 71' lang='lat' dir='ltr'><strong>Astmum,</strong></span> <span class='ocrx_word' id='word_1_540' title='bbox 2786 3796 2954 3843; x_wconf 86' lang='lat' dir='ltr'><strong>unum</strong></span> <span class='ocrx_word' id='word_1_541' title='bbox 2973 3781 3039 3838; x_wconf 80' lang='lat' dir='ltr'><strong>de</strong></span> <span class='ocrx_word' id='word_1_542' title='bbox 3067 3781 3369 3850; x_wconf 73' lang='lat' dir='ltr'><strong>Titanibus,</strong></span> 
     </span>
    </p>
   </div>
   <div class='ocr_carea' id='block_1_78' title="bbox 1827 3863 2710 3938">
    <p class='ocr_par' dir='ltr' id='par_1_78' title="bbox 1827 3863 2710 3938">
     <span class='ocr_line' id='line_1_78' title="bbox 1827 3863 2710 3938; baseline 0.005 -18"><span class='ocrx_word' id='word_1_543' title='bbox 1827 3869 2080 3938; x_wconf 60' lang='lat' dir='ltr'><strong>praedicat</strong></span> <span class='ocrx_word' id='word_1_544' title='bbox 2104 3869 2189 3922; x_wconf 85' lang='lat' dir='ltr'><strong>his</strong></span> <span class='ocrx_word' id='word_1_545' title='bbox 2219 3870 2398 3924; x_wconf 87' lang='lat' dir='ltr'><strong>verbis</strong></span> <span class='ocrx_word' id='word_1_546' title='bbox 2420 3889 2434 3923; x_wconf 91' lang='lat'><strong>:</strong></span> <span class='ocrx_word' id='word_1_547' title='bbox 2702 3863 2710 3870; x_wconf 77' lang='grc'><strong>’</strong></span> 
     </span>
    </p>
   </div>
   <div class='ocr_carea' id='block_1_79' title="bbox 1829 3982 3131 4054">
    <p class='ocr_par' dir='ltr' id='par_1_79' title="bbox 1829 3982 3131 4054">
     <span class='ocr_line' id='line_1_79' title="bbox 1829 3982 3131 4054; baseline 0.003 -20"><span class='ocrx_word' id='word_1_548' title='bbox 1829 3983 1947 4054; x_wconf 83' lang='lat' dir='ltr'><strong>Sive</strong></span> <span class='ocrx_word' id='word_1_549' title='bbox 1971 3982 2129 4051; x_wconf 82' lang='lat' dir='ltr'><strong>igitur</strong></span> <span class='ocrx_word' id='word_1_550' title='bbox 2162 3984 2353 4054; x_wconf 77' lang='lat' dir='ltr'><strong>Astrtei</strong></span> <span class='ocrx_word' id='word_1_551' title='bbox 2377 3984 2519 4038; x_wconf 83' lang='lat' dir='ltr'><strong>illius</strong></span> <span class='ocrx_word' id='word_1_552' title='bbox 2541 3985 2709 4053; x_wconf 83' lang='lat' dir='ltr'><strong>proles</strong></span> <span class='ocrx_word' id='word_1_553' title='bbox 2745 4003 2760 4041; x_wconf 89' lang='lat'><strong>:</strong></span> <span class='ocrx_word' id='word_1_554' title='bbox 2799 4002 2947 4054; x_wconf 76' lang='lat' dir='ltr'><strong>quem</strong></span> <span class='ocrx_word' id='word_1_555' title='bbox 2985 3987 3131 4040; x_wconf 79' lang='lat' dir='ltr'><strong>aiunt</strong></span> 
     </span>
    </p>
   </div>
   <div class='ocr_carea' id='block_1_80' title="bbox 1827 4053 2781 4130">
    <p class='ocr_par' dir='ltr' id='par_1_80' title="bbox 1827 4053 2781 4130">
     <span class='ocr_line' id='line_1_80' title="bbox 1827 4053 2781 4130; baseline 0.001 -26"><span class='ocrx_word' id='word_1_556' title='bbox 1827 4053 2101 4108; x_wconf 82' lang='lat' dir='ltr'><strong>Astrorum</strong></span> <span class='ocrx_word' id='word_1_557' title='bbox 2132 4053 2398 4121; x_wconf 78' lang='lat' dir='ltr'><strong>antiquum</strong></span> <span class='ocrx_word' id='word_1_558' title='bbox 2426 4065 2625 4130; x_wconf 80' lang='lat' dir='ltr'><strong>patrem</strong></span> <span class='ocrx_word' id='word_1_559' title='bbox 2653 4071 2781 4108; x_wconf 87' lang='lat' dir='ltr'><strong>esse.</strong></span> 
     </span>
    </p>
   </div>
   <div class='ocr_carea' id='block_1_81' title="bbox 1899 4164 3367 4240">
    <p class='ocr_par' dir='ltr' id='par_1_81' title="bbox 1899 4164 3367 4240">
     <span class='ocr_line' id='line_1_81' title="bbox 1899 4164 3367 4240; baseline 0.005 -23"><span class='ocrx_word' id='word_1_560' title='bbox 1899 4164 2012 4217; x_wconf 86' lang='lat' dir='ltr'><strong>Hoc</strong></span> <span class='ocrx_word' id='word_1_561' title='bbox 2056 4166 2231 4232; x_wconf 86' lang='lat' dir='ltr'><strong>ipsum</strong></span> <span class='ocrx_word' id='word_1_562' title='bbox 2261 4179 2390 4237; x_wconf 70' lang='lat' dir='ltr'><strong>vero</strong></span> <span class='ocrx_word' id='word_1_563' title='bbox 2426 4173 2533 4218; x_wconf 82' lang='lat' dir='ltr'><strong>tam</strong></span> <span class='ocrx_word' id='word_1_564' title='bbox 2575 4180 2698 4219; x_wconf 89' lang='lat' dir='ltr'><strong>cum</strong></span> <span class='ocrx_word' id='word_1_565' title='bbox 2733 4168 3176 4236; x_wconf 71' lang='lat' dir='ltr'><strong>pmoedentibus,</strong></span> <span class='ocrx_word' id='word_1_566' title='bbox 3208 4186 3367 4240; x_wconf 83' lang='lat' dir='ltr'><strong>quam</strong></span> 
     </span>
    </p>
   </div>
   <div class='ocr_carea' id='block_1_82' title="bbox 178 4242 1728 4328">
    <p class='ocr_par' dir='ltr' id='par_1_82' title="bbox 178 4242 1728 4318">
     <span class='ocr_line' id='line_1_82' title="bbox 178 4242 1728 4318; baseline 0.002 -22"><span class='ocrx_word' id='word_1_567' title='bbox 178 4246 295 4306; x_wconf 83' lang='grc' dir='ltr'>τοῖς</span> <span class='ocrx_word' id='word_1_568' title='bbox 325 4242 725 4312; x_wconf 74' lang='grc' dir='ltr'>ἐπιφερομένοις</span> <span class='ocrx_word' id='word_1_569' title='bbox 750 4245 1127 4299; x_wconf 68' lang='grc' dir='ltr'>συνάπτεσθαι·</span> <span class='ocrx_word' id='word_1_570' title='bbox 1159 4244 1341 4318; x_wconf 86' lang='grc' dir='ltr'>ὥσπερ</span> <span class='ocrx_word' id='word_1_571' title='bbox 1363 4246 1476 4309; x_wconf 72' lang='grc' dir='ltr'>καὶ,</span> <span class='ocrx_word' id='word_1_572' title='bbox 1493 4247 1728 4313; x_wconf 83' lang='grc' dir='ltr'>Χαίρετε</span> 
     </span>
    </p>
   </div>
   <div class='ocr_carea' id='block_1_83' title="bbox 1812 4242 3368 4328">
    <p class='ocr_par' dir='ltr' id='par_1_83' title="bbox 1830 4254 3368 4328">
     <span class='ocr_line' id='line_1_83' title="bbox 1830 4254 3368 4328; baseline 0.003 -20"><span class='ocrx_word' id='word_1_573' title='bbox 1830 4269 1952 4309; x_wconf 85' lang='lat' dir='ltr'><strong>cum</strong></span> <span class='ocrx_word' id='word_1_574' title='bbox 2002 4254 2352 4323; x_wconf 86' lang='lat' dir='ltr'><strong>sequentibus</strong></span> <span class='ocrx_word' id='word_1_575' title='bbox 2404 4256 2645 4322; x_wconf 85' lang='lat' dir='ltr'><strong>copulari</strong></span> <span class='ocrx_word' id='word_1_576' title='bbox 2690 4265 2886 4325; x_wconf 86' lang='lat' dir='ltr'><strong>potest,</strong></span> <span class='ocrx_word' id='word_1_577' title='bbox 2924 4261 3368 4328; x_wconf 85' lang='lat' dir='ltr'><strong>quemadmodum</strong></span> 
     </span>
    </p>
   </div>
   <div class='ocr_carea' id='block_1_84' title="bbox 177 4329 1728 4405">
    <p class='ocr_par' dir='ltr' id='par_1_84' title="bbox 177 4329 1728 4405">
     <span class='ocr_line' id='line_1_84' title="bbox 177 4329 1728 4405; baseline 0.003 -21"><span class='ocrx_word' id='word_1_578' title='bbox 177 4332 266 4396; x_wconf 82' lang='grc' dir='ltr'><strong>δὲ,</strong></span> <span class='ocrx_word' id='word_1_579' title='bbox 292 4332 546 4397; x_wconf 83' lang='grc' dir='ltr'>Μοῦσαι,</span> <span class='ocrx_word' id='word_1_580' title='bbox 569 4333 687 4388; x_wconf 88' lang='grc' dir='ltr'>καθ’</span> <span class='ocrx_word' id='word_1_581' title='bbox 716 4334 899 4387; x_wconf 76' lang='grc' dir='ltr'>ἑαυτό·</span> <span class='ocrx_word' id='word_1_582' title='bbox 929 4329 1063 4399; x_wconf 81' lang='grc' dir='ltr'>εἶτα,</span> <span class='ocrx_word' id='word_1_583' title='bbox 1090 4334 1254 4402; x_wconf 72' lang='grc' dir='ltr'>μάλα</span> <span class='ocrx_word' id='word_1_584' title='bbox 1291 4334 1495 4400; x_wconf 79' lang='grc' dir='ltr'>πᾶσαι,</span> <span class='ocrx_word' id='word_1_585' title='bbox 1528 4336 1612 4405; x_wconf 82' lang='grc' dir='ltr'><strong>ὑφ’</strong></span> <span class='ocrx_word' id='word_1_586' title='bbox 1650 4337 1728 4389; x_wconf 73' lang='grc' dir='ltr'><strong>ἓν·</strong></span> 
     </span>
    </p>
   </div>
   <div class='ocr_carea' id='block_1_85' title="bbox 185 4534 1236 4605">
    <p class='ocr_par' dir='ltr' id='par_1_85' title="bbox 185 4534 1236 4605">
     <span class='ocr_line' id='line_1_85' title="bbox 185 4534 1236 4605; baseline 0.003 -19"><span class='ocrx_word' id='word_1_587' title='bbox 185 4569 252 4605; x_wconf 89' lang='lat'><strong>._.</strong></span> <span class='ocrx_word' id='word_1_588' title='bbox 291 4573 306 4586; x_wconf 97' lang='lat'><strong>.</strong></span> <span class='ocrx_word' id='word_1_589' title='bbox 345 4571 358 4605; x_wconf 62' lang='grc' dir='ltr'>τ</span> <span class='ocrx_word' id='word_1_590' title='bbox 390 4571 408 4586; x_wconf 87' lang='lat'><strong>.</strong></span> <span class='ocrx_word' id='word_1_591' title='bbox 440 4573 452 4586; x_wconf 90' lang='lat'><strong>.</strong></span> <span class='ocrx_word' id='word_1_592' title='bbox 502 4534 654 4603; x_wconf 79' lang='grc' dir='ltr'>Ἐμοί</span> <span class='ocrx_word' id='word_1_593' title='bbox 684 4553 746 4605; x_wconf 65' lang='grc' dir='ltr'>γε</span> <span class='ocrx_word' id='word_1_594' title='bbox 769 4535 1021 4604; x_wconf 82' lang='grc' dir='ltr'>ἀστέρας</span> <span class='ocrx_word' id='word_1_595' title='bbox 1049 4539 1236 4591; x_wconf 74' lang='grc' dir='ltr'>εἰπεῖν</span> 
     </span>
    </p>
   </div>
   <div class='ocr_carea' id='block_1_86' title="bbox 184 4599 1655 4679">
    <p class='ocr_par' dir='ltr' id='par_1_86' title="bbox 184 4599 1655 4679">
     <span class='ocr_line' id='line_1_86' title="bbox 184 4599 1655 4679; baseline 0.005 -23"><span class='ocrx_word' id='word_1_596' title='bbox 184 4599 258 4656; x_wconf 77' lang='lat' dir='ltr'><strong>El</strong></span> <span class='ocrx_word' id='word_1_597' title='bbox 290 4601 475 4669; x_wconf 81' lang='grc' dir='ltr'>θέμις,</span> <span class='ocrx_word' id='word_1_598' title='bbox 520 4599 815 4674; x_wconf 70' lang='grc' dir='ltr'>εὖχομένῳ</span> <span class='ocrx_word' id='word_1_599' title='bbox 844 4599 1161 4675; x_wconf 69' lang='grc' dir='ltr'>τεᾶιμήρατε</span> <span class='ocrx_word' id='word_1_600' title='bbox 1195 4605 1397 4661; x_wconf 79' lang='grc' dir='ltr'>πᾶσαν</span> <span class='ocrx_word' id='word_1_601' title='bbox 1426 4609 1655 4679; x_wconf 78' lang='grc' dir='ltr'><strong>ἀοιδήν.</strong></span> 
     </span>
    </p>
   </div>
   <div class='ocr_carea' id='block_1_87' title="bbox 177 4712 1731 4789">
    <p class='ocr_par' dir='ltr' id='par_1_87' title="bbox 177 4712 1731 4789">
     <span class='ocr_line' id='line_1_87' title="bbox 177 4712 1731 4789; baseline 0.003 -21"><span class='ocrx_word' id='word_1_602' title='bbox 177 4714 273 4777; x_wconf 86' lang='grc' dir='ltr'><strong>Τὸ,</strong></span> <span class='ocrx_word' id='word_1_603' title='bbox 312 4712 493 4781; x_wconf 83' lang='grc' dir='ltr'>θέμις,</span> <span class='ocrx_word' id='word_1_604' title='bbox 532 4715 843 4782; x_wconf 77' lang='grc' dir='ltr'>ἀμφίὸολον.</span> <span class='ocrx_word' id='word_1_605' title='bbox 889 4719 1042 4771; x_wconf 82' lang='grc' dir='ltr'>Ἤτοι</span> <span class='ocrx_word' id='word_1_606' title='bbox 1080 4718 1184 4787; x_wconf 84' lang='grc' dir='ltr'><strong>γὰρ</strong></span> <span class='ocrx_word' id='word_1_607' title='bbox 1217 4718 1292 4789; x_wconf 71' lang='grc' dir='ltr'>τῷ</span> <span class='ocrx_word' id='word_1_608' title='bbox 1326 4720 1569 4788; x_wconf 81' lang='grc' dir='ltr'>προτέρῳ</span> <span class='ocrx_word' id='word_1_609' title='bbox 1611 4737 1731 4773; x_wconf 88' lang='grc' dir='ltr'>συν-</span> 
     </span>
    </p>
   </div>
   <div class='ocr_carea' id='block_1_88' title="bbox 179 4805 1732 4878">
    <p class='ocr_par' dir='ltr' id='par_1_88' title="bbox 179 4805 1732 4878">
     <span class='ocr_line' id='line_1_88' title="bbox 179 4805 1732 4878; baseline 0.003 -19"><span class='ocrx_word' id='word_1_610' title='bbox 179 4805 404 4870; x_wconf 83' lang='grc' dir='ltr'>απτέον,</span> <span class='ocrx_word' id='word_1_611' title='bbox 439 4805 472 4873; x_wconf 82' lang='grc' dir='ltr'>ἢ</span> <span class='ocrx_word' id='word_1_612' title='bbox 497 4805 572 4872; x_wconf 78' lang='grc' dir='ltr'>τῷ</span> <span class='ocrx_word' id='word_1_613' title='bbox 599 4805 740 4873; x_wconf 66' lang='grc' dir='ltr'>ἑξῆς</span> <span class='ocrx_word' id='word_1_614' title='bbox 779 4808 915 4877; x_wconf 75' lang='grc' dir='ltr'>ἦτοι,</span> <span class='ocrx_word' id='word_1_615' title='bbox 933 4808 1183 4876; x_wconf 81' lang='grc' dir='ltr'>ἀστέρας</span> <span class='ocrx_word' id='word_1_616' title='bbox 1218 4809 1424 4872; x_wconf 75' lang='grc' dir='ltr'>εἰπεῖν,</span> <span class='ocrx_word' id='word_1_617' title='bbox 1443 4811 1520 4876; x_wconf 86' lang='grc' dir='ltr'>ὼς</span> <span class='ocrx_word' id='word_1_618' title='bbox 1552 4827 1732 4878; x_wconf 86' lang='grc' dir='ltr'>προσ-</span> 
     </span>
    </p>
   </div>
   <div class='ocr_carea' id='block_1_89' title="bbox 1831 4342 3359 4416">
    <p class='ocr_par' dir='ltr' id='par_1_89' title="bbox 1831 4342 3359 4416">
     <span class='ocr_line' id='line_1_89' title="bbox 1831 4342 3359 4416; baseline 0.001 -18"><span class='ocrx_word' id='word_1_619' title='bbox 1831 4344 1975 4399; x_wconf 86' lang='lat' dir='ltr'><strong>istud</strong></span> <span class='ocrx_word' id='word_1_620' title='bbox 2006 4363 2018 4397; x_wconf 91' lang='lat'><strong>:</strong></span> <span class='ocrx_word' id='word_1_621' title='bbox 2051 4343 2273 4404; x_wconf 83' lang='lat' dir='ltr'><strong>Salvete,</strong></span> <span class='ocrx_word' id='word_1_622' title='bbox 2303 4342 2492 4407; x_wconf 78' lang='lat' dir='ltr'><strong>Musca,</strong></span> <span class='ocrx_word' id='word_1_623' title='bbox 2523 4361 2617 4413; x_wconf 90' lang='lat' dir='ltr'><strong>per</strong></span> <span class='ocrx_word' id='word_1_624' title='bbox 2641 4347 2876 4416; x_wconf 83' lang='lat' dir='ltr'><strong>seipsum</strong></span> <span class='ocrx_word' id='word_1_625' title='bbox 2909 4366 2923 4400; x_wconf 85' lang='grc'><strong>;</strong></span> <span class='ocrx_word' id='word_1_626' title='bbox 2949 4347 3160 4411; x_wconf 80' lang='lat' dir='ltr'><strong>deinde,</strong></span> <span class='ocrx_word' id='word_1_627' title='bbox 3191 4348 3359 4400; x_wconf 88' lang='lat' dir='ltr'><strong>admo-</strong></span> 
     </span>
    </p>
   </div>
   <div class='ocr_carea' id='block_1_90' title="bbox 1832 4435 2583 4502">
    <p class='ocr_par' dir='ltr' id='par_1_90' title="bbox 1832 4435 2583 4502">
     <span class='ocr_line' id='line_1_90' title="bbox 1832 4435 2583 4502; baseline 0 -16"><span class='ocrx_word' id='word_1_628' title='bbox 1832 4435 1954 4486; x_wconf 88' lang='lat' dir='ltr'><strong>dum</strong></span> <span class='ocrx_word' id='word_1_629' title='bbox 1982 4451 2176 4499; x_wconf 82' lang='lat' dir='ltr'><strong>omnes,</strong></span> <span class='ocrx_word' id='word_1_630' title='bbox 2207 4435 2536 4502; x_wconf 70' lang='lat' dir='ltr'><strong>conjunction</strong></span> <span class='ocrx_word' id='word_1_631' title='bbox 2569 4453 2583 4486; x_wconf 87' lang='lat'><strong>:</strong></span> 
     </span>
    </p>
   </div>
   <div class='ocr_carea' id='block_1_91' title="bbox 1759 4544 3025 4615">
    <p class='ocr_par' dir='ltr' id='par_1_91' title="bbox 1759 4544 3025 4615">
     <span class='ocr_line' id='line_1_91' title="bbox 1759 4544 3025 4615; baseline -0.003 -12"><span class='ocrx_word' id='word_1_632' title='bbox 1759 4559 1803 4613; x_wconf 87' lang='lat' dir='ltr'><strong>D</strong></span> <span class='ocrx_word' id='word_1_633' title='bbox 1835 4592 1848 4605; x_wconf 94' lang='lat'><strong>.</strong></span> <span class='ocrx_word' id='word_1_634' title='bbox 1887 4586 1900 4600; x_wconf 93' lang='lat'><strong>.</strong></span> <span class='ocrx_word' id='word_1_635' title='bbox 1937 4586 1953 4600; x_wconf 93' lang='lat'><strong>.</strong></span> <span class='ocrx_word' id='word_1_636' title='bbox 1993 4587 2004 4600; x_wconf 94' lang='lat'><strong>.</strong></span> <span class='ocrx_word' id='word_1_637' title='bbox 2040 4588 2053 4600; x_wconf 94' lang='lat'><strong>.</strong></span> <span class='ocrx_word' id='word_1_638' title='bbox 2091 4545 2220 4599; x_wconf 76' lang='lat' dir='ltr'><strong>Mihi</strong></span> <span class='ocrx_word' id='word_1_639' title='bbox 2247 4545 2452 4615; x_wconf 86' lang='lat' dir='ltr'><strong>quidem</strong></span> <span class='ocrx_word' id='word_1_640' title='bbox 2481 4544 2547 4597; x_wconf 87' lang='lat' dir='ltr'><strong>ad</strong></span> <span class='ocrx_word' id='word_1_641' title='bbox 2577 4546 2754 4598; x_wconf 84' lang='lat' dir='ltr'><strong>stellas</strong></span> <span class='ocrx_word' id='word_1_642' title='bbox 2783 4545 3025 4600; x_wconf 84' lang='lat' dir='ltr'><strong>dicendas</strong></span> 
     </span>
    </p>
   </div>
   <div class='ocr_carea' id='block_1_92' title="bbox 1836 4616 3093 4686">
    <p class='ocr_par' dir='ltr' id='par_1_92' title="bbox 1836 4616 3093 4686">
     <span class='ocr_line' id='line_1_92' title="bbox 1836 4616 3093 4686; baseline -0.001 -15"><span class='ocrx_word' id='word_1_643' title='bbox 1836 4618 1894 4673; x_wconf 88' lang='lat' dir='ltr'><strong>Si</strong></span> <span class='ocrx_word' id='word_1_644' title='bbox 1917 4619 2000 4686; x_wconf 79' lang='lat' dir='ltr'><strong>fas</strong></span> <span class='ocrx_word' id='word_1_645' title='bbox 2020 4627 2117 4680; x_wconf 87' lang='lat' dir='ltr'><strong>est,</strong></span> <span class='ocrx_word' id='word_1_646' title='bbox 2147 4616 2378 4684; x_wconf 83' lang='lat' dir='ltr'><strong>precanti</strong></span> <span class='ocrx_word' id='word_1_647' title='bbox 2400 4616 2617 4681; x_wconf 82' lang='lat' dir='ltr'><strong>promite</strong></span> <span class='ocrx_word' id='word_1_648' title='bbox 2644 4631 2841 4667; x_wconf 80' lang='lat' dir='ltr'><strong>omnem</strong></span> <span class='ocrx_word' id='word_1_649' title='bbox 2865 4628 3093 4670; x_wconf 84' lang='lat' dir='ltr'><strong>cantum.</strong></span> 
     </span>
    </p>
   </div>
   <div class='ocr_carea' id='block_1_93' title="bbox 1834 4723 3371 4794">
    <p class='ocr_par' dir='ltr' id='par_1_93' title="bbox 1834 4723 3371 4794">
     <span class='ocr_line' id='line_1_93' title="bbox 1834 4723 3371 4794; baseline -0.002 -14"><span class='ocrx_word' id='word_1_650' title='bbox 1834 4728 1948 4781; x_wconf 81' lang='lat' dir='ltr'><strong>Vox</strong></span> <span class='ocrx_word' id='word_1_651' title='bbox 1979 4729 2087 4790; x_wconf 89' lang='lat' dir='ltr'><strong>illa,</strong></span> <span class='ocrx_word' id='word_1_652' title='bbox 2139 4726 2245 4794; x_wconf 77' lang='lat' dir='ltr'><strong>fas,</strong></span> <span class='ocrx_word' id='word_1_653' title='bbox 2281 4725 2529 4793; x_wconf 85' lang='lat' dir='ltr'><strong>ambigua</strong></span> <span class='ocrx_word' id='word_1_654' title='bbox 2561 4733 2663 4779; x_wconf 90' lang='lat' dir='ltr'><strong>est.</strong></span> <span class='ocrx_word' id='word_1_655' title='bbox 2693 4723 2826 4777; x_wconf 87' lang='lat' dir='ltr'><strong>Nam</strong></span> <span class='ocrx_word' id='word_1_656' title='bbox 2878 4736 2970 4778; x_wconf 88' lang='lat' dir='ltr'><strong>aut</strong></span> <span class='ocrx_word' id='word_1_657' title='bbox 3008 4724 3371 4778; x_wconf 85' lang='lat' dir='ltr'><strong>antecedenti-</strong></span> 
     </span>
    </p>
   </div>
   <div class='ocr_carea' id='block_1_94' title="bbox 1835 4814 3373 4884">
    <p class='ocr_par' dir='ltr' id='par_1_94' title="bbox 1835 4814 3373 4884">
     <span class='ocr_line' id='line_1_94' title="bbox 1835 4814 3373 4884; baseline -0.003 -11"><span class='ocrx_word' id='word_1_658' title='bbox 1835 4821 1957 4883; x_wconf 87' lang='lat' dir='ltr'><strong>bus,</strong></span> <span class='ocrx_word' id='word_1_659' title='bbox 1989 4826 2082 4872; x_wconf 84' lang='lat' dir='ltr'><strong>aut</strong></span> <span class='ocrx_word' id='word_1_660' title='bbox 2131 4815 2480 4884; x_wconf 85' lang='lat' dir='ltr'><strong>sequentibus</strong></span> <span class='ocrx_word' id='word_1_661' title='bbox 2520 4816 2850 4868; x_wconf 88' lang='lat' dir='ltr'><strong>annectenda</strong></span> <span class='ocrx_word' id='word_1_662' title='bbox 2883 4823 2982 4868; x_wconf 89' lang='lat' dir='ltr'><strong>est.</strong></span> <span class='ocrx_word' id='word_1_663' title='bbox 3028 4814 3283 4870; x_wconf 81' lang='lat' dir='ltr'><strong>Videlicet</strong></span> <span class='ocrx_word' id='word_1_664' title='bbox 3316 4829 3373 4868; x_wconf 84' lang='lat' dir='ltr'><strong>ur</strong></span> 
     </span>
    </p>
   </div>
   <div class='ocr_carea' id='block_1_95' title="bbox 177 4895 1728 4974">
    <p class='ocr_par' dir='ltr' id='par_1_95' title="bbox 177 4895 1728 4971">
     <span class='ocr_line' id='line_1_95' title="bbox 177 4895 1728 4971; baseline 0.002 -21"><span class='ocrx_word' id='word_1_665' title='bbox 177 4896 357 4964; x_wconf 80' lang='grc' dir='ltr'>ἧκον,</span> <span class='ocrx_word' id='word_1_666' title='bbox 399 4895 746 4963; x_wconf 74' lang='grc' dir='ltr'>τεκμήρατε·</span> <span class='ocrx_word' id='word_1_667' title='bbox 795 4899 850 4966; x_wconf 87' lang='grc' dir='ltr'>ἢ,</span> <span class='ocrx_word' id='word_1_668' title='bbox 899 4898 1198 4971; x_wconf 83' lang='grc' dir='ltr'>εὐχομένῳ</span> <span class='ocrx_word' id='word_1_669' title='bbox 1229 4901 1306 4964; x_wconf 85' lang='grc' dir='ltr'>ὡς</span> <span class='ocrx_word' id='word_1_670' title='bbox 1348 4900 1728 4968; x_wconf 78' lang='grc' dir='ltr'>προσήκοντα</span> 
     </span>
    </p>
   </div>
   <div class='ocr_carea' id='block_1_96' title="bbox 1812 4895 3362 4974">
    <p class='ocr_par' dir='ltr' id='par_1_96' title="bbox 1839 4906 3362 4974">
     <span class='ocr_line' id='line_1_96' title="bbox 1839 4906 3362 4974; baseline -0.003 -12"><span class='ocrx_word' id='word_1_671' title='bbox 1839 4912 1911 4962; x_wconf 90' lang='lat' dir='ltr'><strong>ita</strong></span> <span class='ocrx_word' id='word_1_672' title='bbox 1941 4916 2286 4964; x_wconf 91' lang='lat' dir='ltr'><strong>construatur</strong></span> <span class='ocrx_word' id='word_1_673' title='bbox 2323 4925 2335 4960; x_wconf 90' lang='lat'>:</span> <span class='ocrx_word' id='word_1_674' title='bbox 2369 4907 2435 4958; x_wconf 87' lang='lat' dir='ltr'><strong>ad</strong></span> <span class='ocrx_word' id='word_1_675' title='bbox 2477 4907 2656 4960; x_wconf 81' lang='lat' dir='ltr'><strong>stellas</strong></span> <span class='ocrx_word' id='word_1_676' title='bbox 2685 4906 2952 4970; x_wconf 86' lang='lat' dir='ltr'><strong>dicendas,</strong></span> <span class='ocrx_word' id='word_1_677' title='bbox 2984 4916 3039 4958; x_wconf 88' lang='lat' dir='ltr'><strong>ut</strong></span> <span class='ocrx_word' id='word_1_678' title='bbox 3059 4907 3222 4969; x_wconf 83' lang='lat' dir='ltr'><strong>decet,</strong></span> <span class='ocrx_word' id='word_1_679' title='bbox 3254 4923 3362 4974; x_wconf 83' lang='lat' dir='ltr'><strong>pro-</strong></span> 
     </span>
    </p>
   </div>
   <div class='ocr_carea' id='block_1_97' title="bbox 179 4982 1728 5062">
    <p class='ocr_par' dir='ltr' id='par_1_97' title="bbox 179 4982 1728 5060">
     <span class='ocr_line' id='line_1_97' title="bbox 179 4982 1728 5060; baseline 0.001 -22"><span class='ocrx_word' id='word_1_680' title='bbox 179 4986 521 5053; x_wconf 78' lang='grc' dir='ltr'>παράσχετε</span> <span class='ocrx_word' id='word_1_681' title='bbox 545 4985 730 5039; x_wconf 79' lang='grc' dir='ltr'>εἰπεῖν</span> <span class='ocrx_word' id='word_1_682' title='bbox 749 5026 763 5049; x_wconf 96' lang='grc'><strong>,</strong></span> <span class='ocrx_word' id='word_1_683' title='bbox 789 4982 836 5040; x_wconf 86' lang='grc' dir='ltr'><em>ὧ</em></span> <span class='ocrx_word' id='word_1_684' title='bbox 862 4988 1111 5043; x_wconf 79' lang='grc' dir='ltr'>Μοῦσαι.</span> <span class='ocrx_word' id='word_1_685' title='bbox 1141 4988 1492 5056; x_wconf 76' lang='grc' dir='ltr'>Τεκμήρατε,</span> <span class='ocrx_word' id='word_1_686' title='bbox 1529 5009 1544 5040; x_wconf 82' lang='grc' dir='ltr'><strong>ι</strong></span> <span class='ocrx_word' id='word_1_687' title='bbox 1574 4988 1728 5060; x_wconf 85' lang='grc' dir='ltr'>μέχρι</span> 
     </span>
    </p>
   </div>
   <div class='ocr_carea' id='block_1_98' title="bbox 1812 4982 3370 5062">
    <p class='ocr_par' dir='ltr' id='par_1_98' title="bbox 1840 4993 3370 5062">
     <span class='ocr_line' id='line_1_98' title="bbox 1840 4993 3370 5062; baseline -0.003 -11"><span class='ocrx_word' id='word_1_688' title='bbox 1840 5000 1991 5062; x_wconf 83' lang='lat' dir='ltr'><strong>mite;</strong></span> <span class='ocrx_word' id='word_1_689' title='bbox 2021 4998 2101 5051; x_wconf 59' lang='lat' dir='ltr'><strong>vel</strong></span> <span class='ocrx_word' id='word_1_690' title='bbox 2134 5017 2147 5050; x_wconf 86' lang='lat'><strong>:</strong></span> <span class='ocrx_word' id='word_1_691' title='bbox 2185 4997 2418 5062; x_wconf 81' lang='lat' dir='ltr'><strong>precanti</strong></span> <span class='ocrx_word' id='word_1_692' title='bbox 2457 5004 2514 5047; x_wconf 92' lang='lat' dir='ltr'><strong>ut</strong></span> <span class='ocrx_word' id='word_1_693' title='bbox 2555 4994 2788 5046; x_wconf 86' lang='lat' dir='ltr'><strong>decentia</strong></span> <span class='ocrx_word' id='word_1_694' title='bbox 2825 4993 2944 5047; x_wconf 90' lang='lat' dir='ltr'><strong>date</strong></span> <span class='ocrx_word' id='word_1_695' title='bbox 2977 4995 3102 5048; x_wconf 80' lang='lat' dir='ltr'><strong>mihi</strong></span> <span class='ocrx_word' id='word_1_696' title='bbox 3124 4996 3308 5053; x_wconf 85' lang='lat' dir='ltr'><strong>dicere,</strong></span> <span class='ocrx_word' id='word_1_697' title='bbox 3343 5013 3370 5047; x_wconf 88' lang='grc' dir='ltr'><strong>ο</strong></span> 
     </span>
    </p>
   </div>
   <div class='ocr_carea' id='block_1_99' title="bbox 180 5073 1402 5147">
    <p class='ocr_par' dir='ltr' id='par_1_99' title="bbox 180 5073 1402 5147">
     <span class='ocr_line' id='line_1_99' title="bbox 180 5073 1402 5147; baseline 0 -18"><span class='ocrx_word' id='word_1_698' title='bbox 180 5077 370 5137; x_wconf 77' lang='grc' dir='ltr'>τέλους</span> <span class='ocrx_word' id='word_1_699' title='bbox 390 5073 604 5126; x_wconf 81' lang='grc' dir='ltr'>εἴπατε·</span> <span class='ocrx_word' id='word_1_700' title='bbox 632 5094 650 5127; x_wconf 75' lang='grc' dir='ltr'><strong>ι</strong></span> <span class='ocrx_word' id='word_1_701' title='bbox 679 5075 897 5146; x_wconf 80' lang='grc' dir='ltr'>τέκμωρ</span> <span class='ocrx_word' id='word_1_702' title='bbox 916 5076 1022 5147; x_wconf 83' lang='grc' dir='ltr'>γὰρ</span> <span class='ocrx_word' id='word_1_703' title='bbox 1049 5077 1107 5130; x_wconf 88' lang='grc' dir='ltr'><strong>τὸ</strong></span> <span class='ocrx_word' id='word_1_704' title='bbox 1141 5098 1159 5128; x_wconf 76' lang='grc' dir='ltr'><strong>ι</strong></span> <span class='ocrx_word' id='word_1_705' title='bbox 1184 5080 1353 5141; x_wconf 80' lang='grc' dir='ltr'>τέλος.</span> <span class='ocrx_word' id='word_1_706' title='bbox 1385 5098 1402 5129; x_wconf 76' lang='grc' dir='ltr'><strong>ι</strong></span> 
     </span>
    </p>
   </div>
   <div class='ocr_carea' id='block_1_100' title="bbox 1838 5085 3378 5169">
    <p class='ocr_par' dir='ltr' id='par_1_100' title="bbox 1838 5085 3378 5169">
     <span class='ocr_line' id='line_1_100' title="bbox 1838 5085 3378 5169; baseline -0.005 -25"><span class='ocrx_word' id='word_1_707' title='bbox 1838 5089 2024 5144; x_wconf 73' lang='grc' dir='ltr'><strong>Μαδω.</strong></span> <span class='ocrx_word' id='word_1_708' title='bbox 2042 5089 2135 5142; x_wconf 85' lang='lat' dir='ltr'><strong>Est</strong></span> <span class='ocrx_word' id='word_1_709' title='bbox 2148 5097 2323 5143; x_wconf 83' lang='lat' dir='ltr'><strong>autem</strong></span> <span class='ocrx_word' id='word_1_710' title='bbox 2333 5087 2655 5157; x_wconf 79' lang='grc' dir='ltr'>τεκμήρατε,</span> <span class='ocrx_word' id='word_1_711' title='bbox 2674 5104 2692 5135; x_wconf 72' lang='grc' dir='ltr'><em>ς</em></span> <span class='ocrx_word' id='word_1_712' title='bbox 2707 5085 2769 5137; x_wconf 81' lang='lat' dir='ltr'><strong>ad</strong></span> <span class='ocrx_word' id='word_1_713' title='bbox 2790 5085 2945 5140; x_wconf 87' lang='lat' dir='ltr'><strong>linem</strong></span> <span class='ocrx_word' id='word_1_714' title='bbox 2963 5102 3130 5158; x_wconf 91' lang='lat' dir='ltr'><strong>usque</strong></span> <span class='ocrx_word' id='word_1_715' title='bbox 3145 5085 3304 5169; x_wconf 86' lang='lat' dir='ltr'><strong>dicite</strong></span> <span class='ocrx_word' id='word_1_716' title='bbox 3323 5103 3378 5150; x_wconf 69' lang='lat'><strong>;:.</strong></span> 
     </span>
    </p>
   </div>
   <div class='ocr_carea' id='block_1_101' title="bbox 1837 5175 2858 5251">
    <p class='ocr_par' dir='ltr' id='par_1_101' title="bbox 1837 5175 2858 5251">
     <span class='ocr_line' id='line_1_101' title="bbox 1837 5175 2858 5251; baseline -0.001 -18"><span class='ocrx_word' id='word_1_717' title='bbox 1837 5182 2055 5251; x_wconf 75' lang='grc' dir='ltr'>τέκμωρ</span> <span class='ocrx_word' id='word_1_718' title='bbox 2087 5179 2226 5234; x_wconf 88' lang='lat' dir='ltr'><strong>enim</strong></span> <span class='ocrx_word' id='word_1_719' title='bbox 2265 5196 2282 5228; x_wconf 77' lang='grc' dir='ltr'><strong>ι</strong></span> <span class='ocrx_word' id='word_1_720' title='bbox 2319 5177 2475 5231; x_wconf 84' lang='lat' dir='ltr'><strong>linem</strong></span> <span class='ocrx_word' id='word_1_721' title='bbox 2516 5195 2534 5226; x_wconf 85' lang='grc'>›</span> <span class='ocrx_word' id='word_1_722' title='bbox 2569 5175 2858 5244; x_wconf 81' lang='lat' dir='ltr'><strong>signiﬁcat.</strong></span> 
     </span>
    </p>
   </div>
   <div class='ocr_carea' id='block_1_102' title="bbox 257 5309 1728 5413">
    <p class='ocr_par' dir='ltr' id='par_1_102' title="bbox 257 5333 1728 5413">
     <span class='ocr_line' id='line_1_102' title="bbox 257 5333 1728 5413; baseline 0.008 -38"><span class='ocrx_word' id='word_1_723' title='bbox 257 5345 304 5376; x_wconf 73' lang='grc' dir='ltr'><strong>ιο</strong></span> <span class='ocrx_word' id='word_1_724' title='bbox 339 5343 384 5411; x_wconf 48' lang='grc' dir='ltr'><strong>[ο</strong></span> <span class='ocrx_word' id='word_1_725' title='bbox 421 5343 695 5413; x_wconf 60' lang='grc' dir='ltr'>ὲμτεέριος.</span> <span class='ocrx_word' id='word_1_726' title='bbox 765 5340 809 5372; x_wconf 79' lang='grc' dir='ltr'><strong><em>⁸ο</em></strong></span> <span class='ocrx_word' id='word_1_727' title='bbox 839 5339 991 5398; x_wconf 72' lang='lat' dir='ltr'><strong>Deest</strong></span> <span class='ocrx_word' id='word_1_728' title='bbox 1027 5336 1243 5408; x_wconf 83' lang='lat' dir='ltr'><strong>aliquid.</strong></span> <span class='ocrx_word' id='word_1_729' title='bbox 1286 5333 1461 5406; x_wconf 84' lang='lat' dir='ltr'><strong>(Quod</strong></span> <span class='ocrx_word' id='word_1_730' title='bbox 1495 5348 1593 5390; x_wconf 89' lang='lat' dir='ltr'><strong>nos</strong></span> <span class='ocrx_word' id='word_1_731' title='bbox 1614 5347 1728 5403; x_wconf 80' lang='lat' dir='ltr'><strong>sup]</strong></span> 
     </span>
    </p>
   </div>
   <div class='ocr_carea' id='block_1_103' title="bbox 1812 5309 3024 5413">
    <p class='ocr_par' dir='ltr' id='par_1_103' title="bbox 1812 5309 3024 5398">
     <span class='ocr_line' id='line_1_103' title="bbox 1812 5309 3024 5398; baseline -0.003 -14"><span class='ocrx_word' id='word_1_732' title='bbox 1812 5332 1911 5386; x_wconf 92' lang='lat' dir='ltr'><strong>ndo</strong></span> <span class='ocrx_word' id='word_1_733' title='bbox 1939 5345 1967 5384; x_wconf 82' lang='grc' dir='ltr'><strong>ε</strong></span> <span class='ocrx_word' id='word_1_734' title='bbox 2001 5329 2264 5398; x_wconf 81' lang='lat' dir='ltr'><strong>versione,</strong></span> <span class='ocrx_word' id='word_1_735' title='bbox 2299 5328 2452 5385; x_wconf 76' lang='lat' dir='ltr'><strong>uncis</strong></span> <span class='ocrx_word' id='word_1_736' title='bbox 2479 5309 2812 5384; x_wconf 77' lang='lat' dir='ltr'><strong>inclusimus.</strong></span> <span class='ocrx_word' id='word_1_737' title='bbox 2844 5326 3024 5396; x_wconf 80' lang='lat' dir='ltr'><strong>Enn.)</strong></span> 
     </span>
    </p>
   </div>
   <div class='ocr_carea' id='block_1_104' title="bbox 1557 5613 2035 5648">
    <p class='ocr_par' dir='ltr' id='par_1_104' title="bbox 1557 5613 2035 5648">
     <span class='ocr_line' id='line_1_104' title="bbox 1557 5613 2035 5648; baseline 0.015 -10"><span class='ocrx_word' id='word_1_738' title='bbox 1557 5613 2035 5648; x_wconf 43' lang='lat'><strong>“0*-</strong></span> 
     </span>
    </p>
   </div>
  </div>
