4124 6320
838 389 975 441 1167

966 565 1266 577 m

1834 386 1920 439 AD
1957 385 2221 441 EUSEBII
2259 384 2648 442 CHRONICON
2688 386 3045 442 APPENDiXL'

3886 382 4000 435 “68

1912 715 2985 853 ΘΕΟΔΩΡΟΥ

2088 936 2337 1043 ΠΕΡΙ
2376 956 2772 1042 ΜΗΝΩΝ

1201 1224 1814 1345 ΤΗΕΟΒΟΡιΙ
1906 1229 2228 1320 GAZZE
2364 1230 2723 1319 LIBER
2794 1230 2936 1316 DE
3008 1223 3605 1318 MENSIBUS

1791 1414 2091 1475 JOANNE
2130 1382 2505 1478 P'EBRELLO
2545 1417 3036 1476 INTERPRETE.

2411 1566 2478 1578 .-

909 1623 1061 1697 153
1094 1623 1134 1680 1.
1165 1624 1349 1696 Operae
1370 1626 1585 1695 quidem
1625 1625 1853 1694 pretium
1890 1632 1993 1688 est,
2027 1632 2079 1679 et
2111 1627 2374 1684 mensium

2403 1641 2451 1699 Α
2544 1628 2620 1680 A'.
2662 1624 2773 1695 Πρὸ
2808 1624 2967 1697 ἐργου
3014 1622 3109 1696 μὲν
3143 1621 3236 1675 καὶ
3271 1620 3332 1673 τὸ
3357 1620 3452 1683 τὰς
3493 1614 3782 1688 ὀνομασίας
3820 1614 3995 1667 ειδέναι

838 1718 1222 1788 appellationes
1251 1732 1527 1789 pernosse,
1551 1718 1682 1771 etin
1709 1718 1777 1772 iis
1801 1717 2011 1772 utendis
2030 1718 2265 1773 Atticum
2287 1736 2377 1776 or-

836 1808 1014 1885 dinem
1044 1810 1231 1880 sequi:
1265 1824 1570 1879 quanquam
1596 1811 1647 1864 id
1674 1811 1888 1880 assequi
1927 1826 2031 1867 non
2073 1820 2156 1867 est
2197 1813 2372 1870 facile.
2409 1876 2412 1880 ,

842 1899 1120 1969 Siquidem
1170 1901 1411 1954 virorum
1444 1901 1619 1970 prisca
1655 1911 1945 1973 nostraque
1971 1910 2126 1959 aetate
2170 1904 2375 1959 littera-

839 2006 955 2045 rum
984 1988 1231 2044 doctrina
1264 1991 1585 2061 insignium,
1631 1994 1820 2062 partim
1855 1995 1922 2049 de
1952 1996 2141 2052 ordine
2188 2012 2374 2053 eorum

837 2089 890 2133 et
915 2095 1015 2133 usu
1051 2080 1247 2133 nullam
1276 2082 1597 2136 mentionem
1635 2082 1912 2149 fecerunt;
1964 2088 2159 2155 partim
2190 2089 2376 2143 nescio

839 2168 969 2239 quid
1015 2169 1218 2225 ordinis
1252 2168 1626 2226 tradiderunt:
1672 2188 1853 2227 verum
1911 2174 2039 2228 dum
2087 2191 2146 2230 se
2184 2185 2375 2246 putant

840 2268 1149 2330 perpetuam
1172 2263 1367 2316 seriem
1397 2262 1870 2332 colligere,procul
1894 2276 1923 2315 a
1951 2274 2095 2318 recta
2125 2266 2375 2319 aberrare

840 2351 1011 2418 palam
1072 2362 1388 2423 arguuntur.
1447 2350 1700 2405 Nonnulli
1765 2368 1890 2408 vero
1958 2354 2374 2425 interpretantes

838 2443 1082 2511 quisnam
1107 2446 1176 2499 sit
1204 2445 1402 2498 mensis
1424 2443 1853 2513 Hecalombaeon,
1874 2448 2061 2515 quisve
2084 2447 2372 2513 Posideon,

837 2545 891 2586 et
920 2548 1026 2602 quo
1054 2543 1209 2603 pacto
1248 2535 1573 2604 reliquorum
1601 2537 1795 2605 cuique
1828 2552 1951 2590 cum
1979 2541 2245 2594 mensium
2271 2556 2372 2595 no-

839 2625 1074 2679 minibus
1105 2625 1425 2689 conveniat,
1476 2629 1545 2679 ut‘
1566 2643 1595 2681 a
1625 2613 1881 2685 Romanis
1913 2640 2148 2700 tempora
2180 2648 2371 2688 nume-

838 2720 1054 2776 rantur,
1083 2714 1494 2769 nibilenarrant
1541 2718 1689 2780 sani,
1736 2734 1910 2788 neque
1956 2729 2101 2773 certe
2134 2736 2373 2776 consona

839 2802 978 2858 inter
1004 2819 1062 2858 se
1087 2815 1543 2873 commemorant;
1576 2810 1670 2863 sed
1697 2810 1782 2863 hic
1806 2810 2050 2864 Martium
2076 2810 2371 2866 Hecatom-

841 2893 1075 2949 bzonem
1107 2904 1280 2961 vocat.
1308 2897 1396 2951 ille
1420 2895 1621 2950 Iulium
1648 2916 1661 2963 ;
1691 2899 1979 2970 itidemque
2008 2902 2059 2954 in
2082 2900 2204 2956 a‘liis
2232 2904 2372 2957 inter

2474 1721 2577 1774 τῶν
2605 1718 2807 1791 μηνῶν,
2837 1718 2930 1771 καὶ
2970 1716 3118 1782 τάξει
3160 1712 3390 1784 χρῆσθαι
3431 1711 3505 1775 ὼς
3540 1709 3804 1778 Ἀθηναῖοι

2481 1814 2541 1866 ού
2573 1812 2749 1885 ῥᾴδιον
2783 1810 2839 1863 δὲ
2864 1808 3021 1863 τοῦτο
3051 1806 3251 1861 λαϐεῖν.
3280 1804 3397 1857 Τῶν
3424 1820 3481 1855 τε
3508 1801 3616 1873 γὰρ
3642 1801 3891 1871 πρότερον
3916 1799 3995 1849 καὶ

2473 1904 2578 1957 τῶν
2606 1901 2725 1955 καθ’
2759 1903 2903 1973 ἡμᾶς
2941 1900 3004 1969 δὴ
3047 1896 3339 1966 ἐλλογίμων
3369 1897 3427 1988 ,οἱ
3459 1893 3554 1963 μὲν
3597 1891 3750 1988 oue—tv
3777 1889 3995 1988 περὶτὰ-

2476 1992 2606 2056 ξεως
2632 1992 2723 2043 καὶ
2754 1989 2939 2060 χρείας
2961 1987 3161 2057 ἔφασαν
3184 1980 3388 2039 τούτων
3407 2002 3419 2013 ·
3448 1986 3495 2036 οἱ
3526 1983 3584 2035 δὲ
3605 1982 3754 2047 τάξιν
3776 1980 3868 2050 μέν
3890 1997 3994 2033 τινα

2474 2083 2868 2147 ἀποδέδὼκασι,
2899 2082 2959 2135 λτό
2982 2081 3174 2150 ἐφεξῆς
3215 2080 3446 2148 οἰόμενοι
3499 2076 3703 2145 λέγειν·
3752 2074 3927 2146 τεόρρω
3948 2075 3994 2125 δὲ

2474 2176 2915 2245 ἀποπλανώμενοι
2941 2173 3032 2227 τοῦ
3057 2171 3213 2243 ὀρθοῦ
3239 2170 3542 2240 ἐλέγχονται
3570 2167 3827 2238 φανερῶς.
3846 2166 3997 2219 Ἔιιει

2473 2266 2515 2319 δ’
2554 2265 2939 2339 ἑρμηνεύοντες
2962 2305 2975 2329 ,
3005 2265 3151 2325 ὅστις
3184 2263 3280 2333 μὲν
3315 2257 3717 2330 Ἑκατομϐαιὼν
3755 2256 3858 2311 τῶν
3904 2274 3993 2327 μηδ

2474 2357 2597 2422 νῶν,
2636 2358 2780 2420 ὅστις
2803 2356 2858 2409 δὲ
2878 2354 3194 2419 Ποσειδεὼν,
3215 2350 3431 2405 καὶτῶν
3456 2350 3653 2404 λοιπῶν
3692 2349 3910 2410 ἕκαστος
3932 2347 3995 2408 ὡς

2473 2448 2797 2520 ἐφαρμόττοι
2839 2447 2973 2516 πρὸς
3015 2445 3084 2497 τὰ
3119 2444 3353 2513 ὀνόματα
3385 2441 3489 2493 τῶν
3524 2438 3737 2510 μηνῶν,
3768 2437 3997 2507 καθάπερ

2472 2545 2660 2614 ἄγουσι
2700 2544 2951 2613 Ῥωμαῖοι
2990 2542 3112 2604 τοὺς
3137 2539 3386 2612 χρόνους,
3412 2536 3563 2590 οὐδὲν
3596 2536 3625 2588 ὅ
3660 2552 3711 2587 τι
3738 2534 3827 2586 καὶ
3862 2533 3997 2602 ὑγιὲς

2472 2638 2641 2689 εἰπεῖν
2671 2634 3027 2697 ἀποδιδόασιν,
3056 2630 3175 2683 οὐδὲ
3202 2628 3265 2700 δὴ
3308 2627 3516 2697 συνῳδὰ.
3541 2644 3603 2694 γε
3641 2626 3880 2695 ἀλλήλοις
3910 2642 3997 2692 9a-

2473 2727 2555 2781 σίν
2578 2744 2591 2756 ·
2618 2726 2730 2779 ἀλλ’
2757 2727 2784 2778 ὀ
2816 2724 2911 2796 μὲν
2936 2723 3177 2796 Μάρτιον
3210 2721 3354 2790 λέγει
3378 2719 3466 2773 τὸν
3500 2716 3948 2787 Ἑκατομϐαιῶνα,
3974 2717 3998 2764 ὀ

2471 2816 2527 2869 δὲ
2562 2816 2773 2868 Ἰούλιον
2793 2832 2806 2844 ·
2842 2814 3040 2884 ὁμοίως
3081 2812 3138 2865 δὲ
3164 2812 3297 2863 κάτῇ
3331 2810 3435 2864 τῶν
3464 2803 3634 2864 ἄλλων
3668 2804 3997 2875 διαφωνοῦσιν

2472 2907 2736 2977 ἀλλήλοις,
2759 2906 2872 2976 ἅμα
2898 2906 2991 2958 καὶ
3010 2903 3462 2973 διαμαρτάνοντες
3490 2900 3708 2952 ἕκαστοι
3732 2894 3993 2965 τάληθοῦς.

770 2974 773 2979 ⁴
838 2998 897 3037 se
927 2984 1265 3051 discordant;
1296 3001 1591 3057 omnesque
1622 2990 1781 3042 simul
1821 3005 1849 3043 a
1879 2992 2103 3046 veritate
2128 2993 2243 3064 ipsa
2268 2995 2374 3050 dis-

2406 2980 2443 3037 Β
2472 2974 2834 3069 Καιπληθων
2855 2998 2896 3049 δ’
2929 2998 3011 3065 ιφ*
3040 2995 3192 3065 ἡμῶν
3230 2995 3366 3063 ἀνὴρ
3403 2992 3507 3046 τῶν
3536 2989 3825 3059 ἐπιφανῶν,
3855 2986 3998 3058 χαλε-

732 3092 738 3096 τ
836 3074 1069 3143 cedunt,
1120 3072 1182 3130 Et
1226 3094 1355 3132 vero
1408 3078 1629 3134 Pletlion
1665 3083 1763 3137 hoc
1795 3085 1991 3138 saaculo
2022 3085 2106 3138 vir
2149 3087 2370 3153 clarus,

837 3181 1121 3235 operosum
1151 3176 1407 3238 reputans
1442 3170 1677 3226 invenire
1706 3188 1810 3241 qua
1847 3174 2052 3230 ratione
2080 3176 2150 3229 'bi
2184 3186 2372 3232 mutuo

836 3258 1233 3328 respondeant,
1274 3261 1543 3331 inquirere
1574 3265 1813 3332 destitit;
1849 3267 1905 3319 in
1934 3270 2369 3325 commentariis-

837 3349 1034 3413 que‘de
1080 3352 1251 3420 legum
1296 3353 1653 3418 institutione,
1684 3372 1806 3410 cum
1833 3357 1899 3412 de
1929 3358 2136 3422 diebus,
2169 3361 2373 3418 mensi-

836 3436 958 3500 bus,
979 3447 1033 3492 et
1058 3454 1198 3493 anno
1225 3444 1529 3512 praecipiat;
1592 3460 1696 3515 qua
1752 3455 1926 3502 tamen
1969 3450 2178 3506 ratione
2206 3450 2372 3507 Athe-

836 3529 1053 3586 nienses
1090 3545 1301 3585 menses
1344 3548 1471 3587 suos
1503 3545 1758 3603 agerent,
1804 3554 1870 3593 ne
1900 3540 2119 3609 verbum
2152 3542 2371 3611 quidem

738 3629 745 3633 '
837 3620 982 3675 facit.
1017 3620 1252 3675 Tametsi
1287 3622 1340 3676 in
1372 3626 1581 3679 caeteris
1608 3626 1787 3691 rebus,
1816 3644 1935 3697 quae
1958 3631 2023 3684 ad
2046 3646 2373 3702 vocem-spe-

836 3719 1004 3777 ctant,
1036 3729 1129 3768 eos
1158 3714 1399 3769 aemulari
1429 3718 1635 3786 magnis
1667 3720 1804 3773 votis
1832 3724 2031 3791 expetit
2056 3760 2072 3786 ,
2116 3723 2169 3776 in
2197 3739 2369 3795 eoque

774 3841 779 3845 .
835 3801 1042 3887 sedulo,
1076 3811 1129 3856 et
1155 3807 1309 3873 quasi
1349 3806 1592 3862 affectate
1619 3824 1837 3878 operam
1874 3821 2033 3866 navat
2064 3834 2077 3868 :
2109 3816 2201 3870 sed
2228 3818 2372 3887 quod

834 3882 997 3947 faciat
1028 3895 1204 3964 quivis
1236 3911 1265 3950 e
1297 3899 1455 3966 vulgo
1482 3938 1496 3961 ,
1535 3899 1851 3968 simpliciter
1888 3904 1975 3958 hic
1996 3891 2064 3961 ex
2095 3882 2372 3967 accidente

830 3984 1093 4048 nominat,
1125 3983 1353 4053 primum
1386 3986 1549 4049 hunc,
1585 3988 1733 4042 illum
1765 3993 2101 4062 seeundum;
2145 4000 2371 4066 pariter-

834 4085 938 4138 que
969 4073 1135 4139 alios,
1185 4082 1243 4128 ut
1273 4077 1534 4146 cujusque
1576 4082 1643 4131 ad
1675 4080 2069 4149 primumrordo
2092 4100 2221 4141 sese
2270 4089 2369 4142 ba-

835 4160 963 4214 bet:
997 4178 1099 4215 non
1134 4180 1289 4220 secus
1318 4182 1381 4219 ac
1422 4172 1467 4222 si
1493 4172 1614 4239 quis
1652 4186 1845 4225 manus
1884 4173 2083 4244 digitos
2122 4180 2371 4233 nomina-

836 4244 1010 4312 turus,
1062 4250 1203 4309 liunc
1242 4254 1485 4321 pollicem
1518 4267 1846 4323 non‘vocet,
1896 4262 2044 4317 illum
2098 4266 2367 4336 indicem,

836 4338 999 4405 alium
1036 4342 1289 4406 medium,
1317 4352 1370 4399 et
1398 4347 1629 4417 reliquos
1679 4350 1924 4408 similiter
1958 4372 1969 4406 :
2005 4363 2057 4407 at
2095 4372 2205 4426 pra:
2240 4375 2372 4414 con-

836 4431 1145 4487 stitutorum
1176 4436 1400 4506 singulis
1428 4441 1702 4495 nominum
1728 4447 1969 4512 penuria,
1996 4448 2249 4516 primum,
2286 4467 2372 4507 se—

834 4520 1091 4585 cundum,
1112 4533 1163 4577 et
1191 4528 1407 4581 tertium
1423 4529 1586 4585 dicat.
1614 4531 1797 4602 Neque
1830 4550 1956 4590 vero
1986 4538 2052 4591 iis
2078 4540 2168 4607 qui
2196 4544 2369 4596 multo

832 4620 959 4665 ante
1008 4611 1336 4681 floruerunt,
1396 4622 1573 4677 minus
1631 4625 1843 4697 difﬁcile
1914 4627 2084 4685 fuisse
2139 4631 2361 4689 vident:

834 4704 1264 4774 quandoquidem
1316 4710 1498 4766 Pollux
1540 4718 1739 4785 scripto
1778 4718 1855 4772 De
1893 4736 2065 4775 rerum
2099 4724 2363 4782 vocabulis

835 4792 972 4861 libro
996 4796 1423 4874 adCommodum
1454 4802 1736 4873 Caesarem,
1768 4813 1967 4867 mensis
1995 4815 2212 4883 quidem
2251 4817 2367 4873 dies

835 4893 894 4936 ut
942 4890 1254 4959 numerandi
1311 4901 1435 4947 sunt
1479 4896 1897 4968 nominandique
1938 4904 2104 4971 dicit;
2171 4908 2274 4961 etsi
2314 4908 2366 4961 id

835 4992 942 5029 non
980 4979 1109 5033 satis
1151 4990 1296 5036 recte
1328 5001 1345 5050 ;
1389 4986 1539 5054 ipsos
1567 4976 1703 5053 vero
1748 5006 1963 5047 menses
1996 4998 2200 5054 Atticos
2232 5015 2369 5069 prae-

828 5068 1096 5122 termittit.
1131 5071 1289 5139 Atqui
1326 5092 1419 5143 par
1443 5090 1557 5133 erat
1587 5096 1706 5134 eum
1742 5088 2057 5151 praesertim.
2084 5092 2174 5157 qui
2205 5068 2367 5146 Com-

836 5156 1047 5207 modum
1079 5158 1263 5213 aliena:
1298 5163 1489 5231 linguae
1518 5168 1689 5221 virum
1728 5171 1903 5226 Attice
1933 5174 2076 5244 loqui
2102 5156 2360 5243 doceret,

833 5256 1171 5302 enumeratos
1202 5265 1531 5319 nuncupare,
1564 5265 1615 5311 et
1646 5260 1714 5327 (si
1746 5262 1902 5315 modo
1945 5267 2125 5336 sciret)
2161 5270 2223 5321 ad
2253 5271 2363 5338 ple-

832 5348 959 5386 num
986 5337 1270 5403 explicare.
1322 5342 1434 5396 Non
1491 5346 1644 5401 facile
1690 5351 1849 5419 igitur
1896 5354 2102 5411 Atticos
2146 5337 2360 5415 menses

832 5421 1089 5479 Romanis
1118 5428 1339 5486 reddere
1379 5437 1703 5501 nominibus,
1730 5446 2243 5519 convenientemque
2274 5466 2363 5504 0r-

833 5512 1010 5566 dinem
1035 5516 1119 5571 bis
1151 5525 1572 5579 accommodare.
1605 5526 1737 5583 Huic
1768 5533 2119 5590 nihilominus
2144 5540 2363 5609 inquisi‘

831 5600 961 5653 tioni
991 5617 1146 5669 opera
1176 5607 1347 5691 danda
1371 5620 1537 5675 est,et
1573 5630 1755 5682 eorum
1774 5624 1865 5688 qui
1893 5623 2116 5678 diversis
2136 5628 2186 5679 i'n
2205 5600 2363 5683 rebus

801 5767 805 5770 γ
829 5690 1030 5745 mensis
1056 5695 1350 5765 cujuspiam
1378 5706 1761 5771 meminerunt,
1793 5712 1931 5767 dicta
1964 5717 2308 5785 inspectanda
2332 5738 2345 5786 ;

2471 3090 2570 3143 πὸν
2598 3088 2892 3160 ἡγούμενος
2919 3087 3095 3157 εὑρεῖν
3125 3086 3185 3137 τὸ
3216 3083 3474 3150 ἀνάλογον
3505 3080 3744 3143 τούτοις,
3773 3077 3853 3131 εἴα
3886 3078 3995 3131 ἑπι-

2472 3181 2683 3251 ζητείνο
2714 3180 2815 3233 κάν
2859 3180 2970 3241 τοῖς
3011 3178 3136 3248 περὶ
3178 3175 3491 3245 νομοθεσίας
3532 3172 3597 3244 δὴ
3642 3172 3843 3240 λόγοις,
3884 3170 3996 3245 περὶ

2472 3270 2691 3341 ἡμερῶν
2725 3270 2818 3326 καί
2864 3267 3067 3340 μηνῶν,
3096 3268 3190 3321 καὶ
3222 3265 3463 3320 ἐνιαυτοῦ
3498 3262 3881 3335 ὑφηγούμενος,
3906 3259 3995 3311 οὐκ

2471 3360 2720 3431 ὀνομάζει
2747 3360 2820 3422 ὡς
2864 3356 3094 3411 Ἀττικοὶ
3120 3353 3252 3428 ἦγον
3273 3356 3398 3419 τοὶὶς
3430 3355 3601 3425 μῆνας
3634 3353 3825 3424 (καίτοι
3845 3349 3993 3402 τᾶλλα

2469 3450 2537 3503 τὰ
2570 3450 2697 3522 περὶ
2741 3449 2837 3520 τὴν
2877 3447 3055 3516 φωνὴν
3101 3444 3322 3498 ἕπεσθαι
3365 3443 3801 3514 προθυμούμενος
3833 3440 3992 3492 Ἀττι-

2472 3547 2604 3607 κοῖς,
2639 3542 2732 3595 καὶ
2768 3540 2967 3611 σφόδρα
2996 3538 3123 3610 περὶ
3151 3537 3305 3606 τοῦτο
3345 3536 3699 3604 σπουδάζων),
3871 3533 3995 3601 ὅπερ

2473 3635 2537 3686 ἂν
2568 3636 2594 3686 ὀ
2622 3630 2797 3702 τυχὼν
2821 3631 2984 3693 εἴποι,
3019 3628 3202 3690 ἁπλῶς
3225 3628 3390 3690 οὕτως
3413 3628 3476 3679 ἐκ
3498 3627 3589 3679 τοῦ
3618 3623 3995 3697 συμϐεϐηκότος

2472 3702 2653 3786 καλεῖ,
2692 3724 2780 3776 τὸν
2817 3713 2912 3793 μὲν
2957 3720 3188 3790 πρῶτον,
3226 3720 3313 3772 τὸν
3359 3719 3415 3772 δὲ
3450 3720 3727 3789 δεύτερον,
3763 3720 3853 3770 καὶ
3882 3718 3994 3777 τοὺς

2470 3816 2656 3878 ἄλλους
2691 3813 2916 3884 ὁμοίως,
2955 3813 3029 3876 ὼς
3080 3813 3304 3874 ἕκαστος
3349 3811 3460 3881 ἔχει
3503 3811 3705 3877 τάξεως
3744 3810 3873 3880 πρὸς
3914 3810 3993 3860 τόν

2472 3908 2682 3980 πρῶτον
2705 3923 2717 3935 ·
2753 3906 2999 3977 καθάπερ
3025 3907 3074 3957 ετ
3104 3922 3204 3968 τις,
3238 3905 3359 3967 τοὺς
3387 3904 3484 3974 τῆς
3520 3904 3697 3974 χειρὸς
3721 3902 3993 3965 δακτύλους

2469 4003 2725 4073 ὀνομάσαι
2755 4000 2966 4065 ἐθέλων,
2996 4000 3055 4053 οὐ
3098 3999 3188 4051 τὸν
3236 3998 3331 4068 μὲν
3368 3998 3519 4051 καλεί
3566 3998 3754 4067 μέγαν,
3790 3997 3822 4067 ἢ
3853 3995 3989 4049 ἀντί-

2469 4110 2643 4165 χειρα,
2668 4094 2757 4147 τὸν
2770 4093 2827 4146 δὲ
2850 4091 3079 4162 λιχανὸν,
3110 4092 3198 4143 τὸν
3224 4090 3281 4143 δὲ
3315 4091 3494 4159 μέσον,
3530 4090 3625 4141 καὶ
3645 4089 3766 4152 τοὺς
3793 4087 3989 4148 λοιποὺς

2470 4186 2755 4249 ὡσαύτως·
2802 4186 2915 4240 an?
2946 4186 3034 4237 ὑπ’
3068 4185 3296 4253 ἀπορίας
3331 4183 3434 4236 τῶν
3462 4184 3707 4243 ἑκάστοις
3746 4181 3989 4251 κειμένων

2472 4291 2535 4344 γε
2560 4270 2830 4348 ὀνομάτων
2864 4274 3091 4346 πρῶτον,
3117 4275 3208 4328 καὶ
3230 4274 3497 4343 δεύτερον,
3532 4272 3627 4325 καλ⁸
3651 4269 3823 4343 τρίτον
3846 4287 3991 4340 προσ-

2472 4366 2738 4438 αγορεύει.
2768 4368 2947 4420 Ἔοικε
2992 4367 3049 4419 δὲ
3082 4366 3212 4437 μηδὲ
3257 4367 3367 4428 τοῖς
3417 4364 3547 4417 πολὺ
3594 4365 3790 4435 πρόσθε
3830 4364 3988 4434 ῥᾴδιον

2471 4456 2605 4513 εἶναι
2632 4475 2645 4488 ο
2680 4460 2758 4511 ὃτι
2780 4459 2842 4529 δὴ
2867 4459 2960 4511 καὶ
2987 4458 3342 4529 Πολυδεύκης,
3370 4458 3438 4511 τά
3463 4455 3839 4527 Ὀνομαστικὰ
3860 4454 3984 4508 Καε-

2472 4566 2595 4620 σαρι
2622 4548 2891 4619 Κομμόδῳ
2936 4549 3346 4620 συγγεγραφὼς,
3377 4550 3474 4611 τὰς
3524 4550 3623 4618 μὲν
3664 4548 3865 4617 ἡμέρας
3905 4542 3985 4597 τοῦ

2472 4640 2635 4710 μηνὸς
2662 4640 2807 4701 ὅπως
2843 4640 3167 4711 ἀριθμητὲον
3210 4657 3270 4692 τε
3320 4642 3413 4693 καὶ
3453 4638 3771 4709 ὀνομαστέον
3823 4637 3984 4703 λέγει,

2469 4734 2517 4783 εἰ
2562 4730 2654 4784 καὶ
2686 4732 2760 4800 μὴ
2802 4732 3001 4798 καλῶς,
3033 4734 3158 4795 τοὺς
3196 4735 3367 4803 μῆνας
3396 4721 3439 4784 δ’
3466 4732 3661 4794 αὐτοὺς
3690 4728 3985 4800 παρασιγῶν

2467 4822 2765 4876 ἀπολείπει.
2797 4825 2945 4894 Χρῆν
2976 4824 3032 4877 δὲ
3072 4824 3471 4895 καταριθμῆσαι
3501 4826 3595 4877 καὶ
3634 4823 3842 4884 τούτους
3881 4821 3985 4871 ὀνο-

2470 4915 2704 4983 μάζοντα
2740 4916 2831 4968 καὶ
2853 4914 3231 4985 διασαφοῦντα,
3258 4918 3415 4987 εἰπερ
3442 4916 3554 4987 ᾔδει
3573 4933 3587 4946 ·
3630 4916 3796 4974 ἄλλως
3824 4929 3880 4965 τε
3905 4912 3985 4963 καὶ

2466 5008 2744 5079 Κόμμοδον
2784 5010 2889 5061 τῶν
2936 5007 3338 5079 ἑτερογλὼττων
3368 5010 3486 5062 τινά
3530 5007 3838 5070 Ἀττικίζειν
3858 5002 3985 5057 διδά-

2468 5114 2659 5151 σκοντα
2690 5100 2784 5170 τὴν
2811 5101 3010 5170 φωνήν.
3041 5101 3191 5153 Ἔστι
3233 5101 3330 5171 μὲν
3360 5096 3450 5153 οὖν
3475 5101 3534 5153 ού
3568 5100 3745 5169 ῥᾴδιον
3778 5093 3982 5151 ἀποδῶ·

2467 5206 2549 5241 ναι
2581 5194 2690 5255 τοῖς
2726 5194 3002 5267 Ῥωμαίων
3035 5193 3257 5263 ὀνόμασι
3297 5192 3365 5245 τὰ
3395 5192 3501 5245 τῶν
3546 5191 3832 5260 Ἀθηναίων
3870 5188 3982 5255 περὶ

2464 5280 2586 5341 τοὺς
2620 5282 2811 5349 μῆνας,
2837 5283 2930 5333 καὶ
2970 5283 3066 5353 τὴν
3101 5284 3474 5354 προσήκουσαν
3517 5281 3668 5345 τάξιν
3705 5282 3891 5351 εὑρεῖν.
3918 5278 3978 5331 οι

2468 5368 2569 5438 μὴν
2597 5371 2727 5423 ἀλλὰ
2756 5371 3011 5442 ζητητέον
3053 5375 3144 5426 καὶ
3180 5374 3288 5427 τῶν
3316 5375 3406 5426 ἐπὶ
3448 5376 3843 5443 πραγματείαις
3884 5373 3974 5426 δια-

2464 5457 2644 5525 φόροις
2686 5459 3159 5527 μνημονευσάντων
3192 5462 3354 5530 μηνός
3392 5477 3483 5511 του
3512 5460 3577 5511 τά
3605 5460 3863 5529 λεγόμενα
3884 5459 3962 5510 ἐπι

2465 5548 2717 5601 σκεπτέον
2736 5568 2747 5577 ·
2778 5550 2869 5602 καὶ
2898 5552 2960 5602 ὲκ
2990 5551 3243 5604 πλειόνων
3264 5552 3632 5619 συλλογιστέον
3657 5552 3975 5621 διορίζονταςι

2395 5649 2437 5703 D
2466 5638 2549 5704 ἐφ’
2581 5640 2699 5692 ὅσον
2741 5641 3141 5711 διακριϐοῦσθαι
3178 5646 3270 5698 καὶ
3316 5646 3440 5716 περὶ
3491 5645 3597 5697 τῶν
3645 5643 3889 5698 τοιούτων
3925 5639 3973 5690 En

2450 5725 2566 5793 εἴη·
2596 5729 2740 5792 ὅπως
2770 5732 2851 5809 ἂν
2878 5733 3202 5801 Ἑλληνικοῖς
3246 5736 3470 5808 ὀνόμασι
3502 5738 3615 5792 τῶν
3655 5737 3830 5807 μηνῶν
3872 5733 3965 5805 εγω
