4130 6342
202 503 229 556 ι
246 502 343 559 169
1152 503 1491 561 THEODOBI
1532 504 1733 564 GAZIE

1851 504 1963 558 ΗΕΒ
2002 506 2087 560 DE
2121 507 2475 562 MENSIBUS.
2592 548 2611 559 κ
3270 507 3407 563 11⁸10

205 636 306 689 μεν
360 620 630 692 χρῆσθαι,
681 624 1003 696 Ἑλληνικῶς
1062 623 1357 695 φράζοντες
1386 664 1401 689 ,
1450 623 1584 676 ἀλλά
1646 624 1754 695 μὴ,

1860 633 1970 677 tum
1995 640 2058 679 ex
2096 627 2344 695 pluribus
2384 625 2637 681 distincta
2680 627 3031 696 explicatione
3079 628 3407 680 ratiocinan-

200 711 381 766 ὀθνεῖα
417 713 881 783 παραμιγνύντες,
903 714 1195 784 ξενίζωμεν
1220 714 1346 784 περὶ
1379 712 1475 783 τὴν
1500 712 1754 783 πατρῷαν

1860 714 2009 778 dum,
2048 729 2321 786 quatenus
2357 717 2471 772 fieri
2523 718 2721 788 poterit
2771 718 2839 772 de
2875 718 3071 773 talibus
3105 726 3292 774 exacta
3324 720 3407 772 in-

201 803 408 874 φωνὴν,
437 806 529 858 καὶ
557 806 758 877 ἐκμελῆ
790 807 880 860 τὸν
912 806 1065 873 λόγον
1091 804 1349 875 ποιῶμεν.
1375 803 1665 871 Φιλοσόφου
1702 803 1754 857 δὲ

1860 811 2164 881 vestigatio,
2196 819 2258 864 ut
2278 810 2460 866 Graece
2504 811 2745 866 dicentes
2775 810 2975 866 Graecis
3010 813 3272 866 mensium
3306 829 3406 866 no-

200 895 300 947 καὶ
339 897 401 949 τὺ
444 898 571 968 περὶ
618 898 804 951 τούτου
844 897 1132 967 ἐσκέφθαι·
1170 896 1268 965 τῆς
1304 894 1471 963 αὐτῆς
1509 894 1617 963 γάρ
1647 894 1763 945 ἐπι-

203 988 417 1057 στήμης
457 990 600 1042 ἐστὶν
623 990 798 1059 ὀρθῶς
825 1007 884 1043 τε
912 993 1023 1052 τοῖς
1068 987 1335 1057 κειμένοις
1376 985 1607 1056 χρῆσθαι
1637 983 1756 1038 ὀνό-

203 1095 360 1147 μασι,
396 1081 487 1132 καὶ
528 1083 689 1152 μηδὲν
716 1081 991 1144 ἀλλοεθνὲς
1024 1076 1371 1142 ἐπιπολάζειν
1400 1078 1509 1139 τοῖς
1540 1074 1756 1136 οἰκείοις

200 1173 298 1242 ὲᾷν
319 1189 332 1201 ·
364 1173 547 1245 ὥσπερ
576 1174 764 1244 ἀμέλει
792 1174 884 1228 καὶ
920 1172 986 1226 τά
1022 1172 1119 1242 μὲν
1158 1170 1231 1248 μὴ
1258 1168 1565 1238 ὑπάρχοντα
1602 1182 1755 1235 νομο·

201 1268 374 1319 θετεῖν
398 1309 411 1330 ,
438 1268 504 1320 τὰ
546 1268 601 1320 δὲ
653 1268 937 1339 μοχθηρῶς
982 1264 1341 1336 ὠνομασμένοι
1388 1254 1503 1323 τοῖς
1544 1257 1757 1321 πολλοῖς

196 1357 551 1429 διορθοῦσθαι.
588 1359 739 1412 Οὕτω
781 1361 888 1431 γὰρ
927 1359 991 1413 ἂν
1032 1359 1234 1427 ἑκάστη
1277 1355 1384 1408 τῶν
1419 1349 1754 1421 ἐπιστημῶν,

198 1449 407 1519 βέλτιον
432 1450 490 1502 τὸ
516 1452 681 1520 αὐτῆς
715 1452 870 1522 ἔργον
908 1449 1263 1512 ἀποτελοῦσα,
1296 1444 1652 1517 συμϐάλλοιτο
1677 1443 1759 1503 εἰς

178 1542 297 1615 ,τὴν
339 1544 611 1614 πολιτικὴν
659 1535 937 1597 κοινωνίαν
960 1560 974 1573 ·
1035 1542 1262 1614 μάλιστα
1307 1539 1360 1591 δὲ
1383 1538 1439 1590 αἱ
1478 1535 1604 1604 περὶ
1633 1532 1756 1593 τοὺς

196 1636 412 1704 λόγους.

1858 902 2093 955 minibus
2124 910 2373 969 utamur;
2407 911 2459 957 et
2486 918 2553 957 ne
2577 912 2799 958 externa
2822 902 3226 973 permiscentes,
3246 910 3406 971 atque

1857 991 2216 1055 inculcantes,
2238 994 2578 1055 ,in,nostrate
2605 996 2784 1066 lingua
2815 997 2967 1065 quasi
2998 994 3234 1066 hospites
3258 1010 3407 1065 pere-

1860 1080 2075 1153 grinum
2109 1084 2363 1153 quiddam
2425 1102 2699 1150 sonemus,
2732 1095 2784 1141 et
2838 1089 3078 1157 ineptum
3130 1089 3406 1142 inconcin-

1861 1187 2097 1242 numque
2126 1190 2433 1230 sermonem
2465 1176 2740 1241 faciamus.
2783 1177 2952 1233 Porro
2986 1180 3283 1249 philosophi
3322 1184 3406 1233 est

1858 1263 2020 1317 etiam
2054 1265 2363 1333 huiusmodi
2410 1272 2835 1323 commentatio:
2887 1286 3007 1325 cum
3055 1270 3268 1340 quidem
3314 1285 3410 1341 po-

1861 1349 1997 1404 ritiae
2028 1351 2098 1405 sit
2127 1353 2228 1408 rite
2258 1352 2528 1423 impositis
2557 1358 2867 1413 nominibus
2891 1361 2987 1423 uti,
3009 1366 3063 1413 et
3095 1360 3227 1413 nihil
3261 1375 3409 1429 pere-

1860 1441 2071 1511 grinum
2104 1445 2210 1513 pati
2249 1446 2303 1500 in
2340 1448 2579 1517 propriis
2598 1450 3011 1521 vernaculisque
3038 1451 3404 1521 superﬂuere:

1859 1532 2312 1600 quemadmodum
2357 1546 2503 1593 certe
2526 1577 2542 1599 ,
2597 1542 2811 1594 nomina
2842 1542 2887 1598 si
2918 1542 3141 1607 desunt,
3188 1552 3241 1599 et
3269 1559 3406 1599 nova

1859 1621 2094 1680 formare
2109 1635 2161 1680 et
2185 1643 2464 1698 perperam
2495 1645 2526 1683 a
2548 1633 2773 1688 rudibus
2804 1634 2971 1689 indita
2996 1637 3281 1706 corrigere.
3314 1635 3407 1691 Sic

197 1730 346 1785 enim
384 1745 716 1801 unaquaque
755 1730 1039 1800 disciplina
1105 1728 1296 1783 melius
1360 1723 1643 1794 magisque
1709 1730 1809 1771 suo
1866 1732 2088 1774 munero
2141 1720 2368 1793 fungens
2428 1727 2692 1783 universa;
2738 1728 3057 1801 reipublicae
3104 1732 3404 1799 conducat;

194 1823 467 1891 imprimis
498 1812 777 1880 autemeae
805 1833 949 1879 artes
977 1840 1096 1894 qua:
1140 1823 1446 1879 consistunt
1492 1818 1548 1871 in
1598 1813 1729 1869 recti
1767 1815 2285 1874 sermonisratione.

701 1963 902 2033 Μῆνες
938 1962 1271 2031 Ἀθηναίων.

272 2074 351 2133 B’.
380 2076 595 2131 Δώδεκα
627 2079 725 2148 μὲν
758 2076 1050 2137 τοένυνᾶτὸν
1090 2074 1318 2147 ἀριθμὸν
1348 2070 1485 2128 εἶναι
1521 2071 1755 2140 ὀνόματα

195 2168 386 2241 μηνῶν
407 2170 596 2234 ταῦτα,
619 2172 693 2234 ὡς
726 2171 988 2242 Ἀθηναῖοι
1012 2164 1167 2241 ἦγον,
1194 2168 1393 2229 πάντες
1417 2161 1754 2237 ὁμολογοῦσιν
1772 2176 1787 2192 ⁸

545 2343 909 2415 Μουνυχιωνα,

545 2414 922 2487 θαργηλιῶνα,

553 2485 981 2557 Σκιροφοριῶνα,

561 2555 1023 2628 Ἑκατομϐαιῶνα,

548 2627 1003 2695 Μεταγειτνιῶνα,

548 2695 947 2769 βοηδρομιῶνα,

548 2767 1043 2838 Μαιμακτηριῶνα,

547 2834 918 2906 Πυανεψιῶνα,

560 2905 812 2977 ξΑνθεστη
823 2909 1006 2977 ριῶνα,

551 2976 901 3042 Ποσειδεῶνα,

552 3046 895 3119 Γαμηλιῶνα,

560 3117 1007 3190 Ἐλαφηϐολιῶνα.

273 3207 407 3281 Περὶ
432 3209 486 3262 δὲ
513 3212 712 3277 τάξεως
739 3214 829 3266 καὶ
868 3213 958 3267 τοῦ
999 3213 1194 3285 ἐφεξῆς
1229 3216 1260 3284 ἡ
1296 3213 1524 3285 διαφορά
1560 3229 1619 3266 τε
1661 3215 1752 3266 καὶ

2211 1955 2368 2027 154
2409 1915 2610 2014 Menses
2651 1959 3057 2018 Atheniensium.

1930 2060 1994 2115 ll.
2035 2062 2168 2121 Esse
2194 2066 2359 2137 igitur
2384 2069 2496 2124 haec
2533 2071 2832 2127 Atticorum
2865 2077 3131 2131 mensium
3159 2078 3404 2142 nomina,

1860 2151 2145 2211 duodecim
2190 2174 2437 2225 numero,
2460 2163 2712 2218 omnibus
2746 2164 2798 2218 in
2842 2165 3095 2223 confesso
3130 2176 3232 2224 est.
3270 2168 3408 2227 Sunt

1860 2255 2038 2303 autem
2069 2250 2225 2307 hac:
2308 2243 2318 2253 ⁷

2209 2341 2534 2415 Μυῐιγοιιίοη
2558 2385 2575 2410 ,

2208 2412 2533 2485 Thargelion
2560 2454 2575 2479 ,

2170 2508 2181 2521 ι
2208 2481 2590 2554 _S_cirophorion

2205 2552 2613 2610 Hecatombaaon
2642 2597 2657 2621 ,

2207 2622 2556 2694 yetagitnion
2579 2668 2592 2689 ,

2156 2710 2165 2721 ο
2198 2691 2559 2749 Boedromion
2578 2739 2591 2757 .

2204 2762 2598 2830 Maemacterion
2626 2805 2642 2830 ,

2200 2829 2538 2905 Pyanepsion
2555 2876 2569 2897 ,

2201 2902 2584 2971 Anthesterion
2610 2946 2625 2971 ,

2202 2970 2469 3043 Posideon
2487 3018 2502 3043 ,

2204 3042 2523 3107 Gamelion,

2213 3112 2620 3186 Elaphebolion.

1926 3202 2189 3261 Caeterum
2241 3208 2363 3278 quis
2395 3209 2548 3277 ordo,
2575 3217 2775 3281 etquae
2813 3226 3001 3276 series,
3034 3220 3192 3284 atque
3242 3214 3401 3269 etiam

190 3303 603 3375 ἀμφισϐήτησίς
647 3306 759 3360 ἐστι
780 3321 795 3335 ·
831 3308 963 3379 πρὸς
994 3307 1048 3360 δὲ
1082 3310 1173 3362 καὶ
1206 3306 1468 3379 περὶτοῦ,
1502 3307 1616 3368 πῶς
1658 3308 1754 3373 δεῖ,

1858 3300 2161 3368 quomodo,
2209 3307 2263 3355 et
2304 3301 2501 3372 quibus
2553 3303 2733 3358 verbis
2788 3304 2842 3358 in
2876 3302 3120 3359 Latinam
3162 3305 3401 3376 linguam

195 3397 603 3467 μεταφέροντας
655 3400 733 3461 εἰς
784 3399 881 3469 τὴν
921 3400 1160 3453 Λατίνων
1208 3400 1416 3471 φωνὴν,
1449 3400 1751 3472 ὀνομάζειν.

193 3483 423 3556 Πρῶτον
468 3486 530 3557 δὴ
576 3489 700 3558 περὶ
741 3488 943 3554 τάξεως
989 3493 1080 3545 καὶ
1122 3491 1215 3543 τοῦ
1270 3492 1463 3563 ἐφεξῆς
1511 3493 1711 3546 τούτων
1738 3509 1751 3522 ·

196 3576 393 3630 ιπειτα
434 3579 559 3646 περὶ
589 3580 877 3650 ἑρμηνείας
902 3581 1215 3653 θεωρητέον.
1246 3587 1400 3637 Δοκεῖ
1429 3585 1535 3656 γὰρ
1570 3585 1757 3658 ὥσπερ

194 3672 461 3740 στοιχεῖον
514 3672 801 3743 ἑρμηνείας
842 3670 974 3727 οὖσα
1022 3674 1224 3730 τούτων
1260 3677 1293 3747 ἡ
1337 3674 1523 3739 τάξις·
1552 3678 1645 3729 καὶ
1688 3678 1757 3734 τά

195 3763 375 3818 πολλὰ
408 3764 533 3829 ἴσως
573 3766 678 3819 τῶν
703 3766 835 3838 πρὸς
868 3768 966 3838 τὴν
1000 3769 1292 3840 ἑρμηνείαν
1332 3769 1611 3823 τεινόντων
1650 3771 1756 3823 δέοι

192 3856 293 3922 ἂν,
324 3855 692 3928 λαμθάνοντας
717 3862 785 3914 ὲκ
802 3859 907 3913 τῶν
928 3860 1025 3930 τῆς
1062 3861 1359 3926 συντάξεως
1386 3860 1617 3925 οἰκείων,
1645 3861 1755 3915 δει-

192 3951 401 4005 ⁸ινύειν.
439 3951 589 4006 Μετὰ
628 3953 683 4006 δὲ
720 3953 889 4007 ταῦτα
918 3954 1062 4025 »περὶ
1091 3956 1277 4026 χρείας
1314 3954 1500 4026 ῥητέον
1527 3970 1541 3985 ’
1567 3953 1755 4007 τούτου

194 4043 313 4113 γὰρ
348 4044 507 4098 ἕνεκα
533 4046 626 4098 καὶ
657 4046 754 4117 τὴν
786 4045 935 4110 τάξιν
969 4046 1162 4101 εἰδέναι
1204 4048 1437 4117 μάλιστα
1471 4046 1758 4117 προαιρού-

197 4130 366 4204 μεθα.
397 4135 504 4187 Καὶ
540 4135 671 4207 πρὸς
712 4136 950 4199 τούτοις,
978 4136 1031 4189 εἴ
1064 4154 1113 4190 τι
1153 4138 1279 4191 ἄλλο
1315 4156 1431 4201 πως
1463 4140 1658 4190 οίκείον
1687 4136 1752 4206 τῇ

199 4220 394 4291 σκέψει
444 4222 567 4293 τῇδέ
595 4224 730 4288 ὲστι,
768 4225 1155 4297 προσληπτέον,
1191 4225 1361 4297 βραχύ
1395 4242 1449 4277 τι
1490 4241 1757 4297 συμπερι-

195 4313 601 4386 λαμϐάνοντας,
627 4312 713 4369 ἵνα
751 4317 826 4387 μὴ
856 4316 945 4370 τοῦ
984 4317 1144 4389 ἔργου
1181 4316 1362 4389 μεῖζον
1389 4317 1450 4371 τὸ
1484 4317 1755 4389 πάρεργον

196 4406 441 4478 γίνηται.

585 4524 721 4590 Περὶ
754 4520 975 4587 τάξεως
1007 4521 1124 4576 τῶν
1144 4522 1369 4594 μηνῶν.

1854 3390 2241 3448 transferentes
2270 3396 2539 3463 appellare
2568 3403 2851 3464 oporteat,
2900 3398 2987 3452 hic
3024 3398 3309 3454 discrimen
3333 3410 3403 3455 et

1854 3486 2242 3540 controversia.
2276 3484 2517 3541 Primum
2564 3488 2726 3559 igitur
2770 3489 2836 3543 de
2876 3489 3065 3545 ordine
3111 3499 3166 3545 et
3218 3492 3398 3561 serie;

1854 3586 1976 3648 post
2007 3579 2071 3635 de
2122 3579 2562 3651 interpretatione
2614 3582 3087 3640 considerandum.
3134 3582 3400 3639 Nimirum

1854 3671 1989 3725 ordo
2043 3672 2159 3742 ipse
2216 3674 2363 3729 velut
2413 3674 2874 3743 interpretationis
2924 3676 3247 3730 elementum
3277 3680 3399 3743 est,

1856 3776 1975 3815 cum
2005 3771 2057 3816 et
2083 3763 2248 3816 multa
2279 3762 2415 3817 forte
2443 3778 2628 3818 eorum
2662 3780 2783 3835 quae
2812 3765 2877 3825 ad
2905 3764 3401 3836 interpretationem

1855 3852 2112 3918 tendunt,
2156 3871 2220 3909 ex
2262 3857 2683 3921 constructionis
2721 3859 3034 3930 ordinisque
3082 3860 3402 3931 proprietate

1853 3943 2154 3999 elicienteni
2198 3956 2442 4016 oporteat
2485 3949 2788 4006 ostendere.
2834 3950 2953 4005 Mox
2984 3951 3051 4005 de
3084 3966 3183 4007 usu
3214 3950 3404 4005 dicen-
3455 3956 3458 3959 ’

1855 4040 1981 4115 dum
2013 4059 2027 4095 :
2064 4041 2221 4111 cuius
2266 4045 2437 4114 gratia
2479 4046 2721 4103 ordinem
2754 4046 2893 4101 scire
2921 4044 3183 4115 imprimis
3212 4043 3404 4099 statui-

1855 4149 1996 4189 mus.
2023 4134 2102 4188 Ad
2122 4135 2255 4201 hanc,
2275 4137 2319 4192 si
2340 4137 2477 4206 quid,
2496 4137 2642 4208 aliud
2672 4137 2796 4192 huic
2811 4136 3250 4191 commentationi
3276 4151 3404 4206 pro.
3446 4164 3449 4167 -

1855 4225 2222 4296 prium,nobis
2243 4230 2622 4285 assumendum
2647 4238 2757 4294 est,
2775 4231 3228 4305 compendiariam
3256 4232 3411 4286 viam‘

1855 4318 2308 4388 amplexantibus,
2339 4330 2399 4375 ut
2420 4338 2487 4377 ne
2514 4322 2693 4392 operis
2713 4322 3089 4378 diverticulum
3119 4321 3211 4377 ﬁat
3237 4336 3400 4394 opere

1855 4408 2102 4467 instituto
2135 4412 2331 4483 majus.

2331 4527 2408 4592 De
2448 4528 2628 4585 ordine
2658 4530 2931 4585 mensium.

268 4636 347 4691 Ρ.
384 4635 635 4706 Εἰλήφθω
673 4634 956 4707 τοιγαροῦν
988 4636 1091 4707 μὴν
1136 4639 1164 4689 ό
1201 4636 1375 4708 τυχὼν
1419 4638 1645 4709 πρῶτος
1676 4636 1753 4709 τῷ

1924 4631 2010 4689 Ill.
2063 4611 2330 4691 ‘Sumatur
2384 4636 2564 4705 itaque
2613 4638 2818 4709 primus
2874 4640 3104 4710 quisque
3175 4640 3401 4705 mensis,

192 4730 346 4801 λόγῳ
370 4747 383 4759 ·
418 4727 554 4781 ἔστω
599 4728 675 4792 δὲ,
706 4731 753 4781 εἰ
792 4729 966 4794 δοκεῖ,
1006 4728 1299 4782 Ποσειδεὼν
1322 4747 1337 4760 ·
1379 4729 1517 4800 μετά
1562 4730 1751 4788 Ποσειτ-

191 4822 374 4878 eam:
400 4821 463 4891 δὴ
491 4820 649 4884 εὐθὺς
676 4814 981 4895 Γαμηλιὼν.
1009 4822 1294 4894 Μάρτυρες
1321 4822 1375 4876 δὲ
1398 4822 1585 4877 τούτου
1611 4824 1754 4895 Ἀρι-

197 4910 455 4982 ποτέλης
480 4930 537 4965 τε
561 4914 651 4967 καὶ
670 4912 1023 4985 Θεόφραστος,
1048 4912 1233 4984 ἄνδρες
1258 4913 1489 4978 παλαιᾶς
1514 4916 1750 4987 μνήμης,

194 5007 296 5064 καὶ
321 5004 593 5075 ἐμπείρως
618 5002 829 5073 ἔχοντες
853 5005 951 5074 τῆς
996 5004 1284 5075 Ἀθηναίων
1310 5006 1513 5075 φωνῆς.
1536 5011 1628 5061 Δεῖ
1647 5008 1753 5080 γὰρ

198 5099 281 5171 μὴ
308 5097 592 5167 ἀμάρτυρα
619 5096 864 5163 φάσκειν,
901 5096 975 5160 ὡς
1002 5097 1051 5149 οἳ
1087 5096 1282 5167 προτοῦ
1317 5098 1489 5159 θέσεις
1523 5100 1656 5169 πρὸς
1677 5100 1752 5171 τῷ

190 5189 387 5261 ψευδεῖ
418 5189 510 5242 καὶ
546 5186 867 5249 ἀδεσπότους
908 5186 1307 5250 ἀποδεδώκασι,
1339 5187 1581 5256 λέγοντες
1626 5191 1751 5260 περὶ

192 5282 407 5338 τούτων
434 5297 447 5311 ·
492 5278 601 5332 ἀλλ’
645 5280 726 5348 ἐφ’
764 5279 1029 5342 ’ἑκάστοις
1102 5281 1378 5350 μάρτυρας
1424 5281 1750 5352 παρέχεσθαι

194 5377 406 5445 ἄνδρας
429 5375 785 5442 ἀξιοπίστους,
818 5371 1002 5443 ὥσπερ
1030 5375 1085 5426 ἐν
1124 5373 1467 5445 δικαστηρίῳ.
1502 5374 1614 5426 Πᾶν
1646 5376 1751 5448 γὰρ

193 5471 265 5526 ab
304 5469 363 5521 ὲν
390 5470 594 5531 τούτοις
626 5467 812 5520 πιστὸν
854 5467 953 5519 οὐκ
996 5469 1057 5519 ἐκ
1093 5467 1403 5539 τεκμηρίων
1448 5464 1540 5520 καὶ
1582 5468 1751 5537 λόγων

194 5563 477 5624 τοιούτων,
516 5561 625 5614 ἀλλ’
654 5561 713 5626 ἐξ
744 5552 817 5613 ὧν
856 5576 995 5623 τινες
1024 5560 1132 5615 τῶν
1163 5560 1383 5627 ἐνδόξων
1420 5559 1571 5613 εἶπόν
1612 5563 1749 5616 ἐστι.

193 5654 425 5714 Τούτων
444 5654 507 5725 δὴ
524 5657 551 5708 ό
576 5655 670 5725 μὲν
692 5656 749 5707 ὲν
772 5656 833 5725 τῇ
856 5654 979 5723 περὶ
1002 5653 1069 5706 τὰ
1089 5654 1201 5718 ζῶα
1224 5655 1429 5724 ἱστορία
1451 5648 1551 5707 ὦδε
1572 5654 1716 5733 λέγει
1734 5672 1748 5686 ’

206 5771 229 5803 ι
269 5750 337 5803 Ἦ
379 5749 436 5802 δὲ
480 5748 656 5811 θυννὶς
702 5748 845 5814 ἅπαξ
890 5746 1100 5799 τίκτει·
1145 5738 1279 5801 ἀλλὰ
1318 5747 1407 5801 διὰ
1443 5749 1502 5801 τὸ
1540 5748 1607 5802 τὰ
1657 5750 1753 5819 μὲν

200 5840 407 5915 πρὼῑα,
429 5838 498 5893 τὰ
524 5838 578 5892 δὲ
608 5838 731 5909 (tum
761 5838 1057 5909 προΐεσθαι,
1089 5839 1169 5901 δὶς
1189 5840 1335 5895 δοκεῖ
1362 5840 1583 5893 τίκτειν.
1603 5841 1753 5892 Ἔστι

198 5934 263 5989 δὲ
296 5934 325 5987 ό
352 5932 450 6005 μὲν
464 5929 679 6003 πρῶτος
704 5930 855 5995 τόκος
890 5948 952 5982 πε
961 5931 1013 6000 ρ“ι
1044 5929 1130 5983 τὸν
1161 5931 1489 5984 Ποσειδεῶνα
1520 5930 1621 6001 πρὸ
1649 5929 1754 5984 τῶν

1857 4739 1976 4781 sese
1999 4732 2057 4780 ut
2087 4728 2315 4784 dicendo
2345 4728 2631 4793 obtulerit;
2676 4729 2885 4798 sitque,
2938 4728 2983 4783 si
3025 4730 3217 4805 placet,
3250 4730 3403 4786 Posi-

1856 4816 2031 4882 deon;
2090 4826 2211 4888 post
2264 4818 2407 4872 hunc
2448 4819 2705 4873 continuo
2753 4814 3050 4875 Gamelion.
3104 4820 3271 4890 Cujus
3324 4821 3402 4876 rei

1857 4914 2025 4963 testes
2056 4909 2372 4965 Aristoteles
2392 4918 2444 4963 et
2466 4908 2888 4979 'l‘lieOphrastus,
2920 4911 3112 4981 prisca:
3130 4912 3403 4969 memori:

1859 5000 1979 5066 viri,
1998 5010 2162 5071 atque
2182 5000 2373 5057 Atticae
2398 5001 2591 5073 linguae
2612 5003 2789 5071 periti.
2818 5001 3000 5071 Neque
3024 5004 3166 5056 enim
3190 5002 3276 5058 hic
3296 5019 3402 5071 non

1856 5091 2135 5161 productis
2164 5092 2503 5147 testimoniis
2532 5107 2689 5162 agere
2730 5092 2885 5158 licet,
2944 5101 3000 5145 ut
3035 5092 3124 5162 qui
3178 5095 3407 5151 antehac

1859 5181 2045 5245 falsas,
2069 5181 2410 5249 testibusque
2430 5189 2648 5249 egentes
2691 5179 2987 5249 positiones
3017 5180 3357 5236 tradiderunt
3384 5221 3400 5246 ,

1860 5274 1998 5326 lianc
2025 5271 2092 5325 de
2120 5273 2397 5326 mensibus
2450 5271 2798 5340 quaestionem
2848 5277 3141 5324 tractantes
3172 5287 3185 5323 :
3216 5285 3403 5326 verum

1794 5368 1797 5377 ‘
1858 5367 1911 5420 in
1946 5364 2175 5433 singulis
2202 5371 2371 5419 testes
2392 5363 2659 5425 excitare,
2700 5362 2846 5416 viros
2873 5362 3163 5431 locupletes
3198 5368 3252 5415 et
3300 5359 3404 5415 [ide

1856 5459 2045 5527 dignos
2074 5472 2210 5525 opus
2239 5462 2342 5520 est,
2370 5469 2477 5508 non
2505 5470 2662 5509 secus
2690 5464 2849 5525 atque
2884 5456 2937 5508 in
2957 5454 3182 5524 judicio.
3237 5454 3405 5519 Quid-
3456 5448 3471 5527 ς

1857 5550 1985 5619 quid
2010 5550 2152 5603 enim
2196 5551 2251 5603 in
2280 5548 2363 5602 his
2397 5548 2691 5616 probabile,
2725 5563 2828 5601 non
2863 5563 2923 5600 ex
2956 5547 3123 5618 signis
3153 5560 3403 5601 necessa-

1858 5645 1976 5705 riis,
2007 5643 2429 5713 hujusinodique
2474 5642 2772 5696 rationibus
2811 5642 2961 5710 sequi
3001 5634 3255 5710 Oportet:
3308 5643 3404 5698 sed

1857 5752 1921 5791 ex
1958 5736 2024 5790 iis
2054 5750 2297 5798 sumere,
2346 5749 2464 5804 quae
2493 5734 2675 5788 dixere
2710 5734 2842 5788 clari
2888 5734 3236 5801 celebresque
3274 5728 3397 5787 viri.

1860 5830 2063 5887 Horum
2114 5829 2279 5901 igitur
2324 5828 2462 5882 alter
2492 5828 2544 5880 in
2577 5828 2801 5880 historia
2832 5824 3143 5880 animalium
3176 5825 3254 5877 sic
3283 5824 3399 5905 ait:

1868 5944 1883 5977 ι
1918 5922 2147 5979 Tliunna
2198 5921 2355 5977 etiam
2387 5907 2549 5977 semel
2582 5922 2748 5990 parit:
2791 5920 2885 5974 sed
2915 5914 3037 5973 cum
3087 5916 3219 5973 alios
3264 5914 3405 5971 {etiis
3461 5940 3471 5972 -.
