4130 6342
179 490 327 546 H73
1096 489 1437 548 THEODORI
1475 489 1677 546 GAZAE
1717 488 1916 546 LIBER
1955 493 2041 549 DE
2072 495 2432 558 MENSIBUS.
3235 496 3370 553 ιηι

178 607 450 668 λευταῖος.
498 605 728 676 Σημεῖον
776 606 864 659 δέ’
898 606 1219 678 Θουκυδίδης
1256 609 1360 681 γὰρ
1404 612 1459 662 ἓν
1504 610 1734 680 τετάρτῃ

1847 620 1980 667 :erte
2008 625 2335 682 postremus.
2371 616 2538 685 Cujus
2565 616 2642 671 rei
2672 617 2884 687 signum
2909 628 2989 675 est
3009 659 3024 685 ,
3054 618 3196 689 quod
3221 618 3366 671 Thu-

182 697 293 750 εῶν
329 697 576 773 ἱστοριῶν
622 696 718 768 τὴν
771 697 1033 753 ἐνιαύσιον
1065 700 1399 768 ἐκεχειρίαν,
1440 699 1535 769 τὴν
1586 716 1735 766 γενο-

1847 702 2059 773 cydides
2085 706 2323 760 historiae
2344 707 2477 761 libro
2499 716 2691 776 quarto
2716 707 2959 763 inducias
2988 722 3194 764 annuas
3227 708 3367 761 inter

176 788 364 859 μένην
406 787 843 858 Λακεδαιμονίοις
884 789 977 841 καὶ
1030 788 1355 858 Ἀθηναίοις,
1388 789 1735 850 τελευτῶντος

1847 792 2197 850 Athenienses
2230 794 2768 867 Lacedaemoniosque
2808 797 3011 861 factas,
3059 811 3199 851 anno
3241 797 3364 851 belli

177 878 373 947 ὀγδόου
402 878 550 943 ἔτους
580 879 659 949 τῷ
688 879 927 949 πολέμῳ,
952 880 1165 949 τετράδι
1197 882 1285 933 ἐπὶ
1315 880 1442 932 δέκα
1466 880 1555 931 τοῦ
1588 879 1733 931 Ἐλα-

1847 893 2025 938 octavo
2061 886 2382 951 excedente,
2426 889 2628 943 mensis
2666 887 3101 957 Elaphebolionis
3146 894 3365 956 quarto-

178 971 522 1042 φηδολιῶνος
556 971 719 1043 μηνὸς
753 970 1123 1042 ὁμολογεῖσθαι
1160 987 1325 1039 φησι·
1357 972 1453 1041 τὴν
1489 971 1531 1022 δ’
1565 970 1732 1039 αὐτὴν

1847 974 2047 1029 ieeimo
2082 976 2168 1030 die
2210 986 2394 1047 pactas
2438 994 2557 1033 esse
2604 978 2773 1043 dicit,
2816 988 2868 1032 et
2912 978 3125 1033 easdem
3179 985 3365 1031 exacta

180 1064 497 1134 ἐκεχειρίαν
526 1065 620 1116 καὶ
648 1062 940 1123 διελθόντος
964 1060 1053 1116 τοῦ
1086 1061 1345 1131 χειμῶνος
1378 1063 1490 1129 ἅμα
1517 1057 1609 1130 ἦρι
1637 1058 1730 1112 τοῦ

1847 1066 2053 1134 quidem
2073 1066 2299 1132 .hieme,
2331 1070 2548 1123 ineunte
2577 1070 2735 1123 simul
2768 1084 2890 1123 vere
2931 1070 3136 1128 astatis
3174 1067 3373 1121 subse—-
3404 1052 3407 1053 ⁷

181 1152 567 1220 ἐπιγινομένου
616 1151 804 1221 θέρους
857 1150 1151 1219 γεγονέναι.
1210 1151 1325 1202 Κάν
1387 1153 1449 1218 -ῇ
1510 1149 1747 1219 πέμπτῃ.

1847 1158 2050 1226 ιυεηιὶε
2084 1158 2378 1215 confectas.
2414 1158 2476 1213 Et
2508 1160 2664 1214 etiam
2701 1160 2754 1214 in
2784 1160 2971 1230 quinto
3007 1158 3248 1229 ejusdem
3283 1156 3371 1212 bi-t

182 1244 232 1297 δ’
258 1242 332 1297 αὖ
374 1244 475 1297 τῶν
510 1244 684 1297 αὐτῶν
729 1244 973 1314 ἱστοριῶν
1015 1242 1241 1305 σπονδὰς
1281 1242 1527 1308 γενέσθαι
1571 1241 1733 1310 φησὶν

1847 1248 2050 1315 εισι-ίῳ,
2084 1249 2393 1318 prazfectum
2421 1258 2635 1321 gerente
2677 1251 2896 1304 Athenis
2938 1250 3118 1304 Alcaeo
3156 1244 3368 1303 ‘fmdera

183 1336 285 1389 ἐπὶ
327 1334 582 1406 ἄρχοντος
631 1334 915 1406 Ἀθήνῃσιν
955 1333 1198 1386 Ἀλκαίου
1220 1373 1233 1393 ,
1280 1331 1733 1401 Ἐλαφηϐολιῶνος

1847 1348 2091 1406 percussa
2139 1355 2261 1394 esse
2300 1340 2465 1405 dicit,
2512 1342 2717 1396 mensis
2743 1340 3174 1410 Elaphebolionis
3214 1346 3375 1394 sexto

192 1424 365 1494 μηνὸς
407 1424 538 1496 ἕκτῃ
591 1424 882 1490 φθίνοντος.
931 1424 1040 1486 Τὰς
1074 1423 1119 1475 δ’
1164 1422 1330 1485 αὑτὰς
1373 1422 1597 1484 σπονδὰς
1644 1422 1735 1474 καὶ

1847 1436 1958 1481 ante
1987 1426 2144 1481 linem
2175 1427 2289 1494 die,
2322 1428 2482 1497 idque
2509 1429 2610 1482 sub
2642 1430 2835 1483 hiemis
2862 1435 3161 1483 extremum
3189 1435 3244 1482 et
3272 1442 3367 1483 ve-

185 1510 664 1579 τελευτῶντοςτοῦ
699 1514 960 1584 χειμῶνος
992 1513 1108 1584 ἅμα
1144 1509 1238 1584 ἦρι
1269 1512 1521 1581 γενέσθαι
1549 1512 1732 1581 φησίν.

1847 1515 1913 1567 ris
1934 1515 2165 1569 initium.
2192 1518 2456 1571 Praeterea
2483 1531 2609 1571 vero
2634 1517 2836 1571 scribit
2851 1517 3171 1573 Aristoteles
3187 1532 3369 1571 ursam

193 1607 322 1660 Ἔτι
345 1606 390 1661 δ’
427 1606 794 1677 Ἀριστοτέλης
814 1604 922 1659 τῶν
945 1604 1143 1676 Θηρίων
1172 1605 1268 1675 τὴν
1305 1606 1503 1674 ἄρκτον
1534 1605 1735 1673 ἱστορεῖ

1847 1606 1986 1662 coire
2020 1622 2204 1662 mense
2236 1606 2677 1677 Elapheholione,
2720 1606 2969 1677 ferreque
3010 1610 3221 1663 uterum
3253 1606 3369 1661 dies

188 1699 299 1766 τὴν
319 1697 496 1767 ὀχείαν
525 1697 785 1749 ποιεῖσθαι
810 1695 901 1748 τοῦ
927 1697 1092 1766 μηνὸς
1112 1694 1205 1747 τοῦ
1246 1693 1698 1764 Ἐλαφηϐολιῶνος
1715 1708 1733 1725 ο

1847 1699 2056 1767 triginta
2079 1738 2093 1761 ,
2120 1708 2172 1753 et
2198 1714 2389 1769 parere
2415 1708 2746 1768 eoltempore'
2766 1713 2875 1768 quo
2899 1699 3066 1765 latet;
3098 1714 3220 1753 eum
3246 1713 3375 1753 vero

191 1788 429 1842 κύεινδὲ
476 1788 683 1867 ἡμέρας
732 1788 1052 1859 τριάκοντα,
1096 1787 1187 1841 καὶ
1224 1789 1425 1841 τίκτειν
1472 1786 1598 1855 περὶ
1643 1785 1733 1857 τὸν

1847 1790 2044 1859 prolem
2094 1791 2410 1855 enutrierit,
2461 1790 2607 1846 exire
2653 1778 2837 1845 mense
2860 1789 3144 1858 jamveris
3185 1790 3368 1845 tertio.

190 1873 420 1945 καιρὸν,
468 1866 553 1928 ὃνί
582 1874 775 1944 φωλεῖ·
814 1877 941 1928 ὅταν
982 1876 1038 1928 δὲ
1076 1874 1310 1946 ἐκθρέψῃ
1356 1876 1523 1945 τρίτῳ
1570 1874 1728 1944 μηνὶ,

1847 1878 2069 1948 Haecque
2094 1882 2255 1935 habet
2274 1881 2327 1934 in
2351 1882 2597 1951 septimo.
2613 1879 2849 1936 Rursum
2868 1882 2923 1934 in
2945 1887 3135 1934 octavo
3159 1880 3333 1950 inquit
3353 1920 3368 1941 ,

189 1940 463 2020 ἐπιϐαίνειν
492 1940 604 2038 ἢδη*
622 1966 715 2019 τοῦ
748 1965 922 2038 ἔαρος.
956 1967 1139 2020 Ταῦτα
1164 1940 1208 2020 δ’
1232 1940 1476 2020 εἰπὼν-ὲν
1495 1940 1732 2036 smptu),

1847 1984 1900 2025 eo
1934 1976 2173 2039 tempore
2203 1985 2387 2024 ursam
2415 1970 2548 2025 eniti
2570 2009 2585 2034 ,
2630 1970 2923 2040 tandiuque
2964 1971 3157 2033 latere,
3193 1971 3365 2041 quoad

190 2058 362 2112 πάλιν
410 2060 468 2111 ὲν
515 2058 683 2127 ὀγδόῳ
724 2060 1006 2129 (priet.th
1062 2060 1259 2129 ἄρκτον
1308 2059 1565 2113 ἐντίκτειν
1610 2059 1737 2129 περὶ

1847 2071 2046 2129 tempus
2076 2061 2179 2127 sit,
2213 2068 2273 2114 ut
2302 2076 2431 2115 suos
2463 2062 2673 2115 catulos
2704 2062 2759 2115 in
2792 2069 3035 2131 apertum
3070 2060 3368 2130 producat;

188 2148 382 2202 τοῦτον
411 2148 499 2200 τὸν
532 2149 737 2217 καιρὸν,
762 2150 853 2201 καὶ
886 2149 1078 2218 φωλεῖν
1110 2150 1212 2212 ἕως
1236 2150 1302 2203 ἂν
1326 2148 1442 2221 ὥρα
1471 2144 1737 2222 ᾗὲξάγειν

1847 2150 1996 2218 idque
2030 2164 2196 2203 verno
2228 2159 2504 2218 tempore,
2539 2165 2724 2205 mense
2751 2164 2782 2202 a
2812 2150 3007 2204 bruma
3040 2151 3199 2204 tertio
3235 2148 3369 2203 ﬁeri.

190 2240 324 2301 τοὺς
344 2238 609 2309 σκύμνους
628 2255 640 2268 ·
667 2238 820 2291 τοῦτο
847 2239 901 2291 δὲ
927 2243 1095 2292 ποιεῖν
1114 2239 1205 2292 τοῦ
1228 2240 1384 2310 ἔαρος
1410 2240 1535 2309 περὶ
1559 2241 1736 2310 τρίτον

194 2330 346 2400 μῆνα
365 2329 469 2383 ἀπὸ
498 2328 604 2383 τῶν
635 2330 865 2401 τροπῶν.
886 2331 1031 2382 Ὢστ*
1054 2332 1145 2384 ἐάν
1161 2346 1219 2383 τε
1249 2331 1450 2383 τίκτειν
1480 2332 1586 2384 ἀπὸ
1612 2348 1734 2401 τρο-

188 2420 315 2474 πῶν
357 2419 677 2491 χειμερινῶν
708 2422 832 2492 περὶ
865 2422 1045 2493 τρίτον
1082 2421 1256 2491 μῆνα,
1288 2422 1382 2474 ἐὰν
1420 2438 1477 2474 τε
1526 2422 1736 2489 ἐξάγειν

186 2511 303 2566 ἀπδ
348 2512 564 2583 ἐαρινῆς
618 2512 901 2583 ἰσημερίας
952 2514 1079 2583 περὶ
1124 2513 1301 2583 τρίτον
1348 2512 1562 2566 ἀκούειν
1610 2512 1731 2585 δέῃ·

187 2605 313 2656 κατ’
341 2602 505 2673 ἄμφω
530 2603 585 2656 δὲ
616 2603 706 2657 τὸν
740 2604 1164 2675 Ἐλαφηϐολιῶνά
1186 2620 1247 2673 γε
1275 2606 1415 2675 μῆνα
1441 2604 1741 2657 τελευταῖον

188 2689 341 2748 εἶναι
359 2694 466 2747 τῶν
498 2696 815 2765 χειμερινῶν
856 2698 948 2749 καὶ
976 2696 1153 2767 τρίτον
1192 2696 1491 2766 συμϐαίνει.
1524 2695 1736 2747 Τίκτειν

188 2785 307 2857 γάρ
331 2802 461 2855 φησι
494 2787 620 2857 περὶ
648 2786 707 2839 ὃν
743 2788 928 2858 καιρὸν
976 2788 1206 2858 μάλιστα
1250 2787 1413 2857 φωλεῖ
1435 2805 1447 2817 ·
1485 2786 1650 2856 φωλεῖ
1680 2782 1762 2839 δε

188 2879 266 2932 τὰ
288 2882 513 2951 χερσαῖα
542 2879 725 2933 πάντα
760 2880 853 2932 τοῦ
901 2879 1181 2950 χειμῶνος,
1206 2878 1278 2944 ὡς
1324 2879 1533 2951 εἴρηται
1566 2881 1622 2932 ὲν
1659 2876 1737 2948 τῷ

441 2969 758 3040 Χειμερινὸς
800 2969 905 3041 ἄρα
948 2972 976 3022 ὁ
1038 2966 1466 3038 Ἑλαιρηόολιὼν,
1508 2968 1635 3038 περὶ
1678 2967 1737 3021 ὂν

1837 2240 2101 2307 Quocirca
2128 2241 2242 2295 sive
2269 2241 2566 2295 audiendus
2597 2257 2718 2296 eum
2747 2241 2905 2303 dicit,
2937 2256 3126 2310 parere
3152 2241 3315 2296 tertio
3346 2255 3378 2296 a

1834 2332 2027 2387 bruma
2074 2328 2289 2397 mense,
2324 2331 2438 2386 sive
2484 2346 2605 2384 eum
2648 2333 2943 2401 producere
2974 2345 3101 2385 suos
3146 2330 3282 2386 fetus
3309 2330 3377 2383 ab

1835 2422 2159 2492 aequinoctio
2186 2437 2349 2476 verno
2380 2422 2539 2476 tertio
2565 2436 2747 2476 mense
2772 2439 2786 2487 ;
2814 2429 3042 2489 utroque
3064 2434 3193 2475 sane
3216 2421 3378 2474 modo

1836 2511 2307 2581 Elaphebolionem
2340 2512 2684 2568 hibernorum
2714 2513 2980 2568 mensium
3010 2513 3254 2567 ultimum
3278 2553 3291 2577 ,
3323 2520 3377 2566 et

1834 2603 2054 2658 tertium
2084 2618 2205 2658 esse
2233 2598 2510 2673 contingit.
2543 2603 2737 2658 Parere
2766 2605 2908 2659 enim
2938 2606 3011 2658 ait
3036 2619 3134 2674 per
3152 2603 3213 2672 id
3240 2612 3379 2657 tem-

1835 2711 1938 2765 pus
1965 2710 2072 2764 quo
2104 2695 2231 2751 latet
2256 2712 2271 2761 ;
2302 2694 2472 2749 latent
2497 2709 2624 2749 vero
2649 2696 3151 2766 terrestriaeuneta
3181 2694 3387 2767 hieme,

1836 2794 1896 2838 ut
1925 2784 1995 2838 ab
2022 2799 2087 2838 eo
2119 2784 2320 2838 dictum
2350 2790 2433 2838 est
2468 2784 2521 2837 in
2549 2791 2757 2838 octavo.
2798 2784 3069 2839 Hibernus
3098 2792 3182 2841 est
3216 2771 3379 2856 igitur

1837 2875 2261 2946 Elaphebolion,
2317 2891 2424 2945 quo
2467 2889 2650 2929 mense
2706 2889 2835 2929 ursa
2888 2884 3126 2930 ventrem
3182 2852 3375 2946 gestat.

1835 2968 1995 3039 Atqui
2042 2984 2149 3023 non
2198 2969 2445 3037 primus,
2501 2982 2607 3021 non
2656 2964 2961 3029 secundus,
2993 2981 3122 3037 ergo
3164 2968 3377 3022 tertius.

192 3059 338 3113 κύει.
366 3061 439 3113 Οὐ
464 3060 674 3131 πρῶτος
700 3059 776 3123 δὲ,
802 3060 919 3112 οὐδὲ
940 3059 1202 3129 δεύτερος*
1226 3059 1403 3129 τρίτος
1427 3058 1533 3130 ἄρα
1555 3076 1566 3088 ·
1598 3059 1651 3110 εί
1673 3074 1736 3126 γε

1847 3059 2115 3130 Siquidem
2148 3060 2274 3115 anni
2310 3060 2718 3131 tempestatibus
2765 3059 2903 3114 terni
2954 3074 3168 3114 menses
3213 3059 3378 3115 ascri-’

190 3153 347 3222 τρεῖς
375 3151 501 3222 περὶ
527 3151 760 3221 ἑκάστην
793 3150 898 3204 τῶν
926 3149 1081 3221 ὡρῶν
1112 3148 1277 3220 μῆνές
1308 3150 1463 3201 εἰσιν.

1833 3152 2052 3208 buntur.

283 3242 502 3312 Ἐφεξῆς
546 3241 591 3294 δ’
643 3240 1059 3309 Ἐλαςρηὸολιῶνι
1100 3236 1441 3308 Μουνυχιὼν
1487 3237 1736 3308 τέταρτος

1906 3241 2205 3297 Continens
2236 3248 2322 3297 est
2369 3256 2499 3297 vero
2547 3241 2953 3311 Elaphebolioni
3009 3239 3377 3311 Munychion;

198 3337 304 3409 μὲν
327 3335 433 3408 γὰρ
464 3336 559 3389 ἀπ’
595 3332 1044 3403 Ἐλαφηϐολιῶνικ
1070 3330 1453 3401 Σκιροφοριὼν,
1480 3329 1656 3400 τρίτος
1683 3326 1738 3380 δὲ

194 3427 311 3483 ἀπὸ
333 3424 725 3496 Μουνυχιῶνος.
743 3423 1111 3493 Ἀριστοτέλης
1138 3424 1193 3475 ὲν
1211 3425 1277 3493 τῇ
1294 3422 1427 3492 αὐτῇ
1447 3421 1574 3491 περὶ
1591 3418 1740 3484 ζώων

196 3517 411 3589 ἱστορίᾳ
456 3511 555 3570 ὧδε
616 3513 1112 3586 καταριθμούμενος
1156 3513 1377 3583 τέταχε’
1433 3531 1451 3562 ι
1488 3512 1740 3564 Τίκτουσι

191 3611 242 3663 δ’
272 3610 318 3661 οἱ
345 3608 581 3661 πλεῖστοι
599 3603 707 3660 τῶν
740 3606 932 3673 ἰχθύων
955 3609 1011 3660 ἐν
1036 3605 1166 3677 μησὶ
1188 3607 1351 3677 τρισὶ,
1384 3603 1738 3675 Μουνυχιῶνι,

195 3700 298 3753 καὶ
331 3699 691 3773 Θαργηλιῶνι,
716 3700 810 3753 καὶ
839 3697 1245 3769 Σκιροφοριῶνι.
1274 3716 1292 3748 ι
1318 3696 1661 3767 Δημοσθένης
1687 3697 1743 3750 δὲ

194 3794 259 3844 ὲν
308 3790 381 3861 τῷ
411 3790 567 3858 Περί
587 3791 1058 3859 παραπρεσϐείας
1088 3789 1253 3857 λόγῳο
1292 3807 1311 3837 ι
1341 3788 1406 3839 Ἦ
1440 3787 1537 3856 μὲν
1568 3787 1743 3838 τοίνυν

196 3884 414 3955 εἰρήνη,
450 3901 471 3935 ι
516 3883 699 3953 φησὶν,
737 3900 757 3932 ι
804 3879 1255 3950 Ἐλαφηϐολιῶνος
1304 3878 1437 3950 ἕκτῃ
1482 3878 1571 3930 ἐπὶ
1614 3877 1743 3930 δέκα

196 3972 447 4043 ὲγένετο’
487 3972 912 4043 ἀπεδημήσαμεν
944 3971 1000 4023 δὲ
1038 3973 1195 4040 ἡμεῖς
1248 3970 1339 4023 ἐπὶ
1383 3970 1507 4031 τοὺς
1551 3969 1743 4039 ὅρκους

196 4068 351 4136 τρεῖς
393 4065 543 4127 ὃλους
573 4064 766 4134 μῆνας.
804 4064 912 4117 Καὶ
952 4061 1136 4114 τοῦτον
1174 4062 1387 4114 ἅπαντα
1439 4060 1528 4114 τὸν
1558 4061 1743 4131 χρόνον

196 4154 343 4228 ἦσαν
373 4157 422 4207 οἱ
451 4156 651 4217 Φωκεῖς
686 4154 834 4211 σῶοι.
859 4154 1098 4223 Ἦκομεν
1120 4152 1176 4204 δὲ
1207 4152 1311 4203 ἀπὸ
1333 4152 1431 4220 τῆς
1457 4150 1745 4221 πρεσϐείας

200 4250 305 4317 τῆς
335 4246 424 4300 ἐπὶ
470 4248 593 4308 τοὺς
624 4245 817 4317 ὅρκους
856 4245 1012 4316 τρίτῃ
1045 4244 1137 4296 ἐπὶ
1177 4242 1306 4296 δέκα
1344 4242 1436 4295 τοῦ
1486 4243 1745 4310 Σκιροφο-

204 4340 417 4413 ριῶνος.
468 4358 486 4391 ι
538 4339 646 4391 Καὶ
699 4335 951 4405 Αἰσχίνης
1005 4335 1062 4388 δὲ
1128 4337 1185 4387 ὲν
1236 4336 1302 4405 τῇ
1364 4333 1501 4401 Περὶ
1560 4347 1743 4399 παρα-

203 4432 520 4500 πρεσϐείας
561 4428 869 4495 ἀπολογία,
905 4427 1181 4489 ὑπειπὼν,
1225 4427 1305 4479 ὅτι
1357 4425 1418 4496 δὴ
1471 4425 1569 4495 τὴν
1627 4426 1746 4476 επι-

204 4522 398 4594 στολὴν
423 4523 649 4595 γράψειε
690 4524 876 4594 Χάρης
920 4520 1374 4591 Ἐλαφηϐολιῶνος
1416 4519 1579 4589 μηνὸς
1613 4517 1744 4586 ἕκτῃ

1838 3339 2066 3400 quartus
2097 3332 2240 3384 enim
2273 3331 2342 3385 ab
2375 3329 2789 3398 Elaphebolione
2818 3328 3238 3398 Scirophorion,
3272 3336 3378 3382 ter-

1837 3424 1946 3478 tius
1976 3431 2150 3477 autem
2185 3438 2214 3477 a
2248 3422 2622 3493 Munychione.
2646 3422 2962 3477 Aristoteles
2994 3422 3051 3497 in
3080 3422 3265 3478 eadem
3298 3424 3374 3477 hi-

1842 3517 2008 3573 storia
2052 3516 2123 3573 ,de
2171 3515 2497 3569 animalibus
2543 3515 2645 3571 hos
2684 3516 2763 3572 sie
2814 3516 3004 3571 ordine
3054 3523 3376 3571 enumerat:

1847 3628 1864 3659 ι
1893 3608 2114 3663 Pariunt
2143 3614 2287 3662 certe
2312 3608 2487 3677 pisces
2512 3607 2729 3677 plurimi
2767 3608 2941 3661 tribus
2970 3609 3054 3662 his
3080 3608 3379 3672 mensibus.

1843 3700 2237 3770 Munychione,
2278 3696 2678 3768 H‘hargelione,
2732 3697 3167 3768 Seirophorione.
3216 3718 3234 3749 ι
3280 3698 3381 3754 De-

1842 3791 2154 3845 mosthenes
2198 3804 2326 3844 vero
2360 3790 2414 3842 in
2444 3789 2688 3842 oratione
2724 3788 2794 3841 De
2820 3790 3062 3842 ementita
3096 3788 3383 3856 legatione:

1848 3900 1864 3931 ο
1884 3878 2691 3950 .Pax(inquit)Elaphebolionis
2718 3878 2929 3933 decimo
2942 3888 3094 3934 sexto
3122 3878 3209 3933 die
3242 3878 3383 3932 facta

1843 3979 1967 4026 est:
2002 3985 2161 4040 porro
2194 3980 2301 4025 tres
2347 3969 2585 4040 integros
2627 3984 2843 4025 menses
2893 3969 2960 4023 ad
3001 3969 3384 4038 jusjurandum

1844 4060 2211 4129 recipiendum
2246 4072 2472 4128 peregre
2506 4056 2811 4121 abfuimus,
2848 4056 3008 4125 idque
3041 4063 3211 4108 totum
3244 4062 3386 4108 tem-

1843 4166 1945 4221 pus
1971 4151 2101 4206 salvi
2134 4149 2283 4206 fuere
2313 4149 2619 4217 Phocenses
2646 4165 2660 4213 ;
2692 4147 3054 4216 rediimusque
3075 4147 3142 4201 ab
3162 4145 3386 4214 ealegao

1846 4244 1990 4297 tione
2019 4242 2085 4296 de
2111 4240 2498 4310 jurejurando,
2530 4240 2740 4293 decimo
2771 4239 2930 4293 tertio
2967 4237 3053 4292 die
3094 4235 3389 4307 ScirOpho~

1845 4335 2032 4388 rionis.
2082 4351 2101 4384 ›
2147 4331 2211 4385 Et
2261 4330 2551 4387 Eschines
2600 4345 2730 4385 vero
2783 4330 2837 4383 in
2888 4328 3193 4397 Defemione
3240 4328 3389 4397 falsa

1846 4423 2117 4492 legationis
2142 4460 2158 4485 ,
2207 4436 2330 4475 eum
2362 4429 2485 4475 ante
2516 4417 3090 4488 dixissetpepistolam
3125 4430 3220 4485 per
3246 4413 3388 4468 Cha-

1846 4524 2010 4568 retem
2042 4513 2298 4581 scriptam
2325 4527 2445 4568 esse
2471 4518 2623 4568 sexto
2645 4511 2747 4566 sub
2772 4510 2928 4563 linem
2954 4505 3396 4578 Elaphebolionis

204 4613 498 4685 φθίνοντος,
535 4614 804 4684 ἐπήνεγκε
851 4610 1000 4665 τάδε·
1046 4629 1064 4661 ι
1105 4610 1387 4671 Ἀκούετε,
1428 4609 1509 4661 ὅτι
1542 4609 1722 4660 Μουνυ

1852 4605 1966 4669 die,
2000 4604 2112 4659 haec
2141 4604 2371 4659 subinde
2401 4603 2577 4657 intulit
2612 4620 2625 4655 :
2660 4622 2680 4653 ι
2708 4600 2924 4654 Auditis
2951 4597 3204 4670 (inquit)
3235 4611 3390 4666 roga-

203 4704 397 4778 χιῶνος
438 4702 704 4774 ἐψηφίσθη
740 4704 893 4774 τρίτῃ
941 4700 1252 4771 ἱσταμένου·
1293 4704 1321 4753 ὁ
1358 4700 1415 4753 δὲ
1447 4698 1745 4770 Κερσοκλέ-

205 4813 349 4868 me
378 4795 568 4858 πόσαις
598 4795 858 4865 πρότερον
901 4793 1129 4865 ἡμέραις
1160 4791 1411 4845 ἀπώλεσε
1444 4793 1558 4864 τὴν
1604 4791 1749 4863 Θρᾴ-

204 4904 333 4960 κην,
362 4886 487 4957 πρὶν
530 4885 629 4955 ἐμὲ
656 4885 903 4949 ἀπιέναι;
933 4883 1009 4947 ὥς
1054 4900 1181 4954 φησι
1216 4882 1402 4952 Χάρης
1431 4882 1746 4953 στρατηγὸς,

204 4982 306 5035 καὶ
333 4978 637 5047 ⁸ἐπιστολὴ,
662 4977 755 5029 τοῦ
790 4976 1051 5048 προτέρου
1089 4976 1283 5046 μηνός·
1328 4974 1483 5045 εἴπερ
1524 4973 1749 5047 Ἐλαφη-
1784 5052 1785 5055 η

208 5072 399 5128 ὕολιιῖιν
425 5074 536 5125 ἐστι
566 5069 941 5149 Μουνυχιῶνος
973 5068 1249 5139 πρότερος.
1283 5087 1300 5119 ι

326 5209 445 5260 Ὅτι
472 5204 601 5287 περὶ
629 5198 1018 5271 Μουνυχιῶνα
1044 5203 1082 5271 ἡ
1114 5199 1321 5269 ἐαρινὴ
1344 5198 1631 5269 ίσημεριά.

277 5351 349 5400 Δ’.
387 5346 550 5418 Δῆλον
580 5345 635 5399 δὲ
660 5342 800 5399 τοῦτ’
833 5342 962 5394 αὐτὸ
989 5341 1081 5394 καὶ
1113 5342 1175 5393 ἐκ
1200 5339 1292 5392 τοῦ
1319 5340 1425 5391 δεῖν
1460 5340 1601 5409 μῆνα
1632 5353 1752 5391 συν.

211 5440 307 5511 εχῆ
332 5434 489 5497 εἶναι.
516 5438 642 5508 περὶ
665 5436 722 5489 ὃν
747 5432 1001 5503 ίσημερία
1025 5433 1230 5502 ὲαρινή.
1250 5431 1382 5501 Περὶ
1402 5429 1752 5499 Μουνυχιῶνα

209 5532 266 5585 δὲ
293 5530 447 5600 αὕτη.
466 5528 802 5598 Θεόφραστος
822 5524 930 5594 γὰρ
962 5526 1018 5575 ἐν
1048 5525 1160 5585 τοῖς
1188 5524 1372 5584 αὐτοῖς
1393 5521 1515 5590 περὶ
1537 5519 1750 5589 ἀροτοῦ,

213 5622 397 5691 ὥσπερ
420 5620 526 5673 ἀπὸ
547 5618 759 5688 τροπῶν
789 5612 923 5670 εἶναι
945 5628 1077 5683 φησι
1094 5612 1191 5682 τὴν
1216 5613 1386 5684 ἀρχὴν
1404 5610 1495 5668 τοῦ
1518 5610 1751 5681 πρώτου,

216 5713 303 5767 καὶ
328 5710 577 5779 δευτέρου
609 5708 714 5761 τῶν
733 5706 958 5780 ἀροτῶν,
982 5705 1054 5768 ὡς
1083 5705 1175 5755 καὶ
1198 5704 1293 5775 τὴν
1321 5703 1413 5756 τοῦ
1444 5702 1619 5773 τρίτου
1649 5703 1755 5755 ἀπὸ

220 5803 501 5877 ἰσημερίας
529 5792 751 5872 ἒαρινῆς
778 5796 915 5853 εῖναι
953 5795 1353 5866 ἐνδεικνύμενος
1373 5814 1385 5825 ·
1416 5815 1434 5847 ι
1470 5794 1631 5865 Ἀρχὴ
1660 5791 1752 5846 τοῦ

217 5896 414 5957 τρίτου,
447 5915 464 5947 ι
500 5894 681 5957 φησὶν,
717 5890 1057 5946 ιὸνηκαλοῢσι
1083 5886 1311 5955 θερινὸν,
1350 5886 1717 5946 Μουνυχιῶνος
1732 5903 1749 5913 ι·

1848 4696 2048 4750 tionem
2080 4697 2133 4749 in
2164 4696 2362 4765 populo
2396 4695 2585 4749 scitam
2619 4691 2788 4746 fuisse
2818 4691 2976 4745 tertio
3014 4688 3394 4757 Munychionis

1849 4787 1971 4843 die:
2002 4804 2188 4843 verum
2222 4795 2351 4857 quot
2379 4786 2527 4855 prius
2570 4784 2758 4839 diebus
2802 4780 3174 4851 Cersoeleptes
3219 4779 3392 4833 Thra-

1849 4882 1986 4935 ciam
2020 4879 2227 4944 amisit,
2257 4892 2416 4945 quam
2445 4877 2560 4943 ipse
2586 4876 2820 4938 ahi‘rem,
2846 4880 2906 4927 ut
2934 4880 3163 4927 testatur
3188 4868 3395 4923 Chares

1851 4972 2165 5040 imperator,
2196 4980 2247 5022 et
2277 4966 2504 5033 epistola
2525 5008 2538 5032 ,
2594 4965 2860 5035 superiori
2880 4952 3095 5017 “mense
3140 4960 3387 5031 epistola.

1848 5062 1984 5118 Nam
2016 5069 2166 5117 certe
2192 5058 2579 5129 Elaphebolion
2607 5056 2965 5127 Munychione
2995 5054 3159 5123 prior.
3195 5072 3215 5104 ι
3377 5043 3385 5049 ’

1854 5198 2007 5267 Quod
2046 5198 2187 5251 circa
2224 5193 2620 5265 Munychionem
2657 5192 2725 5246 sit
2763 5204 2972 5244 vernum
3005 5189 3389 5260 a’qm’noctium.

1922 5334 2009 5389 IV.
2050 5331 2167 5387 Jam
2202 5346 2331 5384 vero
2366 5330 2417 5383 id
2451 5330 2624 5398 ipsum
2654 5333 2867 5381 constat
2894 5342 2959 5380 ex
2984 5340 3051 5379 eo
3085 5322 3228 5393 quod
3270 5322 3395 5375 Eia.

1853 5424 2158 5495 phebolioni
2194 5438 2314 5477 eum
2347 5434 2583 5475 mensem
2614 5421 2933 5472 continuum
2960 5431 3081 5497 esse
3112 5422 3403 5483 Oporteatr

1852 5518 1997 5571 circa
2052 5528 2209 5582 quem
2259 5513 2338 5567 sit»
2377 5509 2755 5579 aequinoctium
2798 5523 3043 5562 vernum.
3096 5505 3166 5558 At
3222 5505 3396 5574 ipsum

1852 5609 1997 5662 circa
2028 5605 2577 5676 Munychionemest.
2611 5600 2744 5655 Nam
2775 5597 3180 5667 Theophrastus
3209 5595 3397 5648 eodem

1854 5714 1966 5770 quo
1990 5712 2153 5767 supra
2189 5697 2255 5751 de
2285 5700 2525 5749 semente
2556 5693 2677 5746 loco
2697 5733 2711 5757 ,
2756 5687 3204 5759 quemadmodum
3248 5684 3399 5754 prin-

1853 5791 2051 5863 cipium
2082 5787 2339 5844 sementis
2364 5785 2551 5855 prima;
2579 5791 2633 5838 et
2662 5781 2911 5838 secundae
2938 5781 3009 5834 ab
3032 5785 3262 5847 utroque
3293 5776 3400 5830 solo

1855 5884 2007 5939 stitio
2030 5894 2149 5938 esse
2181 5876 2337 5943 dicit,
2371 5876 2445 5930 ita
2475 5882 2527 5930 et
2556 5872 2722 5930 tertiac
2751 5879 2870 5942 post
2908 5880 3129 5945 vernum
3158 5864 3388 5936 aequino.
3416 5909 3421 5911 Α
