4130 6342
148 509 283 570 1181
1076 513 1423 572 ΤΠΕΟΠΟΙΠ
1461 513 1663 571 GAZ'IE
1702 513 1901 569 LIBER
1940 514 2025 569 DE
2064 513 2422 573 MENSIBUS.
3203 522 3339 578 H89
3382 526 3387 531 ’

146 627 371 681 τίκτειν.
422 627 601 681 Ταῦτα
628 628 684 681 δι
720 627 1033 698 συμϐαίνειν
1061 629 1219 692 εὐθὺς
1258 630 1363 683 ἀπὸ
1411 629 1699 701 ίσημερίας
1724 634 1773 689 Α

1724 634 1773 689 Α
1804 630 1998 683 seriem
2044 630 2293 695 intelligit
2322 650 2335 685 :
2368 631 2422 685 id
2459 630 2601 700 quod
2648 632 2856 700 singula
2888 636 3227 702 persequenti
3253 644 3337 691 est

153 719 557 791 φθινοπωρινῆς
572 722 618 773 οἱ
648 720 773 790 περὶ
793 721 1042 791 Τάραντα
1064 722 1229 785 ἁλιεῖς
1254 721 1515 789 λέγουσιν.
1539 721 1698 783 Εἰκὸς

1803 721 2175 789 perspicuum.
2209 721 2408 777 Verum
2462 723 2738 778 enimvero
2768 740 2797 779 e
2828 727 3173 779 mustelorum
3202 742 3336 795 quo-

143 811 205 863 δὲ
236 812 329 864 καὶ
347 811 423 881 τῷ
441 811 579 879 λόγῳ
596 811 734 875 ’δῶν
751 812 858 883 γὰρ
890 811 1086 882 ἰχθύων
1112 813 1277 880 ὀλίγοι
1298 812 1537 865 τίκτουσι
1569 828 1698 883 μετέ

1794 823 1900 877 que
1933 824 2127 877 genere
2149 812 2419 869 stellarem
2462 812 2663 865 coitum
2712 813 2848 867 inire
2888 813 3331 881 Mamacterione,

144 902 482 973 οπῶρου,ὠς
509 903 602 955 καὶ
630 898 1339 974 Αριστοτέληςίστορεῖ,οἷον
1353 904 1550 973 σάλπη,
1567 920 1695 974 σαρ-

1793 907 1845 951 et
1875 899 1957 951 bis
1990 916 2172 955 mense
2201 913 2405 969 partum
2430 904 2709 957 absolvere
2740 905 2887 959 dicit.
2918 904 2973 959 Id
3001 914 3177 960 autem
3205 922 3334 961 con-

144 992 267 1061 γὸς,
286 994 377 1047 καὶ
392 996 489 1047 ὃσα
505 994 635 1048 ἀλλα
656 993 895 1048 τοιαῦτα·
916 995 1007 1047 καὶ
1023 994 1214 1065 νάρκη,
1230 997 1320 1048 καὶ
1338 997 1479 1066 ῥίνη,
1507 997 1694 1069 μικρὸν

1794 990 2003 1059 tingere
2039 992 2105 1064 ab
2132 994 2426 1045 autumnali
2451 995 2796 1062 aequinoctio,
2825 998 3121 1065 piscatores
3135 998 3175 1051 Τ
3182 1014 3336 1052 aren-

142 1084 256 1154 πρὸ
276 1085 556 1156 ἰσημερίας
586 1085 685 1154 τῆς
702 1085 1111 1156 φθινοπωρινῆς.
1130 1086 1192 1137 Εἰ
1210 1086 1265 1139 δὲ
1292 1088 1543 1157 ἀστερίας
1558 1090 1694 1141 Μαι-

1793 1082 1891 1134 tini
1946 1092 2273 1136 asseverant.
2328 1082 2482 1159 Quod
2538 1092 2591 1138 et
2635 1086 2834 1138 rationi
2886 1095 3328 1149 consentaneum,

146 1176 525 1246 μακτηριῶνος
554 1172 745 1238 τίκτει,
774 1176 917 1239 εἰκὸς
949 1177 1037 1229 τὸν
1074 1179 1216 1248 μῆνα
1244 1179 1428 1232 τοῦτον
1454 1181 1527 1249 μὴ
1558 1177 1693 1235 εἶναι

1790 1187 1915 1224 cum
1940 1172 2167 1247 piscium
2188 1176 2344 1242 pauci
2370 1186 2624 1235 autumno
2646 1176 2877 1244 pariant,
2904 1184 2963 1230 ut
2984 1170 3123 1232 idem
3147 1189 3333 1233 auctor

141 1264 395 1335 δεύτερον
426 1265 531 1318 ἀπὸ
552 1267 649 1336 τῆς
678 1268 981 1337 ἰσημερίας,
1019 1268 1151 1321 ἀλλά
1180 1270 1420 1342 πρῶτον·
1456 1272 1692 1342 καὶπερὶ

1790 1262 1875 1315 est
1908 1264 2244 1329 Aristoteles,
2294 1273 2350 1317 ut
2388 1266 2555 1333 salpa,
2612 1281 2819 1335 sargus,
2847 1274 2899 1320 et
2921 1267 2972 1319 id
3003 1284 3173 1337 genus
3205 1270 3328 1334 alia,

145 1350 436 1425 ίτημερίαν
462 1354 525 1425 δὴ
552 1355 773 1414 τίκτειν,
800 1356 892 1408 καὶ
924 1358 1177 1429 ἁστερίαν
1226 1357 1333 1426 τῶν
1382 1357 1692 1428 σελαχώῶν

1790 1358 1843 1403 ct
1888 1353 2129 1420 torpedo,
2172 1364 2223 1405 et
2264 1354 2514 1421 squatina
2561 1355 2833 1421 paululum
2864 1362 2987 1411 ante
3024 1360 3331 1413 autumnale

139 1441 294 1505 ὄντα,
318 1445 411 1496 καὶ
442 1446 672 1514 ὁμογενῆ
696 1448 761 1515 τῇ
792 1446 967 1520 νάρκῃ
986 1448 1079 1499 καὶ
1106 1448 1244 1521 ῥίνῃ.
1292 1450 1564 1519 Ίσημερία
1595 1451 1691 1519 μὲν

1788 1442 2186 1509 aequinoctium.
2214 1441 2365 1506 Quod
2394 1441 2437 1495 si
2457 1443 2685 1497 stellaris
2711 1443 3132 1501 Mamacterione
3164 1450 3325 1515 parit,

138 1529 239 1585 οὖν
287 1533 372 1593 διὰ
414 1535 583 1588 ταῦτα
636 1538 760 1608 περὶ
790 1539 1285 1611 Μαιμακτηριῶνα·
1322 1544 1413 1595 καὶ
1439 1542 1562 1611 ἑξῆς
1606 1532 1690 1596 ὅδὲ

1788 1540 2210 1585 consentaneum
2254 1542 2335 1587 εει
2365 1532 2507 1585 hunc
2542 1549 2778 1587 mensem
2812 1551 2918 1589 non
2948 1552 3069 1592 esse
3103 1538 3361 1593 alterum'

140 1624 484 1695 Βοηδρομιὼν
506 1629 637 1680 ἐστι.
662 1629 971 1697 Πυανεψιὼν
988 1631 1043 1683 δὲ
1076 1633 1209 1701 μετὰ
1226 1634 1690 1705 Μαιμακτηριῶνα

1789 1625 1858 1678 ab
1919 1625 2269 1692 acquinoctio,
2316 1615 2411 1679 sed
2466 1634 2611 1679 certe
2657 1628 2913 1695 primum,
2960 1639 3015 1682 et
3059 1632 3327 1686 stellarem

138 1715 323 1778 εὐθύς.
358 1717 499 1770 res:
529 1719 714 1787 πιστὸν
754 1721 847 1773 καὶ
888 1721 1037 1792 παρά
1070 1721 1406 1793 Πλουτάρχου
1440 1725 1685 1794 ληπτέον,

1789 1729 2000 1783 quoque
2034 1716 2174 1769 circa
2206 1716 2580 1783 mquinoctium
2612 1732 2816 1784 parere,
2849 1719 3061 1785 generis
3092 1737 3212 1774 cum
3255 1725 3325 1776 sit

138 1807 385 1874 λέγοντος
412 1809 469 1861 ὲν
488 1810 564 1881 τῷ
580 1810 797 1880 Θησέως
821 1812 918 1881 βίῳ
943 1815 1092 1879 ἄγειν
1124 1814 1433 1883 Ἀθηναίους
1460 1817 1556 1886 τὴν
1582 1818 1688 1870 τῶν

1787 1804 2140 1873 cartilaginei,
2160 1814 2212 1859 et
2234 1805 2494 1873 ejusdem,
2520 1808 2673 1876 cujus
2712 1811 2925 1863 testudo
2954 1817 3008 1863 et
3048 1816 3320 1880 squatina.

152 1898 507 1972 Ὄσχοφορίων
536 1902 725 1975 ἑορτὴν
756 1903 1149 1973 Πυανεψιῶνος,
1182 1907 1400 1975 Θησέως
1422 1910 1689 1979 καταστή-
1718 1957 1769 1979 η

1686 1940 1689 1947 .
1718 1957 1769 1979 η
1788 1894 1864 1948 Ex
1908 1896 1993 1949 his
2040 1896 2222 1965 itaque
2252 1898 2397 1950 circa
2428 1896 2908 1954 Maemacterionem
2936 1904 3317 1970 aequinoctium

138 2004 331 2051 σαντος
351 2007 364 2019 ·
382 1957 581 2063 ’φέρειν
597 1957 692 2046 1ῗιτε.
712 1996 835 2058 τοὺς
874 1957 1083 2064 ὅσὲους,
1113 1997 1194 2048 ὅτι
1216 1957 1685 2070 συγκομιζομένης
1718 1957 1769 2010 Β.

1718 1957 1889 2049 Best,
1923 1996 1975 2040 et
2004 1990 2294 2042 continuus
2326 1987 2700 2043 Boedromioni
2745 1990 3157 2048 Maemacterion.
3190 1994 3326 2065 Pya-

135 2078 355 2150 ὀπώρας
384 2083 617 2153 ἐπανῆκε
637 2084 841 2155 Θησεὺς
867 2088 1001 2155 μετὰ
1020 2087 1125 2139 τῶν
1139 2088 1331 2157 ηῖθέων
1356 2090 1418 2141 ὲκ
1444 2089 1681 2159 Κρήτης,

1786 2084 2009 2149 nepsion
2039 2091 2216 2137 autem
2241 2087 2487 2150 protinus
2505 2099 2532 2135 a
2558 2084 2986 2140 Maemacterioue
3014 2095 3113 2149 est,
3140 2089 3324 2142 iidem-

136 2171 506 2241 Πυανεψιῶνος
543 2175 698 2246 ὀγδόῃ
758 2178 1059 2247 ἱσταμένου.
1092 2179 1257 2246 Δῆλον
1285 2180 1410 2251 γὰρ,
1448 2179 1527 2232 ὅτι
1575 2182 1681 2249 ἁμ-

1783 2189 1886 2242 que
1909 2172 2105 2226 faciant
2121 2172 2391 2227 Plutarchi
2408 2174 2588 2236 verba,
2609 2175 2662 2227 in
2690 2175 2880 2229 Theseo
2897 2176 3145 2244 dicentis,
3167 2180 3323 2234 Athe-

131 2262 361 2331 πελικῆς
417 2263 633 2335 ὀπώρας
661 2268 694 2336 ἡ
728 2267 917 2337 κομιδὴ
954 2263 1041 2339 ἦν.
1083 2270 1144 2321 Ἠ
1182 2268 1237 2320 δὲ
1261 2269 1539 2339 ὀψιαιτέρα
1566 2272 1681 2338 μετ’

1781 2266 1995 2319 nienses
2018 2262 2384 2333 Pyanepsnone
2416 2264 2701 2317 Ramorum
2746 2266 2885 2319 diem
2927 2263 3120 2321 festum
3164 2282 3321 2336 agere

147 2352 501 2425 Ἀρκτοῦρον·
527 2354 560 2425 ἢ
592 2357 671 2419 είς
704 2357 883 2427 τρίτον
927 2359 1067 2428 μῆνα
1095 2361 1193 2412 οὐκ
1214 2359 1278 2413 ἂν
1313 2360 1517 2427 γένοιτο
1555 2362 1682 2432 περὶ

1781 2354 1834 2407 in
1870 2355 2175 2408 memoriam
2216 2354 2372 2423 158
2411 2353 2600 2407 Thesei
2637 2364 2747 2407 tum
2780 2372 2809 2408 e
2840 2358 2996 2411 Creta
3026 2374 3145 2411 cum
3169 2358 3319 2427 jure-

145 2440 414 2515 ’Δττικήν.
473 2446 665 2517 Τρίτος
697 2448 739 2500 δ’
770 2449 897 2518 ἡμῖν
946 2448 1259 2517 Πυανεψιὼν
1302 2449 1408 2503 ἀπὸ
1450 2451 1678 2521 Βοηδρο-

1780 2447 1943 2499 nibus
1977 2446 2194 2499 reducis
2231 2446 2386 2510 facti;
2424 2455 2477 2498 et
2520 2462 2697 2499 ramos
2738 2456 2973 2516 gestare,
3009 2452 3152 2519 quod
3203 2458 3317 2503 tum

131 2536 351 2605 μιῶνος,
403 2539 496 2591 κα)⁹
543 2539 657 2607 μετ’
699 2539 1041 2624 Ἀρξιτοῦρον.
1090 2541 1249 2594 Ἀλλὰ
1284 2542 1389 2613 μὴν
1422 2545 1513 2595 καὶ
1551 2544 1679 2597 Θεό·
1714 2576 1717 2577 ν

1714 2576 1717 2577 ν
1780 2538 2022 2598 redierit,
2060 2553 2182 2590 cum
2220 2538 2431 2591 fructus
2473 2540 2777 2607 legerentur
2818 2542 2905 2595 die
2949 2552 3140 2597 octavo
3185 2544 3318 2615 Pya-

130 2644 369 2699 φραστος
394 2632 449 2681 ὲν
480 2633 589 2693 τοῖς
616 2632 795 2695 αὐτοῖς
823 2632 945 2702 περὶ
977 2634 1156 2701 φυτῶν
1206 2635 1401 2704 ἱστορεῖ
1438 2635 1677 2705 κόμαρον

1780 2628 2076 2695 nepsionis.
2115 2628 2341 2681 Constat
2372 2629 2512 2681 enim
2557 2629 2723 2683 fuisse
2750 2631 3035 2686 vindemia:
3070 2644 3315 2702 tempus:

128 2718 311 2773 ἀνθεῖν
366 2720 757 2789 Πυανεψιῶνος.
823 2723 1042 2793 Ὀρᾶται
1096 2723 1151 2776 δὲ
1193 2723 1351 2775 τοῦτο
1400 2724 1676 2792 γινόμενον

1776 2734 1895 2787 qum
1920 2720 1975 2770 in
2019 2719 2196 2771 Attica
2227 2734 2563 2787 nequaquam
2621 2722 2709 2774 fiat
2753 2718 2927 2776 serior
2957 2725 3023 2777 ab
3063 2727 3316 2789 Arcturo,

132 2808 263 2881 περὶ
326 2808 590 2880 Ἀττικὴν,
647 2812 739 2864 καὶ
792 2813 888 2879 τὰς
932 2812 1119 2883 ὁμοίας
1146 2815 1243 2885 τὴν
1274 2815 1464 2883 κρᾶσιν
1498 2814 1676 2885 χώρας

1778 2827 1936 2879 quam
1965 2812 2123 2864 tertio
2151 2825 2357 2864 mense.
2396 2810 2610 2863 Tertius
2652 2829 2779 2865 vero
2818 2815 2975 2868 nobis
3007 2824 3088 2869 est
3117 2831 3145 2867 a
3188 2817 3316 2871 Boc-

126 2900 366 2972 δευτέρῳ
412 2902 539 2973 μηνὶ
598 2904 693 2956 ἀπ’
742 2903 1027 2975 ἰσημερίας
1052 2902 1479 2975 φθινοπωρινῆςσ
1513 2905 1676 2975 τρίτῳ

1777 2902 2078 2965 dromioue,
2113 2904 2255 2956 etab
2294 2902 2522 2979 Arcturo
2564 2901 2919 2971 Pyanepsion.
2953 2906 3109 2974 Atqui
3154 2898 3343 2960 ctianr

122 2990 173 3045 δ’
216 2993 511 3060 ἀπανθεῖν,
564 2995 657 3046 καὶ
697 2994 757 3047 τὸ
810 2995 1138 3065 μεμαίκυλον
1186 2996 1284 3065 ῆδη
1325 2996 1676 3073 ἁὸρυνόμενον

1778 2994 2177 3062 TbeOpbrastus
2210 2994 2260 3045 in
2306 2992 2492 3045 iisdem
2530 2994 2679 3047 libris
2738 2995 2802 3047 de
2841 2995 3057 3063 plantis,
3110 2995 3307 3066 Pyaue-
3358 3038 3362 3042 .

129 3082 318 3153 ῐσχειν.
367 3085 735 3154 Πυανεψιῶνος
778 3086 833 3139 δὲ
876 3087 967 3139 καὶ
996 3088 1092 3155 τὴν
1121 3088 1178 3139 ὲν
1202 3087 1458 3157 Αἰγύπτῳ
1480 3105 1677 3141 κοκκυ-

1776 3085 1963 3151 psione
2020 3083 2269 3135 arbutum
2315 3082 2505 3134 florere
2562 3084 2782 3151 scribit;
2835 3085 2981 3152 quod
3036 3085 3089 3139 in
3142 3086 3312 3140 Attica

128 3176 334 3248 μηλέαν
392 3178 568 3233 ἀνθεῖν
610 3196 739 3249 φησι
766 3194 779 3205 ·
811 3179 966 3231 τοῦτο
1002 3179 1057 3231 δὲ
1106 3180 1230 3250 περὶ
1254 3179 1501 3249 δεύτερον
1534 3181 1677 3247 γίνε-
1746 3236 1751 3240 ,

1746 3236 1751 3240 δ
1776 3175 2134 3243 conspicitur,
2168 3183 2220 3227 et
2250 3174 2441 3226 similis
2468 3175 2744 3243 temperiei
2774 3176 3104 3244 regionibus,
3135 3194 3312 3234 mense

126 3270 252 3324 σθαι
289 3270 427 3340 μῆνα
474 3272 580 3324 ἀπὸ
627 3264 909 3341 ἰσημερίας
958 3271 1237 3337 Αἰγύπτιοι
1276 3270 1509 3338 λέγουσι.
1566 3271 1744 3366 Κοιὶο

1699 3269 1843 3366 cab
1905 3268 2202 3320 autumnali
2262 3268 2588 3335 aequinoctio
2648 3268 2919 3335 secundo;
2974 3270 3133 3323 tertio
3190 3287 3311 3325 vero

122 3361 299 3425 ἄλλως
338 3361 393 3415 δὲ
442 3360 640 3425 δόξειεν
694 3362 759 3415 ἂν
814 3364 1237 3433 ἀμφισόητοῦντι
1296 3364 1523 3433 μάλιστα
1566 3364 1673 3415 τῶν
1707 3358 1743 3366 ⁷

1707 3358 1743 3366 “
1772 3358 2051 3422 deﬂorere,
2078 3367 2130 3412 et
2175 3360 2285 3426 jam
2331 3360 2628 3412 crescentia
2687 3360 2876 3423 arbuta
2929 3361 3142 3413 habere.
3178 3360 3308 3431 Pya-

123 3451 299 3505 ἄλλων
326 3453 573 3506 ἁπάντων
592 3453 774 3523 μηνῶν
800 3454 828 3505 ὁ
854 3452 1166 3523 Πυανεψιὼν
1189 3455 1346 3519 εὐθὺς
1365 3451 1499 3507 εἶναι
1536 3454 1673 3525 μετὰ

1770 3450 2028 3517 nepsione
2077 3464 2291 3518 quoque
2325 3450 2374 3501 in
2413 3448 2643 3519 [Egypto
2670 3466 2898 3518 prunum
2925 3449 3113 3504 florere
3138 3452 3267 3504 dicit
3296 3470 3308 3506 :

124 3542 520 3613 Βοηδρομιῶνα,
550 3545 601 3596 εί
622 3561 683 3612 γε
705 3547 829 3615 περὶ
851 3546 1007 3598 αὐτὸν
1037 3548 1069 3616 ἡ
1093 3547 1285 3617 κομιδὴ
1314 3548 1407 3616 τῆς
1432 3546 1667 3617 ὀπώρας,

1769 3557 1952 3593 verum
2018 3542 2069 3595 id
2128 3541 2241 3595 fieri
2308 3542 2547 3595 secundo
2619 3557 2801 3595 mense
2864 3542 2931 3595 ab
2993 3543 3307 3609 mquinoctio

121 3635 198 3695 ὼς
246 3632 582 3703 Πλούταρχος
630 3634 749 3703 ἔφη.
779 3636 892 3689 Οὐκ
931 3636 1160 3689 ἕστιδέ⁸
1206 3637 1671 3707 Μαιμακτηριῶνα

1769 3629 2003 3700 [Egyptii
2058 3640 2391 3685 asseverant.
2446 3637 2513 3683 At
2565 3633 2817 3699 cuiquam
2869 3633 3095 3686 fortasse
3130 3633 3194 3687 de
3224 3633 3307 3687 his

119 3720 231 3793 γὰρ
257 3717 392 3773 εἶναι
416 3721 785 3775 ἀποδέδεικται
812 3722 896 3793 δή.
934 3723 991 3775 '0
1018 3725 1121 3793 ἄρα
1148 3724 1261 3794 μετ’
1290 3726 1489 3776 ἐκεῖνον
1512 3725 1668 3787 εὐθὺς

1767 3722 2056 3789 ambigenti
2118 3723 2282 3774 videri
2332 3724 2501 3790 possit
2549 3712 2885 3792 Pyanepsion
2931 3722 3304 3779 Boedromioni

116 3812 191 3868 ὅδ’
236 3814 398 3869 ἐστίν.
436 3814 700 3879 ’Υστατος
731 3815 785 3868 δὲ
813 3815 890 3885 τῷ
910 3816 1191 3885 καταλόγῳ
1218 3816 1349 3885 τῷδε
1380 3819 1530 3885 ἡμῖν.
1554 3819 1667 3869 Ἀν-

1764 3813 2005 3866 omnium
2055 3811 2347 3881 proximus,
2405 3812 2449 3864 si
2507 3826 2571 3864 eo
2616 3813 2800 3865 mense
2856 3812 3013 3867 ﬁebat
3063 3815 3305 3867 autumni

116 3905 416 3977 θεστηριών
433 3922 446 3935 ’
476 3906 552 3977 τῷ
572 3907 679 3978 γάρ
703 3908 1102 3977 ὑπολειπομένῳ
1118 3906 1215 3977 τὴν
1240 3907 1423 3978 λοιπὴν
1450 3908 1663 3961 ἀπονεῖ-

1764 3903 2034 3959 fructuum
2086 3903 2463 3971 comportatio,
2512 3909 2571 3956 ut
2617 3903 2939 3957 Plutarchus
2990 3904 3181 3973 inquit.
3237 3908 3305 3959 At

119 4013 219 4067 μαι
244 3996 425 4068 χώραν
461 3998 524 4068 δὴ
564 4000 873 4064 ἀναγκαῖον.
908 4000 1016 4052 Καὶ
1048 3998 1227 4061 πίστις
1263 4000 1416 4069 ἱκανὴ
1440 4000 1572 4062 τέως
1599 4018 1661 4068 γε

1763 4011 1867 4049 non
1917 3996 2004 4049 ita.
2030 4001 2133 4058 est,
2186 4010 2308 4048 cum
2368 3994 2847 4048 Maemacterionem
2896 3996 3151 4048 continuo
3185 4010 3304 4050 esse

113 4088 274 4141 τοῦτο
326 4087 390 4142 ἂν
436 4087 543 4159 εἴη.
571 4092 720 4159 Ἅμα
766 4088 828 4161 δὴ
870 4089 1049 4159 δῆλον,
1084 4089 1175 4141 καὶ
1207 4090 1285 4141 ὅτι
1322 4091 1448 4159 περὶ
1476 4092 1663 4143 Ποσει-

1761 4086 2185 4139 demonstratum
2218 4085 2304 4139 sit.
2330 4084 2741 4163 Manuacterioni
2782 4086 2942 4153 igitur
2970 4084 3301 4154 Pyauepsion

110 4177 285 4231 δεῶνα
312 4179 366 4231 αἱ
392 4181 693 4250 χειμεριναὶ
719 4180 914 4249 τροπαὶ
953 4178 1355 4258 ἀκριϐέστερον,
1382 4180 1515 4247 ὅπερ
1542 4180 1659 4231 κατ’

1760 4178 2064 4247 contiguus.
2122 4176 2356 4231 Ultimus
2405 4175 2559 4230 nobis
2606 4176 2707 4228 hac
2763 4176 3162 4231 enumeratione
3218 4186 3301 4231 est

111 4270 285 4341 ἀρχὰς
336 4270 667 4339 ἀπελίπομεν
704 4272 817 4333 τοῖς
864 4270 1126 4340 ὑστέροις.
1162 4270 1422 4339 Ἕϐδομος
1448 4273 1552 4341 γὰρ
1576 4271 1658 4323 ὅδε

1758 4269 2177 4332 Antbesterion;
2223 4269 2431 4336 reliquo
2480 4268 2620 4321 enim
2672 4267 2849 4321 sedem
2896 4284 3035 4329 eam,
3066 4284 3184 4336 qua:
3210 4283 3301 4324 su-

110 4362 219 4414 ἀπὸ
258 4360 720 4433 Ἐκατομὸαιῶνος
749 4360 841 4413 καὶ
860 4361 1075 4431 τροπῶν
1098 4360 1338 4432 Θερινῶν.
1374 4360 1657 4429 Φιλόστρα-

1761 4371 1938 4430 perest
1979 4360 2174 4412 ascribi
2206 4368 2435 4427 oportet.
2468 4358 2527 4411 Et
2550 4359 2661 4411 haec
2700 4359 2912 4427 quidem
2940 4361 3151 4414 interim
3175 4377 3299 4429 pro-

61 4515 69 4527 O
108 4469 199 4514 τος
220 4449 276 4503 δὲ
299 4452 550 4522 πάμπολυ
595 4451 862 4520 διέστηκε,
911 4449 1145 4520 φάμενος
1191 4450 1487 4519 Ἀθηναίοις
1518 4451 1661 4519 νόμι-

1758 4452 1904 4504 batio
1954 4450 2206 4505 sufficiat.
2269 4449 2441 4503 Simul
2496 4465 2623 4503 vero
2678 4458 2907 4513 constat,
2954 4451 3100 4503 circa
3145 4450 3298 4504 Posi-

111 4558 210 4611 μον
237 4536 373 4593 εἶναι
404 4544 526 4603 τοὺς
548 4541 739 4602 παῖδας
757 4542 982 4611 τριετεῖς
1012 4540 1331 4609 γενομένους
1366 4540 1655 4608 στεφανοῦ-

1757 4540 1979 4593 deonem
2038 4539 2285 4592 brumam
2346 4554 2484 4600 esse,
2541 4538 2701 4605 idque
2748 4539 2957 4591 ratione
3009 4540 3292 4602 exactiore,

109 4632 230 4685 σθαι
258 4631 363 4683 τῶν
396 4631 597 4684 ἀνθέων
629 4631 795 4700 μηνὸς
844 4629 1307 4701 Ἀνθεστηριῶνος.
1343 4631 1509 4699 Δῆλος
1548 4632 1653 4700 γάρ
1685 4630 1728 4682 D

1685 4630 1728 4682 D
1756 4630 1898 4700 quod
1929 4645 1956 4682 a
1990 4630 2255 4699 principio
2279 4630 2563 4697 rejecimus
2592 4630 2653 4681 ad
2683 4622 2999 4697 posteriora.
3026 4628 3293 4696 Septimus

106 4725 251 4775 ἐστιν
278 4722 484 4790 ὲαρινὸν
511 4721 656 4773 τόνδε
693 4720 832 4790 μῆνα
861 4719 1225 4789 καταριθμῶν.
1262 4722 1324 4772 Εἰ
1360 4721 1454 4789 μὲν
1474 4717 1575 4772 οὖν
1601 4722 1649 4773 ot

1756 4734 1985 4787 namque
2019 4726 2100 4772 est
2129 4718 2667 4772 ab’IIecatombxone
2724 4719 3017 4787 aestivoque
3042 4717 3288 4772 solstitio.

104 4813 191 4865 ἐπ’
239 4811 399 4864 αὐτοῦ
453 4811 739 4881 Ἀθηναῖοι,
784 4810 1006 4881 τὴντῶν
1028 4811 1303 4881 προγόνων
1344 4812 1470 4882 περὶ
1526 4816 1648 4877 τοὺς

1757 4810 1861 4864 Sed
1911 4808 2271 4863 Philostratus
2322 4810 2476 4877 longe
2529 4811 2580 4861 in
2644 4810 2747 4861 alia
2797 4811 2944 4863 stetit
3004 4808 3289 4870 sententia,

107 4902 533 4980 μῆναςσύνταξιν
550 4903 967 4967 ὑπαλλάξαντες,
994 4904 1162 4966 ἄλλως
1178 4904 1427 4975 ἐχρῶντο,
1456 4905 1647 4973 ἀληθὲς

1754 4903 1943 4957 dicens
1971 4902 2391 4955 Atheniensibus
2421 4916 2621 4954 morem
2658 4898 2827 4954 fuisse
2858 4914 3053 4968 pueros
3099 4900 3291 4953 trimos

102 4994 389 5061 ἀντιλέγοι·
454 4992 591 5063 πλὴν
641 4996 799 5063 ἡμῖν,
850 4995 945 5063 οὐχ
974 4996 1001 5046 ὃ
1030 5012 1079 5047 τι
1108 4996 1155 5046 oi
1182 4994 1272 5046 ἐπὶ
1293 4994 1644 5065 Φιλοστράτου

1752 4993 1974 5048 floribus
2022 4992 2295 5054 coronari,
2344 5007 2529 5045 mense
2576 4990 3003 5045 Anthesterionc.
3037 4989 3087 5043 Is
3122 4990 3287 5051 enim,
3358 5032 3362 5037 .

112 5085 377 5156 Ἀθηναῖοι
401 5082 551 5157 ἦγον,
586 5087 836 5155 ἐπιμελὲς
873 5087 1069 5140 εἰδέναι
1091 5105 1145 5139 τε
1183 5087 1272 5140 καὶ
1306 5087 1505 5149 λαϐεῖν,
1531 5089 1644 5142 ἀλλ’

1752 5089 1808 5133 ut
1840 5086 2079 5147 apparet,
2123 5078 2269 5130 hunc
2300 5091 2537 5129 mensem
2564 5081 2745 5143 aperte
2780 5074 2919 5125 inter
2942 5088 3135 5127 vernos
3157 5089 3288 5127 enu-

98 5176 195 5229 ὃτι
223 5178 379 5229 οίὲπ¹
415 5175 809 5248 Ἀριστοτέλους
864 5178 955 5228 καὶ
1001 5176 1358 5246 Θεοφράστου.
1395 5175 1456 5227 Et
1498 5174 1551 5225 δὲ
1580 5176 1641 5247 δὴ

1750 5179 1941 5225 Inerat.
1997 5168 2054 5221 Si
2083 5169 2245 5237 igitur
2288 5166 2603 5221 Philostrati
2650 5165 2904 5232 aequales,
2936 5163 3283 5218 Athenienses

94 5268 154 5319 τὸ
185 5268 283 5335 μὲν
322 5268 447 5337 περὶ
479 5270 604 5330 τοὺς
654 5266 847 5329 παῖδας
890 5268 1047 5331 αὐτὸς
1108 5268 1375 5335 λογοποιεῖ
1426 5284 1486 5318 τε
1550 5268 1641 5321 καὶ

1747 5266 1887 5331 dico,
1938 5262 2213 5315 mensibus
2256 5262 2408 5313 aliter
2452 5258 2758 5318 utebantur,
2793 5256 3131 5324 ac'ipsorum
3167 5268 3279 5306 ma-

97 5358 405 5429 πλάττεται,
433 5358 506 5422 ὡς
532 5360 624 5411 καὶ
656 5357 788 5412 ἄλλα
814 5357 1001 5419 πολλὰ,
1038 5360 1290 5427 σοφιστὴς
1312 5357 1384 5409 ῶν
1414 5374 1425 5385 ·
1476 5359 1563 5410 τὸν
1584 5359 1638 5410 δὲ

1740 5355 1906 5423 jores.
1931 5366 2118 5405 eorum
2152 5350 2359 5405 scilicet
2388 5348 2574 5401 ordine
2603 5346 2837 5407 turbato,
2864 5359 3044 5399 verum
3077 5343 3277 5412 aliquid

98 5445 236 5516 μῆνα
268 5446 373 5498 ἀπὸ
417 5445 523 5498 τῶν
560 5447 761 5499 ἀνθέων
795 5448 1131 5515 ἐτυμολογῶν
1169 5448 1459 5516 ὑπείληφεν
1488 5449 1634 5518 ἐαρι-

1744 5448 1966 5500 diceret.
2003 5442 2237 5496 Tametsi
2291 5440 2443 5494 nobis
2492 5453 2637 5491 cura:
2674 5454 2779 5491 non
2820 5444 2922 5497 est,
2956 5440 3276 5504 Cognoscere

95 5538 179 5590 ν²›ν
207 5538 345 5590 εἶναι
367 5554 379 5564 ·
403 5536 543 5591 οὕτω
599 5541 654 5591 δὲ
674 5541 777 5600 ,καὶ
806 5539 980 5609 πολλῷ
1007 5539 1201 5608 μᾶλλον
1232 5542 1634 5608 εὐκαταφρονη-

1741 5538 1868 5608 quid
1896 5534 2209 5588 Philostrati
2242 5542 2482 5599 tempore
2526 5537 2745 5599 agerent
2779 5527 3150 5583 Athenienses.
3184 5524 3274 5576 sed

94 5627 283 5700 ’ποτερα
309 5629 376 5681 τά
410 5630 527 5683 κατ’
580 5632 739 5683 αὐτὸν
792 5630 1015 5698 γίνεται.
1050 5630 1181 5683 Οὐδὲ
1223 5631 1326 5701 γὰρ
1351 5630 1413 5699 δὴ
1439 5629 1507 5681 τὰ
1535 5628 1633 5698 τῆς

1740 5628 1866 5699 quid
1896 5624 2196 5680 Aristotelis
2246 5633 2297 5678 et
2340 5619 2717 5692 TheOphrasti.
2746 5618 2883 5682 Quid
2923 5631 3047 5670 vero
3092 5616 3133 5668 si
3176 5615 3275 5666 hoc

94 5719 439 5792 ἐτυμολογίας
472 5719 807 5793 πιθανώτερα
833 5722 939 5775 ἀπὸ
972 5725 1066 5791 τῆς
1099 5720 1262 5786 ἕξεως
1291 5721 1394 5773 τῶν
1429 5718 1631 5772 ἀνθέων

1746 5734 1957 5789 quoque
2000 5718 2067 5771 de
2096 5716 2277 5785 pueris
2304 5712 2750 5773 comminiscitur,
2784 5717 2839 5763 ut
2868 5709 3117 5779 pleraque
3147 5704 3269 5763 alia,

92 5808 129 5881 ἢ
160 5811 265 5864 ἀπὸ
291 5811 388 5879 τῆς
422 5812 721 5883 στερήσεως
768 5813 992 5881 φαίνοιτ’
1040 5814 1122 5865 ἄν.
1159 5813 1275 5864 Ὅτι
1314 5810 1418 5881 γὰρ
1453 5810 1630 5879 στέρε-

1738 5828 1801 5866 ex
1844 5810 1910 5863 iis
1933 5824 2091 5871 unus,
2126 5821 2261 5876 quos
2313 5804 2583 5872 sophistas
2625 5800 2839 5853 dixere:
2870 5808 3096 5864 eumque
3124 5809 3269 5846 men-

97 5898 210 5953 σθαι
269 5903 371 5955 πει-ε
427 5896 630 5956 ἀνθέων
683 5903 965 5972 συμϐαίνει
1002 5904 1097 5973 τὴν
1139 5902 1303 5973 ῶραν,
1352 5902 1629 5969 Ἀνθεστη-

1741 5917 1851 5958 sem
1887 5912 2111 5956 vernum
2148 5912 2267 5951 esse
2314 5896 2503 5959 credit,
2539 5910 2565 5946 a
2602 5892 2821 5946 floribus
2851 5890 3009 5943 ducta
3039 5884 3268 5941 nominis
