4124 6320
220 393 370 449 ’1185

1082 406 1085 409 ⁷
1138 394 1482 449 THEODCRI
1522 397 1723 452 GAZJE
1765 396 1964 453 [ABER
2005 398 2090 454 DE
2116 399 2492 457 ,MENSIBUS.

3292 409 3431 464 “86

236 520 335 558 σαν
366 503 630 569 σύνταξιν.
669 504 744 575 τῷ
774 505 859 558 ἀεὶ
887 506 1089 560 ἐπιόντι
1124 508 1231 560 τῶν
1263 509 1579 580 Ῥωμαϊκῶν
1611 514 1779 580 ἐφαρο

1889 509 2231 567 bus-Junium
2266 529 2385 569 esse
2420 502 2920 570 ilecatombaaonem
2948 556 2962 581 ,
2999 516 3109 586 jam
3142 520 3322 576 nullus
3349 532 3432 576 est

234 593 464 664 μόττων,
494 597 586 648 καὶ
613 597 745 665 πρὸς
772 596 869 658 τὰς
910 596 1056 666 ὥρας
1086 596 1177 649 τοῦ
1209 599 1449 652 ἐνιαυτοῦ
1478 600 1782 669 συμφωνῶν

234 686 481 758 ὑπάρξει.
520 687 833 758 Ἀπορήσειε
876 686 919 739 δ’
952 689 1016 743 ἄν
1048 706 1149 752 τις,
1203 691 1255 742 ετ
1296 707 1359 758 γε
1397 692 1521 753 τοὺς
1564 692 1782 761 χρόνους

244 778 515 848 Ἀθηναῖοι
541 773 674 847 ἦγον
714 778 855 831 κατὰ
892 779 988 849 τὴν
1037 780 1264 852 σελήνης
1303 762 1491 851 φορὰν,
1531 782 1783 852 Ῥωμαῖοι

196 908 199 910 -
230 870 292 923 δὲ
326 869 466 923 κατὰ
500 869 597 943 τὴν
625 870 773 938 ἡλίου
800 870 1116 939 λογίζονται,
1160 872 1275 935 πῶς
1305 874 1371 926 ἂν
1408 875 1454 927 οἱ
1482 874 1587 927 τῶν
1630 874 1786 943 Ἀθηο

233 963 400 1016 ναίων
426 960 809 1032 ἐφαρμόζοιντο
835 966 944 1027 τοῖς
980 965 1075 1034 μὲν
1111 964 1390 1034 Ῥωμαίων
1426 967 1610 1035 μησὶν,
1646 965 1783 1018 ὥστε

231 1056 332 1108 καὶ
371 1055 684 1125 ἀπαρτίζειν
726 1055 834 1119 ἀεὶ,
875 1058 968 1109 καὶ
1016 1055 1227 1108 Ἰούνιον
1263 1058 1358 1125 μὲν
1397 1058 1486 1110 τὸν
1525 1059 1787 1128 Ἑκατομ-

231 1147 460 1213 ϐαιῶνα,
509 1147 721 1200 Ἰούλιον
763 1147 820 1201 δὲ
862 1148 952 1202 τὸν
992 1149 1424 1215 Μεταγειτνιῶνα
1472 1150 1787 1221 ἑρμηνεύειν

229 1238 409 1309 ὀρθῶς
432 1255 447 1271 ·
476 1238 730 1302 ὡσαύτως
760 1239 817 1291 δὲ
848 1240 939 1293 καὶ
962 1239 1053 1291 ἐπὶ
1078 1238 1186 1292 τῶν
1214 1240 1403 1296 ἄλλων.
1432 1243 1506 1295 Ού
1541 1243 1647 1313 γὰρ
1673 1246 1788 1297 ’ἰσο-

229 1330 466 1401 ταχήςή
506 1330 699 1401 σελήνη
742 1328 819 1399 τῷ
847 1329 1012 1399 ἡλίῳ·
1055 1330 1163 1382 οὐδ’
1209 1330 1323 1399 ἅμα
1364 1331 1649 1386 τελευτῶσι
1695 1334 1787 1385 καὶ

225 1418 510 1489 ἄρχονται,
542 1418 616 1481 ὡς
660 1420 849 1483 εἰπεῖν,
890 1420 1017 1490 περὶ
1062 1419 1152 1470 τὸν
1196 1420 1287 1472 τοῦ
1320 1419 1583 1483 ζωδιακοῦ
1635 1441 1789 1493 μερι-

220 1510 389 1581 υνμόν.
432 1512 667 1581 Ἀνάγκη
715 1511 778 1582 δὴ
830 1512 1284 1582 ἐπαμφοτερίζειν
1322 1514 1447 1575 τοὺς
1489 1514 1596 1567 τῶν
1635 1516 1787 1587 Ἀθη-

227 1604 396 1657 ναίων
438 1604 631 1675 μῆνας.
665 1605 727 1657 El.
754 1602 811 1656 δὲ
854 1604 917 1673 δὴ
954 1602 1179 1666 ἕκαστος
1212 1606 1654 1675 ἐπαμφοτερίζων
1684 1609 1788 1677 ἀμ-

228 1698 374 1765 φοῖν,
433 1696 747 1766 ἐπιλήψεται
802 1695 894 1748 τοῦ
947 1711 1005 1747 τε
1066 1696 1349 1766 προτέρου,
1399 1697 1473 1760 ὡς
1532 1699 1786 1768 Ῥωμαῖοι

226 1786 445 1854 ἄγουσι,
484 1787 575 1839 καὶ
615 1785 708 1838 τοῦ
743 1785 966 1855 ὑστέρου
1013 1785 1197 1855 μηνὸς,
1225 1784 1274 1836 τί
1319 1784 1514 1854 μᾶλλον
1559 1786 1663 1837 ἀπὸ
1694 1785 1784 1838 τοῦ

221 1878 493 1949 προτέρου
523 1876 1051 1948 μεθερμηνευόμενος
1076 1876 1390 1947 ὀνομάζοιτο
1427 1878 1491 1930 ἂν
1532 1878 1710 1937 καλῶς
1746 1878 1777 1947 ἢ

1885 604 2035 657 labor
2094 605 2331 673 reliquos
2393 606 2809 676 interpretandi.
2879 608 3100 677 Semper
3147 625 3291 664 enim
3345 628 3433 667 se.-

1882 696 2069 762 quenti
2095 694 2281 756 Attico
2313 698 2468 764 juxta
2491 699 2831 767 suppositum
2858 699 3104 754 ordinem
3138 717 3260 755 cum
3308 703 3431 758 sub-

1882 783 2005 839 inde
2031 788 2277 854 sequenti
2310 786 2556 840 Romano
2580 791 2884 853 conveniet,
2919 799 2971 845 et
3000 792 3182 845 eadem
3213 792 3277 846 ad
3302 795 3427 846 anni

1883 884 2063 945 partes
2088 878 2191 931 erit
2220 880 2595 932 consonantia.
2630 880 2732 933 Sed
2759 881 2897 937 forte
2923 883 3046 951 quis
3076 883 3428 949 dubitaverit,
3460 883 3464 888 “

1883 981 2005 1019 cum
2028 967 2381 1023 Athenienses
2414 969 2482 1023 ad
2512 970 2689 1031 lunze',
2743 972 2809 1023 ad
2851 974 2983 1027 solis
3030 989 3160 1027 vero
3213 990 3430 1030 cursum

1884 1056 2111 1111 Romani
2144 1060 2412 1126 calculum
2446 1068 2746 1131 temporum
2770 1064 3134 1135 subducerent
3161 1086 3181 1121 ς
3215 1084 3319 1137 qua
3346 1083 3434 1120 ra-

1884 1146 2029 1201 tione
2067 1149 2178 1203 fieri
2210 1142 2403 1219 possit,
2435 1160 2492 1205 ut
2522 1153 2804 1223 utriusque
2834 1157 3009 1224 gentis
3030 1172 3245 1213 menses
3276 1160 3431 1213 alteri

1883 1255 2003 1293 cum
2058 1240 2243 1296 alteris
2298 1243 2379 1296 sic
2428 1253 2774 1313 competant,
2831 1252 2890 1298 ut
2946 1247 3175 1300 invicem
3221 1249 3434 1303 dierum

1884 1346 2091 1384 summa
2122 1345 2333 1399 semper
2377 1336 2652 1401 quadrans
2681 1335 2789 1394 sit.
2830 1342 2884 1388 et
2916 1336 3047 1388 nihil
3077 1338 3129 1390 in
3161 1338 3437 1393 alterutris

1883 1428 2173 1476 excurrat:
2210 1429 2374 1492 utque
2428 1423 2839 1479 llecatombacon
2884 1439 3031 1481 recte
3079 1426 3438 1483 transferatur

1882 1510 2095 1575 Junius,
2123 1522 2176 1566 et
2205 1512 2553 1583 Metagitnion
2584 1512 2792 1578 Julius,
2844 1516 3166 1587 itaquoque
3196 1518 3261 1573 de
3292 1520 3431 1573 aliis.

1883 1601 2065 1672 Neque
2098 1604 2239 1658 enim
2271 1606 2367 1659 soli
2403 1605 2611 1664 eadem,
2644 1622 2763 1675 quae
2799 1605 2972 1681 lu‘uie,
3019 1618 3103 1663 est
3145 1612 3434 1665 celeritas:

1882 1710 2057 1764 neque
2088 1713 2195 1779 upa
2221 1694 2477 1752 desinunt
2505 1699 2836 1769 ineipiuntve
2864 1700 2936 1763 ad
2992 1701 3255 1771 signiferi,
3292 1704 3437 1773 quod

1886 1802 2050 1856 prope
2076 1788 2324 1852 dixerim,
2352 1789 2721 1858 partitionem.
2753 1790 2892 1861 Ergo
2926 1807 3145 1847 necesse
3182 1805 3263 1848 est
3294 1795 3436 1847 Atti-

1887 1892 1980 1931 cos
2011 1894 2221 1933 menses
2255 1881 2498 1944 variare,
2554 1888 2608 1936 et
2641 1882 2894 1950 ambiguo
2950 1885 3266 1954 plerumque
3310 1900 3433 1960 esse

227 1969 341 2021 ἀπὸ
368 1970 460 2022 τοῦ
492 1971 747 2040 ὑστέρους
778 1971 871 2023 ⁸ον
908 1969 971 2040 δὴ
1016 1970 1213 2039 τρόπον
1255 1971 1347 2023 καὶ
1388 1970 1620 2041 Γαληνὸς
1664 1970 1790 2041 napi.

1891 1970 2030 2023 inter
2058 1970 2304 2038 priorem‘
2334 1969 2583 2025 Latinum
2607 2012 2621 2034 ,
2650 1983 2703 2026 et
2727 1976 3077 2041 posteriorem
3111 1978 3247 2030 loco.
3283 1977 3436 2043 Quod

227 2059 323 2113 τοῦ
350 2061 446 2130 τῆς
471 2060 663 2129 ἐλάτης
692 2061 999 2129 σπέρματος
1028 2062 1271 2130 γράοων,
1309 2080 1325 2110 ι
1363 2062 1547 2124 Ὅστις
1581 2062 1785 2132 καιρὸς,

230 2153 419 2224 φησὶν,
443 2154 501 2205 ἐν
542 2152 724 2223 Ῥώμῃ
750 2152 844 2221 μὲν
868 2154 895 2204 ό
920 2150 1248 2220 καλούμενος
1283 2154 1387 2222 μὴν
1427 2152 1786 2223 Σεπτέμϐριός

226 2245 401 2305 ἐστιν,
448 2244 505 2295 ὲν
556 2242 827 2313 Περγάμῳ
862 2228 927 2294 δὲ(
960 2246 1087 2312 παρ’
1141 2246 1270 2312 ἡμῖν
1323 2244 1784 2314 ⁹ὶ⁴περ6ερεταίος,

242 2337 497 2408 Ἀθήνῃσι
546 2335 601 2388 δὲ
654 2336 961 2404 Μυστήρια.
1015 2354 1033 2384 ι
1087 2334 1178 2409 Τὰ.
1222 2335 1327 2406 γάρ
1385 2352 1466 2387 τοι
1520 2338 1787 2406 μυστήρια

230 2426 637 2499 Βοηδρομιῶνος
657 2421 743 2496 ἦν.
766 2427 899 2497 Περὶ
921 2425 1108 2479 εἰκάδα
1132 2426 1237 2496 γὰρ
1262 2424 1354 2478 τοῦ
1388 2425 1785 2496 Βοηδρομιῶνος

226 2523 261 2572 ό
290 2518 549 2590 μυστικὸς
574 2520 788 2588 Ἴακχος
812 2517 1050 2588 ἐξήγετο,
1076 2518 1148 2580 ὡς
1172 2518 1263 2570 καὶ¹
1292 2518 1626 2587 Πλούταρχος
1651 2518 1786 2569 ἱστο-

232 2614 338 2683 ρεῖ.
372 2612 554 2664 Ἔοικε
597 2611 652 2663 δὲ
687 2610 781 2663 καὶ
819 2613 847 2663 ὁ
887 2612 1150 2679 Ῥωμαῖος
1181 2611 1413 2673 Πλίνιος,
1448 2609 1786 2678 παντοδαπῆς

224 2703 476 2773 ἱστορίας
524 2702 887 2772 συγγραφεὺς,
927 2701 1067 2754 οὕτω
1114 2702 1429 2773 μεταφέρων
1485 2702 1785 2771 Ἀριστοτέ-

228 2793 461 2857 λους-τὸ
517 2788 659 2863 περι
692 2793 851 2844 τόκου
908 2792 1014 2844 τῶν
1074 2792 1285 2861 ἰχθύων,
1331 2793 1403 2854 ῶς
1448 2795 1495 2844 οἱ
1551 2793 1785 2844 πλεῖστοι

226 2888 503 2941 τίκτουσιν
532 2887 590 2938 ὲν
636 2888 779 2955 τρισὶ
825 2886 974 2955 μησὶ,
1025 2884 1379 2954 Μουνυχιῶνι,
1428 2884 1783 2956 Θαργηλιῶνι,

230 2978 644 3050 Σκιροφοριῶνι,
681 2979 841 3046 φάναι
876 2980 931 3030 ἐν
958 2979 1153 3047 τρισὶν,
1190 2978 1419 3047 Ἀπρίλι,
1450 2979 1629 3048 Μαΐῳ,
1660 2980 1787 3030 Ἰου-

230 3073 354 3143 νίῳ,
385 3072 585 3125 τίκτειν
625 3073 749 3133 τοὺς
794 3070 1094 3132 πλείστους.
1132 3070 1250 3121 Ἔτι
1282 3069 1374 3122 τοῦ
1396 3070 1669 3131 ἐνιαυτοῦ,
1714 3070 1787 3133 ὡς

233 3165 337 3233 μὲν
370 3164 626 3233 Ῥωμαῖοι
672 3164 882 3230 ἄγουσι,
916 3161 1220 3231 τριακόσιαι
1270 3163 1361 3214 καὶ
1400 3162 1660 3231 ἑξήκοντα
1696 3163 1789 3213 καὶ

233 3254 397 3305 πέντε
421 3252 621 3322 ἡμέραι
651 3252 816 3303 εἰσίν·
850 3239 1310 3319 ἀκριϐολογεῖσθαι
1342 3252 1386 3303 δ’
1420 3254 1497 3311 εἰς
1524 3251 1583 3302 τὸ
1620 3251 1788 3319 παρὸν

232 3345 299 3396 οὐ
350 3344 459 3395 δεῖο
503 3344 583 3409 γὼς
633 3342 689 3394 δὲ
747 3341 1035 3411 Ἀθηναῖοι,
1090 3343 1228 3395 κατὰ
1284 3344 1393 3411 μὲν·
1430 3342 1786 3411 Ἀριστοτέλη,

232 3433 540 3504 τριακόσιαι
566 3433 657 3485 καὶ
689 3431 966 3502 ἑξήκοντα.
1003 3450 1020 3481 t
1072 3432 1247 3483 Ἐνιαι
1286 3431 1361 3493 δὲ,
1407 3432 1557 3500 φησι,
1605 3430 1791 3483 κύουσι

232 3523 347 3576 τῶν
378 3523 552 3575 κυνῶν
598 3523 840 3592 πέμπτον
891 3522 1051 3591 μέρος
1093 3520 1183 3574 τοῦ
1233 3520 1495 3584 ἐνιαυτοῦ,
1542 3520 1695 3572 τοῦτο
1737 3519 1792 3570 δέ

234 3616 386 3667 ἐστιν
427 3616 637 3685 ἡμέρας
668 3610 1029 3683 ἐϐδομήκοντα
1071 3613 1163 3665 καὶ
1195 3612 1318 3664 δύο’
1353 3632 1371 3663 ι
1411 3613 1530 3664 καθ’
1575 3612 1790 3681 Ἠρόδο-

234 3722 332 3761 1w
367 3705 544 3760 δὲκαὶ
593 3705 802 3768 ἄλλους,
840 3705 1139 3777 τριακόσιαι
1182 3704 1789 3774 πεντηκοντατέσσαρες.

247 3797 342 3859 Ὠς
374 3798 638 3850 τοσούτων
682 3796 745 3866 δὴ
786 3797 1101 3866 γινομένων,
1150 3796 1197 3847 εξ
1230 3794 1346 3847 τῶν,
1386 3796 1569 3865 μηνῶν
1610 3795 1655 3846 οί
1698 3793 1794 3863 μὲν

234 3888 466 3959 πλήρεις
502 3906 561 3941 τε
592 3889 682 3941 καὶ
709 3888 1176 3957 τριακονθήμεροι,
1218 3888 1266 3938 οἱ
1303 3885 1357 3938 δὲ
1402 3884 1567 3938 κοῖλοι
1609 3901 1664 3937 τε
1704 3884 1794 3935 καὶ

242 3984 343 4052 μιᾷ
370 3981 475 4033 τῶν
506 3980 704 4049 ἐτέρων
730 3980 910 4049 ήμέρα
936 3979 1241 4047 λειπόμενοι
1279 3977 1500 4041 ἐναλλὰξ
1528 3974 1632 4029 εἷεν
1665 3970 1793 4044 παρ’

236 4076 358 4136 ἕνα,
388 4073 657 4144 ὁποτέρως
682 4072 724 4124 δ’
755 4071 819 4125 ἂν
845 4072 967 4145 ἔχῃ,
996 4072 1055 4123 τὸ
1082 4073 1229 4125 ἐπιὸν
1262 4070 1322 4141 δὴ
1348 4070 1463 4133 ἔτος
1494 4071 1579 4122 ἀεὶ
1606 4085 1797 4139 προτε-

241 4170 421 4239 ρήσει,
454 4167 546 4219 καὶ
578 4168 642 4218 ἐκ
674 4164 1034 4236 προσαγωγῆς
1071 4167 1166 4226 είς
1187 4163 1430 4223 ἐναντίας
1457 4160 1603 4231 ὧρας
1634 4163 1795 4211 ἐκπε»

243 4256 463 4310 σοῦνται
494 4257 542 4308 οἱ
586 4256 748 4325 μῆνες
785 4256 1197 4325 ὑποφερόμενοι.
1238 4253 1401 4319 Πάλιν
1441 4255 1487 4303 εἰ
1534 4252 1593 4303 τὸ
1638 4250 1796 4302 Ἴλιον

242 4350 361 4417 ἥλω
390 4349 739 4410 τελευτῶντος
769 4348 859 4401 τοῦ
889 4348 1063 4417 ἔαρος,
1094 4347 1248 4417 ὀγδόῃ
1283 4346 1551 4415 φθίνοντος
1580 4344 1794 4415 Θαργη-

240 4441 434 4502 λιῶνος
478 4438 1068 4517 μηνὸςιέπτακαίδεκα
1122 4438 1380 4507 πρότερον
1428 4435 1658 4505 ἡμέραις
1699 4434 1796 4502 τῆς

240 4533 465 4603 θερινῆς
489 4532 714 4602 τροπῆς,
746 4532 821 4594 ὼς
853 4532 881 4582 ὀ
922 4530 1371 4598 Ἀλικαρνασσεὺς
1404 4527 1675 4589 Διονύσιος
1701 4528 1799 4597 ἁρ-

1889 2060 1932 2114 si
1968 2061 2250 2129 ambiguus
2280 2062 2509 2131 quisque
2539 2061 2821 2116 amborum
2856 2064 2950 2118 fiat
2992 2068 3295 2138 particeps,
3340 2084 3440 2122 cur

1872 2153 2065 2224 potius
2088 2167 2116 2205 a
2137 2153 2316 2221 priore
2343 2152 2621 2215 vertendo,
2641 2168 2801 2222 quam
2824 2168 2851 2205 a
2877 2157 3175 2223 posteriore
3192 2158 3439 2212 nomine;

1888 2248 2011 2301 tur?
2046 2247 2163 2313 Quo
2203 2262 2331 2301 sane
2368 2246 2527 2301 modo
2553 2244 2788 2301 Galenus
2818 2246 2984 2310 fecit,
3034 2248 3102 2301 de
3136 2249 3328 2303 abietis
3359 2266 3447 2303 se-

1887 2338 2067 2393 mine:
2117 2358 2134 2389 ι
2174 2339 2325 2403 Quod
2366 2346 2599 2407 tempus.
2641 2356 2659 2389 ι
2700 2338 2902 2408 inquit,
2938 2356 2957 2387 ι
2997 2336 3181 2392 Romae
3224 2349 3307 2393 est
3341 2338 3439 2394 Se-

1886 2430 2159 2498 ptember,
2215 2427 2461 2497 Pergami
2510 2428 2649 2498 apud
2706 2444 2808 2483 nos
2866 2428 3067 2482 mensis
3103 2414 3463 2497 Hyperbere-V

1889 2527 2043 2580 tzeus,
2076 2520 2301 2574 Athenis
2338 2536 2465 2572 vero
2495 2520 2765 2589 Mysteria.
2822 2539 2840 2569 ι
2898 2515 2972 2572 Ea
3020 2508 3251 2588 namque
3283 2524 3438 2572 erant

1887 2607 2293 2663 Boedromione.
2334 2609 2464 2662 Nam
2499 2612 2643 2663 circa
2676 2611 3086 2666 Boe‘dro‘mionis
3116 2612 3433 2665 vicesimum

1887 2700 2027 2764 diem
2054 2703 2313 2772 mysticus
2341 2702 2583 2757 Bacchus
2614 2702 2681 2755 ab
2714 2704 2845 2756 urbe
2884 2704 3345 2767 transferebatur;
3378 2711 3434 2755 ut

1887 2795 2045 2849 etiam
2072 2791 2394 2846 Plutarchus
2425 2792 2637 2849 scribit.
2689 2790 2911 2845 Videtur
2958 2807 3174 2860 quoque
3222 2792 3430 2847 Plinius

1887 2887 2186 2941 omnifariaa
2216 2888 2446 2953 scriptor
2479 2884 2736 2948 historiae,
2778 2884 2858 2937 sic
2911 2884 3255 2953 interpretari
3306 2885 3437 2939 illud

1888 2978 2196 3032 Aristotelis
2227 2976 2291 3030 de
2326 2976 2556 3045 piscium
2587 2983 2742 3045 partu
2765 3015 2778 3039 ,
2810 2975 3065 3026 nimirum
3107 2975 3281 3043 pisces
3312 2976 3435 3043 plu-

1889 3070 2023 3122 rima
2048 3069 2129 3123 sui
2156 3076 2303 3136 parte
2325 3068 2498 3121 tribus
2532 3067 2613 3121 his
2641 3066 2918 3122 mensibus
2947 3066 3222 3129 fetificare,
3250 3066 3438 3137 Muny-

1872 3161 2100 3223 ‘chione,
2133 3159 2524 3229 Thargelione,
2558 3158 3011 3228 ScirOphorione,
3066 3167 3123 3215 ut
3166 3161 3331 3215 dicat‘
3353 3161 3438 3215 his

1892 3254 2095 3313 tribus.
2151 3251 2366 3320 Aprili,
2442 3250 2617 3313 Maio,
2691 3249 2871 3304 Junio.
2934 3249 3156 3318 Insitper
3212 3254 3437 3305 trecenti

1890 3338 2166 3411 sexaginta
2196 3330 2437 3409 quinque
2468 3340 2582 3392 dies
2630 3346 2756 3393 sunt
2798 3339 2923 3390 anni
2956 3334 3182 3391 lt'omani
3209 3356 3223 3403 ;
3270 3342 3441 3395 subti-

1892 3435 1994 3487 lius
2043 3434 2185 3486 enim
2237 3433 2293 3485 in
2344 3447 2579 3499 prmsens
2611 3438 2904 3499 supputare
2954 3433 3173 3485 minime
3204 3443 3436 3501 oportet.

1890 3524 2235 3579 Atheniensis
2266 3539 2393 3577 vero
2420 3524 2568 3589 anni,
2606 3538 2671 3576 ex
2708 3522 3009 3579 Aristotelis
3041 3524 3257 3591 quidem
3312 3539 3438 3578 sen-

1891 3616 2081 3677 tentia,
2115 3615 2339 3668 trecenti
2369 3614 2647 3683 sexaginta
2701 3624 2862 3667 suut:
2902 3631 2921 3663 ι
2968 3613 3116 3677 Pars,
3154 3633 3171 3666 ι
3229 3616 3436 3683 inquit,

1898 3726 1916 3757 ι
1962 3722 2153 3761 canum
2183 3705 2285 3759 fert
2309 3713 2549 3759 ventrem
2578 3704 2824 3773 quintam
2858 3715 3065 3771 partem
3097 3705 3245 3767 anni,
3272 3704 3324 3758 id
3357 3714 3441 3759 est

1893 3798 2008 3852 dies
2038 3798 2175 3850 duos
2214 3803 2267 3851 et
2318 3796 2687 3865 septuaginta;
2730 3814 2748 3845 ι
2784 3803 2837 3846 at
2870 3795 3167 3848 secundum
3202 3794 3441 3851 Herodo—

1893 3898 2007 3943 tum
2038 3890 2281 3956 aliosque
2305 3925 2320 3948 ,
2377 3885 2602 3938 trecenti
2639 3891 2872 3953 quatuor
2918 3891 2972 3937 et
3027 3885 3440 3954 quinquaginta.
3478 3878 3481 3881 ’

1893 3980 1995 4033 Tot
2025 3980 2185 4048 igitur
2222 3991 2345 4030 cum
2393 3975 2541 4039 sint,
2586 3973 2633 4027 si
2663 3988 2877 4037 menses
2905 3974 2996 4026 alii
3031 3974 3171 4042 pleni
3201 3982 3253 4027 et
3288 3974 3443 4030 trito

1894 4069 2063 4132 narii;
2095 4068 2184 4119 alii
2214 4063 2407 4125 mutili,
2437 4063 2552 4116 cavi
2579 4106 2594 4129 ,
2624 4076 2676 4117 et
2716 4078 2825 4117 uno
2854 4063 2940 4117 die
2972 4063 3180 4117 caeteris
3203 4062 3441 4132 impares

1896 4158 1949 4211 in
1982 4170 2207 4209 numero
2240 4154 2509 4207 alternant
2530 4192 2543 4217 ,
2588 4166 2914 4223 quocunque
2944 4152 3101 4204 modo
3129 4166 3213 4204 res
3251 4166 3310 4206 se
3345 4153 3441 4209 ha-

1896 4250 2037 4314 beat,
2068 4263 2301 4317 sequens
2334 4262 2508 4301 annus
2533 4261 2742 4315 semper
2773 4250 3071 4313 praevertet,
3103 4253 3155 4298 et
3185 4244 3439 4313 paulatim

1895 4354 1958 4394 ex
1994 4340 2308 4393 accessione
2369 4339 2423 4392 in
2482 4336 2784 4390 contrarias
2835 4342 3183 4404 tempestates
3233 4350 3446 4390 menses

1896 4430 2153 4495 incident,
2188 4430 2304 4483 loco
2340 4428 2635 4495 diebusque
2668 4425 2824 4481 statis
2848 4426 3031 4478 emoti.
3066 4425 3190 4476 Item
3225 4424 3268 4477 si
3292 4422 3444 4475 Ilium

1897 4530 2111 4589 Capuam
2170 4529 2254 4574 est
2304 4520 2535 4573 abeunte
2570 4532 2724 4579 vere,
2770 4528 2959 4568 octavo
2994 4514 3099 4574 die,
3135 4512 3237 4566 sub
3285 4513 3445 4566 finem

244 4600 541 4697 χα-ιολογῶν
568 4624 635 4675 τὰ
665 4622 943 4692 Ῥωμαῖκὰ
972 4637 1133 4691 φησιν·
1171 4619 1285 4680 πῶς
1317 4619 1569 4688 τροπικὸς
1595 4618 1790 4689 Θερινὸς

1904 4607 2307 4675 Thargeliunis,
2355 4605 2738 4674 septemdecim
2796 4605 2984 4661 diebus
3039 4611 3163 4655 a'nte
3201 4600 3446 4654 aestivum

236 4721 275 4771 ιό
317 4713 754 4784 Ἐκατομόαιώνς
783 4713 905 4765 ’Ὁδε
933 4712 1039 4783 γὰρ
1070 4714 1097 4763 ὀ
1123 4710 1275 4777 λόγος
1306 4711 1593 4777 ἀποφαίνει
1622 4711 1801 4779 Σκιρο-

211 4870 217 4875 _
246 4808 491 4881 φοριῶνα
517 4802 654 4860 εἶναι
682 4806 934 4879 τροπικὸν
980 4803 1205 4873 θερινόν.
1246 4801 1589 4870 Ἀνομόλογον
1619 4801 1673 4852 δὲ
1709 4802 1801 4853 καὶ

244 4902 311 4953 τὸ
353 4898 714 4967 Θεοφράστου,
748 4897 827 4947 ὅτι
870 4894 1036 4964 ἄκρου
1086 4894 1242 4962 ἔαρος
1288 4892 1466 4954 εὐθὺς,
1515 4891 1798 4960 ἱσταμένου

245 4989 347 5044 τοῦ
378 4985 774 5061 Θαργηλιῶνος.
805 4987 865 5036 Εἰ
892 4986 999 5055 γὰρ
1023 4985 1187 5054 ἄκρου
1219 4983 1373 5052 ἔαρος
1402 4984 1437 5051 ⁸ό
1462 4980 1797 5052 Θαργηλιὼν,

246 5081 353 5133 οὐκ
390 5079 454 5133 ἂν
485 5075 735 5150 τροπικός
766 5076 793 5126 ὀ
828 5073 1227 5143 Ἐκατομϐαιὼν
1255 5075 1339 5143 εἴη
1359 5090 1371 5102 ·
1411 5074 1541 5125 πολὺ
1568 5073 1611 5123 δ’
1643 5067 1801 5141 ἦττον

248 5171 280 5220 ό
324 5166 635 5235 Μουνυχιὼν
681 5164 890 5235 ἐαρινός
922 5180 979 5214 τε
1028 5163 1121 5214 καὶ
1164 5162 1489 5233 ἰσημερινός.
1541 5162 1716 5212 Ἐοικε
1757 5160 1800 5211 δ’

248 5252 590 5327 ἁπεμφαίνον
627 5259 719 5309 καὶ
745 5256 803 5308 το
826 5254 916 5306 τοῦ
948 5252 1309 5322 Πλουτάρχουο
1346 5272 1363 5301 t
1396 5249 1801 5318 Συγκομιζομέ-

248 5366 353 5420 νης
382 5347 597 5419 ὀπώρας
646 5345 1015 5415 Πυανεψιῶνος
1051 5344 1208 5413 ὀγδόῃ
1242 5344 1545 5413 ἱσταμένου,
1587 5360 1603 5391 ι
1653 5344 1806 5392 Δοκεῖ

176 5434 191 5452 θ’
213 5448 222 5455 ”
247 5441 364 5510 γὰρ
393 5442 422 5493 ὁ
455 5437 766 5507 Πυανεψιὼν
802 5437 994 5509 μᾶλλον
1030 5433 1163 5487 εἶναι
1199 5434 1507 5503 ἰσημερινός
1541 5433 1806 5499 φθινοπω-

252 5531 462 5605 ρινὺςῆ
503 5535 531 5584 ὁ
574 5531 1023 5599 Μαιμακτηριὼν,
1058 5529 1198 5593 εἴγε
1238 5526 1540 5594 ἁμπελικῆς
1583 5523 1799 5591 ὀπώρας

251 5628 288 5695 ἡ
314 5623 508 5693 κομιδὴ
535 5620 620 5693 ἦν.

1906 4701 2231 4761 solstitium,
2287 4704 2343 4751 ut
2375 4697 2663 4766 Dionysius
2697 4696 3139 4748 Halicarnasseus
3194 4694 3305 4755 ait,
3362 4707 3449 4746 res

1884 4785 2111 4859 'priscas
2140 4789 2503 4841 Romanorum
2542 4786 2783 4857 historia!
2818 4783 3081 4838 mandans
3109 4802 3123 4837 :
3154 4794 3260 4852 quo
3294 4790 3451 4851 pacto

1907 4882 2318 4937 Hecatombaeon
2354 4875 2924 4948 solstitialis‘aastivus
2967 4875 3075 4929 sit?
3121 4874 3319 4941 Nempe
3364 4874 3451 4926 hic

1908 4987 2085 5027 sermo
2115 4972 2368 5032 ostendit,
2395 4968 2813 5038 Scirophorione
2842 4982 2962 5020 esse
3002 4966 3308 5019 solstitium.
3334 4964 3453 5017 Dis-

1908 5072 2223 5120 sentaueum
2260 5064 2421 5116 etiam
2459 5073 2542 5116 est
2571 5060 2698 5113 illud
2730 5057 3125 5127 Theophrasti,
3177 5071 3298 5109 cum
3326 5056 3455 5110 dicit

1909 5171 2154 5219 summo,
2194 5157 2518 5224 ineunteque
2548 5168 2672 5207 vere
2692 5194 2705 5213 .
2737 5148 3112 5221 Thargelionis
3165 5148 3452 5217 principio.

1911 5246 1968 5300 Si
1997 5246 2138 5300 enim
2172 5253 2255 5300 est
2283 5259 2552 5299 summum
2586 5258 2675 5295 ver
2716 5240 3067 5309 Thargelion,
3119 5251 3454 5306 nequaquam

1909 5353 2030 5392 esse
2056 5345 2218 5405 queat
2244 5336 2546 5399 solstitialis
2575 5324 2985 5387 Hecatombaaon
3006 5370 3019 5391 ,
3072 5339 3126 5383 et
3157 5329 3327 5381 multo
3359 5327 3455 5378 mi-

1911 5443 2015 5481 nus
2046 5442 2245 5480 vernus
2274 5435 2327 5480 et
2361 5424 2752 5493 aequinoctialis
2786 5418 3131 5489 Munychion.
3166 5412 3297 5469 Illud
3330 5430 3457 5483 quu-

1912 5535 2015 5589 que
2044 5517 2318 5595 Plutarchi
2346 5516 2635 5571 dissentire
2662 5514 2870 5567 videtur
2892 5550 2906 5574 ,
2954 5508 3183 5563 dicentis
3208 5527 3221 5560 :
3264 5524 3282 5555 ι
3323 5503 3459 5558 Dum

1916 5611 2125 5664 fructus
2153 5610 2425 5678 leguntur,
2457 5619 2508 5660 et
2539 5603 2811 5661 vindemia
2840 5604 3211 5669 comportatur
3230 5635 3244 5655 ,
3270 5603 3467 5649 octavo

251 5688 349 5773 die
368 5688 754 5788 Pyaaepsionis
793 5713 1119 5782 incipientis.
1170 5732 1186 5761 ι
1219 5710 1314 5764 His
1346 5710 1487 5764 enim
1514 5707 1691 5762 verbis
1726 5704 1938 5759 videtur
1995 5702 2334 5773 Pyanepsion
2371 5700 2425 5753 in
2477 5715 2535 5755 se
2594 5697 2876 5753 continere
2927 5688 3172 5746 autumni
3219 5690 3470 5755 aequino-

253 5813 426 5862 ctium
458 5807 653 5877 potius,
688 5821 847 5875 quam
880 5802 1274 5858 Mzemacterion
1300 5841 1313 5865 ,
1368 5798 1633 5870 siquidem
1695 5806 1809 5851 erat
1843 5792 2425 5859 vindemizecollcctio.
