4124 6320
659 427 672 470 ι
737 377 872 433 “87

741 581 831 632 liat
861 579 972 632 haec
1007 587 1190 633 nostra
1220 577 1602 631 commentatio
1625 616 1638 639 ,
1689 584 1743 630 et
1802 576 2056 644 majorem
2120 574 2277 628 [idem

740 667 880 719 dicta
913 661 1095 719 nostra
1118 666 1402 733 accipiant.
1443 665 1705 730 Quocirca
1733 665 2132 719 vetustissimos
2160 665 2280 716 illos

741 757 986 809 homines
1023 756 1164 807 nulla
1193 758 1399 810 ratione
1421 796 1434 819 ,
1479 756 1733 823 nulloque
1765 754 1956 809 ordine
2004 755 2281 808 mensibus

742 847 901 906 usos,
925 851 1084 909 atque
1115 843 1268 895 aliter
1303 845 1435 897 alios
1465 860 1664 898 annum
1694 846 1868 913 ipsum
1891 845 2118 912 partitos
2137 858 2278 906 esse,

711 933 961 1009 ‘cumab
988 933 1127 994 aliis,
1159 943 1267 985 tam
1318 935 1396 986 rei
1433 936 1665 987 maxime
1718 950 1747 986 a
1799 932 2115 991 Plutarcho,
2164 932 2283 984 viro

745 1023 1101 1090 undecunque
1131 1023 1463 1087 doctissimo,
1506 1026 1627 1077 licet
1658 1025 1969 1093 intelligere.
2003 1024 2131 1076 Nam
2161 1025 2284 1076 bar-

712 1139 720 1148 ο
745 1113 995 1166 barorum
1017 1115 1251 1166 nonnulli
1275 1107 1593 1168 trimestrem
1619 1130 1814 1170 annum
1835 1115 2122 1179 habebant,
2147 1122 2196 1167 et
2219 1131 2284 1168 ex

744 1200 942 1255 Graecis
978 1200 1212 1256 Arcades
1253 1204 1733 1274 quadrimestrem;
1771 1204 2081 1256 Acarnanes
2114 1216 2284 1256 seme-

747 1301 929 1347 strem.
989 1293 1256 1362 ngyptiis
1311 1301 1488 1346 autem
1543 1299 1850 1345 menstruus
1899 1301 2014 1346 erat
2074 1305 2281 1351 annus,

745 1381 934 1436 deinde
966 1384 1406 1452 quadrimestris.
1472 1391 1527 1435 ut
1573 1387 1741 1438 aiunt.
1789 1382 1993 1436 Idcirco
2025 1381 2287 1450 antiquis-

746 1475 865 1527 simi
907 1473 1154 1524 videntur
1209 1474 1522 1524 immensam
1573 1486 1832 1525 annorum
1888 1469 2285 1523 multitudinem

746 1565 848 1617 sibi
883 1574 1295 1617 annumerantcs
1323 1580 1336 1625 ;
1374 1570 1430 1614 ut
1462 1564 1550 1628 qui
1583 1569 1725 1616 certe
1755 1577 1951 1614 annum
1975 1576 2167 1615 mense
2193 1561 2287 1614 de-

745 1657 980 1708 ﬁnirent.
1024 1652 1246 1705 Romani
1279 1667 1402 1704 vero
1434 1653 1582 1720 prius
1635 1653 1817 1705 dcccm
1873 1654 2137 1706 mensium
2185 1665 2286 1704 an-

745 1760 874 1799 num
901 1744 1149 1814 agebant,
1180 1751 1230 1795 et
1266 1757 1479 1794 menses
1509 1741 1643 1796 alios
1669 1756 1841 1810 neque
1879 1733 2125 1796 vicen'um
2173 1742 2286 1796 die-

745 1839 1039 1900 rum,alios
1065 1837 1328 1888 tricenum
1369 1836 1612 1902 quimtm,
1657 1835 1792 1888 alios
1829 1836 1989 1889 etiam
2017 1836 2282 1905 plurium:
2320 1844 2366 1905 ,ς

748 1914 1189 1994 illudquesolum
1221 1923 1666 1987 considerabant,
1713 1931 1770 1976 nt
1824 1931 2182 1978 trecentorum
2231 1931 2288 1978 et

750 2019 1025 2087 sexaginta
1051 2015 1264 2070 dierum
1290 2031 1422 2070 suus
1450 2024 1594 2070 esset
1627 2032 1802 2070 amnis
1822 2058 1835 2080 ,
1869 2032 1967 2070 nec
1996 2033 2114 2086 quae
2146 2024 2292 2072 esset

750 2109 983 2163 scliset
1027 2107 1165 2159 luna}
1209 2107 1543 2174 inatqualitas
1577 2107 1869 2176 quidquam
1923 2109 2075 2176 pensi
2127 2107 2292 2161 habe-

751 2202 898 2253 bant.
932 2197 1034 2252 Sed
1074 2204 1256 2266 postea
1301 2199 1455 2269 160
1479 2213 1568 2254 rex
1612 2198 1784 2252 Numa
1831 2196 2130 2268 Pompilius
2155 2197 2292 2250 duos

717 2281 726 2290 ”
756 2306 965 2345 menses
1011 2291 1273 2358 adjecisse
1320 2289 1521 2350 fertur,
1565 2296 1620 2342 et
1669 2289 1961 2342 discrimen
2018 2289 2179 2355 hujus
2211 2289 2293 2341 in-

753 2381 1072 2453 :equalitatis
1108 2380 1349 2437 undecim
1385 2379 1591 2432 dierum
1619 2393 1738 2432 esse
1766 2386 2024 2448 reputans
2053 2397 2066 2430 :
2111 2387 2294 2448 utpote

754 2488 894 2526 anno
923 2473 1095 2525 lunari
1126 2479 1398 2522 trecentos
1431 2469 1820 2537 quinquaginta
1869 2480 2101 2538 quatuor
2135 2469 2249 2523 dies
2274 2509 2289 2534 ,

692 2603 696 2613 .
754 2563 918 2617 solari
954 2571 1129 2614 autem
1158 2566 1426 2612 trecentos
1453 2560 1729 2628 sexaginta
1752 2560 1996 2634 quinque
2019 2560 2250 2614 habente
2277 2579 2290 2626 ;

756 2650 1006 2707 undecim
1039 2651 1135 2705 hos
1168 2649 1282 2704 dies
1314 2649 1616 2718 duplicatos
1648 2651 1873 2706 alternis
1921 2653 2078 2706 annis
2127 2651 2293 2705 inter«

722 2749 724 2751 ’
757 2743 1017 2796 calationc
1043 2733 1180 2794 theta
1200 2741 1338 2811 (quae
1355 2740 1583 2793 duorum
1606 2749 1658 2794 et
1681 2741 1867 2809 viginti
1897 2741 2106 2795 dierum
2131 2739 2293 2808 esset)

757 2834 812 2887 in
837 2833 1180 2887 Februarium
1228 2830 1506 2885 induxisse
1534 2849 1547 2884 :
1587 2831 1807 2898 verique
1851 2831 2026 2884 simile
2054 2839 2159 2894 est,
2185 2832 2297 2884 haec

757 2926 906 2979 illum
928 2939 991 2979 ex
1023 2924 1320 2978 imitatione
1341 2922 1569 2991 quadam
1595 2919 1901 2974 Graecorum
1931 2919 2140 2976 fecisse.
2181 2920 2298 2982 Pri-,-

757 3032 902 3069 mum
931 3015 1073 3070 enim
1102 3013 1353 3066 Solonem
1406 3013 1557 3066 aiunt.
1595 3011 1820 3064 Athenis
1864 3011 2002 3066 hanc
2033 3014 2296 3067 mensium

761 3121 943 3175 vagam
970 3115 1021 3159 et
1049 3104 1222 3157 adhuc
1255 3103 1966 3159 incertam-inconstantiam
2000 3103 2297 3173 deprehen-

1219 442 1222 444 γ
1707 372 1797 427 AD
1841 370 2105 427 EUSEBll
2142 351 2530 426 eanosteou
2561 363 2926 428 .APPENDtX.

810 487 1061 544 Solvendi
1114 488 1275 558 igitur
1297 495 1441 543 .sunt
1487 483 1541 540 hi
1589 485 1874 548 dubiorum
1903 485 2051 548 nodi,
2083 494 2141 538 ut
2175 483 2276 538 rite
2305 499 2349 547 Α

2449 481 2619 535 Λῠσαι
2654 481 2718 550 δὴ
2747 480 2826 532 δεῖ
2855 477 2924 530 τὰ
2949 473 3290 543 ἀπορούμενα
3318 469 3506 533 ταῦτα,
3542 470 3610 521 ἵν’
3641 468 3676 538 ἡ
3698 484 3771 558 τε

3779 352 3908 409 1188

2379 568 2499 639 φιτ
2498 569 2709 638 γίνηται
2738 567 2877 620 κατὰ
2908 563 3125 634 τρόπον,
3157 560 3333 614 καὶτὸ
3371 559 3560 612 πιστὸν
3589 557 3784 629 μᾶλλον
3823 557 3912 626 ἔχῃ

2380 661 2444 712 τὰ
2469 659 2749 729 εἰρημένα.
2776 656 2911 717 Τοὺς
2945 654 3040 722 μὲν
3067 647 3157 705 οὖν
3182 651 3317 716 πάνυ
3346 649 3605 720 ἀρχαίους
3630 646 3912 716 ἀλογίστως

2378 767 2437 802 τε
2465 751 2554 803 καὶ
2579 748 2823 814 ἀτάκτως
2851 744 3144 816 κεχρῆσθαι
3171 743 3281 805 τοῖς
3314 741 3466 812 μησὶ,
3501 739 3596 794 καὶ
3625 739 3803 801 ἄλλοις
3824 738 3908 791 ἀλ-

2365 844 2481 903 Δ-λως
2503 840 2592 892 τὸν
2617 837 2854 891 ἐνιαυτὸν
2875 835 3146 908 ὡρικέναι,
3171 834 3319 904 παρά
3339 849 3398 885 τε
3419 832 3593 886 ἄλλων
3636 831 3728 886 καὶ
3753 831 3913 884 mou-

2380 929 2577 999 τάρχου
2639 925 2828 996 ἀνδρὸς
2895 922 3360 992 πολυμαθεστάτου
3429 909 3690 974 πυθέσθαι
3750 920 3906 973 ἐστιν.

2386 1022 2550 1072 Ἔνιοι
2579 1019 2704 1085 γοῦν
2726 1017 2840 1092 τῶν
2864 1014 3147 1087 βαρϐάρων
3180 1014 3354 1083 τρισὶν
3381 1013 3619 1084 ἐχρῶντο
3650 1014 3812 1082 μησὶν
3841 1011 3912 1074 εἰς

2383 1114 2470 1165 τὸν
2499 1109 2763 1162 ἐνιαυτόν·
2803 1109 2893 1160 καὶ
2925 1107 3031 1160 τῶν
3067 1105 3325 1176 Ἐλλήνων
3365 1105 3620 1174 ’Δρκάδες
3664 1105 3762 1174 μὲν
3803 1106 3937 1157 τέτος

2382 1218 2589 1272 ταρσιν,
2624 1201 2942 1270 Ἀκαρνᾶνες
2970 1198 3026 1251 δὲ
3047 1195 3125 1262 ἓξ.
3152 1195 3462 1264 Αἰγυπτίοις
3488 1195 3546 1248 δὲ
3582 1199 3821 1265 μηνιαῖος
3851 1191 3910 1272 ἦν

2383 1296 2411 1345 ὁ
2452 1293 2721 1356 ἐνιαυτὸς,
2755 1287 2873 1343 εἶτα
2913 1288 3264 1359 τετράμηνος,
3294 1285 3370 1349 ὥς
3405 1302 3556 1355 φασι.
3587 1286 3676 1338 Διὸ
3703 1287 3794 1338 καὶ
3822 1287 3913 1356 ἀρα

2385 1384 2651 1453 χαιότατοι
2673 1379 2809 1434 εἶναι
2833 1380 3064 1443 δοκοῦσι,
3096 1377 3290 1449 πλῆθος
3315 1378 3449 1430 ἑτῶν
3472 1375 3911 1447 καταριθμοῦντες

2388 1475 2562 1542 σφίσιν
2599 1473 2894 1543 ἀμήχανον,
2932 1471 3026 1524 ἅτε
3065 1469 3130 1540 δὴ
3167 1471 3295 1531 τοὺς
3335 1468 3507 1538 μῆνας
3541 1466 3804 1537 τιθέμενοι
3841 1470 3913 1528 εἰς

2385 1563 2523 1618 ὲτῶν
2553 1564 2797 1634 ἀριθμόν.
2822 1563 2932 1616 Καὶ
2963 1562 3213 1631 Ῥωμαῖοι
3237 1560 3293 1612 δὲ
3331 1559 3592 1630 πρότερον
3622 1558 3912 1628 δεκάμηνον

2385 1654 2516 1728 ἦγον
2559 1657 2647 1710 τὸν
2687 1655 2945 1718 ἐνιαυτὸν,
2994 1654 3089 1707 καὶ
3125 1651 3231 1705 τῶν
3278 1650 3458 1721 μηνῶν
3501 1651 3622 1714 τοὺς
3669 1649 3765 1719 μὲν
3803 1649 3913 1702 οὐδὲ

2387 1749 2588 1802 εἴκοσιν
2629 1747 2865 1818 ἡμερῶν,
2904 1747 3029 1807 τοὺς
3063 1745 3117 1798 δὲ
3142 1743 3309 1796 ,πέντε
3339 1745 3432 1796 καὶ
3461 1743 3762 1813 τριάκοντα,
3801 1743 3914 1803 τοὺς

2387 1840 2442 1892 δὲ
2494 1837 2588 1891 καὶ
2628 1837 2914 1889 πλειόνωνο
2958 1836 3128 1889 ὲκεῖνό
3165 1851 3225 1889 τε
3259 1821 3425 1904 ’μόνον
3463 1833 3746 1906 ἐσκόπουν,
3778 1832 3914 1894 ὅπως

2389 1931 2647 2001 ἑξήκοντα
2674 1928 2766 1981 καὶ
2806 1927 3126 1997 τριακοσίων
3159 1925 3373 1996 ἡμερῶν
3399 1926 3427 1977 ὁ
3464 1924 3700 1987 ἐνιαυτὸς
3737 1925 3910 1991 ἔσται·

2389 2020 2590 2074 ἔννοιαν
2617 2021 2674 2074 δὲ
2696 2020 2795 2092 τῆς
2833 2018 3117 2088 γινομένης
3154 2018 3278 2088 περὶ
3303 2017 3398 2088 τὴν
3442 2016 3667 2086 σελήνην
3712 2018 3803 2068 καὶ
3834 2016 3914 2067 τὸν

2387 2112 2536 2182 ἥλιον
2563 2095 2868 2181 ἀνωμαλίας
2893 2112 2989 2164 οὐκ
3021 2107 3181 2181 εἶχον.
3213 2111 3473 2180 ’Ὕστερον
3497 2109 3553 2162 δὲ
3579 2110 3760 2178 Νομᾶς
3784 2108 3913 2176 Πομ·

2390 2203 2560 2266 πίλιος
2591 2202 2880 2272 βασιλεύων
2920 2202 3131 2270 λέγεται
3167 2201 3257 2256 δύο
3290 2218 3349 2254 τε
3389 2200 3695 2271 προσθεῖναι
3731 2200 3912 2269 μῆνας,

2390 2295 2571 2347 καὶτὸ
2609 2294 2981 2366 παράλλαγμαν
3005 2293 3102 2363 τῆς
3145 2291 3450 2361 ἀνωμαλίας
3480 2291 3699 2361 ἡμερῶν
3741 2290 3917 2343 ἕνδεκα

2389 2384 2631 2456 γίνεσθαι
2661 2365 3032 2454 λογιζόμενος·
3077 2385 3150 2445 ὡς
3177 2381 3267 2435 τοῦ
3299 2383 3394 2452 μὲν
3417 2381 3745 2452 σεληνιακοῦ
3774 2381 3913 2443 ἔτους

2390 2455 2701 2547 τριακοσίας
2735 2455 3326 2544 πεντηκοπατέσσαρας
3346 2474 3553 2543 ἔχοντος
3575 2473 3798 2544 ἡμέρας,
3832 2471 3914 2526 τοῦ

2391 2565 2445 2619 δὲ
2478 2566 2696 2636 ἡλιακοῦ
2735 2565 3047 2637 τριακοσίας
3092 2564 3543 2646 ἐξηκρνταπὲντε·
3594 2564 3692 2627 τὰς
3739 2564 3917 2617 ἕνδεκα

2391 2657 2586 2720 ταύτας
2627 2656 2996 2718 διπλασιάσας,
3045 2657 3340 2724 ἐπαγαγεῖν
3382 2655 3507 2727 παρ’
3549 2656 3782 2709 ἐνιαυτὸν
3831 2655 3915 2707 ἐπὶ

2393 2749 2469 2819 τῷ
2491 2750 2832 2819 Φεϐρουαρίῳ
2862 2749 2987 2818 μηνὶ
3009 2750 3102 2802 τὸν
3131 2748 3442 2820 ἐμϐόλιμον,
3475 2747 3644 2800 εἴκοσι
3671 2749 3759 2801 καὶ
3783 2747 3914 2799 δυοῖν

2394 2839 2611 2909 ἡμερῶν
2660 2841 2804 2892 ὅντα.
2847 2841 3001 2901 Εἰκὸς
3041 2840 3084 2892 δ’
3119 2840 3318 2891 ἐκεῖνον
3363 2836 3531 2890 ταῦτα
3573 2837 3705 2906 πρὸς
3743 2837 3917 2905 ὁμοίαν

2394 2929 2513 2982 τινὰ
2556 2931 2844 2999 Ἀθηναίων
2901 2930 3091 2999 χρῆσιν
3149 2929 3518 2998 πεποιηκέναι.
3553 2927 3772 2988 ,Σόλωνα
3817 2925 3917 2995 γὰρ

2396 3020 2605 3090 πρῶτον
2650 3021 2899 3092 Ἀθήνῃσι
2935 3021 3030 3092 τὴν
3070 3023 3194 3092 περὶ
3229 3025 3353 3086 τοὺς
3403 3023 3578 3092 μῆνας
3627 3021 3916 3092 ἀνωμαλίαν

2400 3112 2620 3177 συνιδεῖν
2650 3128 2777 3180 φασι
2798 3129 2810 3142 ⁸
2842 3113 2931 3164 καὶ
2956 3113 3050 3182 τὴν
3075 3113 3170 3182 μὲν
3195 3114 3422 3186 ἡμέραν,
3448 3115 3567 3168 καθ’
3593 3114 3658 3184 ἢν
3681 3116 3714 3185 ἡ
3739 3114 3916 3183 σελήνη

763 3198 904 3249 έΙίεεο
929 3215 942 3248 :
975 3203 1029 3249 et
1057 3195 1195 3248 diem
1225 3210 1332 3262 quo
1372 3195 1497 3248 luna
1526 3194 1691 3248 solem
1719 3195 2024 3262 assequitur
2057 3202 2109 3248 et
2131 3204 2297 3249 trans-
2323 3209 2364 3267 ο

2361 3212 2364 3264 ‘.
2397 3203 2794 3271 καταλαμϐάνει
2831 3220 2887 3256 τε
2941 3192 3032 3257 καὶ
3070 3204 3397 3276 παρέρχεται
3452 3206 3542 3258 τὸν
3575 3207 3742 3276 ἡλιον,
3773 3207 3917 3272 τάξαι

781 3288 941 3349 nittit,
975 3287 1099 3357 ἓνην
1129 3287 1218 3342 καὶ
1243 3286 1387 3350 νέαν,
1419 3285 1470 3338 id
1509 3293 1623 3344 est.
1679 3284 1952 3352 antiquam
2010 3294 2062 3338 et
2106 3301 2294 3340 novam

784 3395 961 3446 unam,
996 3381 1110 3434 sive
1147 3387 1437 3432 extremam
1472 3385 1524 3431 et
1557 3377 1815 3446 primam,
1849 3362 1949 3430 Ιιόο
1983 3386 2094 3442 est,
2132 3379 2296 3432 inter-

766 3473 966 3525 ‘unium
995 3469 1175 3522 vocari
1204 3469 1503 3522 instituisse
1535 3472 1556 3520 :'
1581 3475 1634 3519 et
1671 3477 1981 3536 sequentem
2014 3468 2298 3538 νουμηνίαν

763 3563 815 3617 id
844 3569 960 3626 est,
1007 3560 1336 3614 noviluniam
1368 3598 1383 3624 ,
1433 3560 1545 3612 sive
1599 3557 1864 3612 Kalendas
1917 3561 2295 3628 appellavisse,

763 3669 1109 3721 mensemque
1137 3652 1354 3719 triginta
1387 3651 1593 3704 dierum
1625 3650 2011 3704 constituisse:
2042 3659 2095 3703 et
2125 3651 2176 3704 in
2207 3667 2299 3719 ge-

765 3761 891 3798 nere
922 3759 1119 3798 annum
1175 3743 1350 3811 ipsum
1391 3742 1445 3794 in
1485 3743 1885 3795 concinniorem
1933 3739 2176 3794 ordinem
2217 3741 2299 3792 di-

765 3837 1016 3907 gessisse.
1050 3834 1390 3887 lntercalaris
1425 3848 1547 3886 vero
1585 3834 1785 3887 mensis
1819 3847 1972 3886 usum
2004 3831 2300 3900 antiquitus

763 3923 932 3980 fuisse
963 3923 1184 3984 Graecis,
1213 3922 1451 3976 declarat
1475 3920 1776 3976 Herodotus
1809 3941 1820 3974 :
1863 3940 1881 3972 ι
1919 3919 2108 3982 Graeci,
2148 3939 2166 3970 ι
2219 3918 2303 3970 in-

764 4017 902 4087 quit,
935 4034 954 4067 ι
991 4015 1150 4069 tertio
1177 4028 1390 4083 quoque
1433 4027 1573 4064 anno
1623 4012 2083 4066 intercalationem
2138 4009 2303 4062 inter-

767 4114 992 4169 serunt,
1045 4111 1346 4173 temporum
1403 4102 1572 4169 gratia
1605 4118 1618 4153 :
1650 4087 1892 4170 Egyptii
1926 4115 2053 4153 vero
2083 4099 2302 4152 tricenis

765 4197 976 4257 diebus,
1003 4196 1198 4263 quibus
1226 4193 1507 4246 duodecim
1543 4206 1755 4245 menses
1797 4190 1922 4242 anni
1977 4196 2180 4251 laxant,
2206 4203 2303 4242 au-

685 4326 687 4330 -
765 4288 935 4342 ctario
970 4287 1105 4339 l'acto
1135 4285 1200 4337 ad
1229 4300 1348 4338 eum
1387 4298 1691 4346 numerum,
1723 4283 1838 4336 dies
1877 4281 2114 4350 quinque
2142 4288 2303 4349 quot-

768 4381 926 4434 annis
956 4361 1361 4447 superaddunt:
1393 4384 1446 4428 et
1489 4377 1558 4430 iis
1587 4376 1725 4429 ratio
1758 4375 1947 4427 circuli
2001 4381 2302 4442 temporum

767 4477 978 4524 constat
1008 4467 1192 4524 eodem
1228 4467 1521 4521 redeuntis.
1562 4487 1579 4518 ›
1613 4467 1766 4531 Quod
1807 4466 1851 4519 si
1895 4464 2063 4517 Numa
2085 4465 2313 4535 quidem"

2395 3293 2518 3363 ἔνην
2559 3296 2652 3347 καὶ
2693 3295 2812 3347 νέαν
2853 3294 3157 3348 καλεῖσθαι·
3198 3296 3295 3364 τὴν
3331 3296 3376 3349 δ’
3408 3296 3600 3367 ἐφεξῆς
3645 3296 3918 3366 νουμηνίαν

2395 3384 2818 3454 προσαγορεῦσαι
2841 3399 2854 3412 ·
2883 3385 3008 3455 ἄχρι
3027 3402 3085 3436 τε
3109 3386 3390 3455 τριακάδος
3417 3387 3506 3439 τὸν
3534 3387 3676 3457 μῆνα
3702 3387 3919 3459 ἡριθμη-

2395 3475 2581 3529 κέναι·
2637 3477 2729 3528 καὶ
2759 3477 2891 3538 ὅλως
2922 3476 3015 3528 ἐπὶ
3043 3477 3103 3528 τὸ
3147 3475 3350 3545 βέλτιον
3389 3477 3665 3532 διαθέσθαι
3703 3481 3768 3530 τὰ
3804 3480 3920 3550 περὶ

2395 3567 2483 3619 τὸν
2517 3567 2771 3621 ἐνιαυτόν.
2806 3566 3010 3636 Χρῆσιν
3041 3567 3083 3618 δ’
3113 3567 3400 3637 ἐμϐολίμου
3429 3569 3592 3638 μηνὸς
3627 3569 3718 3620 καὶ
3743 3570 3921 3636 Ἐλλη-

2335 3717 2338 3720 ,
2399 3675 2478 3710 σιν
2501 3657 2761 3710 ἀνέκαθεν
2785 3653 2920 3709 εἶναι
2952 3655 3099 3738 δηλοῖ
3126 3659 3523 3737 καὶςΗρόδοτος,
3554 3660 3720 3727 λέγων
3737 3677 3750 3689 ·
3777 3679 3793 3710 ι
3813 3661 3921 3712 Ἓλ-

2396 3747 2552 3818 ληνες
2588 3748 2682 3816 μὲν
2704 3746 2797 3824 ’διὰ
2827 3747 3006 3816 τρίτου
3050 3746 3193 3809 ἔτεος
3228 3746 3514 3816 ἐμϐόλιμον
3543 3747 3921 3815 ἐπεμϐάλλουσι

2397 3840 2503 3890 τῶν
2530 3839 2711 3908 ὡρέων
2757 3839 2990 3891 εἵνεκεν·
3023 3837 3300 3905 Αἰγύπτιοι
3337 3837 3412 3901 δὲ,
3454 3838 3922 3910 τριακονθημέρους

2399 3930 2613 3996 ἄγοντες
2645 3930 2767 3991 τοὺς
2788 3920 2990 3982 δώδεκα
3018 3929 3210 3998 μῆνας,
3241 3930 3530 3998 ἐπάγουσιν
3557 3931 3658 3984 ἀνὰ
3688 3934 3794 3984 πᾶν
3819 3933 3922 3992 ἔτος

2400 4019 2554 4071 πέντε
2582 4019 2788 4090 ἡμέρας
2820 4019 2990 4088 παρὲξ
3009 4019 3100 4073 τοῦ
3132 4019 3392 4089 ἀριθμοῦ·
3425 4021 3516 4073 καί
3547 4037 3667 4088 σφιν
3688 4022 3717 4072 ὁ
3744 4021 3924 4081 κύκλος

2399 4107 2504 4158 τῶν
2545 4107 2727 4178 ὡρέων
2759 4110 2835 4169 εἰς
2871 4108 3032 4160 ταυτὸ
3077 4107 3296 4177 περιιὼν
3333 4109 3702 4180 παραγίνεται..
3738 4129 3758 4160 ι
3789 4111 3849 4163 El
3875 4109 3924 4166 δὲ

2400 4197 2716 4267 Νομᾶςμὲν
2761 4190 3056 4252 εἴκοσι’καὶ
3097 4198 3236 4252 δυοῖν
3269 4200 3488 4270 ἡμερῶν
3518 4201 3608 4254 τὸν
3649 4201 3921 4272 ὲμὸόλιμον

2401 4285 2604 4348 ἔταξεν,
2655 4286 2931 4355 Ἡρόδοτος
2969 4286 3026 4338 δὲ
3073 4287 3529 4357 τριακονθήμερον
3576 4290 3918 4360 καταριθμεῖ·

2400 4375 2552 4429 οὐθὲν
2593 4377 2738 4427 τουτὶ¹
2762 4359 2918 4446 ⁵πρὸς
2957 4377 3045 4430 τὸν
3077 4378 3170 4430 νῦν
3200 4378 3385 4446 λόγονέ
3415 4378 3550 4431 Ἀλλ’
3583 4359 3752 4433 ἐκεῖνο
3779 4381 3922 4450 δῆλον

2402 4468 2508 4519 κάκ
2530 4467 2744 4531 τούτων,
2777 4468 2851 4531 ὡς
2891 4469 3151 4538 Ἀθηναῖοι
3191 4469 3455 4540 χρώμενοι
3488 4471 3758 4541 ὲμὸολίμῳ
3779 4488 3924 4542 etpos-

688 4562 691 4563 ⁷
767 4559 1225 4614 intercalationem
1258 4556 1486 4610 duorum
1527 4566 1580 4612 et
1610 4558 1796 4626 viginti
1831 4557 2041 4611 dierum
2084 4557 2299 4610 ordina-
2333 4538 2372 4592 θ

2361 4541 2376 4590 ί
2403 4559 2731 4628 ανεπλὴρουν
2763 4560 2823 4611 τὸ
2860 4560 3097 4613 ἐλλεῖπον
3131 4538 3264 4631 πρδς
3290 4538 3385 4631 τὴν
3412 4538 3539 4632 ὃλην
3567 4538 3808 4632 πρίοδον
3825 4538 3922 4615 -τοῦ

769 4651 870 4713 vit;
907 4649 1205 4702 Herodotus
1232 4663 1358 4701 vero
1386 4647 1603 4715 triginta
1634 4647 1840 4705 dierum
1881 4655 2142 4709 recenset,
2168 4639 2301 4700 nihil

2405 4649 2552 4718 ἡλίου
2577 4649 2681 4700 τῶν
2708 4648 2862 4719 ὡρῶν
2900 4650 3076 4705 ἓνεκα.

771 4740 872 4792 hoc
909 4737 975 4790 ad
1001 4738 1436 4805 disceptationem
1482 4746 1816 4805 praesentem.
1854 4735 2051 4790 Verum
2100 4752 2164 4791 ex
2213 4737 2314 4792 liis-
2335 4738 2495 4793 datur
2551 4741 2684 4794 illud
2713 4741 2959 4810 intelligi,
2988 4740 3343 4798 Athenienses
3378 4757 3564 4800 mense
3598 4744 3925 4800 intercalario

771 4837 982 4898 utentes
1009 4828 1134 4881 anni
1161 4831 1243 4881 sui
1265 4827 1528 4881 delectum
1559 4827 1981 4894 supplevisse,ut
2002 4835 2302 4896 temporum
2333 4830 2467 4884 ratio
2496 4829 2710 4886 facilius
2731 4833 2861 4886 solis
2883 4833 3060 4887 itineri
3093 4841 3427 4903 congrueret.

1406 4918 1476 4970 De
1506 4934 1662 4970 anno.

835 5009 924 5062 ιχ.
955 5006 1206 5060 Bilariam
1226 5021 1351 5074 ergo
1372 5021 1569 5062 annum
1596 5004 2009 5059 considerabant
2032 5044 2046 5067 ,
2094 5015 2152 5058 ut
2201 5005 2299 5074 qui

772 5100 966 5168 partim
995 5113 1022 5150 a
1047 5097 1157 5150 sole
1176 5097 1428 5149 trecentis
1451 5097 1727 5164 sexaginta
1748 5094 1935 5148 diebus
1958 5095 2294 5158 deﬁniretur,

773 5197 989 5260 propter
1017 5187 1305 5239 sectionem
1340 5186 1540 5253 obliqui
1576 5184 1819 5255 signiferi
1845 5185 1898 5235 in
1931 5185 2149 5237 totidem
2180 5198 2304 5252 gra-

773 5281 893 5333 dus.
927 5277 992 5332 Et
1016 5277 1173 5344 hujus
1200 5283 1342 5331 certe
1370 5277 1609 5344 quintam
1642 5284 1847 5345 partem
1874 5274 2193 5328 Aristoteles
2220 5275 2300 5328 di-

774 5370 847 5421 cit
868 5384 986 5422 esse
1013 5368 1146 5421 duos
1179 5375 1231 5419 et
1283 5367 1615 5436 septuaginta
1649 5366 1800 5420 dies:
1864 5366 2054 5433 partim
2101 5381 2130 5417 a
2178 5366 2298 5417 luna

776 5459 961 5510 diebus
1013 5463 1333 5522 quatuorvet
1377 5455 1762 5524 quinquaginta
1816 5468 1977 5521 supra
2012 5460 2298 5506 trecentos.

779 5542 972 5597 Eadem
1009 5545 1168 5598 etiam
1203 5542 1406 5596 ratione
1437 5543 1711 5596 mensibus
1742 5543 1935 5611 partim
1984 5542 2049 5595 ad
2100 5544 2302 5603 solem,

777 5634 968 5702 partim
1019 5635 1084 5688 ad
1125 5634 1302 5687 lunam
1340 5633 1600 5692 deductis,
1641 5634 1862 5702 aliisque
1890 5633 2185 5687 annisdies
2215 5633 2304 5685 tri—

778 5723 921 5792 ginta
978 5722 1324 5792 adjiciebant;
1388 5724 1506 5778 aliis
1546 5724 1777 5792 quinque
1810 5730 1921 5796 :'_et
1954 5723 1998 5778 si
2030 5724 2155 5792 quid
2191 5737 2303 5776 am-

2939 4922 3077 4989 IIspl
3107 4916 3402 4978 ἐνιαυτοῦ.

2472 5009 2546 5064 Θ’.
2576 5008 2743 5079 Διχῶς
2765 5005 2856 5062 οὖν
2885 5009 3143 5079 ἐθεώρουν
3167 5009 3256 5063 τὸν
3281 5011 3536 5075 ἐνιαυτὸν,
3564 5007 3670 5064 οἷον
3700 5011 3790 5063 τὸν
3836 5012 3921 5082 μὲν

2408 5097 2662 5165 ἐξήκοντα
2707 5100 2798 5150 καὶ
2847 5100 3175 5168 τριακοσίαις
3221 5101 3455 5169 ἡμέραις
3501 5101 3808 5170 ὁριζόμενον
3861 5102 3926 5170 τῷ

2407 5187 2555 5256 ἡλίῳ,
2597 5189 2684 5241 διὰ
2730 5190 2822 5258 τὴν
2869 5192 2947 5251 εἰς
2985 5190 3242 5252 τοσαύτας
3286 5191 3474 5260 μοίρας
3513 5191 3821 5263 κατατομήν
3848 5191 3928 5246 τοῦ

2406 5277 2585 5340 λοξοῦ·
2630 5279 2721 5330 καὶ
2764 5278 2944 5330 τούτου
2988 5279 3050 5348 δὴ
3095 5279 3255 5348 μέρος
3301 5277 3542 5348 πέμπτον
3576 5281 3929 5350 ’Δριστοτέλης

2407 5361 2540 5416 εἷναί
2569 5383 2726 5436 φησιν
2754 5367 2959 5436 ἡμέρας
2982 5367 3338 5436 ἑϐδομήκοντα
3365 5368 3456 5420 καὶ
3485 5368 3602 5421 δύο·
3630 5368 3718 5421 τὸν
3741 5369 3799 5422 δὲ
3827 5371 3930 5422 τέτο

2409 5473 2562 5523 ταρσι
2608 5457 2701 5509 καὶ
2749 5459 3091 5530 πεντήκονται
3118 5456 3210 5509 καὶ⁸
3251 5457 3578 5527 τριακοσίαις
3625 5461 3689 5528 τῇ
3723 5460 3926 5531 σελήνῃ.

2425 5546 2698 5612 Ἀνάλογον
2722 5546 2778 5599 δὲ
2821 5547 2914 5599 καὶ
2960 5547 3084 5608 τοὺς
3127 5547 3295 5616 μῆνας
3336 5545 3640 5619 ἦγον,»τοὺς
3677 5549 3771 5617 μὲν
3803 5549 3930 5602 κατὰ

2409 5635 2497 5685 τὸν
2523 5635 2686 5700 ἥλιον,
2717 5634 2839 5695 τοὺς
2876 5633 2948 5686 δὲ.
2971 5632 3107 5685 κατὰ
3133 5631 3232 5703 τὴν
3276 5633 3498 5704 σελήνην
3519 5648 3534 5662 ·
3551 5632 3855 5686 ἑτιὲὗαλλόν
3881 5647 3944 5688 τι,

2409 5728 2516 5788 τοῖς
2547 5725 2641 5794 μὲν
2669 5726 2947 5795 τριάκοντα
2969 5725 3197 5794 ἡμέρας,
3225 5727 3333 5789 τοῖς
3363 5723 3419 5779 δὲ
3451 5724 3630 5789 πέντε,
3656 5723 3750 5779 καὶ
3771 5723 3829 5778 ιτ
3849 5739 3928 5779 τω
