4130 6342
173 398 337 457 1189
1107 392 1449 449 ΤΠΕΟΟΟΒΙ
1484 394 1689 449 GAZAS
1730 393 1754 446 Ι

1851 392 1932 447 ER
1976 391 2058 444 DE
2100 392 2462 469 MENSlBUS.
3242 390 3405 450 ’1190

176 516 445 577 πλείονος
490 514 596 567 δέοι
626 514 712 567 διὰ
753 514 1009 584 τετάρτου
1044 514 1305 567 ἐνιαυτοῦ.
1333 513 1411 565 Τὰ
1434 514 1478 566 δ’
1507 514 1612 583 ἄρα
1641 513 1754 582 βοή⁸

1858 511 2000 579 plius
2026 525 2162 580 opus
2186 522 2317 577 erat,
2352 517 2547 581 quarto
2570 526 2966 581 quoqueanno.
3003 510 3229 581 Hacque
3252 522 3404 566 erant

174 606 322 660 θεία
350 602 437 676 ἦν,
465 605 793 658 διατείνουσα
823 606 919 675 μὲν
945 605 1004 657 οὐ
1029 607 1232 676 πόρρω,
1266 607 1421 676 ἱκανὴ
1457 606 1637 674 μέντοι
1681 606 1754 665 είς

1858 600 2121 663 subsidia,
2166 616 2285 668 qua:
2326 616 2432 653 non
2477 586 2638 657 latius
2668 601 2881 671 quidem
2931 610 3206 669 paterent,
3259 602 3405 656 δυσὶ-

175 696 252 747 τὸ
289 694 423 749 αὐτὸ
461 695 918 757 ἀντικαθιστάναι,
967 696 1058 748 καὶ
1093 695 1293 766 εἴργειν
1335 699 1391 747 ἐν
1426 699 1536 757 τοῖς
1580 697 1754 758 αὐτοῖς

1859 690 2053 742 cientia
2086 698 2264 744 tamen
2293 692 2578 746 restituere
2609 708 2821 747 menses
2849 694 2973 755 sibi,
3002 701 3054 747 et
3081 693 3267 748 iisdem
3294 696 3404 748 fere

178 800 306 836 που
336 785 479 853 ὅροις
509 784 633 846 τοὺς
665 785 833 854 μῆνας
857 801 868 812 ·
900 785 1035 853 ίαμά
1060 803 1118 836 τε
1143 785 1240 853 τῆς
1269 785 1574 855 ἀνωμαλίας
1606 786 1754 853 ἐτύγ-

1858 778 2054 833 linibus
2087 793 2181 833 eos
2214 794 2498 844 coercere;
2532 796 2707 851 eaque
2742 783 3119 851 inmqualitatis
3147 784 3361 836 curatio
3386 822 3401 846 ,

177 892 364 945 χανεν
388 875 467 937 ὃν,
500 876 575 938 ῶς
613 876 704 927 καὶ
732 876 1069 947 Πλούταρχος
1116 876 1281 943 λέγει,
1318 875 1569 946 μειζόνων
1602 877 1754 944 ίαμά-

1851 872 1914 923 ἰιι
1966 871 2263 938 majoribus
2318 872 2446 925 olim
2505 872 2757 927 remediis
2807 873 3113 943 indigeret,
3165 875 3401 929 futurum

176 982 309 1018 των
342 964 621 1037 δεήσεσθαι
650 965 855 1033 μέλλον.
885 968 1097 1035 Καῖσαρ
1129 964 1221 1018 οὖν
1266 968 1295 1018 ὁ
1322 966 1532 1035 πρῶτος
1564 983 1754 1036 μοναρ-

1854 970 1991 1025 erat,
2028 963 2476 1032 quemadmodum
2509 956 2672 1018 refert
2702 964 3047 1019 Plutarchus.
3092 954 3273 1023 Caesar
3303 969 3402 1020 ita-

178 1058 376 1126 χήσας
425 1056 725 1127 Ῥωμαίων,
768 1060 881 1119 τοῖς
922 1056 1161 1126 ἀρίστοις
1211 1058 1316 1109 τῶν
1368 1056 1754 1126 μαθηματικῶν

1854 1067 1979 1120 que,
2020 1054 2066 1107 is
2103 1056 2195 1122 qui
2246 1055 2452 1123 primus
2504 1056 2785 1123 imperium
2834 1057 3032 1111 invasit
3061 1067 3115 1113 et
3146 1060 3212 1113 ad
3245 1060 3404 1127 cujus

176 1145 493 1214 πρόϐλημα
522 1147 648 1216 περὶ
670 1145 857 1198 τούτου
887 1144 1126 1215 προθεὶς,
1165 1146 1227 1197 ἐκ
1258 1145 1363 1197 τῶν
1391 1146 1754 1215 ὑποκειμένων

1855 1145 2017 1197 unius
2046 1144 2337 1198 arbitrium
2388 1161 2476 1199 res
2520 1143 2761 1199 Romana
2811 1146 3061 1202 devoluta
3093 1156 3207 1213 est,
3259 1166 3399 1219 qua:-

177 1235 301 1305 ἧδη
354 1235 587 1305 μεθόδων
637 1236 767 1288 ἰδίαν
798 1234 921 1287 τινὰ
960 1235 1053 1287 καὶ
1099 1234 1526 1307 διηκριϐωμένην
1562 1220 1756 1304 μᾶλλον

181 1327 568 1397 ἐπανόρθωσιν
621 1327 790 1397 ἔμιξε.
847 1325 1069 1379 Δοκοῦσι
1124 1326 1168 1378 δ’
1220 1328 1501 1395 Αἰγύπτιοι
1554 1328 1755 1398 πρῶτοι

185 1417 343 1486 μησὶ
372 1419 673 1489 χρήσασθαι
702 1418 822 1472 καθ’
854 1417 1001 1486 ἣλιον
1029 1419 1506 1490 τριακονθημέροις
1529 1420 1752 1482 δώδεκα,

183 1510 293 1561 καὶ
327 1510 485 1561 πέντε
517 1512 726 1580 ἡμέρας
759 1512 1052 1580 ἐπαγαγεῖν
1081 1514 1199 1566 κατ’
1226 1514 1464 1564 ἐνιαυτὸν
1497 1512 1753 1563 ἕκαστον·

182 1601 252 1652 τό
287 1617 353 1653 τε
389 1600 663 1670 ὲπιτρέχον
698 1603 879 1672 μόριον
911 1604 1008 1672 τῆς
1051 1602 1258 1673 ἡμέρας
1296 1604 1374 1665 εἰς
1417 1601 1756 1671 ἐκπλήρωσιν

180 1689 290 1743 τοῦ
328 1690 447 1743 ὅλου
478 1690 717 1743 ἐνιαυτοῦ
759 1693 822 1743 ἐκ
854 1692 1113 1761 περιόδων
1156 1692 1407 1744 πλειόνων
1446 1691 1580 1743 ἐτῶν
1619 1691 1753 1742 ἀπο-

176 1780 473 1844 λαϐόντες,
506 1781 786 1835 συνθέσθαι
834 1781 958 1852 μίαν
992 1783 1221 1854 ἡμέραν.
1258 1782 1514 1853 Ἕλληνες
1541 1782 1595 1833 δὲ
1624 1781 1752 1851 παρ’

184 1872 425 1926 ὲκείνων
451 1872 579 1926 ἄλλα
621 1890 680 1924 τε
725 1872 889 1926 πλείω
925 1873 1033 1926 τῶν
1064 1875 1324 1945 οὐρανίων
1364 1872 1749 1945 θεωρημάτων,

184 1965 290 2016 καὶ
324 1963 495 2016 ταῦτα
528 1950 848 2034 παρέλαϐον,
872 1964 941 2018 τὰ
977 1966 1074 2035 μὲν
1102 1965 1638 2036 μεθερμηνευθέντων
1674 1969 1751 2028 εἰς

181 2052 250 2104 τὸ
296 2053 604 2123 Ἑλληνικὸν
629 2054 735 2106 τῶν
777 2056 1195 2127 ὑπομνημάτων,
1221 2058 1287 2110 τὰ
1325 2056 1379 2109 δὲ
1419 2057 1511 2108 καὶ
1542 2056 1753 2110 συνδια-

183 2142 488 2211 τρίψαντες
514 2147 624 2206 τοῖς
656 2146 771 2197 ἐκεῖ
809 2146 1033 2215 ίερεῦσι,
1076 2149 1345 2217 περιττοῖς
1370 2143 1486 2199 οὖσι
1523 2147 1618 2216 τὴν
1644 2147 1751 2200 τῶν

184 2234 465 2303 οὐρανίων
502 2223 822 2306 ἐπιστήμην.
865 2236 1120 2289 Πλάτωνα
1157 2237 1283 2305 γοῦν
1318 2238 1447 2305 φασί
1486 2254 1627 2299 τινες
1660 2240 1751 2291 καὶ

185 2323 448 2389 Εὔδοξον,
476 2325 922 2396 ἀποδημήσαντας
948 2328 1026 2389 είς
1046 2328 1336 2395 Αἴγυπτον,
1361 2327 1612 2397 ὁμιλῆσαι
1641 2332 1751 2391 τοῖς

190 2413 409 2486 ἱερεῦσι
435 2418 782 2488 τρισκαίδεκα
811 2417 922 2488 ἐτη.
964 2418 1271 2481 Μυστικοὺς
1318 2419 1425 2489 γὰρ
1464 2419 1619 2477 ὄντας
1662 2418 1751 2469 καὶ

189 2508 642 2577 δυσμεταδότους,
683 2508 788 2561 ἔδει
828 2508 904 2578 τῷ
945 2509 1117 2579 χρόνῳ
1153 2509 1248 2562 καὶ
1284 2513 1402 2573 ταῖς
1442 2508 1752 2578 θεραπείαις

193 2596 582 2666 ἐκλιπαρῆσαι,
610 2597 745 2650 ὥστε
776 2598 894 2651 τινὰ
931 2598 1037 2651 τῶν
1065 2599 1428 2671 θεωρημάτων
1456 2601 1747 2669 ἱστορῆσαι.

195 2686 389 2738 Ταῦτα
421 2686 516 2755 μὲν
544 2686 682 2739 οὕτω
716 2687 941 2757 διαιρεῖν
983 2688 1109 2750 ἴσως
1135 2690 1195 2740 οὐ
1233 2692 1407 2758 χεῖρον
1428 2704 1440 2716 ⁸
1475 2689 1535 2739 τό
1574 2704 1631 2739 τε
1671 2687 1748 2739 δι-

188 2776 545 2847 ηπορημένον
574 2776 774 2845 φανεὶς
798 2779 825 2829 ὁ
853 2778 1138 2847 ὲμϐόλιμος
1163 2778 1297 2831 λύει.
1332 2778 1439 2830 Καὶ
1480 2778 1533 2829 εἴ
1574 2795 1625 2829 τι
1664 2778 1752 2830 διὰ

199 2866 450 2930 πλείονος
483 2867 560 2919 ἔτι
586 2868 775 2937 χρόνου
804 2867 1178 2937 παραλλάττει,
1205 2868 1347 2929 εἰκὸς
1379 2868 1473 2922 καὶ
1504 2871 1625 2933 τοὺς
1652 2871 1753 2923 πά-

189 2957 291 3011 λαι
325 2958 654 3029 συνορῶντας
689 2959 781 3011 καὶ
810 2958 963 3011 τοῦτο
994 2958 1161 3030 δήπου
1200 2959 1640 3035 ἐπανορθοῦσθαι,
1667 2960 1753 3015 ὁτὲ

202 3048 307 3117 μὲν
355 3050 703 3120 μακρότερον,
749 3050 834 3101 ὁτὲ
879 3048 935 3101 δὲ
982 3049 1304 3120 βραχύτερον
1348 3051 1435 3103 τὸν
1467 3051 1753 3121 ἐμϐόλιμον

1854 1235 2030 1289 stione
2080 1233 2181 1288 hac
2230 1235 2297 1289 de
2330 1251 2389 1289 re
2416 1238 2637 1305 optimis
2669 1236 3065 1294 mathematicis
3092 1242 3401 1309 proposita,

1853 1340 1919 1379 ex
1974 1325 2262 1379 substratis
2310 1326 2422 1393 jam
2479 1328 2581 1381 viis
2642 1328 3093 1399 rationibusque,
3126 1334 3403 1400 propriam

1854 1404 2142 1483 quamdam
2196 1423 2247 1467 et
2279 1402 2618 1470 accuratiore
2666 1433 2796 1471 cura
2829 1422 3185 1490 excogitatam
3221 1437 3405 1476 emen-

1854 1506 2123 1561 dationem
2154 1505 2404 1559 confecit.
2436 1504 2602 1559 Primi
2646 1518 2823 1560 autem
2869 1510 3111 1562 omnium
3161 1508 3403 1580 Egyptii

1855 1598 1923 1651 ad
1961 1599 2127 1651 solem
2159 1598 2442 1655 duodecim
2481 1598 2753 1653 mensibus
2807 1602 2891 1654 usi
2935 1584 3217 1661 vident-ur,
3252 1612 3304 1657 et
3334 1603 3398 1657 iis

1854 1691 2072 1759 quidem
2127 1693 2478 1759 tricenariis,
2542 1699 2594 1747 et
2650 1694 2886 1762 quinque
2938 1694 3052 1748 dies
3111 1697 3405 1763 quotannis

1858 1784 2121 1852 adjecisse
2158 1826 2174 1850 ,
2248 1785 2677 1854 particulamque
2741 1786 2847 1839 diei
2901 1793 3273 1840 excurrentem
3333 1777 3410 1841 ad'

1854 1874 2283 1941 supplementum
2324 1875 2491 1929 totius
2517 1876 2664 1938 anni,
2692 1890 2757 1929 ex
2791 1874 2972 1929 multis
3004 1888 3268 1928 annorum
3297 1877 3404 1930 cir-

1854 1963 2088 2017 cuitibus
2118 1973 2451 2027 acervatam,
2496 1966 2552 2017 in
2597 1980 2762 2019 unum
2802 1967 2941 2020 diem
2976 1968 3237 2036 integrum
3267 1984 3400 2023 con-

1848 2056 2064 2123 jecisse.
2096 2055 2266 2110 erci
2295 2070 2424 2111 vero
2459 2056 2527 2109 ab
2575 2057 2702 2125 illis,
2734 2062 2857 2111 Cum
2891 2058 2994 2111 alia
3025 2062 3286 2129 permulta
3316 2076 3403 2115 reo
3478 2050 3485 2057 ’

1853 2162 1973 2199 rum
2003 2147 2334 2210 caelestium;
2370 2155 2483 2199 tum
2534 2146 2661 2199 haec
2690 2150 2957 2216 prmcipue
3002 2157 3190 2204 mutuo
3243 2166 3403 2205 acce-

1854 2244 2083 2305 perunt;
2115 2236 2307 2305 partim
2343 2237 2604 2290 traductis
2638 2238 2688 2288 in
2723 2237 2956 2305 linguam
2983 2236 3226 2305 Grtecam
3250 2254 3399 2293 com-

1853 2326 2163 2389 mentariis;
2195 2327 2389 2395 partim
2415 2336 2537 2380 eum
2560 2341 2746 2381 eorum
2777 2327 3149 2382 sacerdotibus
3175 2332 3400 2394 versati,

1851 2417 2063 2485 egregie
2088 2416 2401 2485 divinarum
2436 2417 2846 2487 ccelestiumque
2875 2418 3219 2473 scientiarum
3248 2423 3393 2489 peri-

1853 2511 1945 2562 tis.
1975 2508 2175 2563 Ferunt
2210 2505 2389 2579 itaque
2418 2512 2719 2574 Platonem,
2770 2522 2822 2564 et
2857 2509 3135 2564 Eudeum
3178 2527 3405 2581 peregre

1853 2602 1907 2655 in
1942 2601 2229 2671 Aigyptum
2263 2601 2565 2670 profectos,
2600 2603 2756 2656 annis
2788 2602 3043 2657 tredecim
3074 2604 3211 2673 apud
3232 2602 3398 2674 Egy-

1853 2691 1993 2759 ptios
2046 2690 2356 2744 sacerdotes
2399 2690 2705 2755 mansisse;
2740 2698 2887 2744 tanta
2924 2694 3067 2746 enim
3106 2702 3400 2747 consuetu-

1853 2781 1998 2846 dine,
2021 2788 2238 2851 tamque
2267 2780 2476 2836 diutino
2507 2781 2770 2849 obsequio
2802 2788 2956 2835 erant
3006 2783 3264 2837 exorandi
3288 2822 3302 2847 ,
3346 2791 3400 2837 et

1852 2874 2005 2941 quasi
2034 2872 2376 2927 eblandiendi
2396 2911 2411 2935 ,
2459 2880 2535 2925 ut
2562 2872 2654 2940 qui
2688 2886 2866 2924 rerum
2898 2885 3219 2924 arcanarum
3250 2882 3400 2925 tena-

1853 2979 1963 3027 ces,
1995 2965 2249 3032 avarique
2282 2963 2595 3031 elargitores
2632 2969 2810 3016 essent
2838 2960 3243 3029 disciplinarum
3275 2977 3399 3016 sua-

1837 3069 2006 3119 .rum;
2072 3068 2180 3123 quo
2236 3054 2438 3123 aliquid
2512 3054 2812 3107 cmlestium
2887 3048 3395 3121 contemplationum

200 3139 574 3208 ποιουμένους.
608 3140 678 3191 Τὸ
704 3139 747 3191 δ’
774 3138 1174 3210 ἀκριϐέστατον,
1201 3140 1294 3193 καὶ
1321 3140 1452 3210 μηδὲ
1475 3141 1601 3210 παρ’
1644 3140 1753 3194 ὀλί-

1856 3142 2210 3211 impertirent.
2241 3140 2365 3195 Haec
2397 3156 2525 3195 vero
2556 3141 2629 3193 ita
2670 3139 3022 3209 distinguere,
3072 3146 3130 3191 ut
3162 3139 3355 3207 opinor
3379 3177 3395 3200 ,

199 3243 300 3292 γον
329 3244 382 3279 τι
409 3226 761 3296 πλημμελεῖν,
786 3227 1172 3296 ούκὲπιζητεῖν
1195 3228 1271 3279 δεῖ
1290 3245 1302 3257 ο
1334 3229 1491 3280 ὁπότε
1517 3231 1609 3281 καὶ
1636 3228 1751 3292 νῦν,

202 3316 443 3369 ἐπίδοσιν
472 3317 568 3385 τῆς
609 3317 957 3386 ἀστρολογίας
998 3316 1264 3385 τοσαύτην
1291 3315 1577 3387 λαϐούσης,
1609 3318 1754 3385 ὅμως

198 3409 235 3475 ἡ
268 3406 370 3473 τῆς
386 3408 654 3480 κινήσεως
680 3405 957 3475 ἀνωμαλία
984 3405 1257 3474 διαφεύγει
1282 3407 1369 3461 τὸν
1392 3407 1754 3477 λόγον,λπερι-

203 3495 464 3566 γινομένη
493 3496 589 3565 τῆς
613 3495 718 3548 τῶν
748 3495 1136 3566 μαθηματικῶν
1157 3497 1464 3567 ἐμπειρίας.
1494 3495 1601 3558 Τὰς
1632 3497 1757 3566 μὲν-

202 3600 285 3635 τοι
322 3583 429 3636 τῶν
460 3585 640 3655 μηνῶν
672 3586 946 3656 περιόδους
984 3587 1260 3656 ὁμολογεῖν
1302 3590 1421 3650 ταῖς
1460 3586 1627 3656 ὥραις
1671 3586 1757 3640 ἀεὶ

204 3677 352 3727 ποιεῖ
392 3677 420 3727 ὁ
468 3674 754 3745 ὲμϐόλιμος
802 3674 880 3746 τῷ
922 3677 1088 3747 τρίτῳ
1141 3678 1224 3729 ἀεὶ
1275 3677 1605 3747 ἐπαγόμενος
1648 3676 1755 3730 τῶν

205 3764 365 3817 ἑτῶν.
397 3764 468 3816 Τὸ
494 3765 549 3816 δὲ
586 3765 714 3834 πρὶν
746 3765 1055 3836 ὲμϐολάσαι,
1094 3768 1185 3819 καὶ
1220 3769 1343 3849 περὶ
1383 3768 1442 3820 τὸ
1464 3766 1757 3837 ὲμϐολάζον

200 3856 338 3926 αὐτὸ
382 3856 497 3918 ἔτος
528 3857 813 3926 ὑπενεχθέν
850 3875 907 3910 τε
954 3859 1044 3911 καὶ
1084 3859 1383 3922 ὲπαλλάξαν
1414 3859 1521 3912 τῶν
1553 3861 1755 3930 μηνῶν,

205 3946 287 3997 ἐτι
323 3946 489 3998 δεῖται
537 3930 713 4014 λόγου,
753 3948 869 4011 πῶς
919 3950 985 4001 ἂν
1029 3949 1457 4018 ἑρμηνευόμενον
1506 3942 1783 4019 τυγχάνοί

206 4035 301 4087 τοῦ
342 4034 541 4089 ἱκανοῦ.
572 4036 740 4105 Δῆλον
767 4037 893 4107 γὰρ,
920 4038 999 4089 δτι
1030 4038 1091 4089 τὸ
1113 4037 1405 4107 ἐμϐολάζον
1436 4039 1603 4107 συχνὰ
1630 4041 1757 4109 παρ’

206 4126 305 4179 ἕνα
341 4144 443 4179 που
490 4127 597 4192 ἕξει
639 4124 763 4190 τοὺς
803 4128 974 4197 μῆνας
1017 4128 1366 4198 ἀνομολόγους
1412 4130 1528 4191 ταῖς
1568 4127 1754 4199 ὥραις.

210 4217 299 4269 Διὸ
342 4218 436 4271 καὶ
483 4217 840 4289 Θεόφραστος,
871 4210 893 4269 't
932 4220 1125 4289 Ἐαρος
1169 4218 1325 4281 εὐθὺς
1354 4220 1635 4288 ἱσταμένου
1662 4217 1757 4270 τοῦ

203 4304 605 4377 Θαργηλιῶνος,
637 4328 654 4357 ι
689 4309 869 4377 φησιν,
894 4308 968 4370 ὡς
993 4309 1085 4360 τοῦ
1115 4308 1482 4379 Μουνυχιῶνος
1526 4324 1762 4377 χειμερι-

212 4396 302 4450 νοῦ
349 4399 415 4468 δὴ
446 4398 729 4467 γενομένου
752 4414 764 4427 ·
808 4397 901 4451 τοῦ
926 4398 970 4449 δ’
999 4397 1290 4469 ἐμϐολίμου
1332 4397 1539 4469 θερινοῦ
1572 4416 1759 4468 τροπι-

1834 3248 1961 3297 ,ηοη
1994 3232 2344 3301 improbabile
2375 3239 2457 3284 est
2484 3247 2497 3282 :
2530 3238 2642 3282 tum
2693 3230 2836 3296 quod
2883 3230 3022 3282 inest
3053 3229 3233 3291 dubii,
3280 3243 3399 3298 qua!

1854 3330 2041 3389 postea
2073 3319 2296 3373 emersit
2320 3317 2655 3370 intercalatio
2687 3316 2867 3368 solvit.
2918 3316 3095 3383 Atque
3120 3315 3300 3377 etiam
3350 3316 3396 3370 si

1854 3409 1983 3478 quid
2016 3408 2255 3477 longiore
2284 3406 2540 3474 temporis
2584 3404 2863 3457 intervallo
2892 3402 3065 3456 adhuc
3109 3404 3394 3464 evariaret,

1855 3500 2109 3554 credibile
2133 3505 2217 3553 est
2262 3498 2347 3551 vel
2389 3497 2640 3565 antiquos
2672 3479 2817 3563 ipsos
2871 3490 3292 3564 perspicientes,
3344 3493 3399 3546 id

1853 3582 2069 3659 quoque
2097 3586 2493 3658 quodammodo
2519 3586 2856 3651 correxisse;
2898 3584 3056 3637 modo
3082 3584 3395 3652 longiorem,

1856 3678 2016 3731 modo
2054 3678 2351 3731 breviorem
2390 3676 2846 3728 intercalationem
2900 3674 3180 3727 facientes.
3213 3672 3401 3743 Neque

1855 3783 1983 3822 vero
2006 3777 2255 3823 exactam
2289 3768 2342 3819 in
2376 3767 2459 3819 liis
2493 3765 2845 3832 diligentiam,
2878 3774 2929 3816 et
2962 3764 3028 3817 ab
3055 3765 3198 3817 omni
3220 3779 3402 3818 errore

1855 3857 1939 3911 vel
1973 3857 2245 3910 levissimo
2279 3863 2444 3908 tutam
2473 3854 2685 3921 exigere
2714 3860 2943 3921 oportet,
2971 3853 3400 3922 quandoquidem

1856 3948 1959 4003 hoc
1984 3962 2195 4017 quoque
2221 3947 2417 3999 saeculo
2442 3983 2456 4007 ,
2511 3959 2618 4012 quo
2666 3944 2954 4013 astrologia
2982 3952 3188 3996 tantum
3220 3945 3401 3998 incre-

1859 4034 2023 4086 menti
2094 4026 2522 4100 prarstantiazque
2580 4030 2771 4099 adepta
2820 4037 2937 4095 est,
2988 4040 3161 4084 tamen
3221 4038 3403 4087 Inc-tus

1857 4124 2186 4192 disparilitas
2208 4124 2709 4177 mathematicorum
2734 4122 2968 4175 rationes
2998 4120 3131 4191 fugit
3159 4139 3171 4175 :
3205 4125 3404 4192 quippe

1858 4231 1977 4285 qua:
2003 4219 2249 4284 superior
2280 4217 2351 4268 sit
2382 4230 2567 4269 eorum
2600 4216 2809 4283 peritia.
2872 4214 2977 4268 Sed
3026 4221 3203 4269 tamen
3253 4232 3404 4270 men—-

1860 4308 1999 4362 sium
2025 4322 2240 4369 cursus,
2269 4313 2326 4359 ut
2347 4322 2467 4360 cum
2497 4306 2623 4359 anni
2670 4307 3001 4376 temporibus
3034 4322 3244 4375 semper
3272 4322 3404 4362 cnn-

1860 4407 2074 4468 gruant,
2115 4398 2243 4450 facit
2288 4404 2411 4465 post
2444 4396 2655 4449 tertium
2688 4411 2954 4465 quemque
3004 4411 3201 4449 annum
3232 4398 3403 4451 intro-

208 4487 329 4552 κοῦ,
358 4489 392 4558 ἦ
417 4489 506 4541 καὶ
548 4488 963 4559 περιστήσαντος
1006 4488 1103 4559 τὴν
1140 4489 1343 4560 τροπὴν
1372 4492 1450 4552 εἰς
1482 4489 1754 4557 ίστάμενόν

1862 4489 2021 4541 ducta
2063 4488 2413 4543 intercalatio.
2458 4485 2723 4540 Caeterum
2758 4485 3007 4539 confusio
3039 4486 3149 4549 illa,
3180 4493 3233 4539 et
3257 4502 3404 4541 men-

213 4594 317 4629 που
354 4579 445 4631 τὸν
479 4578 917 4648 Ἑκατομϐαιῶνα
936 4594 950 4609 ο
982 4578 1136 4632 τοῦτο
1162 4581 1258 4649 μὲν
1302 4577 1393 4634 οὖν
1422 4580 1495 4651 μὴ
1527 4580 1757 4650 συμϐαί-

216 4684 321 4720 νειν
346 4669 442 4739 οὐχ
469 4663 577 4721 οἷόν
604 4669 663 4721 τέ
694 4671 823 4722 ἐστι.
867 4668 964 4722 Διὰ
992 4671 1097 4739 γὰρ
1129 4669 1283 4723 τοῦτο
1305 4672 1397 4723 καὶ
1422 4673 1451 4723 ὁ
1473 4670 1760 4740 ὲμϐόλιμος

216 4757 492 4825 ἐπάγεται,
538 4759 863 4830 ἀναπληρῶν
899 4761 960 4813 τὸ
1002 4760 1195 4823 ἐνδεὲς,
1241 4763 1333 4813 καὶ
1384 4764 1461 4825 εὶς
1497 4763 1759 4830 Ἑκατομ-

218 4843 419 4900 ϐαιῶνα
455 4846 571 4910 τὰς·
596 4848 800 4918 τροπὰς
828 4848 1210 4911 ἀποκαθιστάς.
1259 4850 1368 4918 Τὴν
1398 4850 1442 4902 δ’
1472 4850 1761 4919 ἑρμηνείαν

221 4937 464 5005 ποιητέον
522 4936 610 4988 ἐπὶ
656 4934 762 4988 τῶν
810 4935 950 4989 οὕτω
1002 4938 1470 5009 χρονολογούντων,
1522 4938 1762 5008 στοιχείῳ

221 5027 525 5096 χρωμένους
547 5026 625 5097 τῷ
652 5028 875 5097 παρόντι
897 5028 983 5079 ἀεὶ
998 5009 1245 5106 spome
1274 5027 1400 5098 μηνὶ
1423 5028 1515 5079 καί
1533 5028 1610 5095 τῷ
1638 5028 1762 5097 έξῆς

222 5116 325 5187 τῶν
368 5120 549 5189 μηνῶν
580 5119 721 5173 κατὰ
757 5117 825 5171 τὰ
872 5118 1211 5193 ὑποτεθέντα.
1246 5114 1368 5172 Οἷον
1411 5118 1594 5188 ἐπειδὴ
1637 5119 1763 5171 Θεόο

226 5221 475 5276 φραστος,
497 5228 515 5260 t
540 5212 737 5281 Ἀκρου
770 5209 947 5279 ἔαρος,
986 5209 1143 5273 εὐθὺς
1184 5210 1469 5281 ἱσταμένου
1496 5209 1587 5261 τοῦ
1619 5210 1761 5278 Θαρ-

225 5298 497 5365 γηλιῶνος,
536 5317 555 5347 ι
600 5302 750 5369 φησὶ,
772 5300 1235 5369 μεθερμηνευτέον
1264 5300 1525 5371 Μαρτίου.
1562 5300 1653 5351 καὶ
1690 5300 1763 5369 μὴ

235 5383 520 5455 Ἀπρίλιος.
556 5387 722 5440 Πάλιν
749 5388 1295 5459 ὲπειδὴζΘουκυδίδης
1335 5388 1765 5458 Ἐλαφηϐολιῶνα

227 5475 518 5533 τελευταῖον
566 5481 706 5550 μῆνα
731 5481 836 5533 τῶν
866 5481 1186 5551 χειμερινῶν
1226 5477 1360 5532 εἶναι
1394 5497 1543 5550 φησι,
1581 5482 1764 5534 τοῦτον

235 5566 324 5633 μὲν
348 5570 705 5641 Φεϐρουάριον
745 5572 1129 5643 ὲρμηνιυτέον⁸
1161 5571 1249 5624 τὸν
1279 5572 1323 5622 δ’
1355 5572 1573 5625 ἐπιόντα
1621 5575 1765 5626 Μου-

224 5658 449 5726 νυχιῶνα
472 5660 653 5715 θετέον
678 5661 832 5733 ἔαρος
857 5658 992 5714 εἶναι
1016 5662 1203 5732 ἀρχὴν,
1227 5663 1319 5714 καὶ
1339 5661 1577 5728 Μάρτιον
1604 5680 1764 5731 μετα-

234 5747 486 5800 πειστέον
532 5748 795 5811 Λατίνοις.
866 5747 1022 5800 Ὥστε
1069 5750 1130 5815 δὴ
1187 5751 1279 5801 καὶ
1330 5749 1608 5815 συμϐαίνει
1674 5751 1765 5803 δύο

1864 4580 2003 4633 sium
2040 4570 2402 4632 inconstantia
2432 4591 2565 4646 vaga
2603 4579 2743 4648 (quae
2778 4575 2877 4629 fuit
2906 4576 3055 4644 prius
3085 4578 3296 4631 inventa
3322 4578 3407 4631 in-

1863 4668 2229 4730 tercalatione,
2260 4674 2422 4734 atque
2448 4668 2609 4720 etiam
2642 4676 2762 4737 post
2786 4668 3075 4737 inventam)
3108 4668 3284 4722 adhuc
3313 4684 3407 4722 ex-

1865 4759 2150 4827 plicatione
2183 4756 2421 4824 indiget,
2463 4772 2696 4826 quonam
2738 4766 2897 4826 pacto
2945 4758 3229 4813 transferri
3258 4774 3407 4813 com-

1865 4850 2023 4903 mode
2068 4849 2258 4918 possit.
2304 4848 2529 4902 Constat
2561 4863 2705 4901 entm
2740 4849 2910 4916 ipsam
2945 4850 3407 4926 intercalationem

1866 4942 2102 4994 alternos
2139 4939 2515 4993 feremenses
2567 4953 2689 4991 cum
2743 4928 3249 5007 temporibus’anni
3299 4955 3409 4994 non

1867 5036 2230 5098 competentes
2260 5043 2399 5097 saepe
2429 5027 2751 5081 habituram.
2788 5029 2864 5081 Ex
2907 5041 3015 5098 quo
3046 5030 3203 5082 etiam
3233 5029 3409 5083 Theo-

1866 5121 2120 5189 phrastus
2142 5121 2334 5189 inquit,
2366 5120 2384 5169 ι
2413 5133 2536 5172 vere
2559 5118 2739 5172 statim
2768 5118 3139 5187 Thargelionis
3162 5120 3314 5173 initio
3338 5139 3349 5171 :
3384 5138 3403 5168 ι

1866 5215 2019 5279 quasi
2052 5208 2667 5279 Munychionihibernus
2701 5209 2863 5263 fuerit
2889 5228 2901 5262 :
2923 5210 3257 5265 intercalaris
3286 5224 3412 5262 vero

1867 5299 2085 5352 aestivus
2118 5299 2379 5367 tropicus,
2408 5297 2489 5350 vel
2520 5305 2667 5352 certe
2691 5298 2745 5351 in
2797 5298 3085 5352 instantem
3130 5298 3277 5365 161
3312 5295 3413 5350 He-

1868 5389 2283 5442 catombaeonem
2315 5389 2601 5443 solstitium
2628 5389 3002 5457 circumagens
3034 5408 3045 5442 :
3079 5389 3218 5456 quod
3250 5388 3414 5441 inter-

1870 5479 1995 5532 dum
2023 5494 2131 5533 non
2160 5480 2472 5547 contingere
2504 5495 2610 5532 non
2640 5485 2833 5547 potest.
2874 5478 3007 5533 Nam
3030 5487 3309 5548 pr0pterea
3332 5478 3416 5531 in-

1868 5568 2148 5622 tercalatio
2187 5568 2403 5621 inducta
2458 5577 2580 5633 est,
2634 5578 2690 5621 ut
2727 5569 2991 5625 defectum
3043 5568 3247 5623 dierum
3296 5583 3417 5633 sup-

1870 5660 2048 5727 pleat,
2102 5669 2154 5710 et
2201 5659 2257 5709 in
2322 5657 2816 5715 llecatombzeonem
2870 5660 3097 5715 solstitia
3148 5659 3411 5713 restituat.

1871 5747 2040 5804 Porro
2067 5748 2119 5802 in
2149 5748 2233 5803 his
2254 5749 2360 5827 qui
2391 5750 2469 5806 sic
2494 5748 2721 5807 indicem
2750 5758 3049 5818 temporum
3090 5748 3414 5803 notationem
