4124 6320
723 408 850 463 ιιθι

1683 393 1770 448 ΔΙ)
1808 388 2068 448 EUSSBII
2107 387 2493 444 CllBONlCON
2537 380 2893 439 AFPENDIX.

3780 333 3916 433 uss.

721 518 983 576 scribunt.
1013 510 1386 583 interpretatio
1430 509 1531 564 hoc
1565 513 1724 577 pacto
1758 502 2004 558 facienda
2045 509 2164 566 est,
2218 505 2277 552 ut

2379 496 2725 566 ἰσημερινοὺς
2796 486 2933 546 εἷναι
2986 490 3260 561 ὲαρινοὺς,
3311 486 3671 559 Μουνυχιῶνα
3726 502 3783 538 τε
3839 485 3928 539 καὶ

722 605 970 677 praesenti
1011 616 1222 671 semper
1251 599 1463 667 tropico
1498 611 1598 666 pro
1628 591 1982 648 fundamento
2012 599 2228 643 utamur
2248 627 2265 653 ,

720 708 775 754 et
807 697 1070 751 mensium
1103 693 1242 748 serie
1272 691 1360 744 illa
1385 703 1545 759 quam
1591 700 1752 756 supra
1782 683 2077 754 posuimus.
2111 680 2269 734 \‘erbi

721 788 930 858 gratia:
961 782 1178 852 quando
1217 779 1673 849 Theophrastus:
1715 788 1926 830 summo
1952 787 2112 836 vere,
2165 779 2268 825 sta-

725 881 818 933 tim
843 880 1081 932 instante
1107 872 1462 943 Thargelione
1492 889 1510 922 ι
1539 889 1553 923 :
1587 867 1740 927 dicit.
1774 880 1963 921 mense
1984 863 2196 922 Martio.
2216 867 2272 916 et

723 985 831 1022 non
880 965 1068 1035 Aprili,
1109 960 1566 1031 interpretandum
1619 967 1719 1012 est.
1777 955 2013 1008 Rursum
2054 949 2272 1021 quando

727 1058 1068 1128 Thucydides
1095 1053 1559 1124 Elapheholionem
1595 1065 1714 1104 esse
1737 1048 1868 1102 dicit
1892 1046 2136 1101 ultimum
2161 1044 2273 1098 hie—

727 1152 946 1206 malium
977 1149 1259 1210 mensium,
1293 1145 1436 1198 hunc
1472 1143 1690 1213 quidem
1725 1140 2077 1195 Februarium
2107 1152 2271 1206 opor-

728 1253 803 1298 tet
861 1239 1227 1309 interpretari;
1290 1235 1585 1292 secundum
1644 1247 1800 1303 quem
1861 1231 2003 1286 veris
2061 1231 2271 1284 initium

731 1335 1048 1404 Munychion
1105 1328 1550 1387 constituendus,
1608 1335 1660 1381 et
1700 1324 1905 1378 Latinis
1936 1322 2160 1376 Martius
2190 1327 2273 1375 est

729 1417 1148 1481 transferendus.
1183 1421 1256 1474 Ex
1289 1435 1394 1490 quo
1417 1434 1545 1472 sane
1576 1417 1836 1486 contingit
1858 1415 1994 1467 duos
2022 1429 2144 1468 esse
2164 1427 2278 1465 ver-

731 1535 827 1586 nos
849 1515 1269 1588 aequinoctiales,
1303 1501 1715 1583 Munycliionem
1742 1516 1796 1561 et
1825 1504 2272 1574 Thargeliouem;

729 1611 935 1668 etduos
958 1608 1318 1670 autumnales,
1363 1602 1808 1658 Boedromionem
1863 1605 1918 1652 et
1977 1597 2276 1652 Mzeinacte-

731 1705 934 1758 rionem
963 1720 974 1754 :
1013 1699 1368 1765 similiterque
1390 1692 1698 1748 solstitiales
1719 1691 1855 1744 duos
1883 1689 2095 1743 aestivos
2117 1729 2130 1750 .
2171 1686 2276 1742 He-

2364 584 2719 656 Θαργηλιῶνα
2737 600 2750 613 ο
2781 583 2873 636 καὶ
2899 582 3316 652 φῦινοπωρινοὺς
3343 575 3925 649 δύαΜαιμακτηριῶνα

2368 679 2460 732 καὶ
2505 677 2886 749 Βοηδρομιῶνα
2911 693 2924 704 ·
2973 676 3048 738 ὡς
3096 673 3138 727 δ’
3188 672 3362 738 αὕτως
3390 673 3484 727 καὶ
3521 672 3812 742 τροπικῶς
3840 669 3921 722 δύο

2369 762 2643 841 Θερινοῦς,
2681 766 3134 837 Ἑκατομϐαιῶνα
3183 768 3274 820 καὶ
3319 768 3407 820 τὸν
3457 764 3784 836 ἐμϐόλιμον
3839 761 3919 814 καὶ

2367 863 2742 934 χειμερινοὺς,
2803 859 3138 914 Ποσειδεῶνα
3198 861 3292 913 καὶ
3348 857 3688 930 Γαμηλιῶνα.
3734 855 3923 924 Διόπερ

2381 952 2770 1025 Ἀριστοτέλης,
2807 969 2825 1001 ι
2869 952 2931 1004 Ἢ
2966 949 3266 1020 ἀλεκτορὶς,
3307 968 3326 1001 ι
3367 951 3516 1019 φησὶ,
3555 968 3573 999 ι
3602 949 3780 1000 τίκτει
3813 945 3922 997 ὅλον

2370 1046 2460 1097 τὸν
2515 1043 2775 1109 ἐνιαυτὸν,
2830 1041 2932 1105 ἔξω
2975 1041 3067 1094 δύο
3119 1041 3298 1112 μηνῶν
3339 1040 3446 1093 τῶν
3485 1043 3542 1093 ὲν
3585 1039 3661 1108 τῷ
3701 1037 3921 1106 χειμιῖῑνι

2371 1136 2675 1207 τροπικῶν*
2717 1151 2735 1184 ι
2781 1134 2873 1187 καὶ
2897 1135 2957 1186 τὸ
2999 1135 3055 1186 ἐν
3110 1135 3222 1194 τοῖς
3268 1128 3791 1199 Μετεωρολογικοῒς
3839 1129 3922 1181 ὅτε

2373 1229 2586 1296 ἐγένετο
2625 1227 2867 1298 κομήτης
2896 1225 3069 1294 ἀστὴρ
3099 1224 3231 1294 πρὸς
3253 1224 3502 1292 Ἄρκτον,
3541 1221 3698 1291 μηνὸς
3744 1221 3922 1289 ΓαμῒΓ

2372 1321 2580 1384 λιῶνος,
2614 1321 2736 1390 περὶ
2760 1318 2960 1389 τροπὰς
2991 1317 3142 1380 ὄντος
3165 1314 3258 1371 τοῦ
3282 1316 3430 1387 ἡλίου
3459 1314 3788 1383 χειμερινάς.
3819 1312 3922 1365 Καὶ

2387 1412 2829 1483 Ἀνθεστηριῶνος
2858 1411 2913 1462 δὲ
2950 1409 3129 1478 ἅψαιτ’
3171 1409 3236 1462 ἄν
3291 1424 3418 1460 ποτε
3451 1409 3483 1477 ἡ
3521 1407 3689 1478 τροπὴ
3739 1405 3921 1476 λήγον-

2373 1524 2481 1568 τος.
2530 1503 2666 1557 Ἀλλ’
2705 1504 2760 1556 οἵ
2800 1520 2863 1571 γε
2907 1502 3289 1572 ὀνομαζόμενοι
3339 1499 3587 1570 sponton
3635 1497 3922 1570 χειμερινοὶ

2372 1600 2465 1654 δύο
2493 1601 2541 1654 οἱ
2575 1598 2849 1670 εἰρημένοι
2885 1595 3040 1650 εἰσίν.
3083 1594 3290 1658 Ἀπλῶς
3323 1593 3501 1663 μέντοι
3533 1592 3718 1661 Θέρους
3758 1589 3921 1659 ἀρχὴν

2374 1691 2708 1763 ὑποληπτέον
2741 1686 2878 1742 εἶναι
2913 1690 3000 1741 τὸν
3039 1685 3498 1754 Ἑκατομϐαιῶνα,
3540 1684 3631 1735 καὶ
3673 1681 3921 1750 τροπικὸν

729 1793 1145 1850 εαιοιιιιιῖοοιιοιιι
1169 1796 1221 1842 et
1251 1786 1654 1847 iutercalarem;
1686 1783 2086 1850 brumalesqltc,
2120 1780 2275 1833 Posi-

730 1886 952 1940 deoneiu
982 1890 1034 1936 et
1063 1878 1445 1932 Gamelionem.
1503 1873 1672 1939 Quam
1706 1873 1775 1927 ob
1806 1888 1916 1948 rem
1956 1871 2274 1926 Aristoteles

2375 1783 2578 1853 θερινόν
2601 1798 2613 1812 ·
2652 1781 2910 1846 ἀνάλογον
2941 1779 2998 1831 δὲ
3042 1777 3132 1830 καὶ
3182 1777 3307 1838 τοὺς
3353 1775 3560 1837 ἄλλους.
3595 1777 3682 1824 Δεῖ
3709 1773 3817 1842 γὰρ
3854 1775 3920 1843 μὴ

2304 1840 2346 1894 Β
2373 1875 2435 1927 τὸ
2474 1872 2785 1942 συμϐαῖνον,
2841 1869 2973 1921 ἀλλὰ
3007 1869 3067 1921 τὸ
3112 1867 3474 1936 σκοπούμενον
3516 1865 3808 1936 λαμόἀνειν
3851 1863 3939 1933 τῷ,

637 1977 650 1993 ⁸
731 1977 905 2046 inquit
935 1993 949 2028 :
993 1991 1010 2023 ι
1051 1969 1256 2024 Gallina
1279 1969 1490 2037 quidem
1520 1967 1658 2035 parit
1689 1965 1942 2020 omnibus
1971 1963 2096 2017 anui
2137 1971 2274 2016 tem-

2376 1965 2536 2034 λόγῳ.
2570 1963 2809 2036 Εἴρηται
2841 1961 2969 2028 γοῦν
3011 1961 3102 2013 καὶ
3135 1963 3191 2013 ὲν
3237 1964 3343 2023 τοῖς
3377 1959 3663 2026 Φυσικοῖς
3686 1958 3791 2011 τῶν
3843 1957 3921 2010 16-

731 2067 974 2138 poribus.
1006 2061 1242 2128 exceptis
1266 2060 1477 2118 duobus
1507 2055 1784 2116 mensibus
1815 2056 1868 2108 in
1899 2054 2073 2108 hieme
2107 2052 2278 2120 tropi-

2377 2074 2507 2125 γιον,
2541 2057 2615 2118 ὼς
2635 2055 2713 2106 δεῖ
2739 2054 2964 2106 ἕκαστον
2993 2053 3167 2120 λέγειν
3204 2054 3355 2106 τοῦτο
3388 2048 3545 2112 εἶναι,
3571 2052 3599 2102 ὃ
3625 2051 3779 2118 φύσει
3807 2051 3921 2120 βού-

734 2155 834 2208 cis.
879 2171 895 2202 ι
927 2150 991 2204 Ει
1017 2152 1070 2203 in
1115 2147 1521 2216 Meleorologicis
1561 2145 1751 2199 scribit
1780 2143 2030 2196 rriuitam
2065 2143 2276 2197 stellam

2378 2148 2525 2200 λεται
2555 2139 2712 2209 εἶναι,
2742 2146 2833 2197 καλ⁵
2854 2145 2882 2196 ὃ
2913 2144 3176 2215 ὑπάρχει·
3206 2144 3338 2196 ἀλλὰ
3365 2144 3437 2214 μὴ
3471 2143 3497 2196 ὃ
3531 2143 3622 2214 βίᾳ
3665 2143 3756 2196 καὶ
3778 2142 3920 2212 παρὰ

736 2245 801 2298 ad
830 2241 1025 2298 Ursam
1050 2241 1363 2310 apparuisse
1387 2252 1569 2291 mense
1599 2235 1931 2300 Gamelione,
1983 2235 2095 2289 sole
2136 2235 2280 2289 circa
2381 2239 2560 2308 φύσιν.

735 2338 977 2391 brumam
1038 2335 1344 2389 etsisteut-e.
1407 2332 1582 2398 Atque
1640 2329 1802 2382 etiam
1852 2327 2283 2388 Anthesterionis
2333 2341 2658 2402 postremam
2719 2341 2926 2402 partem
2976 2329 3266 2400 aliquando
3309 2327 3600 2384 solstitium
3647 2327 3917 2382 hibernum

735 2417 908 2498 potest
937 2428 1212 2496 attingere.
1243 2424 1345 2480 Sed
1374 2439 1512 2493 quos
1544 2423 1777 2491 trepicos
1808 2422 2061 2478 hiemales
2093 2427 2395 2492 nominant,
2426 2435 2552 2483 sunt
2604 2427 2654 2481 hi
2693 2427 2907 2497 quidem
2952 2425 3060 2479 duo
3099 2433 3224 2480 ante
3270 2424 3540 2493 etplicati.
3601 2421 3918 2477 Sumendum

734 2530 818 2575 est
843 2530 1017 2576 tamen
1044 2521 1377 2589 simpliciter,
1405 2517 1895 2573 llecatombzeonem
1925 2534 2047 2574 esse
2071 2524 2276 2577 aestatis
2301 2525 2643 2594 principium,
2671 2533 2723 2577 et
2749 2521 3087 2577 solstitialem
3137 2521 3384 2574 aestivum
3405 2561 3420 2584 ,
3465 2528 3518 2574 et
3574 2520 3806 2589 reliquos
3851 2518 3920 2572 si-

735 2615 846 2666 mili
881 2614 1132 2681 deinceps
1166 2611 1390 2665 ratione.
1448 2608 1521 2665 De
1567 2609 1726 2665 rebus
1783 2612 1926 2665 enim
1979 2614 2419 2685 contingentibus
2446 2616 2604 2683 nulla
2653 2615 2792 2668 ratio
2841 2613 3075 2667 ineunda
3122 2619 3244 2675 est,
3305 2611 3399 2666 sed
3451 2613 3518 2666 de
3577 2611 3826 2682 spectatis
3874 2615 3919 2661 et

737 2709 928 2763 solitis.
976 2707 1106 2760 Nam
1165 2707 1216 2760 iu
1249 2706 1482 2775 Piiysicis
1514 2706 1714 2760 dictum
1758 2712 1859 2770 est,
1903 2723 2168 2778 quemque
2197 2720 2444 2780 Oportere
2482 2709 2661 2765 dicere
2681 2710 2734 2764 id
2761 2724 2902 2776 esse,
2938 2707 3083 2778 quod
3110 2716 3302 2761 natura
3337 2723 3457 2762 esse
3477 2708 3679 2777 expetit
3720 2714 3771 2761 et
3808 2709 3920 2768 est;

739 2813 846 2852 non
881 2796 1018 2866 quod
1052 2796 1099 2850 vi
1126 2803 1176 2850 et
1218 2809 1410 2868 prwter
1439 2803 1707 2850 naturam.

810 2893 1094 2964 Dionysius
1113 2909 1237 2946 vero
1259 2893 1324 2944 ah
1345 2891 1556 2962 Ephoro
1584 2899 1879 2957 mutuatus,
1899 2893 2030 2947 dicit
2053 2893 2280 2965 Tharge-

2457 2891 2724 2954 Διονύσιος
2751 2891 2806 2943 δὲ
2833 2892 2960 2960 παρ’
2995 2890 3214 2961 Ἐφόρου
3259 2889 3492 2959 εἰληφὼς
3525 2889 3691 2957 λέγει,
3721 2891 3924 2962 Θαργη-

705 2973 707 2975 ’
739 2986 882 3040 liene
903 2985 1258 3055 expugnatum
1279 2984 1450 3047 Ilium.
1470 2985 1610 3047 Quin
1638 2994 1690 3036 et
1710 2983 2029 3037 Plutarchus
2055 2986 2106 3038 in
2137 2983 2280 3039 Furii

2390 2982 2576 3044 λιῶνος
2627 2981 2826 3033 ἁλῶναι
2878 2982 2935 3033 τὸ
2964 2981 3144 3034 Ἴλιον.
3193 2979 3529 3050 Πλούταρχος
3578 2982 3705 3048 γοῦν
3753 2985 3806 3034 ὲν
3853 2983 3924 3054 τῷ

741 3074 952 3129 Camilli
1003 3077 1130 3138 vita,
1156 3062 1434 3139 Ephorum
1475 3073 1586 3126 hinc
1636 3074 1918 3141 scripsisse
1957 3075 2151 3140 refert;
2191 3089 2280 3129 nec

2390 3072 2611 3144 Φουρίου
2638 3071 2912 3141 Καμίλλου
2947 3069 3044 3139 βίῳ
3073 3070 3300 3140 Ἔφορον
3322 3070 3751 3141 ἀναγεγραφέναι
3782 3071 3926 3125 τοῦτό

741 3181 870 3220 vero
891 3184 908 3216 ι
929 3163 1302 3233 septemdecim
1329 3163 1516 3217 diebus
1531 3174 1660 3219 ante
1688 3167 1930 3219 aestivum
1951 3168 2242 3222 solstitium
2265 3187 2280 3220 ι

2389 3181 2550 3234 φησιν
2573 3181 2586 3194 ·
2620 3163 2678 3215 οὐ
2712 3163 2816 3232 μὴν
2864 3161 2919 3214 δὲ
2958 3163 3049 3213 καὶ
3076 3179 3096 3212 ι
3137 3152 3390 3235 πρότερον
3427 3163 3784 3216 ἑπτακαίδεκα
3809 3163 3926 3234 ὴμέ-

743 3257 874 3310 dicit
903 3257 1175 3310 :et-Iameu
1195 3240 1545 3326 Tliargelioue
1571 3257 1728 3311 etiam
1760 3258 1847 3311 ille
1869 3258 2091 3312 dicit.Si
2119 3257 2290 3327 Epho—

745 3362 841 3401 rus
865 3347 1047 3416 igitur,
1079 3363 1201 3401 cum
1221 3352 1459 3416 ’apud‘se
1485 3365 1589 3402 non
1608 3357 1773 3412 esset,
1814 3351 2013 3418 alioqui
2045 3351 2289 3406 dicturus

750 3441 1201 3512 Scirophorione.
1245 3443 1462 3511 scripsit
1505 3442 1895 3512 'l‘hargelione;
1944 3443 2288 3512 quemadmo-

748 3531 874 3585 dum
905 3534 1030 3586 item
1053 3533 1106 3585 iu
1122 3533 1258 3603 aliis
1290 3547 1386 3600 pro
1406 3531 1576 3586 lberia
1608 3548 1711 3585 non
1738 3533 2047 3602 paenitenda
2072 3537 2291 3603 regione

678 3619 706 3695 γ’
748 3621 1011 3690 Europ-te,
1053 3601 1326 3676 ciritatem
1373 3625 1660 3690 quamdam
1692 3623 1918 3678 lberiam
1963 3641 2081 3680 esse
2126 3601 2289 3692 dicit;

749 3717 878 3771 boni
908 3717 1177 3777 consulat,
1209 3715 1351 3783 quod
1379 3731 1488 3769 non
1517 3716 1944 3785 reprehendatur
1973 3719 2065 3786 qui
2096 3720 2178 3773 sui
2207 3734 2293 3773 re-

750 3807 1113 3879 prehendendi
1146 3821 1330 3859 ansam
1360 3805 1586 3867 dederit,
1626 3821 1850 3875 eamque
1883 3808 2288 3874 amplissimam.

750 3898 917 3965 Quod
944 3898 989 3952 si
1017 3896 1150 3950 forte
1180 3901 1361 3950 nescio
1381 3898 1503 3965 quis
1533 3897 1745 3965 ineptus
1778 3897 2010 3966 scriptor
2040 3897 2294 3951 mendose

753 3986 1054 4055 scripserit,
1093 4003 1111 4034 ι
1149 3981 1528 4052 Thargelione,
1569 4003 1586 4034 ι
1623 3999 1719 4052 pro
1751 4001 1767 4034 ι
1799 3983 2236 4053 Scirophorione,
2270 4001 2288 4033 ι

753 4085 813 4129 ιιι
841 4075 948 4130 fere
978 4077 1035 4130 lit
1071 4076 1123 4128 in
1154 4074 1299 4139 aliis,
1323 4083 1375 4128 et
1405 4074 1702 4141 praesertim
1729 4075 1783 4127 in
1823 4076 1890 4129 iis
1916 4090 2036 4144 quae
2057 4082 2294 4144 quaastus

755 4168 920 4237 gratia
943 4166 1257 4221 scribuntur
1287 4181 1314 4218 a
1340 4164 1644 4233 bibliopolis
1669 4163 1813 4234 (nam
1852 4167 1942 4233 qui
1986 4166 2294 4234 bujusmodi

755 4272 944 4324 Operas
973 4257 1305 4316 conducunt,
1329 4256 1616 4324 imperitis,
1647 4256 2015 4324 oblalitiisque
2037 4265 2088 4310 et
2110 4259 2295 4312 trivia-

755 4348 899 4402 libus
931 4346 1286 4414 scriptoribus
1315 4346 1583 4412 utuntur);
1620 4346 1706 4410 sic,
1730 4345 1915 4399 insons
1941 4347 2157 4414 quidem
2186 4346 2297 4401 fue-

757 4439 829 4491 rit
853 4437 1096 4506 Ephorus
1135 4455 1149 4490 :
1191 4442 1244 4488 et
1268 4436 1388 4502 jure
1414 4435 1688 4502 culpandi,
1722 4437 1810 4504 qui
1835 4435 2160 4503 exemplaria
2185 4452 2293 4491 non

2393 3275 2512 3329 ραις
2533 3255 2631 3324 τῆς
2649 3254 2864 3324 θερινῆς
2884 3253 3088 3324 τροπῆς
3116 3271 3136 3305 ι
3165 3252 3338 3322 λέγει·
3363 3253 3472 3306 ἀλλ’
3513 3251 3603 3308 οὖν
3627 3254 3928 3326 Θαργηλιῶ·

2390 3371 2477 3416 νος
2516 3353 2760 3414 κάκεῖνός
2815 3368 2995 3421 φησιν.
3036 3351 3097 3423 Εἰ
3135 3349 3229 3421 μὲν
3268 3345 3357 3404 οὖν
3384 3351 3634 3423 Ἔφορος.
3681 3353 3925 3423 Σκιροφο-

2392 3445 2580 3516 ριῶνος
2609 3441 2771 3512 φάναι
2811 3443 3144 3514 βουλόμενος,
3177 3437 3295 3494 εἷπε
3331 3441 3428 3512 (μὴ
3456 3442 3603 3504 me;
3629 3441 3703 3494 ῶν
3753 3442 3925 3506 αὑτοῦ)
3960 3436 3962 3438 ⁷

2389 3537 2781 3609 θαργηλιῶνος,
2814 3517 2999 3606 ὥσπερ
3035 3537 3092 3586 ὲν
3129 3534 3304 3596 ἄλλοις
3342 3531 3407 3586 αὖ
3442 3534 3558 3586 ἀντὶ
3591 3533 3820 3604 Ἰϐηρίας
3839 3535 3929 3603 τῆς

2390 3630 2526 3682 κατὰ
2552 3629 2647 3698 τὴν
2679 3625 2943 3698 Εὐρώπην
2968 3626 3228 3695 μεγίστης
3251 3625 3455 3695 χώρας,
3486 3625 3638 3678 πόλιν
3664 3621 3797 3679 εἷναί
3822 3644 3930 3680 τινα

2389 3721 2486 3788 τὴν
2523 3718 2757 3788 Ἰϐηρίαν
2799 3717 2988 3786 φησιν·
3025 3717 3286 3784 ἀγαπάτω
3320 3715 3481 3786 μηδὲν
3525 3717 3927 3786 ὲπιτιμῶμενος,

2393 3805 2586 3874 σκῆψιν
2622 3806 2980 3874 ἐπιτιμήσεως
3007 3805 3100 3877 καὶ
3144 3803 3290 3857 ταῦτ’
3321 3805 3380 3856 οὐ
3430 3805 3628 3876 μικρὰν
3669 3806 3928 3869 δεδωκὼς·

2391 3898 2439 3947 εἰ
2464 3896 2506 3948 δ’
2535 3897 2642 3968 ἄρα
2679 3913 2759 3958 τις
2799 3895 2904 3948 τῶν
2935 3894 3155 3964 ’φαύλων
3185 3897 3426 3966 γραφεὺς
3466 3896 3776 3968 διήμαρτεν,
3824 3898 3932 3952 ἀντὶ

2399 4004 2416 4034 ι
2437 3986 2855 4057 Σκιροφοριῶνος
2867 3986 3368 4057 ι-«Θαργηλιῶνος
3389 4007 3407 4039 ι
3428 3988 3760 4058 μεταϐαλὼν,
3779 3989 3933 4044 καθό-

2393 4095 2497 4147 περ
2535 4079 2625 4130 καὶ
2659 4079 2745 4132 ἐπ’
2795 4077 2966 4132 ἄλλων
3002 4079 3300 4148 συμϐαίνει,
3338 4080 3430 4133 καὶ
3463 4079 3691 4149 μάλιστα
3730 4084 3818 4135 ἐπὶ
3837 4083 3929 4136 τῶν

2392 4171 2470 4232 εἰς
2500 4171 2697 4240 πρᾶσιν
2727 4166 3080 4242 γραφομένων
3124 4173 3233 4234 τοῖς
3278 4169 3655 4240 βιόλιοπὼλαις
3691 4173 3930 4244 (χρῶνται

2393 4261 2499 4331 γὰρ
2541 4261 2761 4325 φαύλοις
2805 4263 2898 4314 καὶ
2949 4264 3058 4324 τοῖς
3095 4261 3312 4331 τυχοῦσι
3345 4263 3690 4334 γραφεῦσιν)·
3720 4267 3930 4337 Ἔφορος

2396 4352 2492 4420 μὲν
2514 4351 2748 4413 ἀναίτιος
2772 4352 2844 4413 ὼς
2871 4351 2936 4404 ἂν
2969 4349 3052 4420 εἴη
3070 4370 3083 4383 ·
3117 4352 3415 4405 αἰτιάσαιτο
3445 4352 3489 4404 δ’
3512 4353 3578 4407 ἄν
3607 4370 3688 4417 τις
3716 4357 3839 4418 τοὺς
3868 4355 3931 4424 μὴ

2394 4441 2935 4512 ὲπανορθωσαμὲνους
2981 4442 3077 4512 τὴν
3114 4443 3348 4514 γραφὴν,
3376 4442 3489 4495 ἀλλ’
3527 4446 3930 4507 ἀνεπισκέπτως

758 4528 1114 4589 emendat-int,
1150 4525 1243 4579 sed
1284 4525 1681 4578 inconsiderate
1715 4525 1969 4586 dixerint,
2005 4542 2021 4573 ι
2063 4523 2280 4592 'l‘harge

2366 4545 2367 4563 π
2396 4533 2700 4603 εἰρηκότας,
2737 4551 2756 4582 ι
2793 4531 3165 4602 Θαργηλιῶνος
3193 4533 3556 4587 ἑπτακαίδεκα
3595 4535 3823 4605 ἡμέραις
3843 4533 3933 4603 πρὸ

758 4617 899 4670 lioue
921 4609 1297 4684 septemdecim
1322 4614 1513 4667 diebus
1531 4623 1651 4668 ante
1677 4616 1918 4668 aestivum
1945 4615 2289 4668 solstitium»

763 4704 865 4759 Sed
899 4705 1035 4757 idem
1063 4705 1222 4757 etiam
1242 4704 1393 4767 dicit,
1427 4703 1543 4756 dies
1569 4705 1681 4772 (qui
1709 4721 1908 4758 annum
1935 4706 2083 4758 illum
2117 4707 2298 4773 exple-

760 4797 902 4860 rent)
936 4795 1433 4863 superabundantes
1474 4795 1644 4849 fuisse
1689 4808 1810 4864 post
1863 4797 2157 4851 solstitium
2197 4813 2298 4850 nu-

761 4901 911 4941 mero
938 4885 1120 4956 viginti
1154 4886 1331 4954 :quod
1361 4901 1586 4955 prorsus
1633 4886 2046 4955 incompositum
2091 4895 2143 4942 et
2202 4904 2300 4956 pu-

762 4990 953 5045 gnans,
985 4976 1030 5029 si
1063 4989 1160 5045 pro
1199 4972 1447 5029 instituta
1485 4975 1895 5030 Atheniensium
1932 4979 2141 5033 ratione
2180 4996 2297 5034 ser-

763 5081 975 5120 monem
1015 5065 1161 5120 facit.
1188 5065 1318 5118 Nam
1340 5066 1386 5119 si
1413 5074 1730 5135 supererant
1759 5067 1943 5135 viginti
1969 5077 2092 5136 post
2121 5071 2301 5126 solsti-

764 5158 920 5218 tium,
959 5162 1162 5208 certum
1216 5162 1300 5209 est
1327 5155 1612 5208 solstitium
1660 5155 1830 5210 fuisse
1868 5147 2298 5224 abeunte'anno,

751 5245 1136 5310 .Tliarqelionis
1157 5247 1347 5301 ultimo
1371 5245 1478 5307 die,
1509 5256 1564 5299 ut
1586 5247 1675 5300 ille
1704 5245 1918 5315 quidem
1943 5249 2055 5300 vult
2086 5269 2098 5302 :
2128 5258 2301 5304 utnos

766 5350 913 5397 vero,
948 5334 1407 5404 Scirophorionis.
1447 5334 1812 5405 lmpmsentia
1843 5345 2021 5390 autem
2050 5340 2183 5393 nihil
2219 5342 2302 5394 in-

766 5428 938 5479 tersit.
959 5427 1063 5481 Sed
1085 5437 1204 5482 esto
1227 5443 1288 5481 ex
1310 5430 1426 5496 ejus
1450 5427 1715 5481 sententia
1739 5427 2145 5496 Thargelionis;
2177 5447 2302 5500 pro-

693 5593 696 5598 .
767 5515 906 5570 tecto
932 5525 1186 5585 sequente
1211 5533 1350 5570 anno
1371 5518 1659 5573 solstitium
1691 5521 1793 5572 erit
1815 5520 2092 5573 novilunio
2120 5520 2304 5575 Sciro-

768 5609 1044 5678 phorionis
1069 5610 1243 5681 :quod
1261 5619 1378 5664 erat
1406 5611 1507 5680 ipsi
1528 5625 1671 5664 nono
1695 5610 1780 5666 die
1813 5612 2137 5682 incipientis.
2160 5613 2295 5669 Nam

768 5702 815 5756 si
867 5710 1054 5755 octavo
1105 5703 1206 5756 sub
1237 5701 1393 5756 linem
1424 5702 1510 5756 die
1551 5699 1924 5770 Thargelionis
1965 5703 2179 5771 captum
2217 5713 2302 5759 est

769 5792 945 5854 Ilium.
974 5794 1351 5849 seutemdecim
1395 5794 1586 5849 diebus
1609 5794 1796 5850 mstivo
1828 5795 1979 5853 orius
2025 5796 2256 5852 solstitio
2282 5815 2296 5862 ;

2398 4619 2496 4687 τῆς
2522 4615 2736 4688 Θερινῆς
2755 4619 2976 4687 τροπῆς.
3020 4639 3037 4669 ι
3070 4621 3204 4688 Φησὶ
3233 4619 3308 4682 δὲ,
3333 4610 3425 4673 καί⁵
3463 4621 3538 4684 ὡς
3563 4623 3619 4675 αἰ
3651 4624 3735 4676 τὸν
3773 4625 3932 4675 ἐνιαυ-

2399 4709 2488 4760 τὸν
2512 4709 2712 4762 ἐκεῖνον
2743 4709 3104 4779 ἐκπληροῦσαι
3135 4711 3383 4780 περιτταὶ
3405 4713 3625 4784 ἡμέραι,
3656 4716 3824 4768 εἴκοσι
3857 4713 3932 4767 τὸν

2403 4799 2627 4869 ἀριθμὸν
2647 4795 2783 4869 ἦσαν
2811 4801 2945 4870 μετὰ
2977 4802 3074 4864 τὰς
3105 4801 3318 4872 θερινὰς
3357 4800 3560 4876 τροπάς
3583 4823 3596 4836 ⁸
3631 4807 3688 4859 τὸ
3717 4807 3760 4859 δ’
3787 4805 3932 4861 ἀσύν-

2403 4906 2596 4944 τακτον
2643 4891 2913 4955 παντελῶς
2951 4895 3042 4946 καὶ
3085 4893 3417 4964 μαχόμενον,
3466 4899 3512 4949 εί
3563 4896 3635 4961 ὡς
3687 4897 3932 4967 Ἀθηναῖοι

2403 4976 2532 5050 ἦγον
2557 4985 2786 5035 ποιεῖται
2810 4982 2898 5035 τὸν
2926 4982 3096 5058 λόγον.
3124 4983 3183 5036 ΕΞ
3214 4983 3319 5056 γὰρ
3352 4983 3602 5061 περιτταὶ
3621 4986 3791 5040 εἴκοσι
3817 4985 3933 5057 μετὰ

2404 5071 2500 5132 τὰς
2529 5073 2750 5141 τροπᾶς,
2775 5071 2949 5142 δῆλον,
2973 5075 3053 5126 ὅτι
3079 5075 3111 5143 ἡ
3136 5077 3309 5147 τροπὴ
3334 5072 3400 5147 ἦν
3427 5078 3505 5147 τῷ
3526 5077 3788 5148 οἰχομένῳ
3823 5078 3931 5138 ἔτει,

2405 5161 2497 5232 ἔνη
2523 5163 2616 5215 καὶ
2641 5163 2737 5232 νέᾳ
2768 5162 3142 5235 Θαργηλιῶνος
3169 5167 3284 5236 μὲν,
3307 5169 3380 5230 ὡς
3407 5170 3611 5231 ἐκεῖνος
3639 5169 3804 5238 λέγει,
3829 5171 3932 5224 Σκι-

2411 5248 2725 5323 ροφοριῶνος
2757 5253 2833 5312 δὲ,
2857 5255 2931 5318 ὼς
2962 5258 3137 5326 ἡμεῖς.
3166 5261 3472 5330 Διαιρερέτω
3515 5260 3570 5312 δὲ
3614 5261 3784 5332 μηθὲν
3822 5262 3933 5332 πρὸς

2406 5361 2465 5409 γε
2492 5344 2548 5395 τὸ
2576 5345 2685 5397 νῦν.
2727 5345 2861 5396 Ἀλλ’
2885 5346 3019 5400 ἔστω
3051 5348 3423 5419 Θαργηλιῶνος
3448 5350 3594 5421 αὐτῷ
3611 5370 3625 5382 ο
3657 5353 3848 5406 οὐκοῦν
3873 5349 3932 5418 τῷ

2408 5436 2605 5488 ἐπιόντι
2637 5435 2860 5506 ἐνιαυτῷ
2893 5440 2925 5507 ἠ
2967 5439 3139 5510 τροπὴ
3174 5440 3344 5504 ἔσται,
3387 5442 3809 5516 Σκιροφοριῶνος
3833 5460 3930 5499 νου·

2411 5527 2591 5596 μηνίᾳ.
2618 5523 2722 5578 Ἦν
2749 5528 2794 5580 δ’
2822 5528 2968 5599 αὑτῷ
3005 5531 3167 5603 ἐνάτῃ
3212 5533 3514 5602 ἱσταμένου.
3556 5536 3620 5588 Et
3654 5536 3759 5607 γᾲρ
3799 5536 3932 5606 ὀγδόῃ

2409 5615 2679 5680 φθίνοντος
2703 5617 2795 5670 τοῦ
2826 5618 3200 5688 Θαργηλιῶνος
3236 5623 3376 5677 ἑάλω
3410 5625 3468 5677 τὶ
3499 5626 3680 5688 Ἴλιον,
3707 5626 3934 5681 ἑπτακαί-

2406 5706 2534 5757 δεκα
2574 5706 2831 5777 πρότερον
2862 5692 3090 5779 ἠμὲραις
3128 5711 3228 5780 τῆς
3267 5712 3480 5784 θερινῆς
3515 5718 3744 5787 τροπῆς,
3785 5717 3930 5785 δῆλον.

2409 5797 2488 5849 ὅτι
2518 5798 2677 5867 ἐνάτη
2708 5800 2992 5868 ἱσταμένου
3025 5801 3120 5855 τοῦ
3147 5805 3389 5871 ἐπιόντος
3430 5809 3594 5872 μηνὸς
3620 5806 3691 5866 ἦν
3721 5813 3754 5871 ἡ
3790 5806 3934 5871 τροπὴ
