4124 6320
142 463 293 520 H95

1085 464 1424 522 Timonem
1465 464 1666 521 eam
1715 464 1911 519 Lissn
1954 460 2039 517 ne
2077 443 2463 520 ususmus.‘

3035 352 3041 381 ἰ

3212 477 3347 534 1194
3389 496 3392 498 ⁷

139 576 315 645 ἐνάτη
343 576 651 645 ἱσταμένου,
670 579 813 649 τρεῖς
837 572 974 631 εἶναι
993 579 1091 643 τὰς
1122 580 1377 650 περιττὰς
1400 580 1698 648 ἀναγκαῖον,

1813 577 2155 649 manifestum
2188 585 2271 631 est
2291 591 2435 632 nono
2461 576 2663 632 mensis
2691 578 2967 648 sequentis
2995 575 3082 632 die
3107 580 3353 634 astivum

140 662 365 734 Φανερὰ
392 663 449 713 δὲ
484 663 677 733 μᾶλλον
708 665 858 718 ταῦθ’
890 666 1112 737 ὕστερον
1142 668 1311 731 ἔσται,
1332 670 1550 721 ’ἐπειδὰν
1582 670 1707 738 περὶ

140 753 402 823 χρήσεως
440 752 727 823 ἐμϐολίμου
778 756 941 825 μηνὸς
986 758 1253 829 λέγωμεν.
1297 756 1407 811 Εἶτ’
1432 757 1523 813 οὖν
1558 760 1708 826 Ἐφὸ.

144 859 249 914 pou
280 843 581 914 ἁμάρτημα
608 845 745 898 τοῦτ’
770 846 932 911 ἔστιν,
964 848 1071 900 εἴτε
1100 850 1348 919 γραφέως
1367 894 1381 916 ,
1416 854 1507 905 καὶ
1555 850 1708 904 τοῦτο

142 934 232 995 είς
279 934 454 987 κοινὸν
504 936 765 989 ἐκκείσθω
824 942 1061 993 σκοπεῖν.
1134 941 1471 1013 Ἀπαρτίζειν
1529 944 1572 996 δ’
1623 943 1707 1009 ἀεὶ

143 1024 279 1085 τοὺς
312 1024 418 1077 τῶν
460 1026 751 1096 Ἀθηναίων
793 1030 967 1099 μῆνας
1013 1034 1123 1095 τοῖς
1160 1034 1264 1085 τῶν
1304 1035 1583 1104 Ῥωμαίων
1624 1036 1710 1103 δηο

142 1112 329 1165 λονότι
367 1113 466 1166 οὐκ
499 1113 565 1167 ἂν
595 1116 700 1186 εἴη.
751 1118 1228 1191 Ἐπαμφοτερίζειν
1271 1116 1361 1174 οὖν
1394 1138 1445 1173 τι
1476 1122 1705 1192 συμϐαί-

145 1218 257 1255 νει.
283 1197 427 1265 Οἶον,
448 1203 583 1275 φέρε
614 1207 804 1270 εἰπεῖν,
840 1207 1245 1278 Ἐκατομὸαιὼν
1271 1209 1329 1261 τὸ
1361 1211 1456 1279 μὲν
1492 1211 1703 1264 Ἰουνίου

144 1293 543 1363 ἐπιλαμϐάνει,
582 1298 644 1349 τὸ
690 1288 745 1351 δὲ
779 1300 1023 1352 Ἰουλίου*
1070 1302 1161 1354 καὶ
1204 1302 1599 1369 Μεταγειτνιὼν
1648 1303 1706 1355 τὸ

146 1385 253 1453 μὲν
298 1385 535 1451 Ἰουλίου,
569 1388 629 1441 τὸ
676 1389 719 1441 δ’
763 1390 1097 1457 Αύγούστου’
1136 1393 1228 1444 καὶ
1270 1392 1610 1464 Βοηδρομιὼν
1647 1394 1706 1447 τὺ

147 1474 252 1544 μὲν
277 1476 601 1543 Αὐγούστου,
625 1480 683 1531 τὸ
719 1480 773 1531 δὲ
807 1482 1189 1553 Σεπτέμόριος.
1237 1484 1503 1546 Ὡσαύτως
1524 1485 1580 1537 δὲ
1612 1486 1704 1537 καὶ

147 1564 199 1614 oi
256 1562 433 1617 λοιποὶ
471 1567 667 1630 πάντες
704 1570 1033 1638 ἀμφιλαφεῖς
1079 1575 1181 1624 είσι
1233 1574 1299 1625 τὰ
1346 1574 1536 1626 πολλά’
1582 1575 1701 1627 ἐπεὶ

142 1653 321 1707 ἐνίοτέ
360 1672 423 1724 γε
471 1660 561 1710 καὶ
610 1659 809 1721 ἰσάζειν
874 1662 1182 1732 συμϐαίνειο
1242 1658 1350 1716 οἷον
1399 1665 1489 1717 καὶ
1544 1665 1702 1733 τῆτες

144 1745 487 1815 συμὸέὸηκε,
511 1751 801 1820 νουμηνίαν
834 1753 947 1821 ἅμα
982 1754 1249 1823 Ἀπρίλιος
1273 1755 1435 1827 μηνὸς
1459 1756 1697 1827 ἡλιακοῦ,

142 1834 243 1885 καὶ
277 1834 502 1905 σελήνης
526 1836 696 1903 ἄγειν.
738 1840 1080 1910 Ἐρμηνεύειν
1107 1844 1285 1912 μέντοι
1320 1842 1499 1907 ἁπλῶς
1528 1844 1698 1914 χρεὼν

1810 670 2097 723 solstitium
2124 668 2310 723 fuisse.
2341 668 2398 723 Si
2442 670 2623 740 itaque
2656 671 2945 725 solstitium
2977 685 3121 724 nono
3162 670 3354 725 ineun-

1810 763 1899 825 tis,
1930 769 2040 815 tres
2083 777 2205 816 esse
2234 761 2350 815 dies
2376 761 2713 817 abundantes
2737 770 2819 816 est
2843 776 3085 817 necesse.
3113 760 3235 815 Haec
3259 777 3352 817 au-

1806 860 1912 907 tem
1951 853 2163 921 planius
2187 862 2369 923 postea
2391 852 2832 919 elucidabuntur,
2864 842 2953 905 ubi
2988 850 3054 905 de
3081 868 3180 905 usu
3201 867 3351 905 men-

1808 944 1883 997 sis
1931 944 2265 998 intercalarii
2312 943 2665 998 disseremus.
2694 944 2778 996 An
2826 943 2989 1013 igitur
3039 940 3235 1011 Ephori
3279 943 3350 994 sit

1808 1035 1908 1089 iste
1935 1050 2111 1099 error,
2145 1051 2213 1089 an
2251 1030 2602 1091 amanue'nsis
2635 1034 2838 1104 potius,
2878 1035 2933 1088 in
2967 1034 3146 1089 medio
3169 1032 3349 1087 consi-

1805 1124 2102 1180 derandum
2126 1127 2390 1196 relinquo.
2415 1125 2530 1181 Jam
2553 1134 2758 1181 certum
2784 1134 2869 1181 est
2895 1125 3105 1180 Atticos
3135 1138 3348 1179 menses

1805 1217 1997 1287 aequali
2047 1218 2254 1272 dierum
2295 1233 2543 1283 numero,
2575 1218 2843 1288 simulque
2873 1216 3113 1281 ﬁnie‘nte,
3149 1215 3349 1271 Roma-

1806 1321 1904 1362 nos
1915 1322 2123 1377 semper
2138 1307 2471 1377 aequiparare
2501 1321 2609 1362 non
2631 1322 2808 1377 posse.
2828 1305 2968 1375 Ergo
2998 1305 3053 1358 fit
3072 1310 3131 1359 ut
3149 1303 3347 1375 singuli

1804 1412 2017 1452 menses
2045 1396 2520 1455 Graecorumjnter
2554 1398 2711 1452 binos
2735 1410 2945 1467 semper
2979 1394 3345 1449 Romanorum

1804 1488 2095 1559 ambigant.
2133 1488 2372 1558 Exempli
2408 1488 2581 1557 gratia
2620 1507 2631 1540 :
2672 1486 3087 1542 Hecatombmon
3138 1496 3343 1556 partem

1803 1578 1969 1647 Junii,
1994 1588 2046 1635 et
2074 1587 2280 1649 partem
2308 1578 2436 1633 Julii
2470 1578 2721 1647 attingit;
2751 1576 3097 1647 Metagitnion
3132 1574 3262 1629 Julii
3290 1580 3345 1629 et

1804 1672 2030 1743 Augusti
2054 1690 2068 1737 ;
2100 1671 2457 1725 Boedromion
2482 1668 2709 1740 Augusti
2734 1676 2786 1721 et
2802 1665 3151 1736 Septembris.
3178 1664 3343 1719 Simi-

1802 1761 1923 1815 liter
1951 1776 2079 1816 vero
2106 1762 2299 1831 reliqui
2323 1776 2511 1817 omnes
2539 1776 2649 1815 non
2678 1775 2802 1815 raro
2836 1774 2955 1815 sese
2976 1757 3213 1828 praebent
3241 1772 3340 1810 an-

1802 1852 2011 1922 cipites,
2038 1853 2362 1922 quandoque
2383 1854 2544 1907 etiam
2574 1853 2832 1922 mquales,
2871 1859 2929 1904 ut
2952 1850 3033 1904 vel
3065 1848 3343 1918 superiore

139 1923 255 1977 ἀπὸ
280 1926 373 1979 τοῦ
398 1928 657 1998 προτέρου
675 1945 687 1959 ·
719 1925 848 1993 οἷον,
871 1932 1170 2000 Αὔγουστον
1192 1934 1281 1987 τὸν
1301 1935 1695 2006 Βοηδρομιῶνα,

1801 1919 1942 1997 anno
1972 1945 2155 1998 lunam
2187 1959 2381 1997 novam
2414 1960 2534 1997 cum
2566 1944 2769 2013 Aprilis
2795 1941 3051 1998 Kalendis
3075 1939 3342 1997 solaribus

140 2017 283 2069 ἀλλὰ
312 2018 385 2087 μὴ
429 2019 812 2091 Σεπτέμὸριον,
867 2024 975 2075 ἵναε
1005 2024 1208 2095 θερινὸς
1365 2028 1544 2099 τρίτος
1593 2029 1700 2097 γὰρ

140 2108 255 2159 ἀπὸ
293 2109 785 2180 Ἑκατομϐαιῶνος*
834 2117 1089 2185 τ’ροπικὸς
1123 2118 1179 2170 δὲ
1233 2118 1438 2187 θερινὸς
1480 2123 1508 2172 ὁ
1546 2121 1700 2175 Ἐκα-

140 2198 439 2267 τομϐαιὼν,
466 2200 539 2265 ὡς
577 2203 909 2274 δεδειγμένον
944 2207 1077 2259 ἐστί.
1128 2208 1348 2279 Γαληνῷ
1379 2210 1435 2262 δὲ
1458 2210 1698 2282 διέφερεν

141 2287 300 2339 οὐθὲν
323 2289 455 2358 πρός
477 2306 539 2358 γε
567 2291 626 2344 τὸ
648 2292 745 2360 τῆς
770 2293 961 2363 ἐλάτης
989 2294 1203 2365 σπέρμα
1224 2298 1313 2350 καὶ
1335 2297 1429 2368 τὴν
1456 2299 1698 2359 σύνθεσιν

139 2378 242 2431 τοῦ
290 2380 514 2444 ἀκόπου,
556 2382 818 2436 ιεῖτ’“ἁπὸ
861 2385 953 2437 τοῦ
1006 2386 1266 2457 ἑπομένου
1310 2391 1694 2464 Σεπτέμὸριος,

142 2469 245 2520 εἴτ’
270 2471 375 2523 ἀπὸ
398 2472 489 2524 τοῦ
514 2472 811 2541 ἡγουμένου
844 2474 1142 2542 Αὔγουστος
1163 2479 1510 2549 ἑρμηνεύοιτο
1536 2484 1563 2535 ὁ
1589 2483 1696 2537 τῶν

146 2562 459 2633 μυστηρίων
500 2566 639 2634 μήν’
678 2564 847 2628 ἄλλως
888 2584 948 2619 τε
995 2568 1086 2621 καὶ
1122 2570 1228 2645 τῶν
1275 2573 1596 2645 ἰσημρινῶν
1636 2591 1693 2627 τε

146 2650 242 2702 καὶ
268 2653 482 2721 τροπῶν
518 2656 643 2724 περί
672 2671 771 2707 ¹που
815 2658 1059 2730 εἰκοστὴν
1099 2642 1480 2734 τετάρτηντοῦ
1530 2665 1694 2737 μηνὸς

141 2736 393 2807 ἡμέραν,
438 2739 513 2802 ὡς
547 2742 801 2812 Ῥωμαῖοι
861 2746 1068 2813 ἄγουσι,
1130 2749 1542 2823 λαμϐανομένων
1584 2736 1693 2817 τοῖς

142 2829 265 2881 τότε
298 2825 446 2883 οὖσιν
474 2832 774 2901 ἀνθρώποις
796 2853 807 2867 '
838 2838 931 2889 καὶ
957 2838 1175 2908 προσέτι
1215 2843 1521 2913 ἰσημερινοῦ
1549 2862 1691 2913 γινο-

146 2921 309 2988 μένου
337 2924 597 2977 ποτὲ.καὶ
636 2926 728 2977 τοῦ
763 2927 1448 2999 Βοηδρομιῶνος,νὲπειδὰν
1482 2936 1692 3000 πλείους

144 3005 276 3064 ὦσιν
296 3014 349 3066 αἱ
376 3015 510 3083 μετὰ
535 3015 628 3086 τὴν
657 3019 860 3089 τροπὴν
898 3023 1143 3089 περιτταὶ
1183 3024 1406 3094 ἡμέραι.
1442 3027 1601 3081 Ὅθεν
1629 3027 1691 3101 δὴ

146 3102 238 3154 καὶ
289 3104 738 3177 Ἀριστοτέληᾳν
773 3112 889 3179 μετ’
935 3112 1229 3183 ἀρκτοῦρον
1287 3117 1412 3186 περὶ
1467 3117 1692 3189 Βοηδρο-

147 3191 344 3261 μιῶνα,
376 3213 396 3244 ›
422 3195 604 3265 φησὶν,
639 3197 822 3270 ὥσπερ
860 3196 923 3252 αὖ
964 3202 1245 3270 ἀνάπαλιν,
1296 3208 1421 3275 περὶ
1463 3207 1693 3279 λήγοντά

147 3299 249 3334 που
277 3284 369 3337 τὸν
401 3285 840 3357 Ἑκατομϐαιῶνα
871 3291 967 3360 τῆς
988 3293 1191 3362 τροπῆς
1216 3298 1529 3367 γενομένης,
1557 3315 1693 3369 συμ-

147 3372 319 3426 ϐαίνει
363 3378 565 3444 τρυγᾷν
617 3376 713 3439 τὰς
767 3380 1037 3447 ἀμπέλους
1099 3383 1224 3452 περί
1278 3385 1556 3455 ἱστάμενον
1603 3372 1690 3440 τὸν

146 3455 529 3532 Πυανεψιῶνα*
570 3466 710 3518 καθὰ
747 3464 1081 3541 Πλούταρχος
1106 3474 1446 3543 ἐπισημαίνει
1485 3478 1690 3549 συμϐῆ-

148 3568 255 3612 ναι,
293 3552 381 3603 ὅτε
410 3552 612 3620 Θησεὺς
649 3556 915 3626 ἐπανῆκεν
952 3563 1014 3613 ἐκ
1044 3562 1282 3633 Κρήτης.
1330 3565 1395 3617 Ἠ
1436 3568 1688 3637 ἰσημερία

148 3641 328 3709 μέντοι
369 3644 495 3713 περί
538 3643 765 3714 λήγοντα
805 3664 905 3701 που
950 3649 1039 3703 τὸν
1078 3652 1543 3725 Μαιμακτηριῶνα
1585 3659 1687 3709 ὑπ·-

144 3735 297 3805 ἧρξε.
326 3737 544 3798 Πλίνιον,
575 3739 631 3793 δὲ
679 3744 902 3811 οἰητέον,
946 3744 1017 3815 μὴ
1057 3747 1130 3810 ὡς
1170 3750 1561 3819 Ἀριστοτέλους
1600 3752 1687 3805 λέ-

119 3824 228 3889 -ξιν
276 3828 681 3898 μεταφέροντα,
728 3826 826 3885 ὧδε
880 3836 1142 3889 ποιεῖσθαι
1194 3840 1283 3892 τὸν
1348 3841 1521 3909 λόγον,
1572 3843 1684 3896 ἀλλ’

150 3913 281 3969 ἰδίαν
318 3917 470 4011 αυτῷ·
491 3918 644 3982 δόξαν
683 3924 807 3991 περί
849 3924 1005 4011 τόκου
1036 3925 1142 3979 τῶν
1180 3928 1373 3997 ἰχθύων
1398 3932 1687 4011 ἀποφαινό-

150 4020 323 4073 μενον.
354 4005 669 4076 Θαυμαστόν
703 4026 760 4061 τε
784 4010 955 4075 οὐθὲν,
996 4014 1045 4066 εἰ
1076 4017 1166 4068 καὶ
1201 4020 1319 4080 ταῖς
1346 4005 1545 4089 χώραις
1574 4022 1684 4073 δια-

148 4098 283 4166 φορὰ
303 4099 426 4168 περὶ
464 4098 558 4163 τὰς
592 4102 832 4168 γενέσεις
868 4104 1030 4157 ἐστίν.
1073 4106 1229 4160 Ἀλλὰ
1251 4109 1432 4179 δῆλον,
1472 4112 1550 4164 ὅτι
1596 4114 1685 4165 καὶ

146 4186 248 4238 τῶν
286 4185 455 4251 ζώων,
493 4190 677 4264 ὥσπερ
712 4195 816 4248 τῶν
856 4197 1053 4265 φυτῶν,
1094 4198 1289 4270 πολλὴν
1334 4201 1540 4255 ποιοῦσι
1575 4204 1685 4257 δια-

147 4277 312 4347 φορὰν
344 4280 391 4330 οἰ
430 4280 602 4345 τόποι,
638 4285 695 4336 οὐ
739 4286 893 4355 μόνον
925 4289 1063 4342 κατὰ
1094 4289 1320 4357 μέγεθος
1361 4294 1453 4345 καὶ
1503 4295 1685 4365 εὐτρο-

146 4366 289 4433 φίαν,
316 4368 448 4422 ἀλλὰ
477 4371 567 4425 καὶ
595 4375 733 4427 κατὰ
760 4377 883 4439 τοὺς
914 4378 1119 4442 τόκους,
1138 4380 1246 4433 ’τοῦ
1275 4382 1342 4435 τὰ
1372 4384 1467 4453 μὲν
1506 4385 1682 4455 ὀψιαί-

146 4472 296 4525 τερον
333 4460 541 4529 γεννᾷν,
584 4464 652 4517 τὰ
707 4466 763 4517 δὲ
812 4469 1178 4540 πρωῖαίτερον.
1213 4468 1338 4527 Ὧδε
1370 4474 1466 4544 μὲν
1507 4477 1681 4529 τοίνυν

1800 2034 2029 2103 contigit
2070 2050 2367 2105 emergere.
2398 2033 2584 2104 Opera:
2615 2043 2790 2089 tamen
2818 2034 3046 2102 pretium
3090 2040 3175 2088 est
3205 2032 3339 2087 sim-

1799 2124 2009 2196 pliciter
2035 2140 2064 2179 a
2100 2124 2279 2194 priore
2310 2141 2495 2179 mense
2525 2125 2890 2195 interpretari.
2926 2122 3088 2179 Verbi
3120 2123 3295 2193 gratia
3322 2143 3335 2177 :

1798 2217 2236 2272 Boedromionem
2254 2218 2549 2287 Augustum
2572 2217 2749 2285 potius
2766 2232 2926 2287 quam
2945 2215 3338 2286 Septembrem,

1797 2313 1855 2359 ut
1875 2306 2091 2360 aestivus
2112 2306 2211 2373 sit;
2243 2309 2435 2363 tertius
2460 2310 2602 2363 enim
2637 2316 2719 2364 est
2743 2309 2810 2363 ab
2842 2306 3287 2363 Hecatombaeone
3316 2325 3331 2361 :

1796 2397 1850 2451 in
1880 2412 2007 2467 quo,
2057 2405 2117 2452 ut
2143 2397 2566 2477 demonstratum
2616 2409 2719 2465 est,
2748 2400 2990 2456 aestivum
3044 2400 3335 2455 solstitium

1796 2491 2101 2544 coniicitur.
2138 2491 2282 2543 Nihil
2306 2506 2469 2561 porro
2496 2490 2683 2546 Galeni
2725 2492 3003 2557 intererat,
3041 2491 3107 2547 ad
3134 2492 3336 2557 abietis

1796 2597 1975 2637 semen
2015 2592 2066 2637 et
2102 2583 2546 2651 compositionem
2595 2584 2769 2652 ac0pi,
2823 2584 2938 2638 sive
2989 2598 3021 2637 a
3079 2590 3338 2653 sequente

1798 2669 2131 2744 September,
2164 2675 2275 2729 sive
2312 2688 2342 2727 a
2371 2672 2704 2743 praecedente
2736 2673 3014 2741 Augustus
3041 2682 3336 2729 verteretur

1795 2761 1882 2816 ille
1907 2764 2279 2833 mysteriorum
2311 2763 2546 2827 mensis;
2576 2762 2871 2831 praesertim
2889 2777 3011 2816 cum
3030 2764 3258 2817 solstitia
3283 2771 3337 2817 et

1793 2852 2114 2921 aequinoctia
2144 2852 2297 2923 162
2349 2851 2568 2905 circiter
2598 2863 2852 2920 quartum
2873 2893 2888 2913 .
2920 2862 2973 2906 et
3017 2852 3333 2906 vicesimum

1793 2942 1931 2997 diem
1971 2944 2173 2998 mensis
2222 2943 2448 2998 Romani
2500 2944 2567 2997 ab
2610 2943 2754 3000 illius
2802 2943 2985 2998 saeculi
3024 2942 3334 2999 hominibus

1794 3034 2140 3104 signarentur
2172 3054 2185 3088 :
2219 3042 2271 3088 et
2316 3042 2574 3105 praeterea
2609 3036 3009 3104 aequinoctialis
3060 3035 3331 3090 interdum

1795 3124 1931 3180 foret
1958 3125 2337 3189 Boedromion,
2368 3141 2491 3179 cum
2512 3127 2695 3196 plures
2717 3133 3035 3195 supererant
3064 3125 3178 3181 dies
3213 3133 3334 3196 post

1796 3216 2109 3271 solstitium.
2160 3215 2313 3271 Unde
2360 3217 2518 3270 etiam
2568 3218 2885 3272 Aristoteles
2936 3205 3099 3281 dicit,
3150 3235 3169 3268 ι
3213 3227 3333 3286 post

1793 3292 2067 3361 arcturum
2114 3307 2330 3373 circiter
2386 3304 2866 3372 Boedromionem,
2922 3326 2941 3357 ι
2983 3307 3332 3377 quemadmo-

1792 3395 1917 3447 dum
1948 3403 2134 3448 contra
2167 3404 2388 3465 peracto
2409 3397 2549 3451 circa
2571 3397 2905 3453 desinentem
2923 3395 3329 3451 Hecatombmo—

1788 3500 1909 3539 nem
1940 3486 2173 3540 solstitio
2209 3487 2387 3541 evenit
2416 3487 2713 3542 vindemias
2745 3488 2878 3551 ﬁeri,
2907 3489 3051 3542 circa
3071 3487 3329 3556 incipien-

1789 3584 1895 3627 tem
1928 3572 2350 3645 Pyanepsionem
2377 3593 2390 3629 :
2423 3586 2482 3630 ut
2512 3575 2836 3633 Plutarchus
2866 3568 3137 3633 accidisse'
3158 3579 3327 3648 signi—

1791 3666 1938 3730 ﬁcat,
1967 3668 2181 3734 quando
2209 3665 2448 3722 Theseus
2468 3683 2498 3723 c
2522 3667 2679 3723 Creta
2710 3668 2891 3724 rediit.
2919 3668 3325 3740 Equinoctium

1788 3757 1931 3809 enim
1965 3754 2137 3809 fuerat
2163 3758 2264 3812 sub
2302 3759 2461 3814 ﬁnem
2505 3759 2973 3815 Maemacterionis.
3010 3760 3327 3830 Pliniusque
3384 3830 3387 3833 Α

1787 3846 2139 3901 aestimandus
2168 3856 2248 3902 est
2273 3849 2353 3903 sic
2380 3849 2546 3919 loqui,
2576 3866 2683 3903 non
2713 3849 2804 3919 qui
2834 3851 2995 3905 verba
3017 3851 3325 3907 Aristotelis

1786 3933 2203 4003 interpretetur,
2242 3935 2335 3990 sed
2366 3937 2456 4005 qui
2481 3952 2632 3991 suam
2666 3938 2732 3993 de
2762 3923 2984 4006 piscium
3025 3946 3179 4008 partu
3226 3953 3321 3992 ex-

1786 4027 1983 4095 primat
2016 4028 2358 4082 sententiam.
2399 4028 2648 4100 Nihilque
2692 4020 2886 4085 mir'um
2932 4039 3035 4095 est,
3076 4033 3120 4087 si
3158 4033 3321 4086 etiam

1783 4116 1840 4168 in
1868 4116 2304 4185 generationibus
2329 4133 2357 4171 a
2384 4119 2665 4188 regionum
2686 4120 2994 4175 diversitate
3026 4123 3199 4183 oritur
3213 4122 3322 4175 dif-

1784 4208 2029 4261 ferentia.
2054 4206 2253 4262 Verum
2283 4209 2414 4263 illud
2447 4220 2679 4276 constat,
2728 4212 2972 4276 multam,
3017 4221 3076 4266 ut
3109 4214 3321 4282 planta-
3392 4257 3399 4263 .

1783 4311 1925 4357 rum.
1963 4298 2035 4350 ita
2077 4312 2289 4367 quoque
2324 4299 2654 4365 animalium,
2697 4314 2805 4352 non
2850 4300 2904 4352 in
2957 4302 3322 4371 magnitudine

1784 4388 1958 4443 solum
1989 4388 2281 4458 habituque
2296 4389 2588 4458 vegetiore,
2618 4387 2709 4442 sed
2735 4398 2786 4443 et
2807 4389 2861 4442 in
2892 4400 3046 4459 partu
3067 4392 3179 4461 ipsa
3205 4392 3321 4446 loc:

1784 4478 1989 4532 eﬂicere
2038 4479 2416 4541 differentiam,
2450 4486 2508 4531 ut
2553 4480 2657 4533 alia
2713 4480 2908 4545 serius,
2956 4483 3060 4536 alia
3100 4484 3320 4552 gignant

150 4546 325 4610 ἁπλῶς
360 4566 437 4602 τε.
466 4553 554 4604 καί
603 4572 676 4625 πη
713 4559 1115 4628 ἑρμηνεύοντες,
1142 4562 1238 4614 οὐκ
1287 4564 1352 4617 ἂν
1390 4565 1681 4636 διαμαρτά-

1786 4570 2065 4624 maturius.“
2095 4570 2184 4625 Sic
2208 4574 2369 4641 igitur
2397 4572 2714 4640 simpliciter
2736 4582 2789 4628 et
2814 4574 3185 4643 quadantenus
3201 4591 3320 4630 ver-

147 4656 321 4709 νοιμεν
347 4640 439 4693 τοῦ
479 4644 676 4698 ἱκανοῦ.

498 4825 634 4891 Περί
663 4826 930 4899 χρήσεως
958 4831 1075 4883 τῶν
1097 4834 1320 4900 μηνῶν.

215 4911 266 4962 l'.
310 4898 467 4964 Ἐπεί
483 4912 527 4965 δ’
561 4914 671 4969 ἔστι
713 4917 809 4986 μὲν
840 4920 1066 4989 χρῆσθαι
1096 4898 1225 4991 μησὶ
1273 4926 1365 4977 καὶ
1402 4926 1541 4978 κατὰ
1580 4929 1678 4998 τὴν

149 4999 286 5067 ἡλίου
319 5005 632 5073 περιφορὰν,
667 5006 741 5069 ὼς
778 5009 1033 5077 Ῥωμαῖοι
1064 5012 1315 5080 ἄγουσιν·
1368 5016 1551 5069 ἔστιδὲ
1586 5020 1678 5070 καὶ

147 5089 239 5158 τὴν
269 5091 364 5160 τῆς
391 5091 629 5163 σελήνης,
657 5097 730 5159 ὼς
772 5098 1034 5168 Ἀθηναῖοι
1066 5098 1196 5170 ἦγον
1218 5119 1233 5134 ⁸
1268 5106 1487 5177 πότερον
1523 5108 1678 5177 Ἀθη-

148 5181 313 5241 ναίοις
339 5182 588 5252 ἑπόμενοι
622 5188 948 5257 χρησόμεθα,
980 5191 1010 5259 ἢ
1050 5193 1354 5262 Ῥωμαίοις,
1384 5201 1675 5267 κατονομὰ-

150 5266 321 5330 ζοντες
359 5270 454 5338 μὲν
484 5271 558 5334 ὼς
598 5272 894 5342 Ἀθηναῖοι,
918 5278 1015 5346 τὴν
1036 5278 1091 5329 δέ
1120 5296 1179 5345 γε
1205 5280 1293 5331 τοῦ
1328 5266 1675 5346 ὲνιαυτοῦίείς

154 5358 313 5425 μῆνας
358 5359 615 5429 διαίρεσιν
665 5355 801 5417 κατᾶ
856 5368 1025 5420 ταύτὰ
1067 5371 1350 5439 Ῥωμαίοις
1408 5374 1670 5438 τιθένττες;

152 5447 361 5516 Πλήθων
406 5450 504 5517 μέν
544 5468 723 5521 φησιν,
771 5455 850 5507 ὅτι
905 5458 1042 5509 κατά
1076 5460 1235 5525 φύσιν
1279 5461 1340 5530 δὴ
1388 5465 1559 5530 ἄγοιτ’
1610 5466 1673 5517 ἂν

152 5536 257 5599 ἔτος
287 5530 391 5606 μὲν
412 5539 548 5591 κατά
575 5540 661 5592 τὸν
691 5543 857 5615 ἣλιον,
900 5546 1003 5616 μὴν
1126 5552 1260 5605 κατὰ
1287 5551 1381 5620 τὴν
1418 5553 1637 5623 σελήνην
1658 5574 1669 5584 ·

148 5624 230 5680 διὰ
254 5628 304 5679 τί
330 5629 405 5691 δὲ,
427 5630 488 5682 οὑ
517 5631 677 5699 λέγει.
710 5636 887 5689 ιἈλλοι
924 5638 978 5690 δέ
1018 5656 1178 5703 τινες,
1209 5644 1299 5695 καὶ
1337 5644 1509 5696 αἰτίαν
1546 5646 1676 5698 ἀπο-

148 5718 383 5783 διδόντες,
424 5722 597 5777 πάντα
637 5726 768 5796 πρὸς
811 5728 917 5780 τῶν
959 5732 1216 5798 οὐρανίων
1256 5735 1566 5803 κοσμεῖσθαι
1610 5737 1673 5787 τὰ

147 5806 263 5877 τῇδέ
286 5824 432 5878 φασι.
465 5814 556 5865 καὶ
589 5816 793 5892 μεγάλα
834 5816 969 5873 εἶναι
1012 5822 1079 5873 τὰ
1122 5823 1219 5891 τῆς
1264 5825 1487 5894 σελήνης
1522 5826 1667 5897 ἔργα.

402 5901 679 5966 Parnm“
710 5908 823 5969 Gn.
879 5911 1050 5971 XIX.

1784 4664 1976 4722 tentes,
2008 4674 2345 4729 nequaquam
2391 4660 2458 4713 ab
2480 4661 2671 4716 idonea
2709 4663 3065 4732 explicatione
3098 4663 3317 4719 aberra-

1780 4750 2037 4806 verimus.
2599 4751 2604 4757 “

2289 4838 2365 4893 De
2391 4842 2645 4895 mensium
2676 4858 2793 4897 usu.

1791 4938 1794 4940 ‘
1847 4926 1913 4980 Χ,
1950 4926 2052 4981 Sed
2083 4928 2339 4997 quoniam
2373 4932 2650 4985 mensibus
2697 4934 2771 4985 uti
2807 4947 3095 5001 possumus
3130 4936 3211 4990 vel
3249 4937 3315 4988 ad

1780 5018 1910 5072 solis
1931 5026 2155 5081 motum,
2191 5031 2245 5072 ut
2267 5020 2514 5079 Romani.
2548 5022 2628 5075 vel
2658 5022 2721 5075 ad
2749 5023 2912 5088 lunae,
2939 5035 2997 5080 ut
3024 5026 3316 5081 Athenien-

1779 5122 1905 5161 ses:
1946 5118 2125 5160 utrum
2159 5110 2389 5162 Atticum
2435 5127 2613 5174 usum,
2667 5128 2733 5166 an
2780 5112 3080 5169 Romanum
3123 5130 3314 5185 seque.

1776 5214 1917 5261 mur,
1961 5214 2107 5253 more
2164 5202 2379 5271 quidem
2424 5201 2829 5259 Atheniensium
2881 5206 3311 5275 denominantes,

1778 5290 1902 5343 anni
1924 5304 2052 5344 vero
2077 5290 2129 5343 in
2162 5307 2371 5363 menses
2400 5295 2641 5348 eamdem
2677 5311 2797 5348 cum
2828 5294 3086 5351 Romanis
3110 5299 3313 5351 consti-

1776 5387 1989 5435 tuentes
2024 5381 2380 5436 divisionem?
2414 5383 2637 5439 Plethon
2673 5386 2885 5454 quidem
2923 5389 3085 5443 refert
3115 5398 3308 5442 natura

1774 5481 1893 5519 esse
1934 5479 2326 5537 comparatum,
2364 5479 2419 5522 ut
2466 5472 2530 5525 ad
2580 5472 2744 5525 solem
2775 5474 3069 5529 deducatur
3111 5491 3308 5541 annus,

1775 5556 1976 5611 mensis
2002 5573 2130 5613 vero
2153 5560 2216 5612 ad
2245 5560 2423 5613 lunam
2459 5581 2471 5614 :
2502 5561 2592 5615 sed
2624 5566 2994 5631 quamobrem,
3026 5581 3131 5619 non
3157 5566 3308 5621 dicit.

1774 5646 1983 5714 Verum,
2014 5648 2099 5701 alii
2132 5642 2293 5715 hujus
2322 5666 2535 5719 quoque
2565 5651 2691 5705 dicti
2717 5656 2978 5709 rationem
3003 5655 3309 5723 afferentes,

1773 5746 2101 5801 assei‘rerant.
2135 5755 2252 5809 qua:
2281 5740 2368 5795 hic
2401 5744 2454 5796 in
2483 5745 2640 5799 terris
2679 5755 2826 5810 sunt,
2866 5747 3044 5801 omnia
3078 5763 3107 5801 a
3145 5749 3308 5803 cmle-

1775 5831 1946 5887 stibus
1998 5831 2105 5889 illis
2148 5836 2466 5903 corporibus
2520 5839 2777 5905 ordinari,
2811 5856 3140 5911 magnosque
3187 5853 3310 5897 esse

2925 5933 2999 5992 38
