4124 6320
778 423 933 480 ’1195

1783 416 1872 468 AD
1909 402 2172 468 EUSEBll
2208 408 2595 466 CHRUNICON
2633 412 2988 469 APPENDIX.

3847 411 3956 465 H96

797 543 934 593 lunae
965 537 1204 592 euectus.
1244 535 1376 591 Nam
1403 535 1604 590 mutari
1649 514 1800 589 aiunt
1827 531 2112 587 manifeste
2139 531 2206 585 ab
2238 529 2326 582 illa

2440 528 2798 584 ’Δλλοιοῦσθαι
2827 520 2930 602 γάρ
2961 531 3142 599 σαφῶς
3167 531 3236 583 τά
3266 531 3478 599 ἐπίγεια
3524 530 3682 583 πάνθ’
3711 530 3801 583 ὑπ’
3836 530 3957 583 ἐκεί-

795 631 1072 690 terrestria
1095 636 1311 692 cuncta,
1345 628 1505 696 idque
1536 632 1701 681 recte.
1741 624 1963 694 Signum
1988 630 2167 676 tamen
2208 620 2330 673 nul-

797 721 906 772 lum
953 728 1056 781 est,
1091 732 1305 771 menses
1349 714 1418 769 ad
1466 717 1678 778 lunam,
1711 729 1820 768 non
1860 711 1928 766 ad
1967 713 2132 766 solem
2175 724 2330 780 agere

797 818 1069 880 oportere.
1101 808 1222 863 Haec
1238 805 1381 862 'enim
1409 805 1662 862 inferiora
1691 803 2061 874 superioribus
2092 801 2196 857 illis
2215 817 2331 856 mo-

772 900 942 952 'tibus
969 911 1091 952 esse
1137 895 1394 950 continua
1435 910 1544 949 non
1599 893 1808 948 inﬁcias
1848 894 2008 955 imus,
2035 898 2087 946 et
2117 905 2328 945 omnem

796 1003 984 1042 eorum
1001 987 1106 1040 vim
1129 995 1183 1041 et
1212 987 1498 1055 potentiam
1535 985 1684 1038 illinc
1711 982 2015 1054 gubernari,
2049 983 2332 1053 ipsumque

799 1077 1054 1132 decorum
1073 1077 1449 1148 (quodcunque
1474 1073 1617 1145 apud
1645 1089 1746 1129 nos
1775 1074 2051 1142 decorum)
2072 1082 2126 1128 et
2153 1086 2329 1127 rerum

799 1171 1041 1225 ordinem
1092 1183 1122 1222 a
1174 1183 1403 1239 superna
1446 1168 1535 1221 illa
1582 1175 1773 1220 natura
1817 1167 2147 1231 consistere;
2189 1163 2333 1232 quod

801 1277 929 1316 vero
960 1260 1280 1331 indigestum
1327 1271 1381 1316 et
1406 1275 1506 1316 suo
1531 1274 1714 1314 errore
1733 1257 2006 1320 indecens,
2039 1259 2091 1311 id
2115 1271 2236 1311 esse
2267 1257 2335 1310 ab

801 1366 863 1406 ea
896 1350 1128 1421 (quaest
1143 1351 1253 1414 hic)
1278 1349 1520 1404 materia.
1551 1347 1717 1403 Detur
1737 1363 1865 1402 vero
1904 1347 2070 1400 multa
2092 1345 2333 1414 quaedam

802 1456 833 1494 a
863 1443 988 1496 luna
1010 1440 1226 1496 alterari
1253 1439 1576 1509 variarique,
1607 1453 1728 1493 cum
1760 1439 1939 1507 plena,
1967 1452 2088 1490 cum
2114 1433 2335 1489 dimidio

801 1533 932 1588 orbe
956 1546 1116 1590 caesa.
1141 1545 1262 1585 cum
1290 1529 1516 1600 gibbosa
1553 1537 1606 1584 et
1640 1523 1896 1597 utrinque
1925 1540 2191 1591 convexa;
2212 1541 2334 1579 cum

801 1624 858 1677 in
883 1637 1087 1678 cornua
1110 1621 1270 1686 ﬂexa,
1313 1631 1475 1690 atque
1502 1619 1665 1674 etiam
1704 1617 1772 1671 de
1807 1617 1944 1670 ccelo
1978 1616 2094 1685 ipso
2125 1624 2178 1670 et
2223 1630 2336 1668 am-

801 1716 981 1770 biente
1003 1729 1126 1768 aere
1144 1712 1407 1782 judicium
1431 1711 1579 1776 ﬁeri;
1602 1709 1821 1778 haecque
1836 1708 2116 1762 terrestria
2140 1707 2335 1760 mutari

802 1822 898 1876 per
935 1805 1212 1868 semisses,
1254 1809 1316 1856 et
1350 1801 1712 1870 quadrantes,
1745 1808 1798 1853 et
1841 1805 2020 1854 certas
2071 1797 2334 1867 quasdam

2427 637 2539 690 νης.
2590 621 2756 675 Τοῦτο
2807 623 2904 692 μὲν
2951 619 3042 676 οὖν
3092 618 3150 675 εὖ
3194 622 3425 690 λέγεται.
3469 623 3700 692 Σημεῖον
3743 622 3787 674 δ’
3826 623 3959 674 οὐδέν

2396 712 2539 788 ’ἐστι
2589 713 2682 764 τοῦ
2728 714 2919 784 χρῆναι
2961 715 3112 781 ἄγειν
3152 713 3290 766 κατά
3336 714 3582 784 σελήνην,
3616 716 3713 767 καὶ
3746 712 3818 783 μή
3852 714 3957 765 καθ’

2425 803 2572 872 ἡλιόν
2599 819 2661 870 γε
2687 806 2811 866 τοὺς
2839 804 3030 874 μῆνας.
3065 805 3269 875 Συνεχῆ
3307 805 3401 876 μὲν
3433 805 3540 875 γάρ
3590 821 3708 866 πως
3742 805 3809 856 τὰ
3847 805 3958 873 τῇδε

2424 894 2543 953 ταῖς
2572 890 2682 944 ἄνω
2708 894 2897 960 φοραῖς
2933 888 3068 944 εἷναί
3096 908 3273 962 φαμεν
3316 893 3408 945 καὶ
3441 895 3620 963 ἡμεῖς,
3668 892 3760 945 καὶ
3797 895 3959 944 πᾶσαν

2426 980 2602 1032 αὐτῶν
2627 979 2722 1050 τὴν
2744 980 2966 1051 δύναμιν
2996 980 3357 1053 κυϐερνᾶσθαι
3393 982 3627 1035 ἐκεῖθεν·
3658 983 3752 1036 καὶ
3771 981 3846 1035 ’τὸ
3876 979 3959 1052 μὲν

2427 1069 2586 1121 καλὸν
2620 1069 2779 1135 ἅπαν,
2818 1071 2939 1124 ὅσον
2973 1071 3038 1125 ἂν
3152 1072 3335 1127 ἐνθάδε
3380 1072 3558 1136 καλὸν,
3589 1075 3681 1127 καὶ
3721 1074 3782 1126 τὸ
3821 1090 3958 1126 τετα-

2427 1157 2642 1228 γμένον,
2678 1159 2878 1214 ἀνωθεν
2908 1163 3210 1231 ἐγγίνεσθαι
3243 1164 3427 1232 φῦσειο
3462 1164 3521 1216 τὸ
3547 1164 3590 1216 δ’
3615 1165 3841 1238 ἄτακτον
3881 1164 3960 1218 καὶ

2429 1250 2854 1322 πεπλανημένον,
2907 1253 3166 1324 ὑπάρχειν
3193 1255 3258 1307 ἐκ
3286 1257 3384 1325 τῆς
3413 1255 3597 1308 ἐνθάδε
3639 1255 3799 1325 ὕλης·
3842 1257 3962 1308 ἐστιν

2430 1337 2487 1388 δέ
2533 1339 2624 1390 καὶ
2672 1339 2820 1392 πόλλ’
2848 1341 2980 1394 ἄττα
3027 1341 3267 1396 ἀλλοιοῦν
3310 1345 3406 1413 τὴν
3440 1345 3660 1414 σελήνην
3699 1345 3873 1414 πλήρη
3912 1363 3960 1397 τε

2429 1422 2610 1486 οὖσαν,
2642 1429 2733 1480 καὶ
2757 1428 3050 1499 διχότομον,
3082 1431 3174 1482 καὶ
3199 1432 3554 1501 ἀμφίκυρτον,
3581 1433 3674 1484 καὶ
3705 1435 3960 1502 μηνοειδῆ,

2429 1517 2704 1587 κρίνεσθαί
2735 1535 2791 1572 τε
2824 1519 2883 1571 τὸ
2912 1520 3178 1592 περιέχον,
3217 1522 3309 1574 καὶ
3351 1523 3696 1590 μεταϐάλλειν
3747 1525 3815 1577 τὰ
3854 1527 3963 1595 ἠδε

2431 1607 2568 1660 κατά
2609 1609 2945 1680 διαμέτρους,
2985 1613 3076 1664 καὶ
3105 1612 3490 1681 τετραγώνους,
3529 1616 3622 1669 καὶ
3665 1616 3799 1680 δλως
3823 1619 3964 1680 ττοῴ

2432 1712 2580 1759 τινας
2625 1698 2834 1762 στάσεις
2880 1700 3077 1768 αὐτῆς·
3123 1702 3187 1754 οὐ
3243 1703 3351 1774 μὴν
3395 1704 3452 1757 δὲ
3489 1705 3584 1757 καὶ
3635 1704 3850 1773 εῦλογον
3889 1709 3965 1760 διὰ

2431 1787 2601 1840 ταῦτα
2623 1788 2821 1852 ἐῶντας
2842 1791 3064 1860 διαιρεῖν
3096 1793 3186 1845 τὸν
3214 1792 3306 1846 τοῦ
3331 1793 3475 1864 ἡλίου
3503 1790 3743 1849 ἐνιαυτὸν
3765 1799 3842 1859 είς
3871 1798 3963 1867 μῆ-

805 1897 976 1966 ipsius
1006 1895 1267 1950 stationes
1301 1912 1316 1948 :
1355 1907 1461 1947 non
1490 1899 1670 1948 tamen
1707 1892 1910 1946 idcirco
1951 1891 2237 1951 convenit,
2279 1897 2338 1941 ut

2407 1897 2409 1908 ν
2436 1893 2552 1940 νας,
2579 1879 2669 1931 και
2707 1879 2955 1966 χρῆσθαι,
2982 1863 3359 1952 ἐτερορῤεπεῖν
3383 1885 3475 1938 ἐπὶ
3501 1886 3599 1956 τὴν
3625 1863 3966 1956 suam

805 1987 1217 2058 supersedentes
1243 1984 1373 2040 solis
1397 1997 1598 2038 annum
1642 1983 1697 2036 in
1739 1996 1951 2036 menses
1981 1981 2335 2050 distinguere,

805 2093 974 2146 eaque
999 2077 1262 2132 divisione
1289 2076 1390 2140 uti,
1421 2081 1474 2129 et
1504 2073 1572 2128 ad
1611 2074 1792 2127 lunam
1818 2073 2163 2136 divertentes,
2199 2071 2340 2124 ultro

807 2171 1100 2234 sponteque
1126 2162 1504 2217 dissideamus.
1530 2158 1639 2216 Nec
1665 2162 1807 2216 enim
1842 2161 2136 2216 secundum
2182 2167 2342 2214 natu—

806 2268 922 2307 ram
955 2259 1038 2311 est
1057 2259 1238 2322 totum:
1265 2249 1368 2305 soli
1395 2249 1697 2320 quadrare;
1727 2257 1907 2319 partes
1951 2257 2128 2303 autem
2165 2248 2341 2310 alteri,

807 2358 968 2418 quam
998 2342 1097 2398 soli
1119 2341 1290 2410 magis
1303 2339 1617 2395 convenire.
1645 2338 1778 2392 Nam
1811 2346 1991 2409 partes
2018 2347 2143 2393 sunt
2176 2339 2342 2393 totius

810 2434 959 2494 anni.
993 2432 1083 2500 qui
1115 2445 1327 2486 menses
1350 2430 1721 2491 nominantur,
1750 2428 1836 2483 vel
1858 2429 2345 2498 quomodocunque

809 2523 975 2576 libeat
1005 2517 1152 2574 illam
1179 2517 1541 2576 induodecim
1569 2518 1741 2588 spatia
1767 2517 1962 2573 solaris
1994 2518 2345 2571 revolutionis

813 2612 1154 2683 partitionem
1197 2595 1484 2686 appellare.
1519 2607 1674 2674 Quod
1717 2607 1859 2662 enim
1907 2622 2071 2661 causa
2118 2616 2201 2661 est
2244 2605 2346 2659 eiii-

814 2705 962 2758 ciens
1000 2703 1184 2766 totius,
1221 2701 1272 2764 id
1310 2707 1456 2756 certe
1496 2698 1729 2769 partium
1775 2699 2080 2753 necessario
2110 2697 2346 2752 enicicns

813 2803 918 2858 est,
954 2807 1076 2846 cum
1101 2805 1165 2846 ex
1187 2789 1435 2860 partibus
1469 2797 1640 2842 totum
1669 2795 1982 2857 consurgat,
2004 2795 2057 2843 et
2085 2789 2200 2856 ipso
2232 2795 2347 2840 toto

813 2892 996 2956 partes
1027 2883 1138 2938 sint
1170 2879 1517 2952 generatione
1560 2878 1789 2947 priores.
1837 2876 1932 2930 Est
1977 2883 2152 2930 autem
2189 2876 2347 2929 ctiam

818 2974 1160 3044 inaequalius,
1185 2969 1650 3038 inordinatiusque
1675 2982 1874 3022 annum
1910 2966 1974 3020 ad
2009 2966 2148 3019 luna:
2175 2966 2350 3022 curri-

818 3068 1000 3121 ctlum
1046 3063 1286 3118 ducere:
1319 3059 1461 3132 quod
1495 3059 1587 3129 qui
1627 3059 1701 3112 ita
1751 3065 1936 3127 agunt,
1980 3070 2213 3111 mensem
2246 3056 2352 3111 [rev

2439 1969 2658 2032 ἑκόντας
2688 1965 2823 2024 εῖναι
2855 1971 3170 2027 διΐστασθαι.
3200 1975 3330 2028 Οὐδὲ
3355 1975 3416 2046 δὴ
3445 1978 3585 2030 κατὰ
3614 1978 3771 2048 φύσιν
3798 1978 3859 2031 τὺ
3885 1970 3966 2048 μὲν

2439 2060 2554 2114 ὅλον
2582 2061 2874 2131 προσήκειν
2906 2061 2982 2132 τῷ
3012 2063 3162 2134 ἡλίῳ,
3191 2063 3258 2116 τὰ
3287 2063 3344 2116 δὲ
3384 2066 3521 2138 μέρη
3553 2070 3721 2139 ἑτέρῳ
3751 2086 3826 2138 τῳ
3853 2071 3969 2138 μᾶλ-

2440 2149 2527 2202 λον
2558 2150 2855 2204 ἐπιϐάλλειν
2899 2151 2932 2222 ἢ
2966 2151 3043 2221 τῷ
3071 2151 3221 2222 ἡλίῳ.
3251 2154 3418 2228 ,Μέρη
3458 2155 3565 2225 γὰρ
3592 2156 3684 2208 τοῦ
3718 2157 3837 2209 ὅλου
3879 2159 3969 2210 ἐνι-

2441 2239 2602 2293 αυτοῦ
2646 2242 2695 2293 οι
2747 2241 3062 2312 καλούμενοι
3105 2242 3291 2312 μῆνες,
3339 2243 3372 2314 ἡ
3405 2243 3433 2297 ὅ
3468 2261 3520 2297 τι
3566 2245 3763 2315 δήποτε
3803 2249 3969 2301 καλεῖν

2442 2331 2592 2400 φίλον
2619 2331 2708 2385 τὸν
2740 2334 2818 2395 είς
2861 2331 3064 2386 δώδεκα
3088 2335 3368 2406 ’μερισμὸν
3413 2337 3510 2406 τῆς
3536 2337 3629 2390 τοῦ
3662 2338 3809 2408 ἡλίου
3834 2357 3972 2411 περιο

2443 2427 2629 2494 φοράς.
2673 2424 2745 2481 Τὸ
2794 2423 2850 2476 δέ
2894 2423 2988 2477 τοῦ
3028 2424 3148 2477 ὅλου
3195 2427 3490 2497 ποιητικὸν,
3525 2429 3619 2480 καὶ
3657 2428 3763 2480 τῶν
3809 2431 3972 2499 μερῶν

2443 2515 2602 2567 ταὺτὸ
2632 2514 2905 2584 ποιητικὸν
2952 2514 3011 2579 ἐξ
3059 2516 3300 2586 ἀνάγκης
3344 2517 3509 2573 ἐστίν.
3546 2519 3640 2572 Ἐκ
3668 2519 3775 2572 τῶν
3810 2521 3971 2590 μερῶν

2443 2607 2549 2676 γὰρ
2575 2606 2635 2658 τὸ
2683 2607 2819 2672 ὅλον,
2848 2607 2942 2660 καὶ
2982 2610 3047 2678 τῇ
3093 2607 3297 2676 γενέσει
3340 2609 3576 2681 πρότερα
3618 2611 3712 2665 τοῦ
3760 2613 3876 2666 ὅλου
3913 2613 3972 2666 τὰ

2447 2699 2605 2767 μέρη.
2639 2697 2873 2749 Ἐστιδέ
2902 2699 2994 2751 καὶ
3025 2699 3442 2770 ἀνωμαλώτερόν
3479 2720 3536 2756 τε
3580 2705 3671 2757 καὶ
3705 2705 3974 2759 ἀτακτότε-

2447 2806 2536 2857 ρον
2569 2787 2627 2839 τὸ
2659 2787 2793 2858 πρὸς
2820 2788 2914 2859 τὴν
2955 2789 3122 2860 φοράν
3161 2789 3259 2859 τῆς
3289 2791 3510 2862 σελήνης
3534 2793 3714 2860 ἀγειν·
3741 2795 3810 2847 δι’
3840 2796 3867 2848 ό
3891 2796 3972 2848 καὶ

2449 2878 2614 2948 συχνά
2637 2879 2972 2932 ἐπιϐάλλουσι
3001 2882 3141 2952 μῆνα
3177 2882 3226 2934 οί
3258 2881 3425 2946 οὕτως
3455 2883 3696 2951 ἄγοντες,
3728 2886 3823 2938 καὶ
3849 2889 3975 2959 πρά-

2447 2985 2626 3038 γματα
2670 2968 2868 3038 έχουσι,
2921 2970 2987 3023 τὰ
3031 2972 3124 3041 μέν
3160 2971 3525 3045 δωδεκάμηνα,
3569 2967 3713 3028 τάδέ
3739 2993 3972 3047 τρισκαιο

2448 3060 2723 3130 δεκάμηνα
2765 3061 3069 3131 ποιούμενοι
3105 3062 3210 3116 τῶν
3238 3063 3390 3116 ἐτῶν.
3419 3064 3622 3118 Οὐκοῦν
3646 3067 3794 3137 παρά
3829 3068 3974 3136 φύσιν

820 3161 1048 3224 quenter
1079 3153 1356 3216 inserunt;
1387 3164 1486 3205 nec
1504 3163 1702 3219 parum
1738 3147 1936 3202 habent
1974 3147 2195 3218 negotii,
2221 3144 2346 3200 dum

2407 3183 2418 3237 Ξ
2449 3165 2509 3217 γε
2553 3149 2762 3219 μᾶλλον.
2794 3149 2955 3213 Τάξις
2995 3150 3100 3220 γάρ
3125 3167 3208 3213 τις
3239 3153 3272 3220 ἡ
3305 3151 3481 3220 φύσις,
3515 3155 3608 3206 καὶ
3635 3155 3783 3225 παρά
3829 3157 3975 3236 φύσιν

821 3245 957 3299 alios
983 3258 1154 3298 annos
1182 3243 1444 3296 mensium
1478 3239 1783 3302 duodecim,
1811 3240 1946 3294 alios
1967 3239 2221 3293 tredecim
2247 3236 2349 3292 elli-

821 3337 990 3391 ciunt.
1030 3333 1213 3402 Itaque
1253 3338 1445 3401 praeter
1479 3339 1728 3384 naturam
1780 3329 1994 3398 quidem
2043 3329 2097 3382 id
2151 3329 2348 3397 potius.

821 3427 956 3482 Nam
986 3426 1120 3481 ordo
1146 3424 1361 3493 quidam
1405 3431 1593 3476 natura
1625 3428 1739 3485 est,
1769 3429 1822 3475 et
1859 3427 2052 3490 praeter
2082 3428 2349 3483 naturam,

823 3517 1080 3587 quidquid
1130 3513 1484 3577 inconditum,
1535 3523 1587 3568 et
1646 3513 2080 3580 incompositum,
2108 3519 2160 3566 et
2208 3512 2353 3579 quod

825 3609 1067 3661 ordinem
1103 3620 1259 3673 suum
1291 3619 1394 3657 non
1423 3611 1618 3657 servat.
1633 3601 1892 3656 Cancrum
1916 3612 1974 3655 ut
2005 3603 2174 3657 solem
2199 3602 2352 3654 dam-

789 3684 1017 3754 Inemus
1061 3696 1367 3750 inutilitatis
1409 3703 1626 3762 propter
1669 3695 1808 3747 luna:
1862 3695 1992 3757 vim,
2035 3701 2088 3748 et
2124 3709 2186 3747 ea
2235 3706 2356 3762 quae

826 3789 984 3856 vulgo
1013 3793 1293 3856 apparent,
1319 3784 1608 3852 postulatio
1629 3783 1787 3837 nimis
1809 3797 2000 3852 magna
2025 3793 2127 3845 est,
2154 3792 2208 3837 et
2237 3797 2355 3851 qua:

827 3880 1071 3933 videatur
1092 3891 1216 3931 esse
1242 3875 1360 3944 ejus
1383 3874 1472 3943 qui
1505 3889 1560 3928 se
1577 3876 1744 3942 magis
1765 3875 1945 3928 sensui
1973 3888 2128 3942 quam
2160 3875 2355 3926 rationi

829 3969 1074 4037 applicet.
1115 3964 1346 4019 Effectus
1391 3964 1533 4018 enim
1573 3964 1731 4026 lunae,
1750 3971 1811 4016 et
1841 3977 2003 4031 opera
2033 3977 2062 4015 a
2087 3963 2199 4018 sole
2231 3963 2354 4032 qui-

831 4059 950 4111 dem
987 4057 1150 4126 (quod
1185 4071 1348 4125 prOpe
1381 4053 1628 4122 dixerim)
1653 4054 1832 4106 omnia
1853 4059 2018 4106 sunt:
2045 4061 2097 4106 et
2137 4053 2245 4106 haec
2276 4053 2359 4104 in-

832 4129 1027 4203 feriora
1065 4148 1203 4201 idem
1239 4148 1318 4200 sol
1352 4146 1613 4214 imprimis
1641 4144 1916 4209 describit,
1953 4143 2281 4207 modulatur,
2306 4152 2359 4196 et

834 4239 886 4290 in
927 4251 1203 4295 numerum
1248 4235 1602 4302 ordinemque
1640 4233 1849 4301 digerit.
1877 4231 1940 4284 Et
1971 4233 2196 4286 aliorum
2239 4234 2357 4301 qui-

832 4328 950 4380 dem
976 4326 1208 4379 siderum
1233 4322 1633 4393 temperationis
1661 4321 1826 4383 solem
1842 4334 1961 4374 esse
1983 4335 2221 4381 causam,
2237 4335 2359 4373 cum

832 4417 1014 4471 multis
1044 4415 1163 4473 aliis
1186 4415 1456 4482 praeclaris
1498 4413 1649 4476 viris,
1682 4420 1792 4464 tum
1833 4410 1912 4464 vel
1944 4411 2174 4464 maxime
2208 4408 2359 4464 Stra-

2449 3241 2554 3292 πᾶν
2582 3240 2641 3291 τὸ
2670 3239 2980 3311 πλημμελές
3007 3259 3066 3294 τε
3117 3243 3209 3295 καὶ
3249 3243 3495 3296 ἄτακτον.
3531 3243 3604 3298 Τὸ
3625 3246 3669 3298 δ’
3697 3233 3975 3319 ἀχρηστίαν

2447 3330 2537 3382 τοῦ
2565 3329 2710 3401 ἡλίου
2741 3331 3159 3399 καταγινώσκειν
3195 3333 3281 3386 διὰ
3324 3333 3419 3405 τὴν
3446 3335 3546 3405 τῆς
3582 3337 3801 3408 σελήνης
3835 3339 3975 3392 δύνα-

2453 3439 2542 3491 μιν
2581 3421 2677 3473 καὶ
2714 3422 2780 3473 τά
2810 3423 3122 3492 φαινόμενα,
3153 3422 3355 3493 αἴτημα
3397 3425 3514 3478 λίαν
3548 3427 3689 3495 μέγα
3732 3430 3867 3494 ἐστὶ,
3893 3431 3977 3483 καὶ

2450 3511 2796 3580 προσέχοντος
2816 3512 3055 3584 αἰσθήσει
3089 3513 3281 3584 μᾶλλον
3312 3514 3484 3568 ἔοικεν
3502 3513 3638 3570 εἶναι
3668 3520 3700 3588 ἢ
3731 3519 3974 3590 λογισμῷ.

2451 3601 2532 3653 Τά
2557 3618 2613 3653 τε
2639 3601 2742 3672 γὰρ
2770 3603 2866 3681 τῆς
2892 3602 3114 3674 σελήνης
3133 3602 3265 3674 ἔργα
3287 3603 3374 3656 διά
3398 3606 3486 3658 τὸν
3507 3607 3673 3675 ἥλιον,
3700 3609 3774 3670 ὡς
3798 3612 3974 3672 εἰπεῖν,

2451 3691 2642 3743 ἅπαντ’
2685 3691 2828 3742 ἐστί·
2864 3693 2922 3744 τό
2961 3709 3020 3744 τε
3065 3693 3294 3762 μάλιστα
3333 3695 3567 3765 κοσμοῦν
3602 3699 3669 3753 τά
3714 3700 3861 3768 τῇδε,
3895 3702 3976 3753 καὶ

2455 3779 2727 3849 ῥυθμίζον,
2762 3780 2852 3834 καὶ
2879 3781 3172 3860 διατάττειν,
3204 3783 3233 3834 ὁ
3257 3783 3402 3854 ἥλιός
3428 3788 3563 3841 ἐστι.
3596 3789 3702 3840 Καὶ
3749 3790 3856 3861 μὴν
3898 3793 3976 3845 καὶ

2453 3871 2548 3939 τῆς
2573 3872 2697 3940 περὶ
2722 3872 2844 3934 τοὺς
2858 3872 3050 3935 ἀλλους
3079 3875 3309 3944 ἀστέρας
3336 3876 3626 3948 εὐκρασίας
3656 3881 3822 3932 αττιον
3857 3878 3976 3933 εῖναι

2454 3963 2541 4015 τὸν
2574 3963 2721 4032 ήλιον
2763 3963 2937 4027 ἀλλοις
2970 3981 3031 4018 τε
3076 3965 3182 4018 τῶν
3225 3965 3445 4030 ἐνδόξων
3489 3970 3580 4022 καὶ
3617 3971 3885 4041 Στράϐωνι
3911 3972 3978 4040 τῷ

2456 4054 2756 4124 γεωγράφῳ
2789 4054 2950 4109 δοκεῖ.
2989 4055 3374 4126 Ἐναργέστερα
3407 4057 3586 4128 μέντοι
3620 4060 3686 4112 τά
3727 4063 3856 4132 περὶ
3894 4064 3977 4132 τὴν

2460 4143 2681 4214 σελήνην
2709 4143 3060 4214 συμϐαίνοντα
3103 4146 3240 4200 κατά
3269 4145 3548 4217 διαφόρους
3578 4149 3760 4216 φάσεις
3795 4154 3857 4203 ἐκ
3885 4153 3978 4203 τῶν

2460 4233 2592 4300 πρὸς
2621 4232 2710 4285 τὸν
2737 4233 2882 4302 ἡλιον
2911 4234 3254 4288 ἀποστάσεων
3281 4237 3409 4306 ἡμῖν
3446 4237 3676 4308 ἀπαντᾷ.
3706 4239 3853 4292 ’Ὧς-τ’
3878 4241 3978 4291 ἐπι-

2458 4324 2691 4394 τηρητέα
2723 4323 2898 4392 μέντοι
2926 4325 3016 4377 καὶ
3047 4325 3193 4378 ταῦτ’
3214 4326 3376 4389 ἐστὶν,
3415 4327 3524 4379 εἴτε
3556 4328 3675 4380 καθ’
3703 4329 3975 4399 ἑϐδομάδας

2460 4413 2566 4464 εἴτε
2605 4411 2724 4465 καθ’
2764 4413 2944 4482 ἕτερον
2973 4413 3114 4483 μῆνα
3160 4415 3304 4468 δοκεῖ
3346 4416 3671 4486 σεληνιακόν.
3704 4419 3776 4470 Οὐ
3807 4419 3906 4488 μὴν
3930 4419 3975 4469 δὲ

833 4506 960 4560 boni
1011 4503 1312 4573 geographo
1373 4501 1598 4554 videtur.
1641 4499 1984 4552 Evidentiora
2025 4489 2204 4551 tamen
2241 4513 2354 4552 sese

2407 4512 2439 4567 β
2466 4503 2556 4555 καὶ
2583 4504 2756 4572 μόνοις
2779 4503 2947 4556 τοῖσδε
2983 4506 3290 4575 χρωμένους
3317 4507 3494 4559 ἐατέον
3522 4509 3648 4571 τοὺς
3699 4509 3815 4562 καθ’
3848 4510 3979 4579 ἡλιον

835 4598 989 4652 nobis
1014 4595 1262 4658 oll‘erunt,
1282 4607 1399 4662 qua:
1411 4594 1726 4661 contingunt
1743 4592 1890 4644 circa
1921 4591 2124 4652 lunam,
2144 4597 2362 4657 propter

834 4690 1138 4742 diﬂerentes
1165 4688 1280 4756 ejus
1305 4687 1534 4756 species,
1563 4700 1627 4737 ex
1656 4684 1819 4746 variis
1846 4682 1975 4736 solis
2004 4683 2365 4749 intercapedi-

815 4779 994 4854 lnibus
1027 4778 1444 4847 proﬁciscentes.
1486 4776 1823 4842 Quapropter
1857 4771 2195 4825 observanda
2237 4778 2366 4824 sunt

820 4857 972 4934 haec,
1012 4870 1122 4921 sive
1155 4883 1250 4937 per
1289 4869 1635 4935 septimanas,
1669 4865 1780 4917 sive
1832 4878 1925 4931 per
1952 4864 2176 4917 alterum
2216 4877 2365 4914 men-

837 4975 949 5014 sem
977 4960 1217 5011 lunarem
1245 4957 1474 5010 videtur.
1508 4954 1691 5024 Neque
1729 4969 1857 5008 vero
1892 4954 1976 5008 his
2000 4955 2131 5008 solis
2165 4953 2364 5028 utendo

835 5049 1040 5105 solares
1072 5049 1319 5102 deserere
1347 5054 1577 5114 oportet,
1610 5046 1700 5114 qui
1726 5045 1834 5098 sint
1863 5045 2019 5114 longe
2047 5044 2364 5114 aequabilio-

837 5155 946 5201 res,
978 5148 1031 5190 et
1067 5143 1247 5206 partes
1293 5143 1590 5202 temporum
1631 5134 1887 5189 divinitus
1922 5134 2363 5198 constitutorum,

836 5229 1108 5296 totiusque
1141 5227 1269 5280 anni
1301 5225 1530 5295 propriae
1567 5232 1620 5277 et
1663 5225 1872 5277 nativae.
1923 5223 2231 5277 Secundum
2269 5237 2368 5276 na-

839 5329 1013 5373 turam
1045 5317 1188 5372 enim
1231 5317 1282 5369 id
1332 5316 1646 5385 simpliciter
1691 5325 1814 5369 est:
1857 5313 2288 5384 quandoquidem
2337 5328 2368 5366 a

840 5421 1025 5471 causa,
1055 5419 1106 5461 et
1133 5408 1330 5478 priore,
1360 5414 1432 5485 oet
1483 5406 1657 5473 magis
1697 5407 2025 5460 necessaria.
2057 5406 2212 5471 Quod
2240 5421 2367 5462 vero

801 5545 805 5550 .
840 5510 922 5553 est
947 5515 976 5552 a
1005 5499 1152 5562 luna,
1183 5499 1364 5552 notius
1390 5499 1546 5552 nobis
1567 5511 1688 5550 cum
1733 5497 1802 5551 sit
1842 5506 1894 5552 et
1924 5499 2183 5565 apertius,
2224 5501 2368 5553 viam

843 5588 908 5641 ad
931 5604 1131 5659 eaquae
1163 5597 1287 5645 sunt
1318 5590 1521 5643 notiora
1555 5600 1766 5653 natura,
1798 5597 1848 5642 et
1877 5590 2218 5659 perfectiora,
2251 5607 2369 5644 mu-

843 5680 942 5755 nit.
964 5679 1320 5743 Quamobrem
1344 5682 1520 5737 Caesar
1548 5689 1898 5751 cognomento
1928 5681 2068 5750 apud
2100 5680 2368 5737 Romanos

845 5768 1027 5834 Divus,
1070 5769 1342 5838 ingressus
1372 5769 1509 5824 hanc
1531 5773 1668 5824 viam
1715 5770 1777 5824 ad
1821 5770 1893 5834 id,
1929 5769 2069 5838 quod
2098 5777 2212 5824 erat
2244 5785 2361 5826 cer-

2467 4592 2635 4662 μῆνας
2659 4591 3045 4663 όμαλεστέρους
3065 4593 3220 4656 ὄντας
3247 4592 3392 4664 παρὰ
3425 4592 3577 4658 πολὺ,
3608 4597 3700 4648 καὶ
3725 4597 3862 4666 μέρη
3887 4596 3978 4647 τῶν

2464 4681 2526 4732 ἐκ
2557 4679 2687 4732 Θεοῦ
2711 4679 2884 4750 ὡρῶν,
2921 4681 3014 4734 καὶ
3058 4678 3147 4733 τοῦ
3193 4681 3312 4733 ὅλου
3353 4682 3594 4736 ἐνιαυτοῦ
3619 4685 3788 4736 οἰκεῖά
3818 4700 3874 4735 τε
3901 4686 3977 4734 καὶ

2463 4769 2718 4838 αὐτοφυῆ.
2763 4771 2914 4823 Κατά
2953 4769 3110 4838 φύσιν
3140 4770 3246 4840 γάρ
3287 4770 3428 4823 τοῦθ’
3471 4769 3686 4835 ἁπλῶς-⁸
3718 4771 3869 4842 εἴπερ
3903 4774 3981 4823 καὶ

2463 4859 2520 4922 ἐξ
2551 4860 2743 4922 αἰτίου,
2785 4861 2875 4912 καὶ
2913 4859 3195 4930 προτέρου,
3229 4859 3320 4914 καὶ
3355 4861 3795 4933 ἀναγκαιοτέρου.
3829 4862 3896 4914 Τδ
3933 4861 3978 4912 δέ

2463 4948 2568 5000 ἀπὸ
2593 4950 2688 5018 τῆς
2723 4947 2963 5018 σελήνης,
3009 4947 3416 5019 γνωριμώτερον
3457 4948 3514 5000 ὃν
3551 4951 3681 5019 ἡμῖν
3713 4951 3808 5003 καὶ
3838 4949 3979 5016 σαφέ-

2467 5055 2668 5110 στερον,
2702 5038 2814 5099 ὁδός
2857 5039 2999 5090 ἐστιν
3023 5039 3113 5092 ἐπὶ
3137 5038 3207 5092 τὰ
3229 5042 3295 5110 τῇ
3325 5039 3482 5108 φύσει
3523 5039 3899 5110 γνωριμιῖηερά
3928 5055 3978 5089 τε

2465 5128 2556 5180 καὶ
2598 5127 2910 5200 τελεώτερα.
2948 5131 3024 5181 Δι’
3050 5129 3200 5183 ὅκαὶ
3236 5131 3283 5182 oi
3327 5130 3452 5200 περὶ
3491 5131 3742 5201 Καίσαρα
3767 5131 3858 5183 τὸν
3900 5131 3980 5181 ἐπ-

2464 5219 2840 5290 ωνομασμένον
2871 5222 2981 5282 τοῖς
2996 5219 3280 5290 Ῥωμαίοις
3316 5219 3452 5285 θεὸν,
3472 5221 3669 5292 ταύτην
3699 5219 3877 5284 ἰόντες,
3903 5219 3977 5272 ἐπὶ

2464 5311 2871 5382 τάκριϐέστερον
2900 5310 3184 5381 ἐληλῦθασι
3213 5309 3392 5383 μηνῶν
3413 5328 3470 5364 τε
3495 5314 3590 5366 καὶ
3613 5299 3853 5365 ἐνιαυτοῦ
3882 5311 3977 5363 δια·

2465 5401 2665 5464 τάξεως
2699 5401 2840 5472 πέρι.
2872 5403 2932 5456 Ol
2953 5402 2998 5454 δ’
3025 5401 3132 5473 ἀρα
3166 5405 3276 5467 τοῖς
3305 5405 3361 5456 ἐν
3394 5403 3517 5454 ποσὶ⁵
3554 5403 3647 5455 καὶ
3674 5405 3801 5473 ἡμῖν
3841 5416 3979 5470 σαφε-

2418 5552 2419 5555 ,
2469 5493 2673 5562 στέροις
2707 5492 3049 5562 ἐπιμένοντες
3085 5491 3172 5545 διὰ
3208 5492 3390 5554 τέλους
3440 5492 3676 5572 ἐοίκασιν
3715 5491 3774 5546 οὐ
3826 5489 3978 5549 καλῶς

2467 5586 2684 5652 κρίνειν,
2709 5584 2758 5636 τί
2794 5585 2855 5635 τὸ
2879 5583 2943 5635 δι’
2978 5583 3125 5647 αὐτὸ,
3147 5583 3240 5636 καὶ
3271 5583 3323 5634 τί
3354 5581 3416 5635 τὸ
3437 5582 3502 5635 δι’
3527 5581 3710 5653 ἓτερον
3743 5581 3973 5652 αἱρετέον.

2469 5675 2640 5737 Ὂλως
2679 5693 2738 5727 τε
2775 5676 2856 5728 δεῖ
2892 5673 3126 5746 νομίζειν
3161 5674 3228 5727 τὰ
3257 5673 3475 5744 ὕστερον
3511 5675 3685 5744 χρόνῳ
3713 5670 3898 5744 μακρῷ
3917 5669 3977 5719 δι·

2464 5767 2813 5836 ηκριϐωμένσ.
2842 5767 2964 5836 περὶ
3005 5765 3342 5838 ἀστρολογίαν
3368 5763 3497 5817 πολύ
3529 5779 3583 5817 τι
3630 5763 3734 5818 τῶν
3772 5762 3975 5833 ἀρχαίων
