4130 6342
180 478 320 533 H97

1121 477 1463 533 THEODORI
1502 478 1704 531 GAZ/E
1757 478 1951 531 LIBER
1994 479 2079 532 DE
2120 480 2472 536 MENSIBUS.

3126 482 3129 485 ¹
3240 492 3375 548 H98

178 591 491 662 διαφέρειν·
526 589 757 661 maps
793 590 1012 653 ἑκόντας
1058 591 1147 643 ὑπ’
1184 592 1466 652 αὐθαδείας
1504 592 1605 661 πρὸ
1634 592 1731 642 τῶν

1840 591 1947 645 tius
1976 593 2326 659 exaetinsque
2345 595 2411 648 de
2441 596 2566 649 anni
2603 598 2971 669 mensiumque
2998 600 3370 669 dispositione.

173 682 522 752 τελεωτέρων
544 681 612 734 τά
642 679 965 749 ἀτελέα-τερα
1007 683 1261 742 ἐπαινεῖν,
1292 682 1475 751 ὥσπερ
1502 684 1558 733 ὲν
1591 683 1733 751 γήρᾳ

170 772 249 826 τὰ
277 772 386 826 τῶν
407 772 537 825 νέων
560 776 771 842 φρονεῖν
818 774 895 825 ἔτι
930 774 1403 843 προαιρουμένους.
1446 774 1595 827 Ἐπεὶ
1644 774 1733 825 καὶ

172 861 417 932 Γαληνὸς
458 864 513 914 ὲν
548 864 658 924 τοῖς
700 862 827 932 περὶ
863 863 1127 932 κρισίμων
1156 861 1376 933 ἡμερῶν
1426 861 1600 929 λόγοις
1645 862 1733 914 τὸν

176 953 425 1006 ἐνιαυτὸν
452 954 542 1005 ἐπὶ
566 954 682 1015 ταῖς
710 952 867 1005 πέντε
893 953 985 1005 καὶ
1011 954 1268 1023 ἐξήκοντα
1290 953 1381 1006 καὶ
1403 953 1733 1023 τριακοσίαις

175 1043 435 1112 ἡμέραις,
468 1043 805 1112 ἐπικείμενον
834 1043 975 1113 ἔχειν
1011 1060 1061 1094 τι
1098 1043 1280 1112 μόριον
1319 1041 1528 1112 ἡμέρας
1556 1040 1734 1111 μεῖζον

174 1134 210 1203 ἢ
245 1133 325 1197 ὼς
350 1133 601 1205 τέταρτον
631 1133 795 1201 λέγει.
828 1135 898 1186 Τὸ
939 1134 983 1186 δ’
1015 1133 1073 1185 οὐ
1120 1133 1318 1202 μεῖζον,
1367 1133 1477 1186 ἀλλ’
1522 1132 1734 1185 ἔλαττον

172 1220 340 1289 εἶναι,
368 1226 483 1286 ταῖς
508 1224 730 1294 ὕστερον
758 1223 1136 1293 ἐπιτηρὴσεσιν
1179 1221 1423 1292 εὓρηται.
1451 1223 1513 1274 El
1552 1222 1597 1275 δ’
1628 1222 1734 1290 ἄρα

172 1320 285 1368 που
323 1316 452 1386 μηδὲ
494 1315 561 1369 τὰ
603 1317 728 1384 περὶ
769 1315 865 1385 τὴν
892 1313 1038 1383 ἡλίου
1079 1312 1289 1383 κίνησιν
1318 1311 1571 1383 τάκριϐὲς
1597 1321 1734 1364 ’παν-

170 1404 412 1456 τάπασιν
444 1402 579 1472 ῐσχοι
616 1405 746 1473 ἡμῖν
768 1419 783 1433 ο
816 1401 928 1454 ἀλλ’
956 1396 1046 1453 οὖν
1078 1416 1141 1468 γε
1187 1400 1318 1452 πολὺ
1349 1400 1455 1451 τῶν
1484 1401 1609 1469 περ)⁸
1637 1400 1732 1469 τὴν

171 1494 409 1566 σελήνην
454 1493 789 1566 ἁκριϐέστερ’
832 1493 966 1557 ἐστὶ,
1010 1494 1101 1545 κα⁶ι
1159 1493 1219 1544 τὸ
1257 1490 1732 1561 πλημμελούμενον

167 1586 679 1656 εὐδιορθωτότερον”
714 1584 767 1636 εἴ
794 1600 855 1651 γε
891 1584 1017 1653 μίαν
1052 1584 1148 1653 μὲν
1196 1582 1283 1635 διὰ
1325 1581 1731 1654 τετραετηρίδος

167 1672 388 1741 ἡμέραν
414 1672 721 1742 ἐμϐόλιμον,
756 1670 882 1740 μίαν
908 1671 963 1723 δὲ
992 1671 1171 1739 σχεδὸν
1203 1670 1290 1723 διὰ
1326 1670 1730 1740 διακοσαετηρί-

167 1760 263 1822 δος
322 1760 598 1831 ἐκϐόλιμον
649 1759 949 1822 ποιεῖσθαι,
990 1758 1345 1828 ἀποχρώντως
1392 1760 1457 1811 ἂν
1516 1757 1647 1827 ἔχοι,
1698 1757 1730 1827 ἦ

166 1851 372 1904 ὁπόσον
426 1851 489 1905 ἂν
532 1852 618 1904 διά
660 1852 907 1903 πλείστου
945 1851 992 1901 οε
1025 1852 1312 1919 ’περιόντες
1357 1851 1440 1902 ἀεὶ
1478 1846 1553 1917 τῷ
1602 1848 1729 1917 χρό-

1838 681 1990 750 163
2021 684 2241 750 propius
2272 685 2522 745 accessit.
2552 686 2654 751 Qui
2688 704 2814 759 ergo
2861 691 2915 743 in
2946 693 3121 745 medio
3158 696 3369 761 positis,

1832 780 1885 821 et
1918 771 2074 823 nobis
2105 772 2566 831 inanifeslioribus
2594 780 2812 833 assidue
2847 781 3127 845 insistunt,
3160 798 3267 836 non
3302 785 3375 837 vi-

1833 858 2029 911 dentur
2058 871 2202 914 recte
2227 862 2543 931 dignoscere
2569 868 2697 934 quid
2722 883 2816 936 per
2839 884 2895 923 se
2921 878 2974 923 et
2999 873 3125 938 quid
3154 884 3373 939 propter

1833 949 1974 1003 aliud
2015 954 2338 1007 sumendum
2386 956 2475 1009 sil.
2511 956 2795 1026 Semelque
2825 961 3137 1016 existimare
3164 970 3372 1031 oportet

1834 1042 2137 1108 astrologia:
2164 1048 2679 1112 commentationes,
2713 1064 2830 1117 quae
2878 1052 3046 1103 multo
3080 1061 3203 1120 post
3236 1063 3369 1106 tem-

1832 1144 1962 1198 pore
1985 1131 2325 1200 diligentiore
2342 1150 2469 1187 cura
2491 1138 2751 1191 “absolutae
2773 1146 2919 1204 sunt,
2952 1156 3059 1193 non
3086 1158 3272 1209 parum
3300 1140 3371 1196 ab

1833 1222 2067 1290 antiquis
2105 1223 2212 1277 illis
2238 1234 2525 1293 praestare;
2566 1243 2670 1281 non
2703 1237 2881 1282 autem
2911 1246 3020 1298 pra:
3070 1232 3371 1300 pervicacia

1832 1308 2028 1363 decens
2053 1320 2134 1363 est
2157 1313 2551 1381 imperfectiora
2579 1306 2993 1385 perfectioribus
3021 1332 3369 1391 anteponere,

1832 1402 1983 1469 quasi
2014 1403 2252 1458 volentes
2274 1405 2328 1457 in
2356 1414 2632 1461 senectute
2660 1409 2835 1463 adhuc
2864 1412 3094 1465 retinere
3130 1415 3372 1480 pueritia;
3406 1464 3409 1468 .

1834 1492 2083 1562 ineptias.
2120 1493 2343 1559 Quando
2376 1498 2456 1550 vel
2488 1498 2603 1566 ipse
2632 1498 2868 1555 Galenus
2892 1502 2943 1554 in
2980 1502 3132 1557 libris
3164 1503 3228 1557 de
3256 1503 3370 1573 die-

1833 1584 1932 1636 bus
1959 1584 2271 1640 decretoriis
2302 1588 2452 1650 dicit,
2494 1602 2636 1640 anno
2657 1605 2815 1658 supra
2845 1602 3112 1647 trecentos
3138 1600 3190 1646 ct
3224 1609 3371 1647 sexa-

1832 1674 1977 1739 ginta
2003 1676 2240 1744 quinque
2266 1676 2412 1739 dies,
2446 1681 2765 1747 particulam
2798 1685 3085 1750 quamdam
3114 1685 3370 1739 accedere

1831 1763 1936 1816 diei
1970 1767 2270 1834 quadrante
2301 1770 2582 1837 majorem.
2607 1772 2768 1842 Atqui
2800 1789 2903 1827 non
2943 1776 3197 1844 majorem
3228 1792 3368 1842 esse,

1832 1856 1922 1910 sed
1956 1858 2234 1921 minorem,
2276 1861 2506 1927 posteris
2537 1864 3011 1919 observationibus
3056 1873 3370 1918 annotatum

169 1960 250 2011 νῳ
283 1942 639 2013 ἀστρονομίας
687 1942 1061 2013 ἐμπειρότατοι
1106 1942 1376 2015 κρίνωσιν.
1422 1939 1583 1992 Οὐδὲν
1622 1938 1727 2007 γὰρ

1825 1955 1926 1999 est.
1949 1945 2099 2011 Quod
2124 1949 2167 2001 si
2194 1949 2331 2002 forte
2360 1966 2427 2003 ne
2454 1953 2584 2005 solis
2610 1954 2825 2021 quidem
2862 1966 3039 2009 motus
3074 1956 3212 2009 ratio
3240 1956 3373 2009 satis

165 2033 250 2103 τῷ
308 2035 529 2103 παρόντι
579 2035 928 2104 προσίσταται
975 2035 1134 2105 λόγῳ,
1178 2026 1231 2086 ei
1273 2052 1414 2098 τινες
1460 2032 1730 2104 ἀμφισϐη-

165 2126 332 2179 τοῦσι
361 2126 485 2196 περὶ
505 2126 597 2178 τοῦ
628 2127 733 2179 τῶν
761 2126 892 2180 ἐτῶν
924 2126 1176 2198 πλήθους.
1223 2126 1731 2196 Ἀναμφισϐητήτως

165 2216 285 2287 γὰρ
326 2219 363 2287 ἡ
404 2217 764 2288 ἐπανόρθωσις
808 2218 955 2271 ἔσται
1012 2217 1099 2270 διὰ
1154 2217 1426 2281 πλείστου,
1469 2217 1613 2277 ὅπως
1664 2215 1729 2267 ἂν

168 2314 298 2379 ἔχῃ.

1836 2021 1992 2087 nobis
2023 2042 2266 2099 constet;
2310 2047 2363 2088 at
2400 2054 2559 2104 quam
2614 2040 2755 2091 luuze
2795 2048 2940 2093 certe
2975 2042 3145 2095 multo
3174 2044 3373 2095 certior

1835 2132 1937 2183 est.
1968 2124 2192 2192 ejusque
2232 2141 2385 2179 error
2434 2128 2623 2192 levior,
2650 2136 2702 2182 et
2736 2130 2913 2183 minus
2946 2134 3119 2184 errori
3146 2134 3373 2200 propin-

1835 2229 1991 2283 quus.
2028 2213 2305 2282 Siquidem
2338 2218 2471 2271 satis
2509 2229 2593 2272 est
2624 2236 2789 2274 unum
2838 2221 2978 2275 diem
3008 2232 3207 2291 quarto
3237 2237 3373 2290 quo-

1833 2319 1937 2372 que
1981 2317 2123 2356 anno
2169 2303 2505 2371 intercalari;
2552 2315 2673 2375 post
2719 2324 2844 2362 vero
2893 2308 3153 2363 ducentos
3206 2310 3374 2363 ferme

167 2401 354 2450 annos
376 2411 543 2449 unum
566 2398 903 2467 exemptilem
936 2396 1075 2462 ﬁeri,
1098 2398 1183 2453 vel
1205 2411 1365 2467 quam
1394 2395 1554 2463 longo
1579 2390 1839 2461 temporis
1907 2392 2190 2446 intervallo
2235 2394 2555 2461 judicabunt
2576 2436 2589 2459 ,
2653 2399 2746 2467 qui
2808 2400 3026 2454 assidue
3084 2399 3375 2453 succedent

166 2473 200 2510 Θ

166 2567 197 2605 2

170 2684 301 2749 Ὅτι
323 2694 419 2749 καί
443 2695 564 2761 τοῖς
592 2697 803 2765 σοφοῖς
827 2659 1246 2819 δὲκεῖρἐλτιον
1271 2698 1343 2752 τὰ
1374 2696 1521 2751 κατὰ
1553 2694 1725 2762 ἣλιον

902 2784 1044 2819 retr.

902 2784 1044 2836 γειν.

244 2854 354 2908 IA'.
409 2855 644 2908 Ἐπαινεῖ
666 2855 721 2909 δὲ
752 2856 1111 2927 διαφερόντως
1144 2858 1236 2911 καὶ
1268 2858 1607 2929 Πλούταρχος
1628 2858 1725 2928 τὴν
1754 2868 1766 2879 '

170 2943 453 3013 Καίσαρος
479 2945 861 3016 ἐπανόρθωσιν,
887 2946 1051 3011 δεινὸς
1080 2946 1153 2999 ὢν
1176 2950 1373 3019 κρῖναι,
1401 2943 1500 3002 ὦδε
1526 2949 1691 3017 λέγων
1708 2963 1723 2978 ·

176 3052 196 3084 ι
240 3033 309 3086 Ἥ
337 3033 393 3086 δὲ
422 3034 511 3089 τοῦ
553 3035 900 3106 ἡμερολογίου
929 3036 1161 3100 διάθεσις
1203 3038 1294 3089 καὶ
1325 3037 1602 3107 διόρθωσις
1626 3038 1725 3107 τῆς

209 2489 516 2557 xperientia
544 2490 867 2544 excellentes
889 2492 1209 2545 astronomi.
1241 2488 1426 2558 Neque
1453 2486 1593 2541 enim
1628 2484 1909 2553 praesentis
1941 2494 2021 2537 est
2047 2486 2301 2550 instituti,
2338 2488 2381 2540 si
2408 2489 2604 2556 quibus
2631 2500 2977 2545 controversa
3006 2498 3089 2546 est
3112 2491 3167 2545 in
3188 2490 3288 2543 hac
3316 2502 3374 2543 re
3437 2485 3441 2489 ’

204 2594 444 2633 nnorum
491 2578 799 2633 multitudo.
834 2579 986 2634 Haud
1032 2581 1193 2635 dubie
1236 2580 1377 2633 enim
1418 2576 1649 2647 plurimo
1702 2574 1961 2641 temporis
1996 2574 2287 2629 interstitio
2330 2579 2722 2645 emendabitur,
2761 2589 3036 2652 utcunque
3068 2600 3127 2638 se
3156 2582 3370 2637 habeat.

1830 2690 1979 2755 Quod
2027 2692 2148 2745 viris
2191 2694 2525 2761 prudentibus
2571 2697 2888 2750 commodius
2931 2698 3131 2751 videtur
3182 2716 3373 2753 armum

2378 2766 2445 2816 ad
2470 2766 2629 2819 solem
2657 2784 2823 2835 agere.

1894 2852 1983 2906 XL
2025 2852 2271 2924 Impense
2310 2871 2437 2909 vero
2476 2855 2658 2910 laudat
2688 2858 2916 2913 Caesaris
2948 2858 3371 2913 emendationem

1824 2942 2193 3009 Plutarchus,
2256 2948 2534 3015 przestanti
2595 2949 2676 3001 vir
2731 2948 2958 3017 judicio,
3005 2949 3084 3003 sic
3140 2948 3373 3004 dicens:

1832 3052 1851 3084 ι
1893 3034 2177 3090 Fastorum
2213 3045 2389 3091 autem
2413 3039 2715 3109 dispositio,
2740 3047 2793 3093 et
2837 3042 3212 3095 inconstantiae
3234 3040 3373 3096 illius

173 3124 308 3194 περὶ
348 3124 437 3178 τὸν
480 3128 667 3195 χρόνον
704 3126 1031 3200 ἀνωμαλίας,
1063 3126 1474 3197 φιλοσοφηθεῖσα
1510 3128 1727 3198 χαριέν-

1828 3140 1994 3195 vagae,
2027 3135 2080 3181 et
2110 3129 2329 3185 incertae
2360 3131 2645 3193 correctio,
2670 3132 2940 3200 eleganter
2965 3132 3034 3186 ab
3062 3132 3177 3200 ipso
3206 3132 3375 3199 philoo

172 3232 287 3277 τως
327 3217 417 3267 ὐπ’
453 3216 636 3281 αὑτοῦ,
686 3218 778 3269 καὶ
825 3218 975 3281 τέλος
1016 3218 1270 3285 λαϐοῦσα,
1305 3219 1723 3291 γλαφυρωτάτην

174 3306 425 3377 παρέσχε
477 3308 681 3379 χρείαν.
739 3327 757 3359 ι
812 3308 1087 3378 Ἡρόδοτος
1136 3311 1193 3363 δὲ
1241 3312 1333 3365 καὶ
1393 3311 1725 3383 σοφωτέρους

170 3397 351 3450 οἴεται
379 3414 516 3471 ειναι
544 3399 866 3465 Αἰγυπτίους
907 3400 1190 3469 Ἑλλήνων,
1225 3404 1352 3474 παρ’
1383 3403 1503 3454 ὅσον
1545 3404 1593 3453 οἱ
1630 3402 1725 3471 μὲν

170 3487 264 3540 διὰ
312 3489 494 3557 τρίτου
536 3488 685 3552 ἔτους
733 3491 1124 3560 ἐπεμϐάλλουσι
1159 3492 1333 3562 μῆνα·
1379 3496 1427 3545 oi
1470 3494 1545 3558 δὲ,
1576 3510 1726 3564 τρια-

173 3577 547 3648 κονθημίρους
606 3579 824 3647 ἄγοντες
874 3582 998 3644 τοὺς
1054 3581 1246 3651 μῆνας,
1303 3582 1458 3634 πέντε
1518 3583 1726 3652 ἡμέρας

174 3667 475 3734 ἐπάγουσιν
509 3668 611 3721 ἀνὰ
642 3669 865 3723 ἕκαστον
894 3672 1029 3733 ἔτος.
1062 3672 1135 3724 Οὐ
1158 3675 1335 3742 χεῖρον
1366 3672 1421 3725 δὲ
1454 3674 1545 3724 καὶ
1568 3672 1727 3725 πάλιν

174 3757 279 3827 τὴν
316 3757 460 3824 λέξιν
506 3760 666 3813 αὐτοῦ
708 3762 1076 3832 παραθέσθαι’
1113 3782 1130 3813 ι
1177 3765 1399 3831 Ἀγουσι
1440 3764 1494 3815 δὲ
1531 3762 1725 3832 τοσῷδε

176 3846 487 3917 σοφώτερον
514 3849 791 3919 Ἑλλήνων,
818 3853 938 3921 ἐμοὶ
958 3851 1182 3914 δοκέειν,
1216 3852 1323 3921 ὅσῳ
1350 3838 1600 3921 ’Έλληνες
1633 3852 1727 3921 μὲν

173 3938 269 3991 διὰ
296 3939 477 4007 τρίτου
496 3937 639 4003 ἔτεος
658 3942 944 4012 ἐμϐόλιμον
974 3942 1367 4011 ἐπεμϐάλλουσι
1409 3942 1517 3995 τῶν
1544 3934 1727 4013 ὡρέων

174 4031 392 4084 εἴνεκε·
422 4031 699 4098 Αἰγύπτιοι
727 4033 805 4097 δὲ,
833 4034 1321 4103 τριηκοντημέρους
1352 4034 1566 4101 ἄγοντες
1606 4033 1729 4094 τοὺς

177 4120 428 4174 δυώδεκα
454 4122 645 4192 μῆνας,
669 4124 928 4191 ἐπάγουσι
949 4124 1048 4176 ἄνα
1073 4125 1176 4177 πᾶν
1198 4122 1312 4185 ἔτος
1336 4123 1491 4175 πέντε
1523 4122 1729 4192 ἡμέρας

179 4210 365 4281 παρὲξ
386 4211 478 4263 τοῦ
502 4212 752 4283 ἀριθμοῦ.
778 4233 795 4265 ι
830 4213 900 4268 Τὸ
943 4214 999 4266 δὲ
1044 4212 1533 4283 τριακονθημέρους
1579 4214 1729 4279 ἄγειν

176 4303 308 4365 τοὺς
348 4302 538 4372 μῆνας,
572 4304 708 4357 κατά
738 4305 886 4374 ἥλιον
916 4308 1065 4373 ἄγειν
1093 4301 1249 4368 εἶναι,
1294 4304 1439 4373 δηλοῖ
1479 4303 1729 4373 Στράϐων

176 4388 385 4443 οὑτωσὶ
417 4390 582 4459 λέγων
602 4410 614 4421 ·
652 4412 673 4445 ι
710 4394 1016 4461 Αἰγυπτίων
1042 4394 1085 4446 δ’
1112 4395 1225 4446 ἐστὶ
1248 4394 1341 4447 καὶ
1384 4394 1442 4446 τὸ
1471 4393 1566 4456 τὰς
1594 4394 1728 4463 ἡμέ-

182 4495 285 4550 ρας
324 4478 402 4548 μὴ
432 4447 572 4547 κατά
602 4447 826 4552 σελήνηιν
876 4481 1054 4546 ἄγειν,
1087 4480 1220 4534 ἀλλὰ
1254 4482 1393 4535 κατὰ
1420 4447 1590 4551 ἣλιον,
1615 4447 1728 4543 ἒἑοῖς
1756 4447 1805 4506 D

177 4568 665 4641 τριακονθημέροις
728 4571 933 4625 δώδεκα
988 4572 1177 4642 μησὶν·
1214 4573 1521 4641 ἐπαγόντων
1572 4572 1729 4623 πέντε

179 4663 400 4734 ἡμέρας
427 4664 544 4715 κατ’
584 4663 819 4718 ἐνιαυτὸν
864 4665 1109 4719 ἕκαστον,
1163 4683 1181 4716 ι
1230 4665 1451 4735 Πλήθων
1497 4665 1594 4734 μὲν
1640 4662 1730 4717 οὖν

182 4752 322 4803 πολὺ
344 4751 545 4804 τούτων
578 4752 771 4822 ἀπᾴδει
797 4753 966 4821 λέγων
994 4754 1135 4807 κατὰ
1166 4754 1323 4822 φύσιν
1358 4750 1494 4806 εἶναι
1535 4754 1729 4823 μᾶλλον

180 4842 245 4894 τὸ
295 4841 438 4895 κατὰ
484 4842 703 4912 σελήνην
741 4844 891 4911 ἄγειν
935 4846 1057 4909 τοὺς
1102 4845 1292 4915 μῆνας,
1340 4846 1434 4897 καὶ
1489 4846 1577 4897 τὸν
1634 4847 1731 4914 μὲν

183 4932 434 4985 ἐνιαυτὸν
485 4932 562 5003 τῷ
610 4935 765 5004 ἡλίῳ,
811 4935 937 4998 τοὺς
978 4936 1033 4989 δὲ
1071 4937 1241 5006 μῆνας
1279 4935 1491 4989 διαιτῶν
1533 4939 1599 5006 τῇ
1644 4953 1730 4988 σε-

182 5025 347 5096 λήνῃ.

440 5134 569 5201 Πῶς
597 5136 890 5204 χρηστέον
913 5138 1060 5205 μησὶ
1090 5138 1185 5193 καὶ
1218 5138 1483 5203 ἐνιαυτῷ.

255 5226 360 5280 IB’.
413 5224 600 5295 Ἡμεῖς
646 5226 701 5278 δὲ
750 5228 971 5297 ὀνόμασι
1022 5228 1116 5297 μὲν
1166 5216 1277 5291 τοῖς
1306 5231 1606 5300 εἰρημένοις
1640 5233 1731 5283 καὶ

185 5316 339 5382 τάξει
365 5317 676 5387 χρησόμεθα
707 5317 813 5370 τῶν
843 5320 1045 5389 μηνῶν,
1079 5320 1359 5391 πράγμασι
1390 5324 1445 5375 δὲ
1478 5324 1615 5377 κατὰ
1634 5325 1729 5395 τὴν

188 5407 465 5477 Καίσαρος
511 5407 891 5479 ἐπανόρθωσιν,
1011 5410 1277 5482 χρώμενοι
1318 5414 1571 5482 Ῥωμαῖοι
1604 5416 1729 5485 ἄχρι

188 5500 283 5552 καὶ
313 5496 429 5563 νῦν,
457 5492 614 5568 ἧττον
655 5500 851 5570 ἐτέρων
880 5501 1195 5569 σφάλλεσθαι
1223 5504 1349 5573 περὶ
1391 5505 1487 5575 τὴν
1513 5507 1729 5575 ἀνωμα-

188 5587 309 5640 λίαν
358 5584 569 5638 δοκοῦσι
615 5589 875 5658 χιλιοστὺν
927 5592 1019 5643 καὶ
1066 5594 1505 5646 πεντακοσιοστὸν
1552 5595 1728 5663 ὀλίγου

186 5676 296 5734 δεῖν
322 5676 443 5729 τόδε
478 5676 609 5740 ετος.
638 5680 942 5749 Λαμϐάνειν
968 5698 1025 5734 τε
1054 5682 1325 5753 ἀξιοῦμεν,
1360 5688 1410 5738 εῖ
1436 5703 1573 5749 τινες
1600 5689 1730 5756 χρή-

257 5795 326 5839 ⁸δ⁹
360 5804 601 5874 Euterpe,
643 5823 698 5865 ιι.
729 5809 783 5863 4.

1818 3216 2046 3282 lsophica
2079 3217 2289 3271 ratione
2330 3220 2616 3287 explicata,
2646 3221 2910 3288 ﬁnemque
2942 3223 3153 3298 sortita,
3180 3222 3377 3289 jucun-

1827 3298 2109 3353 dissimum
2156 3318 2314 3357 usum
2362 3305 2611 3371 praebuit.
2643 3325 2661 3355 ι
2718 3305 3018 3361 llerodotus
3062 3318 3239 3361 autem
3283 3324 3375 3363 sa-

1827 3380 2121 3458 pientiores
2170 3389 2373 3447 Graecis
2428 3395 2703 3448 existimat
2748 3394 3061 3467 Egyptios,
3108 3407 3375 3467 quatenus

1826 3479 1997 3535 Graeci
2045 3482 2204 3535 tertio
2242 3498 2457 3552 quoque
2496 3500 2638 3538 anno
2674 3500 2840 3539 unum
2873 3501 3112 3541 mensem
3144 3488 3374 3540 interca-

1827 3572 1960 3637 lant,
1999 3571 2235 3641 [Egyptii
2299 3589 2426 3627 vero
2472 3576 2748 3629 mensibus
2790 3578 3095 3631 tricenariis
3138 3579 3375 3646 quinque

1828 3666 1944 3720 dies
1970 3668 2262 3735 quotannis
2290 3667 2571 3736 adjiciunt.
2607 3668 2709 3722 Sed
2745 3684 2844 3722 nec
2872 3670 2967 3723 abs
2996 3685 3054 3723 re
3082 3669 3243 3725 fuerit
3275 3688 3374 3725 au-

1828 3756 1995 3811 ctoris
2020 3756 2191 3825 ipsius
2218 3758 2382 3811 verba
2404 3773 2663 3825 reponere
2685 3760 2754 3791 ⁸⁰“
2784 3779 2797 3813 ;
2826 3777 2844 3809 ι
2868 3760 3065 3828 Agunt,
3097 3762 3290 3830 inquit,
3311 3778 3377 3816 eo

1829 3848 2150 3916 prudentius
2192 3848 2416 3913 Graacis,
2452 3857 2509 3902 ut
2548 3850 2677 3903 mihi
2720 3851 2934 3919 quidem
2970 3852 3204 3915 videtur,
3232 3854 3409 3921 quod,

1829 3928 1998 3993 (ἔτωοί
2053 3940 2213 3994 tertio
2256 3956 2471 4009 quoque
2522 3956 2665 3993 anno
2708 3956 2946 3995 mensem
2997 3928 3373 4017 intercalarem

1829 4028 2063 4091 faciunt,
2109 4029 2269 4098 idque
2314 4038 2611 4097 temporum
2644 4030 2818 4097 gratia
2854 4048 2867 4083 :
2904 4045 3090 4083 verum
3137 4030 3374 4100 Egyptii

1829 4116 2111 4171 duodecim
2145 4117 2433 4175 mensibus,
2457 4116 2676 4186 (quibus
2714 4117 2949 4172 tricenos
2973 4118 3087 4172 dies
3117 4118 3377 4174 adnume-

1796 4206 1971 4277 -rant)
2022 4207 2251 4277 singulis
2304 4208 2459 4261 annis
2507 4209 2747 4277 quinque
2803 4210 2918 4265 dies
2974 4209 3301 4264 adsciscunt.
3348 4230 3370 4263 ι

1830 4297 2075 4352 Tricenis
2112 4307 2287 4371 autem
2320 4298 2510 4353 diebus
2540 4314 2751 4354 menses
2782 4307 2987 4363 taxare,
3018 4300 3162 4368 quod
3204 4301 3273 4354 sit
3306 4302 3373 4356 ad
3456 4334 3459 4337 -

1830 4389 1959 4443 solis
1992 4403 2211 4442 cursum
2245 4404 2422 4458 agere,
2454 4389 2692 4443 ostendit
2726 4387 2916 4441 Strabo
2964 4389 3035 4441 ita
3078 4390 3327 4459 inquiens
3356 4410 3369 4444 :

1836 4496 1854 4528 ι
1890 4476 2263 4547 Ᾱέςγριίοιδιιιιι
2315 4492 2441 4532 vero
2481 4486 2564 4533 est
2615 4487 2669 4533 et
2710 4478 2863 4543 illud,
2898 4478 3012 4534 dies
3044 4496 3152 4535 non
3192 4480 3258 4533 ad
3287 4480 3373 4534 lu-

1827 4583 1973 4633 nam,
2019 4570 2111 4623 sed
2173 4570 2238 4623 ad
2288 4569 2457 4623 solem
2518 4584 2695 4639 agere,
2744 4571 3047 4626 tricenariis
3095 4572 3374 4626 mensibus

1828 4653 2111 4713 duodecim
2146 4661 2383 4729 quinque
2425 4659 2541 4714 dies
2586 4661 2881 4730 quotannis
2923 4662 3307 4730 adjicientium.
3348 4681 3369 4715 ι

1828 4746 2054 4803 Plethon
2085 4751 2248 4820 igitur
2282 4750 2509 4804 multum
2553 4751 2621 4806 a‘b
2653 4753 2719 4807 iis
2748 4754 3037 4822 discrepat,
3066 4753 3251 4808 dicens
3284 4770 3370 4809 sc-

1830 4840 2065 4894 cundum
2126 4848 2374 4893 naturam
2428 4842 2600 4910 magis
2654 4857 2773 4896 esse
2823 4840 3035 4897 menses
3081 4844 3147 4896 ad
3190 4846 3372 4899 lunam

1829 4944 2020 5000 agere;
2056 4946 2257 4983 annum
2290 4931 2505 5000 quidem
2538 4933 2637 4986 soli
2668 4947 2766 5001 pro
2797 4932 3020 4986 arbitrio
3052 4935 3373 5000 attribuens,

1830 5035 2042 5075 menses
2064 5036 2191 5076 vero
2217 5022 2377 5077 lunae.

2037 5134 2307 5198 Quomodo
2334 5134 2581 5188 utendum
2613 5134 2869 5189 mensibus
2900 5146 2948 5188 et
2973 5152 3125 5187 anno.

1897 5224 2011 5279 XII.
2051 5210 2163 5279 Nos
2208 5235 2385 5280 autem
2416 5234 2469 5281 et
2508 5226 2697 5281 ordine
2744 5229 3011 5282 mensium
3054 5236 3106 5281 et
3140 5228 3375 5281 nomini-

1830 5319 1931 5372 bus
1966 5327 2180 5371 utemur
2225 5318 2546 5387 explicatis;
2579 5318 2741 5373 rebus
2787 5334 2914 5372 vero
2951 5318 3105 5387 juxta
3144 5319 3373 5373 Caesaris

1830 5410 2278 5472 emendationem,
2313 5424 2418 5477 qua
2466 5410 2725 5462 hactenus
2768 5417 2978 5463 utentes
3006 5408 3232 5463 Romani
3271 5409 3375 5462 mi-

1832 5513 1933 5550 nus
1963 5498 2187 5566 reliquis
2218 5499 2271 5550 in
2298 5497 2398 5550 hac
2426 5498 2740 5553 confusione
2775 5498 2885 5549 falli
2913 5499 3163 5553 videntur
3192 5516 3205 5550 :
3246 5498 3375 5551 mil-

1832 5589 2051 5643 lesimus
2104 5598 2158 5643 et
2200 5602 2364 5658 prope
2411 5588 2875 5658 quingentesimus
2914 5590 3024 5659 jam
3068 5589 3153 5641 liic
3198 5603 3374 5647 annus

1832 5689 1933 5734 est.
1967 5678 2149 5748 Neque
2182 5692 2309 5732 vero
2334 5678 2379 5733 si
2414 5678 2541 5749 quid
2578 5693 2609 5732 a
2642 5678 2961 5747 quibusdam
2990 5681 3374 5750 excogitatum,
3434 5733 3441 5746 ,
