4124 6320
779 423 917 481 “99

1817 417 1906 474 AD
1939 415 2210 474 EUSEBII
2240 407 2628 470 CIIRONICON
2670 415 3027 472 APPENDIX.

3844 423 3958 479 1300

778 544 837 596 et
867 539 920 592 in
947 549 1284 592 communem
1323 534 1446 589 vita
1476 532 1760 588 utilitatem
1799 531 2053 586 collatum
2081 539 2183 594 est,
2213 531 2313 586 sive

2425 533 2580 602 σιμόν
2607 549 2658 584 τι
2689 531 2915 604 ἐφεῦρον
2939 532 3016 603 τῷ
3044 532 3162 602 βίῳ,
3197 533 3290 586 ἐάν
3320 551 3378 588 τε
3409 536 3625 589 Λατῖνοι
3651 529 3783 590 ὦσιν
3809 540 3858 591 οἱ
3882 542 3955 592 εὑ-

687 672 691 677 .
779 627 976 693 Latini,
1015 628 1128 683 sive
1152 623 1372 681 barbari
1402 625 1510 679 sint
1534 621 1842 692 huiusmodi
1871 622 2197 687 inventores,
2223 622 2320 677 tle-

777 720 1061 790 dignamur
1107 718 1176 771 ab
1222 717 1290 771 iis
1333 715 1387 768 id
1440 715 1723 770 inventum
1757 712 2015 768 utendum
2053 712 2316 783 accipere,

776 825 1075 878 omnesque
1125 807 1452 863 domesticos
1509 813 1563 862 et
1618 804 1910 860 familiares
1973 804 2315 868 existimare,

761 904 1026 960 .homines
1076 901 1169 972 qui
1214 900 1344 963 sint,
1377 909 1430 954 et
1482 898 1723 968 ejusdem
1773 897 2058 952 nobiscum
2113 905 2321 952 natura;

780 993 1092 1065 participes,
1125 991 1299 1061 iisque
1337 990 1661 1045 inventionis
1699 989 1925 1059 gratiam
1967 987 2185 1049 habere,
2210 1002 2317 1040 non

778 1094 958 1140 autem
1003 1097 1113 1156 pra!
1167 1080 1366 1137 invidia
1413 1081 1747 1136 contentiose
1789 1077 1977 1141 rixari,
2025 1084 2076 1132 et
2128 1085 2319 1147 sponte

778 1176 1048 1232 deteriora
1078 1188 1380 1244 capessere.
1424 1171 1622 1228 Diebus
1659 1171 1839 1241 itaque
1866 1169 2124 1225 trecentis
2162 1182 2317 1223 sexao

747 1268 925 1339 ,ginta
956 1257 1191 1336 quinque
1231 1264 1299 1319 ad
1336 1264 1467 1320 solis
1504 1278 1723 1319 cursum
1767 1262 1925 1318 nobis
1963 1261 2318 1316 distribuetur

776 1373 972 1420 annus,
1005 1355 1186 1412 addita
1225 1370 1439 1428 quoque
1471 1355 1596 1409 huic
1624 1351 1860 1409 'numero
1892 1351 2153 1423 particula
2183 1365 2317 1420 qua-

777 1452 920 1528 piam
949 1447 1056 1506 diei
1086 1456 1279 1518 quarta
1306 1454 1459 1518 parte
1491 1448 1716 1501 minore.
1757 1445 1823 1499 Et
1859 1459 2072 1500 menses
2100 1442 2314 1512 quidem

777 1539 1108 1607 complentes
1151 1538 1360 1593 dierum
1410 1553 1714 1600 numerum,
1749 1536 1841 1591 alii
1891 1535 2108 1605 triginta
2157 1540 2317 1587 erunt

774 1629 1004 1694 dierum,
1035 1629 1126 1682 alii
1161 1642 1272 1683 uno
1313 1627 1401 1683 die
1437 1628 1819 1691 abundabunt;
1853 1640 1994 1680 unus
2022 1639 2147 1678 vero
2182 1638 2312 1676 con-

775 1719 924 1773 tinuo
953 1717 1169 1789 quidem
1200 1717 1435 1772 triennio
1475 1715 1686 1771 duobus
1721 1713 1932 1770 deﬁciet
1959 1714 2031 1777 _de
2058 1713 2310 1783 triginta;

773 1816 970 1878 quarto
1002 1814 1179 1862 autem
1225 1819 1393 1868 anno,
1426 1819 1535 1858 uno
1565 1805 1652 1859 die
1693 1811 1921 1858 tantum.
1967 1801 2314 1872 Quandoqui-

2426 623 2627 693 ρόντες,
2677 623 2772 676 ἐάν
2812 637 2876 698 τε
2905 621 3166 694 βάρϐαροι
3186 640 3200 653 ο
3232 625 3459 688 οἰκείους
3489 642 3550 678 τε
3590 625 3800 690 πάντας
3825 630 3955 699 νομί-

2424 713 2572 780 ζειν,
2620 714 2933 786 ἀνθρώπους
2981 732 3043 784 γε
3094 715 3270 780 ὄντας,
3305 717 3408 771 καὶ
3453 717 3840 789 μετειληφότας
3876 722 3954 790 τῆς

2423 807 2591 877 αὐτῆς
2621 809 2750 877 ἡμῖν
2797 807 3040 876 φύσεως⁹
3076 808 3169 860 καὶ
3218 809 3374 880 χάριν
3418 809 3698 878 ὁμολογεῖν
3748 814 3859 874 τοῖς
3884 814 3954 864 εὑ-

2426 894 2628 966 ροῦσιν,
2662 893 2795 948 ἀλλὰ
2826 895 2920 966 ¹μὴ
2968 895 3289 966 φθονοῦντας
3323 897 3539 968 ἐρίζειν,
3573 899 3671 953 καὶ
3720 900 3952 954 ἐθελοκαο

2423 987 2557 1038 κεῖν.
2599 985 2856 1057 Ἡμέραις
2885 985 3169 1057 τοιγαροῦν
3203 989 3538 1058 τριακοσίαις
3580 991 3673 1042 καὶ
3712 989 3948 1061 ἐξήκοντα

2423 1075 2516 1128 καὶ
2548 1075 2707 1128 πέντε
2754 1078 3061 1148 ὁριζόμενος
3102 1080 3234 1150 ἡμῖν
3280 1080 3308 1131 ό
3355 1081 3592 1145 ἐνιαυτὸς
3622 1081 3793 1145 ἔσται,
3831 1083 3949 1136 κατὰ

2419 1168 2518 1236 τὴν
2568 1169 2715 1240 ἡλίου
2753 1171 3014 1241 περίοδον,
3058 1171 3478 1244 προστιθεμένου
3508 1173 3603 1227 τοῦ
3645 1176 3740 1228 καὶ
3779 1174 3946 1246 μορίου

2421 1261 2630 1332 ἡμέρας
2660 1263 2745 1314 ἐπ’
2773 1262 2989 1317 ἔλαττον
3025 1264 3058 1334 ἢ
3089 1264 3163 1328 ὼς
3196 1265 3617 1336 τεταρτημόριον
3648 1265 3725 1335 τῷ
3752 1266 3947 1336 ἀριθμῷ

2418 1352 2570 1424 τῷδε.
2623 1355 2732 1407 Καὶ
2789 1354 2954 1424 μῆνες
2995 1355 3434 1427 συμπληροῦντες
3464 1355 3558 1409 τὸν
3603 1356 3707 1410 τῶν
3749 1359 3945 1429 ἡμερῶν

2417 1441 2644 1512 ἀριθμὸν
2675 1445 2722 1497 οἱ
2771 1445 2867 1514 μὲν
2905 1445 3382 1519 τριακονθήμεροι,
3406 1448 3456 1499 oi
3481 1446 3540 1501 δέ
3572 1450 3670 1519 μιᾷ
3697 1449 3946 1520 ὑπερϐἁλο

2417 1531 2595 1596 λοντες
2639 1535 2764 1598 τοὺς
2807 1535 3024 1607 ἐτέρους
3071 1537 3285 1608 ἡμέρᾳ·
3318 1533 3398 1601 εἷς
3442 1537 3498 1590 δέ
3543 1539 3637 1592 καὶ
3678 1538 3818 1592 δυοῖν
3864 1542 3945 1610 μὲν

2417 1625 2674 1680 ἐλλείπων
2697 1627 2803 1680 τῶν
2832 1628 3304 1700 τριακονθημέρων
3331 1630 3455 1700 ἑξῆς
3484 1630 3648 1701 τριῶν
3677 1631 3830 1694 ἐτῶν,
3865 1636 3945 1703 μιᾷ

2416 1714 2471 1769 δὲ
2505 1714 2583 1784 τῷ
2605 1714 2867 1788 τετάρτῳ.
2913 1715 3082 1770 Ἑπτὰ
3121 1716 3228 1788 γὰρ
3259 1717 3388 1782 οῖδε,
3422 1717 3738 1781 Ποσειδεὼν,
3784 1720 3945 1790 Γαμη-

2417 1806 2563 1873 λιὼν,
2593 1797 2935 1878 Μουνυχιὼν,
2959 1807 3341 1880 Σκιροφοριὼν,
3378 1809 3798 1878 Μεταγειτνιὼν,
3831 1812 3944 1882 Βοη-

775 1898 898 1954 dem
941 1897 996 1951 lii
1041 1895 1267 1966 septem,
1295 1893 1588 1958 Posideon,
1629 1894 1928 1957 Gamelion,
1971 1893 2312 1965 Munychion,

2412 1897 2671 1970 δρομιὼν,
2703 1897 3040 1967 Πυανεψιὼν,
3093 1902 3192 1970 μιᾷ
3240 1900 3600 1971 ὑπερϐαλοῦσι
3645 1902 3771 1964 τοὺς
3810 1919 3940 1972 τρια-

777 1987 1196 2059 Scimpborion,
1239 1985 1624 2056 Metagitnion,
1673 1985 2062 2047 Boedromiou,
2109 1983 2315 2057 Pyane-'

775 2081 964 2150 psion,
1003 2094 1112 2142 uno
1155 2079 1242 2134 die
1266 2076 1523 2158 e'gcedent
1556 2077 1905 2143 tricenarios;
1949 2077 2141 2148 reliqui
2188 2091 2316 2131 vero

775 2170 1002 2224 tricenis
1026 2169 1370 2230 constabunt,
1398 2175 1759 2238 praeterquam
1785 2166 2186 2237 Elaphebolion.
2219 2165 2315 2219 llic

775 2258 917 2335 enim
949 2273 1043 2327 per
1085 2265 1196 2312 tres
1233 2271 1406 2313 annos
1433 2256 1624 2311 diebus
1656 2266 1778 2310 octo
1805 2265 1860 2312 et
1887 2257 2076 2327 viginti
2107 2257 2316 2310 taxabi-

775 2359 885 2412 tur,
930 2348 1026 2404 sed
1061 2357 1257 2417 quarto
1308 2361 1450 2400 anno
1497 2346 1883 2416 undetriginta,
1917 2354 2136 2416 propter
2174 2347 2314 2402 diem

775 2439 1168 2492 intercalarem.
1189 2434 1361 2488 Porro
1383 2450 1481 2488 cur
1507 2450 1537 2488 a
1560 2434 1770 2490 Caesare
1793 2448 2005 2490 menses
2033 2435 2107 2487 ita
2131 2433 2316 2488 distri-

773 2528 888 2581 buti
913 2530 1039 2591 sint,
1058 2535 1116 2580 ιιι
1137 2527 1224 2580 hic
1241 2534 1382 2582 esset
1405 2526 1625 2596 triginta
1644 2523 1648 2526 ’
1666 2526 1895 2590 dierum,
1914 2526 2002 2581 ille
2030 2542 2166 2591 non;
2191 2527 2316 2582 huic

712 2621 715 2624 ’
774 2632 1051 2682 excessus,
1077 2618 1151 2672 illi
1178 2617 1462 2680 defectus:
1496 2617 1718 2674 alterius
1742 2625 1826 2672 est
1849 2617 2310 2690 considerationis.

1271 2728 1346 2783 De
1378 2729 1681 2784 intercalari
1721 2728 1820 2784 die.

841 2841 976 2899 Xlll.
1002 2843 1236 2898 “ensem
1257 2843 1474 2913 quidem
1495 2843 1698 2905 nullum
1721 2858 1958 2912 unquam
1980 2881 1995 2905 ,
2023 2843 2116 2898 sed
2147 2857 2312 2897 unum

771 2933 916 2990 diem
970 2949 1065 3004 per
1112 2934 1355 3002 singulos
1405 2932 2090 3001 annorum-quaterniones
2132 2947 2315 2986 mense

773 3023 1192 3094 Elaphebolione
1229 3021 1688 3084 intercalabimus,
1717 3019 2167 3090 quemadmodum
2207 3019 2314 3073 Ro-

772 3115 920 3170 mani
949 3113 1246 3168 Februario
1272 3113 1588 3175 bissextum,
1621 3111 1700 3167 sic
1745 3118 2025 3176 vocantes,
2058 3111 2201 3180 quod
2233 3113 2314 3165 bis

773 3208 948 3276 ipsum
975 3205 1115 3260 diem
1144 3196 1446 3261 inscribant
1470 3203 1624 3276 164
1647 3190 1855 3260 sextum
1879 3203 2146 3258 Kalendas
2177 3203 2309 3256 Mar-

2411 3206 2636 3277 γράφειν
2670 3206 2832 3275 ἕκτην
2867 3207 2969 3277 πρὸ
3025 3205 3310 3259 Καλενδῶν
3336 3205 3614 3276 Μαρτίων,
3636 3205 3789 3270 δόξαν
3815 3207 3938 3258 οὕτω

772 3297 895 3354 tias.
925 3297 1002 3352 Ita
1027 3299 1169 3353 enim
1200 3296 1399 3352 (Σειδοτί
1430 3297 1670 3366 Augusto
1703 3296 1877 3350 visum
1915 3303 2018 3349 est.
2046 3293 2156 3349 Nos
2184 3310 2312 3348 vero

772 3389 865 3443 tali
890 3386 1150 3442 vocabulo
1177 3387 1462 3455 nequimus
1501 3385 1608 3446 uti;
1652 3399 1776 3437 nam
1814 3383 2188 3438 intercalarem
2223 3400 2311 3438 so-

772 3481 882 3532 lum
924 3486 978 3532 et
1020 3485 1233 3533 sextum
1262 3477 1363 3531 rite
1405 3477 1674 3546 appellare
1710 3489 2017 3544 possumus.
2048 3472 2308 3529 Caeterum

771 3571 839 3626 de
883 3569 1155 3639 exemptili
1209 3567 1296 3622 die
1338 3567 1699 3622 consideratio
1745 3565 2086 3635 suscipienda
2127 3573 2229 3629 est,
2258 3573 2310 3620 et

668 3662 671 3666 ’
771 3662 912 3733 quod
942 3661 1116 3715 visum
1149 3657 1308 3712 fuerit
1364 3657 1534 3712 Latini
1564 3657 1882 3711 admonendi
1914 3667 2059 3721 sunt,
2087 3665 2145 3710 ut
2171 3657 2309 3710 idem

772 3750 1158 3818 amplexantes,
1190 3761 1388 3799 annum
1413 3746 1516 3799 sibi
1543 3745 1833 3814 corrigant.
1877 3742 1966 3798 Sic
1998 3746 2142 3799 enim
2171 3746 2310 3799 inter

773 3854 874 3894 nos
917 3837 1217 3892 conveniet.
1272 3836 1583 3906 Exemptilis
1641 3837 1782 3890 enim
1833 3834 1938 3889 diei
1984 3835 2094 3904 jam
2152 3836 2310 3904 longo

769 3939 1012 3999 tempore
1040 3929 1184 3983 nulla
1214 3929 1420 3982 ratione
1449 3929 1601 3990 inita,
1634 3928 1882 3991 solstitia,
1917 3936 2100 3982 nostra
2132 3935 2305 3994 aetate,

770 4021 939 4074 multo
966 4027 1307 4074 antevertunt
1337 4019 1475 4073 diem
1517 4021 1713 4073 mensis
1757 4020 1824 4074 ab
1865 4021 2020 4074 initio
2050 4021 2308 4076 solstitia-

769 4113 874 4166 lem
902 4113 1273 4165 constitutum.
1309 4109 1396 4163 Sic
1432 4111 1608 4178 itaque
1632 4124 1844 4166 menses
1869 4121 2096 4182 agantur
2127 4113 2304 4176 nobis,

769 4202 1042 4258 utentibus
1065 4201 1372 4256 nominibus
1403 4201 1635 4257 traditis.

1272 4307 1348 4362 De
1388 4309 1511 4362 anni
1547 4310 1819 4378 principio.

839 4421 974 4474 XIV.
1005 4420 1172 4475 Porro
1214 4423 1339 4476 anni
1387 4424 1708 4493 principium
1743 4423 2102 4482 Athenienses
2134 4425 2307 4482 Heca-

2416 1985 2811 2057 κονθημὲρους·
2868 1989 2917 2038 οἱ
2957 1987 3013 2039 δὲ
3058 1986 3771 2062 λοιποιτριακονθήμεροι,
3825 1991 3943 2059 πλὴν

2427 2075 2897 2146 Ἐλαφηϐολιῶνος.
2941 2077 3067 2130 Ὂδε
3109 2077 3216 2149 γὰρ
3241 2079 3451 2150 ἡμέρας
3488 2081 3596 2145 ἔξει
3631 2080 3800 2134 εἴκοσι
3857 2083 3939 2151 μὲν

2417 2169 2508 2222 καὶ
2535 2168 2677 2222 ὀκτὼ
2720 2167 2847 2238 ἑξῆς
2887 2168 3053 2240 τριῶν
3091 2169 3249 2235 ἐτῶν,
3284 2171 3454 2222 είκοσι
3499 2171 3554 2222 δὲ
3586 2172 3679 2224 καὶ
3707 2171 3857 2225 ἐννέα
3876 2172 3940 2242 τῷ

2414 2260 2670 2331 τετάρτῳ,
2717 2259 2805 2314 διὰ
2843 2260 2941 2331 τὴν
2970 2259 3484 2332 παρεμϐαλλομένην
3513 2261 3740 2332 ἡμέραν.
3783 2264 3873 2315 Διὰ
3896 2263 3939 2316 τί

2412 2347 2469 2400 δέ
2496 2350 2604 2410 τοῖς
2645 2348 2772 2419 περὶ
2802 2348 3038 2419 Καίσαρι
3069 2348 3210 2402 οὓτω
3240 2348 3307 2402 τά
3345 2352 3472 2418 περὶ
3502 2348 3601 2412 τὰς
3637 2350 3839 2420 ἡμέρας
3877 2350 3940 2400 διο

2413 2437 2629 2508 ῄρηται,
2661 2437 2735 2501 ὡς
2760 2438 2899 2492 τονδὶ
2933 2440 3031 2508 μὲν
3063 2439 3518 2511 τριακονθήμερον
3540 2435 3696 2502 εἶναι,
3718 2439 3849 2492 ἀλλὰ
3877 2440 3937 2508 μὴ

2412 2531 2573 2592 τονδὶ,
2594 2529 2733 2583 τονδὶ
2759 2529 2802 2582 δ’
2832 2529 3204 2600 ὑπερϐάλλειν,
3221 2531 3362 2585 τονδὶ
3388 2532 3432 2585 δ’
3457 2531 3742 2597 ἐλλείπειν,
3769 2531 3938 2602 ἐτέρας

2413 2626 2526 2676 ἐστὶ
2554 2621 2798 2693 θεωρίας.

2743 2731 2878 2798 Περὶ
2912 2729 3016 2798 τῆς
3041 2732 3359 2801 ἐμϐολίμου
3386 2731 3630 2801 ἡμέρας.

2482 2844 2578 2897 ll".
2608 2843 2766 2914 Μῆνα
2797 2844 2894 2914 μὲν
2918 2839 3009 2897 οὖν
3033 2822 3218 2896 οὐδένα
3241 2843 3651 2925 ἐπεμϐαλοῦμεν
3673 2843 3905 2897 οὐδέποτε
3923 2859 3934 2871 ·

2417 2934 2542 3002 μίαν
2581 2933 2637 2985 δὲ
2685 2933 2770 2986 διὰ
2826 2933 3230 3005 τετραετηρίδος
3281 2934 3491 3004 ἡμέραν
3534 2933 3613 3002 τῷ
3667 2933 3937 3003 Ἐλαφηϐο-

2411 3023 2580 3087 λιῶνι,
2617 3023 2863 3094 καθάπερ
2904 3023 2981 3093 τῷ
3003 3024 3344 3105 Φεϐρουαρίῳ
3387 3026 3640 3090 Ῥωμαῖοι
3682 3023 3933 3076 δίσεκτον·

2412 3114 2550 3167 οὓτω
2583 3115 2866 3178 καλοῦντες
2903 3116 2966 3168 ἐκ
2992 3115 3086 3168 τοῦ
3124 3113 3204 3178 δῖς
3231 3115 3327 3186 τὴν
3352 3113 3516 3187 αὐτὴν
3549 3115 3754 3186 ἡμέραν
3791 3132 3937 3186 προσ-

2413 3299 2647 3370 Καίσαρι
2678 3298 2946 3369 Σεϐαστῷ.
2989 3299 3173 3370 Ἡμεῖς
3200 3299 3242 3351 δ’
3276 3298 3492 3368 ὀνόματι
3520 3298 3746 3369 χρῆσθαί
3790 3315 3861 3367 τῳ
3884 3300 3935 3349 οὐ

2409 3389 2634 3461 δεόμεθά
2674 3407 2737 3458 γε
2763 3390 3012 3460 τοιούτῳ·
3056 3389 3343 3461 ἐμϐόλιμον
3373 3391 3479 3462 γὰρ
3516 3390 3670 3460 μόνον
3709 3388 3800 3442 καὶ
3827 3391 3936 3457 ἐνην

2411 3482 2826 3553 προσαγορεύειν
2868 3482 3044 3545 καλῶς
3086 3482 3193 3552 ἔχει
3226 3484 3374 3552 ἡμῖν,
3410 3483 3542 3553 Περὶ
3578 3482 3634 3534 δὲ
3663 3481 3757 3551 τῆς
3802 3483 3937 3534 ἐκϐο-

2410 3573 2564 3644 λίμου
2594 3577 2848 3628 σκεπτέον
2898 3575 2991 3628 καὶ
3021 3575 3048 3628 ὃ
3075 3591 3128 3627 τι
3175 3575 3240 3629 ἂν
3284 3576 3411 3648 δοκῇ
3467 3577 3798 3647 παρακαλεῖν
3834 3575 3935 3626 δέον

2410 3670 2502 3721 καὶ
2533 3669 2790 3730 Λατίνους
2817 3667 2974 3720 ταὺτὸ
2996 3667 3310 3736 δεχομένους
3340 3665 3759 3738 ἐπανορθοῦσθαι
3803 3680 3934 3733 σφισι

2409 3757 2498 3809 τὸν
2535 3739 2792 3819 ἐνιαυτὸν,
2833 3757 2916 3808 ἵνα
2952 3755 3342 3825 συμφωνῶμεν.
3385 3755 3698 3826 Ἐκϐολίμου
3731 3754 3839 3824 γάρ
3867 3769 3934 3804 τοι

2411 3849 2617 3919 ἡμέρας
2640 3849 2826 3919 χρόνου
2850 3849 2948 3919 ἥδη
2985 3846 3504 3919 μακροῦδιελθόντος
3535 3845 3609 3918 μὴ
3637 3845 3930 3915 γενομένης.

2409 3939 2541 3990 πολύ
2579 3956 2628 3991 τι
2665 3939 2728 4009 δὴ
2760 3937 3109 4010 προτεροῦσιν
3148 3940 3201 3991 αἱ
3235 3931 3445 4009 τροπαὶ
3465 3939 3548 4006 ἐφ’
3573 3936 3725 4008 ἡμῶν
3758 3936 3851 4000 τῆς
3883 3932 3932 3996 ἐξ

2409 4029 2577 4099 ἀρχῆς
2599 4029 2861 4100 τροπικῆς
2889 4028 3098 4099 ἡμέρας
3124 4045 3186 4095 γε
3219 4027 3312 4081 τοῦ
3344 4027 3528 4098 μηνός.
3555 4029 3706 4082 Οὕτω
3737 4027 3829 4098 μὲν
3854 4022 3930 4078 οὖν

2408 4119 2595 4172 ἀκτέον
2621 4119 2745 4182 τοὺς
2779 4119 2969 4188 μῆνας,
3012 4115 3321 4188 χρωμένους
3360 4117 3584 4186 ὀνόμασι
3623 4119 3732 4179 τοῖς
3757 4115 3924 4168 ἀποδο-

2409 4208 2596 4262 θεῖσιν.

2761 4317 2898 4386 Περὶ
2935 4314 3124 4386 ἀρχῆς
3160 4315 3265 4370 τοῦ
3292 4314 3590 4369 ἐνιαυτοῦ.

2477 4427 2570 4481 ῐΔ’.
2623 4429 2816 4500 Ἀρχὴν
2855 4427 2910 4480 δὲ
2939 4426 3032 4480 τοῦ
3069 4426 3314 4481 ἐνιαυτοῦ
3339 4428 3387 4478 oi
3432 4425 3545 4496 μὲν·
3571 4424 3827 4497 Ἀθηναῖοι
3850 4426 3926 4479 τὶν

770 4515 1120 4569 tombazoncm
1149 4515 1570 4583 constituebant,
1599 4516 1665 4569 ab
1691 4517 1876 4571 aestivo
1908 4519 2142 4572 solstitio
2173 4521 2306 4572 inci-

2419 4519 2856 4589 Ἑκατομϐαιῶνα
2886 4515 3017 4589 ἦγον
3059 4518 3222 4588 μῆνα,
3251 4517 3326 4580 ὡς
3368 4516 3628 4570 δέδεικται
3667 4519 3925 4589 πρότερον,

767 4607 996 4675 pientes,
1039 4607 1180 4660 sicut
1226 4615 1309 4660 est
1352 4608 1502 4675 prius
1549 4609 1972 4663 demonstratum
2017 4628 2030 4663 :
2077 4610 2304 4665 Romani

767 4709 894 4748 vero
920 4693 1257 4760 Ianuarium,
1299 4695 1616 4751 inchoantes
1659 4699 1724 4752 ab
1769 4698 2012 4753 hiberno.
2055 4700 2120 4752 Et
2162 4711 2306 4755 certe

765 4783 936 4851 magis
979 4785 1252 4853 preprium
1294 4785 1503 4838 videtur
1545 4800 1665 4840 esse
1702 4787 2048 4856 principium,
2079 4788 2306 4858 jureque

765 4872 870 4924 lioc
900 4869 1124 4925 Plctlion
1148 4873 1349 4928 laudat.
1374 4873 1505 4927 Nam
1528 4875 1640 4944 lege
1661 4883 1714 4930 et
1738 4876 1983 4932 instituto
2013 4879 2134 4934 aliis
2161 4881 2305 4933 aliud

765 4963 894 5016 anni
937 4963 1254 5032 principium
1308 4967 1625 5030 agentibus,
1670 4975 1860 5020 natura
1911 4971 2306 5038 quodammodo

765 5052 903 5105 idem
949 5060 1003 5105 ut
1045 5053 1116 5105 sit
1159 5054 1476 5122 principium
1519 5057 1745 5116 suadere
1801 5058 2008 5110 videtur
2043 5077 2055 5112 :
2090 5060 2304 5129 quando

763 5139 843 5193 sol
872 5141 1232 5208 generationis
1262 5151 1450 5196 auctor
1475 5147 1611 5199 ultra
1642 5146 1887 5216 progredi
1927 5148 2199 5210 desinens,
2228 5166 2305 5203 rc-

762 5226 903 5280 llccti
931 5229 995 5280 ad
1026 5244 1124 5282 nos
1150 5231 1355 5300 incipit.
1381 5240 1434 5286 et
1461 5234 1596 5290 lucis
1625 5244 1781 5306 auget
1809 5247 2037 5308 tempus,
2062 5240 2304 5294 tenebra-

761 5333 879 5372 rum
913 5334 1039 5373 vero
1071 5324 1278 5378 minuit.
1310 5324 1473 5379 Recte
1501 5326 1661 5395 igitur
1689 5336 1742 5382 et
1769 5327 1940 5381 Numa
1981 5332 2300 5400 principium

761 5410 1067 5480 hujusmodi
1095 5413 1350 5472 Romanis
1382 5419 1670 5482 ordinavit,
1704 5437 1824 5473 cum
1869 5423 2017 5491 prius
2053 5423 2300 5478 Martium

680 5527 686 5533 -
760 5517 994 5559 mensem
1017 5504 1278 5561 Romulus
1299 5511 1422 5562 anni
1455 5509 1670 5564 fecisset
1697 5511 1927 5580 initium.
1951 5512 2115 5568 Nobis
2139 5515 2301 5584 igitur

759 5591 898 5648 idem
934 5608 1054 5652 esto
1097 5599 1223 5652 anni
1265 5600 1604 5670 principium,
1641 5612 1694 5656 et
1741 5619 1912 5660 novus
1945 5607 2071 5660 anni
2099 5611 2300 5663 mensis

755 5685 1032 5742 Gamelion
1062 5707 1073 5742 :
1109 5699 1166 5743 ut
1197 5706 1555 5746 consonemns
1594 5708 1714 5746 cum
1749 5693 2027 5760 Romanis,
2058 5697 2199 5752 sicut
2244 5701 2296 5754 in

755 5780 1054 5845 mensibus,
1087 5782 1157 5836 ita
1187 5785 1347 5837 etiam
1377 5784 1430 5838 in
1456 5785 1582 5839 anni
1607 5785 1845 5853 exordio,
1875 5787 1966 5855 qui
1996 5797 2075 5844 est
2104 5787 2300 5843 Janua-

2402 4609 2475 4671 ὼς
2508 4611 2613 4661 ἀπὸ
2644 4609 2856 4678 τροπῶν
2898 4609 3122 4681 θερινῶν
3145 4626 3158 4638 ’
3205 4609 3458 4677 Ῥωμαῖοι
3502 4607 3559 4660 δὲ
3590 4608 3678 4661 τὸν
3721 4608 3927 4661 Ἰανουά-

2407 4695 2550 4771 ριον,¹
2572 4702 2646 4763 ὡς
2675 4701 2779 4753 ἀπὸ
2813 4701 3026 4772 τροπῶν
3057 4698 3396 4771 χειμερινῶν,
3431 4700 3464 4769 ἥ
3511 4700 3574 4770 δὴ
3622 4699 3713 4752 καὶ
3749 4701 3926 4752 οίκειο-
4068 4765 4069 4770 η

2403 4793 2533 4864 τέρα
2576 4787 2877 4859 δοκεῖεἷναι
2914 4793 3074 4864 ἀρχή.
3106 4791 3214 4844 Καὶ
3246 4785 3303 4843 εὖ
3351 4791 3505 4862 τήνδε
3550 4792 3752 4856 ἐπαινεί
3802 4789 3925 4859 Πλή-
4068 4781 4069 4861 ί

2403 4881 2527 4935 θων.
2579 4883 2743 4953 Νόμῳ
2791 4884 2895 4953 γὰρ
2949 4882 3120 4936 ἄλλων
3176 4881 3337 4952 ἄλλην
3381 4879 3474 4932 τοῦ
3518 4881 3668 4944 ἔτους
3710 4881 3922 4950 ἀγόντων

2401 4972 2591 5045 ἀρχὴν,
2622 4973 2779 5042 φύσει
2814 4991 2928 5034 πως
2957 4973 3126 5025 ἔοικεν
3151 4972 3287 5042 αὕτη
3315 4968 3449 5024 οῦσα
3486 4973 3626 5043 ἀρχή
3649 4991 3661 5002 ·
3693 4974 3845 5044 ἡνίκα
3868 4970 3921 5039 δὴ

2400 5063 2566 5131 ἥλιος,
2608 5068 2635 5117 ὁ
2677 5066 2773 5135 τῆς
2804 5066 3064 5132 γενέσεως
3094 5065 3297 5134 κύριος,
3335 5063 3428 5115 τοῦ
3461 5065 3644 5136 πρόσω
3685 5065 3814 5117 ἱέναι
3842 5063 3920 5131 λή-

2400 5175 2508 5224 γων
2555 5158 2922 5226 ἀνακάμπτειν
2964 5158 3184 5227 ἄρχεται
3232 5155 3304 5217 ὡς
3339 5157 3506 5226 ἡμᾶς,
3565 5157 3658 5210 καὶ
3705 5157 3790 5207 τὸν
3837 5155 3920 5224 μὲν

2399 5211 2490 5299 τοῦ
2523 5249 2694 5316 φωτὸς
2733 5211 2890 5313 ἀὔξει
2936 5211 3144 5317 χρόνον,
3192 5211 3503 5299 τὸντδίτοῦ,
3533 5249 3750 5308 σκότους
3777 5211 3915 5315 μεῖοῖ.
4066 5211 4067 5293 ί

2413 5339 2611 5410 ὐρθῶς
2655 5335 2746 5390 οὖν
2776 5340 2866 5391 καὶ
2889 5339 3106 5408 Νουμᾶς
3150 5335 3320 5406 ἀρχὴν
3354 5337 3605 5409 τοιαύτην
3659 5338 3917 5409 Ῥωμαίοις

2399 5431 2606 5500 τέταχε,
2657 5430 2930 5500 Ῥωμύλου
2971 5429 3228 5499 πρότερον
3265 5428 3355 5480 τὸν
3379 5430 3618 5498 Μάρτιον
3649 5430 3914 5502 προτάξαν-

2398 5539 2485 5583 τος
2535 5523 2696 5592 μῆνα.
2729 5523 2836 5574 Καὶ
2879 5524 3005 5590 ἡμῖν
3037 5519 3100 5590 δὴ
3143 5521 3281 5591 ἀρχὴ
3319 5520 3454 5591 αὕτη
3486 5520 3658 5586 ἔστω,
3691 5524 3779 5575 καὶ
3818 5521 3914 5580 νέος
4064 5565 4065 5592 γ

2399 5613 2489 5664 τοῦ
2541 5614 2782 5666 ἐνιαυτοῦ
2819 5612 2921 5682 μὴν
2953 5611 3266 5681 Γαμηλιών·
3312 5611 3399 5664 ἵνα
3429 5612 3523 5663 καὶ
3567 5612 3914 5682 συμφωνῶμεν

2411 5706 2465 5723 vn
2599 5707 2610 5723 Ι
2745 5705 2808 5723 ον.
2869 5722 2874 5723 ,
2903 5721 2911 5723 Α
2984 5704 3044 5723 ..ι
3096 5704 3152 5723 _L
3205 5719 3261 5723 _-
3281 5702 3316 5723 Δὶ
3356 5703 3431 5723 __\
3463 5720 3476 5723 _
3510 5704 3572 5723 μθ
3746 5704 3825 5723 -,,,\
3863 5701 3912 5723 -L

2411 5706 2708 5774 Ῥωμαίοις,
2735 5705 2919 5774 ὥσπερ
2961 5704 3052 5756 καὶ
3090 5704 3156 5756 τά
3197 5702 3322 5772 περὶ
3353 5703 3478 5766 τοὺς
3506 5704 3695 5774 μῆνας,
3744 5704 3832 5756 καὶ
3862 5701 3912 5751 τὰ

2400 5794 2521 5863 περὶ
2558 5794 2653 5864 τὴν
2684 5793 2854 5866 ἀρχὴν
2893 5791 2985 5845 τοῦ
3022 5789 3284 5844 ἐνιαυτοῦ.
3327 5789 3451 5844 Ὂδε
3479 5791 3586 5862 γὰρ
3621 5792 3912 5862 Ἰανουάριος
