4124 6320
201 425 343 483 θεοί

1146 431 1491 489 rusouom
1530 434 1731 491 eam
1780 393 1977 491 mssa
2016 434 2102 491 os
2149 433 2509 493 usususus.

3273 432 3409 490 1902

198 541 443 620 ἦν.’Νῦν
472 548 517 602 δ’
557 550 830 618 Ἕλληνες.
883 552 1055 624 ἀρχὴν
1087 554 1330 608 ἐνιαυτοῦ
1371 572 1427 608 τε
1475 558 1566 609 καὶ
1610 557 1753 610 ἰνδι-

1854 557 1989 612 rius.
2019 555 2172 611 Nunc
2204 570 2331 611 vero
2363 553 2567 609 Graecis
2592 551 2934 622 principium
2975 550 3121 615 anui;
3156 550 3411 605 indictio-

201 638 432 704 κτιῶνος
466 641 771 711 ποιούμενοι
796 643 903 696 άπὸ
938 644 1221 715 ἰσημερίας
1249 646 1657 719 φθινοπωρινῆς,
1695 647 1760 699 τά

204 732 309 799 μὲν
362 734 487 804 περὶ
544 734 867 788 Ἰνδικτιῶνα
912 735 1080 806 (δηλοῖ
1128 736 1185 788 δὲ
1220 737 1489 806 διάταγμα
1532 740 1562 808 ἡ
1597 738 1758 809 λέξις)

202 821 492 891 συνᾴδουσι
537 823 842 894 Ῥωμαίοις,
871 825 939 877 τὰ
981 825 1037 878 δὲ
1082 827 1208 897 περὶ
1256 827 1345 879 τὸν
1394 826 1630 879 ἐνιαυτὸν
1674 824 1755 878 οῦ.

202 912 399 965 Καίτοι
449 915 817 986 συμφέρεσθαι
864 917 968 969 ἔδει
1003 919 1095 971 καὶ
1134 917 1321 977 ταῦτα,
1367 918 1536 981 ἄλλως
1578 935 1636 970 τε
1668 918 1758 971 καὶ

198 1005 439 1075 Χριστοῦ
463 1008 647 1078 νόμοις
671 1008 998 1078 χρωμένους.
1032 1011 1104 1061 Οὐ
1127 1009 1235 1081 γάρ
1266 1006 1417 1078 οἴμαι
1459 1010 1757 1079 Ῥωμαίους

199 1096 335 1160 τούς
374 1114 436 1166 τε
468 1098 562 1153 νῦν
608 1099 765 1163 ὄντας
795 1100 881 1153 διὰ
902 1101 1008 1170 τὴν
1050 1100 1199 1171 ἡλίου
1230 1100 1433 1171 τροπὴν
1464 1100 1680 1171 μᾶλλον,
1723 1100 1754 1171 ἥ

198 1188 265 1242 τὸ
289 1189 408 1243 τότε
437 1192 759 1261 γεννηθῆναι
800 1193 1049 1262 Χριστὸν,
1088 1192 1257 1257 οὕτως
1282 1193 1434 1261 ἄγειν
1453 1211 1467 1225 ο
1497 1194 1631 1247 ἀλλά
1662 1193 1756 1264 τὴν

202 1283 308 1353 μὲν
344 1282 551 1354 τροπὴν
594 1282 1015 1353 συμϐεϐηκέναι,
1067 1283 1261 1347 αὐτοὺς
1311 1283 1367 1336 δὲ
1402 1282 1499 1355 τὴν
1547 1284 1756 1353 γένεσιν

197 1371 605 1451 ⁸πρεσϐεύοντας
636 1372 730 1426 τοῦ
778 1371 933 1436 Θεοῦ,
1067 1372 1242 1442 θέμις,
1276 1372 1450 1443 ἀρχὴν
1493 1372 1755 1427 ποιεῖσθαι

196 1465 303 1535 τὴν
332 1463 643 1536 εἰρημένην.
683 1455 974 1517 Ἐνιαυτοῦ
996 1463 1093 1534 μὲν
1122 1464 1324 1535 ταύτην
1357 1463 1537 1517 θετέον
1563 1464 1751 1535 ἀρχήν.

349 1677 478 1746 Πῶς
513 1678 863 1749 ῲιθμητέον
895 1654 1000 1745 τὰς
1030 1677 1135 1733 τοῦ
1162 1678 1349 1748 μηνὸς
1376 1677 1616 1747 ἡμέρας.

273 1790 374 1842 lE'.
418 1764 691 1859 ’Δριθμεῖν
718 1789 775 1843 δὲ
802 1788 899 1852 τάς
931 1790 1093 1860 μηνὸς
1114 1789 1341 1843 ἑκάστου
1376 1791 1587 1861 ἡμέρας
1611 1788 1754 1860 Πλή-

197 1880 343 1959 θωνι
370 1880 467 1951 μὲν
490 1879 635 1933 δοκεῖ
661 1881 741 1943 εἰς
765 1880 997 1951 τέτταρα
1026 1880 1361 1945 διαιροῦντας
1387 1880 1475 1933 τὸν
1506 1880 1666 1951 μῆνα,
1697 1882 1757 1934 τὸ

200 1970 303 2039 μὲν
335 1969 639 2038 ἱστάμενον,
679 1968 750 2021 τὸ
799 1968 855 2021 δὲ
908 1967 1121 2039 μεσοῦν,
1162 1968 1222 2020 τὸ
1258 1967 1313 2020 δὲ
1346 1968 1552 2035 φθῖνον,
1599 1969 1658 2021 τὸ
1704 1968 1758 2021 δὲ

195 2062 391 2114 ἀπιόν·
424 2060 766 2131 λαμϐάνοντι,
791 2060 865 2124 ὡς
894 2059 1057 2125 ἔοικε,
1091 2060 1151 2114 τὸ
1185 2061 1282 2131 μὲν
1316 2062 1463 2131 παρά
1500 2062 1775 2115 Πολυδεύο¹

196 2169 354 2217 κους,
382 2152 443 2205 τὸ
489 2152 544 2204 δέ
574 2169 625 2204 τι
658 2151 751 2205 καὶ
777 2150 923 2223 αὑτῷ
960 2152 1385 2223 καινοτομοῦντι.
1419 2153 1757 2224 Εὐμαρέστε-

197 2260 297 2314 ρον
331 2243 457 2315 γὰρ,
492 2237 663 2312 οἶμαι,
684 2240 1007 2295 διατίθεσθαι
1054 2242 1120 2295 τά
1152 2243 1279 2312 περὶ
1321 2242 1416 2307 τὰς
1452 2245 1759 2314 ἱερομηνίας

193 2334 345 2387 οῦτω
385 2334 680 2397 συνέϐαινε,
712 2333 854 2387 καίν’
882 2332 1017 2385 ἄττα
1048 2331 1424 2403 καθισταμένῳ
1454 2334 1600 2405 ἱερά·
1632 2336 1760 2406 ἡμῖν

191 2427 255 2479 δὲ
284 2427 584 2499 διαφερέτω
616 2425 784 2497 μηθὲν
811 2424 1130 2496 διαριθμεῖν,
1160 2424 1234 2487 ὡς
1283 2424 1569 2496 Ἀθηναῖοι,
1601 2428 1757 2498 τριχῆ

192 2520 552 2597 διαιροῦντες,
607 2520 670 2572 τὸ
724 2520 820 2590 μὲν
874 2518 1157 2589 ίστάμενον
1215 2516 1416 2586 ἔλεγον,
1451 2518 1511 2571 τὸ
1560 2520 1616 2573 δὲ
1668 2519 1758 2572 ἐπὶ

191 2613 355 2675 δέκα,
413 2612 474 2664 τὸ
512 2612 567 2664 δὲ
600 2610 803 2685 φθῖνον.
848 2612 1061 2684 Ἐπειδὴ
1098 2611 1191 2665 καὶ
1236 2610 1441 2681 συνῳδά
1478 2626 1591 2674 πως
1619 2609 1758 2663 οὕτω

196 2705 405 2777 μᾶλλον
444 2704 726 2773 Ῥωμαίοις
752 2704 897 2757 ἔσται
928 2703 995 2757 τὰ
1038 2706 1168 2775 περὶ
1192 2704 1291 2771 τὴν
1321 2704 1577 2773 διαίρεσιν
1607 2703 1753 2771 ἡμῖν.

194 2796 373 2868 Τριχῆ
408 2796 514 2865 γὰρ
552 2796 644 2848 καὶ
678 2788 821 2849 οὗτοι
862 2794 1214 2868 διαιροῦντες,
1261 2795 1322 2846 τὸ
1358 2795 1455 2863 μὲν
1486 2793 1756 2856 Καλένδας

194 2886 685 2960 προσαγορεύουσι,
707 2888 765 2939 τὸ
789 2888 843 2940 δὲ
869 2887 1078 2959 Νώνας,
1107 2886 1164 2938 τὸ
1184 2886 1239 2939 δὲ
1262 2884 1463 2948 Είδούς.
1500 2886 1554 2937 'A
1566 2882 1758 2955 ριθμη-

194 2980 322 3031 τέον
368 2974 461 3030 οῦν
508 2970 641 3030 ὦδε·
704 2976 995 3048 νουμηνίαν
1049 2977 1145 3047 μὲν
1192 2976 1290 3048 τὴν
1335 2974 1583 3047 πρώτην,
1638 2970 1756 3028 εἶτα

194 3069 457 3140 δευτέραν
514 3070 819 3140 ἱσταμένου,
868 3070 961 3123 καὶ
1009 3069 1215 3141 τρίτην,
1266 3070 1358 3121 καὶ
1398 3067 1523 3138 ἑξῆς
1576 3068 1655 3131 είς
1698 3068 1757 3120 τὺ

196 3162 391 3233 πρόσω
447 3162 575 3215 ίόντι
624 3161 748 3233 ἄχρι
804 3160 1059 3230 δεκάτηςο
1117 3160 1233 3230 μεθ’
1282 3161 1347 3230 ἢν
1382 3158 1598 3230 πρώτην
1665 3159 1755 3210 ὲπί

1858 649 2049 718 nisque
2072 649 2352 718 agentibus
2379 647 2445 699 ab
2468 643 2762 699 autumnali
2787 644 3129 712 aequinoctio,
3156 643 3409 696 indictio-

1858 740 1940 793 nis
1983 739 2198 808 quidem
2244 738 2453 791 ratione
2484 736 2771 807 (signiﬁcat
2800 744 2975 788 autem
3018 734 3247 789 edictum
3294 732 3407 785 hazc

1854 827 2039 893 dictio)
2066 842 2187 881 cum
2221 825 2478 880 Romanis
2522 823 2810 878 concordia
2835 831 2938 887 est,
2970 824 3246 876 annivvero
3273 836 3401 875 non.

1854 917 2169 996 Quanquam
2194 925 2247 973 et
2270 917 2445 973 dehis
2476 930 2607 971 sane
2634 917 2769 969 inter
2790 915 2911 968 illos
2940 914 3227 968 convenire
3254 927 3406 983 opor-
3442 982 3446 985 Δ

1855 1012 2021 1075 tebat,
2051 1009 2345 1078 praesertim
2373 1008 2573 1063 Christi
2617 1008 2822 1077 legibus
2863 1005 3220 1061 communiter
3247 1014 3402 1078 uten-

1855 1106 1956 1153 tes.
1985 1076 2167 1169 Neque
2195 1099 2334 1153 enim
2367 1107 2495 1169 puto
2527 1076 2798 1152 Romanos
2827 1097 2987 1165 hujus
3014 1096 3193 1151 saeculi
3233 1076 3404 1166 magis

1855 1198 2073 1261 propter
2100 1191 2412 1254 solstitium,
2444 1204 2601 1259 quam
2636 1187 2777 1257 quod
2806 1195 2933 1240 tunc
2965 1186 3215 1242 Christus
3245 1194 3403 1240 natus

1856 1285 1926 1337 sit
1971 1285 2046 1337 ita
2093 1290 2276 1353 agere;
2312 1283 2403 1338 sed
2439 1290 2550 1336 tum
2590 1282 2878 1336 solstitium
2904 1295 3022 1335 esse
3058 1280 3195 1334 forte
3230 1280 3403 1333 conti-

1854 1375 1997 1443 gisse
2030 1392 2043 1426 :
2081 1374 2227 1442 ipsos
2258 1388 2383 1427 vero
2411 1372 2575 1426 natali
2616 1372 2922 1427 Christiano
2963 1371 3192 1440 primum
3234 1371 3403 1422 hono-

1853 1479 1965 1515 rem
1989 1463 2306 1528 tribuentes,
2328 1470 2387 1515 ut
2413 1462 2493 1516 fas
2513 1471 2615 1525 est,
2636 1461 2944 1531 prtedictum
2970 1459 3177 1514 initium
3202 1458 3395 1513 facere.

1853 1554 1989 1608 Anni
2019 1554 2233 1625 quidem
2262 1552 2400 1608 idem
2418 1540 2639 1607 initium
2667 1550 2969 1606 faciendum
3000 1558 3102 1606 est.

2072 1687 2342 1755 Quomodo
2371 1688 2561 1741 mensis
2593 1686 2699 1739 dies
2730 1694 2848 1739 sunt
2876 1683 3203 1739 numerandi.

1926 1800 2037 1855 XV.
2088 1801 2383 1857 Numerare
2432 1816 2561 1855 vero
2606 1799 2869 1869 cujusque
2902 1797 3103 1852 mensis
3134 1795 3249 1851 dies
3280 1794 3396 1849 Ple-

1790 1917 1827 1970 Β
1858 1891 2006 1945 tironi
2040 1890 2120 1945 sic
2173 1891 2370 1960 placet,
2402 1896 2461 1942 ut
2497 1889 2890 1958 quadripertito
2928 1898 3163 1939 mensem
3197 1884 3397 1947 dividat

1860 1982 1910 2033 iu
1940 1979 2283 2048 principium,
2315 1979 2570 2041 medium.
2602 1978 2974 2047 praecipitium,
3006 1984 3058 2031 et
3102 1990 3391 2030 recessum.

1858 2070 2022 2138 quue
2069 2069 2259 2139 partim
2304 2083 2334 2121 a
2376 2068 2591 2123 Polluce
2636 2067 2847 2122 videtur
2890 2065 3154 2130 mutuari;
3201 2064 3394 2134 partim

1859 2177 1952 2230 per
1995 2176 2052 2216 se
2101 2159 2499 2230 quodammodo
2529 2157 2888 2214 comminisci.
2919 2159 2996 2211 Ita
3032 2158 3197 2220 enim,
3243 2164 3394 2226 puto,

1858 2250 2070 2306 facilius
2098 2250 2175 2305 illi
2209 2258 2325 2306 erat
2367 2265 2494 2305 suas
2546 2249 2707 2303 ferias
2751 2247 3054 2315 disponere.
3084 2260 3221 2299 nova
3251 2261 3395 2314 quae-

1857 2342 1980 2397 dam
2014 2356 2168 2397 sacra
2200 2341 2571 2415 constituenti.
2602 2342 2668 2394 At
2692 2354 2791 2395 nos
2818 2338 2953 2393 nihil
2982 2337 3235 2407 impediat
3260 2352 3398 2406 quo-

1859 2436 2042 2490 minus
2093 2421 2469 2505 supputemus,
2505 2442 2564 2488 ut
2602 2432 2981 2493 Athenienses,
3015 2442 3197 2487 mense
3246 2428 3397 2480 trifa-

1857 2530 1991 2581 riam
2033 2528 2254 2596 partito,
2286 2514 2491 2595 partem
2544 2538 2707 2579 unam
2755 2523 3053 2593 ἱστάμενον,
3089 2520 3143 2575 id
3173 2527 3274 2582 est,
3314 2522 3397 2573 in-

1856 2625 2107 2681 stantem,
2143 2619 2255 2673 sive
2284 2617 2555 2672 ineuntem
2599 2623 2851 2671 vocantes
2879 2635 2891 2670 :
2924 2617 3013 2669 ὲπὶ
3033 2615 3180 2677 δέκα,
3210 2614 3262 2668 id
3290 2620 3394 2677 est,
3498 2618 3499 2621 ‘

1856 2723 2017 2778 supra
2046 2708 2230 2764 decem
2260 2700 2482 2763 alteram
2510 2724 2525 2761 :
2554 2706 2797 2759 ultimam
2821 2705 3020 2773 φθῖνον,
3050 2705 3100 2759 id
3130 2714 3232 2769 est.
3250 2686 3398 2775 prae-

1855 2800 2091 2869 cipitem,
2125 2800 2207 2855 vel
2253 2799 2606 2855 desinentem.
2640 2796 3080 2867 Quandoquidem
3109 2795 3223 2850 haec
3253 2810 3396 2864 quo-

1855 2908 1959 2961 que
2006 2891 2200 2947 divisio
2247 2898 2430 2946 nostra
2477 2888 2555 2945 sic
2610 2889 2794 2942 nescio
2834 2885 3103 2956 quomodo
3143 2885 3233 2940 ﬁet
3272 2899 3396 2938 cum
3508 2934 3511 2935 ν

1856 2982 2095 3037 Romana
2144 2981 2547 3039 consonantior.
2604 2980 2667 3035 lli
2711 2994 2943 3049 namque
2983 2986 3093 3032 tres
3127 2979 3287 3032 etiam
3342 2976 3397 3028 in
3439 2970 3443 2973 Α

1854 3082 2034 3144 partes
2083 3089 2321 3129 mensem
2377 3075 2709 3136 tribuentes,
2760 3070 3048 3135 Kalendas,
3095 3067 3296 3131 Nonas,
3344 3072 3397 3119 et

1856 3164 1979 3221 ldus
2030 3166 2319 3235 appellant.
2370 3162 2459 3219 Sic
2510 3165 2688 3234 itaque
2740 3161 3130 3217 numerandum
3178 3165 3289 3222 est,
3338 3162 3399 3209 ut

194 3254 366 3305 δέκα’
401 3249 515 3305 εἶτα
545 3253 798 3323 δευτέραν
842 3254 932 3306 ἐπὶ
968 3252 1117 3316 δέκα,
1164 3252 1256 3306 καὶ
1298 3250 1423 3321 ἑξῆς
1464 3250 1589 3320 ἄχρι
1618 3251 1756 3302 είκο-

1854 3254 2146 3308 Neomenia
2177 3251 2340 3323 (quod
2372 3254 2702 3311 noviluninm
2734 3250 3023 3322 significat)
3056 3246 3259 3302 mensis
3287 3246 3398 3315 pri-

198 3345 353 3415 στῆς.
396 3346 459 3398 Ἦ
489 3344 626 3416 αὑτὴ
657 3345 713 3398 δὲ
740 3345 831 3399 καὶ
863 3346 1013 3408 είκάς
1032 3362 1045 3375 ·
1087 3344 1201 3415 μεθ’
1228 3344 1295 3413 ἣν
1327 3342 1608 3411 ἑνδεκάτην
1638 3341 1755 3411 φθί-

195 3454 405 3499 νοντος,
438 3436 469 3507 ἦ
497 3437 746 3507 δεκάτην,
780 3438 812 3507 ἢ
855 3438 1096 3507 ὲννάτην,
1134 3437 1165 3507 ἢ
1213 3435 1419 3507 ὀγδόην,
1450 3436 1524 3498 ὠς
1569 3434 1753 3504 ἔτυχεν

196 3529 341 3598 ἔχων
365 3530 392 3581 ὁ
420 3528 542 3599 μὴν,
568 3530 662 3581 καὶ
693 3528 819 3597 ἑξῆς
847 3528 1125 3582 άναλύοντι
1160 3529 1282 3599 ἄχρι
1310 3527 1580 3597 δευτέρας.
1605 3526 1755 3579 Οὕτω

198 3618 310 3689 γάρ
394 3617 660 3689 Ἀθηναῖοι
714 3617 1011 3689 ἡρίθμουν,
1042 3618 1122 3671 κού
1187 3616 1590 3689 προστιθέντες,
1642 3615 1753 3669 ἀλλ’

199 3708 579 3779 ἀφαιροῦντες,
611 3707 707 3763 καὶ
731 3708 1046 3773 ἀναλύοντες
1075 3710 1232 3781 μέχρι
1258 3708 1561 3780 τριακάδος,
1588 3708 1757 3761 Σόλω-

198 3815 293 3861 νος
341 3800 685 3871 ἡγησαμένου
732 3800 864 3871 πρὸς
906 3802 972 3855 τὰ
1011 3802 1105 3873 τῆς
1160 3795 1386 3873 σελήνης
1419 3800 1569 3869 φῶτα
1619 3794 1758 3853 οῦίιω

204 3889 521 3959 μειούμενα.
557 3892 665 3945 Καὶ
704 3894 1088 3963 Ἀριστοφάνης
1132 3882 1194 3945 ’δὲ
1242 3894 1270 3944 ὀ
1312 3893 1551 3964 κωμικὸς
1591 3892 1757 3955 οὕτως

201 3981 457 4052 ἀριθμεῖ·

1858 3362 1979 3402 mus
2020 3346 2137 3401 dies
2175 3347 2244 3401 sit
2282 3365 2294 3399 :
2329 3345 2520 3400 deinde
2567 3343 2835 3400 secundus
2884 3334 3159 3398 instantis,
3204 3338 3398 3391 tertius

1859 3437 2132 3498 instantis,
2164 3445 2216 3490 et
2245 3436 2317 3489 ita
2351 3436 2605 3505 deinceps
2635 3440 2806 3505 usque
2835 3432 2901 3487 ad
2932 3431 3197 3486 decimum
3228 3446 3242 3483 :
3276 3434 3398 3497 post

1858 3542 2016 3598 quem
2067 3527 2272 3597 primus
2326 3541 2487 3603 supra
2532 3525 2739 3590 decem,
2773 3522 3040 3579 secundus
3087 3532 3249 3588 supra
3298 3516 3396 3569 de-

1860 3632 1998 3679 cem.
2030 3626 2082 3671 et
2114 3617 2190 3670 sic
2218 3632 2311 3686 per
2339 3616 2581 3670 ordinem
2614 3629 2784 3683 usque
2824 3612 2891 3666 ad
2938 3610 3272 3678 vigesimum,
3303 3606 3394 3676 qui

1858 3716 1911 3762 ct
1934 3709 2080 3763 sicas
2113 3708 2331 3767 dicitur.
2363 3707 2515 3777 quasi
2559 3707 2889 3761 viceuionem
2924 3702 3071 3757 ausis
3110 3698 3395 3771 appellare.

1856 3800 1981 3856 Post
2024 3816 2181 3870 quem
2219 3799 2535 3855 undecimus
2574 3798 2882 3868 prreeipitis,
2915 3794 3001 3851 vel
3027 3794 3288 3851 decimus,
3312 3787 3398 3843 vel

1858 3908 2056 3959 nonus,
2082 3894 2164 3947 vel
2194 3900 2439 3955 octavus,
2472 3906 2569 3961 pro
2596 3889 2798 3944 mensis
2838 3887 3076 3955 cujusvis
3114 3886 3400 3953 superante

1856 3985 2065 4040 dierum
2114 3973 2387 4039 numero:
2423 3990 2477 4037 et
2528 3982 2780 4051 deinceps
2832 3979 3019 4035 ordine
3072 3982 3400 4046 praepostero

204 4073 651 4139 subducendum,
701 4075 913 4129 numeri
961 4076 1175 4145 quidem
1228 4077 1421 4131 seriem
1469 4074 1760 4131 retexendo
1790 4091 1963 4147 usque
1993 4078 2058 4131 ad
2089 4076 2387 4131 secundum
2420 4074 2723 4144 praecipitis.
2791 4071 2868 4126 lta
2901 4071 3043 4126 enim
3107 4063 3397 4120 Athenien-

202 4184 298 4223 ses
346 4171 738 4233 numerabant,
790 4186 897 4225 non
946 4172 1236 4237 addentes,
1294 4172 1387 4227 sed
1438 4170 1764 4236 auferentes,
1824 4175 2263 4243 rcsolventesque
2309 4187 2481 4243 usque
2526 4170 2593 4225 ad
2631 4170 2961 4224 tricesimum
2993 4167 3132 4220 diem
3170 4181 3183 4216 :
3251 4168 3307 4215 et
3346 4156 3399 4210 id

202 4261 426 4332 quidem
459 4260 673 4318 Solonis
704 4264 977 4325 instituto,
1009 4266 1221 4322 ratione
1267 4266 1407 4320 luna
1450 4265 1524 4319 ita
1565 4265 1963 4322 sensimlumen
1994 4282 2151 4322 suum
2182 4266 2494 4322 minuentis.
2520 4266 2584 4319 Et
2626 4266 2727 4318 hoc
2756 4270 2901 4318 certe
2964 4258 3124 4313 modo
3191 4256 3402 4309 Aristo-

207 4356 419 4428 phanes
443 4357 685 4412 comicus
713 4367 969 4430 supputat
997 4380 1011 4415 :

206 4457 740 4545 Πέμπζηητετρὰς,
783 4478 945 4545 τρίτη
970 4493 982 4508 ο
1022 4476 1173 4545 μετὰ
1218 4478 1440 4544 ταύτην
1480 4474 1750 4544 δευτέρω

210 4539 333 4613 Εἶθ’
372 4542 444 4608 ἦν
602 4539 863 4613 μάλιστα
896 4539 1105 4601 εέασξῖηθ
1134 4546 1366 4613 ἡμερῶν

206 4612 470 4673 Δέδοικα,
500 4612 678 4680 εὐθὺς
715 4618 837 4670 ἐσθ’
872 4618 977 4685 ἕνη
1016 4635 1077 4670 τε
1108 4617 1203 4669 καὶ
1240 4612 1365 4670 νέα.

277 4726 431 4779 Μετά
458 4724 513 4778 δὲ
556 4726 809 4799 δευτέραν
842 4730 1032 4783 ἀκτέον
1067 4730 1209 4799 ἕνην.
1242 4730 1411 4800 Χρεία
1441 4730 1483 4781 δ’
1509 4728 1634 4798 ἕνης
1669 4728 1761 4779 καὶ

208 4816 335 4874 νέας
358 4815 455 4867 ούκ
478 4815 626 4870 ἔσται
657 4819 809 4887 ἡμῖν,
851 4819 938 4871 διὰ
957 4820 1017 4871 τὸ
1054 4819 1125 4889 μὴ
1166 4816 1303 4871 κατὰ
1339 4817 1562 4887 σελήνην
1587 4814 1757 4879 ἄγειν.

209 4906 377 4977 Ἐνην
416 4906 472 4960 δὲ
516 4907 613 4979 τὴν
656 4909 963 4963 τελευταίαν
1002 4910 1095 4963 τοῦ
1142 4910 1306 4980 μηνὸς
1340 4910 1551 4980 ἡμέραν
1581 4906 1760 4960 καλεῖν

208 4996 304 5048 καὶ
354 4996 500 5065 ἡμᾶς
557 4996 750 5049 κωλύει
803 4998 993 5062 οὐθὲν,
1044 4999 1123 5051 ὅτι
1171 4998 1262 5051 καὶ
1309 4998 1403 5051 νέα
1461 4999 1493 5067 ἡ
1548 4995 1758 5067 πρώτη,

209 5086 427 5150 πλείους
462 5104 521 5141 τε
569 5088 623 5140 αί
679 5088 951 5156 φθίνοντος
993 5091 1226 5157 γίνονται
1270 5090 1489 5161 ἡμέραι,
1520 5090 1612 5143 καὶ
1652 5087 1759 5142 ἐσθ’

206 5177 295 5229 ὅτε
345 5177 596 5242 ἐλάττους
643 5178 749 5231 τῶν
788 5179 1065 5244 Ἀττικῶν,
1098 5180 1182 5233 διὰ
1216 5181 1275 5232 τὸ
1314 5181 1438 5242 τοὺς
1480 5181 1577 5250 μὲν
1614 5196 1762 5249 τρια-

209 5267 574 5338 κονθημέρους
622 5268 728 5322 τῶν
771 5268 953 5339 μηνῶν
1006 5272 1135 5338 ἡμῖν
1174 5267 1342 5331 εἶναι,
1393 5268 1515 5332 τοὺς
1561 5270 1616 5321 δὲ
1665 5272 1761 5339 μιᾷ

210 5357 567 5428 ὑπερεάλλειν
588 5359 693 5411 τῶν
723 5360 920 5429 ἑτέρων
944 5359 1141 5430 ἡμέρᾳ,
1170 5362 1260 5412 ἕνα
1296 5360 1350 5413 δὲ
1375 5360 1467 5411 καὶ
1500 5359 1640 5411 δυεῖν
1666 5359 1761 5428 μὲν

213 5450 475 5504 ἐλλείπειν
530 5451 636 5503 τῶν
695 5450 1168 5524 τριακονθημέρων
1214 5451 1339 5520 ἑξῆς
1383 5450 1545 5521 τριῶν
1592 5450 1760 5511 ἐτῶν,

215 5544 311 5613 μιᾷ
342 5542 397 5594 δὲ
442 5540 519 5612 τῷ
553 5544 812 5615 τετάρτῳ,
854 5544 929 5607 ὡς
985 5544 1194 5614 εἴρηται
1248 5560 1524 5614 προτερον.
1572 5542 1632 5594 Oi
1666 5542 1761 5611 μὲν

209 5627 301 5685 οῦν
353 5632 751 5700 ένδεκάφθινοι,
817 5636 865 5689 οι
918 5635 972 5688 δὲ
1025 5634 1365 5703 δεκάφθινοι,
1432 5628 1511 5695 εἷς
1565 5632 1619 5685 δὲ
1670 5633 1763 5685 καὶ

210 5724 547 5795 ύκτάφθινος,
588 5725 680 5777 καὶ
705 5726 1015 5795 ξνάφθινος·
1054 5726 1190 5779 ἑπτά
1235 5726 1330 5795 μὲν
1361 5725 1467 5796 γὰρ
1498 5724 1625 5789 οἶδε,
1662 5725 1763 5777 Πο-

214 5815 451 5879 σειδεὼν,
504 5816 811 5895 Γαμηλιὼνζ
858 5818 1190 5888 Μουνυχιὼν,
1236 5816 1616 5890 Σκιροφοριὼν,
1650 5819 1760 5871 Με-

1864 4470 2111 4536 Quintus,
2145 4468 2328 4523 deinde
2356 4436 2598 4535 quartus,
2630 4464 2844 4535 hincque
2873 4463 3091 4521 tertius‘;

1789 4543 1834 4599 D
1868 4528 1989 4593 'Post
2018 4528 2166 4609 quem
2194 4528 2471 4597 secundus,
2500 4528 2828 4609 omniumfet
2858 4547 3005 4599 quem
3039 4528 3264 4580 maxime

1862 4607 2061 4671 Metuo.
2092 4626 2303 4679 sequens
2340 4619 2414 4661 est
2444 4607 2686 4685 continuo
2712 4613 2850 4657 vetus
2878 4611 2923 4654 et
2956 4615 3133 4651 novus.

1930 4720 2116 4790 Itaque
2159 4726 2281 4789 post
2333 4718 2627 4773 secundum
2678 4712 2988 4784 praecipitis,
3032 4712 3189 4764 nobis
3238 4708 3403 4764 collo-

1860 4813 2064 4868 candus
2115 4820 2199 4867 εει
2247 4819 2417 4863 vetus.
2461 4807 2593 4860 Nam
2644 4805 2839 4860 veteris
2887 4810 2941 4858 et
2992 4802 3137 4871 novi,
3187 4800 3240 4853 id
3296 4810 3401 4861 est,

1860 4904 2088 4959 extremi
2136 4910 2189 4957 et
2237 4902 2414 4970 primi,
2452 4914 2545 4954 seu
2606 4894 3031 4959 intermenstrui,
3080 4892 3235 4945 nobis
3273 4905 3403 4944 usus

1859 4993 2090 5048 exolevit
2122 5013 2131 5044 :
2160 4972 2300 5060 quod
2337 5005 2442 5043 non
2471 4989 2534 5041 ad
2566 4988 2745 5040 lunam
2784 4991 3024 5051 tempora
3051 4980 3399 5034 deducamus.

1862 5084 1966 5139 Sed
2037 5083 2175 5137 diem
2244 5081 2445 5135 mensis
2520 5079 2763 5132 ultimum
2834 5074 3102 5142 appellare
3172 5076 3403 5123 vctcrcm

1861 5178 1984 5244 quid
2035 5190 2132 5228 nos
2184 5180 2345 5236 vetat,
2396 5185 2519 5224 cum
2568 5169 2771 5238 primus
2820 5178 3033 5232 quoque
3086 5176 3259 5214 novus
3305 5158 3406 5211 sit?

1860 5266 1976 5319 Jam
2001 5281 2126 5320 vero
2155 5263 2447 5335 prmcipitis
2474 5260 2590 5315 dies
2614 5256 2884 5312 interdum
2912 5254 3095 5323 plures
3124 5252 3404 5310 habemus.

1863 5373 2246 5428 nonnunquam
2301 5355 2583 5426 pauciores
2637 5350 2829 5405 diebus
2888 5346 3099 5401 Atticis.
3154 5341 3408 5407 Quando-

1862 5452 2076 5520 quidem
2132 5464 2346 5503 menses
2394 5447 2483 5499 alii
2528 5445 2790 5497 tricenum
2836 5439 3064 5498 dierum,
3115 5436 3205 5488 alii
3250 5434 3411 5487 trice—

1861 5557 1989 5595 num
2012 5540 2368 5609 singulorum,
2396 5553 2535 5591 unus
2569 5533 2725 5587 modo
2755 5531 3226 5589 duodetricenum,
3255 5523 3409 5577 modo

1861 5631 2295 5689 undetricvnum,
2329 5628 2580 5680 nimirum
2611 5630 2808 5693 quarto
2857 5632 3069 5688 quoque
3116 5630 3257 5667 anno
3304 5628 3411 5662 uno

1862 5723 1946 5777 die
1993 5720 2207 5779 addito,
2260 5718 2402 5788 quod
2455 5716 2605 5785 prius
2662 5722 2745 5770 est
2796 5712 3020 5765 dictum.
3077 5706 3413 5773 Quapropter

1866 5828 2076 5867 menses
2132 5812 2217 5864 alii
2285 5810 2352 5863 ab
2411 5808 2656 5862 undecim
2723 5805 2929 5859 dierum
2986 5800 3190 5869 reliquo
3252 5812 3419 5863 supra
