  <div class='ocr_page' id='page_1' title='image "/cluster/home/n/w/nwhite01/storage/ocr_20150623/19/pst.000005712045/617.png"; bbox 0 0 4124 6320; ppageno 0'>
   <div class='ocr_carea' id='block_1_1' title="bbox 703 431 924 500">
    <p class='ocr_par' dir='ltr' id='par_1_1' title="bbox 703 431 924 500">
     <span class='ocr_line' id='line_1_1' title="bbox 703 431 924 500; baseline -0.005 -15"><span class='ocrx_word' id='word_1_1' title='bbox 703 477 716 500; x_wconf 58' lang='lat'><strong>,</strong></span> <span class='ocrx_word' id='word_1_2' title='bbox 789 431 924 486; x_wconf 67' lang='lat'><strong>1203</strong></span> 
     </span>
    </p>
   </div>
   <div class='ocr_carea' id='block_1_2' title="bbox 715 609 740 650">
    <p class='ocr_par' dir='ltr' id='par_1_2' title="bbox 715 609 740 650">
     <span class='ocr_line' id='line_1_2' title="bbox 715 609 740 650; baseline -0.16 0"><span class='ocrx_word' id='word_1_3' title='bbox 715 609 740 650; x_wconf 55' lang='grc' dir='ltr'><strong>Ἴ.</strong></span> 
     </span>
    </p>
   </div>
   <div class='ocr_carea' id='block_1_3' title="bbox 1799 434 2998 520">
    <p class='ocr_par' dir='ltr' id='par_1_3' title="bbox 1799 434 2998 520">
     <span class='ocr_line' id='line_1_3' title="bbox 1799 434 2998 520; baseline 0.003 -34"><span class='ocrx_word' id='word_1_4' title='bbox 1799 434 1884 488; x_wconf 80' lang='lat' dir='ltr'><strong>AD</strong></span> <span class='ocrx_word' id='word_1_5' title='bbox 1923 435 2182 490; x_wconf 83' lang='lat' dir='ltr'><strong>EUSEBII</strong></span> <span class='ocrx_word' id='word_1_6' title='bbox 2213 437 2626 520; x_wconf 72' lang='lat' dir='ltr'><strong>CURONICON_</strong></span> <span class='ocrx_word' id='word_1_7' title='bbox 2645 437 2858 490; x_wconf 75' lang='lat' dir='ltr'><strong>APPEN</strong></span> <span class='ocrx_word' id='word_1_8' title='bbox 2869 435 2998 492; x_wconf 53' lang='lat' dir='ltr'><strong>DIE.</strong></span> 
     </span>
    </p>
   </div>
   <div class='ocr_carea' id='block_1_4' title="bbox 3841 434 3948 487">
    <p class='ocr_par' dir='ltr' id='par_1_4' title="bbox 3841 434 3948 487">
     <span class='ocr_line' id='line_1_4' title="bbox 3841 434 3948 487; baseline 0.009 -1"><span class='ocrx_word' id='word_1_9' title='bbox 3841 434 3948 487; x_wconf 64' lang='lat'><strong>22115</strong></span> 
     </span>
    </p>
   </div>
   <div class='ocr_carea' id='block_1_5' title="bbox 787 548 2324 628">
    <p class='ocr_par' dir='ltr' id='par_1_5' title="bbox 787 548 2321 628">
     <span class='ocr_line' id='line_1_5' title="bbox 787 548 2321 628; baseline 0.005 -25"><span class='ocrx_word' id='word_1_10' title='bbox 787 549 970 628; x_wconf 82' lang='lat' dir='ltr'><strong>viginti</strong></span> <span class='ocrx_word' id='word_1_11' title='bbox 999 563 1221 602; x_wconf 87' lang='lat' dir='ltr'><strong>numero</strong></span> <span class='ocrx_word' id='word_1_12' title='bbox 1245 548 1702 619; x_wconf 83' lang='lat' dir='ltr'><strong>Hendecapbthini</strong></span> <span class='ocrx_word' id='word_1_13' title='bbox 1731 565 2012 620; x_wconf 75' lang='lat' dir='ltr'><strong>vocentur,</strong></span> <span class='ocrx_word' id='word_1_14' title='bbox 2044 558 2132 610; x_wconf 98' lang='lat' dir='ltr'><strong>alii</strong></span> <span class='ocrx_word' id='word_1_15' title='bbox 2160 557 2321 612; x_wconf 86' lang='lat' dir='ltr'><strong>Deca-</strong></span> 
     </span>
    </p>
   </div>
   <div class='ocr_carea' id='block_1_6' title="bbox 2387 548 3946 628">
    <p class='ocr_par' dir='ltr' id='par_1_6' title="bbox 2387 551 3946 628">
     <span class='ocr_line' id='line_1_6' title="bbox 2387 551 3946 628; baseline -0.002 -18"><span class='ocrx_word' id='word_1_16' title='bbox 2387 604 2394 618; x_wconf 77' lang='grc'><strong>,</strong></span> <span class='ocrx_word' id='word_1_17' title='bbox 2420 557 2754 624; x_wconf 77' lang='grc' dir='ltr'>ταγειτνιὼν,</span> <span class='ocrx_word' id='word_1_18' title='bbox 2797 555 3153 628; x_wconf 78' lang='grc' dir='ltr'><strong>Βοηδρομιὼν,</strong></span> <span class='ocrx_word' id='word_1_19' title='bbox 3185 554 3530 624; x_wconf 63' lang='grc' dir='ltr'>Πυανεψιὼν,</span> <span class='ocrx_word' id='word_1_20' title='bbox 3571 551 3760 606; x_wconf 75' lang='grc' dir='ltr'>ἕνδεκα</span> <span class='ocrx_word' id='word_1_21' title='bbox 3793 553 3946 618; x_wconf 74' lang='grc' dir='ltr'>ἕξουσι</span> 
     </span>
    </p>
   </div>
   <div class='ocr_carea' id='block_1_7' title="bbox 783 627 2325 712">
    <p class='ocr_par' dir='ltr' id='par_1_7' title="bbox 783 627 2325 712">
     <span class='ocr_line' id='line_1_7' title="bbox 783 627 2325 712; baseline 0.007 -21"><span class='ocrx_word' id='word_1_22' title='bbox 783 627 1014 708; x_wconf 74' lang='grc' dir='ltr'>νίιιῖιίηἱ,</span> <span class='ocrx_word' id='word_1_23' title='bbox 1046 638 1242 708; x_wconf 85' lang='lat' dir='ltr'><strong>quibus</strong></span> <span class='ocrx_word' id='word_1_24' title='bbox 1290 641 1471 694; x_wconf 82' lang='lat' dir='ltr'><strong>decem</strong></span> <span class='ocrx_word' id='word_1_25' title='bbox 1516 641 1630 695; x_wconf 89' lang='lat' dir='ltr'><strong>dies</strong></span> <span class='ocrx_word' id='word_1_26' title='bbox 1675 653 1964 712; x_wconf 78' lang='lat' dir='ltr'><strong>supersunt</strong></span> <span class='ocrx_word' id='word_1_27' title='bbox 1994 666 2005 698; x_wconf 91' lang='lat'>:</span> <span class='ocrx_word' id='word_1_28' title='bbox 2039 662 2178 702; x_wconf 87' lang='lat' dir='ltr'><strong>unus</strong></span> <span class='ocrx_word' id='word_1_29' title='bbox 2199 661 2325 702; x_wconf 75' lang='lat' dir='ltr'><strong>vero</strong></span> 
     </span>
    </p>
   </div>
   <div class='ocr_carea' id='block_1_8' title="bbox 783 728 2322 800">
    <p class='ocr_par' dir='ltr' id='par_1_8' title="bbox 783 728 2322 800">
     <span class='ocr_line' id='line_1_8' title="bbox 783 728 2322 800; baseline 0.004 -16"><span class='ocrx_word' id='word_1_30' title='bbox 783 729 1207 798; x_wconf 85' lang='lat' dir='ltr'><strong>Octapbthinus,</strong></span> <span class='ocrx_word' id='word_1_31' title='bbox 1259 737 1313 784; x_wconf 85' lang='lat' dir='ltr'><strong>et</strong></span> <span class='ocrx_word' id='word_1_32' title='bbox 1361 728 1764 799; x_wconf 85' lang='lat' dir='ltr'><strong>Enaphthinus,</strong></span> <span class='ocrx_word' id='word_1_33' title='bbox 1825 737 1910 789; x_wconf 90' lang='lat' dir='ltr'><strong>cui</strong></span> <span class='ocrx_word' id='word_1_34' title='bbox 1965 752 2108 790; x_wconf 90' lang='lat' dir='ltr'><strong>nunc</strong></span> <span class='ocrx_word' id='word_1_35' title='bbox 2165 746 2322 800; x_wconf 83' lang='lat' dir='ltr'><strong>octo,</strong></span> 
     </span>
    </p>
   </div>
   <div class='ocr_carea' id='block_1_9' title="bbox 785 821 2324 892">
    <p class='ocr_par' dir='ltr' id='par_1_9' title="bbox 785 821 2324 892">
     <span class='ocr_line' id='line_1_9' title="bbox 785 821 2324 892; baseline 0.004 -20"><span class='ocrx_word' id='word_1_36' title='bbox 785 833 930 872; x_wconf 83' lang='lat' dir='ltr'><strong>llllllc</strong></span> <span class='ocrx_word' id='word_1_37' title='bbox 1001 833 1191 872; x_wconf 88' lang='lat' dir='ltr'><strong>novem</strong></span> <span class='ocrx_word' id='word_1_38' title='bbox 1261 827 1516 888; x_wconf 89' lang='lat' dir='ltr'><strong>superant</strong></span> <span class='ocrx_word' id='word_1_39' title='bbox 1585 821 1722 874; x_wconf 87' lang='lat' dir='ltr'><strong>ultra</strong></span> <span class='ocrx_word' id='word_1_40' title='bbox 1788 823 1995 892; x_wconf 75' lang='lat' dir='ltr'><strong>viginti.</strong></span> <span class='ocrx_word' id='word_1_41' title='bbox 2057 823 2120 876; x_wconf 83' lang='lat' dir='ltr'><strong>lli</strong></span> <span class='ocrx_word' id='word_1_42' title='bbox 2183 827 2324 878; x_wconf 89' lang='lat' dir='ltr'><strong>enim</strong></span> 
     </span>
    </p>
   </div>
   <div class='ocr_carea' id='block_1_10' title="bbox 789 894 2322 987">
    <p class='ocr_par' dir='ltr' id='par_1_10' title="bbox 789 894 2322 987">
     <span class='ocr_line' id='line_1_10' title="bbox 789 894 2322 987; baseline 0.005 -24"><span class='ocrx_word' id='word_1_43' title='bbox 789 894 942 978; x_wconf 76' lang='lat'><strong>165</strong></span> <span class='ocrx_word' id='word_1_44' title='bbox 973 917 1204 977; x_wconf 87' lang='lat' dir='ltr'><strong>septem,</strong></span> <span class='ocrx_word' id='word_1_45' title='bbox 1257 909 1518 964; x_wconf 87' lang='lat' dir='ltr'><strong>Posidcon</strong></span> <span class='ocrx_word' id='word_1_46' title='bbox 1543 951 1557 973; x_wconf 88' lang='lat'><strong>,</strong></span> <span class='ocrx_word' id='word_1_47' title='bbox 1604 911 1883 969; x_wconf 85' lang='lat' dir='ltr'><strong>Gamelion</strong></span> <span class='ocrx_word' id='word_1_48' title='bbox 1907 955 1922 978; x_wconf 92' lang='lat'><strong>,</strong></span> <span class='ocrx_word' id='word_1_49' title='bbox 1969 915 2322 987; x_wconf 84' lang='lat' dir='ltr'><strong>Munychion,</strong></span> 
     </span>
    </p>
   </div>
   <div class='ocr_carea' id='block_1_11' title="bbox 787 997 2326 1078">
    <p class='ocr_par' dir='ltr' id='par_1_11' title="bbox 787 997 2326 1078">
     <span class='ocr_line' id='line_1_11' title="bbox 787 997 2326 1078; baseline 0.006 -28"><span class='ocrx_word' id='word_1_50' title='bbox 787 997 1206 1067; x_wconf 84' lang='lat' dir='ltr'><strong>Scirophorion,</strong></span> <span class='ocrx_word' id='word_1_51' title='bbox 1255 999 1640 1070; x_wconf 84' lang='lat' dir='ltr'><strong>Metagitnion,</strong></span> <span class='ocrx_word' id='word_1_52' title='bbox 1692 1003 2080 1068; x_wconf 87' lang='lat' dir='ltr'><strong>Boedromion,</strong></span> <span class='ocrx_word' id='word_1_53' title='bbox 2119 1007 2326 1078; x_wconf 76' lang='lat' dir='ltr'><strong>Pyaue-</strong></span> 
     </span>
    </p>
   </div>
   <div class='ocr_carea' id='block_1_12' title="bbox 787 1090 2326 1162">
    <p class='ocr_par' dir='ltr' id='par_1_12' title="bbox 787 1090 2326 1162">
     <span class='ocr_line' id='line_1_12' title="bbox 787 1090 2326 1162; baseline 0.006 -22"><span class='ocrx_word' id='word_1_54' title='bbox 787 1090 964 1156; x_wconf 89' lang='lat' dir='ltr'><strong>psion,</strong></span> <span class='ocrx_word' id='word_1_55' title='bbox 1001 1091 1248 1145; x_wconf 81' lang='lat' dir='ltr'><strong>undecim</strong></span> <span class='ocrx_word' id='word_1_56' title='bbox 1278 1091 1393 1148; x_wconf 87' lang='lat' dir='ltr'><strong>dies</strong></span> <span class='ocrx_word' id='word_1_57' title='bbox 1441 1095 1728 1162; x_wconf 65' lang='lat' dir='ltr'><strong>praecipitis</strong></span> <span class='ocrx_word' id='word_1_58' title='bbox 1763 1097 2069 1151; x_wconf 85' lang='lat' dir='ltr'><strong>habebunt:</strong></span> <span class='ocrx_word' id='word_1_59' title='bbox 2099 1107 2153 1150; x_wconf 89' lang='lat' dir='ltr'><strong>at</strong></span> <span class='ocrx_word' id='word_1_60' title='bbox 2201 1099 2326 1152; x_wconf 90' lang='lat' dir='ltr'><strong>reli-</strong></span> 
     </span>
    </p>
   </div>
   <div class='ocr_carea' id='block_1_13' title="bbox 785 1180 2324 1254">
    <p class='ocr_par' dir='ltr' id='par_1_13' title="bbox 785 1180 2324 1254">
     <span class='ocr_line' id='line_1_13' title="bbox 785 1180 2324 1254; baseline 0.005 -23"><span class='ocrx_word' id='word_1_61' title='bbox 785 1180 880 1246; x_wconf 91' lang='lat' dir='ltr'><strong>qui</strong></span> <span class='ocrx_word' id='word_1_62' title='bbox 929 1180 1110 1233; x_wconf 85' lang='lat' dir='ltr'><strong>decem</strong></span> <span class='ocrx_word' id='word_1_63' title='bbox 1162 1187 1390 1244; x_wconf 82' lang='lat' dir='ltr'><strong>tantum,</strong></span> <span class='ocrx_word' id='word_1_64' title='bbox 1440 1193 1634 1250; x_wconf 66' lang='lat' dir='ltr'><strong>praeter</strong></span> <span class='ocrx_word' id='word_1_65' title='bbox 1685 1183 2178 1253; x_wconf 86' lang='lat' dir='ltr'><strong>Elaphebolionem,</strong></span> <span class='ocrx_word' id='word_1_66' title='bbox 2234 1187 2324 1254; x_wconf 91' lang='lat' dir='ltr'><strong>qui</strong></span> 
     </span>
    </p>
   </div>
   <div class='ocr_carea' id='block_1_14' title="bbox 784 1269 2325 1344">
    <p class='ocr_par' dir='ltr' id='par_1_14' title="bbox 784 1269 2325 1344">
     <span class='ocr_line' id='line_1_14' title="bbox 784 1269 2325 1344; baseline 0.001 -18"><span class='ocrx_word' id='word_1_67' title='bbox 784 1269 1042 1326; x_wconf 81' lang='lat' dir='ltr'><strong>continuo</strong></span> <span class='ocrx_word' id='word_1_68' title='bbox 1075 1271 1308 1324; x_wconf 85' lang='lat' dir='ltr'><strong>triennio</strong></span> <span class='ocrx_word' id='word_1_69' title='bbox 1332 1281 1455 1342; x_wconf 70' lang='lat' dir='ltr'><strong>opto</strong></span> <span class='ocrx_word' id='word_1_70' title='bbox 1488 1274 1725 1336; x_wconf 86' lang='lat' dir='ltr'><strong>habebit,</strong></span> <span class='ocrx_word' id='word_1_71' title='bbox 1753 1291 1942 1330; x_wconf 87' lang='lat' dir='ltr'><strong>novem</strong></span> <span class='ocrx_word' id='word_1_72' title='bbox 1975 1285 2151 1329; x_wconf 89' lang='lat' dir='ltr'><strong>autem</strong></span> <span class='ocrx_word' id='word_1_73' title='bbox 2185 1291 2325 1344; x_wconf 81' lang='lat' dir='ltr'><strong>anno</strong></span> 
     </span>
    </p>
   </div>
   <div class='ocr_carea' id='block_1_15' title="bbox 785 1363 2323 1447">
    <p class='ocr_par' dir='ltr' id='par_1_15' title="bbox 785 1363 2323 1447">
     <span class='ocr_line' id='line_1_15' title="bbox 785 1363 2323 1447; baseline 0.003 -31"><span class='ocrx_word' id='word_1_74' title='bbox 785 1371 999 1432; x_wconf 89' lang='lat' dir='ltr'><strong>quarto.</strong></span> <span class='ocrx_word' id='word_1_75' title='bbox 1037 1364 1108 1416; x_wconf 83' lang='lat' dir='ltr'><strong>At</strong></span> <span class='ocrx_word' id='word_1_76' title='bbox 1141 1365 1187 1418; x_wconf 88' lang='lat' dir='ltr'><strong>si</strong></span> <span class='ocrx_word' id='word_1_77' title='bbox 1221 1363 1344 1432; x_wconf 86' lang='lat' dir='ltr'><strong>quis</strong></span> <span class='ocrx_word' id='word_1_78' title='bbox 1377 1364 1599 1447; x_wconf 63' lang='grc' dir='ltr'>φθίγειν,</span> <span class='ocrx_word' id='word_1_79' title='bbox 1637 1367 1688 1418; x_wconf 89' lang='lat' dir='ltr'><strong>id</strong></span> <span class='ocrx_word' id='word_1_80' title='bbox 1713 1373 1817 1428; x_wconf 86' lang='lat' dir='ltr'><strong>est,</strong></span> <span class='ocrx_word' id='word_1_81' title='bbox 1847 1367 2172 1433; x_wconf 73' lang='lat' dir='ltr'><strong>prwcipitare</strong></span> <span class='ocrx_word' id='word_1_82' title='bbox 2193 1407 2206 1430; x_wconf 86' lang='lat'><strong>,</strong></span> <span class='ocrx_word' id='word_1_83' title='bbox 2227 1382 2323 1420; x_wconf 85' lang='lat' dir='ltr'><strong>seu</strong></span> 
     </span>
    </p>
   </div>
   <div class='ocr_carea' id='block_1_16' title="bbox 786 1453 2322 1530">
    <p class='ocr_par' dir='ltr' id='par_1_16' title="bbox 786 1453 2322 1530">
     <span class='ocr_line' id='line_1_16' title="bbox 786 1453 2322 1530; baseline 0.003 -24"><span class='ocrx_word' id='word_1_84' title='bbox 786 1456 1049 1519; x_wconf 73' lang='lat' dir='ltr'><strong>desinere,</strong></span> <span class='ocrx_word' id='word_1_85' title='bbox 1075 1462 1128 1508; x_wconf 88' lang='lat' dir='ltr'><strong>et</strong></span> <span class='ocrx_word' id='word_1_86' title='bbox 1150 1453 1416 1516; x_wconf 82' lang='grc' dir='ltr'>ἵστασθαι,</span> <span class='ocrx_word' id='word_1_87' title='bbox 1453 1453 1503 1508; x_wconf 88' lang='lat' dir='ltr'><strong>id</strong></span> <span class='ocrx_word' id='word_1_88' title='bbox 1532 1457 1657 1518; x_wconf 83' lang='lat' dir='ltr'><strong>est,</strong></span> <span class='ocrx_word' id='word_1_89' title='bbox 1681 1457 1873 1508; x_wconf 78' lang='lat' dir='ltr'><strong>instare</strong></span> <span class='ocrx_word' id='word_1_90' title='bbox 1903 1456 2014 1530; x_wconf 84' lang='lat' dir='ltr'><strong>sive</strong></span> <span class='ocrx_word' id='word_1_91' title='bbox 2040 1457 2174 1509; x_wconf 88' lang='lat' dir='ltr'><strong>inire</strong></span> <span class='ocrx_word' id='word_1_92' title='bbox 2197 1471 2322 1525; x_wconf 85' lang='lat' dir='ltr'><strong>pro-</strong></span> 
     </span>
    </p>
   </div>
   <div class='ocr_carea' id='block_1_17' title="bbox 785 1542 2323 1613">
    <p class='ocr_par' dir='ltr' id='par_1_17' title="bbox 785 1542 2323 1613">
     <span class='ocr_line' id='line_1_17' title="bbox 785 1542 2323 1613; baseline 0.003 -19"><span class='ocrx_word' id='word_1_93' title='bbox 785 1543 903 1612; x_wconf 86' lang='lat' dir='ltr'><strong>pria</strong></span> <span class='ocrx_word' id='word_1_94' title='bbox 927 1543 1068 1596; x_wconf 63' lang='lat' dir='ltr'><strong>luna;</strong></span> <span class='ocrx_word' id='word_1_95' title='bbox 1099 1558 1220 1598; x_wconf 87' lang='lat' dir='ltr'><strong>esse</strong></span> <span class='ocrx_word' id='word_1_96' title='bbox 1262 1542 1426 1606; x_wconf 87' lang='lat' dir='ltr'><strong>dicat,</strong></span> <span class='ocrx_word' id='word_1_97' title='bbox 1459 1553 1637 1604; x_wconf 84' lang='lat' dir='ltr'><strong>mente</strong></span> <span class='ocrx_word' id='word_1_98' title='bbox 1675 1545 1960 1612; x_wconf 89' lang='lat' dir='ltr'><strong>animoque</strong></span> <span class='ocrx_word' id='word_1_99' title='bbox 1999 1545 2323 1613; x_wconf 89' lang='lat' dir='ltr'><strong>complecta-</strong></span> 
     </span>
    </p>
   </div>
   <div class='ocr_carea' id='block_1_18' title="bbox 787 1633 2326 1702">
    <p class='ocr_par' dir='ltr' id='par_1_18' title="bbox 787 1633 2326 1702">
     <span class='ocr_line' id='line_1_18' title="bbox 787 1633 2326 1702; baseline 0.001 -16"><span class='ocrx_word' id='word_1_100' title='bbox 787 1644 896 1700; x_wconf 88' lang='lat' dir='ltr'><strong>tur,</strong></span> <span class='ocrx_word' id='word_1_101' title='bbox 927 1633 1072 1702; x_wconf 85' lang='lat' dir='ltr'><strong>quod</strong></span> <span class='ocrx_word' id='word_1_102' title='bbox 1101 1634 1154 1686; x_wconf 89' lang='lat' dir='ltr'><strong>in</strong></span> <span class='ocrx_word' id='word_1_103' title='bbox 1187 1633 1306 1688; x_wconf 88' lang='lat' dir='ltr'><strong>aliis</strong></span> <span class='ocrx_word' id='word_1_104' title='bbox 1326 1634 1486 1687; x_wconf 87' lang='lat' dir='ltr'><strong>etiam</strong></span> <span class='ocrx_word' id='word_1_105' title='bbox 1515 1633 1883 1702; x_wconf 89' lang='lat' dir='ltr'><strong>compluribus</strong></span> <span class='ocrx_word' id='word_1_106' title='bbox 1908 1634 2122 1688; x_wconf 84' lang='lat' dir='ltr'><strong>aliunde</strong></span> <span class='ocrx_word' id='word_1_107' title='bbox 2147 1643 2326 1687; x_wconf 86' lang='lat' dir='ltr'><strong>trans—</strong></span> 
     </span>
    </p>
   </div>
   <div class='ocr_carea' id='block_1_19' title="bbox 787 1723 2324 1792">
    <p class='ocr_par' dir='ltr' id='par_1_19' title="bbox 787 1723 2324 1792">
     <span class='ocr_line' id='line_1_19' title="bbox 787 1723 2324 1792; baseline 0 -14"><span class='ocrx_word' id='word_1_108' title='bbox 787 1725 930 1780; x_wconf 87' lang='lat' dir='ltr'><strong>latus</strong></span> <span class='ocrx_word' id='word_1_109' title='bbox 977 1723 1258 1792; x_wconf 82' lang='lat' dir='ltr'><strong>improprii</strong></span> <span class='ocrx_word' id='word_1_110' title='bbox 1304 1724 1572 1778; x_wconf 89' lang='lat' dir='ltr'><strong>sermonis</strong></span> <span class='ocrx_word' id='word_1_111' title='bbox 1621 1738 1750 1778; x_wconf 90' lang='lat' dir='ltr'><strong>usus</strong></span> <span class='ocrx_word' id='word_1_112' title='bbox 1801 1723 1984 1790; x_wconf 78' lang='lat' dir='ltr'><strong>evicit,</strong></span> <span class='ocrx_word' id='word_1_113' title='bbox 2027 1733 2086 1776; x_wconf 86' lang='lat' dir='ltr'><strong>ut</strong></span> <span class='ocrx_word' id='word_1_114' title='bbox 2139 1725 2193 1776; x_wconf 89' lang='lat' dir='ltr'><strong>in</strong></span> <span class='ocrx_word' id='word_1_115' title='bbox 2241 1723 2324 1779; x_wconf 91' lang='lat' dir='ltr'><strong>bis</strong></span> 
     </span>
    </p>
   </div>
   <div class='ocr_carea' id='block_1_20' title="bbox 785 1811 2323 1886">
    <p class='ocr_par' dir='ltr' id='par_1_20' title="bbox 785 1811 2323 1886">
     <span class='ocr_line' id='line_1_20' title="bbox 785 1811 2323 1886; baseline -0.003 -19"><span class='ocrx_word' id='word_1_116' title='bbox 785 1829 1000 1884; x_wconf 79' lang='lat' dir='ltr'><strong>quoque.</strong></span> <span class='ocrx_word' id='word_1_117' title='bbox 1037 1813 1218 1868; x_wconf 79' lang='lat' dir='ltr'><strong>verbis</strong></span> <span class='ocrx_word' id='word_1_118' title='bbox 1251 1811 1549 1882; x_wconf 83' lang='grc' dir='ltr'>χαλκεύειν,</span> <span class='ocrx_word' id='word_1_119' title='bbox 1593 1821 1646 1866; x_wconf 85' lang='lat' dir='ltr'><strong>et</strong></span> <span class='ocrx_word' id='word_1_120' title='bbox 1677 1815 1946 1883; x_wconf 85' lang='grc' dir='ltr'><strong>χορηγεῖν,</strong></span> <span class='ocrx_word' id='word_1_121' title='bbox 1987 1820 2040 1866; x_wconf 81' lang='lat' dir='ltr'><strong>et</strong></span> <span class='ocrx_word' id='word_1_122' title='bbox 2069 1813 2323 1886; x_wconf 87' lang='grc' dir='ltr'>δημιουρ-</span> 
     </span>
    </p>
   </div>
   <div class='ocr_carea' id='block_1_21' title="bbox 2387 642 3944 716">
    <p class='ocr_par' dir='ltr' id='par_1_21' title="bbox 2387 642 3944 716">
     <span class='ocr_line' id='line_1_21' title="bbox 2387 642 3944 716; baseline 0.004 -2"><span class='ocrx_word' id='word_1_123' title='bbox 2387 645 2696 715; x_wconf 77' lang='grc' dir='ltr'>’φθινοντος</span> <span class='ocrx_word' id='word_1_124' title='bbox 2741 647 2980 716; x_wconf 75' lang='grc' dir='ltr'>ἡμέρας·</span> <span class='ocrx_word' id='word_1_125' title='bbox 3007 643 3136 696; x_wconf 82' lang='grc' dir='ltr'>δέκα</span> <span class='ocrx_word' id='word_1_126' title='bbox 3163 643 3218 695; x_wconf 79' lang='grc' dir='ltr'>δὲ</span> <span class='ocrx_word' id='word_1_127' title='bbox 3248 644 3294 694; x_wconf 84' lang='grc' dir='ltr'><strong>οι</strong></span> <span class='ocrx_word' id='word_1_128' title='bbox 3332 643 3526 704; x_wconf 77' lang='grc' dir='ltr'>λοιποι,</span> <span class='ocrx_word' id='word_1_129' title='bbox 3567 643 3703 712; x_wconf 72' lang='grc' dir='ltr'>πλὴν</span> <span class='ocrx_word' id='word_1_130' title='bbox 3745 642 3944 712; x_wconf 72' lang='grc' dir='ltr'><strong>Ἐλαφη-</strong></span> 
     </span>
    </p>
   </div>
   <div class='ocr_carea' id='block_1_22' title="bbox 2426 731 3944 806">
    <p class='ocr_par' dir='ltr' id='par_1_22' title="bbox 2426 731 3944 806">
     <span class='ocr_line' id='line_1_22' title="bbox 2426 731 3944 806; baseline -0.004 -18"><span class='ocrx_word' id='word_1_131' title='bbox 2426 737 2691 798; x_wconf 73' lang='grc' dir='ltr'>ϐολιῶνος.</span> <span class='ocrx_word' id='word_1_132' title='bbox 2723 731 2888 798; x_wconf 66' lang='grc' dir='ltr'>Οὗτος</span> <span class='ocrx_word' id='word_1_133' title='bbox 2914 735 3020 806; x_wconf 82' lang='grc' dir='ltr'>γὰρ</span> <span class='ocrx_word' id='word_1_134' title='bbox 3043 734 3188 788; x_wconf 78' lang='grc' dir='ltr'>ὀκτὼ</span> <span class='ocrx_word' id='word_1_135' title='bbox 3219 735 3313 802; x_wconf 79' lang='grc' dir='ltr'><strong>μὲν</strong></span> <span class='ocrx_word' id='word_1_136' title='bbox 3355 735 3477 802; x_wconf 77' lang='grc' dir='ltr'>ἑξῆς</span> <span class='ocrx_word' id='word_1_137' title='bbox 3509 735 3676 803; x_wconf 79' lang='grc' dir='ltr'>τριῶν</span> <span class='ocrx_word' id='word_1_138' title='bbox 3701 733 3852 792; x_wconf 83' lang='grc' dir='ltr'>ἐτῶν,</span> <span class='ocrx_word' id='word_1_139' title='bbox 3879 736 3944 784; x_wconf 62' lang='grc' dir='ltr'><strong>ὲιι</strong></span> 
     </span>
    </p>
   </div>
   <div class='ocr_carea' id='block_1_23' title="bbox 2424 824 3946 896">
    <p class='ocr_par' dir='ltr' id='par_1_23' title="bbox 2424 824 3946 896">
     <span class='ocr_line' id='line_1_23' title="bbox 2424 824 3946 896; baseline -0.002 -19"><span class='ocrx_word' id='word_1_140' title='bbox 2424 827 2516 878; x_wconf 84' lang='grc' dir='ltr'><strong>νέα</strong></span> <span class='ocrx_word' id='word_1_141' title='bbox 2545 827 2601 880; x_wconf 78' lang='grc' dir='ltr'>δὲ</span> <span class='ocrx_word' id='word_1_142' title='bbox 2627 828 2702 896; x_wconf 85' lang='grc' dir='ltr'><strong>τῷ</strong></span> <span class='ocrx_word' id='word_1_143' title='bbox 2733 827 2986 896; x_wconf 80' lang='grc' dir='ltr'>τετάρτῳ.</span> <span class='ocrx_word' id='word_1_144' title='bbox 3033 825 3137 878; x_wconf 75' lang='grc' dir='ltr'><strong>Καὶ</strong></span> <span class='ocrx_word' id='word_1_145' title='bbox 3169 825 3270 895; x_wconf 82' lang='grc' dir='ltr'><strong>μὴν</strong></span> <span class='ocrx_word' id='word_1_146' title='bbox 3303 824 3355 876; x_wconf 75' lang='grc' dir='ltr'><strong>εἴ</strong></span> <span class='ocrx_word' id='word_1_147' title='bbox 3385 843 3465 887; x_wconf 85' lang='grc' dir='ltr'><strong>τις</strong></span> <span class='ocrx_word' id='word_1_148' title='bbox 3506 826 3566 876; x_wconf 81' lang='grc' dir='ltr'><strong>τὸ</strong></span> <span class='ocrx_word' id='word_1_149' title='bbox 3611 825 3836 892; x_wconf 73' lang='grc' dir='ltr'>φθίνειν,</span> <span class='ocrx_word' id='word_1_150' title='bbox 3873 826 3946 875; x_wconf 73' lang='grc' dir='ltr'><strong>καὶ</strong></span> 
     </span>
    </p>
   </div>
   <div class='ocr_carea' id='block_1_24' title="bbox 2426 901 3944 985">
    <p class='ocr_par' dir='ltr' id='par_1_24' title="bbox 2426 914 3944 985">
     <span class='ocr_line' id='line_1_24' title="bbox 2426 914 3944 985; baseline -0.002 -18"><span class='ocrx_word' id='word_1_151' title='bbox 2426 917 2670 970; x_wconf 70' lang='grc' dir='ltr'>ἵστασθαι</span> <span class='ocrx_word' id='word_1_152' title='bbox 2695 918 2821 970; x_wconf 73' lang='grc' dir='ltr'>ἴδιον</span> <span class='ocrx_word' id='word_1_153' title='bbox 2846 914 2982 968; x_wconf 77' lang='grc' dir='ltr'>εἶναι</span> <span class='ocrx_word' id='word_1_154' title='bbox 3008 915 3152 982; x_wconf 88' lang='grc' dir='ltr'>λέγοι</span> <span class='ocrx_word' id='word_1_155' title='bbox 3185 915 3804 985; x_wconf 34' lang='grc' dir='ltr'>σελήνης,,ὲνθυμείσθω,</span> <span class='ocrx_word' id='word_1_156' title='bbox 3833 915 3944 965; x_wconf 70' lang='grc' dir='ltr'>διότι</span> 
     </span>
    </p>
   </div>
   <div class='ocr_carea' id='block_1_25' title="bbox 2425 1005 3942 1078">
    <p class='ocr_par' dir='ltr' id='par_1_25' title="bbox 2425 1005 3942 1078">
     <span class='ocr_line' id='line_1_25' title="bbox 2425 1005 3942 1078; baseline -0.002 -20"><span class='ocrx_word' id='word_1_157' title='bbox 2425 1009 2515 1058; x_wconf 85' lang='grc' dir='ltr'><strong>καὶ</strong></span> <span class='ocrx_word' id='word_1_158' title='bbox 2545 1009 2629 1059; x_wconf 85' lang='grc' dir='ltr'><strong>ἐπ’</strong></span> <span class='ocrx_word' id='word_1_159' title='bbox 2647 1008 2814 1061; x_wconf 83' lang='grc' dir='ltr'>ἄλλων</span> <span class='ocrx_word' id='word_1_160' title='bbox 2833 1007 3036 1060; x_wconf 82' lang='grc' dir='ltr'>πολλῶν</span> <span class='ocrx_word' id='word_1_161' title='bbox 3052 1009 3242 1078; x_wconf 83' lang='grc' dir='ltr'>χρῆσις</span> <span class='ocrx_word' id='word_1_162' title='bbox 3259 1009 3350 1060; x_wconf 80' lang='grc' dir='ltr'><strong>ἀπ’</strong></span> <span class='ocrx_word' id='word_1_163' title='bbox 3373 1006 3540 1059; x_wconf 74' lang='grc' dir='ltr'>ἄλλων</span> <span class='ocrx_word' id='word_1_164' title='bbox 3567 1005 3942 1076; x_wconf 58' lang='grc' dir='ltr'>μεταλητθεῐσι</span> 
     </span>
    </p>
   </div>
   <div class='ocr_carea' id='block_1_26' title="bbox 2425 1093 3943 1167">
    <p class='ocr_par' dir='ltr' id='par_1_26' title="bbox 2425 1093 3943 1167">
     <span class='ocr_line' id='line_1_26' title="bbox 2425 1093 3943 1167; baseline 0 -19"><span class='ocrx_word' id='word_1_165' title='bbox 2425 1097 2758 1165; x_wconf 76' lang='grc' dir='ltr'>κεκράτηκεν</span> <span class='ocrx_word' id='word_1_166' title='bbox 2803 1098 3126 1167; x_wconf 83' lang='grc' dir='ltr'>ἀκυρὸλογος</span> <span class='ocrx_word' id='word_1_167' title='bbox 3144 1114 3157 1126; x_wconf 93' lang='grc'>·</span> <span class='ocrx_word' id='word_1_168' title='bbox 3193 1093 3300 1150; x_wconf 68' lang='grc' dir='ltr'>οἷον</span> <span class='ocrx_word' id='word_1_169' title='bbox 3341 1099 3433 1150; x_wconf 76' lang='grc' dir='ltr'><strong>καὶ</strong></span> <span class='ocrx_word' id='word_1_170' title='bbox 3461 1097 3520 1148; x_wconf 76' lang='grc' dir='ltr'>τὸ</span> <span class='ocrx_word' id='word_1_171' title='bbox 3547 1095 3844 1165; x_wconf 76' lang='grc' dir='ltr'><strong>χαλκεύειν,</strong></span> <span class='ocrx_word' id='word_1_172' title='bbox 3871 1097 3943 1148; x_wconf 69' lang='grc' dir='ltr'><strong>καὶ</strong></span> 
     </span>
    </p>
   </div>
   <div class='ocr_carea' id='block_1_27' title="bbox 2425 1185 3944 1258">
    <p class='ocr_par' dir='ltr' id='par_1_27' title="bbox 2425 1185 3944 1258">
     <span class='ocr_line' id='line_1_27' title="bbox 2425 1185 3944 1258; baseline 0.001 -23"><span class='ocrx_word' id='word_1_173' title='bbox 2425 1189 2694 1254; x_wconf 77' lang='grc' dir='ltr'>χορηγεῖν,</span> <span class='ocrx_word' id='word_1_174' title='bbox 2730 1187 2821 1238; x_wconf 79' lang='grc' dir='ltr'><strong>καὶ</strong></span> <span class='ocrx_word' id='word_1_175' title='bbox 2865 1187 3230 1258; x_wconf 80' lang='grc' dir='ltr'>δημιουργεῖν.</span> <span class='ocrx_word' id='word_1_176' title='bbox 3277 1185 3596 1255; x_wconf 73' lang='grc' dir='ltr'>Ὦνομὰζετο</span> <span class='ocrx_word' id='word_1_177' title='bbox 3626 1185 3680 1236; x_wconf 85' lang='grc' dir='ltr'><strong>δέ</strong></span> <span class='ocrx_word' id='word_1_178' title='bbox 3715 1201 3838 1236; x_wconf 81' lang='grc' dir='ltr'>ποτε</span> <span class='ocrx_word' id='word_1_179' title='bbox 3873 1187 3944 1237; x_wconf 74' lang='grc' dir='ltr'>καὶ</span> 
     </span>
    </p>
   </div>
   <div class='ocr_carea' id='block_1_28' title="bbox 2426 1275 3944 1348">
    <p class='ocr_par' dir='ltr' id='par_1_28' title="bbox 2426 1275 3944 1348">
     <span class='ocr_line' id='line_1_28' title="bbox 2426 1275 3944 1348; baseline 0 -22"><span class='ocrx_word' id='word_1_180' title='bbox 2426 1275 2616 1344; x_wconf 72' lang='grc' dir='ltr'>βυϐλία</span> <span class='ocrx_word' id='word_1_181' title='bbox 2637 1276 2813 1345; x_wconf 91' lang='grc' dir='ltr'>μόνον,</span> <span class='ocrx_word' id='word_1_182' title='bbox 2836 1277 2902 1329; x_wconf 77' lang='grc' dir='ltr'>τὰ</span> <span class='ocrx_word' id='word_1_183' title='bbox 2929 1280 2992 1330; x_wconf 82' lang='grc' dir='ltr'>ἐκ</span> <span class='ocrx_word' id='word_1_184' title='bbox 3021 1281 3118 1348; x_wconf 81' lang='grc' dir='ltr'>τῆς</span> <span class='ocrx_word' id='word_1_185' title='bbox 3145 1277 3334 1346; x_wconf 75' lang='grc' dir='ltr'>βύϐλου</span> <span class='ocrx_word' id='word_1_186' title='bbox 3353 1279 3451 1347; x_wconf 80' lang='grc' dir='ltr'>τῆς</span> <span class='ocrx_word' id='word_1_187' title='bbox 3477 1280 3533 1329; x_wconf 81' lang='grc' dir='ltr'>ἐν</span> <span class='ocrx_word' id='word_1_188' title='bbox 3561 1275 3814 1343; x_wconf 73' lang='grc' dir='ltr'><strong>Αἰγύπτῳ</strong></span> <span class='ocrx_word' id='word_1_189' title='bbox 3839 1293 3944 1342; x_wconf 74' lang='grc' dir='ltr'>φυο-</span> 
     </span>
    </p>
   </div>
   <div class='ocr_carea' id='block_1_29' title="bbox 2426 1365 3942 1437">
    <p class='ocr_par' dir='ltr' id='par_1_29' title="bbox 2426 1365 3942 1437">
     <span class='ocr_line' id='line_1_29' title="bbox 2426 1365 3942 1437; baseline -0.001 -19"><span class='ocrx_word' id='word_1_190' title='bbox 2426 1367 2590 1435; x_wconf 87' lang='grc' dir='ltr'>μένης</span> <span class='ocrx_word' id='word_1_191' title='bbox 2623 1367 2871 1437; x_wconf 86' lang='grc' dir='ltr'>παπύρου</span> <span class='ocrx_word' id='word_1_192' title='bbox 2899 1368 3172 1437; x_wconf 85' lang='grc' dir='ltr'>γινόμενα.</span> <span class='ocrx_word' id='word_1_193' title='bbox 3223 1367 3334 1420; x_wconf 77' lang='grc' dir='ltr'>Νῦν</span> <span class='ocrx_word' id='word_1_194' title='bbox 3365 1368 3421 1420; x_wconf 80' lang='grc' dir='ltr'>δὲ</span> <span class='ocrx_word' id='word_1_195' title='bbox 3454 1385 3548 1420; x_wconf 83' lang='grc' dir='ltr'><strong>και</strong></span> <span class='ocrx_word' id='word_1_196' title='bbox 3594 1366 3660 1419; x_wconf 68' lang='grc' dir='ltr'>τὰ</span> <span class='ocrx_word' id='word_1_197' title='bbox 3712 1368 3776 1418; x_wconf 82' lang='grc' dir='ltr'>ὲκ</span> <span class='ocrx_word' id='word_1_198' title='bbox 3817 1365 3942 1417; x_wconf 72' lang='grc' dir='ltr'>λίνου</span> 
     </span>
    </p>
   </div>
   <div class='ocr_carea' id='block_1_30' title="bbox 2425 1453 3944 1528">
    <p class='ocr_par' dir='ltr' id='par_1_30' title="bbox 2425 1453 3944 1528">
     <span class='ocr_line' id='line_1_30' title="bbox 2425 1453 3944 1528; baseline -0.001 -20"><span class='ocrx_word' id='word_1_199' title='bbox 2425 1456 2620 1526; x_wconf 74' lang='grc' dir='ltr'>ῥάκους</span> <span class='ocrx_word' id='word_1_200' title='bbox 2661 1457 3130 1526; x_wconf 72' lang='grc' dir='ltr'>κατεργασθέντος,</span> <span class='ocrx_word' id='word_1_201' title='bbox 3155 1457 3432 1528; x_wconf 81' lang='grc' dir='ltr'>πιλήματα</span> <span class='ocrx_word' id='word_1_202' title='bbox 3471 1456 3738 1522; x_wconf 74' lang='grc' dir='ltr'>διάκολλα,</span> <span class='ocrx_word' id='word_1_203' title='bbox 3781 1459 3838 1508; x_wconf 83' lang='grc' dir='ltr'>ἐν</span> <span class='ocrx_word' id='word_1_204' title='bbox 3879 1453 3944 1518; x_wconf 79' lang='grc' dir='ltr'><strong>οἷς</strong></span> 
     </span>
    </p>
   </div>
   <div class='ocr_carea' id='block_1_31' title="bbox 2422 1547 3943 1618">
    <p class='ocr_par' dir='ltr' id='par_1_31' title="bbox 2422 1547 3943 1618">
     <span class='ocr_line' id='line_1_31' title="bbox 2422 1547 3943 1618; baseline 0 -20"><span class='ocrx_word' id='word_1_205' title='bbox 2422 1547 2720 1616; x_wconf 62' lang='grc' dir='ltr'>γράφομεν,</span> <span class='ocrx_word' id='word_1_206' title='bbox 2753 1547 2987 1618; x_wconf 73' lang='grc' dir='ltr'>τοῦνομα</span> <span class='ocrx_word' id='word_1_207' title='bbox 3019 1548 3129 1617; x_wconf 79' lang='grc' dir='ltr'>ἔχει</span> <span class='ocrx_word' id='word_1_208' title='bbox 3151 1548 3323 1600; x_wconf 86' lang='grc' dir='ltr'>τοῦτο.</span> <span class='ocrx_word' id='word_1_209' title='bbox 3349 1549 3456 1600; x_wconf 78' lang='grc' dir='ltr'>Καὶ</span> <span class='ocrx_word' id='word_1_210' title='bbox 3487 1549 3708 1618; x_wconf 74' lang='grc' dir='ltr'>σχοινίον</span> <span class='ocrx_word' id='word_1_211' title='bbox 3735 1547 3943 1615; x_wconf 76' lang='grc' dir='ltr'>πρόσθεν</span> 
     </span>
    </p>
   </div>
   <div class='ocr_carea' id='block_1_32' title="bbox 2420 1638 3942 1707">
    <p class='ocr_par' dir='ltr' id='par_1_32' title="bbox 2420 1638 3942 1707">
     <span class='ocr_line' id='line_1_32' title="bbox 2420 1638 3942 1707; baseline 0.001 -18"><span class='ocrx_word' id='word_1_212' title='bbox 2420 1638 2574 1690; x_wconf 53' lang='grc' dir='ltr'>τὸέκ</span> <span class='ocrx_word' id='word_1_213' title='bbox 2608 1640 2815 1707; x_wconf 85' lang='grc' dir='ltr'>σχοίνου</span> <span class='ocrx_word' id='word_1_214' title='bbox 2863 1638 2969 1692; x_wconf 85' lang='grc' dir='ltr'><strong>τῶν</strong></span> <span class='ocrx_word' id='word_1_215' title='bbox 3011 1639 3194 1692; x_wconf 79' lang='grc' dir='ltr'>ἑλείων</span> <span class='ocrx_word' id='word_1_216' title='bbox 3231 1639 3426 1706; x_wconf 58' lang='grc' dir='ltr'>φυτοῦὲ</span> <span class='ocrx_word' id='word_1_217' title='bbox 3469 1639 3560 1690; x_wconf 90' lang='grc' dir='ltr'><strong>νῦν</strong></span> <span class='ocrx_word' id='word_1_218' title='bbox 3599 1639 3656 1690; x_wconf 81' lang='grc' dir='ltr'>δὲ</span> <span class='ocrx_word' id='word_1_219' title='bbox 3689 1639 3780 1690; x_wconf 80' lang='grc' dir='ltr'><strong>καὶ</strong></span> <span class='ocrx_word' id='word_1_220' title='bbox 3809 1638 3868 1690; x_wconf 79' lang='grc' dir='ltr'>τὺ</span> <span class='ocrx_word' id='word_1_221' title='bbox 3891 1639 3942 1690; x_wconf 83' lang='grc' dir='ltr'>ὲκ</span> 
     </span>
    </p>
   </div>
   <div class='ocr_carea' id='block_1_33' title="bbox 2421 1726 3942 1800">
    <p class='ocr_par' dir='ltr' id='par_1_33' title="bbox 2421 1726 3942 1800">
     <span class='ocr_line' id='line_1_33' title="bbox 2421 1726 3942 1800; baseline -0.001 -21"><span class='ocrx_word' id='word_1_222' title='bbox 2421 1726 2562 1780; x_wconf 85' lang='grc' dir='ltr'>λίνου</span> <span class='ocrx_word' id='word_1_223' title='bbox 2594 1729 2686 1780; x_wconf 81' lang='grc' dir='ltr'><strong>καὶ</strong></span> <span class='ocrx_word' id='word_1_224' title='bbox 2717 1727 2874 1798; x_wconf 80' lang='grc' dir='ltr'>ἐρίων</span> <span class='ocrx_word' id='word_1_225' title='bbox 2909 1729 3042 1798; x_wconf 75' lang='grc' dir='ltr'>πρὸς</span> <span class='ocrx_word' id='word_1_226' title='bbox 3069 1727 3165 1799; x_wconf 78' lang='grc' dir='ltr'>τὴν</span> <span class='ocrx_word' id='word_1_227' title='bbox 3203 1729 3370 1800; x_wconf 81' lang='grc' dir='ltr'>αὐτὴν</span> <span class='ocrx_word' id='word_1_228' title='bbox 3407 1729 3594 1798; x_wconf 77' lang='grc' dir='ltr'>χρείαν</span> <span class='ocrx_word' id='word_1_229' title='bbox 3635 1727 3942 1796; x_wconf 67' lang='grc' dir='ltr'>κλωθόμενον</span> 
     </span>
    </p>
   </div>
   <div class='ocr_carea' id='block_1_34' title="bbox 2424 1815 3942 1889">
    <p class='ocr_par' dir='ltr' id='par_1_34' title="bbox 2424 1815 3942 1889">
     <span class='ocr_line' id='line_1_34' title="bbox 2424 1815 3942 1889; baseline 0.001 -21"><span class='ocrx_word' id='word_1_230' title='bbox 2424 1817 2647 1886; x_wconf 87' lang='grc' dir='ltr'>σχοινίον</span> <span class='ocrx_word' id='word_1_231' title='bbox 2671 1815 3148 1889; x_wconf 79' lang='grc' dir='ltr'>προσαγορεύεται.</span> <span class='ocrx_word' id='word_1_232' title='bbox 3171 1819 3280 1871; x_wconf 75' lang='grc' dir='ltr'><strong>Καὶ</strong></span> <span class='ocrx_word' id='word_1_233' title='bbox 3303 1815 3560 1888; x_wconf 73' lang='grc' dir='ltr'>αὐθέντης</span> <span class='ocrx_word' id='word_1_234' title='bbox 3581 1815 3638 1869; x_wconf 80' lang='grc' dir='ltr'>δὲ</span> <span class='ocrx_word' id='word_1_235' title='bbox 3663 1819 3691 1869; x_wconf 86' lang='grc' dir='ltr'>ὁ</span> <span class='ocrx_word' id='word_1_236' title='bbox 3715 1819 3942 1887; x_wconf 74' lang='grc' dir='ltr'>αὐτόχειρ</span> 
     </span>
    </p>
   </div>
   <div class='ocr_carea' id='block_1_35' title="bbox 785 1895 2324 1976">
    <p class='ocr_par' dir='ltr' id='par_1_35' title="bbox 785 1901 2320 1974">
     <span class='ocr_line' id='line_1_35' title="bbox 785 1901 2320 1974; baseline -0.002 -16"><span class='ocrx_word' id='word_1_237' title='bbox 785 1908 919 1974; x_wconf 87' lang='grc' dir='ltr'>γεῖν,</span> <span class='ocrx_word' id='word_1_238' title='bbox 957 1903 1012 1957; x_wconf 87' lang='lat' dir='ltr'><strong>id</strong></span> <span class='ocrx_word' id='word_1_239' title='bbox 1043 1911 1147 1964; x_wconf 80' lang='lat' dir='ltr'><strong>est,</strong></span> <span class='ocrx_word' id='word_1_240' title='bbox 1173 1905 1388 1966; x_wconf 80' lang='lat' dir='ltr'><strong>cudere,</strong></span> <span class='ocrx_word' id='word_1_241' title='bbox 1421 1903 1768 1970; x_wconf 72' lang='lat' dir='ltr'><strong>suppeditare,</strong></span> <span class='ocrx_word' id='word_1_242' title='bbox 1807 1918 2096 1969; x_wconf 77' lang='lat' dir='ltr'><strong>procreare.</strong></span> <span class='ocrx_word' id='word_1_243' title='bbox 2139 1901 2320 1970; x_wconf 79' lang='lat' dir='ltr'><strong>Quon-</strong></span> 
     </span>
    </p>
   </div>
   <div class='ocr_carea' id='block_1_36' title="bbox 2387 1895 3940 1976">
    <p class='ocr_par' dir='ltr' id='par_1_36' title="bbox 2387 1901 3940 1976">
     <span class='ocr_line' id='line_1_36' title="bbox 2387 1901 3940 1976; baseline -0.001 -18"><span class='ocrx_word' id='word_1_244' title='bbox 2387 1902 2393 1945; x_wconf 64' lang='grc' dir='ltr'><strong>ί</strong></span> <span class='ocrx_word' id='word_1_245' title='bbox 2423 1908 2578 1976; x_wconf 88' lang='grc' dir='ltr'>μόνον</span> <span class='ocrx_word' id='word_1_246' title='bbox 2604 1907 2816 1974; x_wconf 85' lang='grc' dir='ltr'>ὲλέγετο</span> <span class='ocrx_word' id='word_1_247' title='bbox 2847 1908 3030 1962; x_wconf 83' lang='grc' dir='ltr'>πάλαι.</span> <span class='ocrx_word' id='word_1_248' title='bbox 3057 1901 3168 1960; x_wconf 83' lang='grc' dir='ltr'>Νῦν</span> <span class='ocrx_word' id='word_1_249' title='bbox 3199 1907 3256 1960; x_wconf 81' lang='grc' dir='ltr'>δὲ</span> <span class='ocrx_word' id='word_1_250' title='bbox 3285 1909 3376 1960; x_wconf 76' lang='grc' dir='ltr'><strong>κάὶ</strong></span> <span class='ocrx_word' id='word_1_251' title='bbox 3401 1905 3643 1968; x_wconf 81' lang='grc' dir='ltr'>ὁστισοῦν</span> <span class='ocrx_word' id='word_1_252' title='bbox 3668 1908 3851 1970; x_wconf 80' lang='grc' dir='ltr'>αἴτιος,</span> <span class='ocrx_word' id='word_1_253' title='bbox 3867 1909 3940 1957; x_wconf 72' lang='grc' dir='ltr'><strong>καὶ</strong></span> 
     </span>
    </p>
   </div>
   <div class='ocr_carea' id='block_1_37' title="bbox 785 1991 2319 2062">
    <p class='ocr_par' dir='ltr' id='par_1_37' title="bbox 785 1991 2319 2062">
     <span class='ocr_line' id='line_1_37' title="bbox 785 1991 2319 2062; baseline -0.002 -13"><span class='ocrx_word' id='word_1_254' title='bbox 785 1997 909 2050; x_wconf 87' lang='lat' dir='ltr'><strong>dam</strong></span> <span class='ocrx_word' id='word_1_255' title='bbox 956 1995 1114 2048; x_wconf 88' lang='lat' dir='ltr'><strong>etiam</strong></span> <span class='ocrx_word' id='word_1_256' title='bbox 1147 1992 1332 2062; x_wconf 78' lang='grc' dir='ltr'>βυϐλία</span> <span class='ocrx_word' id='word_1_257' title='bbox 1380 1995 1554 2047; x_wconf 89' lang='lat' dir='ltr'><strong>solum</strong></span> <span class='ocrx_word' id='word_1_258' title='bbox 1601 1991 1938 2056; x_wconf 77' lang='lat' dir='ltr'><strong>dicebantur,</strong></span> <span class='ocrx_word' id='word_1_259' title='bbox 1981 2009 2100 2062; x_wconf 75' lang='lat' dir='ltr'><strong>qme</strong></span> <span class='ocrx_word' id='word_1_260' title='bbox 2133 1993 2319 2047; x_wconf 82' lang='lat' dir='ltr'><strong>tierent</strong></span> 
     </span>
    </p>
   </div>
   <div class='ocr_carea' id='block_1_38' title="bbox 786 2084 2319 2156">
    <p class='ocr_par' dir='ltr' id='par_1_38' title="bbox 786 2084 2319 2156">
     <span class='ocr_line' id='line_1_38' title="bbox 786 2084 2319 2156; baseline -0.003 -13"><span class='ocrx_word' id='word_1_261' title='bbox 786 2102 850 2143; x_wconf 81' lang='lat' dir='ltr'><strong>ex</strong></span> <span class='ocrx_word' id='word_1_262' title='bbox 877 2087 1042 2156; x_wconf 91' lang='lat' dir='ltr'><strong>junco</strong></span> <span class='ocrx_word' id='word_1_263' title='bbox 1073 2100 1292 2155; x_wconf 79' lang='lat' dir='ltr'><strong>papyro,</strong></span> <span class='ocrx_word' id='word_1_264' title='bbox 1321 2101 1440 2154; x_wconf 76' lang='lat' dir='ltr'><strong>qua:</strong></span> <span class='ocrx_word' id='word_1_265' title='bbox 1475 2086 1526 2138; x_wconf 92' lang='lat' dir='ltr'><strong>in</strong></span> <span class='ocrx_word' id='word_1_266' title='bbox 1555 2085 1784 2154; x_wconf 64' lang='lat' dir='ltr'><strong>Egypto</strong></span> <span class='ocrx_word' id='word_1_267' title='bbox 1807 2085 2138 2154; x_wconf 78' lang='lat' dir='ltr'><strong>producitur.</strong></span> <span class='ocrx_word' id='word_1_268' title='bbox 2166 2084 2319 2138; x_wconf 84' lang='lat' dir='ltr'><strong>Nunc</strong></span> 
     </span>
    </p>
   </div>
   <div class='ocr_carea' id='block_1_39' title="bbox 787 2176 2318 2243">
    <p class='ocr_par' dir='ltr' id='par_1_39' title="bbox 787 2176 2318 2243">
     <span class='ocr_line' id='line_1_39' title="bbox 787 2176 2318 2243; baseline 0.001 -15"><span class='ocrx_word' id='word_1_269' title='bbox 787 2193 916 2230; x_wconf 83' lang='lat' dir='ltr'><strong>vero</strong></span> <span class='ocrx_word' id='word_1_270' title='bbox 967 2191 1030 2230; x_wconf 84' lang='lat' dir='ltr'><strong>ex</strong></span> <span class='ocrx_word' id='word_1_271' title='bbox 1073 2176 1166 2227; x_wconf 90' lang='lat' dir='ltr'><strong>lini</strong></span> <span class='ocrx_word' id='word_1_272' title='bbox 1215 2176 1516 2243; x_wconf 88' lang='lat' dir='ltr'><strong>panniculis</strong></span> <span class='ocrx_word' id='word_1_273' title='bbox 1561 2185 1614 2230; x_wconf 81' lang='lat' dir='ltr'><strong>et</strong></span> <span class='ocrx_word' id='word_1_274' title='bbox 1665 2176 2003 2229; x_wconf 86' lang='lat' dir='ltr'><strong>Iintcolorum</strong></span> <span class='ocrx_word' id='word_1_275' title='bbox 2061 2176 2318 2230; x_wconf 85' lang='lat' dir='ltr'><strong>rameulis</strong></span> 
     </span>
    </p>
   </div>
   <div class='ocr_carea' id='block_1_40' title="bbox 698 2266 2320 2335">
    <p class='ocr_par' dir='ltr' id='par_1_40' title="bbox 698 2266 2320 2335">
     <span class='ocr_line' id='line_1_40' title="bbox 698 2266 2320 2335; baseline -0.001 -13"><span class='ocrx_word' id='word_1_276' title='bbox 698 2319 701 2322; x_wconf 88' lang='lat'><strong>.</strong></span> <span class='ocrx_word' id='word_1_277' title='bbox 787 2267 958 2322; x_wconf 70' lang='lat' dir='ltr'><strong>versis</strong></span> <span class='ocrx_word' id='word_1_278' title='bbox 989 2268 1042 2318; x_wconf 89' lang='lat' dir='ltr'><strong>in</strong></span> <span class='ocrx_word' id='word_1_279' title='bbox 1070 2266 1362 2335; x_wconf 79' lang='lat' dir='ltr'><strong>Opificiutn,</strong></span> <span class='ocrx_word' id='word_1_280' title='bbox 1389 2267 1704 2334; x_wconf 66' lang='lat' dir='ltr'><strong>constipata:</strong></span> <span class='ocrx_word' id='word_1_281' title='bbox 1743 2267 1942 2320; x_wconf 71' lang='lat' dir='ltr'><strong>chattze</strong></span> <span class='ocrx_word' id='word_1_282' title='bbox 1973 2267 2238 2335; x_wconf 67' lang='lat' dir='ltr'><strong>quaedam,</strong></span> <span class='ocrx_word' id='word_1_283' title='bbox 2267 2274 2320 2320; x_wconf 86' lang='lat' dir='ltr'><strong>et</strong></span> 
     </span>
    </p>
   </div>
   <div class='ocr_carea' id='block_1_41' title="bbox 789 2355 2320 2426">
    <p class='ocr_par' dir='ltr' id='par_1_41' title="bbox 789 2355 2320 2426">
     <span class='ocr_line' id='line_1_41' title="bbox 789 2355 2320 2426; baseline -0.003 -14"><span class='ocrx_word' id='word_1_284' title='bbox 789 2357 1167 2426; x_wconf 71' lang='lat' dir='ltr'><strong>conglutinata:</strong></span> <span class='ocrx_word' id='word_1_285' title='bbox 1197 2355 1268 2426; x_wconf 89' lang='lat' dir='ltr'><strong>(in</strong></span> <span class='ocrx_word' id='word_1_286' title='bbox 1297 2356 1494 2424; x_wconf 81' lang='lat' dir='ltr'><strong>quibus</strong></span> <span class='ocrx_word' id='word_1_287' title='bbox 1519 2357 1826 2423; x_wconf 85' lang='lat' dir='ltr'><strong>scribimus)</strong></span> <span class='ocrx_word' id='word_1_288' title='bbox 1863 2356 1912 2408; x_wconf 85' lang='lat' dir='ltr'><strong>id</strong></span> <span class='ocrx_word' id='word_1_289' title='bbox 1943 2357 2174 2410; x_wconf 88' lang='lat' dir='ltr'><strong>nominis</strong></span> <span class='ocrx_word' id='word_1_290' title='bbox 2203 2371 2320 2410; x_wconf 83' lang='lat' dir='ltr'><strong>sor-</strong></span> 
     </span>
    </p>
   </div>
   <div class='ocr_carea' id='block_1_42' title="bbox 792 2445 2320 2514">
    <p class='ocr_par' dir='ltr' id='par_1_42' title="bbox 792 2445 2320 2514">
     <span class='ocr_line' id='line_1_42' title="bbox 792 2445 2320 2514; baseline -0.002 -14"><span class='ocrx_word' id='word_1_291' title='bbox 792 2451 900 2501; x_wconf 74' lang='lat' dir='ltr'><strong>lita:</strong></span> <span class='ocrx_word' id='word_1_292' title='bbox 939 2454 1083 2501; x_wconf 86' lang='lat' dir='ltr'><strong>sunt.</strong></span> <span class='ocrx_word' id='word_1_293' title='bbox 1117 2445 1182 2498; x_wconf 85' lang='lat' dir='ltr'><strong>Et</strong></span> <span class='ocrx_word' id='word_1_294' title='bbox 1213 2446 1451 2514; x_wconf 79' lang='grc' dir='ltr'>σχοινίον,</span> <span class='ocrx_word' id='word_1_295' title='bbox 1487 2446 1614 2498; x_wconf 91' lang='lat' dir='ltr'><strong>olim</strong></span> <span class='ocrx_word' id='word_1_296' title='bbox 1649 2445 1792 2500; x_wconf 76' lang='lat' dir='ltr'><strong>luitis</strong></span> <span class='ocrx_word' id='word_1_297' title='bbox 1821 2458 1958 2509; x_wconf 82' lang='lat' dir='ltr'><strong>erat,</strong></span> <span class='ocrx_word' id='word_1_298' title='bbox 2002 2461 2064 2500; x_wconf 79' lang='lat' dir='ltr'><strong>ex</strong></span> <span class='ocrx_word' id='word_1_299' title='bbox 2098 2445 2320 2499; x_wconf 71' lang='lat' dir='ltr'><strong>schmno</strong></span> 
     </span>
    </p>
   </div>
   <div class='ocr_carea' id='block_1_43' title="bbox 787 2535 2317 2608">
    <p class='ocr_par' dir='ltr' id='par_1_43' title="bbox 787 2535 2317 2608">
     <span class='ocr_line' id='line_1_43' title="bbox 787 2535 2317 2608; baseline -0.003 -17"><span class='ocrx_word' id='word_1_300' title='bbox 787 2541 957 2608; x_wconf 89' lang='lat' dir='ltr'><strong>junco</strong></span> <span class='ocrx_word' id='word_1_301' title='bbox 987 2540 1128 2605; x_wconf 72' lang='lat' dir='ltr'><strong>(qua:</strong></span> <span class='ocrx_word' id='word_1_302' title='bbox 1178 2551 1240 2590; x_wconf 82' lang='lat' dir='ltr'><strong>ex</strong></span> <span class='ocrx_word' id='word_1_303' title='bbox 1277 2537 1605 2605; x_wconf 78' lang='lat' dir='ltr'><strong>palustribus</strong></span> <span class='ocrx_word' id='word_1_304' title='bbox 1655 2537 1834 2604; x_wconf 83' lang='lat' dir='ltr'><strong>planta</strong></span> <span class='ocrx_word' id='word_1_305' title='bbox 1875 2535 1977 2605; x_wconf 87' lang='lat' dir='ltr'><strong>est)</strong></span> <span class='ocrx_word' id='word_1_306' title='bbox 2020 2535 2317 2599; x_wconf 79' lang='lat' dir='ltr'><strong>confectus,</strong></span> 
     </span>
    </p>
   </div>
   <div class='ocr_carea' id='block_1_44' title="bbox 787 2626 2324 2706">
    <p class='ocr_par' dir='ltr' id='par_1_44' title="bbox 787 2626 2324 2706">
     <span class='ocr_line' id='line_1_44' title="bbox 787 2626 2324 2706; baseline -0.005 -24"><span class='ocrx_word' id='word_1_307' title='bbox 787 2629 881 2682; x_wconf 78' lang='lat' dir='ltr'><strong>sed</strong></span> <span class='ocrx_word' id='word_1_308' title='bbox 909 2641 1052 2680; x_wconf 88' lang='lat' dir='ltr'><strong>nunc</strong></span> <span class='ocrx_word' id='word_1_309' title='bbox 1080 2642 1142 2680; x_wconf 79' lang='lat' dir='ltr'><strong>ex</strong></span> <span class='ocrx_word' id='word_1_310' title='bbox 1174 2627 1281 2680; x_wconf 91' lang='lat' dir='ltr'><strong>Iino</strong></span> <span class='ocrx_word' id='word_1_311' title='bbox 1315 2635 1366 2680; x_wconf 88' lang='lat' dir='ltr'><strong>et</strong></span> <span class='ocrx_word' id='word_1_312' title='bbox 1397 2627 1535 2682; x_wconf 83' lang='lat' dir='ltr'><strong>lanis</strong></span> <span class='ocrx_word' id='word_1_313' title='bbox 1577 2626 1628 2680; x_wconf 93' lang='lat' dir='ltr'><strong>in</strong></span> <span class='ocrx_word' id='word_1_314' title='bbox 1655 2627 1900 2706; x_wconf 78' lang='lat' dir='ltr'><strong>eumdem</strong></span> <span class='ocrx_word' id='word_1_315' title='bbox 1931 2642 2084 2681; x_wconf 83' lang='lat' dir='ltr'><strong>usum</strong></span> <span class='ocrx_word' id='word_1_316' title='bbox 2116 2641 2324 2681; x_wconf 77' lang='lat' dir='ltr'><strong>convo-.</strong></span> 
     </span>
    </p>
   </div>
   <div class='ocr_carea' id='block_1_45' title="bbox 787 2717 2319 2788">
    <p class='ocr_par' dir='ltr' id='par_1_45' title="bbox 787 2717 2319 2788">
     <span class='ocr_line' id='line_1_45' title="bbox 787 2717 2319 2788; baseline -0.001 -14"><span class='ocrx_word' id='word_1_317' title='bbox 787 2717 934 2775; x_wconf 86' lang='lat' dir='ltr'><strong>lutus</strong></span> <span class='ocrx_word' id='word_1_318' title='bbox 964 2727 1346 2786; x_wconf 85' lang='lat' dir='ltr'><strong>cuntortusque</strong></span> <span class='ocrx_word' id='word_1_319' title='bbox 1373 2717 1536 2780; x_wconf 80' lang='lat' dir='ltr'><strong>funis,</strong></span> <span class='ocrx_word' id='word_1_320' title='bbox 1581 2719 1860 2774; x_wconf 71' lang='lat' dir='ltr'><strong>schmnion</strong></span> <span class='ocrx_word' id='word_1_321' title='bbox 1895 2720 2214 2788; x_wconf 80' lang='lat' dir='ltr'><strong>appellatur.</strong></span> <span class='ocrx_word' id='word_1_322' title='bbox 2259 2719 2319 2773; x_wconf 86' lang='lat' dir='ltr'><strong>Et</strong></span> 
     </span>
    </p>
   </div>
   <div class='ocr_carea' id='block_1_46' title="bbox 789 2811 2314 2884">
    <p class='ocr_par' dir='ltr' id='par_1_46' title="bbox 789 2811 2314 2884">
     <span class='ocr_line' id='line_1_46' title="bbox 789 2811 2314 2884; baseline -0.003 -18"><span class='ocrx_word' id='word_1_323' title='bbox 789 2823 1044 2884; x_wconf 66' lang='lat' dir='ltr'><strong>praeterea</strong></span> <span class='ocrx_word' id='word_1_324' title='bbox 1086 2811 1342 2880; x_wconf 70' lang='grc' dir='ltr'>αὐθέντης</span> <span class='ocrx_word' id='word_1_325' title='bbox 1386 2811 1452 2864; x_wconf 87' lang='lat' dir='ltr'><strong>ab</strong></span> <span class='ocrx_word' id='word_1_326' title='bbox 1487 2813 1723 2878; x_wconf 82' lang='lat' dir='ltr'><strong>antiquis</strong></span> <span class='ocrx_word' id='word_1_327' title='bbox 1773 2831 1789 2860; x_wconf 77' lang='grc' dir='ltr'><strong>ι</strong></span> <span class='ocrx_word' id='word_1_328' title='bbox 1827 2812 1984 2864; x_wconf 69' lang='lat' dir='ltr'><strong>caadis</strong></span> <span class='ocrx_word' id='word_1_329' title='bbox 2027 2819 2267 2880; x_wconf 84' lang='lat' dir='ltr'><strong>patrator</strong></span> <span class='ocrx_word' id='word_1_330' title='bbox 2297 2831 2314 2862; x_wconf 75' lang='grc' dir='ltr'><strong>ι</strong></span> 
     </span>
    </p>
   </div>
   <div class='ocr_carea' id='block_1_47' title="bbox 785 2897 2315 2970">
    <p class='ocr_par' dir='ltr' id='par_1_47' title="bbox 785 2897 2315 2970">
     <span class='ocr_line' id='line_1_47' title="bbox 785 2897 2315 2970; baseline -0.003 -11"><span class='ocrx_word' id='word_1_331' title='bbox 785 2913 996 2959; x_wconf 84' lang='lat' dir='ltr'><strong>tantum</strong></span> <span class='ocrx_word' id='word_1_332' title='bbox 1025 2903 1318 2956; x_wconf 80' lang='lat' dir='ltr'><strong>vocabatur</strong></span> <span class='ocrx_word' id='word_1_333' title='bbox 1344 2920 1356 2954; x_wconf 92' lang='lat'><strong>:</strong></span> <span class='ocrx_word' id='word_1_334' title='bbox 1391 2918 1532 2955; x_wconf 91' lang='lat' dir='ltr'><strong>nunc</strong></span> <span class='ocrx_word' id='word_1_335' title='bbox 1563 2917 1688 2954; x_wconf 71' lang='lat' dir='ltr'><strong>vero</strong></span> <span class='ocrx_word' id='word_1_336' title='bbox 1719 2902 1966 2970; x_wconf 83' lang='lat' dir='ltr'><strong>quisquis</strong></span> <span class='ocrx_word' id='word_1_337' title='bbox 1995 2911 2182 2955; x_wconf 88' lang='lat' dir='ltr'><strong>auctor</strong></span> <span class='ocrx_word' id='word_1_338' title='bbox 2202 2897 2315 2964; x_wconf 76' lang='lat' dir='ltr'><strong>est,</strong></span> 
     </span>
    </p>
   </div>
   <div class='ocr_carea' id='block_1_48' title="bbox 787 2989 2318 3062">
    <p class='ocr_par' dir='ltr' id='par_1_48' title="bbox 787 2989 2318 3062">
     <span class='ocr_line' id='line_1_48' title="bbox 787 2989 2318 3062; baseline -0.002 -15"><span class='ocrx_word' id='word_1_339' title='bbox 787 2993 1002 3056; x_wconf 75' lang='lat' dir='ltr'><strong>artifex,</strong></span> <span class='ocrx_word' id='word_1_340' title='bbox 1051 2992 1250 3062; x_wconf 79' lang='lat' dir='ltr'><strong>opifex,</strong></span> <span class='ocrx_word' id='word_1_341' title='bbox 1307 3000 1524 3046; x_wconf 82' lang='lat' dir='ltr'><strong>curator</strong></span> <span class='ocrx_word' id='word_1_342' title='bbox 1579 2991 1655 3044; x_wconf 88' lang='lat' dir='ltr'><strong>rei</strong></span> <span class='ocrx_word' id='word_1_343' title='bbox 1707 2989 1973 3060; x_wconf 88' lang='lat' dir='ltr'><strong>cujusvis,</strong></span> <span class='ocrx_word' id='word_1_344' title='bbox 2039 2991 2318 3046; x_wconf 83' lang='lat' dir='ltr'><strong>authentes</strong></span> 
     </span>
    </p>
   </div>
   <div class='ocr_carea' id='block_1_49' title="bbox 787 3082 2320 3154">
    <p class='ocr_par' dir='ltr' id='par_1_49' title="bbox 787 3082 2320 3154">
     <span class='ocr_line' id='line_1_49' title="bbox 787 3082 2320 3154; baseline -0.003 -14"><span class='ocrx_word' id='word_1_345' title='bbox 787 3093 1150 3154; x_wconf 77' lang='lat' dir='ltr'><strong>nuncupatur.</strong></span> <span class='ocrx_word' id='word_1_346' title='bbox 1205 3082 1270 3135; x_wconf 90' lang='lat' dir='ltr'><strong>Et</strong></span> <span class='ocrx_word' id='word_1_347' title='bbox 1317 3083 1572 3136; x_wconf 88' lang='lat' dir='ltr'><strong>nimirum</strong></span> <span class='ocrx_word' id='word_1_348' title='bbox 1619 3083 1746 3136; x_wconf 82' lang='lat' dir='ltr'><strong>vicit</strong></span> <span class='ocrx_word' id='word_1_349' title='bbox 1779 3084 2111 3152; x_wconf 86' lang='lat' dir='ltr'><strong>invaluitque</strong></span> <span class='ocrx_word' id='word_1_350' title='bbox 2159 3099 2320 3151; x_wconf 86' lang='lat' dir='ltr'><strong>supra</strong></span> 
     </span>
    </p>
   </div>
   <div class='ocr_carea' id='block_1_50' title="bbox 787 3165 2316 3242">
    <p class='ocr_par' dir='ltr' id='par_1_50' title="bbox 787 3165 2316 3242">
     <span class='ocr_line' id='line_1_50' title="bbox 787 3165 2316 3242; baseline -0.002 -14"><span class='ocrx_word' id='word_1_351' title='bbox 787 3176 934 3230; x_wconf 89' lang='lat' dir='ltr'><strong>mille</strong></span> <span class='ocrx_word' id='word_1_352' title='bbox 989 3189 1158 3229; x_wconf 86' lang='lat' dir='ltr'><strong>annos</strong></span> <span class='ocrx_word' id='word_1_353' title='bbox 1205 3173 1516 3242; x_wconf 77' lang='lat' dir='ltr'><strong>huiusmodi</strong></span> <span class='ocrx_word' id='word_1_354' title='bbox 1573 3165 1918 3242; x_wconf 69' lang='lat' dir='ltr'><strong>signiﬁcatio,</strong></span> <span class='ocrx_word' id='word_1_355' title='bbox 1972 3181 2316 3242; x_wconf 86' lang='lat' dir='ltr'><strong>posteaquam</strong></span> 
     </span>
    </p>
   </div>
   <div class='ocr_carea' id='block_1_51' title="bbox 787 3265 2349 3335">
    <p class='ocr_par' dir='ltr' id='par_1_51' title="bbox 787 3265 2349 3335">
     <span class='ocr_line' id='line_1_51' title="bbox 787 3265 2349 3335; baseline -0.003 -14"><span class='ocrx_word' id='word_1_356' title='bbox 787 3268 955 3324; x_wconf 69' lang='lat' dir='ltr'><strong>Graeci</strong></span> <span class='ocrx_word' id='word_1_357' title='bbox 995 3281 1114 3320; x_wconf 89' lang='lat' dir='ltr'><strong>cum</strong></span> <span class='ocrx_word' id='word_1_358' title='bbox 1151 3265 1409 3320; x_wconf 79' lang='lat' dir='ltr'><strong>Romanis</strong></span> <span class='ocrx_word' id='word_1_359' title='bbox 1447 3272 1727 3320; x_wconf 85' lang='lat' dir='ltr'><strong>versantes</strong></span> <span class='ocrx_word' id='word_1_360' title='bbox 1765 3274 2120 3335; x_wconf 84' lang='lat' dir='ltr'><strong>perceperunt</strong></span> <span class='ocrx_word' id='word_1_361' title='bbox 2165 3279 2349 3319; x_wconf 88' lang='lat' dir='ltr'><strong>suam.</strong></span> 
     </span>
    </p>
   </div>
   <div class='ocr_carea' id='block_1_52' title="bbox 789 3346 2320 3427">
    <p class='ocr_par' dir='ltr' id='par_1_52' title="bbox 789 3346 2320 3427">
     <span class='ocr_line' id='line_1_52' title="bbox 789 3346 2320 3427; baseline -0.002 -18"><span class='ocrx_word' id='word_1_362' title='bbox 789 3359 1022 3427; x_wconf 80' lang='lat' dir='ltr'><strong>linguam</strong></span> <span class='ocrx_word' id='word_1_363' title='bbox 1062 3355 1237 3424; x_wconf 86' lang='lat' dir='ltr'><strong>adhuc</strong></span> <span class='ocrx_word' id='word_1_364' title='bbox 1267 3355 1506 3424; x_wconf 81' lang='lat' dir='ltr'><strong>indigere</strong></span> <span class='ocrx_word' id='word_1_365' title='bbox 1547 3356 1764 3410; x_wconf 90' lang='lat' dir='ltr'><strong>nomine</strong></span> <span class='ocrx_word' id='word_1_366' title='bbox 1800 3355 1924 3408; x_wconf 87' lang='lat' dir='ltr'><strong>huic</strong></span> <span class='ocrx_word' id='word_1_367' title='bbox 1977 3346 2320 3408; x_wconf 32' lang='lat' dir='ltr'><strong>ttomini‘La-</strong></span> 
     </span>
    </p>
   </div>
   <div class='ocr_carea' id='block_1_53' title="bbox 784 3445 2320 3516">
    <p class='ocr_par' dir='ltr' id='par_1_53' title="bbox 784 3445 2320 3516">
     <span class='ocr_line' id='line_1_53' title="bbox 784 3445 2320 3516; baseline -0.003 -14"><span class='ocrx_word' id='word_1_368' title='bbox 784 3449 898 3502; x_wconf 84' lang='lat' dir='ltr'><strong>tino</strong></span> <span class='ocrx_word' id='word_1_369' title='bbox 931 3466 950 3496; x_wconf 90' lang='grc'><em>‹</em></span> <span class='ocrx_word' id='word_1_370' title='bbox 977 3453 1164 3499; x_wconf 88' lang='lat' dir='ltr'><strong>auctor</strong></span> <span class='ocrx_word' id='word_1_371' title='bbox 1193 3465 1210 3497; x_wconf 75' lang='grc' dir='ltr'><strong>ι</strong></span> <span class='ocrx_word' id='word_1_372' title='bbox 1245 3445 1622 3514; x_wconf 87' lang='lat' dir='ltr'><strong>respondente,</strong></span> <span class='ocrx_word' id='word_1_373' title='bbox 1647 3445 1789 3516; x_wconf 86' lang='lat' dir='ltr'><strong>quod</strong></span> <span class='ocrx_word' id='word_1_374' title='bbox 1819 3447 2073 3514; x_wconf 90' lang='lat' dir='ltr'><strong>majorem</strong></span> <span class='ocrx_word' id='word_1_375' title='bbox 2099 3445 2320 3499; x_wconf 86' lang='lat' dir='ltr'><strong>haberet</strong></span> 
     </span>
    </p>
   </div>
   <div class='ocr_carea' id='block_1_54' title="bbox 787 3527 2320 3607">
    <p class='ocr_par' dir='ltr' id='par_1_54' title="bbox 787 3527 2320 3607">
     <span class='ocr_line' id='line_1_54' title="bbox 787 3527 2320 3607; baseline 0 -17"><span class='ocrx_word' id='word_1_376' title='bbox 787 3555 919 3593; x_wconf 91' lang='lat' dir='ltr'><strong>usus</strong></span> <span class='ocrx_word' id='word_1_377' title='bbox 956 3537 1360 3607; x_wconf 86' lang='lat' dir='ltr'><strong>proprietatem.</strong></span> <span class='ocrx_word' id='word_1_378' title='bbox 1407 3536 1484 3590; x_wconf 82' lang='lat' dir='ltr'><strong>ita</strong></span> <span class='ocrx_word' id='word_1_379' title='bbox 1525 3539 1665 3591; x_wconf 91' lang='lat' dir='ltr'><strong>enim</strong></span> <span class='ocrx_word' id='word_1_380' title='bbox 1691 3527 1903 3602; x_wconf 7' lang='lat' dir='ltr'><strong>(coacti,</strong></span> <span class='ocrx_word' id='word_1_381' title='bbox 1937 3547 1996 3590; x_wconf 91' lang='lat' dir='ltr'><strong>ut</strong></span> <span class='ocrx_word' id='word_1_382' title='bbox 2027 3537 2320 3591; x_wconf 84' lang='lat' dir='ltr'><strong>verisimile</strong></span> 
     </span>
    </p>
   </div>
   <div class='ocr_carea' id='block_1_55' title="bbox 784 3627 2317 3698">
    <p class='ocr_par' dir='ltr' id='par_1_55' title="bbox 784 3627 2317 3698">
     <span class='ocr_line' id='line_1_55' title="bbox 784 3627 2317 3698; baseline -0.002 -15"><span class='ocrx_word' id='word_1_383' title='bbox 784 3637 886 3692; x_wconf 86' lang='lat' dir='ltr'><strong>est,</strong></span> <span class='ocrx_word' id='word_1_384' title='bbox 917 3629 993 3682; x_wconf 88' lang='lat' dir='ltr'><strong>rei</strong></span> <span class='ocrx_word' id='word_1_385' title='bbox 1023 3629 1216 3682; x_wconf 86' lang='lat' dir='ltr'><strong>crebro</strong></span> <span class='ocrx_word' id='word_1_386' title='bbox 1253 3627 1304 3680; x_wconf 92' lang='lat' dir='ltr'><strong>in</strong></span> <span class='ocrx_word' id='word_1_387' title='bbox 1355 3643 1511 3682; x_wconf 89' lang='lat' dir='ltr'><strong>usum</strong></span> <span class='ocrx_word' id='word_1_388' title='bbox 1545 3629 1810 3688; x_wconf 88' lang='lat' dir='ltr'><strong>venientis</strong></span> <span class='ocrx_word' id='word_1_389' title='bbox 1839 3629 2010 3697; x_wconf 85' lang='lat' dir='ltr'><strong>magis</strong></span> <span class='ocrx_word' id='word_1_390' title='bbox 2041 3627 2317 3698; x_wconf 85' lang='lat' dir='ltr'><strong>proprium</strong></span> 
     </span>
    </p>
   </div>
   <div class='ocr_carea' id='block_1_56' title="bbox 785 3717 2320 3788">
    <p class='ocr_par' dir='ltr' id='par_1_56' title="bbox 785 3717 2320 3788">
     <span class='ocr_line' id='line_1_56' title="bbox 785 3717 2320 3788; baseline -0.001 -17"><span class='ocrx_word' id='word_1_391' title='bbox 785 3734 978 3773; x_wconf 81' lang='lat' dir='ltr'><strong>nomen</strong></span> <span class='ocrx_word' id='word_1_392' title='bbox 1005 3719 1298 3788; x_wconf 87' lang='lat' dir='ltr'><strong>imponere.</strong></span> <span class='ocrx_word' id='word_1_393' title='bbox 1331 3717 1435 3772; x_wconf 88' lang='lat' dir='ltr'><strong>hoc</strong></span> <span class='ocrx_word' id='word_1_394' title='bbox 1465 3727 1608 3772; x_wconf 89' lang='lat' dir='ltr'><strong>certe</strong></span> <span class='ocrx_word' id='word_1_395' title='bbox 1631 3733 1824 3773; x_wconf 89' lang='lat' dir='ltr'><strong>nomen</strong></span> <span class='ocrx_word' id='word_1_396' title='bbox 1855 3719 2139 3775; x_wconf 87' lang='lat' dir='ltr'><strong>authentes</strong></span> <span class='ocrx_word' id='word_1_397' title='bbox 2167 3719 2222 3772; x_wconf 90' lang='lat' dir='ltr'><strong>in</strong></span> <span class='ocrx_word' id='word_1_398' title='bbox 2254 3717 2320 3770; x_wconf 83' lang='lat' dir='ltr'><strong>il-</strong></span> 
     </span>
    </p>
   </div>
   <div class='ocr_carea' id='block_1_57' title="bbox 783 3807 2321 3878">
    <p class='ocr_par' dir='ltr' id='par_1_57' title="bbox 783 3807 2321 3878">
     <span class='ocr_line' id='line_1_57' title="bbox 783 3807 2321 3878; baseline -0.001 -16"><span class='ocrx_word' id='word_1_399' title='bbox 783 3810 876 3864; x_wconf 90' lang='lat' dir='ltr'><strong>lud</strong></span> <span class='ocrx_word' id='word_1_400' title='bbox 906 3815 1355 3873; x_wconf 71' lang='lat' dir='ltr'><strong>transmutat-unt,</strong></span> <span class='ocrx_word' id='word_1_401' title='bbox 1387 3808 1664 3863; x_wconf 85' lang='lat' dir='ltr'><strong>imitantes</strong></span> <span class='ocrx_word' id='word_1_402' title='bbox 1697 3809 1926 3863; x_wconf 87' lang='lat' dir='ltr'><strong>alienam</strong></span> <span class='ocrx_word' id='word_1_403' title='bbox 1955 3809 2143 3878; x_wconf 79' lang='lat' dir='ltr'><strong>legem.</strong></span> <span class='ocrx_word' id='word_1_404' title='bbox 2175 3807 2321 3862; x_wconf 87' lang='lat' dir='ltr'><strong>Basi-</strong></span> 
     </span>
    </p>
   </div>
   <div class='ocr_carea' id='block_1_58' title="bbox 762 3899 2318 3970">
    <p class='ocr_par' dir='ltr' id='par_1_58' title="bbox 762 3899 2318 3970">
     <span class='ocr_line' id='line_1_58' title="bbox 762 3899 2318 3970; baseline -0.003 -14"><span class='ocrx_word' id='word_1_405' title='bbox 762 3902 888 3956; x_wconf 75' lang='lat' dir='ltr'><strong>lius</strong></span> <span class='ocrx_word' id='word_1_406' title='bbox 943 3902 1121 3970; x_wconf 88' lang='lat' dir='ltr'><strong>itaque</strong></span> <span class='ocrx_word' id='word_1_407' title='bbox 1171 3915 1311 3954; x_wconf 92' lang='lat' dir='ltr'><strong>unus</strong></span> <span class='ocrx_word' id='word_1_408' title='bbox 1365 3915 1396 3954; x_wconf 89' lang='lat' dir='ltr'><strong>e</strong></span> <span class='ocrx_word' id='word_1_409' title='bbox 1429 3901 1630 3954; x_wconf 87' lang='lat' dir='ltr'><strong>nostris</strong></span> <span class='ocrx_word' id='word_1_410' title='bbox 1673 3899 2040 3969; x_wconf 79' lang='lat' dir='ltr'><strong>pontiﬁcibus,</strong></span> <span class='ocrx_word' id='word_1_411' title='bbox 2078 3907 2318 3969; x_wconf 89' lang='lat' dir='ltr'><strong>tempore</strong></span> 
     </span>
    </p>
   </div>
   <div class='ocr_carea' id='block_1_59' title="bbox 765 3987 2318 4060">
    <p class='ocr_par' dir='ltr' id='par_1_59' title="bbox 765 3987 2318 4060">
     <span class='ocr_line' id='line_1_59' title="bbox 765 3987 2318 4060; baseline -0.003 -15"><span class='ocrx_word' id='word_1_412' title='bbox 765 3990 1121 4060; x_wconf 68' lang='lat' dir='ltr'><strong>imperatoris</strong></span> <span class='ocrx_word' id='word_1_413' title='bbox 1149 3987 1370 4049; x_wconf 78' lang='lat' dir='ltr'><strong>Iuliani,</strong></span> <span class='ocrx_word' id='word_1_414' title='bbox 1411 3990 1497 4042; x_wconf 89' lang='lat' dir='ltr'><strong>vir</strong></span> <span class='ocrx_word' id='word_1_415' title='bbox 1541 4004 1648 4043; x_wconf 89' lang='lat' dir='ltr'><strong>non</strong></span> <span class='ocrx_word' id='word_1_416' title='bbox 1687 3989 1864 4043; x_wconf 89' lang='lat' dir='ltr'><strong>minus</strong></span> <span class='ocrx_word' id='word_1_417' title='bbox 1893 3988 2110 4058; x_wconf 91' lang='lat' dir='ltr'><strong>eloquio</strong></span> <span class='ocrx_word' id='word_1_418' title='bbox 2153 4003 2318 4057; x_wconf 91' lang='lat' dir='ltr'><strong>quam</strong></span> 
     </span>
    </p>
   </div>
   <div class='ocr_carea' id='block_1_60' title="bbox 780 4080 2314 4155">
    <p class='ocr_par' dir='ltr' id='par_1_60' title="bbox 780 4080 2314 4155">
     <span class='ocr_line' id='line_1_60' title="bbox 780 4080 2314 4155; baseline -0.005 -15"><span class='ocrx_word' id='word_1_419' title='bbox 780 4085 893 4140; x_wconf 68' lang='lat' dir='ltr'><strong>acri</strong></span> <span class='ocrx_word' id='word_1_420' title='bbox 917 4084 1246 4155; x_wconf 83' lang='lat' dir='ltr'><strong>cogitatione</strong></span> <span class='ocrx_word' id='word_1_421' title='bbox 1275 4084 1552 4152; x_wconf 61' lang='lat' dir='ltr'><strong>praeditus,</strong></span> <span class='ocrx_word' id='word_1_422' title='bbox 1584 4083 1724 4137; x_wconf 89' lang='lat' dir='ltr'><strong>dona</strong></span> <span class='ocrx_word' id='word_1_423' title='bbox 1765 4081 1999 4151; x_wconf 90' lang='lat' dir='ltr'><strong>Spiritus</strong></span> <span class='ocrx_word' id='word_1_424' title='bbox 2030 4083 2204 4137; x_wconf 89' lang='lat' dir='ltr'><strong>sancti</strong></span> <span class='ocrx_word' id='word_1_425' title='bbox 2231 4080 2314 4134; x_wconf 91' lang='lat' dir='ltr'><strong>di-</strong></span> 
     </span>
    </p>
   </div>
   <div class='ocr_carea' id='block_1_61' title="bbox 780 4173 2311 4244">
    <p class='ocr_par' dir='ltr' id='par_1_61' title="bbox 780 4173 2311 4244">
     <span class='ocr_line' id='line_1_61' title="bbox 780 4173 2311 4244; baseline -0.003 -16"><span class='ocrx_word' id='word_1_426' title='bbox 780 4178 854 4229; x_wconf 87' lang='lat' dir='ltr'><strong>cit</strong></span> <span class='ocrx_word' id='word_1_427' title='bbox 887 4191 994 4230; x_wconf 88' lang='lat' dir='ltr'><strong>non</strong></span> <span class='ocrx_word' id='word_1_428' title='bbox 1027 4175 1142 4229; x_wconf 84' lang='lat' dir='ltr'><strong>ﬁeri</strong></span> <span class='ocrx_word' id='word_1_429' title='bbox 1184 4191 1280 4244; x_wconf 89' lang='lat' dir='ltr'><strong>per</strong></span> <span class='ocrx_word' id='word_1_430' title='bbox 1315 4175 1696 4238; x_wconf 86' lang='lat' dir='ltr'><strong>ministerium,</strong></span> <span class='ocrx_word' id='word_1_431' title='bbox 1741 4174 1836 4228; x_wconf 86' lang='lat' dir='ltr'><strong>sed</strong></span> <span class='ocrx_word' id='word_1_432' title='bbox 1871 4193 1890 4222; x_wconf 89' lang='grc'><strong><em>‹</em></strong></span> <span class='ocrx_word' id='word_1_433' title='bbox 1916 4173 2224 4230; x_wconf 88' lang='lat' dir='ltr'><strong>authentice</strong></span> <span class='ocrx_word' id='word_1_434' title='bbox 2247 4175 2270 4226; x_wconf 70' lang='grc' dir='ltr'>τ’</span> <span class='ocrx_word' id='word_1_435' title='bbox 2293 4191 2311 4222; x_wconf 78' lang='grc' dir='ltr'><strong>ι</strong></span> 
     </span>
    </p>
   </div>
   <div class='ocr_carea' id='block_1_62' title="bbox 779 4263 2320 4334">
    <p class='ocr_par' dir='ltr' id='par_1_62' title="bbox 779 4263 2320 4334">
     <span class='ocr_line' id='line_1_62' title="bbox 779 4263 2320 4334; baseline -0.003 -12"><span class='ocrx_word' id='word_1_436' title='bbox 779 4267 834 4322; x_wconf 88' lang='lat' dir='ltr'><strong>id</strong></span> <span class='ocrx_word' id='word_1_437' title='bbox 867 4275 972 4330; x_wconf 87' lang='lat' dir='ltr'><strong>est,</strong></span> <span class='ocrx_word' id='word_1_438' title='bbox 1002 4283 1108 4320; x_wconf 88' lang='lat' dir='ltr'><strong>non</strong></span> <span class='ocrx_word' id='word_1_439' title='bbox 1141 4283 1171 4320; x_wconf 88' lang='lat' dir='ltr'><strong>a</strong></span> <span class='ocrx_word' id='word_1_440' title='bbox 1197 4268 1446 4320; x_wconf 86' lang='lat' dir='ltr'><strong>ministro</strong></span> <span class='ocrx_word' id='word_1_441' title='bbox 1478 4267 1616 4327; x_wconf 85' lang='lat' dir='ltr'><strong>dari,</strong></span> <span class='ocrx_word' id='word_1_442' title='bbox 1645 4265 1737 4319; x_wconf 90' lang='lat' dir='ltr'><strong>sed</strong></span> <span class='ocrx_word' id='word_1_443' title='bbox 1766 4267 1832 4319; x_wconf 87' lang='lat' dir='ltr'><strong>ab</strong></span> <span class='ocrx_word' id='word_1_444' title='bbox 1856 4273 2098 4320; x_wconf 89' lang='lat' dir='ltr'><strong>auctore.</strong></span> <span class='ocrx_word' id='word_1_445' title='bbox 2124 4265 2190 4320; x_wconf 83' lang='lat' dir='ltr'><strong>Et</strong></span> <span class='ocrx_word' id='word_1_446' title='bbox 2219 4263 2320 4334; x_wconf 85' lang='lat' dir='ltr'><strong>Sy-</strong></span> 
     </span>
    </p>
   </div>
   <div class='ocr_carea' id='block_1_63' title="bbox 781 4355 2316 4429">
    <p class='ocr_par' dir='ltr' id='par_1_63' title="bbox 781 4355 2316 4429">
     <span class='ocr_line' id='line_1_63' title="bbox 781 4355 2316 4429; baseline -0.005 -13"><span class='ocrx_word' id='word_1_447' title='bbox 781 4362 968 4416; x_wconf 89' lang='lat' dir='ltr'><strong>nesius</strong></span> <span class='ocrx_word' id='word_1_448' title='bbox 1013 4359 1364 4429; x_wconf 90' lang='lat' dir='ltr'><strong>philosophus</strong></span> <span class='ocrx_word' id='word_1_449' title='bbox 1413 4359 1808 4414; x_wconf 86' lang='lat' dir='ltr'><strong>eruditissimus</strong></span> <span class='ocrx_word' id='word_1_450' title='bbox 1867 4359 1960 4428; x_wconf 87' lang='lat' dir='ltr'><strong>qui</strong></span> <span class='ocrx_word' id='word_1_451' title='bbox 1994 4355 2110 4411; x_wconf 78' lang='lat' dir='ltr'><strong>&#39;l‘uit</strong></span> <span class='ocrx_word' id='word_1_452' title='bbox 2155 4357 2316 4426; x_wconf 86' lang='lat' dir='ltr'><strong>paulo</strong></span> 
     </span>
    </p>
   </div>
   <div class='ocr_carea' id='block_1_64' title="bbox 781 4449 2316 4523">
    <p class='ocr_par' dir='ltr' id='par_1_64' title="bbox 781 4449 2316 4523">
     <span class='ocr_line' id='line_1_64' title="bbox 781 4449 2316 4523; baseline -0.005 -15"><span class='ocrx_word' id='word_1_453' title='bbox 781 4461 902 4523; x_wconf 83' lang='lat' dir='ltr'><strong>post</strong></span> <span class='ocrx_word' id='word_1_454' title='bbox 947 4449 1252 4507; x_wconf 87' lang='lat' dir='ltr'><strong>Theodosio</strong></span> <span class='ocrx_word' id='word_1_455' title='bbox 1302 4450 1634 4520; x_wconf 87' lang='lat' dir='ltr'><strong>imperante,</strong></span> <span class='ocrx_word' id='word_1_456' title='bbox 1689 4450 2030 4519; x_wconf 80' lang='lat' dir='ltr'><strong>interrogans</strong></span> <span class='ocrx_word' id='word_1_457' title='bbox 2083 4449 2316 4518; x_wconf 84' lang='lat' dir='ltr'><strong>patriar-</strong></span> 
     </span>
    </p>
   </div>
   <div class='ocr_carea' id='block_1_65' title="bbox 2420 1995 3938 2070">
    <p class='ocr_par' dir='ltr' id='par_1_65' title="bbox 2420 1995 3938 2070">
     <span class='ocr_line' id='line_1_65' title="bbox 2420 1995 3938 2070; baseline -0.003 -18"><span class='ocrx_word' id='word_1_458' title='bbox 2420 1999 2872 2070; x_wconf 79' lang='grc' dir='ltr'>δημιουργὸς,εῐτ’</span> <span class='ocrx_word' id='word_1_459' title='bbox 2905 1995 2996 2052; x_wconf 80' lang='grc' dir='ltr'><strong>οὖν</strong></span> <span class='ocrx_word' id='word_1_460' title='bbox 3031 1999 3348 2068; x_wconf 82' lang='grc' dir='ltr'>αὐτουργὸς,</span> <span class='ocrx_word' id='word_1_461' title='bbox 3395 1999 3487 2052; x_wconf 82' lang='grc' dir='ltr'><strong>καὶ</strong></span> <span class='ocrx_word' id='word_1_462' title='bbox 3515 1999 3803 2067; x_wconf 73' lang='grc' dir='ltr'>ἐπιστάτης</span> <span class='ocrx_word' id='word_1_463' title='bbox 3824 1997 3938 2067; x_wconf 74' lang='grc' dir='ltr'>πρά-</span> 
     </span>
    </p>
   </div>
   <div class='ocr_carea' id='block_1_66' title="bbox 2419 2087 3940 2160">
    <p class='ocr_par' dir='ltr' id='par_1_66' title="bbox 2419 2087 3940 2160">
     <span class='ocr_line' id='line_1_66' title="bbox 2419 2087 3940 2160; baseline -0.003 -18"><span class='ocrx_word' id='word_1_464' title='bbox 2419 2093 2626 2160; x_wconf 83' lang='grc' dir='ltr'>γματος</span> <span class='ocrx_word' id='word_1_465' title='bbox 2655 2089 2978 2152; x_wconf 81' lang='grc' dir='ltr'>οὑτινοσοῦν,</span> <span class='ocrx_word' id='word_1_466' title='bbox 2999 2087 3258 2160; x_wconf 80' lang='grc' dir='ltr'>αὐθέντης</span> <span class='ocrx_word' id='word_1_467' title='bbox 3285 2088 3518 2160; x_wconf 79' lang='grc' dir='ltr'>καλεῖται</span> <span class='ocrx_word' id='word_1_468' title='bbox 3537 2108 3548 2118; x_wconf 92' lang='grc'><strong>·</strong></span> <span class='ocrx_word' id='word_1_469' title='bbox 3574 2089 3710 2160; x_wconf 75' lang='grc' dir='ltr'>ὑπὲρ</span> <span class='ocrx_word' id='word_1_470' title='bbox 3735 2087 3802 2140; x_wconf 77' lang='grc' dir='ltr'>τὰ</span> <span class='ocrx_word' id='word_1_471' title='bbox 3821 2087 3940 2158; x_wconf 80' lang='grc' dir='ltr'>χίλια</span> 
     </span>
    </p>
   </div>
   <div class='ocr_carea' id='block_1_67' title="bbox 2419 2179 3936 2254">
    <p class='ocr_par' dir='ltr' id='par_1_67' title="bbox 2419 2179 3936 2254">
     <span class='ocr_line' id='line_1_67' title="bbox 2419 2179 3936 2254; baseline -0.003 -20"><span class='ocrx_word' id='word_1_472' title='bbox 2419 2181 2480 2251; x_wconf 81' lang='grc' dir='ltr'><strong>δὴ</strong></span> <span class='ocrx_word' id='word_1_473' title='bbox 2540 2181 2630 2252; x_wconf 76' lang='grc' dir='ltr'>ἔτη</span> <span class='ocrx_word' id='word_1_474' title='bbox 2687 2181 3081 2254; x_wconf 83' lang='grc' dir='ltr'>κεκρατηκότος</span> <span class='ocrx_word' id='word_1_475' title='bbox 3133 2179 3225 2233; x_wconf 92' lang='grc' dir='ltr'><strong>τοῦ</strong></span> <span class='ocrx_word' id='word_1_476' title='bbox 3283 2181 3484 2233; x_wconf 84' lang='grc' dir='ltr'>τοιοῦδε</span> <span class='ocrx_word' id='word_1_477' title='bbox 3539 2180 3936 2250; x_wconf 77' lang='grc' dir='ltr'>σημαινομένου·</span> 
     </span>
    </p>
   </div>
   <div class='ocr_carea' id='block_1_68' title="bbox 2419 2265 3938 2342">
    <p class='ocr_par' dir='ltr' id='par_1_68' title="bbox 2419 2265 3938 2342">
     <span class='ocr_line' id='line_1_68' title="bbox 2419 2265 3938 2342; baseline -0.003 -17"><span class='ocrx_word' id='word_1_478' title='bbox 2419 2273 2624 2342; x_wconf 74' lang='grc' dir='ltr'>ἐπειδὴ,</span> <span class='ocrx_word' id='word_1_479' title='bbox 2669 2272 2984 2342; x_wconf 84' lang='grc' dir='ltr'>Ῥωμαίοις,</span> <span class='ocrx_word' id='word_1_480' title='bbox 3037 2271 3185 2342; x_wconf 83' lang='grc' dir='ltr'>θαμὰ</span> <span class='ocrx_word' id='word_1_481' title='bbox 3225 2271 3289 2342; x_wconf 80' lang='grc' dir='ltr'>δὴ</span> <span class='ocrx_word' id='word_1_482' title='bbox 3331 2269 3640 2340; x_wconf 76' lang='grc' dir='ltr'>ὁμιλοῦντες</span> <span class='ocrx_word' id='word_1_483' title='bbox 3673 2265 3938 2338; x_wconf 80' lang='grc' dir='ltr'>Ἕλληνες,</span> 
     </span>
    </p>
   </div>
   <div class='ocr_carea' id='block_1_69' title="bbox 2399 2359 3942 2434">
    <p class='ocr_par' dir='ltr' id='par_1_69' title="bbox 2399 2359 3942 2434">
     <span class='ocr_line' id='line_1_69' title="bbox 2399 2359 3942 2434; baseline -0.004 -18"><span class='ocrx_word' id='word_1_484' title='bbox 2399 2363 2674 2416; x_wconf 52' lang='grc' dir='ltr'><strong>Κσυνίδοιεν</strong></span> <span class='ocrx_word' id='word_1_485' title='bbox 2719 2364 2815 2434; x_wconf 82' lang='grc' dir='ltr'>τὴν</span> <span class='ocrx_word' id='word_1_486' title='bbox 2859 2363 3118 2434; x_wconf 82' lang='grc' dir='ltr'>σφετέραν</span> <span class='ocrx_word' id='word_1_487' title='bbox 3145 2361 3320 2416; x_wconf 76' lang='grc' dir='ltr'>αὐτῶν</span> <span class='ocrx_word' id='word_1_488' title='bbox 3361 2362 3540 2430; x_wconf 76' lang='grc' dir='ltr'>φωνὴν</span> <span class='ocrx_word' id='word_1_489' title='bbox 3585 2361 3661 2413; x_wconf 79' lang='grc' dir='ltr'>ἔτι</span> <span class='ocrx_word' id='word_1_490' title='bbox 3710 2359 3942 2430; x_wconf 69' lang='grc' dir='ltr'>δεομένην</span> 
     </span>
    </p>
   </div>
   <div class='ocr_carea' id='block_1_70' title="bbox 2419 2446 3940 2521">
    <p class='ocr_par' dir='ltr' id='par_1_70' title="bbox 2419 2446 3940 2521">
     <span class='ocr_line' id='line_1_70' title="bbox 2419 2446 3940 2521; baseline -0.003 -16"><span class='ocrx_word' id='word_1_491' title='bbox 2419 2452 2510 2505; x_wconf 80' lang='grc' dir='ltr'><strong>τοῦ</strong></span> <span class='ocrx_word' id='word_1_492' title='bbox 2537 2469 2600 2520; x_wconf 88' lang='grc' dir='ltr'><strong>γε</strong></span> <span class='ocrx_word' id='word_1_493' title='bbox 2641 2451 2896 2520; x_wconf 81' lang='grc' dir='ltr'>ἀνάλογον</span> <span class='ocrx_word' id='word_1_494' title='bbox 2929 2451 2994 2504; x_wconf 84' lang='grc' dir='ltr'><strong>ἂν</strong></span> <span class='ocrx_word' id='word_1_495' title='bbox 3037 2450 3113 2520; x_wconf 84' lang='grc' dir='ltr'>τῷ</span> <span class='ocrx_word' id='word_1_496' title='bbox 3153 2469 3172 2502; x_wconf 79' lang='grc' dir='ltr'><strong>ι</strong></span> <span class='ocrx_word' id='word_1_497' title='bbox 3195 2446 3357 2521; x_wconf 82' lang='grc' dir='ltr'>αὗτορ</span> <span class='ocrx_word' id='word_1_498' title='bbox 3385 2469 3405 2501; x_wconf 72' lang='grc' dir='ltr'><strong>ι</strong></span> <span class='ocrx_word' id='word_1_499' title='bbox 3437 2449 3656 2518; x_wconf 77' lang='grc' dir='ltr'>ὀνόματι</span> <span class='ocrx_word' id='word_1_500' title='bbox 3687 2447 3792 2501; x_wconf 81' lang='grc' dir='ltr'><strong>τῶν</strong></span> <span class='ocrx_word' id='word_1_501' title='bbox 3831 2449 3940 2500; x_wconf 81' lang='grc' dir='ltr'><strong>Ῥω-</strong></span> 
     </span>
    </p>
   </div>
   <div class='ocr_carea' id='block_1_71' title="bbox 2423 2539 3936 2616">
    <p class='ocr_par' dir='ltr' id='par_1_71' title="bbox 2423 2539 3936 2616">
     <span class='ocr_line' id='line_1_71' title="bbox 2423 2539 3936 2616; baseline -0.003 -22"><span class='ocrx_word' id='word_1_502' title='bbox 2423 2542 2592 2616; x_wconf 53' lang='lat' dir='ltr'><strong>petiyit</strong></span> <span class='ocrx_word' id='word_1_503' title='bbox 2629 2543 3012 2612; x_wconf 75' lang='grc' dir='ltr'>ἀκριϐέστερον</span> <span class='ocrx_word' id='word_1_504' title='bbox 3050 2539 3552 2612; x_wconf 81' lang='grc' dir='ltr'>προσοικειουμένου</span> <span class='ocrx_word' id='word_1_505' title='bbox 3583 2541 3700 2601; x_wconf 81' lang='grc' dir='ltr'>ταῖς</span> <span class='ocrx_word' id='word_1_506' title='bbox 3731 2540 3936 2608; x_wconf 83' lang='grc' dir='ltr'>χρείαις.</span> 
     </span>
    </p>
   </div>
   <div class='ocr_carea' id='block_1_72' title="bbox 2416 2629 3938 2704">
    <p class='ocr_par' dir='ltr' id='par_1_72' title="bbox 2416 2629 3938 2704">
     <span class='ocr_line' id='line_1_72' title="bbox 2416 2629 3938 2704; baseline -0.003 -18"><span class='ocrx_word' id='word_1_507' title='bbox 2416 2633 2570 2686; x_wconf 79' lang='grc' dir='ltr'>Οὕτω</span> <span class='ocrx_word' id='word_1_508' title='bbox 2605 2631 2710 2704; x_wconf 82' lang='grc' dir='ltr'>γὰρ</span> <span class='ocrx_word' id='word_1_509' title='bbox 2755 2631 3078 2702; x_wconf 79' lang='grc' dir='ltr'>βιαζόμενοι,</span> <span class='ocrx_word' id='word_1_510' title='bbox 3135 2631 3210 2695; x_wconf 84' lang='grc' dir='ltr'>ὡς</span> <span class='ocrx_word' id='word_1_511' title='bbox 3255 2631 3418 2696; x_wconf 80' lang='grc' dir='ltr'>είκδς,</span> <span class='ocrx_word' id='word_1_512' title='bbox 3465 2631 3744 2700; x_wconf 77' lang='grc' dir='ltr'>πράγματι</span> <span class='ocrx_word' id='word_1_513' title='bbox 3795 2629 3938 2698; x_wconf 76' lang='grc' dir='ltr'>συχνά</span> 
     </span>
    </p>
   </div>
   <div class='ocr_carea' id='block_1_73' title="bbox 2417 2720 3938 2794">
    <p class='ocr_par' dir='ltr' id='par_1_73' title="bbox 2417 2720 3938 2794">
     <span class='ocr_line' id='line_1_73' title="bbox 2417 2720 3938 2794; baseline -0.003 -18"><span class='ocrx_word' id='word_1_514' title='bbox 2417 2725 2599 2793; x_wconf 76' lang='grc' dir='ltr'>ἥκοντι</span> <span class='ocrx_word' id='word_1_515' title='bbox 2617 2724 2696 2785; x_wconf 84' lang='grc' dir='ltr'><strong>είς</strong></span> <span class='ocrx_word' id='word_1_516' title='bbox 2717 2721 2898 2794; x_wconf 87' lang='grc' dir='ltr'>χρείαν</span> <span class='ocrx_word' id='word_1_517' title='bbox 2919 2721 3086 2792; x_wconf 77' lang='grc' dir='ltr'>ὄνομα</span> <span class='ocrx_word' id='word_1_518' title='bbox 3107 2722 3384 2793; x_wconf 87' lang='grc' dir='ltr'>ἱδιαίτερον</span> <span class='ocrx_word' id='word_1_519' title='bbox 3403 2721 3606 2788; x_wconf 83' lang='grc' dir='ltr'>θέσθαι,</span> <span class='ocrx_word' id='word_1_520' title='bbox 3623 2721 3682 2773; x_wconf 84' lang='grc' dir='ltr'>τὸ</span> <span class='ocrx_word' id='word_1_521' title='bbox 3701 2720 3938 2789; x_wconf 78' lang='grc' dir='ltr'>αὐθέντης</span> 
     </span>
    </p>
   </div>
   <div class='ocr_carea' id='block_1_74' title="bbox 2417 2808 3934 2884">
    <p class='ocr_par' dir='ltr' id='par_1_74' title="bbox 2417 2808 3934 2884">
     <span class='ocr_line' id='line_1_74' title="bbox 2417 2808 3934 2884; baseline -0.003 -20"><span class='ocrx_word' id='word_1_522' title='bbox 2417 2813 2479 2884; x_wconf 75' lang='grc' dir='ltr'><strong>δὴ</strong></span> <span class='ocrx_word' id='word_1_523' title='bbox 2505 2813 2584 2874; x_wconf 83' lang='grc' dir='ltr'><strong>είς</strong></span> <span class='ocrx_word' id='word_1_524' title='bbox 2614 2811 2768 2864; x_wconf 90' lang='grc' dir='ltr'>τοῦτο</span> <span class='ocrx_word' id='word_1_525' title='bbox 2797 2809 3324 2880; x_wconf 80' lang='grc' dir='ltr'>ἀλλοτριονομοῦντες</span> <span class='ocrx_word' id='word_1_526' title='bbox 3367 2810 3762 2880; x_wconf 85' lang='grc' dir='ltr'>μετενηνόχασι.</span> <span class='ocrx_word' id='word_1_527' title='bbox 3795 2808 3934 2860; x_wconf 80' lang='grc' dir='ltr'>Βασί-</span> 
     </span>
    </p>
   </div>
   <div class='ocr_carea' id='block_1_75' title="bbox 2417 2899 3936 2972">
    <p class='ocr_par' dir='ltr' id='par_1_75' title="bbox 2417 2899 3936 2972">
     <span class='ocr_line' id='line_1_75' title="bbox 2417 2899 3936 2972; baseline -0.003 -18"><span class='ocrx_word' id='word_1_528' title='bbox 2417 2902 2554 2965; x_wconf 88' lang='grc' dir='ltr'>λειος</span> <span class='ocrx_word' id='word_1_529' title='bbox 2584 2899 2673 2954; x_wconf 75' lang='grc' dir='ltr'><strong>οὖν</strong></span> <span class='ocrx_word' id='word_1_530' title='bbox 2711 2901 2817 2954; x_wconf 86' lang='grc' dir='ltr'><strong>τῶν</strong></span> <span class='ocrx_word' id='word_1_531' title='bbox 2861 2902 3140 2972; x_wconf 76' lang='grc' dir='ltr'>ἡμετέρων</span> <span class='ocrx_word' id='word_1_532' title='bbox 3182 2901 3504 2971; x_wconf 67' lang='grc' dir='ltr'>ἱεροφαντῶν</span> <span class='ocrx_word' id='word_1_533' title='bbox 3547 2903 3638 2952; x_wconf 73' lang='grc' dir='ltr'>ἐπὶ</span> <span class='ocrx_word' id='word_1_534' title='bbox 3681 2899 3936 2952; x_wconf 81' lang='grc' dir='ltr'>Ἰουλιανοῦ</span> 
     </span>
    </p>
   </div>
   <div class='ocr_carea' id='block_1_76' title="bbox 2419 2991 3936 3064">
    <p class='ocr_par' dir='ltr' id='par_1_76' title="bbox 2419 2991 3936 3064">
     <span class='ocr_line' id='line_1_76' title="bbox 2419 2991 3936 3064; baseline -0.001 -17"><span class='ocrx_word' id='word_1_535' title='bbox 2419 2995 2806 3064; x_wconf 80' lang='grc' dir='ltr'>αὐτοκράτορος</span> <span class='ocrx_word' id='word_1_536' title='bbox 2848 2992 3130 3062; x_wconf 83' lang='grc' dir='ltr'>γενόμενος</span> <span class='ocrx_word' id='word_1_537' title='bbox 3183 2991 3338 3061; x_wconf 83' lang='grc' dir='ltr'>ἀνὴρ,</span> <span class='ocrx_word' id='word_1_538' title='bbox 3387 2991 3478 3043; x_wconf 73' lang='grc' dir='ltr'><strong>καὶ</strong></span> <span class='ocrx_word' id='word_1_539' title='bbox 3517 2991 3616 3058; x_wconf 78' lang='grc' dir='ltr'>τὴν</span> <span class='ocrx_word' id='word_1_540' title='bbox 3653 2991 3828 3059; x_wconf 72' lang='grc' dir='ltr'>φωνὴν</span> <span class='ocrx_word' id='word_1_541' title='bbox 3855 2992 3936 3056; x_wconf 76' lang='grc' dir='ltr'>οὐχ</span> 
     </span>
    </p>
   </div>
   <div class='ocr_carea' id='block_1_77' title="bbox 2415 3065 3938 3154">
    <p class='ocr_par' dir='ltr' id='par_1_77' title="bbox 2415 3080 3938 3154">
     <span class='ocr_line' id='line_1_77' title="bbox 2415 3080 3938 3154; baseline -0.003 -17"><span class='ocrx_word' id='word_1_542' title='bbox 2415 3083 2574 3154; x_wconf 87' lang='grc' dir='ltr'>ἦττον</span> <span class='ocrx_word' id='word_1_543' title='bbox 2609 3085 2765 3154; x_wconf 82' lang='grc' dir='ltr'>ἢτὴν</span> <span class='ocrx_word' id='word_1_544' title='bbox 2801 3085 3033 3137; x_wconf 83' lang='grc' dir='ltr'>διάνοιαν</span> <span class='ocrx_word' id='word_1_545' title='bbox 3081 3081 3506 3152; x_wconf 86' lang='grc' dir='ltr'>κεκοσμημένος,</span> <span class='ocrx_word' id='word_1_546' title='bbox 3559 3082 3628 3134; x_wconf 80' lang='grc' dir='ltr'><strong>τὰ.</strong></span> <span class='ocrx_word' id='word_1_547' title='bbox 3667 3080 3758 3134; x_wconf 87' lang='grc' dir='ltr'><strong>τοῦ</strong></span> <span class='ocrx_word' id='word_1_548' title='bbox 3810 3083 3938 3134; x_wconf 80' lang='grc' dir='ltr'>θείου</span> 
     </span>
    </p>
   </div>
   <div class='ocr_carea' id='block_1_78' title="bbox 2417 3171 3940 3245">
    <p class='ocr_par' dir='ltr' id='par_1_78' title="bbox 2417 3171 3940 3245">
     <span class='ocr_line' id='line_1_78' title="bbox 2417 3171 3940 3245; baseline -0.004 -17"><span class='ocrx_word' id='word_1_549' title='bbox 2417 3175 2727 3245; x_wconf 76' lang='grc' dir='ltr'>Πνεύματος</span> <span class='ocrx_word' id='word_1_550' title='bbox 2748 3172 3052 3244; x_wconf 87' lang='grc' dir='ltr'>χαρίσματα</span> <span class='ocrx_word' id='word_1_551' title='bbox 3075 3171 3135 3224; x_wconf 79' lang='grc' dir='ltr'><strong>οὐ</strong></span> <span class='ocrx_word' id='word_1_552' title='bbox 3163 3171 3556 3242; x_wconf 83' lang='grc' dir='ltr'>λειτουργικῶς,</span> <span class='ocrx_word' id='word_1_553' title='bbox 3589 3173 3700 3224; x_wconf 85' lang='grc' dir='ltr'>ἀλλ’</span> <span class='ocrx_word' id='word_1_554' title='bbox 3726 3191 3742 3222; x_wconf 79' lang='grc' dir='ltr'><strong>ι</strong></span> <span class='ocrx_word' id='word_1_555' title='bbox 3771 3171 3940 3224; x_wconf 77' lang='grc' dir='ltr'>αὐθεν-</span> 
     </span>
    </p>
   </div>
   <div class='ocr_carea' id='block_1_79' title="bbox 2418 3263 3938 3333">
    <p class='ocr_par' dir='ltr' id='par_1_79' title="bbox 2418 3263 3938 3333">
     <span class='ocr_line' id='line_1_79' title="bbox 2418 3263 3938 3333; baseline -0.003 -15"><span class='ocrx_word' id='word_1_556' title='bbox 2418 3266 2581 3329; x_wconf 85' lang='grc' dir='ltr'>τικῶς</span> <span class='ocrx_word' id='word_1_557' title='bbox 2611 3283 2627 3315; x_wconf 76' lang='grc' dir='ltr'><strong>ι</strong></span> <span class='ocrx_word' id='word_1_558' title='bbox 2657 3263 2896 3332; x_wconf 88' lang='grc' dir='ltr'>γίνεσθαι</span> <span class='ocrx_word' id='word_1_559' title='bbox 2927 3265 3094 3333; x_wconf 88' lang='grc' dir='ltr'>λέγει.</span> <span class='ocrx_word' id='word_1_560' title='bbox 3121 3264 3232 3316; x_wconf 76' lang='grc' dir='ltr'>Καὶ</span> <span class='ocrx_word' id='word_1_561' title='bbox 3269 3263 3516 3326; x_wconf 88' lang='grc' dir='ltr'>Συνέσιος</span> <span class='ocrx_word' id='word_1_562' title='bbox 3542 3264 3819 3332; x_wconf 82' lang='grc' dir='ltr'>φιλόσοφος</span> <span class='ocrx_word' id='word_1_563' title='bbox 3847 3263 3938 3315; x_wconf 73' lang='grc' dir='ltr'>τῶν</span> 
     </span>
    </p>
   </div>
   <div class='ocr_carea' id='block_1_80' title="bbox 2417 3353 3936 3426">
    <p class='ocr_par' dir='ltr' id='par_1_80' title="bbox 2417 3353 3936 3426">
     <span class='ocr_line' id='line_1_80' title="bbox 2417 3353 3936 3426; baseline -0.002 -17"><span class='ocrx_word' id='word_1_564' title='bbox 2417 3357 2749 3424; x_wconf 83' lang='grc' dir='ltr'>λογιωτάτων</span> <span class='ocrx_word' id='word_1_565' title='bbox 2778 3355 2966 3426; x_wconf 83' lang='grc' dir='ltr'>μικρὸν</span> <span class='ocrx_word' id='word_1_566' title='bbox 2997 3355 3218 3426; x_wconf 76' lang='grc' dir='ltr'>ὕστερον</span> <span class='ocrx_word' id='word_1_567' title='bbox 3243 3355 3334 3406; x_wconf 76' lang='grc' dir='ltr'><strong>ἐπὶ</strong></span> <span class='ocrx_word' id='word_1_568' title='bbox 3376 3353 3672 3417; x_wconf 77' lang='grc' dir='ltr'>Θεοδοσίου,</span> <span class='ocrx_word' id='word_1_569' title='bbox 3695 3353 3936 3407; x_wconf 83' lang='grc' dir='ltr'>πυνθανὸ-</span> 
     </span>
    </p>
   </div>
   <div class='ocr_carea' id='block_1_81' title="bbox 2421 3445 3936 3520">
    <p class='ocr_par' dir='ltr' id='par_1_81' title="bbox 2421 3445 3936 3520">
     <span class='ocr_line' id='line_1_81' title="bbox 2421 3445 3936 3520; baseline -0.003 -19"><span class='ocrx_word' id='word_1_570' title='bbox 2421 3466 2576 3519; x_wconf 87' lang='grc' dir='ltr'>μενος</span> <span class='ocrx_word' id='word_1_571' title='bbox 2623 3445 2956 3520; x_wconf 81' lang='grc' dir='ltr'>πατριάρχου</span> <span class='ocrx_word' id='word_1_572' title='bbox 3008 3445 3284 3516; x_wconf 83' lang='grc' dir='ltr'>Θεοφίλου,</span> <span class='ocrx_word' id='word_1_573' title='bbox 3319 3447 3367 3498; x_wconf 76' lang='grc' dir='ltr'>εἰ</span> <span class='ocrx_word' id='word_1_574' title='bbox 3409 3446 3510 3516; x_wconf 77' lang='grc' dir='ltr'>χρὴ</span> <span class='ocrx_word' id='word_1_575' title='bbox 3557 3446 3786 3516; x_wconf 75' lang='grc' dir='ltr'>νομίζειν</span> <span class='ocrx_word' id='word_1_576' title='bbox 3833 3445 3936 3498; x_wconf 71' lang='grc' dir='ltr'>ἐςτί-</span> 
     </span>
    </p>
   </div>
   <div class='ocr_carea' id='block_1_82' title="bbox 2419 3537 3940 3610">
    <p class='ocr_par' dir='ltr' id='par_1_82' title="bbox 2419 3537 3940 3610">
     <span class='ocr_line' id='line_1_82' title="bbox 2419 3537 3940 3610; baseline -0.001 -18"><span class='ocrx_word' id='word_1_577' title='bbox 2419 3551 2613 3592; x_wconf 80' lang='grc' dir='ltr'>σκοπον</span> <span class='ocrx_word' id='word_1_578' title='bbox 2648 3539 2988 3610; x_wconf 76' lang='grc' dir='ltr'>Ἀλέξανδρόν</span> <span class='ocrx_word' id='word_1_579' title='bbox 3018 3557 3156 3604; x_wconf 89' lang='grc' dir='ltr'>τινα,</span> <span class='ocrx_word' id='word_1_580' title='bbox 3183 3539 3616 3610; x_wconf 84' lang='grc' dir='ltr'>χειροτονηθέντα</span> <span class='ocrx_word' id='word_1_581' title='bbox 3642 3539 3741 3591; x_wconf 74' lang='grc' dir='ltr'><strong>ὑπὸ</strong></span> <span class='ocrx_word' id='word_1_582' title='bbox 3779 3537 3940 3590; x_wconf 78' lang='grc' dir='ltr'><strong>Ἰωάν-</strong></span> 
     </span>
    </p>
   </div>
   <div class='ocr_carea' id='block_1_83' title="bbox 2415 3629 3938 3702">
    <p class='ocr_par' dir='ltr' id='par_1_83' title="bbox 2415 3629 3938 3702">
     <span class='ocr_line' id='line_1_83' title="bbox 2415 3629 3938 3702; baseline -0.004 -16"><span class='ocrx_word' id='word_1_583' title='bbox 2415 3649 2503 3686; x_wconf 87' lang='grc' dir='ltr'><strong>νου</strong></span> <span class='ocrx_word' id='word_1_584' title='bbox 2539 3633 2630 3684; x_wconf 82' lang='grc' dir='ltr'><strong>τοῦ</strong></span> <span class='ocrx_word' id='word_1_585' title='bbox 2665 3632 2800 3702; x_wconf 73' lang='grc' dir='ltr'>μετὰ</span> <span class='ocrx_word' id='word_1_586' title='bbox 2821 3629 2987 3684; x_wconf 88' lang='grc' dir='ltr'>ταῦτα</span> <span class='ocrx_word' id='word_1_587' title='bbox 3024 3631 3360 3701; x_wconf 86' lang='grc' dir='ltr'>νομισθέντος</span> <span class='ocrx_word' id='word_1_588' title='bbox 3389 3631 3560 3698; x_wconf 81' lang='grc' dir='ltr'>ἁγίου,</span> <span class='ocrx_word' id='word_1_589' title='bbox 3583 3631 3674 3682; x_wconf 76' lang='grc' dir='ltr'><strong>καὶ</strong></span> <span class='ocrx_word' id='word_1_590' title='bbox 3697 3631 3938 3698; x_wconf 75' lang='grc' dir='ltr'>ἐπονομαο</span> 
     </span>
    </p>
   </div>
   <div class='ocr_carea' id='block_1_84' title="bbox 2419 3719 3929 3792">
    <p class='ocr_par' dir='ltr' id='par_1_84' title="bbox 2419 3719 3929 3792">
     <span class='ocr_line' id='line_1_84' title="bbox 2419 3719 3929 3792; baseline -0.002 -16"><span class='ocrx_word' id='word_1_591' title='bbox 2419 3723 2627 3784; x_wconf 83' lang='grc' dir='ltr'>σθέντος</span> <span class='ocrx_word' id='word_1_592' title='bbox 2663 3719 3061 3792; x_wconf 80' lang='grc' dir='ltr'>Χρυσοστόμου,</span> <span class='ocrx_word' id='word_1_593' title='bbox 3093 3721 3212 3774; x_wconf 87' lang='grc' dir='ltr'>τότε</span> <span class='ocrx_word' id='word_1_594' title='bbox 3253 3719 3338 3772; x_wconf 86' lang='grc' dir='ltr'><strong>διά</strong></span> <span class='ocrx_word' id='word_1_595' title='bbox 3370 3737 3490 3774; x_wconf 86' lang='grc' dir='ltr'>τινα</span> <span class='ocrx_word' id='word_1_596' title='bbox 3535 3719 3813 3790; x_wconf 71' lang='grc' dir='ltr'>συμϐᾶσαν</span> <span class='ocrx_word' id='word_1_597' title='bbox 3841 3721 3929 3773; x_wconf 78' lang='grc' dir='ltr'>διο·</span> 
     </span>
    </p>
   </div>
   <div class='ocr_carea' id='block_1_85' title="bbox 2417 3801 3938 3884">
    <p class='ocr_par' dir='ltr' id='par_1_85' title="bbox 2417 3801 3938 3884">
     <span class='ocr_line' id='line_1_85' title="bbox 2417 3801 3938 3884; baseline -0.002 -18"><span class='ocrx_word' id='word_1_598' title='bbox 2417 3814 2587 3884; x_wconf 73' lang='grc' dir='ltr'>φορὰν</span> <span class='ocrx_word' id='word_1_599' title='bbox 2643 3813 2734 3866; x_wconf 57' lang='grc' dir='ltr'><strong>και¹</strong></span> <span class='ocrx_word' id='word_1_600' title='bbox 2792 3801 2978 3866; x_wconf 76' lang='grc' dir='ltr'>στάσιν</span> <span class='ocrx_word' id='word_1_601' title='bbox 3033 3811 3141 3864; x_wconf 84' lang='grc' dir='ltr'><strong>τῶν</strong></span> <span class='ocrx_word' id='word_1_602' title='bbox 3203 3809 3530 3881; x_wconf 83' lang='grc' dir='ltr'>Ἐκκλησιῶν</span> <span class='ocrx_word' id='word_1_603' title='bbox 3583 3811 3938 3882; x_wconf 73' lang='grc' dir='ltr'>ἀφωρισμένον</span> 
     </span>
    </p>
   </div>
   <div class='ocr_carea' id='block_1_86' title="bbox 2415 3899 3938 3976">
    <p class='ocr_par' dir='ltr' id='par_1_86' title="bbox 2415 3899 3938 3976">
     <span class='ocr_line' id='line_1_86' title="bbox 2415 3899 3938 3976; baseline -0.003 -18"><span class='ocrx_word' id='word_1_604' title='bbox 2415 3906 2601 3976; x_wconf 78' lang='grc' dir='ltr'>γνώμῃ</span> <span class='ocrx_word' id='word_1_605' title='bbox 2659 3905 2934 3976; x_wconf 86' lang='grc' dir='ltr'>συνοδικῇ,</span> <span class='ocrx_word' id='word_1_606' title='bbox 2991 3899 3082 3959; x_wconf 77' lang='grc' dir='ltr'><strong>ὧδ’</strong></span> <span class='ocrx_word' id='word_1_607' title='bbox 3121 3903 3398 3974; x_wconf 74' lang='grc' dir='ltr'>ἐπιφέρει·</span> <span class='ocrx_word' id='word_1_608' title='bbox 3440 3922 3457 3954; x_wconf 82' lang='grc' dir='ltr'><strong>ι</strong></span> <span class='ocrx_word' id='word_1_609' title='bbox 3481 3903 3622 3974; x_wconf 73' lang='grc' dir='ltr'>Πρὸς</span> <span class='ocrx_word' id='word_1_610' title='bbox 3664 3901 3694 3955; x_wconf 80' lang='grc' dir='ltr'><strong>ὃ</strong></span> <span class='ocrx_word' id='word_1_611' title='bbox 3733 3903 3816 3955; x_wconf 83' lang='grc' dir='ltr'><strong>δεῖ</strong></span> <span class='ocrx_word' id='word_1_612' title='bbox 3853 3901 3938 3972; x_wconf 53' lang='grc' dir='ltr'><strong>τὴν</strong></span> 
     </span>
    </p>
   </div>
   <div class='ocr_carea' id='block_1_87' title="bbox 2416 3979 3936 4065">
    <p class='ocr_par' dir='ltr' id='par_1_87' title="bbox 2416 3979 3936 4065">
     <span class='ocr_line' id='line_1_87' title="bbox 2416 3979 3936 4065; baseline -0.003 -18"><span class='ocrx_word' id='word_1_613' title='bbox 2416 3996 2698 4048; x_wconf 80' lang='grc' dir='ltr'>αὐθεντίαν</span> <span class='ocrx_word' id='word_1_614' title='bbox 2740 3998 2834 4065; x_wconf 86' lang='grc' dir='ltr'>τῆς</span> <span class='ocrx_word' id='word_1_615' title='bbox 2883 3979 3238 4063; x_wconf 80' lang='grc' dir='ltr'>ἀποστολικῆς</span> <span class='ocrx_word' id='word_1_616' title='bbox 3286 3993 3532 4064; x_wconf 81' lang='grc' dir='ltr'>διαδοχῆς</span> <span class='ocrx_word' id='word_1_617' title='bbox 3569 3994 3936 4065; x_wconf 79' lang='grc' dir='ltr'>ἀποκρίνασθαι</span> 
     </span>
    </p>
   </div>
   <div class='ocr_carea' id='block_1_88' title="bbox 2416 4083 3932 4155">
    <p class='ocr_par' dir='ltr' id='par_1_88' title="bbox 2416 4083 3932 4155">
     <span class='ocr_line' id='line_1_88' title="bbox 2416 4083 3932 4155; baseline -0.001 -15"><span class='ocrx_word' id='word_1_618' title='bbox 2416 4087 2598 4149; x_wconf 80' lang='grc' dir='ltr'>ἁπλῶς</span> <span class='ocrx_word' id='word_1_619' title='bbox 2637 4087 2728 4138; x_wconf 82' lang='grc' dir='ltr'><strong>καὶ</strong></span> <span class='ocrx_word' id='word_1_620' title='bbox 2776 4085 2977 4155; x_wconf 82' lang='grc' dir='ltr'>σαφῶς.</span> <span class='ocrx_word' id='word_1_621' title='bbox 3023 4105 3042 4136; x_wconf 74' lang='grc' dir='ltr'><strong>ι</strong></span> <span class='ocrx_word' id='word_1_622' title='bbox 3089 4086 3160 4136; x_wconf 84' lang='grc' dir='ltr'><strong>Οὐ</strong></span> <span class='ocrx_word' id='word_1_623' title='bbox 3200 4084 3302 4153; x_wconf 81' lang='grc' dir='ltr'><strong>μὴν</strong></span> <span class='ocrx_word' id='word_1_624' title='bbox 3346 4083 3480 4138; x_wconf 81' lang='grc' dir='ltr'>ἀλλὰ</span> <span class='ocrx_word' id='word_1_625' title='bbox 3523 4086 3618 4137; x_wconf 66' lang='grc' dir='ltr'><strong>καὶ</strong></span> <span class='ocrx_word' id='word_1_626' title='bbox 3665 4087 3932 4154; x_wconf 83' lang='grc' dir='ltr'>Ῥωμαῖοι.</span> 
     </span>
    </p>
   </div>
   <div class='ocr_carea' id='block_1_89' title="bbox 2415 4171 3935 4248">
    <p class='ocr_par' dir='ltr' id='par_1_89' title="bbox 2415 4171 3935 4248">
     <span class='ocr_line' id='line_1_89' title="bbox 2415 4171 3935 4248; baseline -0.005 -18"><span class='ocrx_word' id='word_1_627' title='bbox 2415 4177 2488 4240; x_wconf 83' lang='grc' dir='ltr'>ὡς</span> <span class='ocrx_word' id='word_1_628' title='bbox 2530 4177 2864 4248; x_wconf 77' lang='grc' dir='ltr'>Πλούταρχος</span> <span class='ocrx_word' id='word_1_629' title='bbox 2902 4177 3118 4246; x_wconf 77' lang='grc' dir='ltr'>ἱστορεῖ,</span> <span class='ocrx_word' id='word_1_630' title='bbox 3151 4178 3248 4246; x_wconf 81' lang='grc' dir='ltr'><strong>τὴν</strong></span> <span class='ocrx_word' id='word_1_631' title='bbox 3293 4177 3390 4248; x_wconf 54' lang='lat' dir='ltr'><strong>eli</strong></span> <span class='ocrx_word' id='word_1_632' title='bbox 3411 4177 3536 4244; x_wconf 84' lang='grc' dir='ltr'>τρία</span> <span class='ocrx_word' id='word_1_633' title='bbox 3579 4175 3830 4246; x_wconf 87' lang='grc' dir='ltr'>διαίρεσιν</span> <span class='ocrx_word' id='word_1_634' title='bbox 3855 4171 3935 4226; x_wconf 73' lang='grc' dir='ltr'><strong>τοῦ</strong></span> 
     </span>
    </p>
   </div>
   <div class='ocr_carea' id='block_1_90' title="bbox 2419 4263 3936 4339">
    <p class='ocr_par' dir='ltr' id='par_1_90' title="bbox 2419 4263 3936 4339">
     <span class='ocr_line' id='line_1_90' title="bbox 2419 4263 3936 4339; baseline -0.002 -20"><span class='ocrx_word' id='word_1_635' title='bbox 2419 4267 2582 4336; x_wconf 84' lang='grc' dir='ltr'>μηνὸς</span> <span class='ocrx_word' id='word_1_636' title='bbox 2623 4263 2756 4338; x_wconf 76' lang='grc' dir='ltr'>πρὸς</span> <span class='ocrx_word' id='word_1_637' title='bbox 2795 4265 2892 4328; x_wconf 78' lang='grc' dir='ltr'>τὰς</span> <span class='ocrx_word' id='word_1_638' title='bbox 2949 4267 3206 4336; x_wconf 86' lang='grc' dir='ltr'>μεγίστας</span> <span class='ocrx_word' id='word_1_639' title='bbox 3247 4269 3394 4339; x_wconf 80' lang='grc' dir='ltr'>τρεῖς</span> <span class='ocrx_word' id='word_1_640' title='bbox 3435 4265 3692 4336; x_wconf 78' lang='grc' dir='ltr'>διαφορὰς</span> <span class='ocrx_word' id='word_1_641' title='bbox 3729 4267 3822 4335; x_wconf 82' lang='grc' dir='ltr'>τῆς</span> <span class='ocrx_word' id='word_1_642' title='bbox 3864 4281 3936 4316; x_wconf 81' lang='grc' dir='ltr'>σε·</span> 
     </span>
    </p>
   </div>
   <div class='ocr_carea' id='block_1_91' title="bbox 2415 4355 3938 4430">
    <p class='ocr_par' dir='ltr' id='par_1_91' title="bbox 2415 4355 3938 4430">
     <span class='ocr_line' id='line_1_91' title="bbox 2415 4355 3938 4430; baseline -0.001 -20"><span class='ocrx_word' id='word_1_643' title='bbox 2415 4359 2578 4430; x_wconf 80' lang='grc' dir='ltr'>λήνης</span> <span class='ocrx_word' id='word_1_644' title='bbox 2629 4359 2945 4428; x_wconf 85' lang='grc' dir='ltr'>τυγχάνουσι</span> <span class='ocrx_word' id='word_1_645' title='bbox 3001 4355 3256 4428; x_wconf 64' lang='grc' dir='ltr'>πρᾷτερον</span> <span class='ocrx_word' id='word_1_646' title='bbox 3319 4357 3701 4427; x_wconf 75' lang='grc' dir='ltr'>πεποιηκάτες·</span> <span class='ocrx_word' id='word_1_647' title='bbox 3751 4355 3938 4420; x_wconf 64' lang='grc' dir='ltr'>Καλὲντ</span> 
     </span>
    </p>
   </div>
   <div class='ocr_carea' id='block_1_92' title="bbox 2414 4446 3934 4520">
    <p class='ocr_par' dir='ltr' id='par_1_92' title="bbox 2414 4446 3934 4520">
     <span class='ocr_line' id='line_1_92' title="bbox 2414 4446 3934 4520; baseline -0.005 -16"><span class='ocrx_word' id='word_1_648' title='bbox 2414 4452 2508 4513; x_wconf 83' lang='grc' dir='ltr'><strong>δας</strong></span> <span class='ocrx_word' id='word_1_649' title='bbox 2550 4451 2650 4520; x_wconf 83' lang='grc' dir='ltr'>μὲν</span> <span class='ocrx_word' id='word_1_650' title='bbox 2689 4450 2786 4518; x_wconf 83' lang='grc' dir='ltr'><strong>τὴν</strong></span> <span class='ocrx_word' id='word_1_651' title='bbox 2834 4450 3121 4519; x_wconf 87' lang='grc' dir='ltr'>νουμηνίαν</span> <span class='ocrx_word' id='word_1_652' title='bbox 3172 4447 3526 4510; x_wconf 82' lang='grc' dir='ltr'>καλέσαντες,</span> <span class='ocrx_word' id='word_1_653' title='bbox 3572 4450 3652 4500; x_wconf 80' lang='grc' dir='ltr'><strong>ὅτι</strong></span> <span class='ocrx_word' id='word_1_654' title='bbox 3699 4449 3822 4519; x_wconf 84' lang='grc' dir='ltr'>περὶ</span> <span class='ocrx_word' id='word_1_655' title='bbox 3855 4446 3934 4514; x_wconf 73' lang='grc' dir='ltr'>τὴν</span> 
     </span>
    </p>
   </div>
   <div class='ocr_carea' id='block_1_93' title="bbox 781 4534 2324 4618">
    <p class='ocr_par' dir='ltr' id='par_1_93' title="bbox 781 4543 2317 4613">
     <span class='ocr_line' id='line_1_93' title="bbox 781 4543 2317 4613; baseline -0.005 -13"><span class='ocrx_word' id='word_1_656' title='bbox 781 4548 935 4600; x_wconf 88' lang='lat' dir='ltr'><strong>eham</strong></span> <span class='ocrx_word' id='word_1_657' title='bbox 969 4543 1345 4613; x_wconf 83' lang='lat' dir='ltr'><strong>Theophilum.</strong></span> <span class='ocrx_word' id='word_1_658' title='bbox 1379 4558 1446 4595; x_wconf 90' lang='lat' dir='ltr'><strong>an</strong></span> <span class='ocrx_word' id='word_1_659' title='bbox 1476 4549 1721 4612; x_wconf 87' lang='lat' dir='ltr'><strong>oporteat</strong></span> <span class='ocrx_word' id='word_1_660' title='bbox 1739 4543 2104 4596; x_wconf 80' lang='lat' dir='ltr'><strong>Alexandrum</strong></span> <span class='ocrx_word' id='word_1_661' title='bbox 2129 4555 2317 4611; x_wconf 86' lang='lat' dir='ltr'><strong>quem-</strong></span> 
     </span>
    </p>
   </div>
   <div class='ocr_carea' id='block_1_94' title="bbox 2387 4534 3937 4618">
    <p class='ocr_par' dir='ltr' id='par_1_94' title="bbox 2387 4534 3937 4610">
     <span class='ocr_line' id='line_1_94' title="bbox 2387 4534 3937 4610; baseline -0.015 -15"><span class='ocrx_word' id='word_1_662' title='bbox 2387 4542 2628 4605; x_wconf 63' lang='grc' dir='ltr'>ισύνοδον</span> <span class='ocrx_word' id='word_1_663' title='bbox 2672 4535 2802 4592; x_wconf 77' lang='grc' dir='ltr'>οὖσα</span> <span class='ocrx_word' id='word_1_664' title='bbox 2831 4539 2940 4590; x_wconf 83' lang='grc' dir='ltr'>τόθ’</span> <span class='ocrx_word' id='word_1_665' title='bbox 2975 4541 3008 4608; x_wconf 82' lang='grc' dir='ltr'><strong>ἡ</strong></span> <span class='ocrx_word' id='word_1_666' title='bbox 3057 4540 3248 4610; x_wconf 84' lang='grc' dir='ltr'>σελήνη</span> <span class='ocrx_word' id='word_1_667' title='bbox 3302 4535 3487 4609; x_wconf 81' lang='grc' dir='ltr'>ὥσπερ</span> <span class='ocrx_word' id='word_1_668' title='bbox 3523 4537 3756 4608; x_wconf 64' lang='grc' dir='ltr'>λέληθεν,</span> <span class='ocrx_word' id='word_1_669' title='bbox 3781 4534 3937 4588; x_wconf 50' lang='lat' dir='ltr'><strong>emta-</strong></span> 
     </span>
    </p>
   </div>
   <div class='ocr_carea' id='block_1_95' title="bbox 783 4627 2314 4703">
    <p class='ocr_par' dir='ltr' id='par_1_95' title="bbox 783 4627 2314 4703">
     <span class='ocr_line' id='line_1_95' title="bbox 783 4627 2314 4703; baseline -0.004 -14"><span class='ocrx_word' id='word_1_670' title='bbox 783 4637 905 4690; x_wconf 88' lang='lat' dir='ltr'><strong>dam</strong></span> <span class='ocrx_word' id='word_1_671' title='bbox 941 4637 1254 4690; x_wconf 82' lang='lat' dir='ltr'><strong>existimare</strong></span> <span class='ocrx_word' id='word_1_672' title='bbox 1283 4636 1617 4703; x_wconf 88' lang='lat' dir='ltr'><strong>episcopum,</strong></span> <span class='ocrx_word' id='word_1_673' title='bbox 1648 4633 1716 4694; x_wconf 77' lang='lat' dir='ltr'><strong>in,</strong></span> <span class='ocrx_word' id='word_1_674' title='bbox 1747 4631 2121 4701; x_wconf 85' lang='lat' dir='ltr'><strong>episcoporum</strong></span> <span class='ocrx_word' id='word_1_675' title='bbox 2165 4627 2314 4684; x_wconf 80' lang='lat' dir='ltr'><strong>ordi-</strong></span> 
     </span>
    </p>
   </div>
   <div class='ocr_carea' id='block_1_96' title="bbox 785 4722 2316 4794">
    <p class='ocr_par' dir='ltr' id='par_1_96' title="bbox 785 4722 2316 4794">
     <span class='ocr_line' id='line_1_96' title="bbox 785 4722 2316 4794; baseline -0.001 -16"><span class='ocrx_word' id='word_1_676' title='bbox 785 4741 904 4779; x_wconf 90' lang='lat' dir='ltr'><strong>nem</strong></span> <span class='ocrx_word' id='word_1_677' title='bbox 939 4726 1250 4794; x_wconf 89' lang='lat' dir='ltr'><strong>adoptatum</strong></span> <span class='ocrx_word' id='word_1_678' title='bbox 1279 4727 1348 4778; x_wconf 88' lang='lat' dir='ltr'><strong>ab</strong></span> <span class='ocrx_word' id='word_1_679' title='bbox 1376 4723 1602 4786; x_wconf 84' lang='lat' dir='ltr'><strong>Joanne,</strong></span> <span class='ocrx_word' id='word_1_680' title='bbox 1639 4725 1730 4793; x_wconf 88' lang='lat' dir='ltr'><strong>qui</strong></span> <span class='ocrx_word' id='word_1_681' title='bbox 1763 4727 1945 4792; x_wconf 83' lang='lat' dir='ltr'><strong>postea</strong></span> <span class='ocrx_word' id='word_1_682' title='bbox 1988 4722 2127 4776; x_wconf 87' lang='lat' dir='ltr'><strong>inter</strong></span> <span class='ocrx_word' id='word_1_683' title='bbox 2163 4722 2316 4776; x_wconf 84' lang='lat' dir='ltr'><strong>divos</strong></span> 
     </span>
    </p>
   </div>
   <div class='ocr_carea' id='block_1_97' title="bbox 785 4812 2316 4884">
    <p class='ocr_par' dir='ltr' id='par_1_97' title="bbox 785 4812 2316 4884">
     <span class='ocr_line' id='line_1_97' title="bbox 785 4812 2316 4884; baseline -0.001 -18"><span class='ocrx_word' id='word_1_684' title='bbox 785 4815 1004 4876; x_wconf 81' lang='lat' dir='ltr'><strong>relatus,</strong></span> <span class='ocrx_word' id='word_1_685' title='bbox 1055 4821 1108 4868; x_wconf 89' lang='lat' dir='ltr'><strong>et</strong></span> <span class='ocrx_word' id='word_1_686' title='bbox 1156 4814 1574 4884; x_wconf 89' lang='lat' dir='ltr'><strong>Chrysostomus</strong></span> <span class='ocrx_word' id='word_1_687' title='bbox 1619 4814 2034 4883; x_wconf 76' lang='lat' dir='ltr'><strong>cognominatus</strong></span> <span class='ocrx_word' id='word_1_688' title='bbox 2072 4819 2192 4866; x_wconf 88' lang='lat' dir='ltr'><strong>est:</strong></span> <span class='ocrx_word' id='word_1_689' title='bbox 2223 4812 2316 4866; x_wconf 87' lang='lat' dir='ltr'><strong>sed</strong></span> 
     </span>
    </p>
   </div>
   <div class='ocr_carea' id='block_1_98' title="bbox 781 4903 2322 4974">
    <p class='ocr_par' dir='ltr' id='par_1_98' title="bbox 781 4903 2322 4974">
     <span class='ocr_line' id='line_1_98' title="bbox 781 4903 2322 4974; baseline -0.001 -16"><span class='ocrx_word' id='word_1_690' title='bbox 781 4920 908 4959; x_wconf 89' lang='lat' dir='ltr'><strong>tunc</strong></span> <span class='ocrx_word' id='word_1_691' title='bbox 955 4912 1174 4974; x_wconf 87' lang='lat' dir='ltr'><strong>propter</strong></span> <span class='ocrx_word' id='word_1_692' title='bbox 1225 4904 1512 4973; x_wconf 87' lang='lat' dir='ltr'><strong>quamdam</strong></span> <span class='ocrx_word' id='word_1_693' title='bbox 1557 4904 1950 4958; x_wconf 84' lang='lat' dir='ltr'><strong>contentionem</strong></span> <span class='ocrx_word' id='word_1_694' title='bbox 1998 4911 2050 4957; x_wconf 83' lang='lat' dir='ltr'><strong>et</strong></span> <span class='ocrx_word' id='word_1_695' title='bbox 2101 4903 2322 4956; x_wconf 87' lang='lat' dir='ltr'><strong>seditio-</strong></span> 
     </span>
    </p>
   </div>
   <div class='ocr_carea' id='block_1_99' title="bbox 782 4980 2318 5062">
    <p class='ocr_par' dir='ltr' id='par_1_99' title="bbox 782 4980 2318 5062">
     <span class='ocr_line' id='line_1_99' title="bbox 782 4980 2318 5062; baseline -0.003 -12"><span class='ocrx_word' id='word_1_696' title='bbox 782 5011 900 5050; x_wconf 89' lang='lat' dir='ltr'><strong>nem</strong></span> <span class='ocrx_word' id='word_1_697' title='bbox 947 4997 1016 5050; x_wconf 89' lang='lat' dir='ltr'><strong>ab</strong></span> <span class='ocrx_word' id='word_1_698' title='bbox 1061 4996 1319 5052; x_wconf 79' lang='lat' dir='ltr'><strong>Ecclesiis</strong></span> <span class='ocrx_word' id='word_1_699' title='bbox 1369 4996 1434 5049; x_wconf 91' lang='lat' dir='ltr'><strong>de</strong></span> <span class='ocrx_word' id='word_1_700' title='bbox 1483 4996 1698 5048; x_wconf 86' lang='lat' dir='ltr'><strong>concilii</strong></span> <span class='ocrx_word' id='word_1_701' title='bbox 1751 4996 2018 5049; x_wconf 87' lang='lat' dir='ltr'><strong>sententia</strong></span> <span class='ocrx_word' id='word_1_702' title='bbox 2063 4980 2318 5062; x_wconf 78' lang='lat' dir='ltr'><strong>exclusus</strong></span> 
     </span>
    </p>
   </div>
   <div class='ocr_carea' id='block_1_100' title="bbox 781 5083 2312 5154">
    <p class='ocr_par' dir='ltr' id='par_1_100' title="bbox 781 5083 2312 5154">
     <span class='ocr_line' id='line_1_100' title="bbox 781 5083 2312 5154; baseline -0.008 -10"><span class='ocrx_word' id='word_1_703' title='bbox 781 5097 896 5144; x_wconf 88' lang='lat' dir='ltr'><strong>erat</strong></span> <span class='ocrx_word' id='word_1_704' title='bbox 923 5107 932 5140; x_wconf 97' lang='lat'>:</span> <span class='ocrx_word' id='word_1_705' title='bbox 961 5089 1040 5142; x_wconf 91' lang='lat' dir='ltr'><strong>sic</strong></span> <span class='ocrx_word' id='word_1_706' title='bbox 1072 5087 1231 5141; x_wconf 84' lang='lat' dir='ltr'><strong>inl‘ert</strong></span> <span class='ocrx_word' id='word_1_707' title='bbox 1259 5108 1270 5140; x_wconf 90' lang='lat'>:</span> <span class='ocrx_word' id='word_1_708' title='bbox 1308 5106 1326 5136; x_wconf 76' lang='grc' dir='ltr'><strong>ι</strong></span> <span class='ocrx_word' id='word_1_709' title='bbox 1358 5087 1436 5140; x_wconf 83' lang='lat' dir='ltr'><strong>Ad</strong></span> <span class='ocrx_word' id='word_1_710' title='bbox 1458 5086 1602 5154; x_wconf 87' lang='lat' dir='ltr'><strong>quod</strong></span> <span class='ocrx_word' id='word_1_711' title='bbox 1633 5101 1766 5153; x_wconf 90' lang='lat' dir='ltr'><strong>opus</strong></span> <span class='ocrx_word' id='word_1_712' title='bbox 1796 5094 1878 5138; x_wconf 85' lang='lat' dir='ltr'><strong>est</strong></span> <span class='ocrx_word' id='word_1_713' title='bbox 1906 5083 2260 5142; x_wconf 84' lang='lat' dir='ltr'><strong>authentiam,</strong></span> <span class='ocrx_word' id='word_1_714' title='bbox 2295 5101 2312 5132; x_wconf 73' lang='grc' dir='ltr'><strong>ι</strong></span> 
     </span>
    </p>
   </div>
   <div class='ocr_carea' id='block_1_101' title="bbox 733 5175 2317 5245">
    <p class='ocr_par' dir='ltr' id='par_1_101' title="bbox 733 5175 2317 5245">
     <span class='ocr_line' id='line_1_101' title="bbox 733 5175 2317 5245; baseline -0.006 -11"><span class='ocrx_word' id='word_1_715' title='bbox 733 5213 736 5218; x_wconf 92' lang='lat'><strong><em>-</em></strong></span> <span class='ocrx_word' id='word_1_716' title='bbox 783 5182 832 5234; x_wconf 79' lang='lat' dir='ltr'><strong>id</strong></span> <span class='ocrx_word' id='word_1_717' title='bbox 862 5187 964 5240; x_wconf 84' lang='lat' dir='ltr'><strong>est,</strong></span> <span class='ocrx_word' id='word_1_718' title='bbox 999 5197 1016 5229; x_wconf 86' lang='grc'>‹</span> <span class='ocrx_word' id='word_1_719' title='bbox 1047 5180 1425 5233; x_wconf 83' lang='lat' dir='ltr'><strong>auctoritatem</strong></span> <span class='ocrx_word' id='word_1_720' title='bbox 1463 5177 1828 5232; x_wconf 68' lang='lat' dir='ltr'><strong>successionis</strong></span> <span class='ocrx_word' id='word_1_721' title='bbox 1855 5175 2164 5245; x_wconf 67' lang='lat' dir='ltr'><strong>apostolicae</strong></span> <span class='ocrx_word' id='word_1_722' title='bbox 2187 5175 2317 5228; x_wconf 86' lang='lat' dir='ltr'><strong>sim-</strong></span> 
     </span>
    </p>
   </div>
   <div class='ocr_carea' id='block_1_102' title="bbox 781 5266 2317 5340">
    <p class='ocr_par' dir='ltr' id='par_1_102' title="bbox 781 5266 2317 5340">
     <span class='ocr_line' id='line_1_102' title="bbox 781 5266 2317 5340; baseline -0.004 -18"><span class='ocrx_word' id='word_1_723' title='bbox 781 5271 1008 5340; x_wconf 85' lang='lat' dir='ltr'><strong>pliciter,</strong></span> <span class='ocrx_word' id='word_1_724' title='bbox 1053 5277 1106 5334; x_wconf 75' lang='lat' dir='ltr'><strong>et</strong></span> <span class='ocrx_word' id='word_1_725' title='bbox 1157 5277 1336 5336; x_wconf 83' lang='lat' dir='ltr'><strong>aperte</strong></span> <span class='ocrx_word' id='word_1_726' title='bbox 1394 5269 1714 5323; x_wconf 84' lang='lat' dir='ltr'><strong>sententiam</strong></span> <span class='ocrx_word' id='word_1_727' title='bbox 1770 5266 1928 5320; x_wconf 78' lang='lat' dir='ltr'><strong>ferre.</strong></span> <span class='ocrx_word' id='word_1_728' title='bbox 1960 5285 1977 5318; x_wconf 76' lang='grc' dir='ltr'><strong>ι</strong></span> <span class='ocrx_word' id='word_1_729' title='bbox 2033 5267 2317 5320; x_wconf 85' lang='lat' dir='ltr'><strong>Enimvero</strong></span> 
     </span>
    </p>
   </div>
   <div class='ocr_carea' id='block_1_103' title="bbox 781 5355 2317 5425">
    <p class='ocr_par' dir='ltr' id='par_1_103' title="bbox 781 5355 2317 5425">
     <span class='ocr_line' id='line_1_103' title="bbox 781 5355 2317 5425; baseline -0.001 -16"><span class='ocrx_word' id='word_1_730' title='bbox 781 5362 940 5412; x_wconf 60' lang='lat' dir='ltr'><strong>etiam</strong></span> <span class='ocrx_word' id='word_1_731' title='bbox 973 5358 1222 5422; x_wconf 80' lang='lat' dir='ltr'><strong>Romani,</strong></span> <span class='ocrx_word' id='word_1_732' title='bbox 1251 5367 1308 5410; x_wconf 90' lang='lat' dir='ltr'><strong>ut</strong></span> <span class='ocrx_word' id='word_1_733' title='bbox 1345 5359 1533 5412; x_wconf 86' lang='lat' dir='ltr'><strong>scribit</strong></span> <span class='ocrx_word' id='word_1_734' title='bbox 1559 5355 1908 5422; x_wconf 75' lang='lat' dir='ltr'><strong>Plutarchus,</strong></span> <span class='ocrx_word' id='word_1_735' title='bbox 1943 5357 2317 5425; x_wconf 80' lang='lat' dir='ltr'><strong>illnmmensis</strong></span> 
     </span>
    </p>
   </div>
   <div class='ocr_carea' id='block_1_104' title="bbox 778 5448 2318 5520">
    <p class='ocr_par' dir='ltr' id='par_1_104' title="bbox 778 5448 2318 5520">
     <span class='ocr_line' id='line_1_104' title="bbox 778 5448 2318 5520; baseline -0.003 -16"><span class='ocrx_word' id='word_1_736' title='bbox 778 5453 1099 5506; x_wconf 82' lang='lat' dir='ltr'><strong>divisionem</strong></span> <span class='ocrx_word' id='word_1_737' title='bbox 1139 5453 1464 5520; x_wconf 86' lang='lat' dir='ltr'><strong>tripartitam</strong></span> <span class='ocrx_word' id='word_1_738' title='bbox 1510 5453 1574 5506; x_wconf 84' lang='lat' dir='ltr'><strong>ad</strong></span> <span class='ocrx_word' id='word_1_739' title='bbox 1607 5461 1720 5505; x_wconf 88' lang='lat' dir='ltr'><strong>tres</strong></span> <span class='ocrx_word' id='word_1_740' title='bbox 1752 5451 2014 5504; x_wconf 75' lang='lat' dir='ltr'><strong>maximas</strong></span> <span class='ocrx_word' id='word_1_741' title='bbox 2045 5451 2186 5504; x_wconf 67' lang='lat' dir='ltr'><strong>lunae</strong></span> <span class='ocrx_word' id='word_1_742' title='bbox 2211 5448 2318 5501; x_wconf 78' lang='lat' dir='ltr'><strong>dii-</strong></span> 
     </span>
    </p>
   </div>
   <div class='ocr_carea' id='block_1_105' title="bbox 775 5527 2316 5608">
    <p class='ocr_par' dir='ltr' id='par_1_105' title="bbox 775 5527 2316 5608">
     <span class='ocr_line' id='line_1_105' title="bbox 775 5527 2316 5608; baseline -0.003 -12"><span class='ocrx_word' id='word_1_743' title='bbox 775 5543 1032 5598; x_wconf 78' lang='lat' dir='ltr'><strong>ferentias</strong></span> <span class='ocrx_word' id='word_1_744' title='bbox 1067 5551 1331 5606; x_wconf 83' lang='lat' dir='ltr'><strong>teccrunt,</strong></span> <span class='ocrx_word' id='word_1_745' title='bbox 1367 5542 1633 5597; x_wconf 75' lang='lat' dir='ltr'><strong>Kalendas</strong></span> <span class='ocrx_word' id='word_1_746' title='bbox 1673 5527 2006 5596; x_wconf 80' lang='lat' dir='ltr'><strong>novilunium</strong></span> <span class='ocrx_word' id='word_1_747' title='bbox 2043 5541 2316 5608; x_wconf 51' lang='lat' dir='ltr'><strong>appeliane</strong></span> 
     </span>
    </p>
   </div>
   <div class='ocr_carea' id='block_1_106' title="bbox 778 5626 2314 5703">
    <p class='ocr_par' dir='ltr' id='par_1_106' title="bbox 778 5626 2314 5703">
     <span class='ocr_line' id='line_1_106' title="bbox 778 5626 2314 5703; baseline -0.001 -18"><span class='ocrx_word' id='word_1_748' title='bbox 778 5647 876 5692; x_wconf 84' lang='lat' dir='ltr'><strong>tes,</strong></span> <span class='ocrx_word' id='word_1_749' title='bbox 910 5634 1054 5703; x_wconf 87' lang='lat' dir='ltr'><strong>quod</strong></span> <span class='ocrx_word' id='word_1_750' title='bbox 1083 5643 1196 5688; x_wconf 90' lang='lat' dir='ltr'><strong>tum</strong></span> <span class='ocrx_word' id='word_1_751' title='bbox 1233 5626 1361 5689; x_wconf 89' lang='lat' dir='ltr'><strong>luna</strong></span> <span class='ocrx_word' id='word_1_752' title='bbox 1402 5637 1455 5690; x_wconf 91' lang='lat' dir='ltr'><strong>in</strong></span> <span class='ocrx_word' id='word_1_753' title='bbox 1500 5637 1649 5690; x_wconf 88' lang='lat' dir='ltr'><strong>coitu</strong></span> <span class='ocrx_word' id='word_1_754' title='bbox 1684 5637 1980 5696; x_wconf 66' lang='lat' dir='ltr'><strong>exsislens,</strong></span> <span class='ocrx_word' id='word_1_755' title='bbox 2023 5635 2178 5702; x_wconf 86' lang='lat' dir='ltr'><strong>quasi</strong></span> <span class='ocrx_word' id='word_1_756' title='bbox 2223 5647 2314 5685; x_wconf 84' lang='lat' dir='ltr'><strong>oc-</strong></span> 
     </span>
    </p>
   </div>
   <div class='ocr_carea' id='block_1_107' title="bbox 776 5724 2312 5792">
    <p class='ocr_par' dir='ltr' id='par_1_107' title="bbox 776 5724 2312 5792">
     <span class='ocr_line' id='line_1_107' title="bbox 776 5724 2312 5792; baseline 0.001 -20"><span class='ocrx_word' id='word_1_757' title='bbox 776 5724 918 5776; x_wconf 78' lang='lat' dir='ltr'><strong>culta</strong></span> <span class='ocrx_word' id='word_1_758' title='bbox 973 5727 1044 5778; x_wconf 84' lang='lat' dir='ltr'><strong>sit</strong></span> <span class='ocrx_word' id='word_1_759' title='bbox 1095 5727 1306 5792; x_wconf 82' lang='lat' dir='ltr'><strong>penitus</strong></span> <span class='ocrx_word' id='word_1_760' title='bbox 1356 5726 1563 5780; x_wconf 74' lang='lat' dir='ltr'><strong>delecta</strong></span> <span class='ocrx_word' id='word_1_761' title='bbox 1615 5726 2070 5779; x_wconf 60' lang='lat' dir='ltr'><strong>lumineuclam</strong></span> <span class='ocrx_word' id='word_1_762' title='bbox 2101 5745 2118 5774; x_wconf 71' lang='grc' dir='ltr'><strong><em>ο</em></strong></span> <span class='ocrx_word' id='word_1_763' title='bbox 2171 5725 2312 5777; x_wconf 86' lang='lat' dir='ltr'><strong>enim</strong></span> 
     </span>
    </p>
   </div>
   <div class='ocr_carea' id='block_1_108' title="bbox 775 5813 2313 5888">
    <p class='ocr_par' dir='ltr' id='par_1_108' title="bbox 775 5813 2313 5888">
     <span class='ocr_line' id='line_1_108' title="bbox 775 5813 2313 5888; baseline 0.001 -21"><span class='ocrx_word' id='word_1_764' title='bbox 775 5813 1032 5870; x_wconf 72' lang='lat' dir='ltr'><strong>Romanis</strong></span> <span class='ocrx_word' id='word_1_765' title='bbox 1079 5819 1304 5872; x_wconf 77' lang='lat' dir='ltr'><strong>latenter</strong></span> <span class='ocrx_word' id='word_1_766' title='bbox 1349 5819 1637 5888; x_wconf 76' lang='lat' dir='ltr'><strong>significat,</strong></span> <span class='ocrx_word' id='word_1_767' title='bbox 1688 5819 1828 5872; x_wconf 67' lang='lat' dir='ltr'><strong>unde.</strong></span> <span class='ocrx_word' id='word_1_768' title='bbox 1875 5817 2139 5870; x_wconf 65' lang='lat' dir='ltr'><strong>ﬁniendas</strong></span> <span class='ocrx_word' id='word_1_769' title='bbox 2185 5816 2313 5869; x_wconf 85' lang='lat' dir='ltr'><strong>dicit</strong></span> 
     </span>
    </p>
   </div>
   <div class='ocr_carea' id='block_1_109' title="bbox 2417 4629 3932 4702">
    <p class='ocr_par' dir='ltr' id='par_1_109' title="bbox 2417 4629 3932 4702">
     <span class='ocr_line' id='line_1_109' title="bbox 2417 4629 3932 4702; baseline -0.005 -16"><span class='ocrx_word' id='word_1_770' title='bbox 2417 4634 2658 4695; x_wconf 74' lang='grc' dir='ltr'>λοι-πότος</span> <span class='ocrx_word' id='word_1_771' title='bbox 2688 4631 2751 4702; x_wconf 80' lang='grc' dir='ltr'>δὴ</span> <span class='ocrx_word' id='word_1_772' title='bbox 2783 4631 3055 4694; x_wconf 84' lang='grc' dir='ltr'>παντελῶς</span> <span class='ocrx_word' id='word_1_773' title='bbox 3093 4629 3184 4686; x_wconf 90' lang='grc' dir='ltr'><strong>τοῦ</strong></span> <span class='ocrx_word' id='word_1_774' title='bbox 3219 4630 3416 4699; x_wconf 76' lang='grc' dir='ltr'>φωτός·</span> <span class='ocrx_word' id='word_1_775' title='bbox 3470 4629 3530 4684; x_wconf 78' lang='grc' dir='ltr'>τὸ</span> <span class='ocrx_word' id='word_1_776' title='bbox 3565 4631 3671 4700; x_wconf 77' lang='grc' dir='ltr'><strong>γὰρ</strong></span> <span class='ocrx_word' id='word_1_777' title='bbox 3699 4647 3716 4680; x_wconf 78' lang='grc' dir='ltr'><strong>ι</strong></span> <span class='ocrx_word' id='word_1_778' title='bbox 3747 4629 3885 4696; x_wconf 71' lang='grc' dir='ltr'><strong>κλὰμ</strong></span> <span class='ocrx_word' id='word_1_779' title='bbox 3917 4644 3932 4672; x_wconf 77' lang='grc' dir='ltr'><strong>ι</strong></span> 
     </span>
    </p>
   </div>
   <div class='ocr_carea' id='block_1_110' title="bbox 2428 4715 3936 4794">
    <p class='ocr_par' dir='ltr' id='par_1_110' title="bbox 2428 4715 3936 4794">
     <span class='ocr_line' id='line_1_110' title="bbox 2428 4715 3936 4794; baseline -0.003 -18"><span class='ocrx_word' id='word_1_780' title='bbox 2428 4724 2714 4794; x_wconf 86' lang='grc' dir='ltr'>Ῥωμαίοις</span> <span class='ocrx_word' id='word_1_781' title='bbox 2741 4719 2801 4773; x_wconf 81' lang='grc' dir='ltr'><strong>τὸ</strong></span> <span class='ocrx_word' id='word_1_782' title='bbox 2827 4719 2996 4791; x_wconf 84' lang='grc' dir='ltr'>λάθρα</span> <span class='ocrx_word' id='word_1_783' title='bbox 3029 4716 3384 4788; x_wconf 76' lang='grc' dir='ltr'>διασημαίνει,</span> <span class='ocrx_word' id='word_1_784' title='bbox 3415 4717 3536 4772; x_wconf 85' lang='grc' dir='ltr'>ὅθεν</span> <span class='ocrx_word' id='word_1_785' title='bbox 3567 4718 3661 4781; x_wconf 76' lang='grc' dir='ltr'>τὰς</span> <span class='ocrx_word' id='word_1_786' title='bbox 3685 4715 3936 4772; x_wconf 68' lang='grc' dir='ltr'>Καλένδῦς</span> 
     </span>
    </p>
   </div>
   <div class='ocr_carea' id='block_1_111' title="bbox 2417 4805 3936 4886">
    <p class='ocr_par' dir='ltr' id='par_1_111' title="bbox 2417 4805 3936 4886">
     <span class='ocr_line' id='line_1_111' title="bbox 2417 4805 3936 4886; baseline -0.009 -20"><span class='ocrx_word' id='word_1_787' title='bbox 2417 4813 2720 4884; x_wconf 81' lang='grc' dir='ltr'>ὠνομάσθαι</span> <span class='ocrx_word' id='word_1_788' title='bbox 2763 4813 2926 4886; x_wconf 22' lang='grc' dir='ltr'>φησί..</span> <span class='ocrx_word' id='word_1_789' title='bbox 2947 4809 3134 4872; x_wconf 84' lang='grc' dir='ltr'>Νώνας</span> <span class='ocrx_word' id='word_1_790' title='bbox 3162 4810 3238 4872; x_wconf 82' lang='grc' dir='ltr'>δὲ,</span> <span class='ocrx_word' id='word_1_791' title='bbox 3269 4811 3393 4862; x_wconf 85' lang='grc' dir='ltr'>ὅταν</span> <span class='ocrx_word' id='word_1_792' title='bbox 3418 4807 3724 4878; x_wconf 82' lang='grc' dir='ltr'>καταφανὴς</span> <span class='ocrx_word' id='word_1_793' title='bbox 3743 4805 3936 4876; x_wconf 76' lang='grc' dir='ltr'>πρῶτον</span> 
     </span>
    </p>
   </div>
   <div class='ocr_carea' id='block_1_112' title="bbox 2418 4895 3934 4974">
    <p class='ocr_par' dir='ltr' id='par_1_112' title="bbox 2418 4895 3934 4974">
     <span class='ocr_line' id='line_1_112' title="bbox 2418 4895 3934 4974; baseline -0.004 -16"><span class='ocrx_word' id='word_1_794' title='bbox 2418 4906 2510 4958; x_wconf 74' lang='grc' dir='ltr'><strong>ἐπὶ</strong></span> <span class='ocrx_word' id='word_1_795' title='bbox 2531 4903 2744 4974; x_wconf 86' lang='grc' dir='ltr'>δυσμῶν</span> <span class='ocrx_word' id='word_1_796' title='bbox 2763 4904 2973 4973; x_wconf 85' lang='grc' dir='ltr'>γίνηται</span> <span class='ocrx_word' id='word_1_797' title='bbox 3004 4902 3124 4954; x_wconf 85' lang='grc' dir='ltr'>νέα·</span> <span class='ocrx_word' id='word_1_798' title='bbox 3151 4900 3333 4972; x_wconf 70' lang='grc' dir='ltr'>Είδοῦς</span> <span class='ocrx_word' id='word_1_799' title='bbox 3358 4899 3432 4963; x_wconf 82' lang='grc' dir='ltr'><strong>δὲ,</strong></span> <span class='ocrx_word' id='word_1_800' title='bbox 3463 4901 3608 4961; x_wconf 81' lang='grc' dir='ltr'>ὅταν,</span> <span class='ocrx_word' id='word_1_801' title='bbox 3631 4895 3934 4963; x_wconf 74' lang='grc' dir='ltr'>πανσέληνος</span> 
     </span>
    </p>
   </div>
   <div class='ocr_carea' id='block_1_113' title="bbox 2417 4989 3932 5067">
    <p class='ocr_par' dir='ltr' id='par_1_113' title="bbox 2417 4989 3932 5067">
     <span class='ocr_line' id='line_1_113' title="bbox 2417 4989 3932 5067; baseline -0.01 -18"><span class='ocrx_word' id='word_1_802' title='bbox 2417 4995 2569 5058; x_wconf 78' lang='grc' dir='ltr'>οὖσα,</span> <span class='ocrx_word' id='word_1_803' title='bbox 2601 4995 2934 5067; x_wconf 79' lang='grc' dir='ltr'>εὐειδεστέρα</span> <span class='ocrx_word' id='word_1_804' title='bbox 2975 4992 3071 5063; x_wconf 84' lang='grc' dir='ltr'><strong>τὴν</strong></span> <span class='ocrx_word' id='word_1_805' title='bbox 3113 4991 3232 5061; x_wconf 71' lang='grc' dir='ltr'>ὄψιν</span> <span class='ocrx_word' id='word_1_806' title='bbox 3367 4991 3500 5066; x_wconf 59' lang='grc' dir='ltr'>Ἀλλ’</span> <span class='ocrx_word' id='word_1_807' title='bbox 3531 4991 3676 5062; x_wconf 81' lang='grc' dir='ltr'>ὅμως</span> <span class='ocrx_word' id='word_1_808' title='bbox 3701 4989 3932 5056; x_wconf 76' lang='grc' dir='ltr'>ὓστερονο</span> 
     </span>
    </p>
   </div>
   <div class='ocr_carea' id='block_1_114' title="bbox 2419 5074 3934 5155">
    <p class='ocr_par' dir='ltr' id='par_1_114' title="bbox 2419 5074 3934 5155">
     <span class='ocr_line' id='line_1_114' title="bbox 2419 5074 3934 5155; baseline -0.01 -14"><span class='ocrx_word' id='word_1_809' title='bbox 2419 5089 2612 5146; x_wconf 87' lang='grc' dir='ltr'>καίτοι,</span> <span class='ocrx_word' id='word_1_810' title='bbox 2643 5085 2767 5142; x_wconf 75' lang='grc' dir='ltr'>καθ’,</span> <span class='ocrx_word' id='word_1_811' title='bbox 2791 5085 2936 5155; x_wconf 76' lang='grc' dir='ltr'>ἥλιον</span> <span class='ocrx_word' id='word_1_812' title='bbox 2975 5085 3195 5152; x_wconf 71' lang='grc' dir='ltr'>ἄγοντες</span> <span class='ocrx_word' id='word_1_813' title='bbox 3232 5083 3356 5146; x_wconf 81' lang='grc' dir='ltr'>τοὺς</span> <span class='ocrx_word' id='word_1_814' title='bbox 3401 5082 3592 5152; x_wconf 82' lang='grc' dir='ltr'>μῆνας,</span> <span class='ocrx_word' id='word_1_815' title='bbox 3619 5077 3811 5148; x_wconf 79' lang='grc' dir='ltr'>ὁμοίως</span> <span class='ocrx_word' id='word_1_816' title='bbox 3835 5074 3934 5144; x_wconf 78' lang='grc' dir='ltr'>ὀρί-</span> 
     </span>
    </p>
   </div>
   <div class='ocr_carea' id='block_1_115' title="bbox 2418 5165 3936 5252">
    <p class='ocr_par' dir='ltr' id='par_1_115' title="bbox 2418 5165 3936 5252">
     <span class='ocr_line' id='line_1_115' title="bbox 2418 5165 3936 5252; baseline -0.008 -20"><span class='ocrx_word' id='word_1_817' title='bbox 2418 5165 2608 5242; x_wconf 78' lang='grc' dir='ltr'>ζοντες</span> <span class='ocrx_word' id='word_1_818' title='bbox 2627 5178 2714 5232; x_wconf 82' lang='grc' dir='ltr'><strong>τὸν</strong></span> <span class='ocrx_word' id='word_1_819' title='bbox 2745 5177 2948 5246; x_wconf 84' lang='grc' dir='ltr'>χρόνον,</span> <span class='ocrx_word' id='word_1_820' title='bbox 2983 5175 3272 5252; x_wconf 80' lang='grc' dir='ltr'>Καλένδας,</span> <span class='ocrx_word' id='word_1_821' title='bbox 3297 5173 3390 5226; x_wconf 74' lang='grc' dir='ltr'><strong>καὶ</strong></span> <span class='ocrx_word' id='word_1_822' title='bbox 3415 5171 3624 5234; x_wconf 80' lang='grc' dir='ltr'>Νώνας,</span> <span class='ocrx_word' id='word_1_823' title='bbox 3654 5168 3748 5252; x_wconf 41' lang='grc' dir='ltr'>καὶ,</span> <span class='ocrx_word' id='word_1_824' title='bbox 3773 5167 3936 5226; x_wconf 67' lang='grc' dir='ltr'>Εἰδοὺς</span> 
     </span>
    </p>
   </div>
   <div class='ocr_carea' id='block_1_116' title="bbox 2418 5251 3934 5337">
    <p class='ocr_par' dir='ltr' id='par_1_116' title="bbox 2418 5251 3934 5337">
     <span class='ocr_line' id='line_1_116' title="bbox 2418 5251 3934 5337; baseline -0.005 -17"><span class='ocrx_word' id='word_1_825' title='bbox 2418 5270 2496 5322; x_wconf 74' lang='grc' dir='ltr'>ἔτι</span> <span class='ocrx_word' id='word_1_826' title='bbox 2529 5251 2797 5328; x_wconf 85' lang='grc' dir='ltr'>καλοῦσιν,</span> <span class='ocrx_word' id='word_1_827' title='bbox 2854 5269 3076 5337; x_wconf 84' lang='grc' dir='ltr'>ὀνόμασι</span> <span class='ocrx_word' id='word_1_828' title='bbox 3129 5251 3536 5336; x_wconf 71' lang='grc' dir='ltr'>καταχρώμενοι</span> <span class='ocrx_word' id='word_1_829' title='bbox 3575 5259 3656 5326; x_wconf 71' lang='grc' dir='ltr'>οἷς</span> <span class='ocrx_word' id='word_1_830' title='bbox 3699 5251 3934 5333; x_wconf 76' lang='grc' dir='ltr'>πρότερον</span> 
     </span>
    </p>
   </div>
   <div class='ocr_carea' id='block_1_117' title="bbox 2417 5349 3934 5428">
    <p class='ocr_par' dir='ltr' id='par_1_117' title="bbox 2417 5349 3934 5428">
     <span class='ocr_line' id='line_1_117' title="bbox 2417 5349 3934 5428; baseline -0.008 -14"><span class='ocrx_word' id='word_1_831' title='bbox 2417 5362 2633 5426; x_wconf 79' lang='grc' dir='ltr'>ἄγοντες</span> <span class='ocrx_word' id='word_1_832' title='bbox 2677 5360 2816 5413; x_wconf 78' lang='grc' dir='ltr'>κατὰ</span> <span class='ocrx_word' id='word_1_833' title='bbox 2868 5359 3090 5428; x_wconf 83' lang='grc' dir='ltr'>σελήνην</span> <span class='ocrx_word' id='word_1_834' title='bbox 3141 5358 3376 5428; x_wconf 83' lang='grc' dir='ltr'>ἐχρῶντο</span> <span class='ocrx_word' id='word_1_835' title='bbox 3411 5349 3636 5424; x_wconf 76' lang='grc' dir='ltr'>κυρίως.</span> <span class='ocrx_word' id='word_1_836' title='bbox 3681 5352 3840 5408; x_wconf 71' lang='grc' dir='ltr'>Οὐθὲν</span> <span class='ocrx_word' id='word_1_837' title='bbox 3881 5349 3934 5415; x_wconf 76' lang='grc' dir='ltr'>δὴ</span> 
     </span>
    </p>
   </div>
   <div class='ocr_carea' id='block_1_118' title="bbox 2417 5437 3937 5520">
    <p class='ocr_par' dir='ltr' id='par_1_118' title="bbox 2417 5437 3937 5520">
     <span class='ocr_line' id='line_1_118' title="bbox 2417 5437 3937 5520; baseline -0.009 -15"><span class='ocrx_word' id='word_1_838' title='bbox 2417 5453 2608 5505; x_wconf 82' lang='grc' dir='ltr'>ἄτοπον</span> <span class='ocrx_word' id='word_1_839' title='bbox 2640 5451 2744 5503; x_wconf 77' lang='grc' dir='ltr'>οὐδ’</span> <span class='ocrx_word' id='word_1_840' title='bbox 2781 5453 2928 5520; x_wconf 84' lang='grc' dir='ltr'>ἡμῖν,</span> <span class='ocrx_word' id='word_1_841' title='bbox 2977 5452 3023 5502; x_wconf 88' lang='grc' dir='ltr'><strong>εί</strong></span> <span class='ocrx_word' id='word_1_842' title='bbox 3071 5451 3348 5518; x_wconf 75' lang='grc' dir='ltr'>ἱστάμενον</span> <span class='ocrx_word' id='word_1_843' title='bbox 3399 5445 3675 5515; x_wconf 83' lang='grc' dir='ltr'>λέγοιμεν,</span> <span class='ocrx_word' id='word_1_844' title='bbox 3709 5443 3800 5495; x_wconf 74' lang='grc' dir='ltr'>καὶ</span> <span class='ocrx_word' id='word_1_845' title='bbox 3835 5437 3937 5508; x_wconf 68' lang='grc' dir='ltr'><strong>φεί-</strong></span> 
     </span>
    </p>
   </div>
   <div class='ocr_carea' id='block_1_119' title="bbox 2417 5534 3934 5612">
    <p class='ocr_par' dir='ltr' id='par_1_119' title="bbox 2417 5534 3934 5612">
     <span class='ocr_line' id='line_1_119' title="bbox 2417 5534 3934 5612; baseline -0.005 -18"><span class='ocrx_word' id='word_1_846' title='bbox 2417 5561 2592 5603; x_wconf 85' lang='grc' dir='ltr'>νοντα,</span> <span class='ocrx_word' id='word_1_847' title='bbox 2627 5543 2698 5612; x_wconf 83' lang='grc' dir='ltr'><strong>μὴ</strong></span> <span class='ocrx_word' id='word_1_848' title='bbox 2733 5543 2870 5595; x_wconf 85' lang='grc' dir='ltr'>κατὰ</span> <span class='ocrx_word' id='word_1_849' title='bbox 2900 5542 3124 5612; x_wconf 83' lang='grc' dir='ltr'>σελήνην</span> <span class='ocrx_word' id='word_1_850' title='bbox 3156 5534 3252 5600; x_wconf 76' lang='grc' dir='ltr'>ἔτι,</span> <span class='ocrx_word' id='word_1_851' title='bbox 3295 5538 3430 5592; x_wconf 82' lang='grc' dir='ltr'>ἀλλὰ</span> <span class='ocrx_word' id='word_1_852' title='bbox 3459 5537 3598 5603; x_wconf 81' lang='grc' dir='ltr'>κατὰ</span> <span class='ocrx_word' id='word_1_853' title='bbox 3621 5537 3764 5608; x_wconf 71' lang='grc' dir='ltr'>ἣλιον</span> <span class='ocrx_word' id='word_1_854' title='bbox 3795 5537 3934 5601; x_wconf 74' lang='grc' dir='ltr'>ἄγον·</span> 
     </span>
    </p>
   </div>
   <div class='ocr_carea' id='block_1_120' title="bbox 2415 5627 3934 5702">
    <p class='ocr_par' dir='ltr' id='par_1_120' title="bbox 2415 5627 3934 5702">
     <span class='ocr_line' id='line_1_120' title="bbox 2415 5627 3934 5702; baseline 0 -18"><span class='ocrx_word' id='word_1_855' title='bbox 2415 5651 2522 5694; x_wconf 87' lang='grc' dir='ltr'>τες.</span> <span class='ocrx_word' id='word_1_856' title='bbox 2564 5634 2840 5700; x_wconf 80' lang='grc' dir='ltr'>Ἀνὰλογον</span> <span class='ocrx_word' id='word_1_857' title='bbox 2877 5633 3060 5697; x_wconf 33' lang='grc' dir='ltr'>,τοίνυν</span> <span class='ocrx_word' id='word_1_858' title='bbox 3105 5636 3233 5702; x_wconf 81' lang='grc' dir='ltr'>ἡμῖν</span> <span class='ocrx_word' id='word_1_859' title='bbox 3272 5627 3380 5698; x_wconf 68' lang='grc' dir='ltr'>ἔξει</span> <span class='ocrx_word' id='word_1_860' title='bbox 3418 5631 3678 5701; x_wconf 83' lang='grc' dir='ltr'>νουμηνία</span> <span class='ocrx_word' id='word_1_861' title='bbox 3711 5629 3806 5698; x_wconf 79' lang='grc' dir='ltr'><strong>μὲν</strong></span> <span class='ocrx_word' id='word_1_862' title='bbox 3837 5627 3934 5684; x_wconf 73' lang='grc' dir='ltr'>ταῖς</span> 
     </span>
    </p>
   </div>
   <div class='ocr_carea' id='block_1_121' title="bbox 2415 5713 3930 5794">
    <p class='ocr_par' dir='ltr' id='par_1_121' title="bbox 2415 5713 3930 5794">
     <span class='ocr_line' id='line_1_121' title="bbox 2415 5713 3930 5794; baseline -0.007 -18"><span class='ocrx_word' id='word_1_863' title='bbox 2415 5724 2724 5788; x_wconf 83' lang='grc' dir='ltr'>Καλένδαις,</span> <span class='ocrx_word' id='word_1_864' title='bbox 2760 5724 2819 5776; x_wconf 76' lang='grc' dir='ltr'><strong>τὸ</strong></span> <span class='ocrx_word' id='word_1_865' title='bbox 2863 5724 2918 5776; x_wconf 86' lang='grc' dir='ltr'>δὲ</span> <span class='ocrx_word' id='word_1_866' title='bbox 2974 5725 3253 5794; x_wconf 72' lang='grc' dir='ltr'>ἱστάμενον</span> <span class='ocrx_word' id='word_1_867' title='bbox 3296 5723 3371 5792; x_wconf 84' lang='grc' dir='ltr'>τῷ</span> <span class='ocrx_word' id='word_1_868' title='bbox 3419 5723 3527 5793; x_wconf 80' lang='grc' dir='ltr'>πρὸ</span> <span class='ocrx_word' id='word_1_869' title='bbox 3558 5720 3774 5780; x_wconf 71' lang='grc' dir='ltr'>Νωνίῦν,</span> <span class='ocrx_word' id='word_1_870' title='bbox 3813 5713 3930 5768; x_wconf 73' lang='grc' dir='ltr'>τὸδὲ</span> 
     </span>
    </p>
   </div>
   <div class='ocr_carea' id='block_1_122' title="bbox 2417 5810 3934 5886">
    <p class='ocr_par' dir='ltr' id='par_1_122' title="bbox 2417 5810 3934 5886">
     <span class='ocr_line' id='line_1_122' title="bbox 2417 5810 3934 5886; baseline -0.001 -23"><span class='ocrx_word' id='word_1_871' title='bbox 2417 5815 2502 5864; x_wconf 66' lang='grc' dir='ltr'>ἐπὶ</span> <span class='ocrx_word' id='word_1_872' title='bbox 2533 5814 2656 5868; x_wconf 83' lang='grc' dir='ltr'>δέκα</span> <span class='ocrx_word' id='word_1_873' title='bbox 2696 5814 2768 5884; x_wconf 74' lang='grc' dir='ltr'><strong>τῷ</strong></span> <span class='ocrx_word' id='word_1_874' title='bbox 2800 5815 2896 5886; x_wconf 68' lang='grc' dir='ltr'><strong>πρὸ</strong></span> <span class='ocrx_word' id='word_1_875' title='bbox 2925 5814 3200 5880; x_wconf 79' lang='grc' dir='ltr'>Εῐδῶν,’τὸ</span> <span class='ocrx_word' id='word_1_876' title='bbox 3225 5813 3278 5866; x_wconf 80' lang='grc' dir='ltr'>δὲ</span> <span class='ocrx_word' id='word_1_877' title='bbox 3312 5813 3491 5886; x_wconf 63' lang='grc' dir='ltr'>φθῖνον</span> <span class='ocrx_word' id='word_1_878' title='bbox 3521 5812 3596 5884; x_wconf 76' lang='grc' dir='ltr'>τῷ</span> <span class='ocrx_word' id='word_1_879' title='bbox 3619 5811 3716 5880; x_wconf 70' lang='grc' dir='ltr'><strong>πρὸ</strong></span> <span class='ocrx_word' id='word_1_880' title='bbox 3747 5810 3934 5864; x_wconf 65' lang='grc' dir='ltr'>Κελεν-</span> 
     </span>
    </p>
   </div>
  </div>
